4102 6338
520 575 3262 625 Μ

1387 761 1553 832 Δηιὴο
1595 789 1814 833 nouus:
1852 792 2050 834 pecco.

1058 1014 2340 1220 JOSEPPUS

1408 1556 1994 1676 NOTITIA

1030 1826 1339 1889 (Bibliotheca
1356 1812 1679 1883 ςαιιαηιίίωπά,
1707 1832 1820 1874 tom.
1841 1825 1963 1883 xw,
1993 1824 2184 1887 Proleg.
2214 1839 2261 1887 p.
2296 1826 2385 1886 m.)

218 2187 257 2240 i.
277 2185 382 2240 Nec
413 2184 543 2254 quis
566 2184 745 2249 fuerit,
776 2199 873 2239 nec
897 2178 1003 2253 quo
1030 2186 1148 2240 loco
1163 2186 1245 2240 vel
1267 2194 1503 2255 tempore
1526 2186 1716 2242 vixerit
1736 2186 2021 2253 Ioseppus,
2044 2186 2157 2238 sive
2176 2183 2459 2253 Iosephus,
2490 2184 2610 2238 libri
2637 2184 3018 2253 hypomnestici
3058 2191 3266 2248 auctor.

160 2272 393 2325 convenit
427 2271 573 2324 inter
600 2270 887 2339 soriptores
919 2288 933 2324 :
967 2279 1023 2323 ut
1046 2271 1177 2324 nihil
1204 2271 1375 2325 dicam
1398 2272 1462 2326 de
1490 2271 1661 2325 Cavaii
1684 2272 1965 2333 sententia,
1996 2269 2351 2325 existimantis
2382 2284 2445 2322 ex
2467 2270 2624 2323 titulo
2647 2271 2840 2337 capitis
2860 2271 3017 2338 primi
3038 2270 3269 2325 fortasse

159 2358 218 2407 ad
249 2356 552 2425 marginem
594 2355 838 2423 ascripti,
872 2370 978 2422 quo
1011 2354 1270 2423 Iosephus
1296 2357 1550 2411 Hebraeus
1590 2358 1733 2412 illius
1754 2356 2053 2425 argumenti
2079 2363 2332 2408 tractator
2367 2354 2720 2416 indicabatur,
2751 2354 2946 2406 factum
2977 2354 3142 2407 fuisse
3171 2356 3267 2407 ho-

159 2439 273 2489 mini
299 2437 525 2505 Iosephi
562 2452 775 2500 nomen,
823 2440 909 2492 cui
933 2449 1111 2507 postea
1143 2441 1206 2493 ad
1246 2441 1528 2495 discrimen
1559 2440 1724 2495 Iudaei
1765 2441 2047 2497 adhaeserit
2077 2441 2362 2496 Christiani
2402 2442 2702 2508 appellatio.
2748 2438 3025 2494 Fabricius
3060 2441 3133 2507 (η)
3166 2455 3267 2493 non

152 2533 255 2573 ante
285 2522 470 2574 menti
512 2537 565 2574 ιι
597 2522 792 2574 exitum
818 2524 1013 2578 vixisse
1064 2526 1386 2592 suspicatur,
1413 2541 1476 2579 ex
1512 2541 1630 2594 cap.
1663 2526 1782 2586 156,
1815 2527 1867 2579 in
1897 2541 2003 2593 quo
2035 2525 2345 2595 Hippolytus
2378 2522 2663 2583 Thebanus
2689 2524 2924 2576 aﬂ‘ertur.
2950 2524 3168 2577 Cavaeus
3193 2525 3265 2590 (ὁ)

155 2605 298 2658 refert
323 2609 389 2659 ad
415 2622 623 2660 annum
658 2608 856 2661 Christi
885 2609 1009 2661 420.
1044 2608 1358 2664 Gallandius
1383 2608 1561 2664 noster
1593 2613 1647 2664 in
1684 2613 1795 2665 suis
1822 2610 2143 2663 adversariis
2180 2609 2510 2676 consignavit
2544 2609 2609 2661 ad
2639 2624 2835 2660 annum
2876 2608 3074 2661 Christi
3109 2608 3263 2659 1000.

149 2688 212 2741 ει
233 2690 471 2745 Fabricii
516 2691 818 2760 prmfatione
842 2704 1050 2747 constat
1080 2694 1343 2747 Oudinum
1370 2695 1672 2748 confudisse
1697 2709 1968 2762 perperam
1992 2694 2275 2761 Iosephum
2318 2702 2555 2747 nostrum
2603 2709 2723 2748 cum
2753 2694 3036 2759 Gorjonide
3063 2710 3076 2744 :
3104 2693 3260 2744 Lam-

150 2773 339 2827 becium
382 2778 521 2830 item
565 2777 697 2841 falli,
737 2779 828 2845 qui
872 2779 939 2832 ad
979 2778 1266 2847 Iosepbum
1308 2779 1543 2832 Flavium
1584 2778 1848 2846 pertinere
1888 2785 2054 2843 putat.
2095 2777 2336 2838 Cavaeus,
2383 2778 2497 2830 loco
2534 2778 2641 2844 jam
2684 2778 2936 2837 excitato,
2983 2777 3264 2842 aliquando

146 2858 376 2911 eumdem
401 2875 538 2913 cum
574 2858 806 2929 Iosepho
830 2862 1140 2927 Tiberiensi,
1172 2864 1235 2916 ab
1269 2863 1561 2931 Epiphanio
1586 2870 1875 2915 memorato
1904 2863 1997 2929 (c).
2043 2861 2191 2913 illum
2230 2876 2287 2912 se
2325 2860 2513 2913 fecisse
2547 2861 2849 2912 conﬁtetur.
2883 2860 3052 2913 Tanta
3087 2861 3264 2911 erudi-

146 2950 306 2994 torum
340 2943 574 2998 dissidia
613 2946 764 2999 nobis
795 2961 1006 3014 quoque
1041 2948 1104 3000 de
1133 2949 1373 3011 veritate,
1408 2948 1454 3000 s'i
1509 2947 1619 3000 ﬁeri
1654 2955 1846 3013 potest,
1900 2945 2204 3013 inquirendi
2234 2944 2536 2998 facultatem
2572 2944 2828 3012 prabeut.
2857 2944 2935 2995 Ex
2967 2944 3082 3011 ipso
3106 2944 3264 3011 igitur

143 3021 363 3094 Iosepbo
384 3043 507 3081 rem
532 3029 824 3083 extundere
851 3031 1106 3095 nitamur,
1135 3042 1191 3085 ut
1214 3032 1418 3100 aliquid
1448 3032 1635 3085 saltem
1664 3030 1999 3100 plausibilius
2026 3030 2201 3083 dicere
2230 3044 2508 3097 queamus.

202 3131 263 3183 ll.
292 3134 507 3187 Auctor
538 3135 717 3202 itaque
755 3146 932 3190 noster
972 3138 1142 3205 capite
1179 3137 1355 3191 statim
1398 3138 1570 3205 primo
1607 3137 1706 3192 sub
1743 3153 1890 3190 num.
1920 3137 2005 3201 l5,
2050 3136 2254 3195 scribit,
2286 3135 2351 3187 de
2378 3133 2573 3197 Phaleg
2615 3136 2836 3200 loquens
2870 3151 2883 3185 :
2930 3133 3261 3200 Πληροῦνται

144 3214 220 3261 ἐπ’
245 3216 406 3267 αὐτὸν
432 3218 550 3269 ἀπὸ
587 3218 755 3287 Ἀδὰμ
776 3220 867 3289 ἔτη
890 3237 959 3289 [τ’
985 3221 1118 3274 ὥστε
1147 3216 1282 3273 εἶναι
1308 3221 1367 3272 τὸ
1394 3223 1561 3290 ἣμισυ
1594 3218 1687 3272 τοῦ
1714 3224 1897 3290 χρόνου
1930 3223 2025 3291 τῆς
2055 3220 2329 3289 παρούσης
2352 3223 2407 3271 ὲν
2426 3220 2569 3283 ἑξάδι
2595 3220 2838 3287 χιλιάδων
2865 3223 3260 3282 καταστάσεως.

139 3294 474 3364 σοιῳιεηιω·
497 3303 552 3354 in
582 3318 643 3354 eo
676 3304 739 3354 ab
775 3305 937 3377 Adam
979 3307 1105 3357 anni
1152 3307 1306 3364 5000.
1342 3308 1484 3358 itaut
1516 3306 1669 3373 fuerit
1710 3292 1982 3357 dimidium
2019 3305 2252 3370 temporis
2285 3303 2545 3370 prwsentis
2580 3306 2801 3369 compari
2830 3305 2881 3355 in
2911 3307 3112 3357 senario
3148 3306 3264 3357 mil-

144 3378 482 3435 lcun'orum.
527 3384 805 3437 Scribebat
854 3387 1013 3453 igitur
1036 3386 1302 3454 Iosephus
1346 3388 1483 3440 intra
1522 3397 1726 3441 sextum
1768 3390 1941 3441 adhuc
1977 3388 2351 3450 millenarium,
2398 3395 2556 3454 atque
2593 3395 2651 3438 ut
2699 3402 2817 3439 cum
2870 3389 3097 3441 maxime
3122 3405 3261 3451 sero,

140 3466 311 3519 ultimo
359 3468 550 3534 ipsius
603 3471 737 3523 sexti
784 3470 1062 3524 millenarii
1099 3486 1259 3523 anno.
1300 3471 1432 3523 Cum
1482 3487 1640 3539 porro
1666 3472 1831 3525 Graeci
1875 3488 1940 3525 ex
1972 3487 2078 3524 aera
2110 3486 2205 3525 sua
2244 3471 2516 3541 historica,
2558 3473 2710 3538 cujus
2734 3482 2921 3525 auctor
2954 3473 3260 3539 Africanus,

137 3551 352 3604 natalem
382 3553 601 3606 Christi
626 3555 932 3621 consignent
953 3556 1020 3609 ad
1052 3570 1247 3608 annum
1281 3555 1463 3609 mundi
1504 3556 1659 3619 5500,
1694 3572 1917 3625 eamque
1949 3558 2208 3623 epoeham
2250 3556 2496 3610 octennio
2526 3557 2761 3624 vulgaris
2794 3572 2931 3623 pone
2964 3569 3255 3626 sequatur;

139 3636 262 3689 unde
302 3653 334 3690 a
368 3638 533 3691 civili
570 3641 875 3694 earumdem
906 3639 1208 3695 Graecorum
1242 3656 1343 3693 aera
1376 3641 1513 3695 idem
1556 3642 1745 3695 natalis
1780 3641 1977 3694 Christi
2022 3642 2137 3694 dies
2178 3641 2243 3693 ad
2281 3642 2858 3709 annumveonsiguatur
2893 3645 3073 3694 mundi
3106 3643 3259 3705 5508,

136 3723 493 3789 consequitur
528 3721 819 3791 Iosephum
846 3726 1125 3792 scripsisse
1148 3725 1211 3778 ad
1240 3740 1504 3779 summum
1545 3740 1685 3779 anno
1707 3726 1901 3780 Christi
1930 3726 2051 3792 492,
2086 3736 2177 3779 ant
2206 3729 2250 3779 si
2272 3727 2439 3780 mavis
2466 3727 2617 3793 sequi
2649 3725 2911 3779 Panodori
2938 3742 3095 3778 seram
3122 3728 3264 3779 Grae-

132 3815 304 3854 corum
344 3808 810 3870 ecclesiasticam,
848 3824 964 3875 qua:
998 3819 1180 3861 natum
1214 3811 1407 3863 asserit
1432 3810 1722 3864 Christum.
1746 3826 1885 3864 anno
1926 3814 2104 3865 mundi
2137 3812 2293 3876 5494,
2324 3814 2594 3879 scripserit
2634 3812 2893 3879 Iosephus
2923 3823 3099 3864 noster
3125 3828 3261 3863 anno

128 3901 234 3937 erat
260 3889 518 3953 vulgaris
550 3890 673 3950 507,
700 3891 837 3943 sicut
866 3905 963 3944 suo
986 3893 1101 3944 loco
1126 3893 1191 3944 ad
1215 3894 1414 3945 calcem
1440 3894 1829 3947 adnotavimus.
1859 3896 1928 3948 At
1950 3898 2090 3948 enim
2120 3910 2222 3947 non
2246 3896 2575 3961 cogimur,ex
2606 3896 2760 3946 modo
2782 3896 3025 3959 loquendi
3045 3895 3259 3960 Iosephi

132 3985 314 4023 annum
349 3974 602 4041 praecise
630 3975 995 4038 determinare,
1029 3976 1300 4043 multoque
1327 3977 1502 4030 minus
1531 3992 1747 4031 necesse
1772 3978 2027 4029 habemus
2050 3978 2198 4029 illum
2233 3977 2538 4028 existimare
2570 3985 2896 4042 postremum
2928 3975 3091 4028 fuisse
3121 3979 3256 4028 sexti

128 4058 430 4113 millenarii.
469 4060 629 4113 Satis
652 4068 733 4113 est
762 4060 808 4113 si
838 4061 1139 4115 necessario
1166 4076 1420 4129 cogamur
1450 4070 1663 4130 propter
1691 4062 1749 4113 τὸ
1774 4062 2044 4130 παρούσης
2071 4075 2324 4123 asserere,
2363 4060 2507 4112 illum
2537 4074 2639 4112 non
2681 4062 2815 4112 ultra
2855 4069 3057 4113 sextum
3091 4062 3261 4113 millc-

126 4144 324 4195 oarium
359 4146 696 4213 ponendum
738 4158 870 4199 esse.
906 4144 1086 4199 Potest
1110 4161 1237 4213 ergo
1274 4146 1337 4200 ad
1383 4147 1646 4215 quintum,
1686 4154 1933 4214 quartum
1973 4147 2252 4198 tertiumve
2288 4144 2537 4197 sacculum
2583 4143 2847 4207 pertinere
2894 4160 2907 4195 :
2948 4159 3051 4195 non
3085 4154 3258 4196 tamen

131 4224 346 4283 alterius
384 4236 540 4282 retas
588 4228 731 4281 illius
762 4228 971 4297 ﬁgenda
1012 4238 1110 4283 est.
1132 4228 1316 4285 Sensit
1344 4232 1502 4299 hujus
1538 4232 1645 4285 vim
1682 4230 1980 4299 argumenti
2012 4229 2250 4291 Cavaeus,
2292 4229 2445 4297 cujus
2476 4228 2606 4281 alias
2643 4228 2726 4281 hic
2776 4230 3261 4283 animadversiones

124 4312 498 4375 subjiciemus.

180 4427 263 4480 Ill.
294 4427 586 4482 Ultimam
614 4445 773 4497 quam
796 4441 1051 4486 memorat
1074 4434 1319 4487 haeresim
1344 4434 1626 4501 Iosephus,
1661 4438 1742 4486 est
1777 4416 2388 4498 Ambropomorphitiea.
2426 4430 2496 4480 Ea
2522 4445 2680 4496 porro
2713 4430 2869 4495 carpit
2899 4429 3037 4480 circa
3066 4443 3260 4479 annum

126 4509 301 4563 Christi
334 4514 471 4565 399.
524 4514 807 4567 Pertineat
829 4516 991 4583 igitur
1024 4515 1285 4584 Iosephus
1314 4526 1489 4570 noster
1529 4519 1628 4570 hoc
1652 4515 1862 4584 quidem
1888 4524 2196 4579 argumento
2216 4517 2280 4567 ad
2304 4516 2451 4566 initia
2484 4514 2660 4564 smculi
2703 4514 2897 4579 quinti.
2926 4513 3108 4564 Obvia!
3143 4513 3264 4563 huic

46 4582 47 4629 ἦ
128 4605 432 4661 argumento
458 4596 759 4650 Fabricius
775 4582 871 4665 (tl),
892 4599 1134 4665 inquiens
1149 4582 1384 4666 potuisse
1398 4582 1684 4667 Iosephum
1699 4613 1799 4649 non
1823 4597 1955 4650 ultra
1988 4596 2265 4649 hrereticos
2294 4597 2464 4663 quarti
2479 4597 2962 4669 saeculicxcurrcrc,
2990 4596 3127 4662 quod
3148 4595 3263 4662 Epi-

129 4679 366 4737 phanium
392 4682 474 4733 ob
495 4680 699 4733 oculos
723 4681 987 4734 habuerit.
1020 4680 1121 4734 Sed
1148 4697 1303 4749 quam
1328 4682 1506 4751 jejuna
1534 4693 1587 4735 et
1619 4682 1806 4749 frigida
1840 4682 1949 4734 haec
1979 4682 2115 4733 ratio
2140 4682 2226 4743 sit,
2261 4695 2411 4734 nemo
2440 4696 2540 4731 non
2576 4681 2735 4733 sentit
2764 4682 2814 4731 in
2849 4681 3059 4733 homine
3078 4682 3254 4734 srcculi

130 4755 307 4826 leam
351 4764 743 4821 senescentis.
776 4764 927 4829 enjns
958 4764 1256 4817 institutum
1290 4765 1359 4819 sit
1401 4765 1655 4825 libellum.
1685 4767 1796 4820 sive
1837 4766 2251 4832 promptuarinm
2286 4766 2350 4819 ad
2386 4766 2693 4818 memoriam
2736 4781 2909 4817 rerum
2960 4768 3263 4833 hujusmodi

122 4850 483 4902 conscribere.
537 4848 633 4897 An
664 4861 737 4899 ιι.
768 4846 829 4898 C.
857 4845 1130 4900 Fabricius
1154 4847 1501 4917 Epiphanium
1533 4851 1634 4903 sibi
1666 4853 1737 4904 ob
1765 4853 1948 4906 oculos
1979 4854 2345 4920 proposuisset
2388 4853 2487 4903 hac
2512 4861 2681 4912 aetate,
2728 4851 2772 4903 si
2816 4851 3048 4903 laborem
3098 4852 3259 4902 illius-

128 4931 243 4982 modi
276 4933 495 4987 fuisset
513 4930 1002 4999 aggressus?Num
1028 4932 1185 4985 etiam
1217 4942 1371 5001 caput
1408 4936 1775 5001 conclusisset,
1815 4946 1872 4989 ut
1902 4936 2168 5005 Iosephus
2201 4938 2343 4997 facit,
2378 4937 2653 5002 inquiens:
2693 4935 2783 4986 Ηηι
2816 4946 2930 4987 sunt
2959 4952 3075 5001 ergo
3100 4936 3258 4985 Iuvre~

126 5028 184 5063 ιρι
212 5030 324 5081 qua:
354 5027 572 5068 contra
602 5024 839 5067 sanctam
871 5016 1153 5068 Ecclesium
1192 5028 1317 5069 ortae
1350 5019 1510 5071 sunt?
1541 5019 1775 5083 Accedit,
1806 5021 1941 5086 quod
1972 5019 2233 5086 Iosephus
2260 5020 2392 5071 duas
2428 5026 2624 5070 tantum
2658 5030 2707 5071 et
2737 5020 3006 5085 sexaginta
3046 5021 3263 5069 Inui-eses

124 5108 537 5163 commemorat,
595 5098 924 5165 Epiphanius
958 5114 1082 5151 vero
1109 5102 1395 5167 octoginta.
1434 5102 1759 5170 Epiphanius
1812 5106 2121 5155 Ancoratum
2190 5118 2365 5163 suum,
2396 5112 2450 5155 ut
2477 5113 2620 5154 notat
2645 5103 2753 5170 ipse
2778 5104 3063 5161 Fabricius.
3098 5098 3261 5163 scrip-

125 5184 248 5234 sttA.
270 5182 333 5236 C.
357 5184 508 5247 373,
557 5184 796 5249 ideoque
821 5198 950 5235 mn
976 5193 1033 5238 et
1062 5184 1201 5251 quad
1226 5186 1481 5248 excurrit,
1524 5201 1695 5243 annos
1735 5198 1856 5242 ante
1883 5194 2029 5239 ortos
2065 5187 2632 5254 Anthropomorphitas
2672 5204 2735 5241 ex
2778 5189 2947 5240 (λλνωὶ
2987 5181 3261 5237 sententia.

126 5264 219 5319 fieri
245 5270 427 5337 potuit
452 5282 610 5336 ergo
647 5267 715 5319 ob
743 5268 925 5323 oculos
957 5269 1147 5323 habere
1167 5270 1547 5337 Epiphaniam:
1581 5288 1679 5325 nec
1710 5273 1849 5325 ultra
1882 5284 2037 5338 quam
2066 5270 2128 5321 ad
2161 5269 2367 5321 initium
2407 5270 2587 5323 saeculi
2614 5271 2784 5337 quinti
2817 5270 3091 5335 pertinere.

181 5464 247 5527 (α)
278 5466 340 5517 B.
373 5463 444 5518 ϐ.
488 5473 648 5513 tom.
671 5459 727 5528 AX
759 5474 877 5525 pag.
909 5460 1019 5515 109.
1048 5472 1099 5515 et
1130 5464 1181 5517 in
1211 5462 1339 5516 Cod.
1372 5462 1560 5517 Pseud.

1048 5472 1099 5515 et
1130 5464 1181 5517 in
1211 5462 1339 5516 Cod.
1372 5462 1560 5517 Pseud.
1842 5460 2070 5528 (ε)μ11;ιιι·.
2101 5476 2223 5518 xxx,
2258 5476 2401 5528 num.
2432 5461 2485 5521 4,
2517 5474 2658 5523 seqq.

173 5526 241 5601 (Vb)
274 5533 339 5587 11,
373 5532 443 5586 1,,
482 5543 632 5598 pag.
662 5526 783 5577 257.
1845 5526 1917 5595 (τι)
1950 5529 2009 5579 Β.
2049 5528 2109 5579 G.
2143 5538 2267 5579 tom.
2310 5526 2408 5587 VII,
2434 5542 2549 5592 pag.
2582 5527 2697 5577 421.

416 5627 713 5682 PATROL.
752 5618 860 5674 tiu.
894 5617 1042 5675 CVI.
2818 5613 2860 5669 ι
