4102 6338
784 339 788 342 -
824 296 885 361 ll
2194 303 2404 368 IOSEP

2325 305 2585 363 EPPUS.
3884 309 3945 369 12

882 411 969 466 ιν.
1010 412 1167 467 Addit
1193 411 1435 478 Cavaeus,
1476 413 1622 466 illum
1676 413 1919 482 nuspiam
1955 413 2278 470 Nestociana:
2310 417 2526 471 haeresis
2554 416 2882 471 mentionem
2907 417 3099 482 facere,
3129 434 3232 473 non
3263 419 3314 473 in
3337 420 3595 490 catalogo,
3641 436 3742 476 non
3792 420 3941 477 alibi.

775 511 784 516 ·
812 496 942 561 Quae
964 512 1083 549 cum
1110 508 1224 549 orla
1255 498 1324 550 sit
1354 498 1420 548 Α.
1457 498 1517 549 C.
1547 497 1668 560 418,
1693 500 1769 551 vel
1802 508 1855 550 ut
1880 499 2052 552 serius
2084 499 2207 559 419,
2234 502 2475 569 cogimur
2505 501 2626 554 inde.
2643 510 2852 554 aetatem
2876 501 3017 556 illius
3039 503 3226 558 iterum
3247 519 3352 557 non
3373 505 3507 558 ultra
3539 506 3685 558 initia
3717 508 3891 562 επιξυΙί
3912 523 3944 562 v

812 582 1113 633 detrudere.
1151 582 1404 648 Equidem
1449 579 1714 634 fatendum
1749 583 1798 634 in
1832 582 1933 635 fine
1970 597 2087 649 cap.
2124 584 2223 638 139
2257 585 2392 637 inter
2424 585 2704 638 haereticos
2727 588 3130 639 commemorari
3167 586 3540 650 Hominicolas,
3583 602 3684 655 quo
3729 591 3945 642 nomine

807 661 1109 716 Nestoriani
1138 665 1337 716 censeri
1370 675 1606 730 possunt.
1639 665 1738 718 Sed
1768 665 2070 732 hujusmodi
2100 667 2407 734 appellatio,
2436 671 2560 736 quia
2601 679 2860 738 quantum
2905 671 3121 722 memini
3165 671 3270 724 nisi
3311 671 3452 738 apud
3487 671 3744 738 quosdam
3779 672 3942 726 medii

813 749 906 799 sevi
936 749 1219 815 scriptores
1244 749 1492 812 occurrit,
1518 751 1805 804 assumenti
1837 752 2114 820 cujusdam
2146 767 2243 807 nos
2268 752 2422 809 facile
2457 757 2506 807 in
2550 755 2910 823 suspicionem
2937 755 3195 809 adducere
3224 763 3414 823 potest.
3451 753 3572 808 Hrec
3603 755 3937 824 potissimum

813 846 875 883 ex
909 833 1116 884 Cav-eo.

885 934 944 986 V.
980 937 1262 991 Possumus
1291 947 1340 990 et
1361 939 1492 1007 alias
1523 941 1804 994 nonnullas
1833 941 2323 996 animadversiones
2348 943 2634 1010 subjicere.
2661 941 2847 1011 Capite
2865 943 2934 997 25
2969 953 3205 1008 recenset
3235 953 3420 997 auctor
3448 945 3615 997 libros
3654 945 3941 998 canonicos

807 1021 876 1072 ν.
915 1019 973 1072 T.
995 1036 1187 1089 eosque
1221 1032 1497 1075 enumerat
1537 1040 1664 1087 xxii,
1703 1039 1805 1078 non
1841 1029 2120 1080 recensitis
2151 1027 2462 1079 nominatim
2508 1025 2946 1093 Paralipomenis;
2988 1027 3121 1081 forte
3149 1030 3272 1095 quia
3305 1030 3404 1081 sub
3433 1027 3661 1097 Regibus
3702 1044 3944 1096 compre-

809 1105 1125 1156 hendantur.
1167 1106 1240 1157 Ea
1269 1120 1426 1172 porro
1461 1108 1774 1159 numerandi
1820 1109 1961 1162 ratio
1985 1109 2237 1162 vetustior
2257 1120 2356 1172 est,
2386 1125 2544 1176 quam
2568 1112 2816 1164 szeeulum
2840 1127 2873 1164 x
2905 1112 2983 1165 vel
3013 1127 3085 1174 xl,
3121 1113 3227 1164 imo
3254 1113 3550 1166 communis
3590 1114 3642 1164 in
3677 1112 3941 1179 prioribus

810 1187 1057 1240 Ecclesiae
1081 1189 1310 1250 saeculis,
1338 1197 1390 1241 et
1415 1191 1671 1242 vetustior
1698 1191 1868 1244 adhuc
1897 1206 2054 1252 penes
2084 1191 2348 1245 llebraros.
2375 1194 2506 1245 Nam
2545 1210 2608 1247 ex
2655 1193 2884 1262 Josepho
2928 1196 3003 1264 (a)
3048 1210 3110 1248 eo
3149 1210 3370 1247 numero
3409 1196 3528 1247 olim
3577 1197 3641 1247 ab
3685 1195 3940 1248 lsraelitis

807 1271 1178 1333 censebantur,
1205 1287 1301 1338 pro
1321 1287 1539 1325 numero
1559 1273 1796 1327 videlicet
1827 1275 2142 1329 Litterarum
2165 1275 2536 1330 liebraicarum
2567 1296 2580 1331 :
2607 1269 2743 1345 quod
2768 1281 2924 1332 etiam
2953 1294 3016 1333 ex
3041 1278 3264 1348 Origene
3291 1279 3796 1332 autumatEusebius
3824 1280 3894 1340 (b)
3923 1295 3936 1330 :

812 1355 942 1407 Sunt
997 1365 1164 1408 autem
1209 1373 1314 1409 xxii
1345 1357 1466 1408 libri
1490 1359 1644 1425 juxta
1682 1360 1945 1412 Ilebrteos.
1985 1361 2171 1414 Postea
2197 1375 2320 1414 vero
2344 1361 2481 1428 apud
2511 1363 2763 1416 recutitos
2791 1363 3036 1426 obtinuit,
3065 1374 3122 1415 ut
3161 1378 3222 1416 ex
3249 1364 3466 1429 repetita
3497 1372 3575 1416 ter
3612 1364 3779 1416 littera
3811 1363 3935 1422 Jod.

813 1440 992 1505 viginti
1007 1448 1233 1505 quatuor
1253 1456 1469 1492 numera
1479 1451 1677 1506 rentur,
1697 1458 1799 1508 quo
1817 1446 1973 1496 etiam
1993 1445 2198 1498 nomine
2215 1447 2327 1495 κατ’
2341 1445 2527 1512 ἐξοχὴν
2542 1445 2799 1512 hodieque
2818 1454 2981 1500 totum
3003 1461 3193 1513 corpus
3212 1445 3455 1497 biblicum
3473 1459 3623 1498 suum
3638 1446 3932 1512 appellant:

808 1526 1111 1578 sicutetiam
1140 1513 1614 1593 apudChristianos
1637 1527 1889 1592 quosdam
1911 1529 2221 1595 interpretes
2247 1530 2546 1594 capiuntur,
2581 1531 3087 1596 exinterpretatione
3119 1546 3237 1582 xxiv
3266 1529 3530 1582 seniorum
3556 1529 3619 1580 de
3645 1530 3834 1595 quibus
3874 1530 3939 1580 fit

809 1607 1002 1658 mentio
1022 1607 1073 1658 in
1093 1607 1424 1675 Apocalypsi.
1447 1609 1658 1660 Accedit
1676 1611 2068 1662 nomenclalura
2091 1613 2392 1664 eorumdem
2409 1613 2660 1665 librorum
2682 1615 2818 1680 apud
2835 1613 3117 1680 Josephum
3146 1622 3402 1675 nostrum,
3423 1627 3537 1680 qua:
3554 1611 3820 1678 Origenem
3840 1627 3938 1677 pn-

807 1693 1069 1744 tissimnm
1106 1692 1376 1759 exprimit,
1416 1706 1471 1745 ut
1513 1694 1756 1759 liquetex
1805 1710 1859 1746 ιι.
1914 1696 1997 1756 10,
2047 1695 2132 1748 ubi
2181 1696 2367 1749 tertius
2398 1704 2722 1764 quartusque
2756 1696 2956 1765 Regum
2999 1697 3327 1763 appellantur
3381 1696 3694 1749 Vammelech
3721 1695 3889 1748 David
3916 1711 3936 1747 :

805 1779 947 1844 quod
986 1778 1164 1830 itidem
1205 1780 1255 1830 in
1297 1777 1412 1830 loco
1459 1779 1620 1832 citato
1651 1778 1861 1832 Eusebii
1891 1780 2141 1834 occurrit.

875 1887 962 1939 Vl.
993 1886 1122 1939 Dum
1155 1885 1416 1955 Josephus
1445 1887 1756 1955 interpretes
1786 1888 2075 1956 Scripturte
2095 1890 2248 1944 ati‘ert
2284 1891 2374 1962 (cl,
2413 1889 2701 1944 Lucianum
2728 1904 2831 1943 non
2866 1898 3261 1951 commemorat,
3293 1888 3442 1956 cujus
3470 1888 3642 1945 versio
3689 1888 3934 1941 Nicome-

805 1972 904 2024 dia:
930 1972 1064 2038 apud
1082 1971 1295 2024 Judteos
1319 1971 1416 2024 sub
1437 1971 1783 2024 Constantino
1815 1972 1882 2024 Μ.
1918 1984 2117 2040 reperta
2150 1983 2255 2038 est,
2283 1984 2405 2027 ante
2433 1991 2629 2027 annum
2656 1972 2854 2026 Christi
2874 1973 2995 2036 337,
3026 1985 3131 2039 quo
3149 1972 3528 2025 Constantinus
3559 1969 3677 2025 fatis
3713 1985 3931 2024 conces-

805 2053 988 2108 sitJEa
1008 2070 1165 2124 porro
1197 2056 1581 2123 interpretatio,
1610 2065 1740 2109 teste
1768 2055 2086 2124 Hieronymo
2125 2058 2221 2126 (ιι),
2268 2059 2405 2126 apud
2448 2075 2617 2110 omnes
2661 2057 2950 2111 Orientales
3000 2054 3256 2108 Ecclesias
3303 2055 3365 2107 ab
3409 2055 3679 2107 Antiochia
3715 2054 3931 2108 CPotim

803 2155 958 2206 usque
979 2139 1269 2191 obtinebat.
1300 2139 1396 2190 Vix
1420 2152 1545 2204 ergo
1577 2140 1718 2204 credi
1758 2149 1927 2206 potest
1953 2141 2227 2207 ignorasse
2263 2141 2549 2207 Josepbnm
2575 2143 2838 2194 celebrem
2858 2141 2989 2193 adeo
3012 2140 3380 2205 vnlgatamque
3408 2138 3921 2206 interpretationem,

805 2225 886 2275 sin
915 2223 1088 2274 minus
1115 2222 1293 2274 statim
1325 2222 1392 2273 ab
1426 2221 1641 2273 inventu
1675 2223 1812 2288 ejus,
1845 2231 1988 2274 certe
2018 2231 2295 2289 postquam
2329 2232 2406 2275 tot
2438 2224 2699 2276 Ecciesias
2727 2223 3054 2289 pervaserat,
3086 2223 3128 2275 si
3153 2228 3284 2274 adeo
3306 2221 3391 2274 ille
3415 2235 3534 2274 sero
3571 2221 3836 2273 ﬂoruisset
3872 2230 3934 2272 ut

781 2307 1077 2360 Fabricius
1113 2307 1214 2359 sibi
1237 2307 1366 2359 velle
1397 2305 1619 2359 videtur.
1659 2307 1806 2359 Adde
1833 2307 1978 2359 illuni
2003 2307 2158 2360 codd.
2185 2307 2472 2376 Scriptura:
2500 2321 2654 2359 usum
2676 2306 2841 2359 fuisse
2865 2306 3086 2357 nimium
3123 2304 3408 2371 corruptis,
3445 2304 3582 2370 quod
3608 2304 3792 2371 utique
3820 2317 3928 2355 non

807 2391 1019 2444 fecisset
1041 2399 1157 2458 post
1185 2389 1504 2443 Lucianeam
1551 2389 1857 2444 editionem.
1885 2389 1972 2442 'Ex
2001 2391 2082 2443 his
2111 2391 2247 2442 haud
2279 2392 2346 2445 ab
2389 2405 2446 2443 re
2469 2390 2714 2458 scriptori
2748 2399 2932 2442 nostro
2967 2389 3218 2442 smeulum
3265 2393 3509 2453 quartum
3553 2386 3930 2451 assignaveris.

880 2499 980 2551 ΠΙ.
1016 2498 1373 2552 ϐοιιίὶιιιιειιιιι·
1397 2499 1508 2552 haec
1542 2499 1712 2550 aetatis
1742 2498 1855 2566 ejus
1880 2498 2079 2566 epoeha
2114 2514 2175 2551 ex
2214 2513 2277 2552 eo
2307 2499 2448 2568 quod
2474 2513 2500 2552 c

2307 2499 2448 2568 quod
2474 2499 2646 2565 capite
2683 2496 2794 2549 150‘
2817 2496 3053 2548 ultimam
3091 2493 3508 2562 persecutionem
3538 2490 3786 2544 Ecclesiae
3808 2491 3924 2542 illa-

805 2595 910 2638 tam
941 2592 1320 2636 commemorat
1353 2585 1452 2636 sub
1479 2573 1691 2635 Juliano
1725 2583 1976 2649 Apostata
2007 2584 2315 2650 contigisse,
2340 2583 2584 2636 videlicet
2620 2582 2768 2633 circa
2799 2582 2863 2633 A.
2889 2578 2948 2631 C.
2977 2578 3097 2630 562.

877 2687 1002 2742 Vill.
1042 2686 1288 2741 Nonnihil
1313 2687 1471 2740 etiam
1506 2687 1781 2754 scriptoris
1820 2689 1987 2740 nostri
2017 2689 2314 2753 antiquitas
2340 2687 2761 2748 commendatur,
2793 2700 2854 2738 ex
2893 2699 2955 2737 eo
2985 2687 3124 2750 quod
3150 2698 3267 2750 cap.
3324 2682 3420 2736 l50
3453 2682 3716 2735 Christum
3743 2690 3927 2734 natum

804 2775 946 2826 dicat
971 2775 1033 2825 A.
1059 2772 1124 2824 Il.
1153 2771 1309 2833 5500,
1342 2787 1455 2838 qua:
1490 2771 1729 2823 videlicet
1754 2779 1836 2825 est
1855 2770 2158 2825 Grmcorum
2186 2787 2291 2824 :nra
2316 2771 2568 2825 historica
2596 2770 2854 2832 Africani,
2887 2770 2975 2837 qui
3012 2768 3191 2831 ﬂoruit
3221 2768 3362 2821 circa
3388 2766 3450 2818 A.
3483 2767 3544 2818 C.
3575 2766 3696 2824 220.
3720 2765 3931 2817 eadem-

803 2873 909 2925 que
937 2858 1160 2908 maxime
1189 2856 1328 2908 inter
1353 2854 1688 2907 Christianos
1712 2853 1922 2908 Graecos
1945 2856 2160 2923 antiqua
2191 2871 2204 2905 :
2237 2871 2394 2923 quam
2432 2863 2659 2907 exeunte
2695 2853 2906 2907 demum
2940 2853 3131 2906 smculo
3166 2858 3354 2920 quarto
3376 2851 3473 2904 sub
3503 2849 3801 2904 Theodosio
3833 2850 3932 2900 ad-

807 2942 1016 2995 modum
1045 2937 1430 3006 lrcquentanda
1456 2937 1662 3006 excepit
1692 2951 1796 2990 tera
1820 2938 1988 2992 civilis
2010 2948 2224 3007 propter
2240 2938 2579 2993 indictiones.

876 3046 963 3100 IX.
995 3045 1140 3097 Adde
1161 3045 1390 3111 denique
1423 3057 1565 3107 eum,
1596 3044 1766 3110 capite
1797 3044 1915 3107 tu,
1960 3054 2037 3096 tot
2073 3045 2261 3098 atl‘erre
2309 3047 2568 3113 μαντειῶν
2600 3047 2743 3099 varia
2773 3059 2962 3111 genera
2997 3060 3058 3098 ac
3095 3045 3331 3108 nomina,
3370 3053 3427 3097 ut
3458 3059 3582 3099 sese
3611 3043 3922 3110 scriptorem

805 3132 995 3200 prodat
1016 3126 1448 3180 manifestissime
1477 3141 1536 3178 ea
1563 3135 1714 3179 tetate
1742 3127 2026 3191 viventem,
2048 3143 2150 3195 qua
2177 3130 2350 3182 adhuc
2373 3129 2721 3183 ethnicismus
2753 3130 2907 3198 longe
2937 3130 3140 3196 lateque
3164 3129 3526 3196 grassabatur,
3550 3136 3602 3181 et
3623 3127 3927 3193 superstitio

809 3215 1006 3284 passim
1031 3211 1319 3266 obtinebat.
1353 3207 1463 3262 Hoc
1487 3209 1553 3263 de
1590 3209 1848 3278 scriptore
1883 3214 2057 3280 quarti
2094 3227 2252 3280 quam
2280 3214 2539 3268 undecimi
2575 3214 2751 3268 saeculi
2776 3215 3100 3283 probabilius
3126 3213 3373 3267 aliirmari
3398 3220 3587 3282 potest.

878 3322 942 3371 Χ.
975 3317 1147 3372 Unum
1183 3317 1369 3369 obesse
1391 3314 1616 3376 videtur,
1647 3317 1786 3384 quod
1817 3331 1932 3384 cap.
1980 3316 2095 3370 {36.
2135 3317 2470 3387 Hippolytum
2499 3316 2809 3372 Thebanum
2831 3318 3027 3385 alleget
3058 3336 3071 3371 :
3106 3328 3170 3371 e’x
3208 3331 3312 3385 quo
3359 3324 3604 3382 appareat
3635 3312 3924 3380 Josephum

797 3406 1093 3459 inclinante
1116 3401 1310 3455 suaequ
1348 3416 1399 3452 xt
1448 3399 1709 3453 floruisse.
1740 3401 1800 3452 Et
1829 3401 1940 3453 haec
1974 3415 2102 3454 sane
2138 3407 2272 3454 ratio
2296 3411 2396 3464 est,
2425 3419 2540 3472 qua
2567 3403 2866 3458 Fabricium
2913 3419 2942 3455 a
2974 3403 3143 3456 (Σηνεί
3171 3405 3425 3453 sententia
3447 3400 3660 3452 divellit.
3692 3399 3759 3450 At
3789 3413 3928 3464 pra:-

809 3502 1049 3554 tcrquam
1075 3487 1216 3554 quod
1253 3486 1529 3538 Fabricius
1560 3485 1671 3552 ipse
1697 3487 2052 3539 subodoratus
2075 3496 2154 3540 est
2183 3491 2265 3554 (ε),
2294 3497 2453 3555 caput
2477 3489 2603 3541 illud
2628 3487 2862 3541 fortasse
2878 3485 3258 3540 assumendum
3284 3498 3399 3536 esse
3422 3483 3587 3534 aliena
3621 3496 3776 3533 manu
3798 3481 3924 3532 sub-

811 3577 1084 3641 junctum,
1114 3571 1238 3621 dum
1270 3569 1342 3621 ait
1370 3584 1382 3619 :
1410 3566 1467 3619 Si
1500 3576 1652 3630 caput
1683 3568 1782 3619 156
1814 3569 1875 3618 ab
1909 3569 2018 3633 ipso
2056 3579 2262 3622 auctore
2291 3568 2394 3632 est;
2423 3571 2522 3622 alia
2555 3571 2714 3623 etiam
2744 3571 2936 3622 fatetur
2962 3584 3076 3636 qua:
3103 3583 3164 3620 ex
3203 3581 3353 3634 aequo
3391 3564 3671 3618 illiusmodi
3706 3572 3922 3616 senten-

817 3660 943 3710 tiam
975 3665 1027 3708 et
1050 3652 1362 3722 hypothesin
1385 3660 1642 3703 evertant.
1685 3650 1758 3702 Illi
1785 3650 1926 3704 enim
1961 3653 2179 3717 perinde
2201 3665 2359 3721 atque
2394 3656 2547 3708 nobis
2575 3657 2659 3707 via
2689 3655 2914 3708 ineunda
2943 3661 3104 3717 esset,
3137 3660 3191 3704 ut
3224 3654 3355 3705 ratio
3384 3651 3632 3706 reddatur
3657 3650 3925 3722 quomodo

816 3740 1039 3812 potuerit
1068 3737 1376 3790 Theodorus
1405 3733 1825 3796 Cautuariensis,
1862 3734 1952 3802 qui
1983 3735 2115 3788 obiit
2138 3751 2277 3790 anno
2295 3738 2418 3801 690,
2449 3740 2499 3791 in
2534 3739 2773 3807 Angliam
2810 3739 3012 3807 primus
3034 3737 3277 3790 attulisse
3304 3736 3662 3804 apographum
3685 3734 3926 3788 hominis

811 3828 900 3895 qui
926 3824 1114 3880 seculo
1145 3838 1195 3876 ιι
1253 3820 1535 3874 inclinante
1564 3816 1801 3872 ﬂorebat.
1837 3819 2098 3889 Quidquid
2127 3822 2210 3875 ille
2240 3823 2591 3891 responderit,
2617 3838 2714 3877 nos
2752 3814 3025 3891 bypothesl
3059 3830 3251 3894 nostra;
3277 3819 3814 3873 accommodaremus.

869 3932 969 3986 Ἧι.
1002 3930 1102 3982 Sed
1134 3942 1314 3982 revera
1350 3937 1507 3995 caput
1538 3926 1663 3977 illud
1695 3939 1811 3977 esse
1835 3941 2040 3978 merum
2071 3927 2487 3982 additamentum
2517 3929 2689 3982 aliena
2723 3943 2883 3980 manu
2915 3936 3157 3980 assutum
3182 3926 3369 3980 exinde
3394 3925 3573 3992 liquet,
3610 3925 3746 3990 quod
3775 3940 3931 3991 supr.

811 4018 935 4072 riori
962 4018 1066 4084 jam
1086 4029 1205 4082 cap.
1235 4013 1355 4065 135.
1381 4011 1637 4065 Joannem
1669 4020 1720 4062 et
1753 4009 2062 4062 Zachariam
2093 4025 2239 4063 more
2277 4027 2372 4066 suo
2401 4013 2894 4066 eommemoraverit
2932 4030 2944 4064 :
2978 4010 3304 4065 brevissimis
3337 4023 3522 4076 nempe
3551 4010 3724 4061 verbis
3747 4017 3926 4075 ct‘pcr

812 4100 1311 4166 interrogationem;
1349 4096 1432 4148 hic
1463 4108 1587 4146 vero
1624 4099 1823 4145 mutata
1852 4093 2174 4160 epigraphes
2209 4107 2364 4146 scena
2416 4103 2468 4147 et
2494 4097 2696 4148 ratione
2723 4096 2953 4156 dicendi,
2981 4095 3286 4147 historicum
3320 4092 3762 4158 apospasmatium
3797 4105 3925 4157 pro-

811 4185 933 4236 lixis
950 4182 1032 4236 sui
1061 4180 1291 4232 auctoris
1322 4179 1498 4230 verbis
1530 4176 1767 4228 aﬂ‘ertur.
1793 4176 1902 4228 lloc
1929 4175 2216 4229 discrimen
2247 4185 2611 4230 assumentum
2643 4179 2768 4230 illud
2789 4192 2907 4230 esse
2935 4178 3142 4230 abunde
3170 4176 3343 4242 prodit
3367 4191 3379 4225 :
3405 4173 3669 4239 simulque
3694 4173 3926 4224 ostendit

813 4280 1020 4332 icinpus
1045 4262 1294 4328 descripti
1334 4260 1473 4312 illius
1501 4259 1720 4322 codicis,
1747 4267 1798 4311 et
1825 4259 1978 4326 cujus
2005 4260 2176 4313 aetatis
2207 4259 2415 4313 codices
2456 4261 2848 4327 suppeditarint
2879 4260 3222 4327 fragmentum
3267 4257 3390 4310 illud
3423 4255 3651 4323 Josepho
3697 4254 3924 4322 subjun-

807 4363 971 4415 ctmn,
994 4348 1173 4402 saeculi
1206 4360 1390 4414 nempe
1429 4361 1460 4396 x
1496 4354 1552 4396 ut
1576 4344 1857 4397 ernerus
1881 4346 1932 4396 in
1952 4345 2106 4413 prter.
2128 4360 2157 4398 a
2185 4343 2427 4398 Fabricio
2457 4345 2705 4412 allegatus
2732 4343 2992 4412 perhibet.

884 4455 988 4507 ΧΗ.
1010 4452 1082 4504 Es
1098 4453 1163 4505 iis
1175 4466 1291 4518 qua:
1309 4452 1578 4504 attulimus
1595 4451 2144 4506 animadversionibus
2163 4450 2518 4512 cum'nostris,
2543 4459 2650 4504 tum
2673 4451 2903 4503 virorum
2921 4448 3266 4509 eruditorum,
3282 4447 3476 4513 liquido
3501 4455 3734 4513 apparet,
3755 4462 3849 4499 nos
3869 4449 3925 4500 iu

809 4540 924 4593 eam
951 4536 1270 4592 sententiam
1319 4549 1483 4600 prono
1524 4536 1701 4588 animo
1734 4536 1995 4599 inclinari,
2032 4552 2150 4604 qua:
2193 4535 2481 4602 Josephum
2513 4537 2653 4589 hunc
2695 4536 3056 4588 Christianum
3086 4533 3345 4586 mediante
3372 4533 3564 4585 szeculo
3595 4540 3784 4598 quarto
3822 4533 3927 4585 llo-

811 4625 980 4677 rnisse
1007 4620 1273 4688 opinatur.
1298 4619 1363 4669 At
1385 4618 1626 4683 quisnam
1661 4619 1705 4670 is
1732 4617 1911 4681 fuerit,
1937 4622 2090 4688 longe
2119 4621 2294 4674 adhuc
2316 4620 2577 4674 difﬁcilior
2604 4632 2656 4673 et
2686 4620 2987 4687 impeditior
3014 4619 3236 4686 quastio
3258 4629 3359 4671 est.
3392 4617 3604 4670 Cavteus
3633 4617 3748 4669 loco
3770 4631 3930 4683 supc-

811 4713 918 4760 rins
930 4706 1157 4758 excitato
1173 4703 1382 4756 scribit:
1411 4700 1554 4769 Seps
1575 4701 1998 4766 olimsuspr'catus
2021 4721 2130 4755 sum
2159 4705 2290 4755 hunc
2304 4719 2400 4755 non
2418 4704 2575 4755 alium
2595 4703 3377 4771 fuisse,quamJoscphumilium
3394 4702 3816 4762 Tiberiadcnsem,
3831 4706 3927 4768 qui

797 4810 870 4845 ea:
895 4792 1192 4842 J-udtrornm
1225 4787 1474 4855 apostolo,
1500 4801 1871 4839 seu-assessore
1894 4788 2266 4850 patriarchali,
2294 4789 2461 4853 factus
2493 4798 2566 4840 est
2600 4788 2953 4849 Christianus,
2990 4799 3039 4840 et
3073 4806 3101 4838 a
3133 4787 3468 4838 Constantino
3518 4783 3589 4836 Μ.
3621 4785 3686 4835 ad
3715 4787 3924 4837 comitis

798 4875 1104 4944 dignitatem
1133 4881 1346 4923 erectus.
1379 4872 1452 4924 De
1478 4871 1624 4938 cujus
1654 4875 1973 4924 conversione
2005 4881 2053 4923 et
2085 4873 2295 4939 egregiis
2332 4889 2449 4940 erga
2491 4871 2771 4926 Elclcsiant
2798 4874 2993 4925 meritis
3026 4872 3153 4922 mira
3179 4871 3348 4935 plane.
3385 4879 3535 4935 atque
3561 4870 3687 4921 satis
3718 4871 3924 4932 Prolixe

805 4968 985 5013 narrat
1017 4955 1333 5021 Epiphanius
1368 4957 1452 5024 (Γ).
1495 4959 1534 5007 Δ
1577 4971 1670 5009 sna
1701 4965 1874 5009 tamen
1910 4959 2169 5010 sententia
2206 4958 2420 5009 recessit
2453 4957 2509 5009 V.
2543 4957 2602 5009 C.
2638 4959 2733 5010 hac
2765 4957 3009 5009 inductus
3034 4954 3454 5016 ratiocinatione.
3479 4950 3619 5007 Obiit
3651 4953 3923 5006 Conslan-

804 5047 948 5096 tinus
972 5041 1039 5092 M.
1065 5052 1202 5090 anno
1237 5039 1358 5100 351,
1387 5050 1506 5090 ante
1529 5055 1682 5105 quem
1710 5049 1853 5094 certe
1877 5041 1939 5092 ad
1962 5041 2171 5094 comitis
2199 5041 2505 5108 dignitatem
2537 5041 2728 5108 Josepb
2748 5043 2833 5094 ille
2856 5040 3178 5092 Tiberiensis
3207 5039 3356 5090 evehi
3382 5039 3580 5091 debuit.
3607 5039 3733 5091 Cum
3753 5051 3922 5102 porro

806 5130 893 5180 ille
931 5123 1219 5192 penultimo
1255 5121 1368 5174 loco
1400 5120 1828 5177 Macedonianam
1873 5125 2114 5179 haeresim
2145 5137 2542 5190 commemoret,
2589 5126 3031 5191 Macedoniusque
3062 5120 3271 5174 'obierit
3308 5135 3395 5174 an.
3430 5121 3557 5184 500,
3596 5135 3656 5174 ac
3698 5118 3923 5173 haeresis

870 5348 944 5419 (a)
978 5348 1149 5419 ιλιι),
1185 5361 1347 5404 contr.
1378 5350 1591 5416 Appian.
2483 5354 2559 5419 ((1)
2597 5353 2654 5404 1η
2689 5350 2825 5419 apol.
2853 5349 2968 5419 adv.
3005 5327 3176 5400 llulin.

874 5416 947 5480 (b)
986 5416 1051 5483 ιι.
1083 5413 1147 5467 E.
1175 5419 1260 5468 nu.
1292 5435 1358 5482 γι,
1390 5413 1437 5471 c'.
1455 5413 1556 5470 at.
2481 5413 2494 5482 (

2481 5413 2551 5482 (ι’)⁷
2577 5420 2634 5468 Β.
2665 5413 2736 5468 (ἐξ
2760 5429 2887 5467 tom.
2923 5416 2986 5477 Χ,
3013 5434 3124 5483 pag.
3159 5417 3269 5469 109.

871 5483 944 5549 (ι)
973 5482 1093 5548 Cap.
1123 5485 1234 5537 t22.
2482 5486 2545 5549 (Γ)
2579 5487 2651 5535 Ad
2683 5484 2867 5535 Ehion.
2897 5482 3022 5536 b-cr.
3054 5500 3178 5548 xxx,
3207 5499 3350 5536 num.
3380 5484 3410 5536 -ί
3433 5497 3578 5548 seqq.
