4102 6338
201 347 244 407 13
800 378 801 381 η
1553 337 1870 395 ΝΟΤΙΤΙΛ.
3198 337 3256 399 ιιι

202 453 301 505 illius
322 433 561 500 damnata
593 445 801 498 demum
837 444 993 497 fuerit
1026 459 1112 497 an.
1141 444 1263 508 58l,
1285 443 1335 496 in
1368 443 1568 510 synodo
1593 444 1918 497 oecumenica
1952 447 2177 497 secunda
2217 464 2228 498 ε
2268 448 2347 499 vix
2377 450 2520 501 credi
2576 460 2747 517 potest
2775 450 3108 515 superstitem
3135 458 3258 502 tunc

198 536 325 587 adhuc
344 530 500 582 fuisse
538 528 821 596 Josephum
865 537 1125 590 nostrum,
1171 529 1260 595 qui
1296 542 1435 581 anno
1473 527 1578 595 jam
1624 526 1752 587 555,
1785 544 1887 595 quo
1922 528 2247 595 Epiphanius
2293 534 2439 585 cedes
2471 534 2611 586 illius
2658 535 2787 586 adiit
2830 535 2890 585 ad
2926 532 3255 585 iuvisendum

202 616 427 672 Eusebium
458 614 845 667 Vercellensem
876 613 1013 678 apud
1040 613 1184 664 illum
1209 613 1582 680 hospitantem,
1608 612 1867 679 decrepita
1893 614 1999 681 jam
2034 624 2145 667 erat
2170 626 2340 673 :etate.
2370 632 2536 669 annos
2560 628 2718 669 natus
2746 618 2954 669 circiter
2986 617 3071 669 70.
3111 616 3261 667 Fuis-

197 712 255 756 set
274 700 387 751 enim
416 700 628 764 quando
662 697 941 749 damnatus
971 706 1050 748 est
1086 696 1423 749 Macedonius
1454 710 1710 763 anng‘um
1749 698 1956 751 circiter
1993 698 2078 751 96.
2108 700 2253 753 Adde
2279 703 2543 754 reccnseri
2574 703 2639 754 ab
2670 704 2757 755 illo
2787 702 2968 753 ultimo
3008 703 3119 753 loco
3152 703 3258 751 An-

203 782 641 851 Iluopmuorplritas
669 780 967 842 haereticos,
999 795 1223 847 quorum
1255 779 1443 847 placita
1478 780 1613 831 inter
1646 782 1933 833 monachos
1962 782 2137 835 Νἰηίέιι
2164 783 2439 836 fervebant
2474 787 2699 837 maxime
2732 801 2868 837 anno
2889 786 3005 838 399.
3034 784 3154 836 Iltec
3187 799 3264 835 ra-

202 870 364 923 tiocinia
405 867 677 919 hominem
718 868 982 919 eruditum
1016 866 1386 917 deterruerunt
1414 878 1441 915 a
1482 864 1649 930 priori
1689 867 1965 927 sententia,
2002 876 2387 935 suaseruntque
2423 878 2666 937 reputare
2695 867 2981 936 Iosephqu
3016 878 3251 921 nostrum

197 956 320 1007 alium
342 968 367 1004 a
397 950 693 1004 Tiberiensi
724 951 1019 1018 Epiphanio
1047 950 1146 1017 ipsi
1175 956 1663 1002 commemoratum.

248 1058 356 1111 XIII.
395 1056 521 1119 Sed,
557 1066 611 1109 ut
640 1058 777 1123 quod
809 1071 917 1109 rem
952 1070 1070 1109 esse
1105 1063 1252 1123 puto,
1287 1053 1437 1106 fateri
1465 1054 1619 1107 velim
1670 1053 1780 1109 haec
1817 1068 2121 1125 argumenta
2152 1061 2287 1125 apud
2322 1072 2399 1109 me
2429 1060 2555 1111 tanti
2592 1074 2693 1109 non
2727 1066 2868 1119 sunt,
2895 1066 2951 1109 ut
2977 1057 3262 1125 Iosephqu

195 1142 516 1197 Christianum
558 1156 587 1192 a
616 1140 908 1193 Tiberiensi
950 1154 1228 1193 secernere
1260 1153 1438 1204 cogar.
1482 1138 1673 1191 Fateor
1708 1153 1795 1193 an.
1839 1142 2050 1194 demum
2102 1144 2193 1194 531
2246 1144 2546 1196 damnatam
2579 1142 3167 1205 hreresim-Macedonii;
3198 1158 3263 1194 an

197 1228 369 1296 proinde
395 1234 516 1277 ante
538 1239 733 1275 annum
760 1224 907 1275 illum
940 1233 1184 1291 tanquam
1222 1222 1454 1275 haeretici
1489 1222 1708 1288 produci
1736 1236 1839 1273 non
1869 1233 2152 1290 potuerunt
2184 1238 2436 1291 sequaces
2462 1224 2634 1276 illius?
2661 1223 2900 1275 Concedo
2925 1224 3056 1275 inter
3086 1238 3263 1274 mona-

190 1316 293 1367 chos
312 1310 483 1363 Nitriae
509 1318 824 1376 grassatam,
860 1323 1000 1361 anno
1043 1307 1270 1359 maxime
1304 1305 1426 1365 599,
1475 1306 2121 1375 Anthropomorphiticam
2150 1309 2421 1371 haeresim;
2470 1324 2641 1360 annon
2709 1308 2928 1374 proinde
2963 1318 3082 1360 ante
3115 1308 3259 1359 illum

196 1411 349 1448 annum
386 1395 522 1446 inter
550 1393 827 1446 haereticos
866 1392 1068 1445 censeri
1111 1398 1419 1458 potuerunt,
1445 1405 1561 1461 cum
1600 1391 1889 1456 praesertim
1930 1392 2246 1444 haberentur
2272 1408 2364 1457 pro
2412 1393 2620 1444 sarculo
2661 1392 3082 1453 Manicha‘ornm,
3114 1400 3164 1444 et
3196 1395 3260 1443 ah

194 1481 457 1535 ortliodoxis
482 1482 808 1533 evitarentur
830 1480 1005 1531 statim
1043 1478 1108 1530 ah
1141 1478 1308 1529 Audei
1341 1478 1510 1539 obilu,
1537 1477 1625 1542 qui
1656 1482 1894 1527 mortuus
1918 1483 2000 1526 est
2032 1490 2116 1527 an.
2146 1475 2286 1526 370?
2319 1476 2474 1538 Quid,
2502 1477 2642 1543 quod
2668 1477 3059 1529 Macedonianze
3082 1486 3133 1528 et
3156 1478 3259 1528 An-

194 1564 665 1631 thropomorphitiea:
703 1563 921 1615 haeresis
951 1561 1384 1613 commemoratio
1410 1560 1825 1612 additamentum
1856 1571 1971 1609 esse
1993 1566 2183 1622 potest,
2218 1558 2356 1623 quod
2391 1574 2453 1609 ex
2483 1560 2722 1626 margine
2759 1562 2808 1612 in
2853 1569 3051 1623 textum
3093 1561 3265 1611 immi-

194 1650 339 1715 grarit,
376 1648 515 1714 quod
547 1647 671 1699 item
694 1647 756 1699 de
790 1646 975 1699 haeresi
1008 1644 1488 1712 Ἀνθρωπολατρῶν
1510 1642 1761 1711 judicium
1792 1642 1897 1694 fieri
1936 1650 2125 1708 queat,
2173 1642 2214 1693 si
2256 1642 2463 1707 quidem
2500 1643 2597 1693 sub
2619 1658 2682 1695 eo
2712 1644 2926 1696 nomine
2968 1642 3265 1697 Nestoriani

192 1733 401 1787 veniunt?

242 1835 356 1889 XIV.
380 1835 557 1903 Neque
576 1835 735 1889 etiam
763 1835 1027 1888 hominem
1060 1833 1127 1887 ad
1159 1849 1249 1887 sex
1279 1840 1331 1885 et
1362 1831 1643 1900 nonaginta
1671 1830 1840 1882 artatis
1862 1844 2026 1882 annos
2049 1845 2205 1903 posse
2228 1833 2498 1897 pervenire
2523 1833 2826 1887 incredibile
2849 1835 3128 1888 admodum
3154 1847 3267 1890 est:

192 1922 441 1989 prasertim
475 1935 592 1972 eum
634 1919 958 1987 Epiphanius
986 1918 1126 1971 idem
1160 1918 1243 1970 ille
1273 1918 1383 1985 ipse
1414 1917 1613 1969 amicus
1636 1924 1687 1967 et
1722 1914 1912 1978 hospes
1942 1912 2152 1978 Iosephi
2188 1913 2530 1977 Tiberiensis,
2559 1920 2769 1983 quando
2793 1920 2953 1972 cessit
2982 1919 3133 1973 CPoli
3176 1923 3271 1973 sub

193 2006 393 2066 Arcadio,
422 2013 579 2056 natus
613 2012 757 2056 esset
796 2016 965 2055 annos
1000 2001 1095 2053 IIS
1135 2016 1197 2053 ac
1223 2014 1431 2052 menses
1469 2009 1596 2058 tres,
1642 2007 1698 2049 nt
1739 2007 1885 2051 notat
1913 1998 2045 2050 idem
2082 1998 2301 2050 Cat-zeus
2343 1999 2393 2050 iu
2428 2000 2514 2051 illo
2542 2001 2636 2067 (α),
2668 2002 2794 2054 Cum
2820 2019 2976 2070 porro
3005 2021 3103 2057 non
3138 1994 3273 2058 alius

193 2090 445 2148 innotescat
482 2101 574 2153 per
610 2100 671 2139 ea
700 2094 934 2152 tempora
984 2084 1066 2136 cui
1110 2085 1295 2136 melius
1322 2092 1577 2150 congruat
1603 2081 2066 2149 hypomnesticon,
2107 2095 2263 2149 quam
2296 2081 2561 2149 Iosephus
2598 2086 2683 2137 ille
2718 2086 3063 2150 Tiberiensis,
3094 2106 3189 2142 nos
3221 2092 3271 2142 in

192 2172 265 2224 hac
289 2183 429 2239 parte
457 2169 529 2229 Is.
556 2168 803 2223 Vossium
827 2167 1121 2235 sequimur,
1151 2167 1238 2234 qui
1269 2175 1501 2220 nostrum
1534 2164 1816 2231 Josephum
1846 2179 1875 2215 a
1910 2163 2203 2216 Tiberiensi
2241 2165 2325 2216 ille
2356 2180 2458 2217 non
2479 2167 2749 2221 discernit.

241 2276 334 2330 XV.
375 2278 522 2331 Hunc
541 2278 640 2331 sub
673 2275 889 2344 Iosephi
926 2276 1137 2329 comitis
1163 2274 1373 2325 nomine
1397 2272 1551 2339 vulgo
1584 2272 1815 2340 agnosci,
1848 2282 1898 2323 et
1932 2270 2067 2322 inter
2085 2283 2295 2325 sanctos
2332 2273 2548 2325 relatum
2572 2288 2731 2328 essea
2754 2275 2949 2331 Grtccis
2973 2277 3276 2346 Latinisque

185 2371 378 2426 constat,
403 2362 557 2429 cujus
588 2358 1078 2414 commemorationi
1107 2360 1370 2425 assignata
1391 2356 1501 2409 dies
1525 2355 1591 2407 22
1644 2354 1768 2408 Iulii
1801 2356 1891 2426 (b).
1932 2357 1999 2408 Ex
2033 2358 2258 2424 ipsemet
2279 2358 2507 2427 Josepho
2530 2360 2709 2413 didicit
2737 2362 2851 2428 ejus
2880 2365 3037 2415 vitam
3070 2363 3125 2416 S.
3150 2365 3275 2432 Epi-

183 2448 399 2515 phanius,
432 2458 485 2499 et
517 2449 569 2499 in
604 2462 701 2499 suo
734 2446 967 2497 Pauario
993 2443 1182 2506 refert,
1223 2458 1284 2495 ex
1319 2457 1427 2509 quo
1459 2442 1631 2495 ett-teri
1656 2442 1971 2506 hauserunt,
1999 2441 2207 2511 Fleury,
2240 2443 2442 2501 Baillet.
2468 2452 2568 2496 etc.
2594 2445 2810 2499 Summa
2839 2462 2901 2499 eo
2928 2450 3080 2500 redit.
3114 2447 3276 2500 Natus

182 2543 245 2585 est
267 2531 516 2599 Iosephus
544 2533 607 2585 Α.
633 2531 694 2586 C.
724 2532 851 2592 286,
873 2531 1152 2584 Tiberiade
1188 2528 1400 2581 civitate
1426 2527 1734 2584 Palmstinaa.
1770 2541 1833 2579 ex
1862 2525 2053 2577 illustri
2096 2527 2233 2578 inter
2266 2526 2474 2581 Iudaeos
2519 2527 2749 2591 familia,
2789 2533 3116 2599 apostolique
3140 2536 3275 2600 apud

184 2632 335 2668 eorum
381 2617 737 2683 patriarcham
776 2615 1015 2669 Hillelem
1059 2628 1264 2666 munus
1314 2612 1510 2665 obibat.
1549 2612 1675 2663 Cum
1711 2612 1761 2662 in
1809 2610 2177 2676 gravissimum
2210 2612 2451 2664 morbum
2496 2614 2765 2668 incidisset
2795 2615 2966 2680 llillel,
2999 2618 3278 2671 accersivit

184 2702 384 2755 vicinum
416 2700 718 2754 Tiberiadis
748 2700 1073 2767 episcopum,
1102 2712 1130 2749 a
1157 2711 1260 2763 quo
1287 2695 1528 2747 sanitatis
1560 2694 1777 2747 obtentu
1812 2696 2126 2758 baptismum
2161 2698 2378 2765 recepit.
2415 2697 2466 2751 Id
2501 2701 2632 2752 clam
2663 2702 2961 2755 observavit
2990 2703 3273 2771 Iosephus,

183 2787 429 2849 quietiam
468 2788 601 2840 vidit
634 2788 783 2841 HilIeI
821 2785 957 2837 haud
988 2798 1201 2851 parvam
1230 2781 1347 2833 auri
1388 2781 1489 2831 vim
1533 2779 1739 2832 dedisse
1766 2779 2031 2845 episeopo,
2077 2789 2137 2839 ut
2174 2794 2269 2845 pro
2300 2795 2356 2832 se
2390 2782 2707 2836 oblationem
2747 2786 2958 2841 faceret.
2994 2788 3158 2843 Biduo
3187 2793 3280 2843 tri-

179 2874 325 2925 duove
353 2883 496 2940 post,
525 2877 630 2924 vita
656 2872 835 2923 functo
854 2869 1056 2931 Hillele,
1086 2877 1357 2937 parentem
1394 2865 1537 2917 illum
1572 2878 1725 2917 suum
1747 2864 1798 2913 in
1834 2861 2167 2928 patriarehali
2202 2863 2456 2931 dignitate
2492 2864 2652 2917 Iudas
2684 2868 2824 2921 {ilius
2859 2871 3281 2926 adolescentulus

178 2958 373 3024 excepit.
402 2957 609 3010 Interea
638 2955 833 3023 Ioseph
854 2964 906 3009 et
930 2955 1144 3008 tutelam
1170 2954 1319 3021 pueri
1357 2960 1407 3005 et
1434 2948 1947 3003 administrationem
1987 2948 2414 3013 patriarehalium
2456 2964 2729 3002 munerum
2770 2955 2965 3007 obibat.
3010 2954 3080 3006 Ex
3110 2972 3171 3009 eo
3198 2958 3279 3008 fa-

177 3049 291 3091 ctum
312 3050 410 3100 est,
451 3049 511 3092 nt
551 3055 644 3107 spe
679 3039 1010 3092 invenienda:
1047 3051 1253 3106 magna:
1296 3034 1529 3101 pecunia:
1566 3032 1990 3101 gazophylacium
2026 3030 2329 3085 Tiberiense
2367 3034 2612 3100 aperiret,
2657 3050 2751 3087 nec
2781 3043 2957 3089 tamen
2989 3040 3089 3091 nisi
3118 3042 3278 3093 libros

178 3126 401 3190 repererit
432 3143 445 3177 :
482 3125 622 3176 inter
655 3138 788 3192 quos
817 3121 1035 3176 Joannis
1070 3121 1406 3190 Evangelium
1442 3127 1496 3173 et
1534 3118 1660 3171 Acta
1692 3117 2052 3181 apostolorum
2094 3115 2348 3169 IIebraice
2387 3118 2668 3185 descripta.
2692 3120 2821 3173 Cum
2858 3120 3017 3179 Iudas
3044 3125 3093 3175 in
3125 3140 3279 3177 ornne

177 3207 355 3262 facinus
376 3209 714 3277 proﬂigatus,
735 3209 961 3261 evidenti
983 3207 1068 3260 Dei
1091 3208 1323 3275 potentia
1342 3206 1483 3273 turpi
1507 3220 1596 3271 spe
1609 3202 1905 3261 cecidisset,
1924 3198 2136 3267 Iosephi
2155 3201 2389 3252 animum
2410 3217 2493 3253 res
2520 3202 2608 3254 illa
2628 3218 2791 3271 usque
2809 3205 2939 3257 adeo
2956 3208 3195 3272 perculit,
3226 3219 3283 3259 ut

176 3296 361 3358 quietus
415 3308 693 3358 nunquam
725 3293 1058 3345 consisteret.
1089 3292 1177 3343 Dei
1208 3292 1363 3343 etiam
1389 3291 1591 3341 monitu
1610 3288 1803 3355 saepius
1826 3293 2046 3338 vocatus
2075 3296 2132 3337 ut
2159 3286 2210 3337 in
2233 3286 2498 3339 Christum
2534 3288 2797 3352 crederet;
2832 3291 3038 3343 tandem
3068 3307 3282 3358 asperso

175 3391 505 3444 energumeno
545 3390 681 3443 aqua
701 3376 849 3443 signo
873 3375 1045 3427 crucis
1078 3390 1106 3426 a
1142 3389 1199 3426 se
1230 3374 1505 3426 benedicta
1535 3373 1597 3423 ad
1641 3370 1931 3438 perieulum
1968 3368 2084 3420 fidei
2116 3370 2451 3435 capiendum,
2476 3373 2543 3423 ab
2572 3387 2742 3439 eoque
2766 3374 3002 3427 daemone
3032 3378 3274 3443 expulso.

170 3461 460 3528 vulgatoque
484 3475 588 3528 per
612 3459 792 3513 urbem
823 3458 1114 3523 miraculo;
1155 3458 1295 3526 quod
1336 3465 1510 3509 tamen
1548 3454 1712 3507 Iudaei
1754 3460 2003 3522 putarunt
2034 3452 2177 3504 illum
2222 3462 2555 3520 perpetrasse
2590 3472 2652 3507 ex
2694 3460 3125 3523 pronuntiatione
3155 3472 3207 3514 et
3236 3465 3284 3514 vi

174 3545 371 3597 nominis
396 3542 859 3611 tetragrammati;
884 3542 1111 3609 Spiritus
1134 3542 1299 3595 sancti
1330 3541 1555 3608 impulsu
1573 3538 1788 3608 pronius
1804 3538 1867 3590 ad
1887 3538 2040 3591 Iidem
2055 3538 2292 3591 animum
2314 3540 2623 3593 inclinavit:
2652 3557 2745 3595 nec
2761 3552 2929 3597 tamen
2956 3546 3057 3599 nisi
3087 3547 3288 3616 aliquot

169 3639 265 3692 post
289 3644 457 3682 annos
491 3628 757 3697 baptizari
790 3642 904 3681 sese
931 3642 1117 3693 passus
1140 3635 1241 3680 est.

220 3739 342 3791 XVI.
361 3741 575 3793 Interea
598 3754 718 3792 eum
748 3740 797 3791 in
829 3738 1063 3792 Ciliciam
1091 3738 1320 3791 venisset
1345 3750 1409 3789 ex
1428 3750 1643 3791 munere
1670 3736 1751 3789 sui
1788 3735 1991 3791 Iudaici
2012 3738 2362 3806 apostolatus,
2381 3738 2448 3791 ab
2474 3738 2721 3806 episcopo
2752 3738 2979 3792 civitatis
3013 3741 3285 3807 cujusdam

169 3823 421 3891 Evangelia
454 3824 685 3891 legenda
708 3824 932 3888 accepit.
961 3820 1194 3873 Vexatus
1221 3836 1250 3872 a
1277 3822 1387 3874 suis
1421 3821 1484 3872 ad
1526 3821 1930 3873 Constantinum
1960 3822 2026 3874 Μ.
2058 3837 2113 3875 se
2136 3824 2356 3893 recepit,
2378 3836 2533 3890 aquo
2564 3823 2776 3875 comitis
2803 3824 3110 3890 dignitatem
3138 3826 3278 3876 obti-

167 3911 278 3970 nuit,
303 3926 365 3963 ac
394 3913 615 3963 veniam
641 3918 892 3976 prreterca
931 3906 1358 3960 aedificandorum
1386 3906 1724 3971 templorum.
1756 3906 1908 3958 Anno
1930 3906 2032 3957 355
2067 3906 2351 3958 Eusebium
2372 3907 2763 3958 Vercellensem
2791 3908 2978 3958 exsilio
3003 3908 3283 3976 profugum

166 3991 205 4044 in
223 3997 349 4049 :edes
379 4010 513 4048 suas
542 3995 764 4062 recepit,
790 3993 853 4046 ad
880 4007 1038 4060 quem
1066 3991 1394 4043 invisendum
1421 3990 1658 4057 sequenti
1683 4003 1822 4040 anno
1857 3988 1958 4040 356
1992 3990 2268 4042 ventitavit
2307 3987 2362 4039 S.
2393 3989 2739 4054 Epiphanius.
2764 3990 3041 4062 Erat.tune
3067 3990 3283 4056 Ioseph.

168 4080 303 4131 relatu
333 4080 390 4135 S.
424 4080 703 4140 Doctoris,
726 4092 896 4131 annos
952 4086 1110 4130 natus
1141 4075 1233 4140 70;
1267 4089 1431 4143 quare
1463 4085 1515 4127 et
1540 4074 1783 4127 natalem'
1802 4072 1917 4138 ejus
1953 4072 2015 4123 ad
2050 4086 2246 4124 annum
2277 4072 2705 4140 consignavimus
2739 4072 2864 4124 286.
2897 4073 3053 4126 Ileato
3076 4077 3285 4127 tandem

166 4162 247 4217 fine
268 4166 550 4230 quievisse
578 4180 644 4217 ex
672 4177 734 4217 eo
769 4162 1060 4223 erudimur,
1083 4162 1223 4229 qum]
1253 4162 1387 4213 inter
1414 4168 1625 4212 sanctos
1649 4158 1713 4211 ab
1731 4158 1962 4212 Ecclesia
1993 4159 2173 4212 referri
2199 4159 2458 4212 videatur.

218 4265 360 4319 XVII.
384 4268 584 4320 Editus
615 4276 695 4319 est
720 4266 946 4333 primum
972 4263 1184 4333 Iosephi
1202 4262 1425 4315 Libellus
1453 4262 1758 4314 memorialis
1782 4278 1808 4313 a
1833 4262 2074 4316 Fabricio
2104 4264 2155 4315 in
2190 4261 2315 4316 Cod.
2346 4262 2595 4331 Pseudep.
2635 4262 2825 4318 Veteris
2855 4265 3158 4318 Testamenti
3180 4267 3246 4334 (ε)
3272 4288 3284 4319 :

162 4353 276 4405 unde
311 4361 362 4407 et
400 4368 504 4406 nos
539 4350 1205 4419 accepimus.Versionem
1232 4358 1408 4402 tamen
1436 4348 2066 4401 nostramadornavimus
2091 4348 2159 4399 ob
2191 4348 2449 4400 rationem
2470 4349 2591 4400 alibi
2622 4364 2759 4415 saepe
2782 4355 3288 4403 commemoratam:

160 4445 289 4501 atque
318 4439 397 4490 sic
433 4445 651 4489 textum
694 4436 838 4488 illius
866 4436 1253 4493 ordinavimus,
1287 4441 1343 4484 ut
1368 4433 1621 4485 lectorum
1658 4428 1939 4481 commodo
1970 4429 2199 4480 maxime
2241 4430 2640 4483 inserviremus.
2676 4431 2721 4483 Is
2749 4433 3052 4499 quicunque
3073 4436 3284 4486 demqu

164 4516 312 4582 fuerit,
339 4529 434 4571 aut
462 4532 801 4585 quacunque
821 4519 1030 4569 tandem
1056 4526 1209 4568 aetate
1232 4516 1441 4573 vixerit,
1470 4515 1677 4567 erudita
1712 4511 1875 4562 multa
1905 4510 2056 4562 nobis
2085 4513 2386 4579 suppeditat
2406 4514 2529 4565 alibi
2557 4514 2780 4569 fortasse
2811 4532 2915 4569 non
2952 4518 3287 4571 invenienda.

165 4600 343 4656 Utinam
378 4604 447 4657 ad
477 4618 589 4656 nos
627 4604 834 4668 integer
867 4598 1222 4667 pervenisset!
1256 4606 1344 4649 aut
1365 4596 1555 4663 aliquis
1582 4596 1662 4647 vir
1689 4594 1874 4648 doetus
1915 4605 1966 4648 et
1995 4594 2191 4649 laboris
2217 4596 2421 4664 patiens
2443 4599 2610 4651 simili
2635 4610 2825 4653 conatu
2850 4601 3110 4668 jacturam
3138 4603 3291 4656 nobis

167 4690 446 4741 resarciret.

216 4875 275 4943 (α)
303 4876 427 4943 Pag.
464 4876 485 4925 I
510 4874 597 4943 Π.
774 4882 777 4887 ’

586 4912 597 4927 .
774 4882 777 4887 ’
1841 4869 1911 4939 (ε)
1934 4867 2057 4939 Pag.
2086 4870 2206 4923 337.

211 4934 279 5010 (ο)
312 4934 569 4998 naiuct.‘
1394 4983 1397 4986 .
