4102 6338
240 336 305 401 45
1375 324 1735 395 LIBELLUS
1771 334 2251 395 MEMORIALIS.
3317 336 3384 398 46

240 447 471 516 τείχους,
530 444 671 498 κατά
722 443 814 497 τοῦ
869 442 1097 514 κράνους
1156 444 1315 497 αὑτοῦ
1373 445 1755 514 ἀπορριφέντι,
1789 452 1830 505 Α

1789 452 1830 505 Α
1862 454 2038 497 mento
2086 444 2151 497 de
2187 459 2339 498 muro
2388 446 2441 497 in
2476 453 2632 513 caput
2682 442 2799 511 ejus
2834 444 3069 513 proiecto
3091 483 3104 505 ,
3137 459 3164 497 e
3212 447 3383 499 medio

239 534 509 589 ἀνελοῦσα.

300 625 407 675 Καὶ
433 625 467 691 ή
507 624 596 675 τὸν
629 622 808 676 Σαόεὲ
838 622 916 684 δὲ,
946 621 1035 675 τὸν
1061 620 1153 691 τοῦ
1180 621 1383 690 Βοχορὶ,
1412 621 1763 689 προκατειλη-

239 715 368 778 φότα
388 715 484 781 τὴν
513 713 677 765 ’Δσελ
700 714 1037 782 καλουμένην
1063 713 1233 777 πόλιν,
1263 712 1367 764 ἀπὸ
1389 712 1481 764 τοῦ
1508 712 1763 780 βασιλέως

238 804 539 857 ἀποστάντα
569 803 726 856 Δαδὶδ
765 803 1143 864 ἀποκτείνασα,
1169 804 1262 855 καὶ
1285 802 1378 870 τὴν
1403 803 1639 870 κεφαλὴν
1667 808 1763 854 αὺ-

238 894 325 946 τοῦ
351 894 438 946 ea
459 891 551 946 τοῦ
574 894 784 963 τείχους
812 892 889 962 τῷ
933 893 1083 945 Ἰωάὁ
1111 892 1337 961 ῥίψασα,
1372 891 1530 943 καλὸν
1559 894 1649 944 καὶ
1678 909 1763 943 σο-

240 982 327 1050 φὸν
355 984 515 1052 ἔργον
541 982 874 1046 ἀπεδείξατο,
914 981 1041 1051 ὃλην
1070 982 1219 1034 πόλιν
1250 981 1557 1050 πολιορκίας
1600 984 1764 1051 ῥυσα-

240 1074 389 1141 μένη.

295 1161 441 1229 Σοφὴ
467 1161 522 1213 δὲ
563 1161 654 1213 καὶ
682 1162 713 1230 ἠ
745 1160 1071 1225 Θεκουῖτις,
1102 1159 1134 1227 ή
1164 1160 1255 1213 τὸν
1297 1160 1639 1231 Ἀὄεσσαλὼμ
1666 1163 1762 1229 τῆς

238 1251 407 1317 φυγῆς
444 1249 546 1301 ὑπὸ
585 1248 677 1299 τοῦ
715 1247 914 1317 πατρὸς
950 1248 1210 1318 κληθῆναι
1238 1249 1572 1319 ποιησαμένη
1596 1287 1610 1314 ,
1645 1251 1763 1311 ταῖς

237 1337 319 1387 τοῦ
363 1336 513 1387 Ἰωὰὸ
542 1337 853 1405 ὑποθήκαις.
1640 1342 1641 1345 “

296 1426 456 1478 Σαϐὰ
500 1425 556 1477 δὲ
602 1427 635 1495 η
689 1425 797 1479 τῶν
841 1426 1105 1480 Αἰθιόπων
1154 1427 1357 1496 βασιλὶς
1406 1429 1505 1497 τῆς
1573 1428 1762 1496 σοφίας

236 1513 391 1564 ἕνεκα
436 1507 744 1583 Σολομῶνος
780 1516 858 1578 είς
910 1516 1007 1584 τὴν
1062 1516 1314 1570 Ἰουδαίαν
1345 1517 1627 1581 σταλεῖσα,
1674 1518 1764 1569 ἐπὶ

238 1601 391 1670 σοφία
421 1603 514 1653 καὶ
537 1600 672 1669 αὑτὴ
698 1603 906 1657 δικαίαν
934 1605 1263 1674 ἀπενείματο
1292 1607 1473 1675 τιμήν.
1544 1596 1547 1599 λ
1613 1604 1616 1607 ⁷

1863 533 2093 585 sustulit.

1933 621 2059 673 Item
2084 636 2201 688 quae
2223 619 2378 674 Sabee
2408 621 2571 675 lilium
2610 622 2855 685 Bochori,
2878 626 2967 690 qui
2987 623 3095 692 jam
3124 639 3386 692 prmoccu-

1864 720 2078 777 paverat
2107 713 2368 765 civitatem
2404 712 2618 765 nomine
2644 714 2794 776 Abel,
2826 714 3192 782 defcceratque
3226 730 3253 767 a
3289 716 3387 766 Da-

1866 800 1981 852 vide
2006 813 2143 868 rege,
2171 798 2452 861 interfecit,
2475 809 2526 853 et
2547 812 2705 868 caput
2730 802 2847 868 ejus
2870 818 2963 869 per
2990 819 3197 855 murum
3220 802 3387 855 Joabo

1864 887 2088 954 projecit
2120 906 2133 941 :
2160 904 2268 957 quo
2295 898 2594 957 perpetrato
2634 890 2858 957 pulchro
2884 906 2947 944 ac
2990 892 3215 958 sapienti
3260 890 3387 944 iaci-

1864 992 2021 1039 noro,
2058 977 2241 1031 urbem
2279 987 2442 1031 totam
2474 978 2542 1031 ah
2574 978 2849 1033 obsidione
2875 980 3142 1033 liberavit.

1934 1149 2189 1204 Thecnitir
2218 1161 2269 1205 et
2305 1130 2417 1220 ipsa
2446 1153 2659 1223 sapiens
2680 1193 2693 1217 ,
2728 1169 2845 1222 qua:
2876 1155 3189 1212 adhortante
3219 1158 3387 1213 Joabo

1862 1238 2052 1305 etii-cit,
2090 1250 2146 1293 ut
2174 1240 2424 1295 Absalom
2460 1244 2527 1297 ab
2567 1244 2757 1298 exsilio
2787 1259 2815 1295 a
2850 1254 2999 1311 patre
3025 1258 3383 1321 revocaretur.

1931 1425 2071 1479 Saba
2101 1440 2311 1494 quoque
2342 1426 2519 1494 regina
2552 1426 2885 1496 Althiopum,
2910 1443 3026 1496 qua
3052 1430 3119 1483 oh
3145 1428 3388 1484 Salomo-

1865 1519 1946 1569 nis
1977 1516 2289 1584 sapientiam
2321 1515 2420 1570 iter
2446 1517 2498 1569 in
2548 1516 2777 1571 ludaaam
2808 1519 3065 1579 instituit,
3099 1536 3160 1573 ac
3202 1524 3269 1573 ob
3303 1537 3389 1574 sa-

1862 1604 2116 1673 pientiam
2165 1605 2279 1674 ipsa
2320 1605 2564 1659 similiter
2592 1608 2937 1674 promcritum
2970 1606 3222 1665 honore'm
3261 1626 3389 1665 con-

1870 1698 2055 1744 secuta
2077 1700 2180 1745 est.

302 1782 381 1835 Ἠ
406 1783 587 1849 χήρα,
621 1782 659 1850 ἠ
700 1783 768 1837 ἐν
804 1786 1121 1854 Σαρέςοθοις
1160 1788 1251 1840 τὸν
1300 1787 1481 1841 Ἠλίαν
1511 1787 1757 1854 δεξιωσα-
1797 1753 1837 1806 Β

1797 1753 1837 1806 Β
1946 1778 2108 1832 Vidua
2144 1778 2521 1849 Sarephtliana,
2573 1796 2692 1851 quae
2722 1781 2886 1838 Eliam
2919 1786 3125 1855 excepit
3160 1787 3388 1857 hospitio

238 1869 391 1938 μένη,
430 1870 523 1922 ἐπὶ
555 1874 683 1941 τιμῇ
714 1874 777 1942 τῇ
817 1873 963 1942 παρὰ
993 1872 1145 1927 Θεοῦ.

306 1958 372 2009 Ὴ
405 1958 539 2027 γυνὴ
583 1961 615 2028 ἠ
650 1961 1011 2027 Σουναμῖτις,
1058 1964 1091 2032 ή
1118 1962 1207 2014 τὸν
1240 1962 1535 2015 Ἐλισσαῖον
1564 1964 1763 2026 δεξιου-

237 2045 387 2112 μένη,
416 2048 507 2097 καὶ
535 2042 678 2098 οἷκον
704 2048 849 2117 αύτῷ
880 2048 1120 2117 σχολαῖον
1147 2051 1526 2118 εὐτρεπίσασα,
1560 2050 1763 2119 μεγάλα

236 2130 319 2183 καὶ
346 2132 437 2183 τὸν
464 2132 629 2202 ἄνδρα
663 2136 755 2187 καὶ
784 2136 873 2187 τὸν
902 2137 1094 2204 ἑαυτῆς
1121 2134 1265 2189 οἷκον
1295 2137 1516 2207 ὤνησεν.
1552 2140 1677 2192 Υίόν
1704 2157 1762 2193 τε

237 2219 331 2289 γὰρ
374 2222 432 2271 ού
474 2210 731 2292 πρότερον
764 2224 889 2277 ὂντα
932 2226 1067 2295 αὐτῇ
1116 2225 1397 2296 ἐκτήσατο,
1444 2227 1537 2279 καὶ
1580 2228 1763 2281 τοῦτον

234 2308 583 2372 ἀποθανόντα,
618 2313 792 2376 ζῶντα
821 2314 1126 2383 ἀπειλήφει.

307 2399 395 2450 Ἑν
420 2398 475 2451 δὲ
497 2402 559 2469 τῇ
590 2400 769 2468 χάριτι
798 2405 861 2470 τῇ
892 2404 1027 2454 κατά
1051 2402 1298 2472 Χριστὸν,
1319 2403 1413 2472 τὴν
1443 2403 1533 2457 τοῦ
1563 2404 1761 2473 κόσμου

234 2487 499 2555 σωτηρίαν
564 2490 756 2554 Μαρία
817 2490 1199 2558 διηκονήσατο,
1270 2494 1571 2561 γεννήσασα
1633 2494 1763 2562 ἡμῖν

234 2576 385 2642 σαρκὶ
414 2575 504 2627 τὸν
536 2578 791 2645 μονογενῆ
822 2576 947 2629 Υίδν
968 2576 1059 2629 τοῦ
1085 2576 1238 2642 Θεοῦ,
1268 2578 1358 2630 τὸν
1383 2580 1579 2646 Κύριον
1609 2580 1762 2647 ἡμῶν

242 2662 441 2731 Ἰησοῦν
472 2663 721 2731 Χριστόν.
1458 2685 1461 2688 ‘

306 2752 644 2817 Ἐλισάϐετ,
679 2754 710 2821 ἠ
738 2752 827 2807 τοῦ
853 2754 1118 2823 Ζαχαρίου
1145 2757 1297 2822 γυνὴ,
1328 2756 1416 2806 τὸν
1462 2754 1759 2823 πρόδρομον

228 2836 315 2889 τοῦ
370 2839 575 2907 Κυρίου
620 2839 867 2907 Ἰωάννην
908 2842 998 2893 τὸν
1043 2840 1337 2911 βαπτιστήν
1392 2842 1755 2907 συλλαϐοῦσα,

229 2926 316 2977 καὶ
346 2924 707 2994 προφητεύειν
739 2926 982 2993 ἠξίωται.

1864 1870 1932 1923 ob
1957 1870 2194 1923 divinum
2226 1871 2501 1924 hono‘rem.

1933 1957 2122 2011 Mulier
2166 1959 2485 2025 Sanamilis,
2519 1976 2636 2028 quae
2664 1962 2872 2029 excepit
2910 1962 3186 2027 Elisaaum,
3214 1974 3265 2018 et
3291 1966 3387 2019 ha-

1862 2045 2148 2099 bitaculum
2180 2048 2277 2116 ipsi
2310 2058 2582 2102 vacantem
2607 2050 2942 2118 praeparavit,
2972 2067 3075 2121 quo
3102 2053 3384 2120 plurimum

1854 2135 1994 2203 juvit
2021 2145 2075 2190 et
2102 2137 2348 2189 maritum
2380 2154 2533 2192 suum
2556 2148 2607 2192 et
2628 2139 2846 2193 domum
2872 2157 3019 2194 suam
3050 2151 3233 2196 totam.
3251 2142 3386 2197 Cum

1859 2224 1998 2277 enim
2048 2234 2204 2279 antea
2246 2226 2428 2281 liberis
2456 2237 2691 2288 careret,
2730 2229 2893 2281 lilium
2929 2232 3141 2297 genuit,
3173 2242 3224 2284 et
3248 2232 3387 2285 hunc

1861 2312 2103 2364 eumdem
2134 2313 2235 2365 vita
2264 2312 2525 2376 functum,
2554 2315 2743 2367 iterum
2780 2316 2952 2368 vivum
2984 2319 3197 2384 recepit.

1930 2399 2185 2469 Tempore
2225 2402 2405 2468 gratim
2448 2401 2679 2465 Christi,
2733 2402 2899 2456 Maria
2943 2407 3125 2457 mundi
3158 2406 3380 2460 salutem

1861 2486 2201 2548 ministravit,
2229 2505 2346 2556 qua:
2373 2489 2523 2542 nobis
2540 2504 2696 2543 carne
2720 2492 2901 2558 genuit
2935 2493 3261 2560 unigenitum
3294 2495 3382 2549 Dei

1859 2574 2376 2641 Filium,,Dominum
2409 2586 2646 2631 nostrum
2676 2577 2854 2633 Jesum
2893 2580 3177 2635 Christum.

1928 2750 2211 2816 Elisabeth,
2254 2768 2385 2806 uxor
2410 2754 2701 2817 Zachariae,
2738 2772 3117 2818 prtecursorem
3175 2760 3382 2815 Domini

1855 2838 2110 2893 Joannem
2140 2840 2425 2910 Baptistam
2461 2844 2733 2911 concepit,
2766 2856 2922 2914 atque
2951 2850 3237 2903 nroohetia:
3266 2866 3384 2903 mu-

1857 2944 1983 2983 nere
2009 2930 2220 2999 dignata
2254 2939 2355 2984 est.

291 3014 399 3084 Τήν
439 3030 499 3066 τε
540 3014 829 3069 ἀνάστασιν
869 3017 961 3070 τοῦ
1008 3018 1208 3087 Κυρίου
1245 3020 1303 3071 al
1354 3018 1503 3085 τρεῖς
1548 3020 1759 3087 Μαρίαι
1786 3039 1835 3102 c

1786 3039 1835 3102 ο
1936 3015 2391 3071 ResurrectiOnem
2446 3033 2658 3087 quoque
2709 3019 2912 3075 Domini
2941 3022 2986 3054 ⁸⁸
3044 3032 3145 3077 tres
3200 3025 3382 3079 Maria

227 3102 433 3172 πρῶται
462 3103 809 3175 θεασάμεναι,
838 3109 947 3170 τοίς
970 3107 1234 3177 μαθηταῖς
1268 3110 1622 3178 ἀπήγγειλαν.

301 3192 466 3245 Ἀλλά
520 3193 615 3245 καὶ
671 3193 915 3247 Ἰωάννα
959 3196 992 3264 ἠ
1041 3195 1134 3246 τοῦ
1191 3197 1479 3264 ἐπιτρόπου
1528 3198 1761 3267 Ἡρώδου

227 3282 376 3349 γυνὴ,
410 3283 548 3350 μετά
581 3283 672 3334 καὶ
690 3283 867 3347 ,ἄλλων
896 3284 1225 3336 πιστοτάτων
1253 3286 1519 3352 γυναικῶν
1545 3287 1763 3339 ἀκολου-

228 3368 387 3422 θοῦσα
416 3371 495 3437 τῷ
532 3371 736 3441 Κυρίῳ,
765 3374 832 3427 τὰ
871 3374 1119 3443 χρήματα
1146 3376 1504 3444 ἐπιφερομένη
1536 3377 1761 3444 κατηνά-

226 3458 313 3509 λου
346 3460 427 3521 είς
460 3460 559 3529 τὴν
589 3460 857 3517 διακονίαν
886 3462 994 3515 τῶν
1025 3464 1299 3532 ἑπομένων
1327 3465 1401 3534 τῷ
1430 3466 1656 3533 Σωτῆρι.

225 3611 472 3665 ΚΕΦΔΔ.
514 3611 648 3667 MA'.
678 3644 747 3653 —
797 3616 960 3685 Τίνες
1005 3616 1217 3681 ἄνδρες
1264 3617 1360 3669 ἐπὶ
1402 3618 1580 3685 σοφίᾳ
1621 3620 1758 3671 θαυ-

725 3684 941 3749 μαστοί
968 3686 1263 3752 γεγόνασι.

286 3830 420 3899 Σὴμ
452 3831 546 3883 καὶ
601 3831 818 3898 ’1άφεθ,
851 3834 1226 3902 ὀπισθοφανεῖς
1269 3834 1624 3897 ὲπιὸαίνοντες
1662 3835 1758 3904 τὴν

221 3920 310 3973 τοῦ
345 3921 555 3992 πατρὸς
587 3922 960 3992 κατακαλύψαι
987 3926 1312 3994 γυμνότητα.

298 4012 525 4079 Ἰωσὴφ
545 4051 559 4076 ,
595 4012 691 4075 τάς
723 4013 843 4066 καθ’
885 4015 1071 4068 ἑαυτὸν
1104 4014 1385 4084 ὑποφέρων
1414 4014 1588 4081 σοφῶς
1618 4031 1755 4082 συμο

220 4103 412 4169 φορὰς,
442 4103 537 4155 καὶ
564 4102 631 4155 τά
658 4103 905 4171 ὀνείρατα
933 4104 1177 4169 διαλύων,
1208 4103 1301 4158 καὶ
1332 4100 1419 4157 τὸν
1442 4104 1625 4173 καιρὸν
1650 4105 1757 4156 τῶν

220 4189 490 4257 εὐφοριῶν
520 4191 611 4242 καὶ
641 4191 733 4243 τοῦ
763 4191 918 4260 λιμοῦ
950 4194 1235 4260 πανσόφως
1272 4193 1584 4261 οικονομῶν.

286 4278 644 4344 Βεσσελεὴλ
666 4281 694 4331 ὁ
719 4278 812 4331 τοῦ
847 4280 983 4349 Ὀρὶ,
1015 4282 1105 4332 καὶ
1136 4282 1337 4335 Ἐλιὰό
1361 4282 1388 4332 ό
1411 4280 1503 4332 τοῦ
1541 4282 1754 4348 ’Δχισα-

220 4365 346 4433 pix,
379 4370 431 4419 οἱ
457 4367 556 4435 τὴν
585 4368 731 4434 ίεράν
758 4368 955 4435 σκηνήν
988 4369 1364 4435 ἐργασάμενοι.

282 4456 503 4518 Χουσὶ,
534 4458 562 4507 ὁ
582 4455 673 4506 τοῦ
706 4456 868 4508 Δαὸὶδ
892 4456 1199 4524 σύμϐουλος,
1229 4457 1324 4524 τὴν
1354 4456 1445 4507 τοῦ
1488 4455 1757 4523 Ἀχιτόφελ

218 4546 410 4611 σοφίαν
437 4544 969 4612 μεταχειρισάμενος.

281 4633 590 4701 Σολομὼν,
621 4633 760 4700 ὁτῆς
789 4633 976 4698 σοφίας
1007 4632 1244 4701 χάρισμα
1270 4630 1643 4701 κομισάμενος.

284 4721 346 4770 Ol
380 4719 503 4770 υἱοί
534 4717 737 4770 Μαοὺλ
757 4756 771 4781 ,
799 4718 960 4770 Αίθάν
990 4721 1080 4770 καὶ
1118 4719 1315 4787 Ἐσρᾶνι
1339 4721 1429 4771 καὶ
1464 4719 1635 4787 ἰίμᾶν
1666 4719 1757 4769 καὶ¹

215 4804 436 4871 Χαλχάλ
491 4806 584 4856 καί¹
615 4806 837 4874 Δαρδᾶν.
886 4808 1014 4875 Περὶ
1059 4800 1131 4858 ὧν
1160 4808 1251 4859 καὶ
1288 4810 1333 4858 oi
1372 4810 1427 4858 ὲν
1460 4812 1572 4868 ταῖς
1600 4808 1753 4860 Βασι-

216 4893 401 4956 λείαις,
427 4897 509 4956 ὡς
526 4897 722 4962 σοφῶν,
740 4896 879 4949 κατὰ
900 4896 1007 4966 (59)
1036 4899 1100 4950 τὰ
1119 4897 1208 4949 τοῦ
1232 4898 1551 4965 Σολομῶνος,
1570 4899 1751 4967 μνήμη

215 4982 443 5048 γίνεται.

291 5071 502 5125 vl“,an
530 5073 556 5123 δ
592 5074 893 5142 ἀρχιερεὺς,
938 5077 964 5128 ὁ
993 5074 1087 5142 τὴν
1125 5073 1370 5126 Γοθολίαν
1415 5077 1753 5140 ἀποκτείνας,

215 5160 302 5211 καὶ
333 5160 430 5211 τὸν
476 5161 540 5210 ὲκ
582 5160 675 5211 cui?
716 5162 994 5215 Δαδιδικοῦ
1026 5163 1209 5229 γένους
1261 5162 1409 5224 ’ίωάς
1454 5166 1626 5232 σοφῶς
1678 5167 1753 5226 είς

218 5247 496 5314 βασιλείαν
521 5250 865 5316 προαγαγών.

277 5417 325 5451 ¹⁹
361 5416 562 5472 Matth.
596 5431 764 5483 xxvn,
795 5418 899 5483 56;
940 5405 1100 5475 Marc.
1141 5435 1247 5483 ut,
1275 5420 1324 5472 l.

282 5576 395 5643 (59)
425 5574 590 5629 Forte
618 5572 771 5639 μετὰ.

1428 5420 1473 5451 ⁹⁰
1515 5420 1643 5474 Luc.
1699 5437 1812 5486 \‘iil,
1848 5422 1899 5476 5.

1861 3122 1977 3176 quae
2010 3108 2191 3174 prima:
2216 3106 2477 3172 viderunt,
2519 3109 2774 3176 apostolis
2808 3112 3211 3167 annuntiaruut.

1926 3193 2132 3246 Joanna
2159 3194 2317 3247 etiam
2347 3195 2391 3225 '°
2422 3210 2554 3248 uxor
2584 3194 2811 3267 (Clausit)
2834 3202 3189 3266 procuratoris
3216 3200 3381 3257 Hero-

1861 3281 1963 3345 dis,
1988 3297 2107 3335 cum
2140 3281 2261 3333 aliis
2293 3280 2612 3335 ﬁdelissimis
2641 3283 2952 3337 mulieribus
2982 3284 3259 3340 Dominum
3296 3304 3381 3343 se-

1859 3376 2013 3428 cuta,
2062 3382 2291 3434 opesque
2344 3382 2521 3419 secum
2559 3366 2783 3422 aﬂerens
2830 3370 3159 3437 impendebat
3192 3376 3243 3425 in
3284 3374 3383 3427 mi-

1861 3460 2135 3514 nisterium
2158 3474 2363 3522 eorum,
2391 3460 2482 3527 qui
2512 3459 2795 3513 Dominum
2837 3464 3243 3518 comitabantur.

1858 3613 2006 3667 CAP.
2047 3612 2177 3665 XLI.
2209 3643 2273 3653 —-
2318 3612 2542 3677 Quinam
2578 3614 2672 3666 viri
2719 3614 2779 3665 ob
2815 3616 3115 3681 sapientiam
3153 3614 3381 3668 admira-

2432 3682 2559 3732 tioni
2584 3681 2811 3747 fuerunt.

1924 3829 2040 3881 Sent
2069 3840 2120 3881 et
2148 3828 2386 3895 Jupheth.
2418 3830 2506 3895 qui
2542 3838 2680 3897 terga
2716 3838 2975 3883 vertentes
3000 3841 3375 3895 accesserunt,

1854 3929 1960 3983 quo
1983 3914 2149 3981 patris
2181 3914 2470 3965 nuditatem
2504 3916 2859 3981 cooperirent.

1923 4001 2110 4069 Ioseph
2167 4017 2293 4056 suas
2366 4002 2697 4055 calamitates
2754 4002 3016 4068 sapienter
3070 4003 3375 4065 sustinens,

1856 4093 2061 4146 somnia
2092 4091 2217 4145 item
2255 4092 2607 4158 interpretans
2629 4130 2642 4152 ,
2677 4099 2987 4158 tempusque
3019 4091 3300 4148 fertilitatis
3324 4104 3379 4147 ct

1862 4182 2019 4236 famis
2043 4182 2434 4251 sapientissime
2464 4184 2798 4251 dispensans.

1925 4275 2197 4339 Bcsseleel,
2240 4275 2379 4328 ﬁlius
2418 4274 2530 4338 Ori,
2569 4285 2621 4328 et
2652 4275 2827 4339 Eliab,
2857 4276 2991 4329 [ilius
3012 4278 3376 4343 Achisamach,

1856 4364 1944 4430 qui
1973 4377 2183 4413 sacrum
2212 4362 2626 4415 Tabernaculum
2660 4374 3090 4417 construxerunt.

1922 4446 2097 4510 Chusi,
2126 4447 2337 4501 Davidis
2372 4450 2737 4515 consiliarius,
2784 4452 2872 4517 qui
2911 4451 3123 4511 dextere
3161 4454 3378 4507 Achito-

1854 4536 2023 4603 phelis
2052 4536 2362 4602 sapientiam
2389 4539 2593 4588 evertit.

1850 4637 1856 4645 '
1923 4623 2188 4687 Salomon,
2224 4625 2314 4693 qui
2346 4626 2615 4692 sapientia:
2648 4626 2911 4681 charisma
2944 4641 3259 4684 consecutus
3280 4643 3374 4684 cst.

1925 4712 2053 4766 Filii
2086 4714 2251 4776 Maul,
2290 4714 2486 4767 [Ethan
2516 4724 2565 4767 et
2597 4715 2784 4777 Esran,
2819 4726 2871 4770 et
2900 4718 3117 4783 lienian,
3142 4730 3193 4772 et
3221 4722 3376 4773 Chai-

1856 4804 1993 4865 chal,
2026 4792 2076 4856 et
2109 4802 2335 4857 Dardan.
2367 4804 2437 4855 De
2459 4804 2654 4868 quibus
2674 4805 2831 4857 etiam
2858 4806 2907 4857 in
2930 4807 3073 4859 libris
3099 4807 3292 4874 [tegunt
3311 4809 3374 4869 ",

1857 4912 1949 4949 ceu
1979 4906 2095 4963 post
2127 4895 2457 4947 Salumonem
2491 4894 2918 4962 sapientissimis,
2946 4898 2999 4950 lit
3029 4900 3240 4950 mentio.

1920 5073 2085 5125 Jodae
2114 5072 2364 5141 pontifex,
2394 5076 2477 5139 qui
2508 5072 2810 5127 Gotholiam
2840 5074 3132 5133 Interfecit,
3165 5080 3216 5123 et
3247 5070 3373 5125 Joas

1852 5177 1915 5215 ex
1943 5162 2190 5214 Davidico
2212 5177 2398 5229 genere
2423 5169 2603 5213 natum
2633 5164 2895 5230 sapienter
2925 5162 2986 5215 ad
3012 5174 3226 5229 regnum
3246 5173 3371 5231 pro-

1853 5251 2012 5304 vexit.

2002 5422 2043 5455 ⁹¹
2080 5422 2143 5476 Ill
2192 5422 2320 5493 Reg.
2374 5438 2444 5487 tv,
2502 5424 2590 5478 51.
