  <div class='ocr_page' id='page_1' title='image "/cluster/home/n/w/nwhite01/storage/ocr_20150623/106/pst.000005714162/031.png"; bbox 0 0 4102 6338; ppageno 0'>
   <div class='ocr_carea' id='block_1_1' title="bbox 804 463 3923 534">
    <p class='ocr_par' dir='ltr' id='par_1_1' title="bbox 804 463 3923 534">
     <span class='ocr_line' id='line_1_1' title="bbox 804 463 3923 534; baseline -0.004 0"><span class='ocrx_word' id='word_1_1' title='bbox 804 472 873 534; x_wconf 66' lang='grc'><strong>47</strong></span> <span class='ocrx_word' id='word_1_2' title='bbox 2242 473 2531 532; x_wconf 77' lang='lat' dir='ltr'><strong>JOSEPPI</strong></span> <span class='ocrx_word' id='word_1_3' title='bbox 3854 463 3923 524; x_wconf 70' lang='lat'><strong>48</strong></span> 
     </span>
    </p>
   </div>
   <div class='ocr_carea' id='block_1_2' title="bbox 873 578 2493 656">
    <p class='ocr_par' dir='ltr' id='par_1_2' title="bbox 873 583 2493 656">
     <span class='ocr_line' id='line_1_2' title="bbox 873 583 2493 656; baseline -0.001 -19"><span class='ocrx_word' id='word_1_4' title='bbox 873 584 1077 649; x_wconf 80' lang='lat' dir='ltr'><strong>Daniel,</strong></span> <span class='ocrx_word' id='word_1_5' title='bbox 1110 583 1199 653; x_wconf 84' lang='lat' dir='ltr'><strong>qui</strong></span> <span class='ocrx_word' id='word_1_6' title='bbox 1235 588 1487 655; x_wconf 86' lang='lat' dir='ltr'><strong>mysticas</strong></span> <span class='ocrx_word' id='word_1_7' title='bbox 1533 602 1713 656; x_wconf 78' lang='lat' dir='ltr'><strong>regum</strong></span> <span class='ocrx_word' id='word_1_8' title='bbox 1766 586 1989 639; x_wconf 71' lang='lat' dir='ltr'><strong>visiones</strong></span> <span class='ocrx_word' id='word_1_9' title='bbox 2040 584 2308 637; x_wconf 78' lang='lat' dir='ltr'><strong>revelavit.</strong></span> <span class='ocrx_word' id='word_1_10' title='bbox 2343 592 2382 643; x_wconf 82' lang='grc' dir='ltr'><strong>Α</strong></span> <span class='ocrx_word' id='word_1_11' title='bbox 2476 591 2493 635; x_wconf 72' lang='grc' dir='ltr'><em>Δ</em></span> 
     </span>
    </p>
   </div>
   <div class='ocr_carea' id='block_1_3' title="bbox 2306 578 3926 656">
    <p class='ocr_par' dir='ltr' id='par_1_3' title="bbox 2306 578 3926 653">
     <span class='ocr_line' id='line_1_3' title="bbox 2306 578 3926 653; baseline -0.001 -21"><span class='ocrx_word' id='word_1_12' title='bbox 2306 592 2382 643; x_wconf 40' lang='grc' dir='ltr'><strong>ιΑ</strong></span> <span class='ocrx_word' id='word_1_13' title='bbox 2476 583 2709 649; x_wconf 73' lang='grc' dir='ltr'><strong>Δανιὴλ,</strong></span> <span class='ocrx_word' id='word_1_14' title='bbox 2760 586 2786 635; x_wconf 86' lang='grc' dir='ltr'>ὁ</span> <span class='ocrx_word' id='word_1_15' title='bbox 2834 583 2896 635; x_wconf 77' lang='grc' dir='ltr'><strong>τὰ</strong></span> <span class='ocrx_word' id='word_1_16' title='bbox 2949 580 3174 653; x_wconf 77' lang='grc' dir='ltr'>μυστικά</span> <span class='ocrx_word' id='word_1_17' title='bbox 3224 579 3330 633; x_wconf 82' lang='grc' dir='ltr'><strong>τῶν</strong></span> <span class='ocrx_word' id='word_1_18' title='bbox 3379 579 3631 648; x_wconf 84' lang='grc' dir='ltr'>βασιλέων</span> <span class='ocrx_word' id='word_1_19' title='bbox 3688 578 3926 647; x_wconf 69' lang='grc' dir='ltr'>θεάματα</span> 
     </span>
    </p>
   </div>
   <div class='ocr_carea' id='block_1_4' title="bbox 808 650 2319 744">
    <p class='ocr_par' dir='ltr' id='par_1_4' title="bbox 808 650 2319 744">
     <span class='ocr_line' id='line_1_4' title="bbox 808 650 2319 744; baseline -0.003 -16"><span class='ocrx_word' id='word_1_20' title='bbox 808 650 878 729; x_wconf 65' lang='grc' dir='ltr'>ὒὲ</span> <span class='ocrx_word' id='word_1_21' title='bbox 908 691 1013 744; x_wconf 88' lang='lat' dir='ltr'><strong>quo</strong></span> <span class='ocrx_word' id='word_1_22' title='bbox 1040 650 1198 730; x_wconf 75' lang='lat' dir='ltr'><strong>etiam</strong></span> <span class='ocrx_word' id='word_1_23' title='bbox 1228 650 1804 732; x_wconf 34' lang='lat' dir='ltr'><strong>advdiubolum&#39;dictum</strong></span> <span class='ocrx_word' id='word_1_24' title='bbox 1827 686 1906 729; x_wconf 81' lang='lat' dir='ltr'><strong>est</strong></span> <span class='ocrx_word' id='word_1_25' title='bbox 1936 695 1948 728; x_wconf 87' lang='lat'>:</span> <span class='ocrx_word' id='word_1_26' title='bbox 1990 674 2235 742; x_wconf 79' lang='lat' dir='ltr'><strong>Nunquid</strong></span> <span class='ocrx_word' id='word_1_27' title='bbox 2265 682 2319 724; x_wconf 79' lang='lat' dir='ltr'><strong>tu</strong></span> 
     </span>
    </p>
   </div>
   <div class='ocr_carea' id='block_1_5' title="bbox 804 766 1509 832">
    <p class='ocr_par' dir='ltr' id='par_1_5' title="bbox 804 766 1509 832">
     <span class='ocr_line' id='line_1_5' title="bbox 804 766 1509 832; baseline 0 -13"><span class='ocrx_word' id='word_1_28' title='bbox 804 767 1084 832; x_wconf 84' lang='lat' dir='ltr'><strong>sapientior</strong></span> <span class='ocrx_word' id='word_1_29' title='bbox 1109 782 1159 819; x_wconf 86' lang='lat' dir='ltr'><strong>es</strong></span> <span class='ocrx_word' id='word_1_30' title='bbox 1191 766 1400 820; x_wconf 84' lang='lat' dir='ltr'><strong>Daniele</strong></span> <span class='ocrx_word' id='word_1_31' title='bbox 1427 768 1509 819; x_wconf 65' lang='grc' dir='ltr'><strong>ἐἳ</strong></span> 
     </span>
    </p>
   </div>
   <div class='ocr_carea' id='block_1_6' title="bbox 878 848 2319 921">
    <p class='ocr_par' dir='ltr' id='par_1_6' title="bbox 878 848 2319 921">
     <span class='ocr_line' id='line_1_6' title="bbox 878 848 2319 921; baseline -0.003 -16"><span class='ocrx_word' id='word_1_32' title='bbox 878 854 1095 917; x_wconf 85' lang='lat' dir='ltr'><strong>Esdras,</strong></span> <span class='ocrx_word' id='word_1_33' title='bbox 1117 855 1209 921; x_wconf 87' lang='lat' dir='ltr'><strong>qui</strong></span> <span class='ocrx_word' id='word_1_34' title='bbox 1246 870 1422 909; x_wconf 83' lang='lat' dir='ltr'><strong>sacras</strong></span> <span class='ocrx_word' id='word_1_35' title='bbox 1454 856 1675 910; x_wconf 73' lang='lat' dir='ltr'><strong>Litteras</strong></span> <span class='ocrx_word' id='word_1_36' title='bbox 1724 864 1839 920; x_wconf 85' lang='lat' dir='ltr'><strong>post</strong></span> <span class='ocrx_word' id='word_1_37' title='bbox 1874 851 2100 906; x_wconf 87' lang='lat' dir='ltr'><strong>reditum</strong></span> <span class='ocrx_word' id='word_1_38' title='bbox 2142 848 2319 919; x_wconf 86' lang='lat' dir='ltr'><strong>populi</strong></span> 
     </span>
    </p>
   </div>
   <div class='ocr_carea' id='block_1_7' title="bbox 808 939 1777 1011">
    <p class='ocr_par' dir='ltr' id='par_1_7' title="bbox 808 939 1777 1011">
     <span class='ocr_line' id='line_1_7' title="bbox 808 939 1777 1011; baseline 0 -19"><span class='ocrx_word' id='word_1_39' title='bbox 808 939 1006 993; x_wconf 83' lang='lat' dir='ltr'><strong>ludaici</strong></span> <span class='ocrx_word' id='word_1_40' title='bbox 1033 941 1099 995; x_wconf 91' lang='lat' dir='ltr'><strong>de</strong></span> <span class='ocrx_word' id='word_1_41' title='bbox 1130 940 1395 1011; x_wconf 81' lang='lat' dir='ltr'><strong>Babylone</strong></span> <span class='ocrx_word' id='word_1_42' title='bbox 1426 942 1688 998; x_wconf 71' lang='lat' dir='ltr'><strong>recensuit</strong></span> <span class='ocrx_word' id='word_1_43' title='bbox 1712 942 1777 992; x_wconf 81' lang='lat'><strong>”.</strong></span> 
     </span>
    </p>
   </div>
   <div class='ocr_carea' id='block_1_8' title="bbox 801 1127 2321 1203">
    <p class='ocr_par' dir='ltr' id='par_1_8' title="bbox 801 1127 2321 1203">
     <span class='ocr_line' id='line_1_8' title="bbox 801 1127 2321 1203; baseline -0.007 -13"><span class='ocrx_word' id='word_1_44' title='bbox 801 1138 948 1192; x_wconf 77' lang='lat' dir='ltr'><strong>CAP.</strong></span> <span class='ocrx_word' id='word_1_45' title='bbox 972 1136 1125 1193; x_wconf 81' lang='lat' dir='ltr'><strong>XLII.</strong></span> <span class='ocrx_word' id='word_1_46' title='bbox 1145 1166 1213 1177; x_wconf 94' lang='lat'><strong>-</strong></span> <span class='ocrx_word' id='word_1_47' title='bbox 1240 1138 1370 1202; x_wconf 63' lang='lat' dir='ltr'><strong>Quae</strong></span> <span class='ocrx_word' id='word_1_48' title='bbox 1400 1135 1635 1189; x_wconf 76' lang='lat' dir='ltr'><strong>mulieres</strong></span> <span class='ocrx_word' id='word_1_49' title='bbox 1667 1134 1919 1203; x_wconf 84' lang='lat' dir='ltr'><strong>sapientia</strong></span> <span class='ocrx_word' id='word_1_50' title='bbox 1956 1132 2177 1184; x_wconf 72' lang='lat' dir='ltr'><strong>maxime</strong></span> <span class='ocrx_word' id='word_1_51' title='bbox 2213 1127 2321 1181; x_wconf 80' lang='lat' dir='ltr'><strong>cla-</strong></span> 
     </span>
    </p>
   </div>
   <div class='ocr_carea' id='block_1_9' title="bbox 1435 1211 1665 1254">
    <p class='ocr_par' dir='ltr' id='par_1_9' title="bbox 1435 1211 1665 1254">
     <span class='ocr_line' id='line_1_9' title="bbox 1435 1211 1665 1254; baseline 0.004 -1"><span class='ocrx_word' id='word_1_52' title='bbox 1435 1211 1665 1254; x_wconf 79' lang='lat' dir='ltr'><strong>ruerunt.</strong></span> 
     </span>
    </p>
   </div>
   <div class='ocr_carea' id='block_1_10' title="bbox 872 1301 2312 1380">
    <p class='ocr_par' dir='ltr' id='par_1_10' title="bbox 872 1301 2312 1380">
     <span class='ocr_line' id='line_1_10' title="bbox 872 1301 2312 1380; baseline -0.008 -15"><span class='ocrx_word' id='word_1_53' title='bbox 872 1312 1116 1377; x_wconf 81' lang='lat' dir='ltr'><strong><em>Thamar,</em></strong></span> <span class='ocrx_word' id='word_1_54' title='bbox 1137 1308 1457 1380; x_wconf 63' lang='lat' dir='ltr'><strong>qualudam</strong></span> <span class='ocrx_word' id='word_1_55' title='bbox 1487 1310 1551 1362; x_wconf 88' lang='lat' dir='ltr'><strong>ad</strong></span> <span class='ocrx_word' id='word_1_56' title='bbox 1582 1307 1934 1376; x_wconf 87' lang='lat' dir='ltr'><strong>procreandos</strong></span> <span class='ocrx_word' id='word_1_57' title='bbox 1959 1306 2152 1359; x_wconf 88' lang='lat' dir='ltr'><strong>liberos</strong></span> <span class='ocrx_word' id='word_1_58' title='bbox 2167 1301 2312 1356; x_wconf 81' lang='lat' dir='ltr'><strong>val&#39;re</strong></span> 
     </span>
    </p>
   </div>
   <div class='ocr_carea' id='block_1_11' title="bbox 802 1400 1059 1469">
    <p class='ocr_par' dir='ltr' id='par_1_11' title="bbox 802 1400 1059 1469">
     <span class='ocr_line' id='line_1_11' title="bbox 802 1400 1059 1469; baseline -0.008 -16"><span class='ocrx_word' id='word_1_59' title='bbox 802 1400 1034 1469; x_wconf 74' lang='lat' dir='ltr'><strong>pellexit.</strong></span> <span class='ocrx_word' id='word_1_60' title='bbox 1058 1448 1059 1451; x_wconf 44' lang='grc' dir='ltr'><strong>η</strong></span> 
     </span>
    </p>
   </div>
   <div class='ocr_carea' id='block_1_12' title="bbox 872 1480 2320 1553">
    <p class='ocr_par' dir='ltr' id='par_1_12' title="bbox 872 1480 2320 1553">
     <span class='ocr_line' id='line_1_12' title="bbox 872 1480 2320 1553; baseline -0.008 -12"><span class='ocrx_word' id='word_1_61' title='bbox 872 1489 1113 1549; x_wconf 83' lang='lat' dir='ltr'><strong>Rebecca,</strong></span> <span class='ocrx_word' id='word_1_62' title='bbox 1140 1499 1258 1553; x_wconf 70' lang='lat' dir='ltr'><strong>quae</strong></span> <span class='ocrx_word' id='word_1_63' title='bbox 1282 1500 1366 1539; x_wconf 89' lang='lat' dir='ltr'><strong>res</strong></span> <span class='ocrx_word' id='word_1_64' title='bbox 1391 1485 1461 1537; x_wconf 89' lang='lat' dir='ltr'><strong>ita</strong></span> <span class='ocrx_word' id='word_1_65' title='bbox 1488 1484 1894 1547; x_wconf 72' lang='lat' dir='ltr'><strong>administravit,</strong></span> <span class='ocrx_word' id='word_1_66' title='bbox 1918 1492 1977 1535; x_wconf 93' lang='lat' dir='ltr'><strong>ut</strong></span> <span class='ocrx_word' id='word_1_67' title='bbox 2003 1480 2200 1535; x_wconf 68' lang='lat' dir='ltr'><strong>Iacobo</strong></span> <span class='ocrx_word' id='word_1_68' title='bbox 2227 1491 2320 1546; x_wconf 87' lang='lat' dir='ltr'><strong>pa-</strong></span> 
     </span>
    </p>
   </div>
   <div class='ocr_carea' id='block_1_13' title="bbox 803 1570 2320 1639">
    <p class='ocr_par' dir='ltr' id='par_1_13' title="bbox 803 1570 2320 1639">
     <span class='ocr_line' id='line_1_13' title="bbox 803 1570 2320 1639; baseline -0.005 -10"><span class='ocrx_word' id='word_1_69' title='bbox 803 1589 970 1631; x_wconf 65' lang='lat' dir='ltr'><strong>ternae</strong></span> <span class='ocrx_word' id='word_1_70' title='bbox 999 1574 1392 1628; x_wconf 85' lang='lat' dir='ltr'><strong>benedictiones</strong></span> <span class='ocrx_word' id='word_1_71' title='bbox 1422 1573 1693 1635; x_wconf 88' lang='lat' dir='ltr'><strong>darentur,</strong></span> <span class='ocrx_word' id='word_1_72' title='bbox 1722 1584 1951 1639; x_wconf 84' lang='lat' dir='ltr'><strong>eumque</strong></span> <span class='ocrx_word' id='word_1_73' title='bbox 1993 1570 2046 1623; x_wconf 91' lang='lat' dir='ltr'><strong>in</strong></span> <span class='ocrx_word' id='word_1_74' title='bbox 2077 1570 2320 1638; x_wconf 76' lang='lat' dir='ltr'><strong>Mesopo-</strong></span> 
     </span>
    </p>
   </div>
   <div class='ocr_carea' id='block_1_14' title="bbox 806 1658 2318 1730">
    <p class='ocr_par' dir='ltr' id='par_1_14' title="bbox 806 1658 2318 1730">
     <span class='ocr_line' id='line_1_14' title="bbox 806 1658 2318 1730; baseline -0.005 -12"><span class='ocrx_word' id='word_1_75' title='bbox 806 1666 1019 1718; x_wconf 88' lang='lat' dir='ltr'><strong>tamiam</strong></span> <span class='ocrx_word' id='word_1_76' title='bbox 1064 1663 1127 1715; x_wconf 87' lang='lat' dir='ltr'><strong>ad</strong></span> <span class='ocrx_word' id='word_1_77' title='bbox 1152 1662 1517 1730; x_wconf 84' lang='lat' dir='ltr'><strong>cognationem</strong></span> <span class='ocrx_word' id='word_1_78' title='bbox 1554 1675 1705 1715; x_wconf 83' lang='lat' dir='ltr'><strong>suam</strong></span> <span class='ocrx_word' id='word_1_79' title='bbox 1746 1660 1924 1722; x_wconf 86' lang='lat' dir='ltr'><strong>misit,</strong></span> <span class='ocrx_word' id='word_1_80' title='bbox 1950 1666 2160 1726; x_wconf 84' lang='lat' dir='ltr'><strong>propter</strong></span> <span class='ocrx_word' id='word_1_81' title='bbox 2189 1658 2318 1712; x_wconf 89' lang='lat' dir='ltr'><strong>iram</strong></span> 
     </span>
    </p>
   </div>
   <div class='ocr_carea' id='block_1_15' title="bbox 808 1752 964 1805">
    <p class='ocr_par' dir='ltr' id='par_1_15' title="bbox 808 1752 964 1805">
     <span class='ocr_line' id='line_1_15' title="bbox 808 1752 964 1805; baseline -0.013 0"><span class='ocrx_word' id='word_1_82' title='bbox 808 1752 964 1805; x_wconf 80' lang='lat' dir='ltr'><strong>Esau.</strong></span> 
     </span>
    </p>
   </div>
   <div class='ocr_carea' id='block_1_16' title="bbox 786 1832 2323 1913">
    <p class='ocr_par' dir='ltr' id='par_1_16' title="bbox 786 1832 2323 1913">
     <span class='ocr_line' id='line_1_16' title="bbox 786 1832 2323 1913; baseline -0.003 -22"><span class='ocrx_word' id='word_1_83' title='bbox 786 1900 795 1913; x_wconf 42' lang='lat'><strong><em>&#39;</em></strong></span> <span class='ocrx_word' id='word_1_84' title='bbox 870 1835 1575 1905; x_wconf 71' lang='lat' dir='ltr'><strong>Josabel,lilia&#39;regisloram,</strong></span> <span class='ocrx_word' id='word_1_85' title='bbox 1590 1833 1890 1889; x_wconf 77' lang='lat' dir='ltr'><strong>uxorJodae</strong></span> <span class='ocrx_word' id='word_1_86' title='bbox 1904 1833 2183 1901; x_wconf 80' lang='lat' dir='ltr'><strong>pontiﬁcis.</strong></span> <span class='ocrx_word' id='word_1_87' title='bbox 2204 1832 2323 1887; x_wconf 63' lang='lat' dir='ltr'><strong>Haec</strong></span> 
     </span>
    </p>
   </div>
   <div class='ocr_carea' id='block_1_17' title="bbox 807 1920 2319 1983">
    <p class='ocr_par' dir='ltr' id='par_1_17' title="bbox 807 1920 2319 1983">
     <span class='ocr_line' id='line_1_17' title="bbox 807 1920 2319 1983; baseline -0.004 -4"><span class='ocrx_word' id='word_1_88' title='bbox 807 1928 1086 1981; x_wconf 82' lang='lat' dir='ltr'><strong>occultavit</strong></span> <span class='ocrx_word' id='word_1_89' title='bbox 1114 1925 1237 1979; x_wconf 83' lang='lat' dir='ltr'><strong>Joas</strong></span> <span class='ocrx_word' id='word_1_90' title='bbox 1270 1926 1431 1980; x_wconf 87' lang='lat' dir='ltr'><strong>lilium</strong></span> <span class='ocrx_word' id='word_1_91' title='bbox 1465 1922 1706 1978; x_wconf 74' lang='lat' dir='ltr'><strong>Ochoziae</strong></span> <span class='ocrx_word' id='word_1_92' title='bbox 1734 1920 1914 1974; x_wconf 82' lang='lat' dir='ltr'><strong>fratris</strong></span> <span class='ocrx_word' id='word_1_93' title='bbox 1957 1921 2041 1974; x_wconf 88' lang='lat' dir='ltr'><strong>sui</strong></span> <span class='ocrx_word' id='word_1_94' title='bbox 2066 1957 2083 1983; x_wconf 92' lang='lat'><strong>,</strong></span> <span class='ocrx_word' id='word_1_95' title='bbox 2115 1932 2169 1973; x_wconf 91' lang='lat' dir='ltr'><strong>ut</strong></span> <span class='ocrx_word' id='word_1_96' title='bbox 2198 1936 2264 1974; x_wconf 84' lang='lat' dir='ltr'><strong>ne</strong></span> <span class='ocrx_word' id='word_1_97' title='bbox 2291 1936 2319 1973; x_wconf 88' lang='lat' dir='ltr'><strong>a</strong></span> 
     </span>
    </p>
   </div>
   <div class='ocr_carea' id='block_1_18' title="bbox 808 2009 2319 2078">
    <p class='ocr_par' dir='ltr' id='par_1_18' title="bbox 808 2009 2319 2078">
     <span class='ocr_line' id='line_1_18' title="bbox 808 2009 2319 2078; baseline -0.007 -7"><span class='ocrx_word' id='word_1_98' title='bbox 808 2016 1026 2071; x_wconf 81' lang='lat' dir='ltr'><strong>Godolia</strong></span> <span class='ocrx_word' id='word_1_99' title='bbox 1056 2014 1453 2074; x_wconf 75' lang='lat' dir='ltr'><strong>interﬁceretur,</strong></span> <span class='ocrx_word' id='word_1_100' title='bbox 1485 2024 1712 2078; x_wconf 85' lang='lat' dir='ltr'><strong>eumque</strong></span> <span class='ocrx_word' id='word_1_101' title='bbox 1744 2009 1994 2071; x_wconf 79' lang='lat' dir='ltr'><strong>servavit,</strong></span> <span class='ocrx_word' id='word_1_102' title='bbox 2022 2024 2128 2077; x_wconf 85' lang='lat' dir='ltr'><strong>quo</strong></span> <span class='ocrx_word' id='word_1_103' title='bbox 2151 2009 2319 2075; x_wconf 80' lang='lat' dir='ltr'><strong>palam</strong></span> 
     </span>
    </p>
   </div>
   <div class='ocr_carea' id='block_1_19' title="bbox 808 2098 2021 2165">
    <p class='ocr_par' dir='ltr' id='par_1_19' title="bbox 808 2098 2021 2165">
     <span class='ocr_line' id='line_1_19' title="bbox 808 2098 2021 2165; baseline -0.004 -9"><span class='ocrx_word' id='word_1_104' title='bbox 808 2103 953 2157; x_wconf 74' lang='lat' dir='ltr'><strong>ﬁeret</strong></span> <span class='ocrx_word' id='word_1_105' title='bbox 982 2103 1167 2155; x_wconf 82' lang='lat' dir='ltr'><strong>adesse</strong></span> <span class='ocrx_word' id='word_1_106' title='bbox 1190 2112 1558 2155; x_wconf 82' lang='lat' dir='ltr'><strong>successorem</strong></span> <span class='ocrx_word' id='word_1_107' title='bbox 1593 2098 1825 2151; x_wconf 79' lang='lat' dir='ltr'><strong>Davidici</strong></span> <span class='ocrx_word' id='word_1_108' title='bbox 1856 2098 2021 2165; x_wconf 88' lang='lat' dir='ltr'><strong>regni.</strong></span> 
     </span>
    </p>
   </div>
   <div class='ocr_carea' id='block_1_20' title="bbox 873 2269 2317 2337">
    <p class='ocr_par' dir='ltr' id='par_1_20' title="bbox 873 2269 2317 2337">
     <span class='ocr_line' id='line_1_20' title="bbox 873 2269 2317 2337; baseline -0.006 -9"><span class='ocrx_word' id='word_1_109' title='bbox 873 2273 1155 2328; x_wconf 76' lang='lat' dir='ltr'><strong>Sunamitis</strong></span> <span class='ocrx_word' id='word_1_110' title='bbox 1186 2272 1323 2325; x_wconf 83' lang='lat' dir='ltr'><strong>haud</strong></span> <span class='ocrx_word' id='word_1_111' title='bbox 1376 2271 1549 2324; x_wconf 87' lang='lat' dir='ltr'><strong>minus</strong></span> <span class='ocrx_word' id='word_1_112' title='bbox 1590 2269 1823 2337; x_wconf 86' lang='lat' dir='ltr'><strong>sapiens,</strong></span> <span class='ocrx_word' id='word_1_113' title='bbox 1852 2282 1968 2336; x_wconf 76' lang='lat' dir='ltr'><strong>qua:</strong></span> <span class='ocrx_word' id='word_1_114' title='bbox 2015 2272 2317 2336; x_wconf 84' lang='lat' dir='ltr'><strong>pr0phetam</strong></span> 
     </span>
    </p>
   </div>
   <div class='ocr_carea' id='block_1_21' title="bbox 809 2357 2320 2426">
    <p class='ocr_par' dir='ltr' id='par_1_21' title="bbox 809 2357 2320 2426">
     <span class='ocr_line' id='line_1_21' title="bbox 809 2357 2320 2426; baseline -0.005 -11"><span class='ocrx_word' id='word_1_115' title='bbox 809 2364 1054 2415; x_wconf 73' lang='lat' dir='ltr'><strong>Elismutu</strong></span> <span class='ocrx_word' id='word_1_116' title='bbox 1105 2361 1333 2426; x_wconf 85' lang='lat' dir='ltr'><strong>hospitio</strong></span> <span class='ocrx_word' id='word_1_117' title='bbox 1374 2359 1599 2425; x_wconf 74' lang='lat' dir='ltr'><strong>excepit,</strong></span> <span class='ocrx_word' id='word_1_118' title='bbox 1636 2358 1748 2409; x_wconf 86' lang='lat' dir='ltr'><strong>sive</strong></span> <span class='ocrx_word' id='word_1_119' title='bbox 1778 2357 1847 2408; x_wconf 91' lang='lat' dir='ltr'><strong>ob</strong></span> <span class='ocrx_word' id='word_1_120' title='bbox 1878 2369 2220 2422; x_wconf 50' lang='lat' dir='ltr'><strong>pra&#39;paratam</strong></span> <span class='ocrx_word' id='word_1_121' title='bbox 2246 2358 2320 2407; x_wconf 88' lang='lat' dir='ltr'><strong>illi</strong></span> 
     </span>
    </p>
   </div>
   <div class='ocr_carea' id='block_1_22' title="bbox 813 2442 2320 2512">
    <p class='ocr_par' dir='ltr' id='par_1_22' title="bbox 813 2442 2320 2512">
     <span class='ocr_line' id='line_1_22' title="bbox 813 2442 2320 2512; baseline -0.005 -9"><span class='ocrx_word' id='word_1_122' title='bbox 813 2453 1058 2512; x_wconf 76' lang='lat' dir='ltr'><strong>deruunt,</strong></span> <span class='ocrx_word' id='word_1_123' title='bbox 1089 2447 1198 2500; x_wconf 83' lang='lat' dir='ltr'><strong>sive</strong></span> <span class='ocrx_word' id='word_1_124' title='bbox 1240 2447 1311 2498; x_wconf 88' lang='lat' dir='ltr'><strong>ob</strong></span> <span class='ocrx_word' id='word_1_125' title='bbox 1352 2445 1717 2498; x_wconf 76' lang='lat' dir='ltr'><strong>assidui1atem</strong></span> <span class='ocrx_word' id='word_1_126' title='bbox 1758 2457 1882 2509; x_wconf 84' lang='lat' dir='ltr'><strong>erga</strong></span> <span class='ocrx_word' id='word_1_127' title='bbox 1929 2444 2236 2509; x_wconf 84' lang='lat' dir='ltr'><strong>prophetam</strong></span> <span class='ocrx_word' id='word_1_128' title='bbox 2255 2442 2320 2495; x_wconf 67' lang='grc'><strong>’⁸.</strong></span> 
     </span>
    </p>
   </div>
   <div class='ocr_carea' id='block_1_23' title="bbox 813 2548 2323 2615">
    <p class='ocr_par' dir='ltr' id='par_1_23' title="bbox 813 2548 2323 2615">
     <span class='ocr_line' id='line_1_23' title="bbox 813 2548 2323 2615; baseline -0.008 -4"><span class='ocrx_word' id='word_1_129' title='bbox 813 2556 956 2611; x_wconf 83' lang='lat' dir='ltr'><strong>CAP.</strong></span> <span class='ocrx_word' id='word_1_130' title='bbox 990 2552 1169 2607; x_wconf 78' lang='lat' dir='ltr'><strong>XLIII.</strong></span> <span class='ocrx_word' id='word_1_131' title='bbox 1200 2580 1267 2593; x_wconf 90' lang='lat'>——</span> <span class='ocrx_word' id='word_1_132' title='bbox 1289 2551 1511 2615; x_wconf 81' lang='lat' dir='ltr'><strong>Quinam</strong></span> <span class='ocrx_word' id='word_1_133' title='bbox 1535 2552 1593 2601; x_wconf 83' lang='lat' dir='ltr'><strong>ob</strong></span> <span class='ocrx_word' id='word_1_134' title='bbox 1625 2550 1836 2601; x_wconf 83' lang='lat' dir='ltr'><strong>nimiam</strong></span> <span class='ocrx_word' id='word_1_135' title='bbox 1863 2548 2188 2614; x_wconf 73' lang='lat' dir='ltr'><strong>sapientiam,</strong></span> <span class='ocrx_word' id='word_1_136' title='bbox 2215 2548 2323 2613; x_wconf 88' lang='lat' dir='ltr'><strong>ipsa</strong></span> 
     </span>
    </p>
   </div>
   <div class='ocr_carea' id='block_1_24' title="bbox 1198 2618 1918 2687">
    <p class='ocr_par' dir='ltr' id='par_1_24' title="bbox 1198 2618 1918 2687">
     <span class='ocr_line' id='line_1_24' title="bbox 1198 2618 1918 2687; baseline -0.008 -13"><span class='ocrx_word' id='word_1_137' title='bbox 1198 2636 1297 2674; x_wconf 79' lang='lat' dir='ltr'><strong>sua</strong></span> <span class='ocrx_word' id='word_1_138' title='bbox 1313 2619 1569 2687; x_wconf 70' lang='lat' dir='ltr'><strong>sapientia</strong></span> <span class='ocrx_word' id='word_1_139' title='bbox 1597 2618 1918 2669; x_wconf 65' lang='lat' dir='ltr'><strong>interierunt.</strong></span> 
     </span>
    </p>
   </div>
   <div class='ocr_carea' id='block_1_25' title="bbox 881 2718 2324 2795">
    <p class='ocr_par' dir='ltr' id='par_1_25' title="bbox 881 2718 2324 2795">
     <span class='ocr_line' id='line_1_25' title="bbox 881 2718 2324 2795; baseline -0.004 -14"><span class='ocrx_word' id='word_1_140' title='bbox 881 2731 983 2793; x_wconf 80' lang='lat' dir='ltr'><strong>Qui</strong></span> <span class='ocrx_word' id='word_1_141' title='bbox 1019 2730 1206 2782; x_wconf 71' lang='lat' dir='ltr'><strong>turrim</strong></span> <span class='ocrx_word' id='word_1_142' title='bbox 1238 2728 1301 2780; x_wconf 88' lang='lat' dir='ltr'><strong>ad</strong></span> <span class='ocrx_word' id='word_1_143' title='bbox 1339 2727 1531 2780; x_wconf 75' lang='lat' dir='ltr'><strong>omium</strong></span> <span class='ocrx_word' id='word_1_144' title='bbox 1574 2740 1739 2792; x_wconf 85' lang='lat' dir='ltr'><strong>usque</strong></span> <span class='ocrx_word' id='word_1_145' title='bbox 1781 2718 2158 2792; x_wconf 85' lang='lat' dir='ltr'><strong>pertingentem</strong></span> <span class='ocrx_word' id='word_1_146' title='bbox 2197 2724 2324 2795; x_wconf 69' lang='lat' dir='ltr'><strong>aedi-</strong></span> 
     </span>
    </p>
   </div>
   <div class='ocr_carea' id='block_1_26' title="bbox 812 2811 2320 2880">
    <p class='ocr_par' dir='ltr' id='par_1_26' title="bbox 812 2811 2320 2880">
     <span class='ocr_line' id='line_1_26' title="bbox 812 2811 2320 2880; baseline -0.005 -11"><span class='ocrx_word' id='word_1_147' title='bbox 812 2818 971 2870; x_wconf 73' lang='lat' dir='ltr'><strong>ﬁcare</strong></span> <span class='ocrx_word' id='word_1_148' title='bbox 1011 2817 1288 2877; x_wconf 87' lang='lat' dir='ltr'><strong>volebant,</strong></span> <span class='ocrx_word' id='word_1_149' title='bbox 1319 2813 1613 2880; x_wconf 79' lang='lat' dir='ltr'><strong>linguarum</strong></span> <span class='ocrx_word' id='word_1_150' title='bbox 1657 2812 1916 2865; x_wconf 86' lang='lat' dir='ltr'><strong>divisione</strong></span> <span class='ocrx_word' id='word_1_151' title='bbox 1944 2811 2149 2878; x_wconf 85' lang='lat' dir='ltr'><strong>disjecti</strong></span> <span class='ocrx_word' id='word_1_152' title='bbox 2181 2818 2320 2863; x_wconf 89' lang='lat' dir='ltr'><strong>sunt.</strong></span> 
     </span>
    </p>
   </div>
   <div class='ocr_carea' id='block_1_27' title="bbox 884 2900 2321 2971">
    <p class='ocr_par' dir='ltr' id='par_1_27' title="bbox 884 2900 2321 2971">
     <span class='ocr_line' id='line_1_27' title="bbox 884 2900 2321 2971; baseline -0.006 -14"><span class='ocrx_word' id='word_1_153' title='bbox 884 2906 1113 2965; x_wconf 77' lang='lat' dir='ltr'><strong>Pharao,</strong></span> <span class='ocrx_word' id='word_1_154' title='bbox 1142 2904 1231 2971; x_wconf 91' lang='lat' dir='ltr'><strong>qui</strong></span> <span class='ocrx_word' id='word_1_155' title='bbox 1257 2911 1374 2954; x_wconf 87' lang='lat' dir='ltr'><strong>astu</strong></span> <span class='ocrx_word' id='word_1_156' title='bbox 1401 2902 1578 2968; x_wconf 85' lang='lat' dir='ltr'><strong>pepuli</strong></span> <span class='ocrx_word' id='word_1_157' title='bbox 1602 2902 1869 2955; x_wconf 88' lang='lat' dir='ltr'><strong>interitum</strong></span> <span class='ocrx_word' id='word_1_158' title='bbox 1901 2900 2321 2959; x_wconf 80' lang='lat' dir='ltr'><strong>maeliinabatur,</strong></span> 
     </span>
    </p>
   </div>
   <div class='ocr_carea' id='block_1_28' title="bbox 812 2988 2322 3062">
    <p class='ocr_par' dir='ltr' id='par_1_28' title="bbox 812 2988 2322 3062">
     <span class='ocr_line' id='line_1_28' title="bbox 812 2988 2322 3062; baseline -0.005 -15"><span class='ocrx_word' id='word_1_159' title='bbox 812 3009 1011 3062; x_wconf 68' lang='lat' dir='ltr'><strong>eosque</strong></span> <span class='ocrx_word' id='word_1_160' title='bbox 1045 2994 1096 3045; x_wconf 88' lang='lat' dir='ltr'><strong>in</strong></span> <span class='ocrx_word' id='word_1_161' title='bbox 1120 3004 1300 3044; x_wconf 84' lang='lat' dir='ltr'><strong>servos</strong></span> <span class='ocrx_word' id='word_1_162' title='bbox 1332 2991 1556 3044; x_wconf 87' lang='lat' dir='ltr'><strong>retinere</strong></span> <span class='ocrx_word' id='word_1_163' title='bbox 1590 2990 1796 3043; x_wconf 85' lang='lat' dir='ltr'><strong>volebat</strong></span> <span class='ocrx_word' id='word_1_164' title='bbox 1824 3026 1840 3053; x_wconf 89' lang='lat'><strong>,</strong></span> <span class='ocrx_word' id='word_1_165' title='bbox 1870 2988 2096 3057; x_wconf 89' lang='lat' dir='ltr'><strong>ipsomet</strong></span> <span class='ocrx_word' id='word_1_166' title='bbox 2132 2996 2322 3040; x_wconf 85' lang='lat' dir='ltr'><strong>conatu</strong></span> 
     </span>
    </p>
   </div>
   <div class='ocr_carea' id='block_1_29' title="bbox 816 3080 1159 3136">
    <p class='ocr_par' dir='ltr' id='par_1_29' title="bbox 816 3080 1159 3136">
     <span class='ocr_line' id='line_1_29' title="bbox 816 3080 1159 3136; baseline -0.012 0"><span class='ocrx_word' id='word_1_167' title='bbox 816 3099 911 3136; x_wconf 86' lang='lat' dir='ltr'><strong>suo</strong></span> <span class='ocrx_word' id='word_1_168' title='bbox 942 3080 1159 3135; x_wconf 87' lang='lat' dir='ltr'><strong>interiit.</strong></span> 
     </span>
    </p>
   </div>
   <div class='ocr_carea' id='block_1_30' title="bbox 879 3150 2394 3233">
    <p class='ocr_par' dir='ltr' id='par_1_30' title="bbox 879 3150 2394 3233">
     <span class='ocr_line' id='line_1_30' title="bbox 879 3150 2394 3233; baseline -0.007 -14"><span class='ocrx_word' id='word_1_169' title='bbox 879 3167 1185 3225; x_wconf 76' lang='lat' dir='ltr'><strong>Abmelech.</strong></span> <span class='ocrx_word' id='word_1_170' title='bbox 1219 3150 1477 3218; x_wconf 85' lang='lat' dir='ltr'><strong>Gedeonis</strong></span> <span class='ocrx_word' id='word_1_171' title='bbox 1508 3163 1663 3227; x_wconf 79' lang='lat' dir='ltr'><strong>illius,</strong></span> <span class='ocrx_word' id='word_1_172' title='bbox 1685 3162 1812 3216; x_wconf 88' lang='lat' dir='ltr'><strong>dum</strong></span> <span class='ocrx_word' id='word_1_173' title='bbox 1840 3161 1983 3215; x_wconf 82' lang='lat' dir='ltr'><strong>valre</strong></span> <span class='ocrx_word' id='word_1_174' title='bbox 2007 3162 2070 3213; x_wconf 87' lang='lat' dir='ltr'><strong>ad</strong></span> <span class='ocrx_word' id='word_1_175' title='bbox 2105 3176 2160 3214; x_wconf 90' lang='lat' dir='ltr'><strong>se</strong></span> <span class='ocrx_word' id='word_1_176' title='bbox 2192 3160 2324 3227; x_wconf 82' lang='lat' dir='ltr'><strong>regi-</strong></span> <span class='ocrx_word' id='word_1_177' title='bbox 2351 3174 2394 3233; x_wconf 70' lang='grc' dir='ltr'><strong>ρ</strong></span> 
     </span>
    </p>
   </div>
   <div class='ocr_carea' id='block_1_31' title="bbox 818 3251 2323 3315">
    <p class='ocr_par' dir='ltr' id='par_1_31' title="bbox 818 3251 2323 3315">
     <span class='ocr_line' id='line_1_31' title="bbox 818 3251 2323 3315; baseline -0.006 -7"><span class='ocrx_word' id='word_1_178' title='bbox 818 3273 934 3308; x_wconf 84' lang='lat' dir='ltr'><strong>men</strong></span> <span class='ocrx_word' id='word_1_179' title='bbox 960 3258 1169 3309; x_wconf 81' lang='lat' dir='ltr'><strong>trahere</strong></span> <span class='ocrx_word' id='word_1_180' title='bbox 1199 3256 1381 3305; x_wconf 88' lang='lat' dir='ltr'><strong>nititur</strong></span> <span class='ocrx_word' id='word_1_181' title='bbox 1405 3292 1418 3315; x_wconf 90' lang='lat'><strong>,</strong></span> <span class='ocrx_word' id='word_1_182' title='bbox 1448 3266 1511 3304; x_wconf 87' lang='lat' dir='ltr'><strong>ac</strong></span> <span class='ocrx_word' id='word_1_183' title='bbox 1556 3252 1745 3303; x_wconf 83' lang='lat' dir='ltr'><strong>lratres</strong></span> <span class='ocrx_word' id='word_1_184' title='bbox 1776 3264 1902 3301; x_wconf 91' lang='lat' dir='ltr'><strong>suos</strong></span> <span class='ocrx_word' id='word_1_185' title='bbox 1927 3266 2026 3300; x_wconf 69' lang='grc' dir='ltr'><strong>ιιι</strong></span> <span class='ocrx_word' id='word_1_186' title='bbox 2060 3251 2323 3310; x_wconf 81' lang='lat' dir='ltr'><strong>interﬁcit,</strong></span> 
     </span>
    </p>
   </div>
   <div class='ocr_carea' id='block_1_32' title="bbox 817 3338 1986 3402">
    <p class='ocr_par' dir='ltr' id='par_1_32' title="bbox 817 3338 1986 3402">
     <span class='ocr_line' id='line_1_32' title="bbox 817 3338 1986 3402; baseline -0.008 -6"><span class='ocrx_word' id='word_1_187' title='bbox 817 3360 847 3396; x_wconf 89' lang='lat' dir='ltr'><strong>a</strong></span> <span class='ocrx_word' id='word_1_188' title='bbox 880 3342 1185 3395; x_wconf 79' lang='lat' dir='ltr'><strong>muliercula</strong></span> <span class='ocrx_word' id='word_1_189' title='bbox 1215 3355 1308 3392; x_wconf 90' lang='lat' dir='ltr'><strong>ceu</strong></span> <span class='ocrx_word' id='word_1_190' title='bbox 1339 3338 1488 3391; x_wconf 86' lang='lat' dir='ltr'><strong>cauis</strong></span> <span class='ocrx_word' id='word_1_191' title='bbox 1519 3338 1865 3402; x_wconf 86' lang='lat' dir='ltr'><strong>interemptus</strong></span> <span class='ocrx_word' id='word_1_192' title='bbox 1886 3345 1986 3389; x_wconf 76' lang='lat' dir='ltr'><strong>est.</strong></span> 
     </span>
    </p>
   </div>
   <div class='ocr_carea' id='block_1_33' title="bbox 889 3422 2325 3496">
    <p class='ocr_par' dir='ltr' id='par_1_33' title="bbox 889 3422 2325 3496">
     <span class='ocr_line' id='line_1_33' title="bbox 889 3422 2325 3496; baseline -0.006 -14"><span class='ocrx_word' id='word_1_193' title='bbox 889 3428 1039 3491; x_wconf 75' lang='lat' dir='ltr'><strong>Sani,</strong></span> <span class='ocrx_word' id='word_1_194' title='bbox 1077 3426 1409 3480; x_wconf 78' lang='lat' dir='ltr'><strong>machinatus</strong></span> <span class='ocrx_word' id='word_1_195' title='bbox 1444 3422 1654 3477; x_wconf 85' lang='lat' dir='ltr'><strong>Davidis</strong></span> <span class='ocrx_word' id='word_1_196' title='bbox 1684 3437 1886 3485; x_wconf 84' lang='lat' dir='ltr'><strong>necem,</strong></span> <span class='ocrx_word' id='word_1_197' title='bbox 1934 3423 2243 3496; x_wconf 81' lang='lat' dir='ltr'><strong>hastamque</strong></span> <span class='ocrx_word' id='word_1_198' title='bbox 2275 3422 2325 3473; x_wconf 87' lang='lat' dir='ltr'><strong>in</strong></span> 
     </span>
    </p>
   </div>
   <div class='ocr_carea' id='block_1_34' title="bbox 819 3510 2051 3582">
    <p class='ocr_par' dir='ltr' id='par_1_34' title="bbox 819 3510 2051 3582">
     <span class='ocr_line' id='line_1_34' title="bbox 819 3510 2051 3582; baseline -0.006 -14"><span class='ocrx_word' id='word_1_199' title='bbox 819 3517 965 3569; x_wconf 85' lang='lat' dir='ltr'><strong>illum</strong></span> <span class='ocrx_word' id='word_1_200' title='bbox 1004 3525 1382 3582; x_wconf 85' lang='lat' dir='ltr'><strong>contorquens,</strong></span> <span class='ocrx_word' id='word_1_201' title='bbox 1404 3510 1618 3581; x_wconf 89' lang='lat' dir='ltr'><strong>proprio</strong></span> <span class='ocrx_word' id='word_1_202' title='bbox 1645 3510 1818 3580; x_wconf 80' lang='lat' dir='ltr'><strong>gladio</strong></span> <span class='ocrx_word' id='word_1_203' title='bbox 1838 3512 2051 3562; x_wconf 83' lang='lat' dir='ltr'><strong>interiit.</strong></span> 
     </span>
    </p>
   </div>
   <div class='ocr_carea' id='block_1_35' title="bbox 886 3688 2327 3763">
    <p class='ocr_par' dir='ltr' id='par_1_35' title="bbox 886 3688 2327 3763">
     <span class='ocr_line' id='line_1_35' title="bbox 886 3688 2327 3763; baseline -0.006 -13"><span class='ocrx_word' id='word_1_204' title='bbox 886 3696 1182 3763; x_wconf 78' lang='lat' dir='ltr'><strong>Achitophel</strong></span> <span class='ocrx_word' id='word_1_205' title='bbox 1212 3695 1418 3749; x_wconf 80' lang='lat' dir='ltr'><strong>funesta</strong></span> <span class='ocrx_word' id='word_1_206' title='bbox 1442 3693 1661 3747; x_wconf 65' lang='lat' dir='ltr'><strong>consilia</strong></span> <span class='ocrx_word' id='word_1_207' title='bbox 1694 3690 2004 3747; x_wconf 89' lang='lat' dir='ltr'><strong>meditatus.</strong></span> <span class='ocrx_word' id='word_1_208' title='bbox 2030 3688 2119 3740; x_wconf 85' lang='lat' dir='ltr'><strong>sed</strong></span> <span class='ocrx_word' id='word_1_209' title='bbox 2154 3688 2327 3741; x_wconf 85' lang='lat' dir='ltr'><strong>minus</strong></span> 
     </span>
    </p>
   </div>
   <div class='ocr_carea' id='block_1_36' title="bbox 818 3775 2328 3855">
    <p class='ocr_par' dir='ltr' id='par_1_36' title="bbox 818 3775 2328 3855">
     <span class='ocr_line' id='line_1_36' title="bbox 818 3775 2328 3855; baseline -0.005 -18"><span class='ocrx_word' id='word_1_210' title='bbox 818 3790 1070 3855; x_wconf 75' lang='lat' dir='ltr'><strong>probatus</strong></span> <span class='ocrx_word' id='word_1_211' title='bbox 1099 3785 1237 3851; x_wconf 85' lang='lat' dir='ltr'><strong>apud</strong></span> <span class='ocrx_word' id='word_1_212' title='bbox 1284 3782 1592 3837; x_wconf 80' lang='lat' dir='ltr'><strong>Abessalom</strong></span> <span class='ocrx_word' id='word_1_213' title='bbox 1636 3778 1894 3833; x_wconf 87' lang='lat' dir='ltr'><strong>industria</strong></span> <span class='ocrx_word' id='word_1_214' title='bbox 1933 3776 2115 3839; x_wconf 85' lang='lat' dir='ltr'><strong>Chusi,</strong></span> <span class='ocrx_word' id='word_1_215' title='bbox 2143 3775 2328 3842; x_wconf 72' lang='lat' dir='ltr'><strong>laqueo</strong></span> 
     </span>
    </p>
   </div>
   <div class='ocr_carea' id='block_1_37' title="bbox 822 3874 1779 3929">
    <p class='ocr_par' dir='ltr' id='par_1_37' title="bbox 822 3874 1779 3929">
     <span class='ocr_line' id='line_1_37' title="bbox 822 3874 1779 3929; baseline -0.004 -2"><span class='ocrx_word' id='word_1_216' title='bbox 822 3878 977 3929; x_wconf 87' lang='lat' dir='ltr'><strong>vitam</strong></span> <span class='ocrx_word' id='word_1_217' title='bbox 1000 3874 1185 3927; x_wconf 84' lang='lat' dir='ltr'><strong>ﬁnivit.</strong></span> <span class='ocrx_word' id='word_1_218' title='bbox 1775 3919 1779 3923; x_wconf 80' lang='lat'><strong>.</strong></span> 
     </span>
    </p>
   </div>
   <div class='ocr_carea' id='block_1_38' title="bbox 822 3956 2324 4029">
    <p class='ocr_par' dir='ltr' id='par_1_38' title="bbox 822 3956 2324 4029">
     <span class='ocr_line' id='line_1_38' title="bbox 822 3956 2324 4029; baseline -0.009 -12"><span class='ocrx_word' id='word_1_219' title='bbox 822 3972 827 3977; x_wconf 90' lang='lat'><em>&#39;</em></span> <span class='ocrx_word' id='word_1_220' title='bbox 893 3967 991 4029; x_wconf 79' lang='lat' dir='ltr'><strong>Qui</strong></span> <span class='ocrx_word' id='word_1_221' title='bbox 1045 3961 1303 4016; x_wconf 81' lang='lat' dir='ltr'><strong>Danielem</strong></span> <span class='ocrx_word' id='word_1_222' title='bbox 1354 3958 1590 4014; x_wconf 89' lang='lat' dir='ltr'><strong>leonibus</strong></span> <span class='ocrx_word' id='word_1_223' title='bbox 1643 3956 1992 4025; x_wconf 70' lang='lat' dir='ltr'><strong>obiiciendum</strong></span> <span class='ocrx_word' id='word_1_224' title='bbox 2038 3961 2324 4019; x_wconf 86' lang='lat' dir='ltr'><strong>curarunt,</strong></span> 
     </span>
    </p>
   </div>
   <div class='ocr_carea' id='block_1_39' title="bbox 822 4049 1422 4124">
    <p class='ocr_par' dir='ltr' id='par_1_39' title="bbox 822 4049 1422 4124">
     <span class='ocr_line' id='line_1_39' title="bbox 822 4049 1422 4124; baseline -0.012 -17"><span class='ocrx_word' id='word_1_225' title='bbox 822 4060 1031 4124; x_wconf 74' lang='lat' dir='ltr'><strong>ipsimct</strong></span> <span class='ocrx_word' id='word_1_226' title='bbox 1061 4052 1185 4105; x_wconf 76' lang='lat' dir='ltr'><strong>feris</strong></span> <span class='ocrx_word' id='word_1_227' title='bbox 1211 4049 1422 4116; x_wconf 80' lang='lat' dir='ltr'><strong>objecti.</strong></span> 
     </span>
    </p>
   </div>
   <div class='ocr_carea' id='block_1_40' title="bbox 893 4127 2330 4201">
    <p class='ocr_par' dir='ltr' id='par_1_40' title="bbox 893 4127 2330 4201">
     <span class='ocr_line' id='line_1_40' title="bbox 893 4127 2330 4201; baseline -0.011 -7"><span class='ocrx_word' id='word_1_228' title='bbox 893 4146 953 4194; x_wconf 72' lang='lat' dir='ltr'><strong>Et</strong></span> <span class='ocrx_word' id='word_1_229' title='bbox 982 4142 1152 4193; x_wconf 86' lang='lat' dir='ltr'><strong>adhuc</strong></span> <span class='ocrx_word' id='word_1_230' title='bbox 1180 4148 1354 4200; x_wconf 86' lang='lat' dir='ltr'><strong>antea,</strong></span> <span class='ocrx_word' id='word_1_231' title='bbox 1381 4134 1587 4201; x_wconf 77' lang='lat' dir='ltr'><strong>Josephi</strong></span> <span class='ocrx_word' id='word_1_232' title='bbox 1614 4134 1819 4200; x_wconf 76' lang='lat' dir='ltr'><strong>fratres,</strong></span> <span class='ocrx_word' id='word_1_233' title='bbox 1843 4132 1933 4199; x_wconf 91' lang='lat' dir='ltr'><strong>qui</strong></span> <span class='ocrx_word' id='word_1_234' title='bbox 1965 4138 2138 4183; x_wconf 89' lang='lat' dir='ltr'><strong>astuto</strong></span> <span class='ocrx_word' id='word_1_235' title='bbox 2162 4127 2330 4180; x_wconf 89' lang='lat' dir='ltr'><strong>consi-</strong></span> 
     </span>
    </p>
   </div>
   <div class='ocr_carea' id='block_1_41' title="bbox 823 4212 2331 4285">
    <p class='ocr_par' dir='ltr' id='par_1_41' title="bbox 823 4212 2331 4285">
     <span class='ocr_line' id='line_1_41' title="bbox 823 4212 2331 4285; baseline -0.015 -3"><span class='ocrx_word' id='word_1_236' title='bbox 823 4233 894 4282; x_wconf 79' lang='lat' dir='ltr'><strong>lio</strong></span> <span class='ocrx_word' id='word_1_237' title='bbox 937 4228 1017 4279; x_wconf 87' lang='lat' dir='ltr'><strong>usi</strong></span> <span class='ocrx_word' id='word_1_238' title='bbox 1048 4234 1206 4285; x_wconf 88' lang='lat' dir='ltr'><strong>sunt,</strong></span> <span class='ocrx_word' id='word_1_239' title='bbox 1246 4231 1304 4275; x_wconf 90' lang='lat' dir='ltr'><strong>ut</strong></span> <span class='ocrx_word' id='word_1_240' title='bbox 1344 4222 1546 4275; x_wconf 86' lang='lat' dir='ltr'><strong>irritam</strong></span> <span class='ocrx_word' id='word_1_241' title='bbox 1601 4219 1879 4272; x_wconf 86' lang='lat' dir='ltr'><strong>redderent</strong></span> <span class='ocrx_word' id='word_1_242' title='bbox 1922 4228 2065 4281; x_wconf 88' lang='lat' dir='ltr'><strong>spem</strong></span> <span class='ocrx_word' id='word_1_243' title='bbox 2114 4212 2228 4277; x_wconf 87' lang='lat' dir='ltr'><strong>ejus</strong></span> <span class='ocrx_word' id='word_1_244' title='bbox 2267 4213 2331 4261; x_wconf 85' lang='lat' dir='ltr'><strong>de</strong></span> 
     </span>
    </p>
   </div>
   <div class='ocr_carea' id='block_1_42' title="bbox 829 4294 2330 4379">
    <p class='ocr_par' dir='ltr' id='par_1_42' title="bbox 829 4294 2330 4379">
     <span class='ocr_line' id='line_1_42' title="bbox 829 4294 2330 4379; baseline -0.014 -14"><span class='ocrx_word' id='word_1_245' title='bbox 829 4314 1035 4379; x_wconf 65' lang='lat' dir='ltr'><strong>propria</strong></span> <span class='ocrx_word' id='word_1_246' title='bbox 1068 4310 1232 4376; x_wconf 78' lang='lat' dir='ltr'><strong>gloria</strong></span> <span class='ocrx_word' id='word_1_247' title='bbox 1263 4322 1325 4360; x_wconf 76' lang='lat' dir='ltr'><strong>ex</strong></span> <span class='ocrx_word' id='word_1_248' title='bbox 1355 4304 1573 4358; x_wconf 88' lang='lat' dir='ltr'><strong>somniis</strong></span> <span class='ocrx_word' id='word_1_249' title='bbox 1606 4310 1912 4367; x_wconf 87' lang='lat' dir='ltr'><strong>conceptam</strong></span> <span class='ocrx_word' id='word_1_250' title='bbox 1940 4336 1954 4359; x_wconf 93' lang='lat'><strong>,</strong></span> <span class='ocrx_word' id='word_1_251' title='bbox 1986 4299 2051 4348; x_wconf 85' lang='lat' dir='ltr'><strong>ab</strong></span> <span class='ocrx_word' id='word_1_252' title='bbox 2082 4298 2222 4347; x_wconf 79' lang='lat' dir='ltr'><strong>illius</strong></span> <span class='ocrx_word' id='word_1_253' title='bbox 2244 4294 2330 4360; x_wconf 83' lang='lat' dir='ltr'><strong>ju-</strong></span> 
     </span>
    </p>
   </div>
   <div class='ocr_carea' id='block_1_43' title="bbox 829 4384 2230 4459">
    <p class='ocr_par' dir='ltr' id='par_1_43' title="bbox 829 4384 2230 4459">
     <span class='ocr_line' id='line_1_43' title="bbox 829 4384 2230 4459; baseline -0.014 -8"><span class='ocrx_word' id='word_1_254' title='bbox 829 4402 963 4451; x_wconf 77' lang='lat' dir='ltr'><strong>dicio</strong></span> <span class='ocrx_word' id='word_1_255' title='bbox 985 4412 1039 4448; x_wconf 90' lang='lat' dir='ltr'><strong>se</strong></span> <span class='ocrx_word' id='word_1_256' title='bbox 1067 4407 1296 4459; x_wconf 83' lang='lat' dir='ltr'><strong>suasque</strong></span> <span class='ocrx_word' id='word_1_257' title='bbox 1318 4406 1400 4443; x_wconf 85' lang='lat' dir='ltr'><strong>res</strong></span> <span class='ocrx_word' id='word_1_258' title='bbox 1418 4404 1602 4442; x_wconf 87' lang='lat' dir='ltr'><strong>omnes</strong></span> <span class='ocrx_word' id='word_1_259' title='bbox 1622 4390 1845 4454; x_wconf 88' lang='lat' dir='ltr'><strong>pendere</strong></span> <span class='ocrx_word' id='word_1_260' title='bbox 1865 4384 2063 4451; x_wconf 73' lang='lat' dir='ltr'><strong>experti</strong></span> <span class='ocrx_word' id='word_1_261' title='bbox 2090 4391 2230 4435; x_wconf 91' lang='lat' dir='ltr'><strong>sunt.</strong></span> 
     </span>
    </p>
   </div>
   <div class='ocr_carea' id='block_1_44' title="bbox 832 4493 2331 4562">
    <p class='ocr_par' dir='ltr' id='par_1_44' title="bbox 832 4493 2331 4562">
     <span class='ocr_line' id='line_1_44' title="bbox 832 4493 2331 4562; baseline -0.011 -3"><span class='ocrx_word' id='word_1_262' title='bbox 832 4508 975 4559; x_wconf 73' lang='lat' dir='ltr'><strong>CAP.</strong></span> <span class='ocrx_word' id='word_1_263' title='bbox 1012 4502 1185 4555; x_wconf 74' lang='lat' dir='ltr'><strong>XLIV.</strong></span> <span class='ocrx_word' id='word_1_264' title='bbox 1215 4528 1281 4541; x_wconf 90' lang='lat'><strong>——</strong></span> <span class='ocrx_word' id='word_1_265' title='bbox 1309 4499 1530 4562; x_wconf 83' lang='lat' dir='ltr'><strong>Quinam</strong></span> <span class='ocrx_word' id='word_1_266' title='bbox 1558 4497 1766 4550; x_wconf 80' lang='lat' dir='ltr'><strong>veritate</strong></span> <span class='ocrx_word' id='word_1_267' title='bbox 1789 4495 2038 4562; x_wconf 79' lang='lat' dir='ltr'><strong>sapienter</strong></span> <span class='ocrx_word' id='word_1_268' title='bbox 2059 4493 2331 4554; x_wconf 84' lang='lat' dir='ltr'><strong>occultata,</strong></span> 
     </span>
    </p>
   </div>
   <div class='ocr_carea' id='block_1_45' title="bbox 1303 4566 1856 4618">
    <p class='ocr_par' dir='ltr' id='par_1_45' title="bbox 1303 4566 1856 4618">
     <span class='ocr_line' id='line_1_45' title="bbox 1303 4566 1856 4618; baseline -0.005 0"><span class='ocrx_word' id='word_1_269' title='bbox 1303 4568 1518 4618; x_wconf 74' lang='lat' dir='ltr'><strong>salutem</strong></span> <span class='ocrx_word' id='word_1_270' title='bbox 1544 4566 1856 4617; x_wconf 80' lang='lat' dir='ltr'><strong>invenerunt.</strong></span> 
     </span>
    </p>
   </div>
   <div class='ocr_carea' id='block_1_46' title="bbox 908 4676 2334 4744">
    <p class='ocr_par' dir='ltr' id='par_1_46' title="bbox 908 4676 2334 4744">
     <span class='ocr_line' id='line_1_46' title="bbox 908 4676 2334 4744; baseline -0.007 -13"><span class='ocrx_word' id='word_1_271' title='bbox 908 4680 1183 4739; x_wconf 80' lang='lat' dir='ltr'><strong>Abraham,</strong></span> <span class='ocrx_word' id='word_1_272' title='bbox 1207 4678 1295 4744; x_wconf 91' lang='lat' dir='ltr'><strong>qui</strong></span> <span class='ocrx_word' id='word_1_273' title='bbox 1320 4677 1447 4729; x_wconf 80' lang='lat' dir='ltr'><strong>dixit</strong></span> <span class='ocrx_word' id='word_1_274' title='bbox 1480 4676 1729 4727; x_wconf 88' lang='lat' dir='ltr'><strong>Sarrham</strong></span> <span class='ocrx_word' id='word_1_275' title='bbox 1756 4687 1988 4726; x_wconf 84' lang='lat' dir='ltr'><strong>sororem</strong></span> <span class='ocrx_word' id='word_1_276' title='bbox 2020 4685 2169 4725; x_wconf 87' lang='lat' dir='ltr'><strong>suam</strong></span> <span class='ocrx_word' id='word_1_277' title='bbox 2197 4682 2334 4729; x_wconf 87' lang='lat' dir='ltr'><strong>esse,</strong></span> 
     </span>
    </p>
   </div>
   <div class='ocr_carea' id='block_1_47' title="bbox 835 4762 2066 4832">
    <p class='ocr_par' dir='ltr' id='par_1_47' title="bbox 835 4762 2066 4832">
     <span class='ocr_line' id='line_1_47' title="bbox 835 4762 2066 4832; baseline -0.007 -12"><span class='ocrx_word' id='word_1_278' title='bbox 835 4784 899 4820; x_wconf 87' lang='lat' dir='ltr'><strong>ne</strong></span> <span class='ocrx_word' id='word_1_279' title='bbox 938 4774 1144 4832; x_wconf 83' lang='lat' dir='ltr'><strong>propter</strong></span> <span class='ocrx_word' id='word_1_280' title='bbox 1169 4766 1305 4815; x_wconf 85' lang='lat' dir='ltr'><strong>illam</strong></span> <span class='ocrx_word' id='word_1_281' title='bbox 1338 4765 1402 4816; x_wconf 89' lang='lat' dir='ltr'><strong>ab</strong></span> <span class='ocrx_word' id='word_1_282' title='bbox 1432 4762 1687 4831; x_wconf 59' lang='lat' dir='ltr'><strong>[Egyptiis</strong></span> <span class='ocrx_word' id='word_1_283' title='bbox 1711 4762 2066 4814; x_wconf 85' lang='lat' dir='ltr'><strong>occumberet.</strong></span> 
     </span>
    </p>
   </div>
   <div class='ocr_carea' id='block_1_48' title="bbox 905 4844 2335 4919">
    <p class='ocr_par' dir='ltr' id='par_1_48' title="bbox 905 4844 2335 4919">
     <span class='ocr_line' id='line_1_48' title="bbox 905 4844 2335 4919; baseline -0.008 -14"><span class='ocrx_word' id='word_1_284' title='bbox 905 4855 1102 4919; x_wconf 84' lang='lat' dir='ltr'><strong>Moyses</strong></span> <span class='ocrx_word' id='word_1_285' title='bbox 1146 4852 1208 4903; x_wconf 90' lang='lat' dir='ltr'><strong>ad</strong></span> <span class='ocrx_word' id='word_1_286' title='bbox 1243 4850 1541 4919; x_wconf 69' lang='lat' dir='ltr'><strong>Egyptium</strong></span> <span class='ocrx_word' id='word_1_287' title='bbox 1569 4852 1748 4903; x_wconf 69' lang='lat' dir='ltr'><strong>dit-ens</strong></span> <span class='ocrx_word' id='word_1_288' title='bbox 1769 4886 1783 4909; x_wconf 91' lang='lat'><strong>,</strong></span> <span class='ocrx_word' id='word_1_289' title='bbox 1810 4850 1969 4899; x_wconf 86' lang='lat' dir='ltr'><strong>trium</strong></span> <span class='ocrx_word' id='word_1_290' title='bbox 1999 4850 2201 4899; x_wconf 85' lang='lat' dir='ltr'><strong>dierum</strong></span> <span class='ocrx_word' id='word_1_291' title='bbox 2245 4844 2335 4895; x_wconf 88' lang='lat' dir='ltr'><strong>iti-</strong></span> 
     </span>
    </p>
   </div>
   <div class='ocr_carea' id='block_1_49' title="bbox 835 4937 2097 5005">
    <p class='ocr_par' dir='ltr' id='par_1_49' title="bbox 835 4937 2097 5005">
     <span class='ocr_line' id='line_1_49' title="bbox 835 4937 2097 5005; baseline -0.01 -9"><span class='ocrx_word' id='word_1_292' title='bbox 835 4957 959 4996; x_wconf 83' lang='lat' dir='ltr'><strong>nere</strong></span> <span class='ocrx_word' id='word_1_293' title='bbox 986 4954 1041 4993; x_wconf 92' lang='lat' dir='ltr'><strong>se</strong></span> <span class='ocrx_word' id='word_1_294' title='bbox 1070 4939 1316 5005; x_wconf 86' lang='lat' dir='ltr'><strong>populum</strong></span> <span class='ocrx_word' id='word_1_295' title='bbox 1341 4953 1432 5003; x_wconf 92' lang='lat' dir='ltr'><strong>pro</strong></span> <span class='ocrx_word' id='word_1_296' title='bbox 1453 4937 1541 4991; x_wconf 87' lang='lat' dir='ltr'><strong>Dei</strong></span> <span class='ocrx_word' id='word_1_297' title='bbox 1566 4940 1709 4991; x_wconf 89' lang='lat' dir='ltr'><strong>cultu</strong></span> <span class='ocrx_word' id='word_1_298' title='bbox 1731 4937 2097 4988; x_wconf 87' lang='lat' dir='ltr'><strong>abducturum.</strong></span> 
     </span>
    </p>
   </div>
   <div class='ocr_carea' id='block_1_50' title="bbox 906 5021 2335 5092">
    <p class='ocr_par' dir='ltr' id='par_1_50' title="bbox 906 5021 2335 5092">
     <span class='ocr_line' id='line_1_50' title="bbox 906 5021 2335 5092; baseline -0.01 -10"><span class='ocrx_word' id='word_1_299' title='bbox 906 5028 1115 5082; x_wconf 81' lang='lat' dir='ltr'><strong>Samuel</strong></span> <span class='ocrx_word' id='word_1_300' title='bbox 1148 5040 1347 5092; x_wconf 86' lang='lat' dir='ltr'><strong>ungens</strong></span> <span class='ocrx_word' id='word_1_301' title='bbox 1374 5025 1531 5078; x_wconf 85' lang='lat' dir='ltr'><strong>David</strong></span> <span class='ocrx_word' id='word_1_302' title='bbox 1562 5028 1610 5077; x_wconf 84' lang='lat' dir='ltr'><strong>in</strong></span> <span class='ocrx_word' id='word_1_303' title='bbox 1645 5039 1841 5091; x_wconf 83' lang='lat' dir='ltr'><strong>regem.</strong></span> <span class='ocrx_word' id='word_1_304' title='bbox 1868 5031 1920 5075; x_wconf 88' lang='lat' dir='ltr'><strong>et</strong></span> <span class='ocrx_word' id='word_1_305' title='bbox 1946 5021 2126 5073; x_wconf 90' lang='lat' dir='ltr'><strong>dicens</strong></span> <span class='ocrx_word' id='word_1_306' title='bbox 2155 5033 2209 5072; x_wconf 86' lang='lat' dir='ltr'><strong>se</strong></span> <span class='ocrx_word' id='word_1_307' title='bbox 2241 5031 2335 5083; x_wconf 88' lang='lat' dir='ltr'><strong>pro</strong></span> 
     </span>
    </p>
   </div>
   <div class='ocr_carea' id='block_1_51' title="bbox 835 5111 1911 5172">
    <p class='ocr_par' dir='ltr' id='par_1_51' title="bbox 835 5111 1911 5172">
     <span class='ocr_line' id='line_1_51' title="bbox 835 5111 1911 5172; baseline -0.011 0"><span class='ocrx_word' id='word_1_308' title='bbox 835 5115 1099 5172; x_wconf 53' lang='lat' dir='ltr'><strong>oili-renda</strong></span> <span class='ocrx_word' id='word_1_309' title='bbox 1129 5112 1335 5165; x_wconf 85' lang='lat' dir='ltr'><strong>victima</strong></span> <span class='ocrx_word' id='word_1_310' title='bbox 1364 5113 1567 5164; x_wconf 88' lang='lat' dir='ltr'><strong>venisse</strong></span> <span class='ocrx_word' id='word_1_311' title='bbox 1595 5111 1911 5164; x_wconf 83' lang='lat' dir='ltr'><strong>Bethlebem.</strong></span> 
     </span>
    </p>
   </div>
   <div class='ocr_carea' id='block_1_52' title="bbox 901 5193 2333 5264">
    <p class='ocr_par' dir='ltr' id='par_1_52' title="bbox 901 5193 2333 5264">
     <span class='ocr_line' id='line_1_52' title="bbox 901 5193 2333 5264; baseline -0.008 -8"><span class='ocrx_word' id='word_1_312' title='bbox 901 5200 1161 5256; x_wconf 78' lang='lat' dir='ltr'><strong>Jonutltan</strong></span> <span class='ocrx_word' id='word_1_313' title='bbox 1192 5198 1371 5250; x_wconf 84' lang='lat' dir='ltr'><strong>dicens</strong></span> <span class='ocrx_word' id='word_1_314' title='bbox 1400 5199 1461 5249; x_wconf 84' lang='lat' dir='ltr'><strong>ad</strong></span> <span class='ocrx_word' id='word_1_315' title='bbox 1492 5207 1687 5264; x_wconf 89' lang='lat' dir='ltr'><strong>patrem</strong></span> <span class='ocrx_word' id='word_1_316' title='bbox 1719 5214 1870 5250; x_wconf 87' lang='lat' dir='ltr'><strong>suum</strong></span> <span class='ocrx_word' id='word_1_317' title='bbox 1900 5196 2021 5248; x_wconf 87' lang='lat' dir='ltr'><strong>Saul</strong></span> <span class='ocrx_word' id='word_1_318' title='bbox 2054 5194 2119 5247; x_wconf 89' lang='lat' dir='ltr'><strong>de</strong></span> <span class='ocrx_word' id='word_1_319' title='bbox 2152 5193 2333 5256; x_wconf 85' lang='lat' dir='ltr'><strong>David,</strong></span> 
     </span>
    </p>
   </div>
   <div class='ocr_carea' id='block_1_53' title="bbox 832 5282 2336 5359">
    <p class='ocr_par' dir='ltr' id='par_1_53' title="bbox 832 5282 2336 5359">
     <span class='ocr_line' id='line_1_53' title="bbox 832 5282 2336 5359; baseline -0.009 -14"><span class='ocrx_word' id='word_1_320' title='bbox 832 5292 974 5359; x_wconf 91' lang='lat' dir='ltr'><strong>quod</strong></span> <span class='ocrx_word' id='word_1_321' title='bbox 1003 5291 1069 5343; x_wconf 89' lang='lat' dir='ltr'><strong>ab</strong></span> <span class='ocrx_word' id='word_1_322' title='bbox 1112 5303 1168 5342; x_wconf 89' lang='lat' dir='ltr'><strong>se</strong></span> <span class='ocrx_word' id='word_1_323' title='bbox 1212 5286 1584 5355; x_wconf 89' lang='lat' dir='ltr'><strong>postulaverit,</strong></span> <span class='ocrx_word' id='word_1_324' title='bbox 1644 5296 1701 5338; x_wconf 91' lang='lat' dir='ltr'><strong>ut</strong></span> <span class='ocrx_word' id='word_1_325' title='bbox 1748 5287 1845 5338; x_wconf 82' lang='lat' dir='ltr'><strong>sibi</strong></span> <span class='ocrx_word' id='word_1_326' title='bbox 1915 5287 2093 5338; x_wconf 85' lang='lat' dir='ltr'><strong>liceret</strong></span> <span class='ocrx_word' id='word_1_327' title='bbox 2138 5285 2214 5335; x_wconf 86' lang='lat' dir='ltr'><strong>ire</strong></span> <span class='ocrx_word' id='word_1_328' title='bbox 2284 5282 2336 5333; x_wconf 89' lang='lat' dir='ltr'><strong>in</strong></span> 
     </span>
    </p>
   </div>
   <div class='ocr_carea' id='block_1_54' title="bbox 836 5378 1157 5432">
    <p class='ocr_par' dir='ltr' id='par_1_54' title="bbox 836 5378 1157 5432">
     <span class='ocr_line' id='line_1_54' title="bbox 836 5378 1157 5432; baseline -0.009 0"><span class='ocrx_word' id='word_1_329' title='bbox 836 5378 1157 5432; x_wconf 77' lang='lat' dir='ltr'><strong>Bethlebem.</strong></span> 
     </span>
    </p>
   </div>
   <div class='ocr_carea' id='block_1_55' title="bbox 903 5458 2334 5533">
    <p class='ocr_par' dir='ltr' id='par_1_55' title="bbox 903 5458 2334 5533">
     <span class='ocr_line' id='line_1_55' title="bbox 903 5458 2334 5533; baseline -0.004 -18"><span class='ocrx_word' id='word_1_330' title='bbox 903 5466 1068 5517; x_wconf 83' lang='lat' dir='ltr'><strong>David</strong></span> <span class='ocrx_word' id='word_1_331' title='bbox 1112 5465 1317 5533; x_wconf 78' lang='lat' dir='ltr'><strong>fugiens</strong></span> <span class='ocrx_word' id='word_1_332' title='bbox 1359 5461 1566 5515; x_wconf 88' lang='lat' dir='ltr'><strong>Saulem</strong></span> <span class='ocrx_word' id='word_1_333' title='bbox 1593 5497 1607 5523; x_wconf 91' lang='lat'><strong>,</strong></span> <span class='ocrx_word' id='word_1_334' title='bbox 1654 5468 1704 5511; x_wconf 89' lang='lat' dir='ltr'><strong>et</strong></span> <span class='ocrx_word' id='word_1_335' title='bbox 1740 5459 1916 5511; x_wconf 89' lang='lat' dir='ltr'><strong>dicens</strong></span> <span class='ocrx_word' id='word_1_336' title='bbox 1943 5461 2004 5511; x_wconf 86' lang='lat' dir='ltr'><strong>ad</strong></span> <span class='ocrx_word' id='word_1_337' title='bbox 2036 5458 2334 5511; x_wconf 86' lang='lat' dir='ltr'><strong>Abimclech</strong></span> 
     </span>
    </p>
   </div>
   <div class='ocr_carea' id='block_1_56' title="bbox 2415 664 3920 739">
    <p class='ocr_par' dir='ltr' id='par_1_56' title="bbox 2415 664 3920 739">
     <span class='ocr_line' id='line_1_56' title="bbox 2415 664 3920 739; baseline -0.003 -18"><span class='ocrx_word' id='word_1_338' title='bbox 2415 670 2822 733; x_wconf 77' lang='grc' dir='ltr'><strong>ἀποκαλύπτων,</strong></span> <span class='ocrx_word' id='word_1_339' title='bbox 2849 688 2910 723; x_wconf 87' lang='grc' dir='ltr'><strong>πε</strong></span> <span class='ocrx_word' id='word_1_340' title='bbox 2919 672 2971 739; x_wconf 68' lang='lat' dir='ltr'><strong>pl</strong></span> <span class='ocrx_word' id='word_1_341' title='bbox 2990 664 3049 720; x_wconf 74' lang='grc' dir='ltr'>οὗ</span> <span class='ocrx_word' id='word_1_342' title='bbox 3073 672 3164 720; x_wconf 82' lang='grc' dir='ltr'>καὶ</span> <span class='ocrx_word' id='word_1_343' title='bbox 3191 668 3323 735; x_wconf 75' lang='grc' dir='ltr'>πρὸς</span> <span class='ocrx_word' id='word_1_344' title='bbox 3341 668 3429 718; x_wconf 84' lang='grc' dir='ltr'>τὸν</span> <span class='ocrx_word' id='word_1_345' title='bbox 3450 666 3683 720; x_wconf 79' lang='grc' dir='ltr'>διάϐολον</span> <span class='ocrx_word' id='word_1_346' title='bbox 3700 668 3920 735; x_wconf 75' lang='grc' dir='ltr'>εἴρηται·</span> 
     </span>
    </p>
   </div>
   <div class='ocr_carea' id='block_1_57' title="bbox 2415 754 3452 826">
    <p class='ocr_par' dir='ltr' id='par_1_57' title="bbox 2415 754 3452 826">
     <span class='ocr_line' id='line_1_57' title="bbox 2415 754 3452 826; baseline -0.008 -13"><span class='ocrx_word' id='word_1_347' title='bbox 2415 760 2507 824; x_wconf 74' lang='grc' dir='ltr'><strong>Μὴ</strong></span> <span class='ocrx_word' id='word_1_348' title='bbox 2532 759 2611 812; x_wconf 88' lang='grc' dir='ltr'>σὺ</span> <span class='ocrx_word' id='word_1_349' title='bbox 2640 760 2964 826; x_wconf 67' lang='grc' dir='ltr'>σοφώτερος</span> <span class='ocrx_word' id='word_1_350' title='bbox 2989 754 3043 810; x_wconf 78' lang='grc' dir='ltr'>εἷ</span> <span class='ocrx_word' id='word_1_351' title='bbox 3063 757 3165 809; x_wconf 83' lang='grc' dir='ltr'>τοῦ</span> <span class='ocrx_word' id='word_1_352' title='bbox 3199 754 3452 821; x_wconf 58' lang='lat' dir='ltr'><strong>Amr-nil;</strong></span> 
     </span>
    </p>
   </div>
   <div class='ocr_carea' id='block_1_58' title="bbox 2486 841 3927 914">
    <p class='ocr_par' dir='ltr' id='par_1_58' title="bbox 2486 841 3927 914">
     <span class='ocr_line' id='line_1_58' title="bbox 2486 841 3927 914; baseline -0.008 -13"><span class='ocrx_word' id='word_1_353' title='bbox 2486 848 2761 914; x_wconf 77' lang='grc' dir='ltr'>Ἔσδρας,</span> <span class='ocrx_word' id='word_1_354' title='bbox 2781 849 2808 899; x_wconf 86' lang='grc' dir='ltr'>ὁ</span> <span class='ocrx_word' id='word_1_355' title='bbox 2831 846 2937 899; x_wconf 86' lang='grc' dir='ltr'><strong>τῶν</strong></span> <span class='ocrx_word' id='word_1_356' title='bbox 2959 845 3111 914; x_wconf 87' lang='grc' dir='ltr'>ἰερῶν</span> <span class='ocrx_word' id='word_1_357' title='bbox 3132 845 3377 913; x_wconf 84' lang='grc' dir='ltr'>Γραφῶν,</span> <span class='ocrx_word' id='word_1_358' title='bbox 3403 843 3537 911; x_wconf 80' lang='grc' dir='ltr'><strong>μετά</strong></span> <span class='ocrx_word' id='word_1_359' title='bbox 3558 842 3652 909; x_wconf 80' lang='grc' dir='ltr'>τὴν</span> <span class='ocrx_word' id='word_1_360' title='bbox 3679 842 3741 891; x_wconf 86' lang='grc' dir='ltr'>ὲκ</span> <span class='ocrx_word' id='word_1_361' title='bbox 3765 841 3927 891; x_wconf 76' lang='grc' dir='ltr'>Βαϐυ-</span> 
     </span>
    </p>
   </div>
   <div class='ocr_carea' id='block_1_59' title="bbox 2414 925 3935 999">
    <p class='ocr_par' dir='ltr' id='par_1_59' title="bbox 2414 925 3935 999">
     <span class='ocr_line' id='line_1_59' title="bbox 2414 925 3935 999; baseline -0.009 -9"><span class='ocrx_word' id='word_1_362' title='bbox 2414 926 2576 999; x_wconf 78' lang='grc' dir='ltr'>λῶνος</span> <span class='ocrx_word' id='word_1_363' title='bbox 2610 936 2703 988; x_wconf 82' lang='grc' dir='ltr'>τοῦ</span> <span class='ocrx_word' id='word_1_364' title='bbox 2744 934 3021 991; x_wconf 80' lang='grc' dir='ltr'><strong>Ἰουδαϊκοῦ</strong></span> <span class='ocrx_word' id='word_1_365' title='bbox 3043 933 3169 988; x_wconf 80' lang='grc' dir='ltr'>λαοῦ</span> <span class='ocrx_word' id='word_1_366' title='bbox 3201 933 3489 996; x_wconf 74' lang='grc' dir='ltr'>ἐπάνοδον,</span> <span class='ocrx_word' id='word_1_367' title='bbox 3518 932 3731 998; x_wconf 79' lang='grc' dir='ltr'><strong>μνήμην</strong></span> <span class='ocrx_word' id='word_1_368' title='bbox 3772 925 3935 995; x_wconf 58' lang='lat' dir='ltr'><strong>mm:</strong></span> 
     </span>
    </p>
   </div>
   <div class='ocr_carea' id='block_1_60' title="bbox 2416 1039 2666 1090">
    <p class='ocr_par' dir='ltr' id='par_1_60' title="bbox 2416 1039 2666 1090">
     <span class='ocr_line' id='line_1_60' title="bbox 2416 1039 2666 1090; baseline -0.008 -15"><span class='ocrx_word' id='word_1_369' title='bbox 2416 1039 2666 1090; x_wconf 85' lang='grc' dir='ltr'>οαμενος.</span> 
     </span>
    </p>
   </div>
   <div class='ocr_carea' id='block_1_61' title="bbox 2414 1116 3927 1194">
    <p class='ocr_par' dir='ltr' id='par_1_61' title="bbox 2414 1116 3927 1194">
     <span class='ocr_line' id='line_1_61' title="bbox 2414 1116 3927 1194; baseline -0.006 -10"><span class='ocrx_word' id='word_1_370' title='bbox 2414 1116 2655 1186; x_wconf 59' lang='grc' dir='ltr'><strong>ΚΕΦΔΔ.</strong></span> <span class='ocrx_word' id='word_1_371' title='bbox 2688 1130 2813 1184; x_wconf 76' lang='lat' dir='ltr'><strong>MB’.</strong></span> <span class='ocrx_word' id='word_1_372' title='bbox 2841 1158 2910 1169; x_wconf 89' lang='lat'><strong>—-</strong></span> <span class='ocrx_word' id='word_1_373' title='bbox 2944 1130 3104 1193; x_wconf 77' lang='grc' dir='ltr'>Τίνες</span> <span class='ocrx_word' id='word_1_374' title='bbox 3144 1127 3239 1181; x_wconf 71' lang='grc' dir='ltr'>ἐπί</span> <span class='ocrx_word' id='word_1_375' title='bbox 3274 1129 3451 1194; x_wconf 75' lang='grc' dir='ltr'>σοφίᾳ</span> <span class='ocrx_word' id='word_1_376' title='bbox 3483 1116 3927 1193; x_wconf 73' lang='grc' dir='ltr'>γυναῖκες-θαυ-</span> 
     </span>
    </p>
   </div>
   <div class='ocr_carea' id='block_1_62' title="bbox 2895 1196 3436 1264">
    <p class='ocr_par' dir='ltr' id='par_1_62' title="bbox 2895 1196 3436 1264">
     <span class='ocr_line' id='line_1_62' title="bbox 2895 1196 3436 1264; baseline -0.004 -14"><span class='ocrx_word' id='word_1_377' title='bbox 2895 1198 3113 1264; x_wconf 80' lang='grc' dir='ltr'>μασταί</span> <span class='ocrx_word' id='word_1_378' title='bbox 3144 1196 3436 1264; x_wconf 71' lang='grc' dir='ltr'>γεγόνασι.</span> 
     </span>
    </p>
   </div>
   <div class='ocr_carea' id='block_1_63' title="bbox 2486 1304 3925 1373">
    <p class='ocr_par' dir='ltr' id='par_1_63' title="bbox 2486 1304 3925 1373">
     <span class='ocr_line' id='line_1_63' title="bbox 2486 1304 3925 1373; baseline -0.003 -16"><span class='ocrx_word' id='word_1_379' title='bbox 2486 1306 2678 1373; x_wconf 78' lang='grc' dir='ltr'>Θάμαρ</span> <span class='ocrx_word' id='word_1_380' title='bbox 2702 1344 2717 1369; x_wconf 91' lang='grc'><strong>,</strong></span> <span class='ocrx_word' id='word_1_381' title='bbox 2748 1306 2836 1358; x_wconf 73' lang='grc' dir='ltr'><strong>ἐπὶ</strong></span> <span class='ocrx_word' id='word_1_382' title='bbox 2868 1304 3201 1372; x_wconf 78' lang='grc' dir='ltr'><strong>παιδογονίαν</strong></span> <span class='ocrx_word' id='word_1_383' title='bbox 3230 1304 3318 1356; x_wconf 80' lang='grc' dir='ltr'>τὸν</span> <span class='ocrx_word' id='word_1_384' title='bbox 3358 1304 3552 1357; x_wconf 78' lang='grc' dir='ltr'>Ἰούδαν</span> <span class='ocrx_word' id='word_1_385' title='bbox 3582 1304 3925 1372; x_wconf 77' lang='grc' dir='ltr'><strong>σοφισαμένη.</strong></span> 
     </span>
    </p>
   </div>
   <div class='ocr_carea' id='block_1_64' title="bbox 2494 1479 3929 1549">
    <p class='ocr_par' dir='ltr' id='par_1_64' title="bbox 2494 1479 3929 1549">
     <span class='ocr_line' id='line_1_64' title="bbox 2494 1479 3929 1549; baseline -0.001 -18"><span class='ocrx_word' id='word_1_386' title='bbox 2494 1479 2787 1543; x_wconf 75' lang='grc' dir='ltr'>Ῥεϐέκκα,</span> <span class='ocrx_word' id='word_1_387' title='bbox 2817 1480 2892 1549; x_wconf 85' lang='grc' dir='ltr'>τῷ</span> <span class='ocrx_word' id='word_1_388' title='bbox 2924 1479 3113 1534; x_wconf 81' lang='grc' dir='ltr'>Ἰακὼό</span> <span class='ocrx_word' id='word_1_389' title='bbox 3135 1480 3229 1543; x_wconf 91' lang='grc' dir='ltr'><strong>τάς</strong></span> <span class='ocrx_word' id='word_1_390' title='bbox 3256 1480 3402 1549; x_wconf 84' lang='grc' dir='ltr'><strong>παρά</strong></span> <span class='ocrx_word' id='word_1_391' title='bbox 3429 1479 3520 1532; x_wconf 79' lang='grc' dir='ltr'>τοῦ</span> <span class='ocrx_word' id='word_1_392' title='bbox 3552 1480 3749 1548; x_wconf 76' lang='grc' dir='ltr'>πατρδς</span> <span class='ocrx_word' id='word_1_393' title='bbox 3781 1480 3929 1530; x_wconf 79' lang='grc' dir='ltr'>εὐλο-</span> 
     </span>
    </p>
   </div>
   <div class='ocr_carea' id='block_1_65' title="bbox 2416 1555 3931 1638">
    <p class='ocr_par' dir='ltr' id='par_1_65' title="bbox 2416 1555 3931 1638">
     <span class='ocr_line' id='line_1_65' title="bbox 2416 1555 3931 1638; baseline 0 -19"><span class='ocrx_word' id='word_1_394' title='bbox 2416 1568 2537 1635; x_wconf 86' lang='grc' dir='ltr'>γίας</span> <span class='ocrx_word' id='word_1_395' title='bbox 2591 1555 2985 1638; x_wconf 74' lang='grc' dir='ltr'>οἰκονομήσασα</span> <span class='ocrx_word' id='word_1_396' title='bbox 3019 1568 3261 1636; x_wconf 84' lang='grc' dir='ltr'>δοθῆναι,</span> <span class='ocrx_word' id='word_1_397' title='bbox 3299 1569 3391 1621; x_wconf 80' lang='grc' dir='ltr'>καὶ</span> <span class='ocrx_word' id='word_1_398' title='bbox 3423 1569 3501 1631; x_wconf 81' lang='grc' dir='ltr'><strong>εἰς</strong></span> <span class='ocrx_word' id='word_1_399' title='bbox 3547 1569 3642 1638; x_wconf 76' lang='grc' dir='ltr'><strong>τὴν</strong></span> <span class='ocrx_word' id='word_1_400' title='bbox 3688 1570 3931 1621; x_wconf 83' lang='grc' dir='ltr'>Μεσοπο-</span> 
     </span>
    </p>
   </div>
   <div class='ocr_carea' id='block_1_66' title="bbox 2416 1658 3933 1727">
    <p class='ocr_par' dir='ltr' id='par_1_66' title="bbox 2416 1658 3933 1727">
     <span class='ocr_line' id='line_1_66' title="bbox 2416 1658 3933 1727; baseline -0.001 -16"><span class='ocrx_word' id='word_1_401' title='bbox 2416 1660 2616 1727; x_wconf 79' lang='grc' dir='ltr'><strong>ταμίαν</strong></span> <span class='ocrx_word' id='word_1_402' title='bbox 2660 1660 2819 1712; x_wconf 79' lang='grc' dir='ltr'>αύτδν</span> <span class='ocrx_word' id='word_1_403' title='bbox 2865 1660 2995 1727; x_wconf 79' lang='grc' dir='ltr'>πρὸς</span> <span class='ocrx_word' id='word_1_404' title='bbox 3022 1659 3117 1727; x_wconf 80' lang='grc' dir='ltr'>τὴν</span> <span class='ocrx_word' id='word_1_405' title='bbox 3156 1659 3345 1726; x_wconf 69' lang='grc' dir='ltr'>ἑαυτῆς</span> <span class='ocrx_word' id='word_1_406' title='bbox 3383 1659 3690 1725; x_wconf 79' lang='grc' dir='ltr'>συγγένειαν</span> <span class='ocrx_word' id='word_1_407' title='bbox 3729 1658 3933 1726; x_wconf 81' lang='grc' dir='ltr'>ἐκπέμ-</span> 
     </span>
    </p>
   </div>
   <div class='ocr_carea' id='block_1_67' title="bbox 2418 1746 3373 1814">
    <p class='ocr_par' dir='ltr' id='par_1_67' title="bbox 2418 1746 3373 1814">
     <span class='ocr_line' id='line_1_67' title="bbox 2418 1746 3373 1814; baseline 0.001 -16"><span class='ocrx_word' id='word_1_408' title='bbox 2418 1764 2612 1808; x_wconf 84' lang='grc' dir='ltr'>πουσα,</span> <span class='ocrx_word' id='word_1_409' title='bbox 2642 1747 2726 1799; x_wconf 82' lang='grc' dir='ltr'>διὰ</span> <span class='ocrx_word' id='word_1_410' title='bbox 2751 1750 2846 1813; x_wconf 77' lang='grc' dir='ltr'>τὴν</span> <span class='ocrx_word' id='word_1_411' title='bbox 2867 1746 2957 1798; x_wconf 82' lang='grc' dir='ltr'><strong>τοῦ</strong></span> <span class='ocrx_word' id='word_1_412' title='bbox 2998 1746 3162 1799; x_wconf 83' lang='grc' dir='ltr'><strong>Ἦσαῦ</strong></span> <span class='ocrx_word' id='word_1_413' title='bbox 3199 1746 3373 1814; x_wconf 84' lang='grc' dir='ltr'>μῆνιν.</span> 
     </span>
    </p>
   </div>
   <div class='ocr_carea' id='block_1_68' title="bbox 2500 1833 3935 1903">
    <p class='ocr_par' dir='ltr' id='par_1_68' title="bbox 2500 1833 3935 1903">
     <span class='ocr_line' id='line_1_68' title="bbox 2500 1833 3935 1903; baseline -0.002 -15"><span class='ocrx_word' id='word_1_414' title='bbox 2500 1834 2842 1903; x_wconf 75' lang='grc' dir='ltr'><strong>Ἶωσαὸὲλ,ἠ</strong></span> <span class='ocrx_word' id='word_1_415' title='bbox 2866 1836 2955 1885; x_wconf 84' lang='grc' dir='ltr'><strong>τοῦ</strong></span> <span class='ocrx_word' id='word_1_416' title='bbox 2976 1834 3228 1902; x_wconf 81' lang='grc' dir='ltr'>βασιλέως</span> <span class='ocrx_word' id='word_1_417' title='bbox 3253 1833 3449 1901; x_wconf 71' lang='grc' dir='ltr'>Ἰωρὰμ</span> <span class='ocrx_word' id='word_1_418' title='bbox 3465 1834 3721 1903; x_wconf 81' lang='grc' dir='ltr'>θυγάτηρ,</span> <span class='ocrx_word' id='word_1_419' title='bbox 3760 1834 3935 1885; x_wconf 77' lang='grc' dir='ltr'>Ίωδαὲ</span> 
     </span>
    </p>
   </div>
   <div class='ocr_carea' id='block_1_69' title="bbox 2418 1922 3935 1991">
    <p class='ocr_par' dir='ltr' id='par_1_69' title="bbox 2418 1922 3935 1991">
     <span class='ocr_line' id='line_1_69' title="bbox 2418 1922 3935 1991; baseline -0.003 -14"><span class='ocrx_word' id='word_1_420' title='bbox 2418 1924 2472 1977; x_wconf 76' lang='grc' dir='ltr'>δὲ</span> <span class='ocrx_word' id='word_1_421' title='bbox 2500 1924 2589 1976; x_wconf 79' lang='grc' dir='ltr'><strong>τοῦ</strong></span> <span class='ocrx_word' id='word_1_422' title='bbox 2622 1924 2910 1991; x_wconf 79' lang='grc' dir='ltr'><strong>ἀρχιερέως</strong></span> <span class='ocrx_word' id='word_1_423' title='bbox 2936 1925 3089 1991; x_wconf 79' lang='grc' dir='ltr'>γυνὴ,</span> <span class='ocrx_word' id='word_1_424' title='bbox 3112 1922 3361 1991; x_wconf 77' lang='grc' dir='ltr'><strong>κρύψασα</strong></span> <span class='ocrx_word' id='word_1_425' title='bbox 3402 1923 3549 1983; x_wconf 87' lang='grc' dir='ltr'>Ίωάς</span> <span class='ocrx_word' id='word_1_426' title='bbox 3576 1922 3664 1973; x_wconf 85' lang='grc' dir='ltr'>τὸν</span> <span class='ocrx_word' id='word_1_427' title='bbox 3699 1923 3935 1991; x_wconf 77' lang='grc' dir='ltr'>Ὀχοζίου</span> 
     </span>
    </p>
   </div>
   <div class='ocr_carea' id='block_1_70' title="bbox 2417 2011 3937 2081">
    <p class='ocr_par' dir='ltr' id='par_1_70' title="bbox 2417 2011 3937 2081">
     <span class='ocr_line' id='line_1_70' title="bbox 2417 2011 3937 2081; baseline -0.001 -17"><span class='ocrx_word' id='word_1_428' title='bbox 2417 2012 2507 2064; x_wconf 83' lang='grc' dir='ltr'><strong>τοῦ</strong></span> <span class='ocrx_word' id='word_1_429' title='bbox 2546 2012 2767 2079; x_wconf 88' lang='grc' dir='ltr'>ἀδελφοῦ</span> <span class='ocrx_word' id='word_1_430' title='bbox 2795 2012 2960 2079; x_wconf 83' lang='grc' dir='ltr'>αὐτῆς</span> <span class='ocrx_word' id='word_1_431' title='bbox 3003 2012 3135 2072; x_wconf 82' lang='grc' dir='ltr'>υἰὺν,</span> <span class='ocrx_word' id='word_1_432' title='bbox 3176 2012 3261 2063; x_wconf 75' lang='grc' dir='ltr'>ἵνα</span> <span class='ocrx_word' id='word_1_433' title='bbox 3289 2012 3363 2081; x_wconf 75' lang='grc' dir='ltr'>μὴ</span> <span class='ocrx_word' id='word_1_434' title='bbox 3409 2011 3542 2079; x_wconf 81' lang='grc' dir='ltr'>πρὸς</span> <span class='ocrx_word' id='word_1_435' title='bbox 3566 2012 3663 2079; x_wconf 82' lang='grc' dir='ltr'>τῆς</span> <span class='ocrx_word' id='word_1_436' title='bbox 3690 2011 3937 2073; x_wconf 85' lang='grc' dir='ltr'>Γοδυλίας</span> 
     </span>
    </p>
   </div>
   <div class='ocr_carea' id='block_1_71' title="bbox 2418 2096 3935 2169">
    <p class='ocr_par' dir='ltr' id='par_1_71' title="bbox 2418 2096 3935 2169">
     <span class='ocr_line' id='line_1_71' title="bbox 2418 2096 3935 2169; baseline -0.004 -14"><span class='ocrx_word' id='word_1_437' title='bbox 2418 2102 2689 2169; x_wconf 81' lang='grc' dir='ltr'>ἀναιρεθῇ,</span> <span class='ocrx_word' id='word_1_438' title='bbox 2721 2102 2811 2153; x_wconf 82' lang='grc' dir='ltr'>καὶ</span> <span class='ocrx_word' id='word_1_439' title='bbox 2836 2098 3109 2167; x_wconf 79' lang='grc' dir='ltr'><strong>φυλάξασα</strong></span> <span class='ocrx_word' id='word_1_440' title='bbox 3135 2100 3213 2161; x_wconf 84' lang='grc' dir='ltr'><strong>εἰς</strong></span> <span class='ocrx_word' id='word_1_441' title='bbox 3234 2101 3327 2169; x_wconf 78' lang='grc' dir='ltr'>τὴν</span> <span class='ocrx_word' id='word_1_442' title='bbox 3353 2099 3447 2167; x_wconf 80' lang='grc' dir='ltr'>τῆς</span> <span class='ocrx_word' id='word_1_443' title='bbox 3476 2098 3758 2167; x_wconf 83' lang='grc' dir='ltr'>Δαυῖτικῆς</span> <span class='ocrx_word' id='word_1_444' title='bbox 3784 2096 3935 2165; x_wconf 85' lang='grc' dir='ltr'>βασι-</span> 
     </span>
    </p>
   </div>
   <div class='ocr_carea' id='block_1_72' title="bbox 2418 2188 3438 2256">
    <p class='ocr_par' dir='ltr' id='par_1_72' title="bbox 2418 2188 3438 2256">
     <span class='ocr_line' id='line_1_72' title="bbox 2418 2188 3438 2256; baseline 0 -17"><span class='ocrx_word' id='word_1_445' title='bbox 2418 2188 2561 2248; x_wconf 79' lang='grc' dir='ltr'>λείας</span> <span class='ocrx_word' id='word_1_446' title='bbox 2587 2189 2862 2254; x_wconf 78' lang='grc' dir='ltr'>ἔκφανσιν.</span> <span class='ocrx_word' id='word_1_447' title='bbox 3415 2223 3438 2256; x_wconf 79' lang='lat'><strong>,</strong></span> 
     </span>
    </p>
   </div>
   <div class='ocr_carea' id='block_1_73' title="bbox 2485 2262 3904 2343">
    <p class='ocr_par' dir='ltr' id='par_1_73' title="bbox 2485 2262 3904 2343">
     <span class='ocr_line' id='line_1_73' title="bbox 2485 2262 3904 2343; baseline -0.004 -16"><span class='ocrx_word' id='word_1_448' title='bbox 2485 2275 2627 2343; x_wconf 82' lang='grc' dir='ltr'>Σοφὴ</span> <span class='ocrx_word' id='word_1_449' title='bbox 2671 2276 2760 2326; x_wconf 82' lang='grc' dir='ltr'><strong>καί</strong></span> <span class='ocrx_word' id='word_1_450' title='bbox 2854 2277 3193 2342; x_wconf 78' lang='grc' dir='ltr'>Σουναμῖτις</span> <span class='ocrx_word' id='word_1_451' title='bbox 3215 2312 3231 2337; x_wconf 91' lang='grc'><strong>,</strong></span> <span class='ocrx_word' id='word_1_452' title='bbox 3266 2275 3297 2342; x_wconf 75' lang='grc' dir='ltr'>ἡ</span> <span class='ocrx_word' id='word_1_453' title='bbox 3330 2273 3418 2324; x_wconf 84' lang='grc' dir='ltr'>τὸν</span> <span class='ocrx_word' id='word_1_454' title='bbox 3447 2272 3723 2341; x_wconf 73' lang='grc' dir='ltr'>προφήτην</span> <span class='ocrx_word' id='word_1_455' title='bbox 3759 2270 3904 2323; x_wconf 84' lang='grc' dir='ltr'>Ἕλισ</span> 
     </span>
    </p>
   </div>
   <div class='ocr_carea' id='block_1_74' title="bbox 2421 2362 3935 2431">
    <p class='ocr_par' dir='ltr' id='par_1_74' title="bbox 2421 2362 3935 2431">
     <span class='ocr_line' id='line_1_74' title="bbox 2421 2362 3935 2431; baseline -0.003 -16"><span class='ocrx_word' id='word_1_456' title='bbox 2421 2366 2565 2417; x_wconf 81' lang='grc' dir='ltr'>σαῖον</span> <span class='ocrx_word' id='word_1_457' title='bbox 2606 2362 3006 2431; x_wconf 69' lang='grc' dir='ltr'><strong>δεξιωσαμένη,</strong></span> <span class='ocrx_word' id='word_1_458' title='bbox 3056 2364 3120 2431; x_wconf 75' lang='grc' dir='ltr'>τῇ</span> <span class='ocrx_word' id='word_1_459' title='bbox 3163 2380 3222 2415; x_wconf 86' lang='grc' dir='ltr'><strong>τε</strong></span> <span class='ocrx_word' id='word_1_460' title='bbox 3270 2364 3367 2430; x_wconf 84' lang='grc' dir='ltr'>τῆς</span> <span class='ocrx_word' id='word_1_461' title='bbox 3399 2362 3567 2424; x_wconf 86' lang='grc' dir='ltr'>οἰκίας</span> <span class='ocrx_word' id='word_1_462' title='bbox 3598 2362 3935 2429; x_wconf 73' lang='grc' dir='ltr'>παρασκευῇ,</span> 
     </span>
    </p>
   </div>
   <div class='ocr_carea' id='block_1_75' title="bbox 2421 2450 3433 2518">
    <p class='ocr_par' dir='ltr' id='par_1_75' title="bbox 2421 2450 3433 2518">
     <span class='ocr_line' id='line_1_75' title="bbox 2421 2450 3433 2518; baseline 0.002 -18"><span class='ocrx_word' id='word_1_463' title='bbox 2421 2450 2513 2501; x_wconf 81' lang='grc' dir='ltr'>καὶ</span> <span class='ocrx_word' id='word_1_464' title='bbox 2532 2451 2595 2517; x_wconf 80' lang='grc' dir='ltr'>τῇ</span> <span class='ocrx_word' id='word_1_465' title='bbox 2624 2454 2907 2518; x_wconf 81' lang='grc' dir='ltr'>παραμονῇ</span> <span class='ocrx_word' id='word_1_466' title='bbox 2931 2453 2995 2518; x_wconf 74' lang='grc' dir='ltr'>τῇ</span> <span class='ocrx_word' id='word_1_467' title='bbox 3023 2450 3116 2502; x_wconf 79' lang='grc' dir='ltr'>τοῦ</span> <span class='ocrx_word' id='word_1_468' title='bbox 3144 2452 3433 2518; x_wconf 82' lang='grc' dir='ltr'><strong>προφήτου.</strong></span> 
     </span>
    </p>
   </div>
   <div class='ocr_carea' id='block_1_76' title="bbox 2422 2556 3936 2626">
    <p class='ocr_par' dir='ltr' id='par_1_76' title="bbox 2422 2556 3936 2626">
     <span class='ocr_line' id='line_1_76' title="bbox 2422 2556 3936 2626; baseline -0.002 -15"><span class='ocrx_word' id='word_1_469' title='bbox 2422 2560 2662 2612; x_wconf 79' lang='grc' dir='ltr'><strong>ΚΕΦΛΛ.</strong></span> <span class='ocrx_word' id='word_1_470' title='bbox 2697 2556 2823 2626; x_wconf 79' lang='lat' dir='ltr'><strong>Ml“.</strong></span> <span class='ocrx_word' id='word_1_471' title='bbox 2870 2586 2938 2626; x_wconf 68' lang='grc' dir='ltr'><strong>-τ</strong></span> <span class='ocrx_word' id='word_1_472' title='bbox 2982 2560 3141 2622; x_wconf 78' lang='grc' dir='ltr'>Τίνες</span> <span class='ocrx_word' id='word_1_473' title='bbox 3169 2560 3266 2626; x_wconf 56' lang='lat' dir='ltr'><strong>sui</strong></span> <span class='ocrx_word' id='word_1_474' title='bbox 3310 2559 3591 2624; x_wconf 72' lang='grc' dir='ltr'><strong>δεινότητι</strong></span> <span class='ocrx_word' id='word_1_475' title='bbox 3634 2559 3936 2626; x_wconf 74' lang='grc' dir='ltr'>γενόμενοι</span> 
     </span>
    </p>
   </div>
   <div class='ocr_carea' id='block_1_77' title="bbox 2519 2625 3828 2693">
    <p class='ocr_par' dir='ltr' id='par_1_77' title="bbox 2519 2625 3828 2693">
     <span class='ocr_line' id='line_1_77' title="bbox 2519 2625 3828 2693; baseline 0 -15"><span class='ocrx_word' id='word_1_476' title='bbox 2519 2626 2712 2692; x_wconf 77' lang='grc' dir='ltr'>σοφοί,</span> <span class='ocrx_word' id='word_1_477' title='bbox 2744 2625 2838 2678; x_wconf 83' lang='grc' dir='ltr'>διὰ</span> <span class='ocrx_word' id='word_1_478' title='bbox 2865 2625 2971 2692; x_wconf 82' lang='grc' dir='ltr'>τῆς</span> <span class='ocrx_word' id='word_1_479' title='bbox 3010 2625 3232 2679; x_wconf 76' lang='grc' dir='ltr'>ἑαυτῶν</span> <span class='ocrx_word' id='word_1_480' title='bbox 3264 2628 3477 2693; x_wconf 76' lang='grc' dir='ltr'>σοφίας</span> <span class='ocrx_word' id='word_1_481' title='bbox 3506 2625 3828 2679; x_wconf 63' lang='grc' dir='ltr'>ἀπώλοντο.</span> 
     </span>
    </p>
   </div>
   <div class='ocr_carea' id='block_1_78' title="bbox 2492 2730 3935 2803">
    <p class='ocr_par' dir='ltr' id='par_1_78' title="bbox 2492 2730 3935 2803">
     <span class='ocr_line' id='line_1_78' title="bbox 2492 2730 3935 2803; baseline 0 -18"><span class='ocrx_word' id='word_1_482' title='bbox 2492 2735 2556 2785; x_wconf 76' lang='lat' dir='ltr'><strong>Ol</strong></span> <span class='ocrx_word' id='word_1_483' title='bbox 2582 2730 2684 2785; x_wconf 79' lang='grc' dir='ltr'><strong>τὸν</strong></span> <span class='ocrx_word' id='word_1_484' title='bbox 2703 2734 2925 2800; x_wconf 82' lang='grc' dir='ltr'>πύργον</span> <span class='ocrx_word' id='word_1_485' title='bbox 2943 2734 3233 2802; x_wconf 75' lang='grc' dir='ltr'>οἰκοδομεῖν</span> <span class='ocrx_word' id='word_1_486' title='bbox 3250 2734 3351 2796; x_wconf 74' lang='grc' dir='ltr'>ἕως</span> <span class='ocrx_word' id='word_1_487' title='bbox 3366 2732 3589 2803; x_wconf 78' lang='grc' dir='ltr'>ούρανοῦ</span> <span class='ocrx_word' id='word_1_488' title='bbox 3609 2732 3935 2801; x_wconf 82' lang='grc' dir='ltr'>βουλόμενοι,</span> 
     </span>
    </p>
   </div>
   <div class='ocr_carea' id='block_1_79' title="bbox 2422 2819 3775 2890">
    <p class='ocr_par' dir='ltr' id='par_1_79' title="bbox 2422 2819 3775 2890">
     <span class='ocr_line' id='line_1_79' title="bbox 2422 2819 3775 2890; baseline 0.003 -20"><span class='ocrx_word' id='word_1_489' title='bbox 2422 2819 2679 2872; x_wconf 83' lang='grc' dir='ltr'>διελύοντο</span> <span class='ocrx_word' id='word_1_490' title='bbox 2707 2822 2770 2888; x_wconf 78' lang='grc' dir='ltr'>τῇ</span> <span class='ocrx_word' id='word_1_491' title='bbox 2805 2821 3129 2890; x_wconf 80' lang='grc' dir='ltr'>πολυφωνίᾳ.</span> <span class='ocrx_word' id='word_1_492' title='bbox 3773 2859 3775 2861; x_wconf 63' lang='grc' dir='ltr'><strong>ι</strong></span> 
     </span>
    </p>
   </div>
   <div class='ocr_carea' id='block_1_80' title="bbox 2489 2906 3938 2979">
    <p class='ocr_par' dir='ltr' id='par_1_80' title="bbox 2489 2906 3938 2979">
     <span class='ocr_line' id='line_1_80' title="bbox 2489 2906 3938 2979; baseline 0.002 -20"><span class='ocrx_word' id='word_1_493' title='bbox 2489 2908 2691 2971; x_wconf 80' lang='grc' dir='ltr'>Φαραὼ</span> <span class='ocrx_word' id='word_1_494' title='bbox 2718 2906 3197 2976; x_wconf 78' lang='grc' dir='ltr'>κατασοφιζόμενος</span> <span class='ocrx_word' id='word_1_495' title='bbox 3218 2908 3314 2978; x_wconf 73' lang='grc' dir='ltr'><strong>τὴν</strong></span> <span class='ocrx_word' id='word_1_496' title='bbox 3343 2910 3434 2963; x_wconf 83' lang='grc' dir='ltr'>τοῦ</span> <span class='ocrx_word' id='word_1_497' title='bbox 3473 2909 3596 2962; x_wconf 84' lang='grc' dir='ltr'>λαοῦ</span> <span class='ocrx_word' id='word_1_498' title='bbox 3626 2910 3938 2979; x_wconf 80' lang='grc' dir='ltr'>διαφθορὰν,</span> 
     </span>
    </p>
   </div>
   <div class='ocr_carea' id='block_1_81' title="bbox 2423 2994 3941 3065">
    <p class='ocr_par' dir='ltr' id='par_1_81' title="bbox 2423 2994 3941 3065">
     <span class='ocr_line' id='line_1_81' title="bbox 2423 2994 3941 3065; baseline -0.001 -18"><span class='ocrx_word' id='word_1_499' title='bbox 2423 2998 2513 3047; x_wconf 78' lang='grc' dir='ltr'><strong>καί</strong></span> <span class='ocrx_word' id='word_1_500' title='bbox 2534 2995 2776 3062; x_wconf 78' lang='grc' dir='ltr'>κατέχειν</span> <span class='ocrx_word' id='word_1_501' title='bbox 2796 2997 2872 3055; x_wconf 86' lang='grc' dir='ltr'><strong>εἰς</strong></span> <span class='ocrx_word' id='word_1_502' title='bbox 2887 2996 3099 3057; x_wconf 87' lang='grc' dir='ltr'>δούλους</span> <span class='ocrx_word' id='word_1_503' title='bbox 3122 2995 3455 3063; x_wconf 81' lang='grc' dir='ltr'>βουλόμενος,</span> <span class='ocrx_word' id='word_1_504' title='bbox 3481 2994 3941 3065; x_wconf 82' lang='grc' dir='ltr'>συναπολλύμενος</span> 
     </span>
    </p>
   </div>
   <div class='ocr_carea' id='block_1_82' title="bbox 2423 3084 3108 3150">
    <p class='ocr_par' dir='ltr' id='par_1_82' title="bbox 2423 3084 3108 3150">
     <span class='ocr_line' id='line_1_82' title="bbox 2423 3084 3108 3150; baseline 0.001 -17"><span class='ocrx_word' id='word_1_505' title='bbox 2423 3085 2486 3150; x_wconf 80' lang='grc' dir='ltr'>τῇ</span> <span class='ocrx_word' id='word_1_506' title='bbox 2520 3084 2733 3150; x_wconf 72' lang='grc' dir='ltr'>τοιαύτῃ</span> <span class='ocrx_word' id='word_1_507' title='bbox 2764 3084 3108 3150; x_wconf 73' lang='grc' dir='ltr'>ἐπιχειρήσει.</span> 
     </span>
    </p>
   </div>
   <div class='ocr_carea' id='block_1_83' title="bbox 2506 3169 3944 3239">
    <p class='ocr_par' dir='ltr' id='par_1_83' title="bbox 2506 3169 3944 3239">
     <span class='ocr_line' id='line_1_83' title="bbox 2506 3169 3944 3239; baseline 0 -18"><span class='ocrx_word' id='word_1_508' title='bbox 2506 3171 2797 3237; x_wconf 72' lang='grc' dir='ltr'>Ἀὔιμέλεχ</span> <span class='ocrx_word' id='word_1_509' title='bbox 2834 3171 2861 3219; x_wconf 84' lang='grc' dir='ltr'>ὁ</span> <span class='ocrx_word' id='word_1_510' title='bbox 2890 3170 2978 3221; x_wconf 81' lang='grc' dir='ltr'>τοῦ</span> <span class='ocrx_word' id='word_1_511' title='bbox 3012 3170 3208 3222; x_wconf 85' lang='grc' dir='ltr'>Γεδεὼν</span> <span class='ocrx_word' id='word_1_512' title='bbox 3240 3169 3367 3233; x_wconf 76' lang='grc' dir='ltr'>υἰδς,</span> <span class='ocrx_word' id='word_1_513' title='bbox 3398 3172 3736 3239; x_wconf 78' lang='grc' dir='ltr'>σοφιζόμενος</span> <span class='ocrx_word' id='word_1_514' title='bbox 3760 3170 3944 3239; x_wconf 74' lang='grc' dir='ltr'>ἑαυτῷ</span> 
     </span>
    </p>
   </div>
   <div class='ocr_carea' id='block_1_84' title="bbox 2425 3257 3942 3325">
    <p class='ocr_par' dir='ltr' id='par_1_84' title="bbox 2425 3257 3942 3325">
     <span class='ocr_line' id='line_1_84' title="bbox 2425 3257 3942 3325; baseline 0.001 -16"><span class='ocrx_word' id='word_1_515' title='bbox 2425 3258 2521 3325; x_wconf 81' lang='grc' dir='ltr'>τὴν</span> <span class='ocrx_word' id='word_1_516' title='bbox 2568 3258 2735 3325; x_wconf 79' lang='grc' dir='ltr'>ἀρχὴν</span> <span class='ocrx_word' id='word_1_517' title='bbox 2772 3257 3250 3325; x_wconf 77' lang='grc' dir='ltr'>περιποιήσασθαι,</span> <span class='ocrx_word' id='word_1_518' title='bbox 3298 3258 3391 3310; x_wconf 75' lang='grc' dir='ltr'>καὶ</span> <span class='ocrx_word' id='word_1_519' title='bbox 3428 3260 3549 3320; x_wconf 81' lang='grc' dir='ltr'>τοὺς</span> <span class='ocrx_word' id='word_1_520' title='bbox 3600 3264 3641 3309; x_wconf 87' lang='lat'><strong>0&#39;</strong></span> <span class='ocrx_word' id='word_1_521' title='bbox 3681 3259 3942 3325; x_wconf 83' lang='grc' dir='ltr'>ἀδελφοὺς</span> 
     </span>
    </p>
   </div>
   <div class='ocr_carea' id='block_1_85' title="bbox 2426 3345 3939 3415">
    <p class='ocr_par' dir='ltr' id='par_1_85' title="bbox 2426 3345 3939 3415">
     <span class='ocr_line' id='line_1_85' title="bbox 2426 3345 3939 3415; baseline 0.002 -20"><span class='ocrx_word' id='word_1_522' title='bbox 2426 3345 2720 3411; x_wconf 80' lang='grc' dir='ltr'>φονεύσας,</span> <span class='ocrx_word' id='word_1_523' title='bbox 2775 3345 2875 3395; x_wconf 83' lang='grc' dir='ltr'><strong>ὑπὸ</strong></span> <span class='ocrx_word' id='word_1_524' title='bbox 2926 3345 3172 3411; x_wconf 81' lang='grc' dir='ltr'>γυναικὸς</span> <span class='ocrx_word' id='word_1_525' title='bbox 3224 3346 3296 3406; x_wconf 82' lang='grc' dir='ltr'><strong>ὡς</strong></span> <span class='ocrx_word' id='word_1_526' title='bbox 3342 3345 3485 3398; x_wconf 87' lang='grc' dir='ltr'><strong>κύων</strong></span> <span class='ocrx_word' id='word_1_527' title='bbox 3539 3347 3939 3415; x_wconf 85' lang='grc' dir='ltr'>ἀναιρούμενος.</span> 
     </span>
    </p>
   </div>
   <div class='ocr_carea' id='block_1_86' title="bbox 2493 3429 3941 3503">
    <p class='ocr_par' dir='ltr' id='par_1_86' title="bbox 2493 3429 3941 3503">
     <span class='ocr_line' id='line_1_86' title="bbox 2493 3429 3941 3503; baseline 0.003 -22"><span class='ocrx_word' id='word_1_528' title='bbox 2493 3429 2684 3482; x_wconf 78' lang='grc' dir='ltr'>Σαοὺλ</span> <span class='ocrx_word' id='word_1_529' title='bbox 2709 3429 3087 3499; x_wconf 76' lang='grc' dir='ltr'>μηχανώμενος</span> <span class='ocrx_word' id='word_1_530' title='bbox 3113 3432 3208 3500; x_wconf 78' lang='grc' dir='ltr'>τὴν</span> <span class='ocrx_word' id='word_1_531' title='bbox 3235 3433 3325 3484; x_wconf 81' lang='grc' dir='ltr'><strong>τοῦ</strong></span> <span class='ocrx_word' id='word_1_532' title='bbox 3348 3433 3503 3485; x_wconf 75' lang='grc' dir='ltr'><strong>Δαόὶδ</strong></span> <span class='ocrx_word' id='word_1_533' title='bbox 3529 3434 3817 3503; x_wconf 84' lang='grc' dir='ltr'>ἀναίρεσιν,</span> <span class='ocrx_word' id='word_1_534' title='bbox 3848 3437 3941 3485; x_wconf 79' lang='grc' dir='ltr'>καὶ</span> 
     </span>
    </p>
   </div>
   <div class='ocr_carea' id='block_1_87' title="bbox 2422 3517 3941 3587">
    <p class='ocr_par' dir='ltr' id='par_1_87' title="bbox 2422 3517 3941 3587">
     <span class='ocr_line' id='line_1_87' title="bbox 2422 3517 3941 3587; baseline 0.004 -20"><span class='ocrx_word' id='word_1_535' title='bbox 2422 3517 2483 3568; x_wconf 79' lang='grc' dir='ltr'>τὸ</span> <span class='ocrx_word' id='word_1_536' title='bbox 2515 3517 2636 3585; x_wconf 88' lang='grc' dir='ltr'>δόρυ</span> <span class='ocrx_word' id='word_1_537' title='bbox 2686 3518 2803 3571; x_wconf 86' lang='grc' dir='ltr'>κατ’</span> <span class='ocrx_word' id='word_1_538' title='bbox 2848 3518 3006 3571; x_wconf 81' lang='grc' dir='ltr'>αὑτοῦ</span> <span class='ocrx_word' id='word_1_539' title='bbox 3051 3519 3280 3587; x_wconf 83' lang='grc' dir='ltr'>βάλλων,</span> <span class='ocrx_word' id='word_1_540' title='bbox 3320 3522 3422 3571; x_wconf 79' lang='grc' dir='ltr'><strong>ὑπὸ</strong></span> <span class='ocrx_word' id='word_1_541' title='bbox 3461 3521 3551 3573; x_wconf 84' lang='grc' dir='ltr'>τοῦ</span> <span class='ocrx_word' id='word_1_542' title='bbox 3600 3521 3725 3572; x_wconf 85' lang='grc' dir='ltr'>ἰδίου</span> <span class='ocrx_word' id='word_1_543' title='bbox 3755 3520 3941 3587; x_wconf 77' lang='grc' dir='ltr'>ξίφους</span> 
     </span>
    </p>
   </div>
   <div class='ocr_carea' id='block_1_88' title="bbox 2423 3601 3137 3670">
    <p class='ocr_par' dir='ltr' id='par_1_88' title="bbox 2423 3601 3137 3670">
     <span class='ocr_line' id='line_1_88' title="bbox 2423 3601 3137 3670; baseline 0 -16"><span class='ocrx_word' id='word_1_544' title='bbox 2423 3601 2590 3654; x_wconf 79' lang='grc' dir='ltr'>διολλύ</span> <span class='ocrx_word' id='word_1_545' title='bbox 2598 3617 2769 3670; x_wconf 87' lang='grc' dir='ltr'>μενος.</span> <span class='ocrx_word' id='word_1_546' title='bbox 3136 3614 3137 3621; x_wconf 71' lang='lat'>‘</span> 
     </span>
    </p>
   </div>
   <div class='ocr_carea' id='block_1_89' title="bbox 2504 3689 3943 3761">
    <p class='ocr_par' dir='ltr' id='par_1_89' title="bbox 2504 3689 3943 3761">
     <span class='ocr_line' id='line_1_89' title="bbox 2504 3689 3943 3761; baseline 0.002 -20"><span class='ocrx_word' id='word_1_547' title='bbox 2504 3691 2802 3757; x_wconf 72' lang='grc' dir='ltr'>Ἀχιτόφελ</span> <span class='ocrx_word' id='word_1_548' title='bbox 2820 3690 2965 3743; x_wconf 88' lang='grc' dir='ltr'>δεινά</span> <span class='ocrx_word' id='word_1_549' title='bbox 2991 3689 3327 3759; x_wconf 77' lang='grc' dir='ltr'>σοφιζόμενος</span> <span class='ocrx_word' id='word_1_550' title='bbox 3351 3692 3444 3744; x_wconf 76' lang='grc' dir='ltr'>καὶ</span> <span class='ocrx_word' id='word_1_551' title='bbox 3466 3693 3943 3761; x_wconf 76' lang='grc' dir='ltr'>παρευδοκιμηθεὶς</span> 
     </span>
    </p>
   </div>
   <div class='ocr_carea' id='block_1_90' title="bbox 2425 3779 3944 3852">
    <p class='ocr_par' dir='ltr' id='par_1_90' title="bbox 2425 3779 3944 3852">
     <span class='ocr_line' id='line_1_90' title="bbox 2425 3779 3944 3852; baseline 0.001 -21"><span class='ocrx_word' id='word_1_552' title='bbox 2425 3779 2557 3847; x_wconf 81' lang='grc' dir='ltr'>πρὸς</span> <span class='ocrx_word' id='word_1_553' title='bbox 2584 3781 2672 3833; x_wconf 77' lang='grc' dir='ltr'>τὸν</span> <span class='ocrx_word' id='word_1_554' title='bbox 2711 3780 3071 3849; x_wconf 79' lang='grc' dir='ltr'>’Δόεσσαλὼμ,</span> <span class='ocrx_word' id='word_1_555' title='bbox 3102 3781 3202 3847; x_wconf 71' lang='grc' dir='ltr'><strong>ὑπὸ</strong></span> <span class='ocrx_word' id='word_1_556' title='bbox 3232 3779 3322 3833; x_wconf 76' lang='grc' dir='ltr'><strong>τοῦ</strong></span> <span class='ocrx_word' id='word_1_557' title='bbox 3352 3782 3548 3849; x_wconf 85' lang='grc' dir='ltr'>Χουσῆ,</span> <span class='ocrx_word' id='word_1_558' title='bbox 3581 3781 3778 3851; x_wconf 82' lang='grc' dir='ltr'>ἀγχόνῃ</span> <span class='ocrx_word' id='word_1_559' title='bbox 3808 3800 3944 3852; x_wconf 83' lang='grc' dir='ltr'>χρη-</span> 
     </span>
    </p>
   </div>
   <div class='ocr_carea' id='block_1_91' title="bbox 2427 3868 3523 3935">
    <p class='ocr_par' dir='ltr' id='par_1_91' title="bbox 2427 3868 3523 3935">
     <span class='ocr_line' id='line_1_91' title="bbox 2427 3868 3523 3935; baseline 0 -16"><span class='ocrx_word' id='word_1_560' title='bbox 2427 3868 2673 3935; x_wconf 85' lang='grc' dir='ltr'>σάμενος.</span> <span class='ocrx_word' id='word_1_561' title='bbox 3515 3888 3523 3893; x_wconf 94' lang='grc'><strong>·</strong></span> 
     </span>
    </p>
   </div>
   <div class='ocr_carea' id='block_1_92' title="bbox 2500 3957 3944 4025">
    <p class='ocr_par' dir='ltr' id='par_1_92' title="bbox 2500 3957 3944 4025">
     <span class='ocr_line' id='line_1_92' title="bbox 2500 3957 3944 4025; baseline 0.003 -17"><span class='ocrx_word' id='word_1_562' title='bbox 2500 3958 2561 4009; x_wconf 78' lang='lat' dir='ltr'><strong>Ol</strong></span> <span class='ocrx_word' id='word_1_563' title='bbox 2589 3957 2693 4009; x_wconf 80' lang='grc' dir='ltr'><strong>τὸν</strong></span> <span class='ocrx_word' id='word_1_564' title='bbox 2716 3958 2931 4022; x_wconf 75' lang='grc' dir='ltr'><strong>Δανιὴλ</strong></span> <span class='ocrx_word' id='word_1_565' title='bbox 2956 3960 3405 4025; x_wconf 76' lang='grc' dir='ltr'>συσκευασάμενοι</span> <span class='ocrx_word' id='word_1_566' title='bbox 3433 3961 3540 4021; x_wconf 82' lang='grc' dir='ltr'>τοῖς</span> <span class='ocrx_word' id='word_1_567' title='bbox 3560 3960 3765 4011; x_wconf 83' lang='grc' dir='ltr'>λέουσιν</span> <span class='ocrx_word' id='word_1_568' title='bbox 3789 3960 3944 4013; x_wconf 76' lang='grc' dir='ltr'>ἐκδο-</span> 
     </span>
    </p>
   </div>
   <div class='ocr_carea' id='block_1_93' title="bbox 2428 4043 3495 4113">
    <p class='ocr_par' dir='ltr' id='par_1_93' title="bbox 2428 4043 3495 4113">
     <span class='ocr_line' id='line_1_93' title="bbox 2428 4043 3495 4113; baseline 0.001 -18"><span class='ocrx_word' id='word_1_569' title='bbox 2428 4043 2600 4111; x_wconf 85' lang='grc' dir='ltr'>θῆναι,</span> <span class='ocrx_word' id='word_1_570' title='bbox 2633 4045 2780 4096; x_wconf 80' lang='grc' dir='ltr'>αὐτοὶ</span> <span class='ocrx_word' id='word_1_571' title='bbox 2810 4047 2915 4106; x_wconf 83' lang='grc' dir='ltr'>τοῖς</span> <span class='ocrx_word' id='word_1_572' title='bbox 2947 4046 3147 4113; x_wconf 85' lang='grc' dir='ltr'>θηρίοις</span> <span class='ocrx_word' id='word_1_573' title='bbox 3176 4046 3495 4107; x_wconf 80' lang='grc' dir='ltr'>ὲκδοθέντες.</span> 
     </span>
    </p>
   </div>
   <div class='ocr_carea' id='block_1_94' title="bbox 2497 4133 3945 4201">
    <p class='ocr_par' dir='ltr' id='par_1_94' title="bbox 2497 4133 3945 4201">
     <span class='ocr_line' id='line_1_94' title="bbox 2497 4133 3945 4201; baseline 0.003 -17"><span class='ocrx_word' id='word_1_574' title='bbox 2497 4134 2600 4184; x_wconf 70' lang='grc' dir='ltr'><strong>Καὶ</strong></span> <span class='ocrx_word' id='word_1_575' title='bbox 2655 4133 2732 4183; x_wconf 76' lang='grc' dir='ltr'>ἔτι</span> <span class='ocrx_word' id='word_1_576' title='bbox 2782 4134 3071 4201; x_wconf 86' lang='grc' dir='ltr'>πρότερον,</span> <span class='ocrx_word' id='word_1_577' title='bbox 3127 4136 3180 4186; x_wconf 73' lang='lat' dir='ltr'><strong>oi</strong></span> <span class='ocrx_word' id='word_1_578' title='bbox 3239 4136 3343 4186; x_wconf 86' lang='grc' dir='ltr'>τοῦ</span> <span class='ocrx_word' id='word_1_579' title='bbox 3405 4135 3609 4200; x_wconf 77' lang='grc' dir='ltr'>Ἰωσὴφ</span> <span class='ocrx_word' id='word_1_580' title='bbox 3660 4135 3945 4201; x_wconf 67' lang='grc' dir='ltr'>ἀδελφοί,</span> 
     </span>
    </p>
   </div>
   <div class='ocr_carea' id='block_1_95' title="bbox 2429 4220 3947 4299">
    <p class='ocr_par' dir='ltr' id='par_1_95' title="bbox 2429 4220 3947 4299">
     <span class='ocr_line' id='line_1_95' title="bbox 2429 4220 3947 4299; baseline 0.002 -27"><span class='ocrx_word' id='word_1_581' title='bbox 2429 4220 2703 4299; x_wconf 80' lang='grc' dir='ltr'>ἀφανίζειν</span> <span class='ocrx_word' id='word_1_582' title='bbox 2756 4221 2913 4272; x_wconf 84' lang='grc' dir='ltr'>αὐτοῦ</span> <span class='ocrx_word' id='word_1_583' title='bbox 2969 4221 3063 4287; x_wconf 81' lang='grc' dir='ltr'>τὴν</span> <span class='ocrx_word' id='word_1_584' title='bbox 3111 4223 3175 4271; x_wconf 72' lang='grc' dir='ltr'>ἐκ</span> <span class='ocrx_word' id='word_1_585' title='bbox 3226 4221 3331 4272; x_wconf 84' lang='grc' dir='ltr'><strong>τῶν</strong></span> <span class='ocrx_word' id='word_1_586' title='bbox 3378 4221 3657 4287; x_wconf 82' lang='grc' dir='ltr'>ὀνειράτων</span> <span class='ocrx_word' id='word_1_587' title='bbox 3706 4222 3947 4286; x_wconf 77' lang='grc' dir='ltr'>ἐπίδοξον</span> 
     </span>
    </p>
   </div>
   <div class='ocr_carea' id='block_1_96' title="bbox 2432 4311 3949 4382">
    <p class='ocr_par' dir='ltr' id='par_1_96' title="bbox 2432 4311 3949 4382">
     <span class='ocr_line' id='line_1_96' title="bbox 2432 4311 3949 4382; baseline 0.003 -22"><span class='ocrx_word' id='word_1_588' title='bbox 2432 4311 2747 4376; x_wconf 85' lang='grc' dir='ltr'>προσδοκίαν</span> <span class='ocrx_word' id='word_1_589' title='bbox 2779 4312 3117 4378; x_wconf 75' lang='grc' dir='ltr'>σοφισάμενοι</span> <span class='ocrx_word' id='word_1_590' title='bbox 3136 4351 3149 4374; x_wconf 92' lang='grc'><strong>,</strong></span> <span class='ocrx_word' id='word_1_591' title='bbox 3177 4312 3277 4363; x_wconf 77' lang='grc' dir='ltr'><strong>ὑπὸ</strong></span> <span class='ocrx_word' id='word_1_592' title='bbox 3303 4312 3398 4380; x_wconf 81' lang='grc' dir='ltr'>τὴν</span> <span class='ocrx_word' id='word_1_593' title='bbox 3423 4314 3596 4379; x_wconf 80' lang='grc' dir='ltr'>κρῖσιν</span> <span class='ocrx_word' id='word_1_594' title='bbox 3624 4312 3783 4366; x_wconf 81' lang='grc' dir='ltr'>αὐτοῦ</span> <span class='ocrx_word' id='word_1_595' title='bbox 3813 4316 3949 4382; x_wconf 76' lang='grc' dir='ltr'>περὶ</span> 
     </span>
    </p>
   </div>
   <div class='ocr_carea' id='block_1_97' title="bbox 2433 4396 2991 4458">
    <p class='ocr_par' dir='ltr' id='par_1_97' title="bbox 2433 4396 2991 4458">
     <span class='ocr_line' id='line_1_97' title="bbox 2433 4396 2991 4458; baseline 0.004 -10"><span class='ocrx_word' id='word_1_596' title='bbox 2433 4396 2522 4449; x_wconf 84' lang='grc' dir='ltr'>τοῦ</span> <span class='ocrx_word' id='word_1_597' title='bbox 2553 4398 2745 4458; x_wconf 77' lang='grc' dir='ltr'>παντὸς</span> <span class='ocrx_word' id='word_1_598' title='bbox 2773 4399 2991 4452; x_wconf 77' lang='grc' dir='ltr'>ἔκειντο.</span> 
     </span>
    </p>
   </div>
   <div class='ocr_carea' id='block_1_98' title="bbox 2437 4506 3951 4574">
    <p class='ocr_par' dir='ltr' id='par_1_98' title="bbox 2437 4506 3951 4574">
     <span class='ocr_line' id='line_1_98' title="bbox 2437 4506 3951 4574; baseline 0.001 -17"><span class='ocrx_word' id='word_1_599' title='bbox 2437 4506 2676 4558; x_wconf 78' lang='grc' dir='ltr'>ΚΕΦΔΛ.</span> <span class='ocrx_word' id='word_1_600' title='bbox 2710 4507 2835 4558; x_wconf 71' lang='lat' dir='ltr'><strong>MA&#39;.</strong></span> <span class='ocrx_word' id='word_1_601' title='bbox 2878 4534 2959 4574; x_wconf 17' lang='grc' dir='ltr'>-γ</span> <span class='ocrx_word' id='word_1_602' title='bbox 2992 4509 3151 4569; x_wconf 84' lang='grc' dir='ltr'>Τίνες</span> <span class='ocrx_word' id='word_1_603' title='bbox 3190 4507 3489 4572; x_wconf 74' lang='grc' dir='ltr'>ἐπικρύψει</span> <span class='ocrx_word' id='word_1_604' title='bbox 3534 4506 3637 4572; x_wconf 83' lang='grc' dir='ltr'>τῆς</span> <span class='ocrx_word' id='word_1_605' title='bbox 3670 4508 3951 4574; x_wconf 77' lang='grc' dir='ltr'>ἀληθείας</span> 
     </span>
    </p>
   </div>
   <div class='ocr_carea' id='block_1_99' title="bbox 2792 4573 3585 4641">
    <p class='ocr_par' dir='ltr' id='par_1_99' title="bbox 2792 4573 3585 4641">
     <span class='ocr_line' id='line_1_99' title="bbox 2792 4573 3585 4641; baseline 0.001 -15"><span class='ocrx_word' id='word_1_606' title='bbox 2792 4573 2984 4641; x_wconf 78' lang='grc' dir='ltr'>σοφοί,</span> <span class='ocrx_word' id='word_1_607' title='bbox 3011 4576 3302 4640; x_wconf 79' lang='grc' dir='ltr'>σωτηρίαν</span> <span class='ocrx_word' id='word_1_608' title='bbox 3327 4575 3585 4640; x_wconf 77' lang='grc' dir='ltr'>εὕραντο.</span> 
     </span>
    </p>
   </div>
   <div class='ocr_carea' id='block_1_100' title="bbox 2516 4678 3949 4753">
    <p class='ocr_par' dir='ltr' id='par_1_100' title="bbox 2516 4678 3949 4753">
     <span class='ocr_line' id='line_1_100' title="bbox 2516 4678 3949 4753; baseline 0.001 -19"><span class='ocrx_word' id='word_1_609' title='bbox 2516 4682 2754 4749; x_wconf 72' lang='grc' dir='ltr'>Ἀϐραὰμ</span> <span class='ocrx_word' id='word_1_610' title='bbox 2774 4683 2997 4750; x_wconf 79' lang='grc' dir='ltr'>ἀδελφὴν</span> <span class='ocrx_word' id='word_1_611' title='bbox 3023 4684 3209 4734; x_wconf 78' lang='grc' dir='ltr'>ἑαυτοῦ</span> <span class='ocrx_word' id='word_1_612' title='bbox 3238 4684 3403 4747; x_wconf 85' lang='grc' dir='ltr'>λέγων</span> <span class='ocrx_word' id='word_1_613' title='bbox 3430 4678 3565 4735; x_wconf 74' lang='grc' dir='ltr'>εἶναι</span> <span class='ocrx_word' id='word_1_614' title='bbox 3591 4684 3687 4752; x_wconf 80' lang='grc' dir='ltr'>τὴν</span> <span class='ocrx_word' id='word_1_615' title='bbox 3713 4684 3949 4753; x_wconf 56' lang='lat' dir='ltr'><strong>Eappa,</strong></span> 
     </span>
    </p>
   </div>
   <div class='ocr_carea' id='block_1_101' title="bbox 2438 4770 3806 4839">
    <p class='ocr_par' dir='ltr' id='par_1_101' title="bbox 2438 4770 3806 4839">
     <span class='ocr_line' id='line_1_101' title="bbox 2438 4770 3806 4839; baseline 0.001 -19"><span class='ocrx_word' id='word_1_616' title='bbox 2438 4770 2521 4820; x_wconf 77' lang='grc' dir='ltr'>ἵνα</span> <span class='ocrx_word' id='word_1_617' title='bbox 2559 4771 2631 4837; x_wconf 83' lang='grc' dir='ltr'>μὴ</span> <span class='ocrx_word' id='word_1_618' title='bbox 2657 4771 2757 4820; x_wconf 81' lang='grc' dir='ltr'><strong>ὑπὸ</strong></span> <span class='ocrx_word' id='word_1_619' title='bbox 2783 4770 2886 4820; x_wconf 84' lang='grc' dir='ltr'>τῶν</span> <span class='ocrx_word' id='word_1_620' title='bbox 2914 4770 3216 4835; x_wconf 82' lang='grc' dir='ltr'>Αἰγυπτίων</span> <span class='ocrx_word' id='word_1_621' title='bbox 3244 4771 3309 4821; x_wconf 87' lang='grc' dir='ltr'>δι’</span> <span class='ocrx_word' id='word_1_622' title='bbox 3336 4772 3499 4838; x_wconf 75' lang='grc' dir='ltr'>αὐτὴν</span> <span class='ocrx_word' id='word_1_623' title='bbox 3536 4771 3806 4839; x_wconf 81' lang='grc' dir='ltr'>ἀναιρεθῇ.</span> 
     </span>
    </p>
   </div>
   <div class='ocr_carea' id='block_1_102' title="bbox 2506 4855 3955 4928">
    <p class='ocr_par' dir='ltr' id='par_1_102' title="bbox 2506 4855 3955 4928">
     <span class='ocr_line' id='line_1_102' title="bbox 2506 4855 3955 4928; baseline 0.004 -21"><span class='ocrx_word' id='word_1_624' title='bbox 2506 4855 2756 4920; x_wconf 80' lang='grc' dir='ltr'>Μωῡσῆς</span> <span class='ocrx_word' id='word_1_625' title='bbox 2772 4856 2901 4923; x_wconf 77' lang='grc' dir='ltr'>πρὸς</span> <span class='ocrx_word' id='word_1_626' title='bbox 2924 4856 3010 4906; x_wconf 81' lang='grc' dir='ltr'>τὸν</span> <span class='ocrx_word' id='word_1_627' title='bbox 3032 4858 3312 4921; x_wconf 82' lang='grc' dir='ltr'>Αἰγύπτιον</span> <span class='ocrx_word' id='word_1_628' title='bbox 3337 4859 3525 4922; x_wconf 88' lang='grc' dir='ltr'>λέγων,</span> <span class='ocrx_word' id='word_1_629' title='bbox 3552 4858 3710 4926; x_wconf 80' lang='grc' dir='ltr'>τριῶν</span> <span class='ocrx_word' id='word_1_630' title='bbox 3730 4861 3955 4928; x_wconf 73' lang='grc' dir='ltr'>ἡμερῶν</span> 
     </span>
    </p>
   </div>
   <div class='ocr_carea' id='block_1_103' title="bbox 2436 4940 3581 5009">
    <p class='ocr_par' dir='ltr' id='par_1_103' title="bbox 2436 4940 3581 5009">
     <span class='ocr_line' id='line_1_103' title="bbox 2436 4940 3581 5009; baseline 0.002 -18"><span class='ocrx_word' id='word_1_631' title='bbox 2436 4941 2523 4991; x_wconf 76' lang='grc' dir='ltr'>τὸν</span> <span class='ocrx_word' id='word_1_632' title='bbox 2547 4940 2671 4990; x_wconf 83' lang='grc' dir='ltr'>λαὸν</span> <span class='ocrx_word' id='word_1_633' title='bbox 2697 4940 2785 4990; x_wconf 75' lang='grc' dir='ltr'><strong>ἐπὶ</strong></span> <span class='ocrx_word' id='word_1_634' title='bbox 2806 4940 2899 5008; x_wconf 81' lang='grc' dir='ltr'>τὴν</span> <span class='ocrx_word' id='word_1_635' title='bbox 2924 4940 3052 4991; x_wconf 81' lang='grc' dir='ltr'>Θεοῦ</span> <span class='ocrx_word' id='word_1_636' title='bbox 3082 4942 3327 5009; x_wconf 83' lang='grc' dir='ltr'>λατρείαν</span> <span class='ocrx_word' id='word_1_637' title='bbox 3346 4941 3581 5003; x_wconf 81' lang='grc' dir='ltr'>ἀπάξειν.</span> 
     </span>
    </p>
   </div>
   <div class='ocr_carea' id='block_1_104' title="bbox 2508 5027 3959 5097">
    <p class='ocr_par' dir='ltr' id='par_1_104' title="bbox 2508 5027 3959 5097">
     <span class='ocr_line' id='line_1_104' title="bbox 2508 5027 3959 5097; baseline 0.004 -18"><span class='ocrx_word' id='word_1_638' title='bbox 2508 5027 2784 5095; x_wconf 72' lang='grc' dir='ltr'>Σαμουὴλ</span> <span class='ocrx_word' id='word_1_639' title='bbox 2828 5028 2991 5097; x_wconf 86' lang='grc' dir='ltr'>χρίων</span> <span class='ocrx_word' id='word_1_640' title='bbox 3031 5029 3119 5079; x_wconf 86' lang='grc' dir='ltr'>τὸν</span> <span class='ocrx_word' id='word_1_641' title='bbox 3148 5029 3305 5079; x_wconf 76' lang='grc' dir='ltr'><strong>Δαόὶδ</strong></span> <span class='ocrx_word' id='word_1_642' title='bbox 3332 5031 3409 5089; x_wconf 89' lang='grc' dir='ltr'><strong>εἰς</strong></span> <span class='ocrx_word' id='word_1_643' title='bbox 3457 5028 3670 5093; x_wconf 80' lang='grc' dir='ltr'>βασιλέα</span> <span class='ocrx_word' id='word_1_644' title='bbox 3693 5070 3707 5095; x_wconf 92' lang='grc'><strong>,</strong></span> <span class='ocrx_word' id='word_1_645' title='bbox 3737 5032 3828 5083; x_wconf 78' lang='grc' dir='ltr'><strong>ἐπὶ</strong></span> <span class='ocrx_word' id='word_1_646' title='bbox 3870 5035 3959 5085; x_wconf 84' lang='grc' dir='ltr'>θυ-</span> 
     </span>
    </p>
   </div>
   <div class='ocr_carea' id='block_1_105' title="bbox 2442 5113 3675 5183">
    <p class='ocr_par' dir='ltr' id='par_1_105' title="bbox 2442 5113 3675 5183">
     <span class='ocr_line' id='line_1_105' title="bbox 2442 5113 3675 5183; baseline 0.004 -19"><span class='ocrx_word' id='word_1_647' title='bbox 2442 5113 2557 5166; x_wconf 89' lang='grc' dir='ltr'>σίαν</span> <span class='ocrx_word' id='word_1_648' title='bbox 2585 5114 2803 5180; x_wconf 86' lang='grc' dir='ltr'>φάσκων</span> <span class='ocrx_word' id='word_1_649' title='bbox 2834 5116 2910 5175; x_wconf 83' lang='grc' dir='ltr'><strong>εἰς</strong></span> <span class='ocrx_word' id='word_1_650' title='bbox 2939 5115 3031 5183; x_wconf 84' lang='grc' dir='ltr'>τὴν</span> <span class='ocrx_word' id='word_1_651' title='bbox 3057 5114 3293 5183; x_wconf 81' lang='grc' dir='ltr'>Βηθλεὲμ</span> <span class='ocrx_word' id='word_1_652' title='bbox 3324 5118 3675 5180; x_wconf 81' lang='grc' dir='ltr'>ἀφικνεῖσθαι.</span> 
     </span>
    </p>
   </div>
   <div class='ocr_carea' id='block_1_106' title="bbox 2522 5202 3957 5274">
    <p class='ocr_par' dir='ltr' id='par_1_106' title="bbox 2522 5202 3957 5274">
     <span class='ocr_line' id='line_1_106' title="bbox 2522 5202 3957 5274; baseline 0.002 -19"><span class='ocrx_word' id='word_1_653' title='bbox 2522 5202 2793 5255; x_wconf 78' lang='grc' dir='ltr'><strong>Ἰωνάθαν</strong></span> <span class='ocrx_word' id='word_1_654' title='bbox 2839 5204 3005 5269; x_wconf 88' lang='grc' dir='ltr'>λέγων</span> <span class='ocrx_word' id='word_1_655' title='bbox 3060 5202 3190 5270; x_wconf 80' lang='grc' dir='ltr'>πρὸς</span> <span class='ocrx_word' id='word_1_656' title='bbox 3233 5202 3321 5253; x_wconf 86' lang='grc' dir='ltr'><strong>τὸν</strong></span> <span class='ocrx_word' id='word_1_657' title='bbox 3360 5202 3548 5253; x_wconf 78' lang='grc' dir='ltr'>ἑαυτοῦ</span> <span class='ocrx_word' id='word_1_658' title='bbox 3605 5204 3808 5274; x_wconf 87' lang='grc' dir='ltr'>πατέρα</span> <span class='ocrx_word' id='word_1_659' title='bbox 3862 5207 3957 5259; x_wconf 70' lang='grc' dir='ltr'>τὸν</span> 
     </span>
    </p>
   </div>
   <div class='ocr_carea' id='block_1_107' title="bbox 2442 5286 3957 5360">
    <p class='ocr_par' dir='ltr' id='par_1_107' title="bbox 2442 5286 3957 5360">
     <span class='ocr_line' id='line_1_107' title="bbox 2442 5286 3957 5360; baseline 0.005 -24"><span class='ocrx_word' id='word_1_660' title='bbox 2442 5286 2609 5337; x_wconf 84' lang='grc' dir='ltr'>Σαοὺλ</span> <span class='ocrx_word' id='word_1_661' title='bbox 2656 5288 2781 5354; x_wconf 82' lang='grc' dir='ltr'>περὶ</span> <span class='ocrx_word' id='word_1_662' title='bbox 2810 5289 2900 5339; x_wconf 82' lang='grc' dir='ltr'>τοῦ</span> <span class='ocrx_word' id='word_1_663' title='bbox 2933 5288 3120 5351; x_wconf 79' lang='grc' dir='ltr'>Δαῦἰδ,</span> <span class='ocrx_word' id='word_1_664' title='bbox 3156 5288 3226 5349; x_wconf 84' lang='grc' dir='ltr'><strong>ὡς</strong></span> <span class='ocrx_word' id='word_1_665' title='bbox 3265 5286 3354 5337; x_wconf 80' lang='grc' dir='ltr'><strong>ὑπ’</strong></span> <span class='ocrx_word' id='word_1_666' title='bbox 3387 5287 3545 5339; x_wconf 79' lang='grc' dir='ltr'>αὑτοῦ</span> <span class='ocrx_word' id='word_1_667' title='bbox 3589 5292 3957 5360; x_wconf 79' lang='grc' dir='ltr'>παρακληθεὶς</span> 
     </span>
    </p>
   </div>
   <div class='ocr_carea' id='block_1_108' title="bbox 2442 5376 3280 5444">
    <p class='ocr_par' dir='ltr' id='par_1_108' title="bbox 2442 5376 3280 5444">
     <span class='ocr_line' id='line_1_108' title="bbox 2442 5376 3280 5444; baseline 0.004 -20"><span class='ocrx_word' id='word_1_668' title='bbox 2442 5376 2523 5443; x_wconf 81' lang='grc' dir='ltr'><strong>εἴη</strong></span> <span class='ocrx_word' id='word_1_669' title='bbox 2562 5376 2636 5435; x_wconf 85' lang='grc' dir='ltr'><strong>εἰς</strong></span> <span class='ocrx_word' id='word_1_670' title='bbox 2660 5377 2753 5443; x_wconf 78' lang='grc' dir='ltr'>τὴν</span> <span class='ocrx_word' id='word_1_671' title='bbox 2788 5376 3021 5444; x_wconf 85' lang='grc' dir='ltr'>Βηθλεὲμ</span> <span class='ocrx_word' id='word_1_672' title='bbox 3048 5377 3280 5430; x_wconf 76' lang='grc' dir='ltr'>ἀπιέναι.</span> 
     </span>
    </p>
   </div>
   <div class='ocr_carea' id='block_1_109' title="bbox 2522 5461 3959 5532">
    <p class='ocr_par' dir='ltr' id='par_1_109' title="bbox 2522 5461 3959 5532">
     <span class='ocr_line' id='line_1_109' title="bbox 2522 5461 3959 5532; baseline 0.008 -23"><span class='ocrx_word' id='word_1_673' title='bbox 2522 5461 2573 5509; x_wconf 91' lang='lat'><strong>&#39;0</strong></span> <span class='ocrx_word' id='word_1_674' title='bbox 2605 5462 2773 5513; x_wconf 79' lang='grc' dir='ltr'>Δαϐἰὸ</span> <span class='ocrx_word' id='word_1_675' title='bbox 2798 5462 3005 5529; x_wconf 84' lang='grc' dir='ltr'>φεύγων</span> <span class='ocrx_word' id='word_1_676' title='bbox 3044 5464 3131 5516; x_wconf 82' lang='grc' dir='ltr'>τὸν</span> <span class='ocrx_word' id='word_1_677' title='bbox 3162 5464 3343 5529; x_wconf 78' lang='grc' dir='ltr'>Σαοὺλ,</span> <span class='ocrx_word' id='word_1_678' title='bbox 3391 5463 3521 5531; x_wconf 82' lang='grc' dir='ltr'>πρὸς</span> <span class='ocrx_word' id='word_1_679' title='bbox 3541 5464 3639 5517; x_wconf 71' lang='grc' dir='ltr'>ιτὸν</span> <span class='ocrx_word' id='word_1_680' title='bbox 3673 5463 3817 5532; x_wconf 85' lang='grc' dir='ltr'>ἰερέα</span> <span class='ocrx_word' id='word_1_681' title='bbox 3862 5465 3959 5521; x_wconf 82' lang='grc' dir='ltr'>τὸν</span> 
     </span>
    </p>
   </div>
   <div class='ocr_carea' id='block_1_110' title="bbox 899 5632 2751 5707">
    <p class='ocr_par' dir='ltr' id='par_1_110' title="bbox 899 5632 2751 5707">
     <span class='ocr_line' id='line_1_110' title="bbox 899 5632 2751 5707; baseline -0.004 -14"><span class='ocrx_word' id='word_1_682' title='bbox 899 5639 944 5672; x_wconf 70' lang='grc'><strong>⁸³</strong></span> <span class='ocrx_word' id='word_1_683' title='bbox 974 5640 1162 5693; x_wconf 76' lang='grc' dir='ltr'>Ειοειι.</span> <span class='ocrx_word' id='word_1_684' title='bbox 1198 5658 1380 5707; x_wconf 77' lang='lat' dir='ltr'><strong>xxviii,</strong></span> <span class='ocrx_word' id='word_1_685' title='bbox 1407 5642 1457 5693; x_wconf 84' lang='lat'><strong>5.</strong></span> <span class='ocrx_word' id='word_1_686' title='bbox 1534 5636 1806 5689; x_wconf 72' lang='lat' dir='ltr'><strong>“llEsdr.</strong></span> <span class='ocrx_word' id='word_1_687' title='bbox 1832 5650 1942 5697; x_wconf 79' lang='lat' dir='ltr'><strong>vin,</strong></span> <span class='ocrx_word' id='word_1_688' title='bbox 1971 5635 2019 5683; x_wconf 74' lang='grc'><strong>2.</strong></span> <span class='ocrx_word' id='word_1_689' title='bbox 2096 5634 2137 5663; x_wconf 64' lang='grc'><strong>’⁸</strong></span> <span class='ocrx_word' id='word_1_690' title='bbox 2162 5632 2220 5683; x_wconf 75' lang='grc' dir='ltr'>ιν</span> <span class='ocrx_word' id='word_1_691' title='bbox 2273 5633 2397 5699; x_wconf 79' lang='lat' dir='ltr'><strong>Reg.</strong></span> <span class='ocrx_word' id='word_1_692' title='bbox 2442 5647 2511 5692; x_wconf 86' lang='lat' dir='ltr'><strong>Iv,</strong></span> <span class='ocrx_word' id='word_1_693' title='bbox 2556 5633 2637 5696; x_wconf 83' lang='lat' dir='ltr'><strong>lO,</strong></span> <span class='ocrx_word' id='word_1_694' title='bbox 2668 5634 2751 5686; x_wconf 75' lang='lat'><strong>30.</strong></span> 
     </span>
    </p>
   </div>
  </div>
