4102 6338
712 264 777 323 63
2137 260 2424 320 JOSEPPI

2257 380 2300 430 Α
2397 371 2426 422 ι’
2457 373 2541 435 Εἰς
2571 374 2732 441 ἄλλην
2774 373 2971 442 Ἐλείμ.

781 379 996 433 Decima
1031 378 1082 429 in
1106 378 1263 429 aliam
1299 378 1452 430 Elim.

779 464 1064 518 Undecima
1090 466 1139 517 in
1174 466 1469 533 Raphidim,
1493 464 1577 517 ubi
1602 462 1814 516 Amalec
1847 475 2127 530 aggressus
2148 466 2229 511 est

3769 263 3837 323 64

2397 471 2462 514 ια’
2508 465 2597 524 Εἰς
2637 463 2933 530 Ῥαφιδεὶμ,
2967 463 3097 514 ὅπου
3147 460 3378 528 ἐπῆλθεν
3405 462 3432 512 6
3479 459 3715 538 Ἀμαλὴκ
3763 461 3837 527 τῷ

716 550 961 617 populum
1021 552 1113 604 sed
1142 553 1362 605 sublatis
1385 567 1414 603 a
1444 549 1622 619 Moyse
1652 551 1895 602 manibus
1919 546 2228 615 prolligatus
2324 552 2336 602 ἰ

2219 561 2228 598 ι
2324 551 2454 619 λαῷ,
2483 553 2573 603 καὶ
2601 553 2718 613 ταῖς
2763 552 3018 620 ὲπὰρσεσι
3045 550 3150 602 τῶν
3188 549 3458 612 Μωῦσέως
3492 550 3683 618 χειρῶν
3718 565 3839 601 κατ·

714 646 812 691 εει.

763 726 1099 798 Duodecimn
1131 728 1186 778 in
1201 727 1462 782 desertum
1490 726 1638 781 Sina.

784 815 990 868 Decima
1031 817 1182 868 tertia
1214 817 1265 868 in
1300 819 1601 894 sepulcrum
1652 816 2108 884 concupiscentiae,
2141 818 2230 872 ubi

715 905 939 956 mullum
972 916 1378 968 murmurantes,
1408 906 1600 973 quiain
1630 906 1938 958 memoriam
1979 917 2228 961 venerunt

716 993 866 1059 panis
898 993 1244 1060 carniumque
1299 1009 1430 1060 quas
1485 995 1534 1046 in
1574 993 1799 1063 Egypto
1849 995 2223 1058 comedebant,

717 1079 1072 1131 clamaverunt
1100 1089 1283 1131 contra
1307 1078 1560 1147 Moysem,
1582 1089 1633 1132 et
1655 1080 2061 1147 promissionem
2082 1096 2233 1133 acce-

715 1176 905 1233 perunt
936 1183 1158 1227 manuue.
1192 1169 1293 1221 cibi
1337 1169 1632 1223 videlicete
1688 1170 1822 1222 ccelo
1865 1169 2148 1238 ningcntis.
2189 1170 2232 1222 Δ

716 1257 960 1322 sepulcro
986 1258 1449 1324 concupiscentiae,

784 1342 996 1398 Decima
1052 1357 1239 1413 quarta
1313 1347 1540 1400 statione
1594 1349 1853 1400 venerunt
1876 1347 1929 1400 in
1984 1348 2231 1402 Ascroth.

699 1495 701 1497 ι
783 1427 995 1484 Decima
1026 1433 1209 1500 quinta
1240 1429 1292 1485 in
1318 1432 1598 1485 Bamatlia.
2237 1434 2240 1436 ⁷

781 1517 992 1572 Decima
1017 1531 1162 1572 sexta
1193 1521 1244 1573 in
1276 1521 1712 1588 Iiemmophercs.

785 1607 995 1662 Decima
1027 1612 1245 1677 septima
1273 1612 1325 1663 in
1351 1611 1571 1665 Elbona.

787 1696 995 1750 Decima
1022 1711 1206 1754 octava
1240 1702 1295 1756 in
1324 1703 1587 1756 Dcseleth.

784 1783 995 1837 Decima
1021 1802 1158 1840 nona
1179 1789 1229 1840 in
1261 1789 1594 1844 Ismacelath‘.

789 1871 1046 1926 Vicesima
1074 1876 1124 1927 in
1160 1875 1384 1943 Saphar.

788 1960 1050 2015 Vicesima
1072 1968 1239 2032 prima
1280 1970 1330 2022 in
1360 1970 1677 2029 Cbaradatlt.

789 2046 1046 2102 Vicesima
1070 2055 1299 2107 secunda
1331 2057 1381 2108 in
1421 2057 1695 2114 Macelctli.

788 2133 1047 2190 Vicesima
1080 2142 1230 2193 tertia
1257 2142 1308 2194 in
1333 2143 1660 2200 Chattonth.‘

796 2225 1049 2280 vicesima
1075 2239 1264 2296 quarta
1305 2233 1356 2285 in
1390 2233 1634 2289 Tarath.‘

789 2309 1050 2367 Vicesima
1075 2319 1260 2384 quinta
1288 2320 1338 2371 in
1378 2320 1632 2390 Matgeca.

791 2397 1052 2455 Vicesima
1084 2414 1228 2457 sexta
1264 2406 1315 2459 in
1347 2409 1613 2465 Selmona.

789 2484 1049 2542 Vicesima
1076 2493 1300 2560 septima
1333 2495 1385 2548 in
1407 2499 1712 2553 Masnruth.

796 2578 1052 2635 Vicesima
1081 2593 1266 2640 octava
1297 2588 1350 2641 in
1381 2589 1601 2644 Babetlt.

793 2667 1055 2724 Vicesima
1087 2687 1224 2726 nona
1252 2675 1304 2728 in
1329 2688 1557 2732 montem
1586 2681 1804 2737 Galaad.

791 2755 1080 2815 Tricesima
1112 2762 1166 2815 in
1196 2763 1516 2820 Senabatlta.

791 2843 1078 2901 Tricesima
1102 2852 1272 2918 prima
1309 2854 1361 2905 in
1392 2854 1652 2909 Scrbona.

793 2934 1082 2992 'l'ricesima
1108 2943 1339 2996 secunda
1369 2943 1420 2996 in
1451 2945 1643 3000 Gesion
1674 2949 1854 3017 gaber.

793 3041 1079 3098 Tricesima
1111 3050 1284 3114 tertia,
1317 3050 1370 3103 in
1420 3039 1600 3107 mense
1624 3059 1779 3109 tertio
1842 3057 1910 3112 ab
1973 3059 2138 3124 exitu,
2188 3078 2241 3115 ιιι

724 3133 992 3187 desertum
1029 3135 1178 3191 Sina.
1208 3137 1305 3192 llic
1336 3138 1542 3196 'Jothor
1579 3158 1731 3198 socer
1764 3146 1959 3216 Moysis
1995 3149 2138 3204 venit
2178 3152 2244 3205 ad

723 3235 867 3282 eum,
903 3222 1173 3278 adducens
1201 3227 1248 3280 ei
1300 3244 1521 3282 uxorem
1551 3240 1604 3285 et
1630 3233 1851 3289 liberos.
1904 3236 2002 3290 Hic
2051 3238 2243 3308 obtigit

681 3375 694 3385 ο
726 3312 983 3377 apparitio
1003 3313 1092 3368 Dei
1124 3315 1261 3370 facta
1294 3317 1480 3388 Moysi,
1500 3329 1551 3374 et
1579 3322 1953 3380 documentum
1976 3330 2030 3380 et
2056 3329 2246 3382 admo-

727 3401 952 3473 nitio_ad
972 3408 1245 3471 populum,
1279 3410 1457 3476 populi
1511 3426 1726 3480 quoque
1775 3416 2020 3481 impietas
2059 3417 2131 3471 ob
2171 3417 2249 3471 vi-

727 3489 838 3542 tulo
866 3490 1072 3546 oblatas
1120 3495 1382 3551 victimas.
1441 3496 1665 3566 Propter
1709 3500 1869 3571 impia
1932 3519 2060 3559 vero
2081 3505 2248 3562 scele-

727 3591 784 3629 ra
816 3580 1032 3643 punitus
1059 3584 1306 3650 populus,
1330 3595 1511 3640 utnon
1540 3586 1675 3642 foret
1729 3591 2093 3661 ingressurus.
2137 3603 2250 3648 ter-

725 3680 840 3718 ram
866 3669 1255 3736 promissionis,
1279 3673 1622 3728 excidebatur
1641 3678 1975 3735 errabundus
2015 3696 2107 3750 per
2153 3683 2248 3737 de-

725 3766 949 3810 sertum.
973 3759 1038 3813 Et

795 3867 1080 3924 Tricesima
1113 3884 1299 3951 quarta
1333 3876 1610 3932 mansione
1631 3872 1843 3935 deducti
1867 3889 1994 3936 sunt
2046 3882 2100 3937 iu
2151 3880 2246 3938 de-

727 3962 924 4007 sertum
954 3957 1186 4026 Phaga-n,
1221 3977 1337 4028 qua:
1363 3972 1444 4015 est
1472 3965 1661 4020 Cades.

798 4041 1084 4098 Tricesima
1120 4047 1300 4114 quinta
1333 4063 1361 4102 a
1390 4049 1559 4104 Cades
1590 4051 1640 4103 in
1694 4061 1926 4108 montem
1982 4053 2246 4110 Idumam.

730 4133 826 4189 Hic
879 4136 1099 4188 moritur
1143 4137 1353 4203 Aaron,
1406 4155 1547 4192 anno
1601 4141 2008 4208 quadragesimo
2068 4144 2247 4197 exitus

2326 638 2540 708 εὸλήθη.

2397 724 2459 794 ιβ’
2497 726 2582 778 Ἐν
2609 729 2674 794 τῇ
2714 727 2898 794 ἐρήμῳ
2929 726 3073 793 Σινᾷ.

2398 814 2462 881 ιγ’
2526 816 2608 866 Ἐν
2639 816 2872 882 μνήματι
2901 813 2998 880 τῆς
3031 813 3338 879 ἐπιθυμίας,
3377 811 3501 863 ἔνθα
3529 811 3692 862 πολλὰ
3715 823 3863 877 γογ-“

2328 906 2606 971 γύσαντες,
2649 906 2870 972 ἐπείπερ
2916 906 2992 965 είς
3022 905 3316 970 ἀνάμνησιν
3351 898 3510 970 ἦλθον
3559 895 3631 954 ὧν
3657 902 3840 968 ἢσθιον

2329 995 2504 1062 ἄρτων
2533 995 2590 1044 ἐν
2617 993 2870 1060 Αἰγύπτῳ
2916 993 3005 1043 καὶ
3031 992 3224 1057 κρεῶν,
3249 990 3518 1042 κατεϐόων
3549 992 3640 1041 τοῦ
3678 993 3840 1042 Μωῦ-

2331 1084 2486 1145 σέως,
2511 1081 2601 1133 τοῦ
2643 1083 2810 1148 μάννα
2848 1080 2938 1132 τοῦ
2973 1081 3030 1144 ἐξ
3061 1079 3287 1147 οὐρανοῦ
3311 1079 3592 1146 νιφομένου
3621 1077 3842 1145 βρώμα-

2329 1189 2414 1233 τος
2441 1171 2536 1239 τὴν
2564 1171 2844 1236 ὑπόσχεσιν
2879 1170 3212 1234 ἐκομίσαντο.
3255 1169 3382 1221 Ἀπὸ
3407 1168 3497 1220 τοῦ
3529 1169 3623 1211 τί-
3667 1166 3827 1203 =--'t--'

2333 1263 2779 1331 μίαςμνήματοςν

2400 1352 2457 1404 ιδ’
2485 1352 2719 1419 Σταθμὸν
2745 1348 2901 1418 ἦλθον
2924 1353 3000 1412 εἰς
3039 1348 3300 1419 Ἀσηρώθ.

2404 1440 2460 1493 ιε’
2487 1443 2574 1501 Εἰς
2621 1441 2877 1507 Ῥαμαθά.

2401 1538 2474 1593 ις’
2504 1531 2592 1591 Ei:
2633 1529 3030 1597 Ῥεμμωφερές.

2406 1617 2470 1682 ιζ’
2493 1621 2584 1679 Εἰς
2625 1617 2878 1670 Ἐλϐὦνα.

2407 1709 2472 1776 ιη’
2507 1710 2593 1768 Εἰς
2628 1706 2869 1757 Δεσελέθ.

2407 1800 2467 1850 ιθ⁹
2499 1795 2590 1859 Εἰς
2622 1797 2714 1849 Eia
2721 1795 2979 1864 paxeMO.

2403 1889 2449 1943 κ’
2478 1891 2567 1952 Εἰς
2591 1889 2796 1956 Σαφάρ.
2971 1945 2979 1948 _

2403 1975 2491 2031 καί
2513 1978 2603 2038 Εἰς
2631 1975 2902 2042 Χαραδάθ.

2322 2129 2330 2134 1
2368 2087 2372 2090 ν
2404 2066 2488 2132 κβ¹
2517 2066 2606 2124 Et;
2629 2059 2912 2116 Μακελώθ.

2405 2151 2487 2219 κ’(
2521 2153 2607 2211 Ei;
2631 2148 2890 2201 Χαττοάθ.

2402 2238 2483 2292 κδ’
2512 2241 2604 2300 Εἰς
2626 2237 2830 2306 Ταράθ.

2406 2328 2479 2382 κε’
2510 2328 2602 2388 Ei;
2628 2324 2907 2391 Ματγεκά.

2403 2415 2492 2480 κς¹
2521 2417 2612 2478 Εἰς
2633 2415 2905 2484 Σελμῶνα.

2405 2505 2484 2568 κζ’
2512 2506 2601 2566 Ei;
2629 2503 2964 2572 Μασουρούθ.

2409 2594 2489 2665 κη’
2521 2596 2612 2656 Ei;
2642 2595 2833 2648 Βάὸεθ.

2413 2685 2491 2738 κθ¹
2518 2686 2607 2747 Εἰς
2633 2685 2692 2736 τὸ
2717 2684 2843 2754 ὅρος
2871 2683 3094 2736 Γαλαὰδ.
3179 2757 3183 2760 .

2405 2774 2448 2876 δ’
2472 2776 2569 2876 Εἰς.
2587 2774 2876 2876 Σὶνιὶϐαθά;

2409 2863 2486 2916 λα’
2512 2864 2601 2922 Ei;
2631 2861 2730 2912 Σεό
2737 2859 2900 2929 ρωνά.

2264 2954 2310 3010 C
2404 2953 2480 3022 λβ¹
2507 2954 2598 3012 Ei;
2632 2949 2833 3003 Γεσιῶν
2861 2948 3050 3018 γαϐἑρ.

2410 3061 2489 3129 λγ⁹
2522 3063 2608 3114 Ἐν
2635 3061 2762 3130 μηνὶ
2804 3059 2970 3128 τρίτῳ
2993 3056 3099 3111 ἀπὸ
3131 3058 3227 3125 τῆς
3267 3055 3463 3121 ἐξόδου,
3489 3057 3545 3107 ὲν
3575 3057 3638 3124 τῇ
3669 3055 3861 3124 ἐρήμῳ

2343 3150 2490 3218 Σινᾷ.
2546 3146 2804 3200 Ἐνταῦθα
2858 3145 3024 3215 Ἰοθὸρ
3070 3145 3098 3196 6
3140 3144 3414 3206 Μωῦσέως
3460 3142 3701 3211 γαμϐρὸς
3755 3160 3852 3194 -παφ

2347 3238 2616 3308 ραγίνεται
2645 3237 2778 3304 πρὸς
2813 3233 2992 3297 αὑτὸν,
3031 3233 3178 3300 ἄγων
3209 3232 3351 3302 αὺτῷ
3384 3235 3484 3301 τὴν
3509 3233 3735 3298 γυναῖκα
3767 3232 3863 3284 καὶ

2342 3327 2466 3386 τοὺς
2491 3314 2657 3386 υίοῦςῖ
2700 3320 2959 3376 Ἐνταῦθα
2987 3320 3121 3373 Θεοῦ
3142 3321 3423 3388 ἐπιφάνεια
3449 3321 3581 3388 πρὸς
3604 3321 3861 3386 Μωῦσῆν,

2344 3415 2438 3468 καὶ
2463 3412 2772 3468 διδασκαλία
2796 3411 2927 3482 πρὸς
2957 3411 3048 3463 τὸν
3079 3409 3203 3462 λαὸν
3232 3406 3322 3460 καὶ
3348 3408 3612 3469 νουθεσία,
3649 3407 3741 3483 καὶ
3770 3409 3864 3462 τοῦ

2344 3503 2472 3557 λαοῦ
2502 3490 2782 3556 δυσσέϐεια
2818 3501 2910 3551 ἐπὶ
2948 3501 3014 3568 τῇ
3059 3496 3401 3568 μοσχοθυσίᾳ.
3465 3495 3614 3548 Ἐπεὶ
3653 3496 3766 3565 (66)
3806 3497 3864 3550 δὲ

2344 3590 2672 3652 δυσσεϐείαις
2696 3587 3090 3656 τιμωρούμενος
3119 3585 3146 3636 6
3172 3583 3293 3646 λαὸς
3319 3584 3451 3654 πρὸς
3485 3584 3543 3636 τὸ
3570 3584 3643 3652 μὴ
3675 3586 3864 3652 ἐπιϐῆ-

2345 3699 2429 3734 ναι
2474 3681 2538 3749 τῇ
2584 3681 2653 3747 γῇ
2700 3679 2799 3746 τῆς
2844 3673 3185 3742 ἐπαγγελίας,
3237 3672 3534 3744 περιείλετο
3577 3673 3716 3725 κατὰ
3770 3673 3868 3742 τὴν

2346 3771 2442 3840 ῑρη
2450 3786 2551 3840 μον
2569 3767 2930 3835 πλανώμενος,
2957 3766 3051 3819 καὶ

2414 3878 2484 3930 λδ⁷
2509 3877 2833 3945 Τριακοστὸν
2881 3875 3132 3943 τέταρτον
3165 3873 3398 3942 σταθμὸν
3419 3873 3499 3932 εἰς
3540 3871 3635 3943 τὴν
3666 3866 3867 3941 ἔρημον

2345 3969 2523 4035 Φαγᾶν
2549 3967 2831 4036 κατήγετο,
2863 3965 2898 4033 ἧ
2927 3965 3040 4016 ἐστι
3070 3963 3262 4025 Κὰδες.
3549 3990 3551 3992 ·

2414 4058 2486 4111 λε’
2526 4057 2652 4110 Ἀπὸ
2709 4056 2912 4123 Κάδης,
2963 4056 3040 4117 εἰς
3086 4053 3147 4106 τὸ
3199 4054 3320 4124 ὅρος
3370 4053 3466 4122 τῆς
3506 4049 3697 4122 Ἐδώμ.
3744 4044 3868 4104 ’Ὧδε

2348 4145 2670 4212 ἀποθνήσκει
2709 4143 2934 4211 Ἀαρὼν,
2985 4143 3042 4194 ὲν
3083 4142 3190 4194 ἔτει
3227 4140 3638 4209 τεσσαρακοστῷ
3665 4135 3760 4208 τῆς
3786 4139 3871 4212 ἐξ·

716 4222 903 4289 populi
924 4223 987 4275 de
1010 4222 1257 4294 Egypto,
1294 4241 1474 4281 mense
1524 4227 1727 4294 quinto,
1762 4229 1854 4297 qui
1883 4229 2019 4296 apud
2070 4229 2244 4284 Mace—
2275 4241 2324 4296 ι)

2275 4241 2324 4296 ι)
2345 4231 2461 4283 ὁδου
2497 4229 2600 4281 ἀπὸ
2640 4227 2908 4293 Αἰγύπτου
2937 4226 3028 4278 τοῦ
3060 4227 3208 4289 λαοῦ,
3248 4226 3324 4295 τῷ
3358 4226 3590 4294 πέμπτῳ
3629 4226 3776 4292 μηνὶ,
3811 4227 3867 4288 ὃς

726 4311 894 4363 donas
923 4319 1003 4364 est
1031 4310 1190 4378 Lous,
1221 4314 1454 4368 calendis
1488 4317 1705 4381 mensis,
1739 4332 1858 4371 cum
1884 4327 2031 4372 esset
2078 4335 2248 4373 anno-

727 4416 843 4462 rum
873 4401 1100 4457 CXXIII.

795 4491 1084 4545 Triccsima
1115 4501 1261 4547 sexta
1294 4494 1570 4550 mansione
1621 4497 1688 4552 ab
1720 4495 1792 4551 0r
1847 4507 2028 4553 monte
2079 4512 2244 4552 vene-

729 4589 849 4632 runt
872 4579 924 4636 in
961 4579 1199 4633 Elmona.
1856 4603 1858 4605 '

796 4666 1082 4725 Triccsima
1117 4671 1335 4736 septima
1369 4670 1417 4723 in
1442 4672 1632 4726 ΡΙιίηο.

798 4754 1084 4818 Tricesima
1124 4765 1305 4811 octava
1329 4760 1378 4810 in
1412 4757 1602 4813 Obotb.
1678 4763 1684 4768 ’

799 4843 1085 4897 ’l'riccsima
1116 4861 1250 4898 nona
1280 4847 1452 4912 inGae,
1471 4849 1521 4900 in
1537 4848 1726 4902 finibus
1750 4848 1922 4903 Moab.
1953 4845 2007 4900 In
2035 4847 2117 4901 his
2137 4847 2254 4900 nni-

733 4934 832 4988 bus
865 4949 952 4987 rex
992 4933 1335 4989 Moabitarum
1383 4938 1607 5004 advocat
1666 4953 1875 5008 magum
1931 4938 2162 5003 Balaam,
2194 4947 2252 4991 ut

735 5024 1011 5078 maledica!
1042 5025 1255 5092 populo.

748 5196 751 5197 ν
802 5130 1216 5199 Quadragesima
1237 5133 1485 5197 statione,
1531 5151 1561 5189 a
1591 5136 1765 5201 Moab,
1785 5135 1999 5204 punitus
2029 5133 2254 5203 populus

739 5229 1008 5288 propterea
1038 5223 1176 5288 quod
1206 5223 1398 5280 initiati
1423 5224 1650 5282 fuissent
1678 5229 2054 5297 Beelphegoro,
2091 5241 2252 5281 vene.-

738 5320 861 5362 runt
884 5311 934 5363 in
959 5312 1166 5366 Zarcth.

807 5507 916 5581 (66)
956 5508 1107 5564 Forte
1137 5509 1244 5574 ἐπί,
1273 5519 1324 5568 ct
1357 5527 1475 5568 mox
1501 5513 1695 5582 Φαρᾶν.

2345 4323 2458 4374 ἐστι
2481 4317 2623 4388 παρὰ
2637 4315 2901 4370 Μακεδόσι
2925 4315 3078 4382 λῶος,
3112 4316 3208 4386 μιᾷ
3229 4315 3318 4368 τοῦ
3345 4315 3529 4385 μηνὸς,
3558 4311 3624 4387 ἦν
3649 4315 3704 4368 δὲ
3735 4317 3870 4370 ἑτῶν

2214 4431 2222 4444 ·
2279 4435 2287 4439 ·
2351 4415 2486 4478 ρκγ⁹.

2414 4497 2521 4565 (67)
2547 4495 2633 4560 λς’
2677 4496 2806 4548 Ἀπὸ
2836 4497 2932 4565 Ὠρ
2974 4494 3066 4548 τοῦ
3119 4494 3295 4564 ὅρους,
3341 4494 3660 4565 τριακοστὸν
3715 4495 3872 4548 ἕκτον

2351 4587 2603 4654 σταθμὸν,
2635 4581 2795 4655 ἦλθον
2824 4587 2899 4648 εἰς
2933 4586 3198 4655 Ἐλμῶνα.

2424 4675 2498 4738 λζ’
2524 4678 2614 4740 Ei;
2641 4676 2797 4730 Φινὼ.

2421 4763 2848 4832 menuma
2954 4788 2959 4792 -

2423 4855 2500 4910 λθ⁸
2531 4856 2620 4915 Εἰς
2641 4854 2756 4912 Γαὶ,
2781 4852 2873 4904 ἐπὶ
2896 4851 3000 4904 τῶν
3021 4851 3179 4921 ὁρίων
3205 4851 3393 4907 Mm“.
3432 4852 3517 4904 Ἐν
3539 4853 3741 4916 τούτοις
3765 4859 3876 4919 τοῖς

2352 4945 2516 5014 ὁρίοις
2540 4941 2567 4996 6
2599 4938 2843 5010 βασιλεὺς
2891 4940 3000 4992 τῶν
3030 4939 3325 5021 Μωαϐιτῶν
3372 4938 3523 4993 καλεῖ
3564 4943 3653 4995 τὸν
3703 4943 3875 5012 μάγον

2357 5033 2444 5084 τὸν
2477 5029 2719 5096 Βαλαὰμ,
2752 5026 3151 5095 καταράσασθαι
3183 5027 3271 5078 τὸν
3298 5027 3441 5080 λαόν.

2430 5138 2479 5207 μ’
2512 5136 2772 5206 Σταθμὸν,
2818 5134 2924 5188 ἀπὸ
2963 5135 3052 5188 τοῦ
3086 5135 3277 5198 Μωὲιό,
3322 5139 3645 5221 τιμωρηθεὶς
3684 5142 3774 5194 ἐπὶ
3803 5140 3882 5209 τῷ

2360 5227 2664 5295 τελεσθῆναι
2692 5223 2768 5294 τῷ
2791 5225 3122 5294 Βεελφεγὼρ,
3152 5221 3310 5293 ἦλθον
3340 5227 3416 5289 είς
3446 5229 3639 5297 Ζαρέθ.

2442 5515 2546 5583 (67)
2573 5517 2723 5571 Dccst
2752 5515 2862 5568 haec
2912 5517 3034 5564 nota
3060 5506 3110 5563 in
3128 5505 3268 5561 edito
3309 5502 3552 5559 Fabricii.
