4102 6338
217 380 283 440 65
1339 379 1701 440 LIBELLUS
1737 384 2214 445 MEMORIALIS.
2650 426 2654 431 ~
3271 386 3338 447 66

282 486 373 557 μα’
402 488 491 549 Εἰς
516 487 745 555 σοπερὰν
775 486 881 555 (68)
918 482 1135 553 Ἀρνών.

285 577 372 645 μβ¹
401 578 489 638 Εἰς
526 578 722 645 Φρέαρ.

284 663 372 731 pf
400 666 488 725 Εἰς
519 663 825 728 Δεὸϐωγάδ.

280 752 482 819 μδ¹Ἐὶς
503 751 718 819 Γαιμῶν
748 749 1034 817 Δεϐλαθέμ.

280 839 365 908 με’
393 843 480 902 εἰς
505 841 572 893 τά
595 841 694 909 ὅρη
724 840 791 891 τὰ
822 840 1059 908 Ἀμωρῆ,
1092 839 1339 893 ἀπέναντι
1359 837 1566 892 Ναὸαὖ.

279 1010 375 1079 μς¹
414 1011 534 1063 Ἐπὶ
561 1010 773 1079 δυσμῶν
802 1009 990 1074 Μωάϐ,
1022 1011 1159 1063 κατὰ
1189 1011 1412 1080 Ἱεριχὼ.

278 1180 367 1250 με
406 1182 525 1233 Ἐπὶ
549 1181 639 1233 τὸν
677 1180 960 1250 Ἰορδάνην,
986 1170 1250 1249 ἀναμέσον
1270 1182 1447 1250 Σιμὼθ
1473 1182 1572 1245 ἕως
1593 1184 1730 1236 Μελ-

212 1272 323 1330 ait,
361 1270 419 1321 τὸ
443 1270 580 1321 κατὰ
618 1269 841 1337 δυσμάς.
893 1269 1153 1321 Ἐνταῦθα
1183 1272 1415 1338 Μωῡσῆς
1456 1273 1727 1341 κατέληξε,

212 1360 299 1409 καὶ
327 1358 391 1409 τὸ
434 1358 840 1426 Δευτερονόμιον
870 1358 1079 1426 γράψας
1124 1361 1292 1427 πέραν
1336 1360 1428 1411 τοῦ
1474 1362 1750 1428 ’1ορδάνου“

211 1449 263 1496 ἰν
287 1450 355 1514 τῇ
383 1448 567 1513 ἐρήμῳ
594 1447 726 1514 πρὸς
756 1446 980 1513 δυσμὰς,
1006 1448 1251 1510 κατέλεξε
1280 1448 1355 1517 τῷ
1376 1449 1506 1518 λαῷ,
1534 1453 1590 1502 ὲν
1624 1453 1728 1503 ἔτει

208 1534 625 1604 τεσσαρακοστῷ
652 1537 748 1603 τῆς
788 1534 982 1597 ἐξόδου,
1017 1536 1276 1605 ἑνδεκάτῳ
1310 1540 1453 1608 μηνὶ,
1498 1534 1647 1602 οὗτος
1674 1542 1729 1592 δέ

210 1627 317 1674 ἐστι
372 1624 577 1693 δίστρος
622 1625 767 1693 παρὰ
795 1625 1080 1689 Μακεδόσι,
1128 1628 1381 1695 νεομηνία
1421 1628 1509 1678 τοῦ
1545 1630 1725 1697 μηνός.

208 1715 315 1764 Καὶ
347 1714 653 1775 κελευσθεὶς
695 1716 931 1768 ἀνελθεῖν
968 1718 1060 1769 ἐπὶ
1091 1720 1153 1786 τῇ
1202 1721 1406 1786 κορυφῇ
1455 1717 1544 1768 τοῦ
1574 1718 1727 1784 ὅρους

1754 497 1796 550 Α
1895 490 2301 559 Quadragcsima
2338 493 2571 560 primain
2616 495 2883 562 regionem
2944 496 3077 549 ultra
3135 498 3334 549 Arnon.

1899 577 2309 647 Quadragesima
2345 582 2575 633 secunda
2616 581 2667 632 in
2710 582 2925 635 Plirear.

1897 669 2306 736 Quadragcsima
2340 670 2489 722 tertia
2530 670 2579 722 in
2611 670 2911 738 Debbogad.

1897 759 2307 827 Quadragesima
2336 768 2519 825 quarta
2549 760 2599 811 in
2628 757 2840 812 Gmmon
2869 760 3195 813 Deblatliem.

1896 849 2308 917 Quadragesima
2335 849 2513 917 quinta
2564 850 2615 901 in
2677 857 2886 923 montes
2942 852 3342 913 Amorae-os,re-

1827 937 1980 1006 gione
2007 936 2206 991 Nabau.
2877 938 2879 945 ’

1894 1026 2303 1101 Quadragesima
2342 1033 2486 1079 sexta
2510 1025 2559 1077 in
2582 1017 2932 1080 occidentales
2959 1036 3136 1094 partes
3188 1029 3339 1081 Moab

1825 1114 1966 1166 circa
1999 1113 2227 1167 Jerieho.

1895 1200 2309 1269 Qnaalragesima
2360 1200 2578 1267 septima
2602 1199 2665 1252 ad
2722 1198 3003 1252 Jordanem
3064 1200 3202 1254 inter
3253 1202 3340 1255 Si-

1826 1291 1971 1341 motli
2000 1305 2165 1356 usque
2192 1290 2254 1341 ad
2294 1288 2478 1341 Melsat
2510 1289 2571 1341 ad
2600 1288 2968 1355 ,Oecidentem.
2999 1288 3095 1343 llic
3136 1290 3342 1359 Moyses

1825 1379 2001 1430 vivere
2045 1377 2218 1439 desiit,
2248 1377 2474 1443 quicum
2522 1376 2985 1429 Deuteronomtum
3041 1379 3339 1444 scripsisset

1826 1469 1962 1521 ultra
2000 1467 2281 1520 Jordanem
2308 1465 2358 1518 in
2380 1465 2587 1519 deserto
2611 1466 2672 1517 ad
2698 1465 3055 1527 Occidentem,
3090 1467 3215 1519 illud
3247 1482 3341 1534 po—

1826 1554 1947 1621 pulo
1979 1554 2238 1616 recitavit,
2277 1567 2414 1605 anno
2437 1553 2502 1605 ab
2531 1553 2672 1605 exitu
2710 1553 3129 1620 quadragesimo,
3158 1569 3340 1609 mense

1825 1642 2129 1703 undecimo,
2165 1642 2252 1708 qui
2307 1649 2386 1694 est
2424 1640 2764 1693 Macedonum
2796 1640 3017 1703 Distros,
3045 1640 3174 1707 ipsis
3195 1656 3332 1693 men-

1827 1732 1901 1783 sis
1929 1731 2180 1783 calendis.
2218 1729 2408 1784 Jussus
2441 1744 2598 1798 porro
2642 1730 2927 1783 ascendere
2976 1729 3027 1780 in
3090 1729 3335 1782 verticem

208 1803 415 1868 Φασγᾶ,
465 1805 556 1856 καὶ
606 1805 890 1860 θεάσασθαι
930 1811 1106 1861 πᾶσαν
1134 1807 1228 1875 τὴν
1275 1807 1370 1874 τῆς
1411 1808 1729 1872 ἐπαγγελίας
1764 1804 1767 1853 Ῐ

1764 1802 1803 1854 Β
1835 1818 2027 1871 montis
2060 1817 2284 1886 Pbasga,
2318 1826 2366 1871 et
2392 1818 2580 1869 intueri
2610 1830 2816 1869 onmem
2838 1816 3205 1883 promissionis
3229 1824 3337 1869 ter-

209 1890 307 1956 γῆν
342 1892 643 1961 πόρρωθεν,
689 1896 805 1949 ἐκεῖ
838 1897 1121 1966 γενόμενος
1166 1895 1299 1950 ἐτῶν
1335 1896 1519 1947 ἑκατὸν
1562 1896 1759 1950 εἰκοσι.

207 1979 453 2050 τελευτᾷ.

787 2160 861 2213 BI
868 2164 959 2214 BA
970 2164 1058 2214 ΟΣ
1092 2167 1169 2216 Δ’.

211 2269 457 2322 ΚΕΦᾹΛ.
481 2268 596 2322 ΞΘ’.
627 2298 693 2309 —
728 2269 865 2321 Τίνα
900 2270 1085 2331 ἐστὶν,
1126 2269 1163 2322 ἃ
1203 2271 1460 2323 τεθέαται
1497 2274 1529 2324 ὁ
1564 2273 1730 2323 Μωῡ-

296 2338 415 2403 σῆς
443 2336 758 2403 θαυμάσια,
786 2337 882 2389 καὶ
909 2336 981 2389 δι’
1003 2338 1183 2391 αὑτοῦ
1220 2341 1645 2405 κατείργασται.

286 2445 375 2495 Ἐν
397 2444 475 2512 τῷ
512 2446 638 2514 Σινᾷ
665 2446 776 2514 ὖρει
814 2446 910 2515 τὴν
948 2447 1103 2514 βάτον
1134 2448 1234 2516 ὁρᾷ
1265 2450 1573 2515 καιομένην,
1600 2448 1730 2500 ἀλλὰ

210 2533 539 2601 χλοάζουσαν
563 2536 654 2588 καὶ
680 2537 753 2606 μὴ
778 2538 1222 2607 κατακαιομένην.
1257 2539 1481 2605 Σημεῖον
1510 2539 1730 2606 αἰτήσας

209 2627 507 2691 παρασχεῖν
531 2624 627 2692 τῆς
656 2627 734 2686 εἰς
778 2626 876 2694 τὴν
916 2626 1182 2693 Αἴγυπτον
1217 2626 1378 2678 αὐτοῦ
1419 2627 1729 2694 ἀποστολῆς,

208 2714 303 2779 τὴν
328 2714 523 2780 ῥάὁδον
563 2716 657 2783 τὴν
694 2716 1007 2784 ποιμενικὴν
1059 2717 1265 2786 ῥίπτειν
1311 2715 1606 2777 ἐκελεύετο,
1639 2716 1729 2766 καὶ

211 2801 369 2851 πάλιν
420 2801 510 2853 τὸν
548 2804 667 2867 ὅφιν
716 2804 820 2855 ἀπὸ
867 2805 964 2869 τῆς
1014 2805 1205 2872 κέρκου
1252 2803 1592 2871 δραξάμενος,
1651 2804 1729 2863 εἰς

211 2888 402 2955 ῥάϐδον
449 2890 701 2957 ἐπανῆγε.
753 2890 860 2959 Τὴν
905 2892 1057 2958 χεῖρα
1111 2890 1475 2958 ἀποκρύπτειν
1521 2893 1599 2950 εἰς
1638 2890 1728 2941 τὸν

210 2976 404 3027 κόλπον
451 2978 813 3045 κελευόμενος,
846 2978 1038 3048 λευκὴν
1066 2979 1191 3029 ὡσεὶ
1223 2978 1351 3047 χιὼν
1398 2979 1488 3029 καὶ
1518 2977 1726 3048 παρηλ-

210 3064 488 3133 λαγμένην
516 3065 767 3132 ἐξήγαγε,
799 3066 888 3117 καὶ
921 3067 1076 3119 πάλιν
1105 3066 1416 3135 ἀποκρύψας
1440 3067 1625 3134 αὐτὴν,
1653 3067 1727 3127 εἰς
1752 3096 1794 3155 C

208 3153 266 3203 τὸ
287 3153 432 3205 κατὰ
472 3153 628 3219 φύσιν
655 3155 1099 3207 ἀποκαταστᾶσαν
1125 3156 1480 3223 ἐπανήγαγεν.
1519 3155 1729 3206 Κατιὼν

208 3242 296 3293 ἐστὶ
322 3242 419 3311 τὴν
455 3243 796 3310 προτεθεῖσαν
820 3244 964 3311 αὑτῷ
986 3244 1318 3313 λειτουργίαν
1348 3245 1425 3305 εἰς
1450 3244 1543 3310 τὴν
1572 3244 1729 3307 Αἴγυ-

211 3347 361 3395 πτον,
394 3333 608 3399 ἀγγέλῳ
657 3332 953 3401 περιτυχὼν
1000 3334 1341 3399 ἀπεπνίγετο,
1392 3332 1506 3384 ἀλλ’
1536 3334 1566 3400 ἡ
1596 3332 1728 3399 γυνὴ

211 3420 429 3484 γνοῦσα,
458 3422 548 3472 τὸν
574 3422 796 3488 ἀγγελον
821 3423 1272 3490 ἐξευμενισαμένη
1294 3439 1310 3452 ·
1354 3423 1616 3509 Νυμξίος
1649 3421 1727 3472 σύ

208 3524 302 3571 μοι
363 3509 442 3560 δι’
492 3511 767 3576 αἱμάτων,
794 3510 939 3578 αὐτῷ
994 3510 1240 3578 φήσασα,
1296 3512 1390 3575 τῆς
1443 3509 1731 3568 ἐπιθέσεως

209 3595 452 3664 ἀπεῖρξε.

274 3682 569 3734 Κατελθὼν
596 3684 673 3744 εἰς
710 3684 806 3751 τὴν
833 3684 1118 3750 Αἴγυπτον,
1157 3683 1217 3733 τὸ
1256 3682 1615 3749 δαμαζόμενον
1638 3680 1727 3733 τοῦ

210 3769 329 3822 λαοῦ
358 3770 562 3836 πλῆθος
585 3771 683 3821 ὑπὸ
702 3774 765 3839 τῇ
790 3772 894 3821 τῶν
920 3768 1221 3837 Αἰγυπτίων
1240 3770 1567 3835 δουλαγωγὴ.
1594 3786 1730 3837 παρ-

212 3860 553 3927 εμυθήσατο,
605 3859 678 3919 ὠς
726 3860 824 3911 ὑπὸ
874 3857 1005 3911 Θεοῦ
1064 3860 1145 3926 εἰη
1192 3859 1585 3925 ἀπεσταλμένος
1635 3858 1729 3923 τὴν

212 3947 519 4015 ἐλευθερίαν
549 3946 725 4009 αὐτοῖς
752 3946 1086 4015 πορίσασθαι.
1116 3946 1220 3998 Καὶ
1248 3946 1322 4013 τῷ
1349 3945 1552 4013 βασιλεῖ
1573 3946 1729 3995 ἀπει-

211 4035 390 4087 θοῦντι
416 4037 709 4104 συγχωρεῖν
722 4034 810 4087 τὸν
833 4034 955 4087 λαὸν
977 4035 1067 4085 ἐπὶ
1088 4033 1221 4086 Θεοῦ
1241 4034 1488 4101 λατρείαν
1512 4033 1728 4096 ἐξιέναι,

214 4126 304 4186 τάς
332 4125 467 4177 δέκα
498 4124 707 4192 πληγὰς
749 4127 1008 4193 ἐπήγαγε,
1041 4123 1131 4176 τοῦ
1170 4124 1295 4175 λαοῦ
1334 4123 1573 4183 συνόντος
1620 4119 1729 4183 τοῖς

211 4214 543 4278 Αἰγυπτίοις,
574 4214 666 4263 καὶ
698 4212 860 4281 μηδὲν
888 4212 951 4264 ὲκ
978 4212 1082 4264 τῶν
1115 4211 1333 4281 πληγῶν
1368 4212 1451 4262 διὰ
1489 4210 1583 4277 τὴν
1611 4226 1729 4260 συν-

212 4300 394 4352 ουσίαν
425 4300 801 4367 ὑφισταμένου.

275 4475 475 4543 Πρώτη
511 4475 607 4541 μὲν
644 4476 749 4541 γὰρ
795 4477 970 4544 πληγῇ
1018 4479 1083 4527 τὰ
1117 4476 1386 4543 Αἰγύπτου
1439 4476 1598 4527 ὕδατα
1650 4477 1727 4536 εἰς

212 4564 413 4629 αἵματα
459 4561 733 4629 μετέϐαλε,
770 4564 856 4614 καὶ
884 4565 1038 4615 πάλιν
1069 4564 1424 4632 παρακληθεὶς
1470 4564 1726 4614 ἀντεκαθ-

215 4653 326 4721 ἰστη
353 4668 367 4683 ·
403 4650 451 4720 β’
480 4651 676 4720 πληγῇ,
715 4650 991 4720 βατράχων
1039 4652 1224 4720 πλήθει
1266 4652 1359 4719 τὴν
1406 4652 1613 4703 ἅπασαν
1638 4651 1725 4701 Αἴ-

214 4757 414 4805 γυπτον
446 4739 699 4809 ἐπλήρου.
742 4741 887 4792 Ἐπεὶ
918 4740 972 4792 δὲ
990 4741 1079 4792 καὶ
1098 4740 1299 4802 τούτοις
1327 4742 1568 4799 ἀπεῖπον,
1602 4756 1724 4790 συν-

214 4826 432 4891 αγαγὼν
480 4826 682 4878 σκιπῶν
707 4827 813 4897 (69)
864 4828 1085 4880 ἄπλετον
1128 4828 1297 4895 γένος,
1339 4828 1425 4878 τὸν
1467 4829 1600 4895 ἀέρα
1632 4827 1723 4895 τῆς

214 4914 483 4982 Αἰγύπτου
526 4916 912 4982 συνεμέστωσε.
948 4917 1252 4985 Κυνόμυιάν
1293 4932 1347 4967 τε
1397 4916 1486 4965 ἐπὶ
1532 4916 1732 4977 τούτοις

218 5008 306 5069 τὴν
338 5003 824 5071 ἀναισχυντοτάτην
864 5005 1090 5072 ἐπέφερε
1137 5006 1244 5065 τοῖς
1284 5004 1612 5068 Αἰγυπτίοις,
1644 5004 1727 5071 ἣν,

218 5096 309 5142 οὑκ
338 5088 646 5141 ἐνδιδόντων
686 5091 775 5141 τὸν
811 5091 932 5143 λαὸν
973 5093 1049 5153 εἰς
1077 5093 1171 5161 τὴν
1200 5092 1289 5142 τοῦ
1320 5090 1448 5141 Θεοῦ
1486 5090 1729 5159 λατρείαν

221 5176 522 5243 προελθεῖν,
572 5177 875 5243 εἰργάσατο.
936 5180 1058 5233 Ἐπὶ
1204 5178 1443 5239 τούτοις,
1495 5178 1728 5246 χάλαζαν

219 5267 491 5333 ἐπήγαγεν
516 5264 831 5333 ἀναιροῦσαν
864 5267 1001 5335 άπερ
1029 5267 1263 5336 ὕπαιθρα
1288 5265 1727 5334 κατελαμϐάνετο.

290 5416 334 5448 ι’
359 5414 528 5468 Exod.
551 5430 621 5478 tv,
650 5414 740 5467 26.

290 5566 399 5634 (68)
434 5566 564 5620 Puto
598 5550 871 5635 legendum
892 5565 951 5617 τὺ
975 5566 1158 5633 πέραν.

1829 1921 1940 1958 ram
1981 1908 2209 1967 eminus,
2266 1906 2335 1960 ibi
2370 1920 2537 1959 annos
2582 1914 2737 1959 natus
2787 1916 2999 1961 centum
3044 1918 3098 1961 et
3153 1907 3335 1974 viginti

1828 1990 1950 2044 fatis
1982 1990 2264 2045 concessit.

2407 2161 2622 2215 LIBER
2649 2162 2747 2216 IV.

1826 2270 1973 2324 CAP.
2015 2270 2191 2323 LXIX.
2233 2299 2293 2311 -—
2326 2272 2572 2339 Quanam
2636 2272 2757 2323 vidit
2804 2266 3062 2323 mirabilia
3114 2271 3335 2339 Moyses,

2134 2340 2209 2390 vel
2249 2339 2402 2390 etiam
2433 2338 2494 2389 ab
2520 2340 2630 2405 ipso
2655 2347 2866 2404 patrata
2890 2349 3028 2391 sunt.

1898 2448 1952 2500 ln
1986 2448 2109 2501 Sina
2138 2456 2315 2501 monte
2353 2447 2541 2499 rubum
2567 2447 2705 2500 videt
2735 2447 3024 2511 ardentem,
3046 2447 3135 2501 sed
3161 2455 3332 2501 tamen

1828 2540 2103 2599 virentem,
2130 2552 2225 2591 nec
2256 2539 2589 2604 absumptum
2619 2538 2753 2603 igne.
2819 2536 2948 2590 Cum
3012 2539 3339 2605 postulasset

1828 2642 1982 2696 posse
2012 2628 2258 2682 exhibere
2279 2628 2483 2695 signum
2518 2641 2625 2679 sua:
2658 2626 2709 2678 in
2736 2624 3015 2693 )Egyptum
3048 2627 3337 2691 missionis,

1828 2715 2143 2782 pastoralem
2174 2718 2370 2781 virgam
2399 2715 2654 2781 projicere
2677 2714 2907 2780 julietur,
2942 2723 3100 2781 atque
3144 2715 3331 2766 iterum

1826 2812 2121 2869 serpentem
2164 2803 2327 2854 cauda
2357 2802 2748 2867 apprehendens
2780 2801 2830 2853 in
2861 2802 3056 2869 virgam
3112 2802 3335 2855 reduxit.

1830 2891 2041 2942 Manum
2075 2892 2342 2944 occultare
2380 2890 2430 2941 in
2464 2889 2582 2943 sinu
2612 2888 2812 2957 jussus,
2844 2890 3013 2941 albam
3044 2905 3137 2943 ceu
3163 2891 3333 2944 nivem

1828 2990 1878 3033 et
1900 2982 2226 3033 immutatam
2262 2980 2460 3042 eduxit,
2496 2980 2789 3044 iterumque
2821 2993 2935 3030 eam
2962 2979 3248 3041 occultans,
3281 2980 3333 3031 in

1830 3070 2122 3122 naturalem
2157 3079 2347 3121 statum
2384 3068 2673 3121 reStitutam
2705 3068 2949 3119 extraxit.
2986 3066 3335 3120 l'rollciscens

1830 3159 1881 3210 in
1911 3156 2189 3226 IEgyptum
2216 3156 2279 3209 ad
2303 3170 2494 3208 munus
2527 3154 2790 3222 publicum
2820 3154 2917 3207 sibi
2956 3155 3203 3207 divinitus
3236 3151 3336 3204 ἱιιιι

1831 3243 2292 3312 positum.angelo
2341 3243 2561 3296 obvians
2611 3242 2964 3296 suﬂocabatur
3021 3243 3151 3295 :scd
3206 3258 3338 3294 uxor

1832 3334 1930 3387 hoc
1966 3348 2273 3401 agnoscens,
2299 3332 2502 3400 placato
2526 3332 2730 3400 angelo,
2763 3331 2883 3383 dum
2916 3332 2981 3383 ait
3006 3332 3086 3384 ei:
3117 3330 3338 3397 Sponsus

1832 3434 1885 3474 tu
1906 3423 2029 3474 mihi
2052 3437 2140 3488 per
2167 3422 2507 3490 sanguines”,
2530 3421 2596 3473 ab
2613 3420 2949 3489 aggressione
2975 3422 3224 3472 coercuit.

1898 3679 2026 3731 Cum
2052 3677 2158 3743 jam
2184 3677 2235 3728 in
2270 3671 2548 3743 Egyptunl
2593 3672 2968 3732 descendisset,
3026 3682 3333 3737 Oppressum

1828 3764 2208 3828 subactumque
2241 3760 2489 3829 populum
2551 3758 2931 3825 amplissimum
2956 3757 3021 3807 ab
3064 3754 3337 3822 {Egyptia-

1828 3866 1943 3902 rum
1973 3850 2224 3902 servitute
2261 3848 2649 3910 consolabatur,
2689 3844 2971 3905 afﬁrmans,
2998 3844 3132 3911 quod
3159 3858 3187 3895 a
3234 3842 3337 3895 Den

1829 3938 2024 3991 missus
2078 3936 2265 3989 fuisset
2290 3936 2352 3988 ad
2399 3934 2780 4003 procurandam
2841 3932 2967 3999 ipsis
3028 3931 3335 3994 libertatem.

1830 4026 1954 4093 ltegi
1988 4032 2176 4085 autem,
2201 4023 2292 4091 qui
2321 4038 2422 4075 non
2458 4022 2684 4075 obedivit
2710 4021 2996 4073 concedere
3039 4022 3250 4087 populo,
3282 4029 3336 4072 ut

1828 4120 2007 4172 liceret
2031 4116 2077 4168 ei
2100 4114 2358 4183 proﬁcisci
2390 4126 2483 4182 pro
2513 4112 2729 4165 colendo
2761 4110 2887 4174 Deo,
2921 4111 3103 4163 decem
3158 4110 3337 4174 plagas

1829 4207 2062 4261 adduxit.
2086 4206 2158 4257 Ac
2177 4204 2395 4273 papnlus
2417 4203 2622 4269 quidem
2656 4216 2756 4253 una
2785 4215 2901 4252 cum
2933 4200 3189 4268 ZEgyptiis
3221 4213 3337 4250 ver-

1829 4298 2045 4349 saliatur
2070 4313 2083 4359 ;
2114 4295 2245 4347 nihil
2279 4304 2448 4346 tamen
2472 4290 2789 4345 incommodi
2812 4305 2871 4342 ex
2898 4288 3065 4358 plagis
3092 4288 3192 4340 illis
3216 4303 3337 4356 pro-

1760 4391 1802 4442 ι)
1832 4393 1943 4451 pter
1973 4385 2422 4435 conversationem
2452 4383 2761 4435 sustinebat.

1897 4471 2067 4521 Prima
2101 4484 2324 4534 namque
2358 4471 2504 4537 plaga
2551 4469 2759 4536 IEgypti
2792 4483 2953 4534 aquas
2977 4468 3027 4518 in
3056 4465 3337 4531 sanguines

1829 4558 2086 4610 convertit
2116 4575 2127 4608 :
2160 4570 2475 4623 rursumque
2494 4566 2705 4623 rogatus
2737 4558 2785 4607 in
2821 4558 3082 4621 propriam
3113 4569 3201 4605 eas
3248 4568 3359 4605 tta--

1833 4655 2004 4699 turam
2031 4645 2276 4699 restituit.
2309 4644 2547 4696 Secunda
2596 4645 2764 4711 plaga,
2803 4658 3049 4693 ranarum
3104 4643 3334 4694 multitu-

1829 4735 1950 4786 dine
1981 4734 2275 4785 universam
2318 4729 2598 4800 IEgyptum
2648 4731 2896 4797 implevit.
2947 4728 3076 4781 Cum
3123 4744 3247 4781 vero
3291 4741 3341 4781 et

1830 4822 1913 4875 his
1938 4821 2294 4873 inobedientes
2318 4829 2515 4883 essent,
2538 4818 2802 4871 adducens
2821 4818 3079 4885 ingentem
3111 4819 3337 4870 eulieum

1836 4909 2112 4973 familiam,
2145 4924 2317 4961 aerem
2354 4907 2563 4975 ngypti
2598 4908 2892 4969 complevit.
2920 4907 2996 4959 Ad
3041 4907 3169 4970 lure,
3195 4921 3339 4958 mus-

1832 5014 1945 5052 cam
2034 5014 2241 5066 quoque
2322 5000 2584 5059 caninam,
2652 4995 3159 5062 impudentissimum
3216 4994 3338 5045 illud

1829 5088 2044 5152 animal,
2077 5088 2278 5139 induxit
2312 5086 2361 5137 in
2398 5085 2689 5152 Egyptios,
2726 5099 2882 5149 quam
2914 5084 3093 5135 etiam
3144 5078 3336 5139 intulit,

1830 5177 1935 5229 illis
1960 5191 2145 5243 nempe
2175 5189 2277 5227 non
2310 5174 2755 5242 permittentibus,
2798 5181 2855 5224 ut
2888 5172 3106 5238 populus
3133 5167 3193 5218 ad
3250 5166 3336 5217 Dei

1836 5266 2033 5321 cultum
2099 5264 2422 5333 procederet.
2477 5261 2710 5315 Subinde
2757 5262 3062 5330 grandinem
3125 5253 3339 5309 adduxit

1902 5568 2009 5635 (69)
2070 5568 2225 5621 Forte
2254 5565 2471 5629 κνιπῶν,
2502 5576 2677 5617 errore
2702 5570 2901 5629 typogr.
