4102 6338
670 322 735 384 67
2107 317 2398 375 JUSEPPI

3757 322 3826 374 ῦό

670 427 1036 482 conficientem
1095 441 1424 496 quaecunque
1457 425 1556 479 sub
1602 427 1687 479 dio
1730 425 2023 494 deprendit.
2071 424 2180 477 Fue
2240 440 2280 485 Α

2240 440 2280 485 Α
2315 425 2535 474 Ἔπειτα
2571 422 2798 491 ἀκρίδων
2823 423 2977 490 νέφη,
3000 421 3118 482 τοὺς
3160 423 3394 488 καρποὺς
3421 422 3660 483 ἅπαντας
3701 439 3827 472 κατ·

671 527 793 569 runt
822 526 997 582 postea
1024 516 1344 568 locustarum
1378 515 1560 576 nubes,
1590 529 1708 581 qua:
1755 521 2200 580 consumpserunt

672 603 850 671 fruges
899 604 1220 665 universas;
1284 602 1511 654 tenebrae
1565 601 1689 653 item
1721 602 1865 653 solos
1927 599 2201 667 {Egyptios

670 692 972 755 obruentes,
1001 692 1089 744 sed
1122 691 1248 742 nihil
1273 689 1611 744 obscuritatis
1647 689 1878 742 Hebraeis
1903 687 2196 740 aﬂerentes.

674 781 935 833 Decimam
965 795 1188 848 eamque
1238 794 1534 848 supremam
1561 779 1691 846 ipsis
1737 779 1943 846 plagam
1988 776 2176 828 inﬂixit

676 869 1150 937 prinmgenitorum
1202 878 1448 931 mortem,
1492 883 1610 937 quae
1665 869 1947 931 confertim
2009 867 2200 920 actidit

675 973 783 1011 uno
811 958 1099 1024 eodemque
1126 958 1378 1023 temporis
1402 966 1690 1009 momento.
2163 999 2166 1002 .

660 1060 662 1062 '
739 1046 858 1100 Post
909 1061 1177 1112 egressum
1240 1045 1416 1112 populi
1455 1061 1519 1096 cx
1583 1043 1844 1113 IEgypto,
1893 1044 2202 1111 insequente

666 1148 785 1192 cum
818 1133 1185 1203 IEgg‘ptiorum
1223 1133 1478 1195 exercitu,
1516 1132 1848 1200 Erytltraaum
1883 1147 2029 1184 mare
2068 1133 2202 1184 divi-

666 1221 734 1274 sit
766 1230 822 1272 ut
851 1222 1071 1288 populus
1096 1219 1473 1289 pertransiret:
1516 1220 1814 1286 iterumque
1837 1219 1962 1272 illud
1996 1221 2203 1272 reduxit

667 1321 826 1373 super
862 1308 1225 1374 insequentem
1253 1320 1450 1373 regem,
1503 1321 1659 1374 quem
1712 1308 1892 1358 obruit
1939 1307 2202 1374 profundo

671 1397 854 1458 maris,
890 1397 1028 1463 quod
1055 1397 1195 1466 virga
1222 1397 1502 1463 percussit,
1523 1397 1966 1462 quemadmodum
1986 1397 2110 1450 illud
2135 1396 2201 1450 ad

669 1485 948 1537 transitum
976 1487 1151 1552 populi
1203 1486 1361 1537 etiam
1390 1495 1542 1537 antea
1576 1497 1929 1551 percusserat.
1988 1504 1993 1515 ν

735 1654 1131 1707 Amarulcntam
1165 1669 1356 1722 aquam
1400 1653 1623 1709 Meri-lue
1654 1655 1816 1709 fontis
1842 1657 1892 1708 in
1947 1657 2201 1711 ﬂuentum

670 1742 931 1792 convertit
960 1741 1207 1809 potabile,
1242 1743 1495 1794 immerso
1520 1743 1572 1794 in
1620 1759 1737 1797 eam
1805 1746 1968 1813 ligno,
2011 1762 2199 1813 quem-

671 1831 950 1883 admodum
981 1831 1182 1886 scilicet
1209 1833 1459 1898 etjussus
1490 1830 1682 1884 fuerat.
1733 1832 1922 1886 Manna
1964 1835 2205 1903 praedixit

670 1921 956 1986 pluiturum
993 1920 1154 1972 Deum
1193 1922 1241 1972 in
1271 1921 1480 1974 deserto
1507 1920 1570 1972 ad
1611 1923 1785 1989 populi
1837 1924 2204 1989 nutritionern,

670 2017 826 2075 atque
852 2010 922 2059 ita
956 2008 1150 2060 evenit.
1176 2004 1600 2075 Ortygometram
1655 2009 2015 2061 devolaturam
2065 2024 2204 2076 pra:-

669 2097 868 2158 dicens,
893 2100 1296 2163 concupiscente
1325 2099 1518 2164 populo
1543 2098 1864 2150 manducare
1890 2113 2098 2162 carnes,
2128 2098 2201 2151 ita

670 2185 722 2237 in
757 2185 846 2237 Dei
872 2169 1223 2252 c0gnitionem
1247 2186 1534 2252 ipsummet
1561 2188 1812 2253 populum
1841 2189 2090 2240 erudivit.
2125 2187 2198 2240 Ex

670 2272 816 2323 arida
851 2282 996 2338 petra
1033 2272 1224 2324 baculo
1270 2287 1546 2338 percussa,
1605 2274 1892 2325 ﬂuvialium
1947 2289 2201 2340 aquarum

671 2360 940 2427 copiosum
967 2360 1162 2412 ﬂuxum
1184 2359 1460 2414 derivavit.
1486 2361 1734 2413 Mannum
1753 2362 2060 2415 extensione
2080 2363 2200 2415 belli

672 2449 951 2500 victoriam
982 2448 1238 2501 adversus
1269 2448 1556 2502 irruentem
1585 2449 1995 2502 Amalecitarum
2050 2464 2202 2502 exer-

673 2539 836 2590 citum
906 2539 1100 2606 p0pulo
1123 2541 1460 2606 comparavit.

745 2627 934 2693 Legem
969 2643 996 2680 a
1029 2628 1134 2681 Deo
1175 2630 1377 2696 accepit
1419 2632 1470 2682 in
1529 2630 1724 2699 duplici
1773 2631 1949 2684 tabula
2000 2632 2202 2687 descri-

673 2723 837 2780 ptam,
863 2721 1142 2781 postquam
1173 2715 1520 2784 quadraginta
1543 2716 1839 2783 jejunasset
1861 2717 1975 2770 dies
2005 2735 2017 2770 :
2042 2727 2200 2785 atque

675 2817 884 2854 rursum
919 2812 1128 2870 prepter
1159 2804 1333 2870 populi
1371 2805 1714 2872 impietatem,
1751 2805 1934 2859 fractis
1974 2807 2078 2859 illis
2117 2808 2200 2859 di-

673 2890 867 2944 vinitus
897 2892 1170 2961 descriptis
1203 2893 1411 2953 tabulis,
1440 2894 1629 2946 iterum
1658 2895 1950 2949 ascendens
1978 2897 2028 2947 in
2050 2910 2201 2947 mon-

2305 511 2660 563 αναλὼσασαι.
2698 513 2891 571 Σκότος
2936 529 2989 562 τε
3021 512 3210 577 μόνους
3254 512 3492 573 σκοτίζον
3519 511 3639 571 τοὺς
3668 513 3828 576 Δίγυ-

2305 603 2508 662 πτίους,
2550 604 2655 662 τοῖς
2696 600 2958 668 Ἑϐραίοις
2987 600 3044 650 ού
3083 599 3474 666 μελαινόμενον.
3505 600 3740 665 Δεκάτην
3769 599 3827 648 δὲ

2305 693 2396 744 καὶ
2439 689 2743 742 τελευταίαν
2798 689 3084 758 ἐπέρριψεν
3113 689 3287 748 αὐτοῖς
3335 688 3564 756 πληγὴν,
3601 687 3688 738 τὸν
3717 684 3827 736 τῶν

2306 780 2676 850 πρωτοτόκων,
2713 778 2916 848 ’ἀθρόον
2965 779 3066 831 ὑπὸ
3120 778 3247 847 μίαν
3295 768 3480 846 καῖροῠ
3533 774 3702 845 ῥοπὴν
3730 773 3827 826 θά-

2304 884 2479 921 νατον.

2373 1043 2523 1096 Μετά
2549 1041 2604 1094 δὲ
2646 1041 2742 1109 τὴν
2774 1040 2944 1105 ἔξοδον
2970 1038 3061 1092 τοῦ
3107 1037 3234 1090 λαοῦ
3281 1037 3376 1104 τὴν
3415 1037 3508 1089 ἀπ’
3531 1036 3826 1102 Αἰγύπτου,

2305 1130 2672 1192 ἐπιδιώκοντος
2701 1129 2856 1180 αὑτὸν
2877 1128 2967 1180 τοῦ
2993 1128 3276 1194 Αἰγυπτία)
3297 1125 3541 1194 στρατοῦ,
3558 1125 3652 1192 τὴν
3682 1125 3830 1191 Ἐρυ·

2307 1221 2438 1288 θράν
2471 1221 2656 1270 διεῖλεν
2688 1219 2955 1271 θάλασσαν
2989 1219 3065 1279 είς
3102 1217 3267 1268 δίοδον
3293 1216 3384 1267 τοῦ
3414 1214 3560 1278 λαοῦ,
3591 1217 3681 1266 καὶ
3720 1215 3829 1266 πά-

2306 1308 2388 1359 λιν
2413 1308 2683 1375 ἐπήγαγεν
2712 1303 2912 1372 ταύτην
2942 1305 3078 1356 κατά
3103 1304 3195 1355 τοῦ
3226 1303 3502 1364 διώκοντος
3549 1302 3826 1370 βασιλέως,

2305 1395 2700 1463 δνοέπεκάλυψε
2732 1395 2808 1463 τῷ
2853 1395 2949 1462 τῆς
2982 1393 3245 1461 θαλάσσης
3293 1392 3455 1462 βυθῷ,
3488 1393 3689 1459 πλήξας
3729 1391 3830 1460 τὴν

2305 1481 2573 1534 θάλασσαν
2621 1480 2814 1552 ῥάϐδῳ,
2845 1479 3031 1550 ὥσπερ
3082 1479 3246 1549 αὐτὴν
3290 1481 3366 1542 είς
3417 1479 3512 1550 τὴν
3552 1479 3647 1531 τοῦ
3697 1477 3827 1531 λαοῦ

2305 1571 2472 1624 δίοδον
2503 1573 2596 1622 καὶ
2627 1571 2886 1639 πρότερον
2909 1571 3122 1633 ἔπληξε.

2376 1657 2448 1710 To
2473 1658 2660 1725 πικρὸν
2683 1656 2822 1725 ὕδωρ
2851 1658 3067 1728 Μερρἄ
3092 1657 3190 1726 τῆς
3213 1656 3390 1726 πηγῆς
3413 1658 3489 1718 είς
3519 1656 3663 1724 νᾶμα
3698 1671 3830 1722 μετ-

2303 1745 2456 1798 έϐαλε
2485 1745 2727 1813 πότιμον,
2765 1745 2919 1810 ξύλον
2945 1745 3114 1814 βάψας
3143 1747 3197 1797 ἐν
3232 1746 3389 1814 αὐτῇ,
3420 1745 3605 1812 ὥσπερ
3631 1743 3694 1812 δὴ
3734 1743 3830 1793 καὶ

2302 1835 2595 1889 ἐκελεύετο.
2622 1837 2806 1888 Μάννα
2829 1837 3048 1904 προεῖπε
3069 1833 3178 1887 ὕειν
3199 1834 3287 1886 τὸν
3313 1834 3442 1886 Θεὸν
3468 1836 3524 1885 ὲν
3546 1836 3610 1903 τῇ
3636 1832 3829 1900 ἐρήμῳ

2301 1926 2379 1987 είς
2426 1924 2523 1993 τὴν
2567 1923 2659 1976 τοῦ
2705 1925 2833 1976 λαοῦ
2883 1922 3190 1993 διατροφὴν,
3248 1923 3340 1974 καὶ
3379 1921 3546 1982 οὕτως
3598 1921 3826 1986 ἐγίνετο.

2311 2013 2744 2083 Ὀρτυγομήτραν
2768 2012 3125 2064 καθίπτασθαι
3147 2009 3432 2078 προειπὼν,
3458 2007 3827 2076 ἐπιθυμήσαν-

2298 2117 2388 2162 τος
2412 2103 2547 2168 κρέα
2577 2104 2765 2168 φαγετν
2794 2101 2886 2152 τοῦ
2917 2099 3066 2160 λαοῦ.
3097 2101 3175 2160 είς
3213 2099 3530 2164 θεογνωσίαν
3577 2096 3665 2148 τὸν
3697 2095 3826 2147 λαὸν

2301 2188 2680 2255 ἐπαιδαγώγει.
2717 2189 2808 2241 Ἐκ
2833 2187 3000 2256 ξηρᾶς
3036 2188 3233 2257 πάτρας
3281 2187 3458 2256 ῥάϐδῳ
3506 2185 3824 2254 πληγείσης,

2301 2278 2571 2344 ποταμίων
2612 2277 2815 2330 ὑδάτων
2857 2277 3045 2347 ἀθρόον
3100 2276 3251 2346 ῥύσιν
3284 2278 3575 2346 προήκατο.
3611 2274 3826 2342 Χειρῶν

2301 2365 2513 2415 ἐκτάσει
2538 2366 2768 2431 πολέμου
2791 2365 2969 2431 νίκην.
2998 2365 3135 2417 κατά
3155 2366 3243 2419 τοῦ
3264 2365 3572 2427 ἐπελθόντος
3591 2365 3823 2433 στρατοῦ

2301 2451 2392 2504 τοῦ
2443 2453 2702 2522 Ἀμαλὴκ,
2736 2453 2808 2520 τῷ
2841 2452 2950 2521 λαῷ
2974 2455 3281 2521 εἰργάσατο.

2366 2624 2544 2693 Νόμον
2597 2610 2807 2688 ἐδέξατο
2835 2623 2978 2693 παρά
3002 2623 3133 2676 Θεοῦ
3183 2624 3239 2675 ἐν
3267 2623 3505 2692 διπτύχῳ
3548 2623 3822 2692 γραφέντα

2300 2716 2465 2767 πλακὶ
2493 2716 2891 2783 τεσσαράκοντα
2941 2714 3230 2783 νηστεύσας
3275 2714 3504 2782 ἡμέρας,
3536 2714 3625 2764 καὶ
3663 2713 3823 2764 πάλιν

2296 2805 2383 2857 διὰ
2409 2805 2506 2873 τὴν
2537 2805 2630 2856 τοῦ
2653 2804 2776 2856 λαοῦ
2806 2805 3137 2866 δυσσέϐειαν,
3169 2805 3264 2865 τὰς
3305 2805 3664 2871 θεογράπτους
3697 2819 3822 2854 συν-

2297 2892 2488 2960 τρίψας
2537 2891 2763 2954 πλάκας,
2798 2891 3040 2959 δεύτερον
3070 2891 3258 2952 ἐπιϐὰς
3301 2893 3374 2958 τῷ
3399 2887 3525 2960 Σινᾷ
3562 2891 3694 2960 ὄρει,
3727 2890 3824 2942 καὶ

675 2988 774 3032 tem
805 2980 950 3045 Sina,
981 2997 1100 3034 cum
1124 2983 1367 3036 similiter
1385 2982 1678 3051 jejunasset
1737 2984 1868 3037 alios
1904 2986 2016 3037 dies
2071 2998 2200 3050 qua-
2226 3011 2268 3063 ο

2226 3011 2268 3063 C
2299 2979 2590 3046 νηστεύσας
2615 2981 2809 3046 ὁμοίως
2842 2980 3000 3040 ἄλλας
3040 2981 3242 3047 ἡμέρας
3271 2981 3688 3048 τεσσαράκοντα,
3728 2980 3822 3030 τὸν

673 3070 932 3135 draginta,
957 3070 1122 3136 legem
1146 3073 1336 3122 iterum
1367 3072 1720 3137 reportavitin
1752 3072 1816 3124 iis
1842 3073 2202 3138 tabulis,quas

675 3170 742 3206 ex
768 3155 936 3221 lapide
965 3157 1173 3208 excisas
1203 3171 1385 3208 secum
1423 3158 1733 3210 adduxerat.
1767 3157 2051 3210 Descendit
2083 3160 2198 3226 glo-

678 3242 912 3294 rilicatus
954 3241 1088 3296 facie
1115 3244 1264 3306 adeo,
1308 3251 1455 3298 utne
1483 3247 1706 3314 populus
1759 3248 1971 3314 quidem
2027 3257 2203 3315 posset

678 3326 730 3378 in
760 3343 877 3379 eum
905 3329 1071 3381 aciem
1097 3330 1385 3383 intendere.
1427 3329 1542 3399 Ipse
1569 3334 1726 3385 etiam
1771 3334 2038 3401 legislator
2106 3337 2219 3388 fuit‘

679 3416 1137 3483 onmiumjurium
1165 3420 1365 3486 populi.
1421 3420 1639 3474 Divinas
1685 3423 1917 3476 visiones
1960 3425 2200 3491 accipere

677 3518 783 3570 prae
811 3505 1068 3557 universis
1097 3507 1365 3574 prophetis
1397 3509 1644 3576 dignatus
1677 3521 1778 3564 est.
1825 3511 2195 3566 lntellectualis

676 3590 982 3643 substantiae
1000 3591 1337 3645 admirandos
1368 3594 1702 3650 characteres
1730 3597 2071 3664 conspicatus
2097 3609 2195 3661 est,

677 3676 743 3730 ad
773 3693 1000 3746 quorum
1056 3681 1314 3734 rationem
1352 3697 1562 3735 sacrum
1611 3686 2007 3739 tabernaculum
2069 3701 2199 3740 con-

676 3777 879 3820 struere
901 3767 1084 3836 jussus
1114 3770 1230 3822 fuit.

745 3859 968 3913 Sacrum
1033 3862 1432 3917 tabernaculum
1479 3864 1637 3917 veluti
1696 3864 1920 3918 formam
1981 3865 2196 3918 intelle-

675 3949 867 4001 ctualis
903 3950 1147 4003 essentia:
1205 3951 1500 4006 fabricavit.
1530 3952 1752 4006 Sacrum
1803 3954 2056 4016 chrisma,
2105 3969 2196 4019 per

673 4037 817 4103 quod
879 4039 1228 4092 sacerdotium
1283 4043 1528 4106 initiavit,
1571 4043 1890 4108 composuit.
1943 4041 2193 4095 Summos

681 4126 981 4178 sacerdotes
1013 4129 1210 4179 creavit
1236 4132 1499 4182 Aaronem
1531 4131 1746 4182 fratrem
1796 4130 2018 4197 ejusque
2065 4131 2194 4182 libe-

677 4225 786 4272 ros,
833 4228 924 4277 per
955 4214 1342 4267 il-ludchrisma
1403 4219 1542 4282 quod
1595 4218 1918 4270 confecerat.
1967 4217 2192 4270 Sacrum

2309 3071 2537 3136 νόμονέν
2557 3064 2640 3130 αῖς
2663 3069 2947 3137 ἀνεκόμισε
2966 3069 3222 3132 λαξεύσας
3241 3069 3448 3132 πλαξὶν.
3470 3070 3818 3121 ἀνενεώσατο.

2300 3159 2371 3210 Τὸ
2416 3159 2697 3226 πρόσωπον
2750 3160 2948 3228 κατέϐη
2991 3159 3378 3226 δεδοξασμένος,
3423 3158 3495 3220 ὡς
3543 3161 3675 3225 μήτε
3727 3160 3823 3208 τὶν

2298 3249 2424 3301 λαὸν
2451 3250 2636 3318 ἐνορᾷν
2667 3247 2809 3316 αὐτῷ
2833 3248 3106 3300 δύνασθαι.
3142 3250 3244 3300 Καὶ
3263 3248 3418 3310 αὐτὸς
3443 3249 3498 3298 δέ
3530 3248 3822 3314 νομοθέτης

2297 3339 2380 3389 ἐπὶ
2415 3339 2546 3389 πᾶσι
2569 3340 2677 3400 τοῖς
2704 3337 3026 3406 δικαιιῖιμασι
3055 3336 3144 3389 τοῦ
3170 3337 3295 3389 λαοῦ
3321 3338 3627 3406 γεγένηται.
3661 3337 3822 3398 Θείας

2296 3411 2550 3491 ὸπτασίσξ
2579 3431 2724 3497 παρά
2755 3431 2961 3490 πάντας
2985 3431 3109 3490 τοὺς
3128 3431 3402 3498 προφήτας
3435 3430 3674 3496 ἠξίωται.
3706 3429 3822 3496 Τῆς

2296 3519 2482 3583 νοερᾶς
2538 3518 2718 3577 οὐσίας
2764 3518 3097 3584 θαυμαστοὺς
3137 3519 3486 3585 χαρακτῆρας
3537 3518 3818 3580 ἐθεάσατο,

2298 3604 2429 3673 πρὸς
2452 3604 2541 3666 οὓς
2563 3605 2658 3673 τὴν
2687 3605 2834 3673 ίερὰν
2855 3605 3052 3672 σκηνὴν
3077 3604 3493 3667 κατασκευάζειν
3522 3602 3817 3658 ἐκελεύετο.

2365 3856 2474 3924 Τὴν
2523 3856 2673 3924 ίεράν
2734 3853 2934 3922 σκηνὴν
2984 3853 3266 3906 ἀντίτυπον
3313 3850 3410 3917 τῆς
3463 3853 3647 3921 νοερᾶς
3692 3868 3818 3903 κατ-

2293 3947 2578 3998 εσκεύασεν
2600 3946 2798 4005 οὐσίας.
2827 3945 2898 3996 Τὸ
2935 3945 3070 4012 ἱερὸν
3101 3946 3322 4011 χρίσμα,
3377 3945 3434 3992 ὲν
3463 3938 3506 4009 ᾧ
3542 3944 3638 4008 τὴν
3663 3945 3818 4012 ἱερω-

2295 4036 2456 4102 σύνην
2489 4035 2769 4094 καθεσθεὶς
2824 4033 2967 4103 [sic],
3005 4033 3310 4100 συνέθηκεν.
3357 4033 3662 4099 Ἀρχιερέας
3705 4033 3812 4081 ἀπο

2293 4125 2454 4186 έδειξε
2487 4125 2574 4175 τὸν
2604 4124 2824 4189 ἀδελφὺν
2863 4121 3064 4189 Ἀαρὼν
3102 4123 3192 4172 καὶ
3234 4122 3357 4180 τοὺς
3385 4120 3570 4172 τούτου
3603 4121 3812 4182 παῖδας,

2295 4215 2361 4264 δι’
2403 4208 2462 4264 οὗ
2490 4212 2853 4264 κατεσκεύασε
2904 4211 3216 4278 χρίσματος.
3247 4211 3355 4278 Τὴν
3414 4209 3559 4276 ίερὰν
3614 4209 3815 4276 σκηνὴν

679 4296 1076 4348 tabernaculum
1103 4306 1155 4350 et
1177 4313 1506 4367 quaecunque
1558 4302 1609 4352 in
1651 4303 1764 4369 ipso
1807 4312 1959 4355 erant
2008 4313 2191 4356 sancto
2227 4301 2299 4353 D:

2227 4301 2264 4353 D
2295 4304 2384 4355 καὶ
2423 4303 2594 4353 πάντα
2647 4304 2713 4352 τὰ
2765 4305 2819 4353 ἐν
2866 4303 2999 4370 αὐτῇ
3030 4301 3105 4369 τῷ
3134 4300 3269 4368 ἀγίῳ
3325 4299 3578 4367 χρίσματι
3623 4299 3814 4366 χρίσας

678 4382 960 4436 chrismate
985 4401 1184 4453 ungens
1207 4389 1572 4442 sanctiﬁcavit.

745 4469 1030 4524 Subbatum
1085 4476 1197 4541 ipse
1231 4477 1434 4542 primus
1487 4479 1763 4542 stabilivit,
1819 4480 2192 4537 demonstrans

678 4557 804 4610 illud
837 4574 926 4626 per
966 4562 1228 4629 duplicem
1259 4581 1464 4618 maunaa
1495 4570 1877 4634 collectionem,
1934 4582 1987 4624 et
2019 4574 2194 4624 incor-

674 4657 882 4713 ruptam
917 4650 1033 4715 ejus
1069 4657 1545 4714 conservationem,
1575 4671 1692 4708 cum
1743 4671 1896 4712 antea
1953 4661 2189 4728 ignotum

677 4745 836 4789 esmt.
872 4735 1000 4789 Tres
1035 4740 1144 4808 lege
1188 4755 1353 4796 statas
1413 4745 1771 4799 solemnitates
1816 4750 2006 4814 populo
2062 4765 2192 4814 prm-

677 4826 892 4891 scripsit
929 4831 1211 4892 quotannis
1240 4833 1600 4886 celebrandas.
1637 4831 1690 4884 ln
1727 4847 1820 4886 eos
1851 4837 1940 4900 qui
1971 4837 2188 4887 vitulum

676 4915 1038 4967 conﬂaverant
1073 4918 1440 4972 animadvertit
1471 4936 1562 4989 per
1589 4931 1927 4976 accurrentes
1956 4924 2077 4988 sibi,
2110 4925 2190 4976 in-

677 5003 912 5057 tcrl‘ectis
952 5004 1118 5056 tribus
1152 5007 1542 5061 obstinatorum
1591 5013 1844 5068 millibus.

743 5092 943 5159 Populo
981 5091 1120 5157 leges
1181 5093 1316 5142 tulit.
1378 5094 1681 5149 Numeravit
1712 5101 1868 5152 etiam
1910 5100 2117 5156 Levitas
2159 5117 2189 5155 a

675 5183 864 5250 p0pulo
896 5195 1200 5236 secernens.
1244 5180 1314 5233 De
1340 5185 1614 5238 sacriﬁciis
1641 5189 1899 5256 agitandis
1924 5193 2027 5245 illis
2064 5207 2190 5261 prae-
2222 5205 2228 5211 ‘

677 5279 829 5338 cepta
869 5270 1033 5332 dedit,
1071 5277 1123 5322 et
1152 5269 1216 5321 dc
1246 5272 1536 5337 gestatione
1562 5276 1698 5326 sacri
1733 5281 2078 5341 tabernaculi,
2139 5289 2190 5333 et

676 5359 740 5409 de
773 5359 906 5412 bene
929 5360 1170 5413 ordinata
1195 5358 1539 5426 profectione.
1583 5361 1756 5428 Ignem
1789 5380 1946 5430 super
2000 5369 2184 5429 altare,

679 5446 763 5495 ubi
791 5447 1013 5512 primum
1045 5448 1176 5500 ritus
1209 5448 1476 5516 religionis
1500 5463 1829 5511 processere,
1853 5453 2064 5504 cmlitns
2098 5455 2190 5505 de-

678 5534 1010 5586 scendentem
1045 5539 1293 5600 ostendit,
1321 5538 1406 5605 qui
1445 5547 1496 5591 ct
1533 5537 1877 5592 iuexstinctus
1907 5541 2182 5593 remansit.

2294 4394 2502 4464 ήγίασε.

2361 4483 2627 4533 Σάϐϐατον
2681 4482 2838 4543 αὐτὸς
2892 4480 3097 4550 πρῶτος
3150 4480 3400 4549 ὡρίσατο,
3451 4480 3620 4543 δείξας
3660 4481 3810 4542 αὐτὸ,

2290 4571 2374 4621 διὰ
2407 4572 2501 4637 τῆς
2537 4571 2724 4636 διπλῆς
2766 4571 2989 4637 ἐκλογῆς
3021 4569 3112 4621 τυῦ
3170 4571 3359 4637 μάννα,
3414 4569 3503 4619 καὶ
3544 4571 3635 4634 τῆς
3684 4572 3814 4636 ἀσή-

2291 4674 2424 4707 πτου
2481 4659 2733 4724 διαμονῆς
2784 4657 2968 4721 αὐτοῦ,
3024 4659 3082 4709 οὐ
3138 4658 3399 4725 πρότερον
3456 4657 3810 4724 ἐγνωσμένον.

2293 4746 2449 4811 Τρεῖς
2505 4747 2766 4812 νομίμους
2835 4747 3020 4813 ἑορτὰς
3077 4745 3153 4811 τῷ
3209 4746 3317 4809 λαῴ
3371 4746 3650 4812 παρέδωκε
3717 4746 3811 4797 τοῦ

2292 4835 2533 4887 ἐνιαυτοῦ
2563 4837 2852 4903 ἑορτάζειν.
2889 4836 3024 4894 Τοὺς
3074 4835 3561 4901 μοσχοποιήσαντας
3608 4838 3810 4902 ἐτιμω·

2293 4925 2488 4994 ρήσατο
2516 4925 2600 4976 διά
2628 4926 2731 4974 τῶν
2781 4923 3323 4991 προσδεδραμηκότων
3374 4923 3536 4992 αὐτῷ,
3600 4941 3809 4994 τρισχι-

2291 4992 2433 5074 λίους
2463 5017 2584 5074 τοὺς
2608 5013 3064 5082 ἀνεπιστρέπτους
3090 5011 3430 5072 ἀποκτείνας.
3595 4992 3606 5004 ”

2358 5102 2458 5153 Τὸν
2492 5102 2615 5153 λαὸν
2668 5100 3067 5168 ἐνομοθέτησεν.
3133 5100 3498 5170 ’Ᾱπηρίθμησε
3541 5103 3631 5152 καὶ
3684 5101 3808 5161 τοὺς

2289 5190 2513 5248 Δευῖτας
2561 5190 2654 5241 ἀπ’
2682 5190 2856 5240 αὐτῶν
2898 5187 3101 5241 διελών.
3134 5188 3261 5256 Περὶ
3291 5189 3487 5243 θυσιῶν
3516 5190 3690 5248 αὐτοῖς
3725 5187 3809 5238 δι-

2289 5276 2529 5338 ετάξατο,
2549 5279 2638 5327 καὶ
2658 5277 2941 5345 ἀπάρσεως
2957 5278 3050 5344 τῆς
3075 5276 3218 5344 ἱερᾶς
3242 5276 3564 5344 σκηνῆς,καὶ
3589 5275 3810 5342 πορείας

2289 5365 2565 5415 εὐτάκτου.
2605 5365 2719 5433 Πύρ
2741 5367 2830 5417 ἐπὶ
2849 5366 2908 5416 τὸ
2939 5366 3333 5435 θυσιαστήριον,
3367 5371 3502 5418 κατὰ
3530 5368 3625 5432 τὴν
3655 5362 3807 5429 πρώ-

2287 5469 2383 5518 την
2411 5455 2627 5521 πρὸοδον
2669 5456 2727 5518 ἐξ
2783 5457 3007 5524 οὐρανοῦ
3060 5458 3542 5524 καταϐιϐαζόμενον
3590 5453 3804 5514 ἔδειξεν,

2286 5542 2314 5593 ὃ
2345 5543 2434 5595 καὶ
2465 5544 2726 5614 διέμεινεν
2759 5548 3038 5602 ἄσϐεστον.
3071 5549 3204 5611 Τοὺς
3234 5548 3670 5616 προσαγαγόντας
3706 5546 3804 5596 οὐκ
