4102 6338
239 305 299 366 69
1366 301 1732 358 LIBELLUS
1769 299 2258 358 MEMORIALIS.
2699 301 2702 306 ’
3322 297 3394 358 70

241 416 296 472 ἐκ
330 411 514 464 τούτου
557 410 752 478 πυρὸς,
788 409 972 463 Ναὸἀῦ
1026 410 1116 462 καὶ
1160 408 1365 461 Ἀὃιοῦδ
1403 410 1525 466 τοὺς
1585 407 1763 475 ἀρχιε-

1867 403 2160 459 ΟΠοτρηιρε
2191 415 2253 457 ex
2281 419 2384 457 non
2422 404 2525 457 isto
2555 404 2671 472 igne
2707 403 2885 458 Nadab
2918 411 2969 457 et
3005 403 3175 456 Abiud
3212 419 3392 456 sacer-

241 503 363 567 ρεῐς,
391 497 634 567 θεηλάτῳ
660 499 840 568 πληγῇ
864 498 1263 559 καταπεσόντας
1293 495 1557 558 ἀπέδειξε.

296 673 567 744 Καθαρῶν
590 673 684 726 καὶ
716 673 789 742 μὴ
821 671 1073 741 καθαρῶν
1103 671 1252 733 ζώων
1283 670 1550 740 διάκρισιν
1577 669 1762 736 ὲποιή-
1806 685 1808 688 ·

242 782 378 819 σατο.
424 765 594 831 ’Υπὲρ
658 764 936 832 ἁμαρτιῶν
988 762 1191 823 λύσεως
1235 760 1332 821 τὰς
1383 761 1768 829 ἀφωρισμένας

244 853 420 915 θυσίας
449 853 674 916 ἐπέταξε
704 853 812 904 δεῖν
844 850 1226 921 προσάγεσθαι.
1257 849 1486 918 Λεπρῶν
1518 850 1610 901 καὶ
1643 850 1769 900 ἀνα-

243 945 422 1012 πήρων
473 943 768 1013 διακρίσεις
818 942 926 995 ἀπὸ
981 941 1079 1010 τῆς
1111 941 1262 1009 ίερᾶς
1299 941 1617 1006 συναγωγῆς
1667 939 1768 988 ὑπ-

243 1033 428 1098 έδειξε,
448 1033 542 1085 καὶ
561 1031 689 1102 περὶ
715 1031 1028 1100 καθάρσεως
1053 1028 1227 1082 αὐτῶν
1258 1028 1377 1080 τίνα
1405 1027 1768 1096 προσάγεσθαι

243 1124 330 1174 καὶ
357 1123 504 1183 ὅπως
554 1120 657 1190 χρὴ
704 1119 1000 1182 διετάξατο.
1047 1119 1182 1178 Τοὺς
1222 1115 1581 1187 Ἀμορραίους
1614 1117 1767 1167 ἀναι-

245 1215 378 1280 μωτὶ
407 1209 702 1271 κατελθὼν,
726 1208 821 1276 τὴν
846 1209 946 1276 γῆν
969 1208 1145 1260 αὐτῶν
1173 1209 1288 1269 ταῖς
1323 1207 1413 1258 δύο
1449 1205 1640 1273 φυλαῖς
1674 1204 1766 1256 τοῦ

255 1300 466 1353 Ῥουσὶν
483 1298 685 1352 καὶτοῦ
717 1299 819 1350 Γὰδ
845 1297 1133 1365 ἀπένειμεν
1161 1297 1235 1357 είς
1261 1296 1508 1364 κλήρους.
1537 1296 1636 1346 Τὸν
1664 1295 1769 1347 τῶν

241 1390 575 1456 Μαδιανιτῶν
609 1390 785 1441 ἀνεῖλε
827 1388 1067 1457 βασιλέα,
1099 1387 1300 1439 καὶτὸν
1326 1387 1515 1455 μάντιν
1541 1387 1769 1454 Βαλαὰμ

241 1478 676 1548 κακοσύμδουλον
729 1477 876 1546 αὐτῷ
938 1478 1076 1529 κατὰ
1127 1475 1220 1529 τοῦ
1267 1475 1397 1528 λαοῦ
1462 1476 1768 1543 γενόμενον.

241 1569 375 1628 Τοὺς
426 1565 775 1627 τελεσθέντας
807 1566 884 1632 τῷ
920 1563 1237 1634 Βεελφεγὼρ
1263 1566 1324 1616 ἐκ
1355 1563 1444 1616 τοῦ
1491 1564 1618 1616 λαοῦ
1662 1562 1772 1614 δισ·

249 1658 471 1726 μυρίους
523 1656 977 1735 τετρακισχιλίους
994 1653 1506 1724 ἀναιρεθησομένους
1525 1654 1767 1720 προεῖπε.

301 1826 534 1894 Σημεϊον
559 1796 652 1878 καὶ
673 1825 839 1877 τύπον
865 1823 963 1877 τοῦ
993 1823 1253 1893 σωτηρίου
1279 1823 1506 1893 σταυροῦ
1542 1823 1599 1872 ἐν
1622 1814 1771 1889 ᾧπερ

241 1914 528 1983 ἀνέστησεν
557 1914 676 1984 ὄφει
696 1914 880 1982 χαλκῷ
907 1913 1360 1984 προκατεὸάλετο,
1395 1909 1438 1977 ᾧ
1487 1913 1773 1980 προσέχον-

241 2019 318 2065 τες
339 2005 392 2054 oi.
419 2003 734 2076 δακνόμενοι
766 2003 868 2054 ὑπὸ
892 2002 998 2052 τῶν
1021 2000 1194 2068 δφεων
1219 2002 1315 2052 οὐκ
1336 2000 1669 2052 ἀπώλλυντο.

303 2180 474 2232 Πέντε
516 2178 729 2248 βίϐλους
757 2177 833 2247 τῷ
874 2177 986 2246 λαῷ
1016 2176 1314 2241 συνέταξεν,
1338 2176 1414 2237 ei;
1452 2192 1509 2226 τε
1541 2174 1765 2243 μελέτην

238 2271 452 2337 διηνεκῆ
499 2270 593 2322 καὶ
618 2267 963 2320 διδασκαλίαν
988 2266 1161 2333 λόγων
1206 2266 1384 2335 ἱερῶν,
1425 2267 1516 2317 καὶ
1555 2268 1772 2334 μνήμην

240 2359 337 2410 τῶν
369 2358 510 2425 ὑπὲρ
542 2357 720 2409 αὐτῶν
749 2356 840 2408 καὶ
886 2357 962 2419 είς
999 2356 1190 2416 αὐτοὺς
1232 2353 1628 2422 γεγενημένων,
1681 2354 1773 2403 καὶ

244 2445 575 2514 προφητείαν
593 2444 700 2496 τῶν
731 2443 986 2495 ἐπιόντων
1015 2444 1190 2503 αὐτοῖς
1214 2440 1416 2503 δεινῶν,
1443 2439 1680 2508 ῥᾳθυμίᾳ
1711 2456 1768 2489 τε

240 2535 341 2585 ἀπὸ
365 2535 464 2601 τῆς
485 2532 783 2598 εὐσεϐείας,
812 2532 905 2583 καὶ
929 2531 1207 2582 ἀποκλίσει
1229 2533 1292 2599 τῇ
1318 2531 1407 2580 ἐπὶ
1437 2529 1770 2589 δυσσέϐειαν,
1797 2576 1808 2586 ,

241 2625 544 2676 κατέλιπεν.
600 2621 755 2675 Ἀλλά
802 2623 893 2675 καὶ
946 2621 1085 2689 ᾠδὴν
1116 2621 1318 2680 αὐτοῖς,
1375 2618 1507 2685 μετὰ
1547 2617 1642 2684 τὴν
1683 2619 1771 2666 ἐπί

239 2713 329 2781 τὴν
351 2712 439 2766 διὰ
472 2711 742 2782 θαλάσσης
774 2711 1042 2778 σωτηρίαν
1089 2706 1525 2773 καταλεχθεῖσαν,
1579 2705 1770 2770 ἑτέραν

238 2799 378 2872 ᾖσεν,
427 2802 502 2864 ὠς
531 2802 599 2853 τὰ
625 2801 750 2867 ἔθνη
794 2798 1250 2867 προτιμηθήσεται
1280 2796 1456 2846 αὐτῶν
1505 2794 1766 2860 δυσσεϐη-

239 2890 464 2953 σάντων,
498 2891 562 2940 τά
591 2890 826 2957 πρότερα
878 2885 1129 2950 ἀσύνετα,
1161 2886 1252 2935 καὶ
1283 2885 1384 2935 ὑπὸ
1414 2883 1545 2934 Θεοῦ
1604 2899 1771 2949 προσ-

1865 496 2037 558 dotes,
2068 494 2323 565 divinitus
2372 493 2615 549 immisso
2648 495 2866 548 vulnere
2911 493 3287 547 occumbentes
3315 509 3398 546 os-

1865 583 2055 636 tendit.

1934 671 2252 724 Mundorum
2283 679 2336 724 et
2361 685 2463 723 non
2500 669 2820 723 mundorum
2856 670 3172 724 animalium
3209 669 3400 723 discri-

1866 779 1986 816 men
2015 762 2207 815 elIecit.
2241 760 2342 813 Pro
2371 769 2707 829 peccatorum
2754 759 3068 813 remissione
3110 761 3399 813 constituta

1869 853 2131 906 sacriﬁcia
2173 852 2419 920 prrecepit
2447 851 2622 902 otl‘erri
2659 859 2926 916 oportere.
2958 848 3313 916 Leprosorum
3339 862 3402 902 ac

1868 939 2076 998 defectu
2103 943 2460 996 laborantium
2500 941 2823 994 secretiones
2873 953 2901 991 a
2934 953 3091 990 sacro
3119 947 3259 992 coetu
3300 940 3398 992 ob-

1870 1032 2159 1087 servandas
2181 1031 2366 1094 edixit,
2392 1039 2550 1097 atque
2582 1043 2678 1098 pro
2699 1027 3001 1080 eorumdem
3033 1027 3400 1094 puriﬁcatione

1869 1137 1988 1190 qua:
2043 1129 2096 1173 et
2159 1121 2429 1188 quomodo
2488 1117 2756 1171 oﬂ'erenda
2813 1123 2992 1169 essent
3054 1113 3400 1182 prmscripsit.

1866 1209 2192 1265 Amori-bans
2215 1210 2330 1263 sine
2357 1222 2575 1262 suorum
2600 1208 2859 1274 sanguine
2890 1205 3146 1266 subactis,
3205 1213 3398 1256 terrain

1874 1302 2088 1354 illorum
2123 1299 2332 1352 duabus
2360 1297 2604 1351 tribubus
2629 1294 2812 1348 Ruben
2845 1303 2900 1348 et
2973 1293 3084 1347 Gad
3128 1294 3178 1345 in
3222 1301 3398 1346 sortes

1869 1391 2169 1445 distribuit.
2207 1389 2610 1441 Madianitarum
2641 1399 2814 1453 regem
2856 1382 3089 1444 sustulit,
3118 1390 3401 1447 vatemque

1869 1480 2085 1533 Balaam
2117 1479 2333 1547 pessimi
2367 1477 2505 1546 apud
2530 1492 2649 1529 cum
2681 1485 2951 1527 auctorem
2977 1471 3185 1524 consilii
3212 1470 3401 1522 adver-

1870 1584 1965 1623 sus
1991 1570 2268 1638 populum.
2295 1566 2537 1620 lnitiatos
2567 1564 2920 1632 Beelphegoro
2949 1575 3011 1613 ex
3041 1560 3254 1628 populo,
3309 1558 3400 1627 qui

1872 1660 1935 1713 ad
1968 1659 2152 1728 viginti
2183 1665 2413 1727 quatuor
2438 1655 2600 1708 millia
2629 1661 2800 1718 erant,
2826 1649 3170 1705 internecioni
3200 1649 3406 1702 dandos

1872 1750 2138 1818 prazdixit.

1945 1839 2164 1908 Signum
2195 1853 2259 1892 ac
2290 1847 2470 1906 typum
2519 1830 2807 1890 salutifera:
2832 1831 3008 1884 crucis
3062 1830 3115 1881 in
3148 1836 3394 1882 anteces-

1875 1946 1994 1982 sum
2025 1927 2268 1982 exhibuit
2299 1928 2348 1978 iu
2374 1942 2436 1978 eo
2472 1938 2628 1993 quem
2660 1922 2828 1975 erexit
2880 1934 3027 1989 teneo
3076 1925 3320 1984 serpente
3383 1931 3400 1967 :

1871 2020 1925 2070 in
1960 2032 2116 2083 quem
2152 2017 2486 2068 intendentes
2530 2012 2621 2079 qui
2658 2024 2688 2062 a
2711 2008 3044 2075 serpentibus
3091 2005 3254 2057 morsi
3287 2003 3401 2056 fue-

1869 2113 2010 2163 rant,
2044 2116 2145 2154 non
2187 2099 2497 2151 interibant.

1940 2191 2189 2255 Quinque
2226 2189 2392 2240 libros
2423 2185 2617 2253 populo
2645 2184 2962 2252 composuit,
2995 2196 3129 2248 quos
3189 2179 3266 2233 eis
3315 2194 3399 2232 re-

1871 2280 2027 2348 liquit
2064 2280 2126 2330 ad
2156 2278 2336 2344 jugem
2387 2274 2782 2326 meditationem
2814 2287 2874 2324 ac
2926 2270 3260 2337 disciplinam
3316 2283 3402 2321 sa-

1872 2384 2087 2422 crorum
2118 2379 2446 2426 sermonum,
2478 2361 2543 2415 ad
2572 2362 2883 2415 memoriam
2918 2361 3042 2412 item
3069 2373 3254 2411 eorum
3283 2372 3403 2425 qua:

1870 2474 1967 2527 pro
2012 2458 2140 2524 ipsis
2184 2456 2264 2508 vel
2320 2463 2507 2506 contra
2557 2453 2700 2520 ipsos
2740 2449 2874 2503 facta
2903 2457 3049 2513 sunt,
3086 2448 3137 2499 in
3176 2448 3403 2514 praphe-

1872 2523 1998 2597 tiam
2027 2558 2237 2610 quoque
2256 2543 2673 2594 obwnturorum
2698 2538 2826 2606 ipsis
2854 2536 3136 2597 malorum,
3169 2535 3281 2586 sive
3332 2533 3403 2584 ob

1873 2635 2177 2687 socordiam
2210 2632 2262 2683 in
2290 2633 2447 2684 rebus
2479 2629 2768 2697 religionis,
2811 2628 2922 2680 sive
2974 2625 3044 2678 ob
3085 2623 3403 2693 propensio-

1873 2739 1990 2775 nem
2027 2723 2076 2773 in
2110 2720 2453 2788 impietatem.
2488 2720 2624 2781 Quin
2655 2717 2814 2770 etiam
2841 2731 3054 2769 carmen
3087 2715 3212 2778 illis,
3260 2727 3394 2781 pra:-

1843 2819 1952 2873 tcr
1980 2809 2102 2859 illud
2136 2807 2278 2874 quod
2313 2805 2592 2858 recitatum
2653 2802 2829 2855 fuerat
2858 2803 2924 2853 ob
2948 2801 3250 2852 cvasionem
3309 2812 3402 2864 per

1873 2899 2106 2950 medium
2143 2912 2309 2954 mare.
2357 2895 2499 2946 aliud
2529 2892 2745 2948 cecinit,
2796 2892 2944 2942 aiens
2981 2896 3163 2956 gentes
3213 2889 3401 2954 prada-

237 2978 573 3046 ληφθήσεται
597 2976 730 3046 πρὸς
765 2974 1140 3044 παροργισμδν
1167 2973 1359 3035 αὐτῶν,
1394 2975 1498 3022 τῶν
1541 2974 1630 3023 ἐπὶ
1654 2973 1768 3031 ταῖς

1874 3000 1984 3043 tum
2016 2989 2078 3040 iri
2117 2987 2246 3056 ipsis
2277 2986 2437 3053 impie
2473 2982 2779 3050 agentibus,
2815 2994 2933 3047 qum
2966 2978 3112 3046 prius
3141 2977 3419 3044 insipien:

238 3066 454 3126 πολλαῖς
515 3064 970 3134 εἰδωλολατρείαις
1003 3064 1446 3132 παροργισάντων
1491 3062 1579 3112 τὸν
1621 3061 1766 3112 Θεόν.

243 3156 392 3206 Ἐστι
426 3154 486 3207 δέ
513 3155 580 3208 τά
613 3155 770 3206 πέντε
819 3152 980 3206 αὑτοῦ
1031 3153 1205 3221 βιϐλία
1255 3154 1485 3229 Γένεσις,
1536 3150 1768 3216 Ἔξοδος,

237 3242 536 3309 Δευῖτικδν,
579 3241 844 3313 Ἀριθμοὶ,
884 3240 1318 3311 Δευτερονόμιον.

236 3565 478 3619 ΚΕΦΑΛ.
508 3563 584 3619 0’.
635 3593 703 3605 —-
737 3565 870 3620 Τίνα
909 3563 980 3618 τὰ
1030 3563 1126 3619 διὰ
1204 3565 1402 3633 Ἰησοῦ
1447 3564 1551 3618 τοῦ
1603 3564 1768 3633 Ναυῆ

299 3634 762 3722 ἐπιτελεσθέῖτα
809 3635 1043 3722 ﬁngam,
1079 3634 1174 3686 καὶ
1205 3635 1276 3722 δι’
1308 3635 1490 3687 αὐτοῦ
1544 3634 1620 3698 τῷ
1649 3636 1772 3699 λαῷ

300 3703 784 3769 κατεργασθέντα
817 3705 1102 3770 θαύματα.

298 3858 407 3908 Τὸν
451 3855 720 3925 Ἰορδάνην
747 3854 1008 3924 ποταμὸν,
1033 3857 1110 3916 είς
1132 3855 1192 3905 τὸ
1225 3854 1505 3922 παρελθεῖν
1538 3856 1626 3906 τὸν
1650 3856 1769 3907 λα’,ν

238 3947 328 3997 ἐπὶ
355 3945 460 4010 τὴν
487 3946 585 4012 τῆς
619 3945 951 4011 ἐπαγγελίας
983 3943 1106 4011 γῆν,
1129 3944 1309 3994 διεῖλε.
1338 3942 1547 3994 Δώδεκα
1571 3942 1767 4005 λίθους,

236 4037 376 4087 κατά
417 4033 648 4102 ἀριθμὸν
675 4034 779 4084 τῶν
810 4032 1013 4085 δώδεκα
1051 4029 1249 4099 φυλῶν,
1293 4033 1357 4083 ἐκ
1388 4031 1480 4083 τοῦ
1528 4031 1768 4099 ποταμοῦ

235 4123 668 4192 ἀνακομισθῆναι
703 4123 988 4190 μεγάλους,
1022 4122 1100 4183 είς
1133 4122 1467 4190 μνημόσυνον
1492 4121 1770 4172 ἀποτεθει-

235 4215 430 4280 primo;
461 4212 537 4281 τῷ
563 4212 676 4281 λαῷ
707 4211 805 4280 τῆς
831 4211 1050 4281 πορείας
1088 4211 1273 4274 αὑτοῦ,
1298 4211 1394 4279 τῆς
1417 4211 1502 4263 διὰ
1524 4211 1618 4262 τοῦ
1675 4211 1772 4279 ξη-

1873 3091 1950 3135 tes
1981 3089 2153 3144 erant,
2199 3094 2421 3147 qumque
2448 3093 2474 3128 a
2510 3078 2614 3128 Deo
2644 3082 2986 3126 assumentur
3026 3071 3092 3122 ad
3143 3069 3397 3121 irritatio-

1871 3186 1992 3224 nem
2025 3171 2282 3238 ipsorum,
2315 3169 2504 3233 quippe
2548 3165 2636 3230 qui
2672 3162 2852 3216 multis
2910 3159 3224 3238 idololatriis
3270 3173 3396 3210 exa-

1871 3219 2204 3315 cerbavcrint
2237 3219 2421 3309 licunt:
2444 3219 2456 3233 ⁸
2478 3219 2615 3306 Sunt
2644 3268 2802 3320 porro
2853 3219 3227 3317 quinque‘libri
3284 3246 3399 3314 ejus

1871 3349 2112 3409 Genesis,
2168 3347 2399 3408 Exodus,
2434 3343 2720 3410 Leyiticus,
2769 3339 3003 3402 Numeri,
3070 3336 3404 3390 Deutcrono—

1871 3456 2059 3495 mium.

1869 3587 2021 3642 CAP.
2057 3584 2218 3638 LXX.
2247 3613 2313 3622 —
2348 3583 2476 3647 Quae
2503 3589 2620 3634 sunt
2663 3579 2923 3647 prodigia
2955 3575 3017 3628 ab
3060 3574 3193 3647 _._'esu
3253 3571 3398 3647 Nave

1938 3664 2248 3724 perpetrata,
2314 3642 2499 3721 αἴρει·
2555 3642 2715 3718 ipsum
2769 3642 2955 3713 populo
3013 3644 3194 3709 eﬂ’ecza
3233 3642 3394 3690 mira-

1938 3729 2074 3777 cula.

1936 3869 2216 3922 Jordanem
2257 3868 2472 3920 ﬂuvium
2503 3864 2698 3923 divisit,
2733 3871 2787 3911 ut
2817 3859 3040 3926 pepulus
3065 3854 3311 3906 transiret
3339 3852 3392 3904 in

1872 3967 2068 4011 terram
2127 3956 2519 4025 promissionis.
2600 3951 2879 4003 Duodecim
2948 3945 3167 4012 lapides.
3236 3943 3388 4008 juxta

1870 4061 2148 4100 numerum
2184 4044 2461 4098 dumlecim
2512 4042 2769 4099 tribuum,
2818 4050 3037 4104 magnos
3070 4048 3133 4085 ex
3179 4030 3395 4082 ﬂuuiine

1872 4135 2049 4187 atlerri
2105 4134 2284 4202 jussit,
2319 4131 2614 4199 deponique
2649 4144 2677 4180 a
2727 4127 2919 4196 populo
2975 4123 3026 4174 in
3080 4119 3392 4173 memoriam

1873 4224 2081 4277 itineris
2109 4223 2213 4285 sui,
2249 4223 2390 4290 quod
2422 4221 2718 4275 confecerat
2764 4232 2855 4285 per
2909 4213 3140 4267 medium
3217 4208 3393 4263 arefa-

238 4301 326 4368 ροῦ
363 4302 666 4369 γενομένου
698 4301 962 4369 ποταμοῦ,
991 4297 1336 4369 προσέταξεν.
1373 4301 1483 4360 Τὰς
1511 4301 1766 4368 ἐξήκοντα

1869 4324 2010 4367 ctum
2042 4315 2255 4383 ﬂumen.
2287 4312 2541 4373 Sexcenta
2573 4310 2736 4362 millia
2759 4306 2935 4375 pOpuIi
2968 4301 3186 4369 lapideis
3204 4298 3394 4367 gladiis

234 4392 504 4458 μυριάδας
533 4391 626 4442 τοῦ
670 4388 800 4443 λαοῦ
843 4391 1116 4458 πετρίναις
1137 4391 1423 4457 περιέτεμε
1455 4391 1763 4457 μαχαίραις.

230 4480 307 4530 TA
340 4481 398 4529 ἐν
449 4477 657 4545 Ἰεριχὼ
691 4479 841 4544 τείχη
880 4477 1186 4542 σαλπίγγων
1214 4479 1315 4544 ἠχῇ
1357 4478 1764 4543 κατεστρέψατο.

229 4567 329 4619 Τδν
361 4567 790 4633 ἱεροσυλήσαντα
827 4565 1128 4631 Ἀχαραῑον,
1167 4563 1232 4614 δι’
1266 4565 1323 4614 δν
1349 4568 1375 4614 ὁ
1405 4563 1528 4624 λαὸς
1552 4567 1764 4631 ἡττᾶτο,

229 4656 512 4725 κληρωτὸν
579 4654 866 4723 ἀνεύρηκε,
930 4654 1021 4704 καὶ
1071 4652 1398 4705 λιθόλευστον
1432 4655 1624 4707 ἀνεῖλε.
1660 4654 1767 4714 Τάς

231 4745 412 4805 πόλεις
438 4744 548 4796 τῶν
573 4743 759 4805 ἐθνῶν,
791 4747 882 4794 καὶ
903 4743 1026 4802 τοὺς
1045 4740 1274 4809 βασιλεῖς
1307 4742 1479 4793 αὐτῶν
1506 4742 1768 4809 ἁναιμ.ω;ὶ

231 4835 591 4902 παρείληφεν.
660 4833 823 4904 Ὑπὲρ
871 4832 1243 4896 Γαϐαωνιτῶν,
1303 4833 1407 4882 τῶν
1463 4833 1769 4898 αὐτομόλων

230 4921 793 4992 τῷλαῷγεγονότων,
828 4923 1093 4991 πολεμῶν,
1128 4924 1205 4984 εἰς
1237 4923 1442 4973 τελείαν
1486 4923 1638 4990 νίκην
1673 4925 1769 4991 τὴν

233 5011 366 5078 ὑπὲρ
393 5007 580 5061 αὐτῶν
605 5009 694 5060 τὸν
714 5010 864 5078 ἡλίου
887 5011 1081 5079 δρόμον
1107 5010 1320 5078 ἔστησε.

296 5099 435 5160 Ταῖς
492 5096 686 5163 φυλαῖς
740 5099 877 5150 κατὰ
929 5099 1159 5167 κλήρους
1190 5099 1365 5151 αὐτῶν
1415 5099 1509 5167 τὴν
1541 5100 1662 5166 γῆν,
1703 5103 1789 5168 ἦν’

234 5187 556 5257 παρειλήφει
585 5185 731 5253 παρά
750 5186 855 5239 τῶν
879 5186 1064 5250 ἐθνῶν,
1093 5187 1390 5254 κατένειμε.
1441 5187 1528 5255 Τῷ
1585 5204 1768 5240 πιστο-

232 5281 369 5349 τάτῳ
392 5276 575 5329 Χαλὲδ
611 5275 686 5343 τῷ
712 5275 804 5327 τοῦ
848 5277 1084 5347 Ἰεφωνῆ,
1118 5279 1205 5331 τὸν
1237 5279 1381 5342 ἄξιον
1429 5278 1589 5329 αὑτοῦ
1639 5280 1769 5349 κλῆ-

235 5383 317 5434 ρον
349 5369 639 5434 ἀπένειμε.
667 5363 776 5433 Τὴν
809 5365 990 5428 Ῥαὰϐ,
1022 5370 1117 5434 τὴν
1146 5371 1264 5429 τοὺς
1293 5367 1654 5423 κατασκόπους
1683 5370 1765 5420 δε-

237 5457 496 5526 ξαμένην,
547 5456 790 5524 ἐτίμησε,
844 5453 921 5522 τῷ
971 5455 1080 5525 λαῷ
1137 5456 1535 5522 συγκατατάξας
1579 5459 1766 5526 αὐτήν.

234 5546 349 5608 Τοῖς
383 5545 593 5614 ἱερεῦσι
643 5545 734 5598 καὶ
781 5543 890 5603 τοῖς
933 5545 1178 5608 Λευΐταις
1205 5546 1300 5608 τὰς
1332 5546 1508 5605 πόλεις
1563 5549 1654 5597 καὶ
1702 5550 1766 5599 τὰ

1871 4399 2223 4450 circumcidit.
2240 4395 2564 4448 Jerichuntis
2585 4409 2762 4447 muros
2780 4394 3022 4444 tubarum
3043 4401 3172 4440 sono
3186 4384 3391 4436 evertit.

1868 4487 2180 4538 Acharzeum
2214 4482 2385 4537 furem
2420 4485 2758 4550 sacrilegum,
2789 4489 3001 4548 propter
3032 4490 3186 4543 quem
3219 4489 3390 4540 popu-

1869 4577 1952 4627 lus
1985 4575 2229 4627 hostibus
2262 4575 2636 4635 succubuerat,
2668 4587 2760 4638 per
2790 4580 2959 4621 sortes
2989 4565 3211 4626 invenit,
3244 4572 3293 4615 et
3318 4563 3393 4612 la-

1868 4666 2102 4732 pidatum
2139 4664 2253 4715 neci
2282 4663 2444 4714 dedit.
2474 4661 2722 4714 Gentium
2787 4659 2964 4719 urbes,
3020 4663 3072 4708 et
3107 4667 3255 4719 reges
3306 4666 3395 4702 ea-

1871 4769 1987 4805 rum
2045 4755 2178 4804 citra
2236 4754 2546 4817 sanguinem
2589 4752 2745 4818 cepit.
2786 4749 2885 4801 Pro
2917 4744 3248 4804 Gabaonitis,
3301 4739 3390 4805 qui

1869 4858 1983 4898 srse
2013 4853 2200 4910 sponte
2249 4844 2501 4896 dederant
2560 4841 2772 4908 populo,
2827 4838 3016 4890 bellum
3064 4847 3270 4903 gerens,
3323 4829 3391 4880 ad

1871 4930 2160 5000 perfectam
2186 4933 2459 4984 victoriam
2488 4945 2582 4999 pro
2602 4930 2702 4981 illis
2734 4925 3086 4984 referendam,
3117 4921 3246 4974 solis
3271 4933 3389 4969 cur-

1871 5036 1988 5073 sum
2025 5022 2177 5072 stitit.

1939 5108 2207 5162 Tribubus
2275 5124 2366 5177 per
2405 5119 2575 5162 sortes
2606 5123 2789 5161 earum
2857 5117 3070 5166 terram,
3125 5113 3278 5169 quam
3326 5094 3390 5146 de

1869 5200 2116 5268 gentibus
2154 5209 2450 5267 acceperat,
2499 5199 2788 5250 distribuit.
2839 5196 3122 5248 Fidissimo
3189 5184 3389 5240 Chaleb
3456 5247 3461 5252 _

1867 5284 2120 5353 Jepbonis
2147 5287 2275 5351 tilio,
2315 5287 2526 5353 dignam
2574 5286 2662 5337 illo
2695 5285 3048 5342 baareditatem
3079 5271 3392 5341 assignavit.

1873 5373 2042 5436 llaab,
2107 5389 2225 5441 qua:
2281 5377 2645 5441 exploratores
2702 5381 3026 5437 susceperat,
3087 5364 3388 5427 honoravit,

1869 5478 1988 5514 cam
2020 5465 2195 5530 populi
2226 5463 2439 5516 civitate
2467 5465 2732 5515 donando.
2773 5457 3147 5511 Sacerdotibus
3191 5468 3259 5506 ae-
3285 5451 3384 5505 Le-

1872 5553 1991 5603 vitis
2032 5555 2189 5606 urbcs
2221 5563 2378 5621 atque
2410 5555 2659 5608 suburbia
2692 5549 2999 5618 assignavit.
3041 5548 3143 5600 Sex
3199 5544 3387 5614 relugii
