4102 6338
733 342 795 407 7|
2166 340 2286 399 tos

2375 338 2458 395 »ΡΙ
3805 320 3888 393 '72

735 451 978 505 civitates
1000 445 1294 508 constituit.
1325 448 1572 501 universa
1604 437 1851 515 operatus
1875 445 1939 499 ad
2000 444 2257 497 amussim

2375 441 2650 509 προάστεια
2666 438 2979 491 ἀποδέδωκε.
3024 437 3131 499 Τὰς
3147 409 3595 506 φυγαδευτηρίους
3623 437 3682 501 ἒξ
3713 437 3896 502 πόλεις

738 539 1094 592 Mosaiearum
1141 537 1605 591 constitutionum.
1644 537 1777 588 Dum
1838 534 2129 587 dimitteret
2161 547 2255 600 po-

739 631 921 696 pulum
975 628 1040 681 ad
1094 627 1429 680 haareditates
1473 641 1604 694 quas
1646 627 1865 694 ipsemet
1894 623 2256 684 distribuerat,

742 718 966 784 lapidem
996 715 1162 768 erexit
1189 715 1242 768 in
1298 715 1661 768 testimonium
1707 727 1919 774 eorum,
1968 724 2087 778 qua:
2141 709 2270 777 ipsis

742 806 879 856 dicta
913 802 1142 865 fuerant,
1173 802 1314 871 quod
1371 816 1492 856 vera
1520 809 1718 855 essent.
1753 798 1826 852 Ea
1883 811 2042 866 porro
2099 795 2267 858 fuere,

739 894 881 960 quod
923 901 1040 961 post
1084 892 1282 944 obitum
1331 890 1474 943 illius
1511 887 1816 943 derelicturi
1879 895 2057 939 essent
2107 882 2269 935 Deum

743 979 1056 1033 salvatorem
1151 985 1311 1040 atque
1393 973 1736 1043 praepositum
1815 985 1971 1026 suum
2065 981 2269 1020 necnon

742 1067 1005 1122 adhaesuri
1038 1067 1272 1133 gentium
1306 1065 1509 1117 idolis:
1564 1061 1911 1132 quamobrem
1975 1067 2029 1112 et
2083 1057 2181 1124 ipsi
2241 1070 2271 1108 a

756 1158 863 1210 Deo
889 1156 1148 1217 derelicti,
1180 1154 1514 1206 dmmon‘tbus
1565 1166 1698 1220 quos
1727 1152 1998 1219 elegerunt
2030 1147 2269 1201 tradendi

745 1257 941 1308 essent,
998 1260 1060 1298 ac
1119 1255 1237 1313 post
1297 1244 1490 1295 multas
1543 1241 2053 1303 animadversiones,
2133 1251 2270 1304 quas

743 1341 899 1389 etiam
953 1337 1006 1387 iu
1037 1335 1273 1404 paternis
1325 1332 1723 1386 litereditati‘uus
1755 1332 2003 1396 degentes
2044 1325 2271 1380 subituri

744 1433 888 1489 sunt,
925 1424 1237 1491 ejectionem
1292 1422 1358 1475 de
1422 1430 1564 1474 terra
1608 1420 1720 1480 illa,
1784 1417 2272 1486 dispersionemque

745 1514 882 1567 inter
919 1520 1099 1580 gentes
1132 1510 1540 1578 ignominiosam
1570 1509 1673 1561 sibi
1700 1508 2049 1561 obventuram
2080 1506 2269 1558 scient.

745 1664 895 1720 CAP.
945 1663 1125 1718 LXXI.
1177 1690 1248 1702 -
1299 1662 1549 1726 Quaenam
1593 1661 1856 1714 mirabilia
1906 1675 1997 1727 per
2060 1657 2271 1710 Judices

1360 1732 1502 1798 facta
1526 1739 1667 1783 sunt.

813 1886 1236 1941 Adonibezecum
1266 1899 1438 1954 regem
1482 1881 1903 1943 Pbilistinorum,
1932 1880 2024 1948 qui
2062 1877 2276 1948 regibus

745 1977 1078 2046 septuaginta
1105 1985 1338 2027 extrema
1365 1974 1722 2025 membrorum
1745 1977 2104 2032 truncaverat,
2154 1967 2276 2017 vin-

743 2077 925 2121 centes
956 2065 1114 2127 bello,
1171 2063 1288 2130 ejus
1333 2061 1494 2129 pedes
1549 2073 1844 2126 manusque
1907 2057 2270 2117 succiderunt,

745 2157 1110 2225 plurimosque
1143 2152 1340 2206 milites
1366 2151 1508 2204 illius
1539 2163 1632 2218 per
1667 2148 1862 2200 tribum
1920 2143 2052 2199 Juda
2111 2145 2275 2198 inter-

747 2242 957 2294 necioni
989 2240 1292 2293 dederunt.-

821 2329 1017 2396 liegem
1055 2325 1404 2376 ll-loabitarum
1439 2322 1603 2388 quiin
1642 2322 1962 2380 servitutem
2022 2319 2274 2386 populum

747 2417 1060 2485 redegerat;
1096 2413 1239 2465 Edon
1272 2408 1481 2481 [Eglun]
1505 2411 1616 2477 ipse
1647 2409 1973 2471 vocabatur;
2009 2408 2121 2459 Aod
2182 2406 2273 2473 ju—

748 2503 852 2554 dex
892 2500 1196 2557 adveniens,
1243 2507 1496 2563 tanquam
1534 2496 1624 2562 qui
1676 2494 1964 2548 benevolus
2008 2494 2106 2560 ipsi
2155 2508 2278 2561 pio—

748 2599 865 2659 pter
901 2589 1213 2655 obsequium
1241 2585 1450 2638 futurus
1479 2594 1640 2645 esset,
1673 2599 1999 2652 muneraque
2028 2583 2274 2645 efferens,

748 2681 871 2730 dolo
906 2674 1187 2728 interfecit.
1221 2674 1351 2727 Cum
1379 2675 1521 2726 enim
1574 2674 1920 2727 atubidexter
1950 2681 2091 2726 esset
2137 2672 2274 2733 Aod,

749 2768 900 2836 quasi
929 2766 1085 2819 vellet
1130 2765 1204 2817 illi
1258 2765 1505 2833 privatim
1552 2764 1706 2818 utilia
1738 2763 1981 2833 quaedam
2032 2778 2271 2825 narrare,

749 2859 966 2911 sinistra
1002 2871 1181 2918 manu,
1210 2856 1421 2909 nemine
1449 2863 1726 2923 praesente,
1761 2855 1812 2908 in
1865 2853 2112 2908 cubiculo
2151 2867 2272 2905 eum

749 2948 1008 3001 confodit.

2298 1758 2346 1816 B

2367 530 2630 595 ἀπέδειξε,
2691 529 2862 581 πάντα
2917 527 3268 594 κατορθώσας
3319 526 3458 578 κατὰ
3510 526 3605 588 τὰς
3656 526 3896 589 Μωσέως

2369 613 2661 687 ὑποθήκας.
2730 616 3000 669 Ἀπολύων
3043 616 3132 668 τὸν
3165 616 3293 668 λαὸν
3340 616 3431 668 ἐπὶ
3455 616 3578 677 τοὺς
3643 615 3894 685 κλήρους,

2367 708 2458 770 οὓς
2496 707 2809 774 κατένειμεν
2858 705 3037 767 αὐτὸς,
3075 704 3217 756 λίθον
3244 705 3465 772 ἔστησεν
3493 704 3570 766 είς
3605 702 3898 773 μαρτύριον

2367 799 2472 852 τῶν
2501 799 2591 849 ὑπ’
2649 795 2811 848 αὐτοῦ
2843 794 3143 864 λεγομένων
3203 795 3402 857 αὐτοῖς,
3443 792 3516 855 ὡς
3577 793 3750 862 ἀληθῆ
3788 794 3895 861 εἴη.

2373 888 2438 941 Ἀ
2469 888 2524 941 δὲ
2575 883 2664 956 ἦν,
2704 885 2782 948 ὡς
2822 888 2934 956 μετ’
2959 885 3118 940 αὐτὸν
3140 882 3519 952 καταλείψουσι
3550 883 3645 936 τὸν
3687 882 3897 952 σωτῆρα

2371 978 2462 1029 καὶ
2494 975 2798 1044 προστάτην
2837 975 3012 1028 αὐτῶν
3034 973 3319 1042 γενόμενον
3346 973 3498 1036 Θεὸν,
3541 975 3633 1025 καὶ
3661 974 3772 1033 τοῖς
3793 972 3901 1023 τῶν

2369 1064 2536 1116 ἐθνῶν
2563 1065 2801 1127 εἰδώλοις
2831 1065 3303 1134 προστεθήσονται,
3328 1062 3447 1115 ὃθεν
3480 1061 3572 1114 καὶ
3604 1061 3758 1113 αὐτοὶ
3793 1078 3899 1112 πα-

2372 1151 2740 1221 ραλειφθέντες
2792 1152 2895 1204 ὑπὸ
2947 1150 3099 1213 Θεοῦ,
3144 1149 3392 1216 δαίμοσιν
3448 1145 3639 1216 οἷσπερ
3694 1147 3902 1200 εἵλαντο

2369 1239 2759 1309 ἑκδοθήσονται,
2819 1242 2910 1292 καὶ
2942 1239 3076 1308 μετὰ
3127 1238 3321 1301 πολλὰς
3377 1236 3662 1307 τιμωρίας,
3695 1235 3760 1298 ἃς
3805 1235 3903 1287 καὶ

2369 1337 2427 1388 ὲν
2459 1315 2570 1398 Ιτοῖς
2603 1335 2872 1405 πατρῴοις
2913 1334 3128 1404 κλήροις
3153 1328 3559 1402 ύᾶιοστήσονται,
3588 1329 3683 1399 τὴν
3743 1328 3901 1382 ἔκδο-

2368 1421 2484 1495 λὴν,
2511 1423 2607 1493 τὴν
2633 1424 2737 1475 ἀπὸ
2758 1423 2855 1491 τῆς
2878 1423 3001 1490 γῆς,
3028 1424 3118 1473 καὶ
3139 1423 3216 1484 είς
3237 1421 3305 1473 τὰ
3326 1420 3450 1489 ἔθνη
3476 1418 3773 1489 διασπορὰν
3805 1434 3901 1485 τεο

2368 1513 2666 1582 νησομένην
2701 1511 2876 1564 αὐτῶν
2902 1511 3093 1577 ἄτιμον
3130 1508 3531 1577 έπιγνώσονται.

2374 1662 2614 1716 ΚΕΦΔΛ.
2654 1664 2774 1715 OA'.
2800 1694 2866 1704 —
2900 1663 3035 1716 Τίνα
3064 1663 3133 1714 τὰ
3163 1661 3258 1713 διὰ
3286 1659 3403 1713 τῶν
3429 1657 3638 1726 κριτῶν
3679 1657 3905 1726 θαυμά-

2913 1747 3014 1782 σια
3051 1731 3353 1797 γενόμενα.
3528 1784 3537 1791 ,
3655 1756 3663 1764 -

2446 1883 2547 1936 Τὸν
2586 1881 2934 1938 Ἀδωνιῦεζὲκ
2962 1875 3179 1947 βασιλέα
3204 1877 3308 1930 τῶν
3349 1875 3701 1945 Ἀλλοφύλων,
3754 1875 3905 1928 εὕδοι

2375 1973 2618 2041 μήκοντα
2653 1968 2886 2038 βασιλεῖς
2941 1967 3446 2037 ἀκρωτηριά’σαντα,
3498 1965 3908 2034 πολεμήσαντες

2374 2059 2546 2112 ποδῶν
2593 2059 2686 2110 καὶ
2711 2055 2907 2125 χειρῶν
2965 2054 3235 2123 ἐξέτεμον,
3296 2052 3386 2104 καὶ
3452 2051 3678 2120 μυρίους
3735 2047 3906 2102 αὐτοῦ

2373 2147 2703 2220 στρατιώτας
2728 2147 2814 2199 διά
2833 2147 2928 2214 τῆς
2948 2144 3040 2196 τοῦ
3085 2143 3252 2196 Ἰούδα
3280 2141 3448 2210 φυλῆς
3479 2139 3698 2192 ἀνεῖλον.

2441 2324 2542 2376 Τδν
2569 2322 2789 2391 βασιλέα
2850 2318 3150 2373 Μωαϐιτῶν
3177 2312 3612 2383 δουλαγωγοῦντα
3641 2313 3730 2366 τδν
3751 2312 3908 2374 λαὸν,

2386 2409 2544 2460 Ἐδὼν
2572 2405 2828 2477 [Ἑγλὼν]
2874 2407 2927 2459 δὲ
2949 2402 3097 2468 οὗτος
3143 2405 3402 2464 ἐκαλεῖτο,
3461 2403 3594 2456 Ἀὼδ
3643 2405 3672 2456 ὁ
3713 2402 3909 2472 κριτὴς

2375 2495 2630 2559 ἐπελθὼν,
2662 2495 2736 2558 ὡς
2766 2493 2947 2556 εὖνους
2971 2493 3117 2562 αὐτῷ
3149 2492 3271 2560 περὶ
3300 2493 3394 2560 τὴν
3437 2492 3677 2562 ὑπακοὴν
3711 2491 3909 2560 έσόμε-

2374 2603 2480 2647 νος,
2510 2585 2599 2637 καὶ
2627 2585 3015 2653 δωροδοκήσας,
3041 2581 3214 2634 ἀνεῖλε
3246 2581 3398 2650 δόλῳ.
3441 2580 3912 2649 Ἀμφοτεροδέξιος

2372 2676 2476 2745 γὰρ
2498 2674 2570 2726 ῶν
2594 2676 2621 2727 ὁ
2662 2673 2817 2737 ’Δὼδ,
2845 2673 2917 2734 ὼς
2949 2671 3266 2740 βουλόμενος
3293 2671 3438 2740 αὐτῷ
3478 2671 3580 2740 ίδίᾳ
3633 2687 3684 2722 τι
3729 2669 3912 2734 λέγειν

2373 2765 2480 2816 τῶν
2531 2762 2929 2833 συμφερόντων,
2994 2762 3058 2830 τῇ
3113 2759 3375 2829 εὐωνύμῳ
3427 2760 3588 2829 χειρὶ,
3643 2758 3910 2828 παρόντος

2373 2852 2607 2916 οὐθενὸς,
2631 2853 2707 2915 είς
2736 2851 2826 2904 τὸν
2855 2850 3085 2903 κοιτῶνα
3119 2851 3276 2902 αὐτὸν
3301 2848 3672 2919 διεχειρίσατο.

816 3036 1051 3090 Sisaram
1117 3050 1349 3104 quoque,
1386 3034 1810 3088 Chananaeorum
1868 3032 2265 3099 imperatorem,

2445 3025 2546 3075 Τὸν
2574 3023 2774 3091 Σισάρα
2810 3023 2967 3075 πάλιν
2996 3022 3215 3091 βασιλέα
3253 3025 3359 3075 τῶν
3395 3024 3708 3078 Χαναναίων
3765 3042 3906 3094 κρα-

749 3128 840 3186 qui
881 3127 1075 3191 pOpulo
1103 3125 1478 3176 dominabatur
1508 3131 1722 3189 propter
1773 3122 1888 3189 ejus
1944 3121 2105 3186 impia
2155 3118 2280 3171 faci-

756 3228 902 3273 nora,
939 3211 1130 3262 mulier
1177 3209 1417 3276 quaedam
1472 3207 1735 3269 Debbora,
1779 3206 1996 3259 mittens
2020 3203 2278 3256 Baracum

755 3297 1025 3348 hominem
1075 3297 1142 3348 de
1195 3295 1334 3347 tribu
1390 3293 1747 3362 Nephtltalim,
1797 3293 1940 3346 hunc
1981 3291 2279 3351 debellavit,

755 3393 914 3450 atque
944 3384 1135 3436 milites
1165 3383 1375 3449 quidem
1425 3383 1539 3448 ejus
1596 3393 1827 3449 quatuor
1865 3381 2029 3433 millia
2056 3379 2275 3442 cecidit;

755 3476 927 3539 ipsum
970 3488 1096 3526 Vero
1130 3471 1364 3526 Sisaram
1417 3474 1587 3525 solum
1621 3471 1979 3539 aufugientem
2039 3487 2068 3523 e
2119 3470 2277 3533 bello,

755 3562 901 3615 Jazel
941 3563 1181 3630 quaedam
1214 3563 1398 3614 animo
1443 3561 1676 3627 gestiens
1710 3561 1902 3612 mulier
1951 3561 2002 3611 in
2057 3563 2278 3611 domum

762 3667 913 3702 suam
944 3651 1335 3718 confugientem
1387 3637 1546 3701 veluti
1593 3648 1646 3700 in
1702 3649 1908 3716 asylum
1967 3648 2279 3713 suscipiens,

759 3741 893 3792 laete
927 3749 1074 3805 potat
1107 3741 1397 3799 sitientem,
1421 3746 1472 3789 et
1521 3737 1666 3789 humi
1699 3737 1832 3802 SOpit
1861 3751 1876 3798 ;
1933 3735 2279 3787 dormientem

757 3837 933 3881 autem
968 3828 1162 3894 ipsum,
1193 3827 1341 3878 clavo
1371 3840 1466 3895 per
1512 3834 1749 3892 tempora
1795 3823 2002 3885 adacto,
2031 3822 2280 3876 confecit.

759 3915 958 3966 Baraeo
979 3929 1098 3966 eum
1172 3928 1359 3980 capere
1417 3912 1700 3979 quatrenli,
1757 3909 1900 3963 Jazel
1947 3911 2175 3964 ostendit
2225 3911 2278 3963 in

757 4014 895 4055 terra
924 4004 1253 4054 transﬁxum.

827 4091 1007 4143 ltidern
1036 4091 1360 4143 instantibus
1412 4091 1606 4157 populo
1645 4090 1968 4151 Madianitis,
2000 4096 2282 4155 propterea

758 4181 897 4243 quod
925 4194 954 4229 a
997 4178 1101 4229 Deo
1127 4179 1194 4230 ob
1255 4179 1552 4245 inipietates
1609 4178 1782 4229 fuerat
1828 4177 2132 4238 derelictus,
2183 4175 2284 4228 Ge-

761 4269 896 4318 deon
951 4282 1042 4332 per
1087 4267 1328 4333 angelum
1382 4268 1540 4331 judex
1601 4266 1933 4332 proponitur.
1976 4263 2080 4317 Iste
2125 4277 2284 4331 porro

2376 3112 2564 3163 τοῦντα
2618 3110 2710 3162 τοῦ
2762 3110 2891 3162 λαοῦ
2926 3111 3010 3163 διὰ
3060 3111 3116 3161 τὸ
3169 3111 3481 3176 δυσσεϐεἶν,
3541 3113 3778 3184 Δεϐόρῤα
3822 3131 3910 3176 τις

2377 3202 2530 3269 γυνὴ,
2575 3202 2825 3254 στείλασα
2853 3201 2940 3253 τὸν
2962 3201 3166 3269 Βαράκ,
3193 3201 3281 3252 τὸν
3301 3201 3362 3252 έκ
3385 3201 3550 3270 φυλῆς
3573 3202 3906 3272 Νεφθαλεὶμ,

2379 3291 2565 3343 τοῦτον
2591 3289 3013 3359 κατεπολέμησε,
3046 3291 3136 3341 καὶ
3165 3290 3622 3358 τετρακισχιλίους
3681 3291 3776 3360 μὲν
3809 3293 3912 3345 αὐ·

2376 3381 2468 3433 τοῦ
2501 3380 2829 3449 στρατιώτας
2853 3381 3081 3450 ἀναιρεῖ,
3107 3381 3264 3433 αὐτὸν
3286 3381 3338 3433 δὲ
3364 3381 3452 3433 τὸν
3494 3382 3697 3450 Σισάρα
3749 3383 3912 3451 μόνον

2377 3470 2682 3538 ἀποδράντα
2703 3470 2792 3521 τοῦ
2823 3470 3078 3536 πολέμου,
3120 3469 3295 3537 Ἰαζήλ
3321 3487 3404 3532 τις
3438 3472 3729 3538 μαινομένη
3771 3473 3913 3542 γυνὴ

2380 3559 2641 3626 φεύγοντα
2671 3559 2805 3625 πρὸς
2832 3559 2928 3625 τὴν
2957 3558 3151 3624 ἑαυτῆς
3183 3558 3379 3619 οίκίαν,
3418 3559 3491 3618 ὡς
3541 3559 3618 3618 είς
3663 3575 3910 3625 καταφυ-

2379 3650 2480 3715 γὴν
2524 3647 2931 3714 προσηκαμένη,
2989 3646 3190 3706 ποτίζει
3223 3646 3449 3711 γάλακτι
3504 3645 3755 3712 διψῶντα,
3814 3653 3914 3702 καὶ

2380 3737 2750 3804 κατακοιμίξει
2796 3736 2918 3804 τρδς
2978 3735 3052 3803 τῷ
3107 3736 3307 3802 ἐδάφει.
3379 3736 3914 3804 Ἀποκαθευδήσαντα

2381 3824 2435 3876 δὲ
2468 3825 2647 3886 αὑτὸν,
2679 3824 2948 3876 πάσσαλον
2987 3823 3073 3875 διὰ
3098 3825 3189 3876 τοῦ
3217 3825 3442 3893 κράνους
3473 3825 3776 3894 περάσασα,
3796 3827 3914 3879 διαρ-

2381 3917 2602 3985 χρᾶται·
2645 3913 2890 3981 ζητοῦντι
2916 3914 2969 3965 δὲ
3008 3915 3167 3965 αὐτὸν
3207 3915 3527 3966 καταλαϐεῖν
3575 3915 3650 3983 τῷ
3701 3916 3909 3985 Βαρὰκ,

2380 4004 2644 4055 δείκνυσιν
2687 4003 2861 4071 Ἰαζὴλ
2887 4006 2943 4053 ὲν
2972 4007 3035 4071 τῇ
3067 4005 3133 4072 γῇ
3165 4004 3667 4072 καταπεπαρμένον.

2453 4094 2615 4144 Πάλιν
2645 4074 2950 4145 Μαδιναίων
2981 4095 3338 4161 ἐπικειμένων
3362 4094 3438 4160 τῷ
3467 4093 3597 4162 λαῷ,
3621 4095 3707 4146 διὰ
3735 4095 3795 4147 τὸ
3817 4096 3912 4148 ἐπὶ

2381 4183 2499 4242 ταῖς
2533 4181 2870 4241 δυσσεϐείαις
2893 4182 2995 4233 ὑπὸ
3026 4175 3162 4232 Θεοῦ
3188 4183 3677 4249 ἐγκαταλελεῖφθαι,
3709 4184 3914 4236 Γεδεὼν
3964 4166 3970 4172 ”

2385 4269 2450 4321 δι’
2477 4269 2703 4335 ἀγγέλου
2735 4271 3084 4337 προῦόιλλεται
3115 4271 3324 4338 κριτής.
3355 4271 3460 4322 Καὶ
3487 4275 3704 4339 σημεῖον
3756 4267 3913 4337 οὗτος

763 4357 971 4422 signum
1027 4355 1258 4419 postulat
1284 4355 1585 4419 Iiujusmodi
1626 4353 1724 4406 sibi
1783 4353 1918 4414 dari,
1974 4353 2016 4405 si
2067 4351 2279 4420 quidem

2383 4361 2540 4421 αἰτεῖ,
2583 4361 2629 4410 εἰ
2661 4362 2955 4428 προστῆναι
2986 4355 3091 4422 οἷός
3129 4379 3186 4412 τε
3236 4349 3318 4429 εἴη
3371 4363 3462 4413 τοῦ
3495 4363 3642 4423 λαοῦ,
3676 4365 3913 4418 τοιοῦτον

765 4455 990 4507 ιιι-ιιιυεεο
1017 4440 1208 4506 populo
1243 4455 1336 4506 par
1361 4449 1522 4492 esset.
1590 4439 1784 4492 Lanam
1844 4440 1897 4492 in
1953 4449 2088 4492 terra
2121 4440 2283 4505 depo-

765 4543 912 4586 mns,
951 4543 1066 4579 eam
1100 4528 1387 4595 postulavit
1414 4527 1579 4579 imbui
1610 4543 1750 4589 rore,
1806 4537 1942 4580 terra
1980 4543 2096 4594 quae
2140 4528 2278 4578 circa

762 4617 927 4667 vellus
952 4627 1110 4677 esset,
1138 4617 1268 4668 nihil
1308 4617 1524 4668 omnino
1559 4617 1794 4670 humoris
1824 4618 2125 4683 recipiente.
2181 4615 2282 4668 Ubi

762 4719 886 4754 vero
913 4706 1047 4755 l:llld
1078 4705 1276 4768 evenit,
1306 4705 1497 4756 iterum
1528 4705 1835 4772 postulavit,
1877 4718 1934 4757 ut
1965 4707 2118 4758 tellus
2166 4719 2286 4772 qua:

764 4792 901 4842 circa
936 4792 1109 4843 lanam
1155 4804 1269 4845 erat
1305 4794 1529 4845 humore
1579 4792 1925 4854 madesceret,
1985 4795 2103 4844 lana
2168 4807 2288 4842 vero

766 4877 1016 4943 impluvia
1048 4889 1297 4932 maneret.
1323 4880 1467 4933 .Cutn
1515 4893 1673 4948 porro
1715 4879 1934 4931 vidisset
1981 4880 2060 4930 sic
2123 4878 2289 4930 conli-

765 4967 905 5032 gisse
940 4967 1379 5030 quemadmodum
1415 4969 1794 5035 postulaverat,
1829 4982 1947 5036 qua}
1990 4967 2090 5020 sibi
2139 4983 2286 5018 man-

763 5058 883 5108 data
931 5054 1141 5106 fuerant
1188 5059 1509 5122 aggreditur.
1561 5059 1833 5111 Convocat.
1881 5058 2056 5126 igitur,
2102 5065 2157 5109 ut
2189 5057 2286 5109 sibi

734 5181 736 5183 ›
765 5161 915 5212 Opettt
945 5146 1114 5196 ferant
1144 5156 1406 5212 quotquot
1437 5164 1499 5200 ex
1532 5155 1725 5218 populo
1777 5152 1827 5203 id
1875 5162 2125 5220 przestarc
2178 5152 2286 5203 vel-

764 5235 894 5294 lent,
934 5234 983 5284 iu
1038 5233 1171 5283 bello
1213 5234 1465 5287 adversus
1512 5239 1690 5291 hostes
1737 5241 2094 5309 suscipiendo.
2153 5238 2280 5291 Cun-

763 5324 982 5374 veniuut
1026 5323 1131 5374 duo
1170 5330 1223 5374 et
1259 5323 1439 5389 viginti
1478 5325 1662 5378 millia.
1700 5327 1890 5381 Multos
1949 5343 2108 5394 porro
2165 5343 2285 5380 cum

765 5412 989 5464 dixisset
1019 5411 1064 5464 ei
1103 5412 1241 5464 Deus
1275 5428 1392 5465 esse
1416 5427 1507 5465 eos
1531 5418 1616 5480 qui
1649 5422 2031 5478 convenerant,
2067 5417 2290 5468 meticu-

768 5499 910 5553 losos
941 5502 1284 5554 dimittendos
1311 5502 1548 5554 mandat.
1587 5501 1677 5554 llis
1719 5504 1954 5556 dimissis
2018 5513 2290 5557 remanent

772 5587 947 5641 decem
988 5592 1168 5644 millia.
1201 5591 1446 5659 Cumque
1479 5594 1625 5646 vellet
1664 5591 1801 5644 Drus
1860 5594 1933 5645 illi
1987 5595 2286 5658 ostendere,

2382 4449 2526 4517 αύτῷ
2553 4448 2783 4516 δοθῆναι.
2841 4451 3009 4501 Πόκον
3051 4451 3378 4519 ἀποθέμενος
3403 4453 3456 4503 έν
3504 4457 3567 4521 τῇ
3600 4457 3691 4522 γῇ,
3724 4455 3913 4507 τοῦτον

2382 4538 2497 4606 ᾔτει
2520 4539 2689 4608 δρόσῳ
2720 4539 3066 4608 πληροῦσθαι,
3101 4541 3195 4608 τῆς
3223 4542 3347 4608 περὶ
3360 4543 3449 4592 τὸν
3473 4545 3632 4595 πόκον
3653 4546 3751 4611 γῆς
3777 4544 3913 4612 μηδ-

2380 4627 2517 4685 όλως
2581 4627 2989 4695 ύγραινομένης.
3032 4629 3116 4688 Ὦς
3163 4630 3215 4678 δὲ
3248 4628 3416 4690 οὕτως
3467 4633 3692 4696 ἐγίνετο,
3751 4633 3914 4685 πάλιν

2386 4714 2523 4780 ᾔτει.
2555 4715 2614 4764 τὸ
2645 4717 2742 4780 μὲν
2769 4718 2896 4783 περὶ
2918 4718 3005 4768 τὸν
3035 4718 3197 4768 πόκον
3223 4717 3411 4783 ἔδαφος
3433 4720 3798 4787 ὑγραίνεσθαι,
3823 4722 3914 4774 τδν

2385 4802 2438 4852 δὲ
2469 4802 2630 4852 πόκον
2659 4803 2844 4854 ἀΰετον
2882 4805 3082 4870 μένειν.
3120 4807 3204 4867 Ὠς
3235 4807 3289 4857 δὲ
3325 4805 3426 4857 εἶδε
3461 4807 3597 4860 οὕτω
3627 4811 3917 4879 γενόμενον

2386 4890 2459 4948 ὼς
2485 4891 2691 4958 ᾐτήκει,
2727 4891 2976 4958 ἐνεχείρει
3022 4894 3130 4953 τοῖς
3184 4895 3684 4963 προστεταγμένοις.
3739 4899 3920 4950 Καλεῖ

2387 4977 2514 5043 γοῦν
2541 4978 2870 5046 συνάρασθαι
2909 4977 3053 5046 αὐτῷ
3086 4979 3208 5040 τοὺς
3265 4980 3612 5050 βουλομένους
3643 4984 3735 5034 τοῦ
3784 4985 3916 5036 λαοῦ

2386 5069 2476 5119 ἐπὶ
2506 5069 2593 5120 τὸν
2623 5067 2828 5136 ἐχθρῶν
2857 5067 3104 5136 πόλεμον.
3138 5070 3242 5121 Καὶ
3295 5072 3639 5142 συνέρχονται
3669 5072 3918 5140 δισχίλιοι

2388 5158 2478 5208 καὶ
2528 5158 2817 5225 δισμύριοι.
2872 5157 3099 5218 Πολλοὺς
3146 5158 3201 5210 δὲ
3253 5160 3397 5229 αὐτῷ
3457 5161 3580 5222 τοὺς
3629 5160 3920 5230 συνεληλυ-

2389 5244 2541 5304 θότας
2587 5245 2614 5294 6
2669 5247 2796 5307 Θεὸς
2841 5244 3005 5296 εἰπὼν
3038 5241 3193 5310 εῖναι,
3247 5248 3589 5318 ἀποπέμπειν
3639 5248 3920 5301 ἐκελεύετο

2387 5332 2511 5391 τοὺς
2533 5332 2754 5394 δειλούς.
2790 5333 3017 5386 Μένουσι
3067 5334 3150 5404 δὴ,
3182 5336 3380 5388 τούτων
3433 5335 3914 5410 ἀποπεμφθέντων,

2391 5420 2590 5487 μύριοι.
2647 5422 2972 5491 Βουλόμενος
3017 5423 3072 5474 δὲ
3099 5427 3125 5476 ὁ
3154 5425 3280 5488 Θεὸς
3341 5426 3485 5493 αὐτῷ
3527 5424 3806 5486 δεικνύειν,
3835 5424 3915 5487 ὡς

2387 5509 2444 5558 οὖ
2498 5510 2867 5578 πολεμούντων
2923 5512 3116 5581 πλήθει
3157 5516 3432 5584 περιέσται
3486 5513 3591 5563 τῶν
3638 5511 3909 5579 πολεμίων

2391 5597 2623 5667 ἀπείρων
2654 5601 2837 5666 ὄντων,
2870 5601 2998 5654 ἀλλὰ
3027 5602 3140 5672 θείᾳ
3164 5606 3325 5672 χειρί,
3352 5603 3509 5655 πάλιν
3529 5600 3670 5668 αὐτῷ
3703 5601 3912 5657 κελεύει
