4102 6338
232 274 279 331 73
1286 254 1635 314 LIBELLUS
1668 247 2139 310 MEMORIALIS.
3178 229 3245 284 τι

233 376 426 431 πατνὲναι
482 375 608 439 πρὸς
654 372 727 439 τῷ
759 368 1124 435 παρακειμένῳ
1180 365 1416 431 ποταμῷ,
1464 365 1672 414 κάκεῖσε
1700 368 1742 419 Α
1772 373 1853 424 qut

1622 358 1905 424 σεΑιιιιοιῖ
1973 362 2295 419 nequaquam
2364 348 2428 397 ob
2490 342 2797 393 bellatorum
2864 334 3242 386 multitudinem

229 460 415 512 δεικνύει
456 458 565 516 τοὺς
620 453 1079 513 συνελευσομὲνοιις
1108 451 1163 499 ὲν
1196 452 1257 515 τῇ
1289 449 1445 514 μάχῃ.
1481 446 1563 503 Ὦς
1616 444 1667 494 δὲ

232 550 288 604 εἰς
313 543 445 607 ὕδωρ
476 543 612 591 πιεῖν
635 541 683 591 οἱ
744 539 917 606 μύριοι
950 535 1262 597 καιίὸησαν,
1317 529 1672 596 ὲπιτηρεῖσοαι

233 628 471 680 κελεύεται
517 626 583 675 τὰ
630 625 860 691 στόματα
894 624 1001 681 τοῖς
1049 614 1193 671 ὕδασι
1242 617 1673 673 καταϐάλλοντας,

232 710 735 777 κατακαμπτομένους
777 709 831 758 ὲν
863 707 936 771 τῷ
986 707 1166 763 πίνειν,
1218 702 1457 760 καὶτοὺς
1501 701 1676 765 χερσὶν

234 797 555 863 ὰνιμωμένους
588 796 644 844 τδ
680 792 857 853 ποτὸν,
885 793 974 841 καὶ
1004 786 1287 845 λάπτοντας
1314 786 1437 835 ὡσεὶ
1496 784 1665 841 κύνες.

233 877 355 932 οὗτοι
391 881 444 930 δὲ
473 879 719 944 ὤφθησαν
747 877 1059 940 δντεςμόνοι
1087 874 1393 939 τριακόσιοι.
1427 871 1528 919 Kal
1578 870 1674 917 πά-

234 965 296 1013 λιν
342 963 552 1027 πέμψας
632 960 971 1015 ἑπτακοσίους
1048 958 1137 1005 καὶ
1204 952 1671 1018 ἐννεακισχιλίους,

234 1050 386 1098 ἀκούει
448 1048 519 1105 ὡς
563 1045 645 1094 διλ
704 1044 805 1093 τῶν
860 1042 1173 1107 τριακοσίων
1232 1040 1353 1099 τοὺς
1404 1037 1678 1102 πολεμίους

237 1127 445 1195 ἀμαχητὶ
472 1126 813 1192 τροπώσεται.
852 1122 1056 1187 Ὑδρίας
1080 1118 1166 1171 οὖν
1212 1122 1383 1179 αὐτοῖς
1439 1120 1678 1184 ἐπιφέρε-

238 1215 332 1264 σθαι
361 1215 452 1263 καὶ
496 1211 765 1276 λαμπάδας
812 1210 865 1258 ὲν
916 1212 980 1274 τῇ
1024 1201 1270 1271 εὖωνύμῳ
1296 1207 1433 1272 χειρὶ
1463 1205 1679 1266 κελεύει,

236 1304 309 1351 καὶ
330 1300 613 1362 σάλπιγγας
636 1298 692 1346 ὲν
712 1297 773 1361 τῇ
794 1294 937 1360 δεξιᾷ
953 1311 966 1322 ·
997 1289 1110 1355 εἷτα
1154 1290 1535 1361 ἀπορρίψαντας
1588 1290 1680 1347 τὰς

236 1383 409 1451 ὑδρίας,
444 1382 710 1442 σαλπίζειν
736 1380 822 1429 καὶ
857 1378 1070 1444 ὲπιϐοᾷν
1096 1391 1109 1405 ⁸
1154 1376 1423 1441 Ῥομφαία
1447 1371 1523 1434 τῷ
1568 1371 1682 1433 Θεῷ

234 1450 311 1521 καί
341 1468 416 1530 τῷ
445 1468 684 1519 Γεδεών.
746 1450 954 1516 Τούτων
990 1464 1055 1514 δὲ
1088 1462 1222 1513 οὕτω
1257 1460 1592 1526 τελουμένων,
1635 1460 1681 1508 ot

237 1555 452 1621 1ιειιλέμιοι
487 1554 550 1603 δι’
569 1551 766 1603 ἑαυτῶν
789 1551 1083 1609 ἐκόπτοντο,
1112 1546 1303 1613 πλῆθος
1349 1544 1492 1604 ὄντες
1530 1544 1680 1595 ἄπει-

1772 423 1930 496 vietor
1959 449 2094 493 esset
2123 437 2345 496 futurus,
2379 432 2614 498 quamvis
2646 426 2828 479 inliniti
2852 432 3021 475 essent
3045 423 3213 472 hostes
3232 456 3246 475 ,

1754 530 1857 582 sed
1895 528 1961 580 ob
1984 528 2212 578 divinum
2249 519 2496 571 auxilium
2528 535 2539 567 :
2589 516 2774 564 iterum
2804 510 2849 562 ei
2900 506 3155 574 priceipit,
3194 513 3251 554 ut

1772 620 1833 668 ad
1865 630 2017 682 prope
2048 612 2270 678 positum
2294 609 2481 658 flumen
2528 601 2824 660 descendat,
2860 599 3031 663 ibique
3061 596 3132 646 illi
3165 608 3246 644 os.

1774 704 1933 755 tendit
1965 700 2050 766 qui
2084 712 2197 749 eum
2232 696 2316 746 illo
2346 693 2406 742 ad
2437 703 2659 757 pugnam
2706 694 2881 738 essent
2911 684 3052 735 ituri.
3084 682 3251 742 Quum

1775 787 1909 837 enim
1944 786 2118 836 decem
2149 780 2338 832 milleni
2371 778 2441 827 illi
2491 776 2550 825 ad
2600 773 2871 823 bibendam
2920 784 3104 834 aquam
3160 770 3249 817 dc—

1778 871 2117 929 sceudisseut,
2147 865 2490 918 observandos
2540 860 2695 911 edicit
2732 858 2986 917 homines,
3024 856 3111 920 qui
3164 869 3251 903 ora

1778 959 1927 1025 aquis
1974 956 2323 1021 imprimerent
2381 950 2773 1016 procumbentes
2829 944 2889 994 ad
2954 942 3252 998 bibendum,

1774 1060 1863 1096 eos
1892 1046 2010 1095 item
2054 1044 2140 1106 qui
2193 1039 2377 1104 palmis
2424 1038 2663 1086 haustum
2714 1033 2991 1091 traherent,
3054 1030 3250 1079 lambe-

1778 1139 1992 1195 rentque
2034 1135 2089 1177 ut
2136 1140 2304 1176 canes.
2356 1123 2458 1172 Visi
2494 1130 2613 1174 sunt
2664 1118 2960 1182 huiusmodi
3017 1118 3251 1168 homines

1776 1214 2044 1265 dumtaxat
2068 1211 2303 1261 trecenti.
2336 1208 2520 1258 lterum
2555 1220 2675 1271 ergo
2706 1205 2822 1255 data
2854 1204 3072 1254 abeundi
3104 1202 3249 1251 venia

1778 1307 1956 1344 novem
1991 1293 2091 1342 illis
2130 1292 2357 1342 millibus
2379 1299 2430 1341 et
2453 1289 2807 1353 septingentis,
2834 1288 2975 1338 audit
3002 1286 3252 1344 futurum,

1778 1387 1832 1428 ut
1874 1392 1968 1441 ope
2010 1384 2348 1435 trecentorum
2402 1390 2580 1425 eorum
2633 1374 2958 1425 adversarios
2992 1388 3094 1424 non
3132 1388 3255 1424 cou-

1780 1474 1913 1515 serta
1946 1466 2055 1514 acie
2084 1464 2132 1513 in
2158 1462 2329 1527 fugam
2359 1469 2541 1513 vertat.
2569 1459 2721 1510 Jubet
2772 1473 2896 1523 ergo
2945 1467 2997 1509 ut
3050 1458 3257 1523 lagcnas

1784 1550 1882 1600 sibi
1931 1548 2145 1598 afferant
2197 1548 2560 1612 lampadasque
2616 1545 2665 1595 in
2706 1544 2916 1595 sinistra
2973 1556 3150 1600 manu,
3197 1556 3257 1590 ac

237 1656 329 1705 ρον,
358 1640 449 1690 καὶ
474 1640 728 1704 τέσσαρας
758 1635 983 1701 βασιλεῖς
1010 1636 1127 1693 τοὺς
1178 1632 1453 1697 πολεμίους
1496 1646 1679 1697 χειρω-
1710 1651 1747 1701 Β
1776 1638 1857 1688 tul]

1630 1648 1679 1679 ι)-
1710 1651 1747 1701 Β
1776 1638 1922 1688 tubas
1950 1637 2000 1686 in
2032 1637 2261 1686 dextera.
2300 1634 2493 1684 Deinde
2525 1643 2578 1683 ut
2599 1632 2817 1697 abjectis
2858 1631 3074 1695 lageuis,
3106 1631 3250 1682 clan-

238 1728 440 1791 σάμινος
466 1724 743 1783 πελεκίζει,
775 1723 861 1771 τὸν
892 1719 1064 1786 Ὤρὴὸ,
1091 1720 1181 1770 καὶ
1210 1719 1298 1769 τὸν
1327 1717 1455 1784 Ζὴφ,
1491 1717 1682 1766 καὶτὸν

236 1811 391 1871 Ζεδσὲ,
427 1810 517 1860 καὶ
540 1809 813 1874 Σαλμανᾶ,
836 1805 1159 1857 Μαδιανιτῶν
1206 1806 1296 1854 καὶ
1330 1802 1682 1869 Ἀμαληκιτῶν

235 1898 338 1955 τοὺς
362 1895 623 1961 βασιλέας.

1783 1729 1903 1787 gant
1928 1731 1977 1771 et
2008 1722 2323 1784 Obstrepaut,
2363 1719 2570 1771 Gladius
2620 1718 2718 1767 Deo
2750 1727 2795 1767 et
2843 1716 3075 1767 Gedeom'.
3134 1716 3258 1776 Quae

1783 1810 1990 1859 euinita
2050 1818 2253 1872 peracta
2305 1806 2541 1867 fuissent,
2583 1806 2758 1858 hostes
2818 1820 2908 1870 per
2935 1820 2991 1857 se
3032 1806 3251 1855 invicem

1785 1891 2160 1956 feriuntur,'qui
2205 1893 2528 1941 multitudine
2554 1898 2701 1940 erant
2736 1890 2945 1949 infiniti,
3000 1898 3248 1953 quatuor—

238 1994 483 2047 quereges
515 1979 833 2032 adversarios
859 1976 1061 2043 subegit
1101 1984 1150 2026 et
1194 1975 1361 2026 securi
1410 1976 1685 2039 percussit,
1718 1974 1851 2029 Oreb
1895 1988 1945 2029 et
1994 1977 2150 2043 Zeph,
2187 1985 2236 2027 et
2265 1975 2429 2028 Zebee
2450 1985 2498 2028 et
2543 1976 2804 2033 Salmana,
2864 1974 2951 2039 qui
3006 1973 3251 2023 Madiaui-

238 2075 392 2118 tarum
412 2066 871 2117 Amalecitarumve
909 2076 1052 2129 reges
1076 2072 1240 2116 erant.

294 2153 433 2202 Μετὰ
484 2152 536 2200 δὲ
592 2152 755 2201 ταῦτα
806 2149 958 2198 πάλιν
1009 2151 1292 2216 ἁμαρτόντι
1340 2148 1413 2212 τῷ
1446 2149 1551 2213 λαῷ
1598 2153 1686 2200 καὶ

236 2234 566 2291 ὼσπδοῦντι,
602 2235 896 2299 ὲπικρατεῖς
924 2234 970 2281 οἱ
999 2228 1233 2299 πολέμιοι
1260 2233 1509 2297 γίνονται.
1551 2237 1677 2301 Κρι-

237 2322 320 2387 τὴς
355 2320 551 2385 Ἰεφθάε
579 2321 606 2369 ὁ
629 2319 942 2385 Γαλααδίτης
964 2305 1322 2385 προϐάλλεται.
1357 2320 1412 2378 ὃς
1454 2322 1688 2386 πολεμῶν

238 2405 288 2454 τὸ
313 2406 410 2457 τῶν
452 2407 779 2472 ’Δμμανιτῶν
808 2406 970 2466 ἔθνος,
1003 2405 1255 2471 ἐπηύξατο
1279 2406 1404 2471 πρὸς
1445 2410 1505 2471 τῇ
1552 2407 1683 2473 νίκῃ,

235 2491 314 2540 τὸν
333 2491 639 2541 ἀπαντῶντα
680 2491 817 2557 αύτῷ
846 2491 1037 2541 ἀνιόντι
1065 2491 1125 2539 ὲκ
1152 2490 1248 2553 τῆς
1276 2488 1456 2539 ἑαυτοῦ
1478 2490 1681 2555 πρῶτον

238 2576 394 2635 οἰκίας
439 2577 787 2641 προσαγαγεῖν
841 2575 974 2639 ὑπὲρ
1026 2574 1121 2638 τῆς
1165 2574 1313 2633 νίκης
1352 2575 1425 2631 είς
1484 2573 1678 2623 θυσίαν.

248 2662 471 2729 Ἀπαντᾷ
496 2661 620 2724 γοῦν
647 2661 783 2725 αὐτῷ
824 2658 1100 2723 μονογενὴς
1143 2657 1413 2721 παρθένος,
1452 2657 1515 2723 ἢν
1553 2655 1681 2724 εἶχε,

1848 2152 1968 2203 Post
1996 2152 2101 2203 haec
2130 2164 2309 2203 rursus
2333 2150 2593 2215 peccantis
2618 2149 2791 2215 populi
2836 2156 2887 2200 et
2911 2149 3065 2213 impie
3099 2164 3251 2213 agen-

1782 2240 1845 2287 tis
1865 2238 2052 2288 domini
2080 2237 2302 2287 evadunt
2337 2238 2527 2288 hostes.
2585 2235 2750 2287 Judcx
2779 2236 3055 2301 praeficitur
3095 2235 3250 2303 Jeph-

1783 2325 1897 2375 thae
1921 2322 2228 2383 Galaaditcs,
2267 2323 2352 2387 qui
2377 2337 2491 2373 cum
2522 2330 2668 2387 gente
2690 2323 3033 2374 Ammanitica
3062 2326 3248 2375 bellum

1782 2408 2155 2457 commissurus
2183 2406 2318 2455 vovit
2371 2420 2463 2470 pro
2500 2406 2735 2465 victoria,
2787 2407 3079 2458 oblaturum
3105 2423 3161 2460 se
3199 2411 3250 2459 in

1782 2492 2091 2542 sacrificium
2125 2506 2215 2555 pro
2263 2492 2471 2541 victoria
2519 2506 2877 2558 quemcunque
2920 2495 3142 2558 primum
3189 2496 3253 2546 de

1779 2576 1929 2624 domo
1955 2587 2046 2624 sua
2081 2575 2348 2625 revertenti
2396 2586 2749 2627 occurrentem
2816 2578 3127 2631 offendisset.
3155 2579 3252 2631 0c-

1778 2661 1935 2710 currit
1966 2673 2081 2710 vero
2112 2660 2157 2709 ei
2194 2658 2450 2723 unigenita
2480 2660 2621 2725 virgo
2647 2661 2767 2720 filia,
2791 2678 2944 2725 quam
2975 2666 3198 2718 habebat
3233 2684 3245 2717 :

240 2743 480 2811 θυγάτηρ,
511 2744 603 2794 καὶ
640 2745 935 2810 προσήγαγε
961 2742 1172 2807 ταύτην,
1199 2742 1469 2809 ἐπιδούσης
1497 2745 1683 2809 ἑαυτὴν
1778 2758 1860 2807 qu:

1626 2746 1683 2809 ὴν
1778 2758 1929 2807 quam
1978 2744 2129 2794 etiam
2185 2743 2384 2803 obtulit,
2418 2744 2587 2807 puella
2619 2758 2676 2795 se
2702 2746 2866 2808 ipsam
2913 2762 3117 2813 qquue
3173 2752 3246 2798 ul-

239 2831 320 2877 xa‘t
341 2830 432 2894 τῆς
459 2828 636 2893 κόρης.

298 2912 455 2963 Πάλιν
481 2912 533 2962 δὲ
556 2911 658 2962 ἀπὸ
683 2911 778 2976 τῆς
805 2910 1069 2970 εὐσεϐείας
1096 2911 1586 2977 ἀπορρᾳθυμήσαντι
1609 2913 1681 2979 τῷ

236 2996 335 3062 λαῷ
362 2999 451 3047 καὶ
477 2998 923 3062 καταπατουμένῳ
942 2997 1067 3059 πρὸς
1093 2996 1417 3057 Φιλισθαίων,
1446 2997 1534 3046 καὶ
1554 2998 1680 3063 θρη-

234 3084 395 3135 νοῦντι
424 3085 520 3151 τὴν
544 3083 845 3147 ἑπάχθειαν,
877 3081 1099 3148 Σαμψὼν
1143 3082 1435 3148 Ναζηραῖος
1459 3086 1520 3149 τῇ
1560 3085 1681 3133 ἀνα-

237 3172 423 3235 στροφῇ
443 3168 641 3233 γίνεται
667 3167 865 3232 κριτὴς,
896 3166 951 3224 ὃς
984 3169 1037 3215 ὲν
1060 3169 1167 3226 ταῖς
1222 3166 1385 3233 θριξὶν
1428 3164 1534 3232 εἷχε
1589 3169 1679 3234 τὴν

233 3253 469 3317 δύναμιν.
500 3253 603 3302 Καὶ
634 3251 835 3316 πρῶτον
884 3252 979 3315 μὲν
1023 3251 1199 3300 λέοντα
1258 3253 1388 3301 κατὰ
1445 3253 1536 3317 τὴν
1577 3253 1685 3303 ὁδὸν

237 3337 365 3401 αὐτῷ
388 3336 824 3403 περιτετυχηκὸτα
855 3335 1070 3394 ἔκτεινε,
1104 3338 1217 3395 ταῖς
1246 3340 1393 3401 χερσὶ
1433 3338 1681 3403 περιδρα-

237 3421 469 3485 ξίμενος.
496 3421 712 3470 Ἔπειτα
738 3418 976 3469 εἰσελθὼν
1006 3422 1079 3477 εἰς
1098 3420 1217 3470 Θέαν
1240 3420 1327 3469 τοῦ
1350 3422 1531 3487 νεκροῦ
1555 3422 1684 3471 λέον-

234 3520 334 3564 τος,
360 3507 451 3554 καὶ
474 3504 641 3569 εὑρὼν
668 3504 823 3568 ἑσμὸν
857 3504 1107 3568 μελισσῶν
1131 3504 1559 3569 ὲπικαθεζόμενον
1588 3508 1681 3555 αὺ-

235 3588 317 3637 τοῦ
346 3589 422 3653 τῷ
469 3588 683 3651 κρανίῳ,
719 3587 833 3651 μέλι
878 3587 1045 3637 λαϐὼν
1096 3588 1148 3646 ἐξ
1193 3588 1346 3636 αὑτοῦ
1402 3589 1674 3654 βέϐρωκεν.

245 3674 606 3739 ’Δθετούμενος
650 3675 732 3722 διὰ
757 3677 994 3736 γυναῖκα,
1020 3674 1083 3739 ἣν
1116 3674 1316 3740 ὲθνικὴν
1361 3675 1513 3723 οὖσαν
1549 3676 1680 3741 ἠγά-

233 3772 365 3819 γετο,
413 3757 558 3824 παρὰ
599 3757 687 3806 τοῦ
744 3756 935 3821 πατρὸς
1001 3759 1176 3821 αὐτῆς,
1220 3760 1521 3822 τιμωρεῖται
1566 3760 1681 3819 τοὺς

237 3845 533 3909 συμφύλους
584 3842 737 3891 αὐτοῦ
788 3842 967 3907 ταύτῃ.
1030 3842 1358 3907 Τριακοσίους
1411 3843 1681 3905 ἀλώπεκας

236 3929 628 3994 συλλαϐόμενος,
665 3928 907 3977 καὶκατὰ
931 3927 1018 3975 δύο
1056 3928 1348 3993 προσδήσας
1387 3929 1554 3979 αὐτῶν
1590 3932 1684 3988 τὰς

232 4012 453 4077 κίρκους
508 4011 767 4075 λαμπάσιν
814 4011 1144 4075 ὲξημμέναις,
1193 4013 1321 4061 κατὰ
1368 4014 1461 4072 τὰς
1511 4015 1682 4079 χώρας

1712 2828 1753 2881 C
1785 2834 1863 2875 tro
1888 2824 2149 2875 offerente.

1849 2907 2031 2959 lterum
2068 2910 2117 2959 in
2148 2910 2329 2974 pietate
2356 2908 2717 2974 refrigesecnte
2745 2911 2951 2975 populo.
2982 2915 3249 2965 conrulea-

1785 3000 1936 3057 toque
1987 3006 2017 3043 a
2076 2992 2403 3048 Philisthzeis,
2442 3006 2555 3043 cum
2586 2992 2927 3043 calamitatem
2976 3009 3250 3059 conquere—

1784 3084 1940 3138 retur,
1974 3076 2028 3127 fit
2068 3077 2223 3142 judex
2275 3077 2491 3127 Samson
2527 3075 2786 3127 Nazirzeus
2836 3080 3247 3139 conversatione.

1768 3160 1870 3224 ‘qui
1908 3160 1957 3209 in
1986 3162 2181 3225 capillis
2211 3175 2330 3212 suas
2354 3162 2488 3211 vires
2526 3162 2761 3215 habebat.
2801 3164 2877 3215 Ac
2923 3166 3089 3229 primo
3138 3168 3251 3231 qui-

1782 3246 1896 3295 dem
1929 3246 2123 3296 leonem
2153 3245 2354 3296 obvinm
2389 3245 2484 3297 sibi
2508 3262 2570 3297 ex
2596 3247 2778 3300 itinere
2808 3249 3062 3301 interfecit
3086 3253 3249 3301 mani-

1784 3335 1878 3386 bus
1908 3336 2281 3401 apprchensum
2336 3352 2349 3386 :
2399 3336 2578 3387 deinde
2621 3349 2881 3401 regressus
2932 3340 2993 3389 ad
3041 3343 3247 3405 conspi-

1782 3422 2017 3472 ciendum
2050 3430 2304 3471 mortuum
2338 3421 2480 3472 illum
2502 3422 2699 3473 leonem
2726 3459 2739 3482 ,
2778 3439 2893 3475 cum
2929 3440 3077 3488 apum
3127 3442 3247 3476 ρκιιρ

1785 3520 1897 3554 men
1930 3506 2209 3555 invenisset
2236 3506 2460 3556 insidens
2510 3506 2561 3556 in
2598 3508 2707 3571 ejus
2750 3509 2987 3568 ealvaria,
3044 3521 3247 3573 arrepto

1783 3590 1954 3648 melle,
2012 3605 2071 3639 ex
2106 3590 2189 3638 illo
2215 3591 2451 3640 comedit.
2511 3591 2845 3656 Repudiatus,
2914 3608 2977 3643 ne
3031 3610 3243 3646 uxorem

1784 3673 1991 3723 haberet
2017 3674 2274 3723 mulierem
2320 3676 2595 3734 ethnicam,
2632 3690 2783 3738 quam
2810 3677 2996 3728 dueere
3022 3679 3243 3740 volebat,

1782 3753 1845 3802 ab
1869 3753 1975 3814 ejus
2023 3762 2179 3817 patre,
2214 3755 2525 3804 contribules
2558 3755 2693 3806 illius
2737 3767 2998 3821 propterea
3039 3760 3113 3811 sic
3169 3763 3247 3811 ul-

1784 3845 1866 3888 tus
1893 3848 1990 3887 est.
2042 3836 2214 3901 Captis
2244 3839 2479 3889 trecentis
2510 3838 2768 3903 vulpibus,
2803 3840 3039 3904 binisque
3061 3858 3241 3895 earum

1784 3921 1962 3972 caudis
2016 3921 2269 3986 colligatis
2332 3936 2446 3972 cum
2503 3922 2734 3974 accensis
2804 3922 3143 3990 lampadibus,
3193 3929 3242 3979 in

1786 4020 1933 4070 agros
1958 4007 2184 4058 dimittit.
2213 4007 2319 4059 Hoc
2345 4008 2497 4074 igitur
2532 4009 2684 4059 modo
2710 4009 2876 4076 fruges
2900 4025 3076 4061 eorum
3128 4015 3244 4063 uni-

227 4092 504 4142 ἀπέλυσεν.
528 4091 673 4142 Οὕτω
699 4092 821 4155 γοῦν
841 4093 1010 4141 αὐτῶν
1032 4092 1256 4151 ἅπαντας
1285 4095 1399 4153 τοὺς
1456 4095 1686 4160 καρποὺς
1718 4085 1755 4135 Β
1787 4108 1844 4140 ve

1620 4095 1686 4154 to;
1718 4085 1755 4135 Β
1787 4107 1958 4142 versas
1991 4093 2134 4155 (erat
2161 4108 2380 4158 namque
2410 4095 2591 4146 messis
2651 4096 2884 4162 tempus)
2939 4100 3240 4153 combussit.

231 4179 332 4239 (καὶ
361 4178 469 4241 γὰρ
487 4172 552 4240 ἦν
577 4176 771 4240 ἀμητοῦ
796 4175 990 4240 καιρὸς)
1036 4179 1331 4241 ἐνέπρησεν.
1353 4180 1564 4227 Ἔπειτα
1595 4195 1684 4227 πο-

233 4260 449 4325 λεμοῦσι
482 4262 587 4315 τοῖς
622 4260 941 4318 ’Δλλοφύλοις
968 4263 1054 4308 τὸν
1075 4261 1195 4309 λαὸν
1224 4261 1304 4309 διὰ
1330 4263 1422 4325 τὴν
1444 4263 1684 4327 τοιαύτην

230 4348 314 4394 τοῦ
347 4342 582 4407 Σαμψὼν
614 4341 834 4400 ἀδικίαν,
882 4341 1021 4399 λύσις
1050 4342 1367 4405 ὁμολογεῖται
1403 4344 1488 4393 τοῦ
1536 4347 1684 4395 πολέ-

232 4444 323 4491 μου
353 4427 615 4491 γενέσθαι,
646 4427 690 4475 εί
719 4427 801 4475 τὸν
834 4425 1052 4491 Σαμψὼν
1088 4426 1291 4491 δέσμιον
1322 4428 1491 4486 αὐτοῖς
1519 4446 1683 4496 παρα-

239 4512 382 4577 δῷεν.
414 4515 524 4563 Καὶ
548 4512 789 4576 δήσαντες
817 4511 1080 4576 ἑκόντα,οί
1124 4512 1465 4575 προσήκοντες
1519 4515 1685 4565 καλῶ·

227 4598 367 4657 ὄζοις,
403 4597 692 4660 παρέδοσαν
717 4598 820 4654 τοῖς
864 4595 1203 4657 ’Λλλοψύλοι;.
1240 4596 1293 4645 Ὀ
1324 4598 1374 4645 δὲ
1397 4602 1685 4664 παραυτίκα

230 4686 289 4731 τὰ
316 4681 494 4747 δεσμὰ
518 4680 811 4745 διαρρήξας,
840 4681 926 4728 καὶ
979 4680 1205 4742 σιαγόνος
1248 4682 1424 4730 ὀστέου
1480 4700 1687 4749 περιτυ-

230 4770 327 4834 χὼν
349 4770 500 4825 mou,
530 4764 718 4828 χιλίους
750 4764 915 4814 αὐτῶν
940 4766 993 4813 ἐν
1014 4765 1149 4827 αὐτῷ
1171 4764 1332 4812 παίων
1368 4767 1682 4819 ἀπέκτεινεν.

243 4855 325 4903 Ἐκ
355 4854 409 4902 δὲ
435 4848 531 4899 τοῦ
557 4850 712 4898 κόπου
734 4849 825 4913 τῆς
854 4850 1163 4913 ἀναιρέσεως
1190 4849 1355 4896 αὐτῶν
1397 4850 1528 4913 δίψει
1568 4853 1686 4915 φλε-

231 4942 477 5002 γύμενος,
511 4932 788 4984 ἀπώλλυτο.
820 4935 920 4983 Καὶ
950 4932 1095 4982 πάλιν
1138 4931 1407 4981 ἀπολαϐὼν
1443 4935 1533 4999 τὴν
1575 4952 1683 4985 σια-

232 5026 377 5085 γύνα,
404 5022 549 5086 ὕδωρ
578 5016 715 5081 αὑτῷ
745 5017 968 5082 ρύσασαν
993 5020 1107 5067 ὅσον
1134 5018 1368 5068 ἰάσασθαι
1413 5022 1501 5085 τὴν
1539 5022 1684 5085 δίψαν

233 5110 477 5173 ἠδύνατο.
513 5102 714 5169 εὕρατο.
779 5102 983 5151 Ἀλλοτε
1030 5103 1083 5151 δὲ
1131 5102 1428 5168 πρτισδσλὼν
1478 5109 1537 5171 τῇ
1586 5108 1683 5157 ra“

234 5196 390 5253 ζαίων
459 5190 634 5247 πόλει,
685 5185 773 5235 καὶ
829 5186 1145 5253 καθεσοήσας
1217 5188 1353 5252 παρά
1425 5205 1521 5239 τινι
1594 5209 1684 5255 γυ-

238 5282 391 5341 ναικὶ,
421 5275 728 5341 ἐφυλάττετο
751 5272 885 5336 παρὰ
903 5273 1001 5319 τῶν
1027 5272 1237 5321 πολιτῶν
1267 5272 1387 5336 πρὸς
1404 5274 1679 5341 ἀναίρεσιν·

536 5362 785 5439 ΡΑτιιριι.
828 5358 931 5412 Gn.
974 5360 1114 5415 (ΣΗ.

1785 4172 2011 4222 Subinde.
2043 4172 2349 4225 bellantibus
2381 4175 2691 4226 Philisthteis
2723 4191 2839 4227 eum
2879 4180 3064 4242 populo
3090 4195 3236 4245 prep-

1782 4267 1856 4305 ter
1886 4258 2014 4307 hanc
2040 4257 2304 4309 Satnsonis
2334 4275 2539 4319 noxam,
2567 4262 2868 4312 convenitur
2896 4264 3238 4328 dirimendum

1781 4341 1987 4399 bellum,
2006 4345 2047 4392 si
2064 4342 2263 4406 quidem
2286 4342 2585 4395 Samsonem
2605 4346 2708 4397 illis
2727 4348 2947 4398 vinetum
2967 4351 3241 4402 traderent.

1784 4424 2071 4477 Vincientes
2100 4441 2222 4493 ergo
2265 4427 2344 4478 sui
2398 4428 2656 4481 hominem
2692 4431 2741 4480 id
2808 4433 2943 4482 ultro
2992 4433 3241 4486 ferentem

1782 4511 2021 4571 restibus,
2047 4512 2361 4564 tradiderunt
2384 4511 2715 4567 Philisthaeis.
2736 4516 2800 4569 At
2825 4519 2907 4569 ille
2937 4522 3107 4571 statim
3135 4522 3244 4573 vin—

1783 4598 1894 4646 rula
1919 4599 2231 4663 dirumpens,
2264 4601 2569 4665 inventoque
2590 4618 2705 4654 osse
2746 4607 2965 4658 maxilla:
3009 4611 3158 4671 asini,
3185 4626 3245 4662 eo

1783 4685 2014 4734 tnillenos
2034 4700 2209 4736 eorum
2242 4688 2441 4739 cadens
2468 4688 2739 4742 interfecit.
2772 4691 2846 4743 Ob
2875 4694 3098 4745 laborem
3126 4712 3244 4747 vero

1783 4770 2144 4821 iuternecionis
2176 4773 2377 4823 illorum
2412 4776 2494 4827 siti
2535 4779 2738 4838 ardens,
2780 4782 2987 4844 jatnjam
3033 4785 3246 4834 deficere

1782 4854 2062 4904 videbatur.
2120 4857 2305 4907 lterum
2368 4861 2521 4924 igitur
2588 4876 2789 4930 arrepta
2852 4870 3093 4929 maxilla,
3146 4870 3243 4920 sibi

1780 4951 1963 5002 aquam
1993 4942 2351 4994 seaturicntem
2379 4949 2585 5010 reperit.
2614 4962 2802 5014 quanta
2834 4955 2916 5004 siti
2948 4958 3133 5006 mederi
3161 4974 3245 5019 po-

1782 5033 1925 5076 terat.
1954 5028 2238 5093 Aliquando
2260 5037 2505 5085 accedens
2541 5037 2601 5087 ad
2635 5038 2931 5092 Gazmorum
2964 5044 3242 5105 civitatem,

1783 5110 2166 5168 hosniuunsque
2193 5131 2345 5181 penes
2376 5121 2648 5183 quamdam
2683 5125 2963 5185 mulierem,
2998 5130 3239 5181 observa-

1780 5195 2038 5247 bantiuin
2070 5199 2413 5263 civitateoses,
2451 5212 2502 5253 ut
2531 5219 2558 5255 e
2588 5206 2752 5257 medio
2784 5207 3033 5260 tollerent.
3068 5210 3128 5262 At
3159 5215 3243 5266 ille

1781 5288 1930 5329 noctu
2003 5291 2349 5350 experrectus,
2412 5291 2843 5354 conspicatusque
2896 5296 3134 5349 custodes
3187 5300 3236 5351 in

2868 5382 2905 5437 3
