4102 6338
800 328 871 389 75
2237 329 2528 389 ΙΟΞΕΡΒΪ
3905 333 3970 393 76

804 434 969 504 portis
1020 434 1367 500 dormientes,
1420 449 1579 503 super
1637 434 1876 488 humeris
1924 449 2046 487 cum
2094 434 2334 502 postibus

2441 439 2468 488 ὁ
2500 437 2554 488 δὲ
2589 436 2800 506 νύκτωρ
2851 439 3111 508 ἐγερθεὶς,
3158 441 3250 492 καὶ
3301 439 3424 503 τοὺς
3461 438 3700 506 φύλακας
3748 439 3805 490 ὲν
3857 441 3969 500 ταῖς

799 526 1144 592 vectibusquc
1173 523 1304 593 ipsis
1337 535 1389 578 et
1417 524 1688 594 apsidibus
1715 535 1897 593 portas
1929 525 2240 588 sustollens,
2279 525 2328 577 in

800 617 1044 684 opposito
1072 615 1272 670 civitati
1310 616 1448 670 clivo
1484 614 1752 683 deposuit,
1780 615 1872 683 qui
1907 615 2089 668 decem
2144 614 2331 667 stadiis

797 705 1000 756 aberat.

869 878 1046 931 Victus
1079 893 1287 946 quoque
1341 885 1524 946 postea
1551 875 1779 930 etliniea:
1803 874 2131 928 mulierculae
2184 874 2325 926 desi-

796 967 965 1032 derio,
1014 982 1132 1020 cum
1178 967 1366 1021 fuisset
1397 967 1796 1020 circumventus
1865 973 1922 1017 ut
1968 963 2218 1024 ediceret,
2276 963 2328 1014 in

796 1072 1025 1124 quanam
1059 1071 1112 1108 re
1143 1064 1349 1108 tantum
1406 1055 1569 1108 robur
1599 1053 1915 1122 possideret,
1949 1052 2196 1106 bostibus
2235 1051 2329 1103 de-

793 1148 936 1200 ditus
969 1155 1067 1200 est.
1098 1146 1389 1213 Postquam
1421 1145 1564 1198 enim
1610 1145 1755 1198 novit
1795 1142 2109 1196 muliercula
2168 1141 2332 1193 robur

792 1236 842 1287 in
881 1236 1120 1288 crinibus
1156 1236 1273 1302 ejus
1308 1235 1538 1302 positum
1567 1248 1705 1294 esse,
1739 1232 2004 1285 imbellem
2057 1245 2179 1284 eum
2210 1230 2350 1281 red-

790 1326 922 1378 didit
964 1325 1140 1378 crines
1194 1325 1497 1376 attondens.
1555 1322 1891 1388 Accipientes
1939 1320 2102 1386 igitur
2157 1319 2328 1379 illum,

790 1416 1055 1481 captivum
1111 1415 1344 1467 habuere
1378 1415 1582 1476 hostes,
1641 1411 2039 1478 illudebantque
2093 1409 2140 1461 ei
2192 1405 2329 1475 apud

795 1507 924 1558 deos
952 1519 1080 1557 suos
1110 1503 1476 1562 couvivantes,
1512 1502 1833 1566 czccatisquc
1870 1499 2042 1552 oculis
2086 1513 2206 1549 eum
2254 1496 2332 1550 sic

793 1594 1109 1646 multarunt.
1145 1593 1213 1644 At
1242 1591 1338 1644 ubi
1363 1592 1533 1643 sensit
1567 1591 1788 1657 capillos
1811 1605 1939 1642 suos
1974 1590 2329 1650 succrevisse,

792 1699 852 1735 ac
894 1683 1056 1735 robur
1086 1682 1260 1735 inesse
1298 1681 1430 1743 sibi,
1463 1689 1582 1731 orat
1623 1678 1809 1742 Deum,
1844 1689 1898 1731 ut
1925 1679 2212 1731 vindictam
2247 1677 2328 1730 sui

2439 524 2635 587 πύλαις
2670 525 3023 590 καθεύδοντας
3086 529 3439 597 θεασάμενος,
3500 528 3586 581 ἐπ’
3636 527 3796 595 ὤμων
3842 528 3973 595 μετά
4011 543 4017 549 ·

2437 615 2544 666 τῶν
2594 617 2975 684 παραστάδων,
3037 618 3249 686 μοχλοῖς
3317 618 3496 678 αὐτοῖς
3525 619 3616 669 καὶ
3661 616 3831 684 ἀψίσι,
3883 617 3972 676 τὰς

2438 703 2610 764 πύλας
2642 705 2936 773 ἀράμενος,
2990 707 3067 767 είς
3099 707 3188 757 τὸν
3241 707 3574 775 κατάντικρυ
3615 707 3712 774 τῆς
3773 706 3971 768 πόλεως

2437 789 2623 858 βουνὸν
2649 793 2902 855 ἀπέθετο,
2934 793 3061 844 δέκα
3095 794 3336 857 σταδίους
3367 795 3648 861 ἀπέχοντα.

2515 879 2792 949 Ἠττηθεὶς
2839 880 2882 932 δ’
2938 883 3015 942 εἰς
3066 881 3288 951 ὕστερον
3324 881 3634 943 ἀλλοεθνοῦς
3681 879 3828 951 πόθῳ
3879 897 3972 946 γυ-

2435 969 2637 1031 ναικὸς,
2667 947 2766 1021 καὶ
2790 971 2888 1038 τὴν
2930 971 3099 1038 ἀλκὴν
3125 947 3323 1024 ὲν”τίνι
3358 971 3615 1038 κέκτηται
3648 947 3972 1038 βιασαμένης

2436 1057 2592 1109 αὑτὸν
2625 1057 2880 1122 ἐξειπεῖν,
2935 1058 3199 1127 προύδόθη
3229 1062 3339 1120 τοῖς
3369 1058 3662 1128 πολεμίοις.
3704 1057 3850 1108 Ἐπεὶ
3870 1055 3973 1123 γὰρ

2435 1145 2574 1211 έγνω
2595 1147 2652 1197 τὸ
2678 1147 2893 1211 γύναιον
2911 1147 3007 1215 τὴν
3028 1147 3194 1215 ἀλκὴν
3221 1149 3278 1200 ὲν
3304 1150 3419 1210 ταῖς
3439 1149 3607 1217 θριξὶν
3625 1147 3769 1214 αὐτῷ
3793 1149 3977 1215 παρεῖο

2436 1251 2542 1293 ναι,
2571 1232 2774 1302 ἀναλκῆ
2802 1235 3050 1296 διέδειξεν
3083 1234 3266 1287 τοῦτον
3293 1237 3693 1305 ἀποξυράσασα.
3715 1236 3975 1294 Λαϐόντες

2435 1323 2490 1374 δὲ
2514 1324 2692 1385 αὑτὸν,
2722 1323 3066 1391 αἰχμάλωτον
3092 1320 3233 1392 εἶχον
3251 1326 3298 1375 οἱ
3319 1326 3579 1394 πολέμιοι,
3609 1326 3700 1377 καὶ
3716 1323 3944 1377 κατέπαι
3960 1350 3973 1362 ο

2437 1411 2526 1474 ζον
2551 1412 2712 1464 αὑτοῦ
2746 1415 2891 1480 παρὰ
2917 1415 3043 1475 τοὺς
3068 1414 3269 1464 ἑαυτῶν
3299 1414 3450 1476 θεοὺς
3480 1414 3858 1482 εὐωχούμενοι,
3885 1413 3974 1463 καὶ

2436 1503 2549 1562 τοῖς
2581 1501 2822 1570 δμμασιν
2873 1504 3032 1554 αὐτὸν
3087 1505 3433 1572 πηρώσαντες
3483 1504 3753 1564 ἐκόλαζον.
3797 1501 3883 1562 Ὠς
3918 1500 3972 1551 δὲ

2435 1589 2650 1656 ἐπέγνω
2679 1591 2775 1652 τὰς
2835 1591 3024 1661 τρίχας
3055 1593 3215 1644 αὑτοῦ
3242 1594 3507 1659 προϊέναι,
3544 1596 3633 1644 καὶ
3666 1590 3766 1662 τὴν
3810 1587 3974 1657 ἀλκὴν

2438 1677 2769 1744 ἐγγίνεσθαι,
2801 1679 3087 1747 ἐπεύχεται
3123 1680 3197 1748 τῷ
3223 1681 3340 1747 Θεῷ
3368 1680 3463 1748 τὴν
3507 1681 3780 1747 ἐκδίκησιν
3812 1677 3974 1729 αὑτοῦ

792 1771 976 1825 faciat.
1016 1770 1148 1823 Cum
1183 1784 1308 1836 ergo
1341 1769 1754 1821 convivantibus
1785 1767 2030 1820 hostibus
2057 1767 2195 1834 apud
2241 1781 2329 1820 eo-

2437 1767 2721 1818 ποιεῖσθαι.
2779 1768 2889 1818 Καὶ
2957 1767 3208 1836 βληθεὶς,
3269 1768 3649 1836 εὐωχουμένων
3721 1767 3828 1817 τῶν
3891 1767 3977 1832 ἑχ-

792 1877 909 1915 rum
945 1861 1094 1926 deos,
1128 1860 1391 1912 adductus
1417 1855 1607 1909 fuisset
1648 1865 1708 1908 ut
1741 1856 2090 1919 illuderetur;
2143 1858 2331 1909 ducem

789 1955 1130 2020 precabatur,
1169 1957 1225 2002 ut
1251 1961 1308 2001 se
1331 1947 1394 1999 ad
1434 1945 1714 1999 columnas
1742 1944 1981 2006 duceret,
2042 1959 2157 2011 qua:
2192 1952 2330 1995 tem-

792 2042 934 2110 plum
959 2038 1312 2093 sustinebant.
1345 2036 1446 2090 Ubi
1469 2035 1555 2088 ille
1581 2049 1677 2087 nec
1699 2035 1961 2110 videntem
1987 2048 2050 2086 eo
2078 2033 2326 2094 adduxit,

793 2129 1194 2200 apprehendens
1245 2126 1493 2180 manibus
1546 2125 1733 2178 ambas
1774 2107 2074 2184 columnas,
2137 2137 2329 2190 magna

793 2237 919 2273 voce
951 2219 1187 2271 clamans
1234 2216 1298 2267 ad
1331 2215 1519 2278 Deum,
1546 2214 1597 2265 in
1647 2213 1916 2264 interitum
1940 2213 2020 2263 sui
2044 2211 2333 2279 populique

794 2309 884 2376 qui
917 2310 1238 2359 convenerat
1266 2302 1327 2353 ad
1363 2300 1799 2367 conspiciendum
1848 2315 1971 2351 eum
2021 2315 2084 2350 ex
2143 2308 2333 2351 contu-

796 2395 978 2455 melia,
1013 2391 1265 2456 templum
1296 2387 1512 2442 evulsit.
1543 2383 1656 2439 Hoc
1705 2386 1864 2454 igitur
1891 2383 2051 2437 modo
2101 2391 2155 2437 et
2199 2391 2334 2435 tem-

797 2485 942 2553 plum
975 2480 1258 2536 convulsit.
1292 2488 1339 2532 et
1380 2478 1612 2545 seipsum
1679 2490 1799 2529 cum
1845 2489 2035 2543 magna
2101 2473 2334 2527 civitatis

799 2572 1138 2626 mnltitudine
1173 2587 1199 2624 e
1227 2569 1401 2622 medio
1436 2567 1672 2630 sustulit,
1712 2566 1868 2634 longe
1897 2563 2074 2632 plures
2133 2562 2335 2615 interﬁ-

801 2666 950 2719 ciens
978 2663 1102 2716 dum
1128 2659 1374 2722 moritur,
1399 2673 1556 2727 quam
1591 2671 1728 2726 quos
1756 2656 1905 2709 vivus
1938 2653 2228 2708 occiderat.

903 2793 1050 2849 CAP.
1083 2790 1284 2845 LXXII.
1315 2820 1378 2831 --
1415 2788 1541 2852 Quae
1567 2789 1699 2839 mira
1731 2786 1956 2855 patravit
1994 2784 2230 2840 Samuel.

865 2971 997 3024 Cum
1033 2968 1206 3021 adhuc
1241 2965 1447 3034 puellus
1473 2970 1636 3023 esset,
1665 2961 1896 3014 divinam
1929 2959 2100 3012 audiit
2149 2971 2335 3010 vocem

2434 1854 2575 1922 θρῶν
2603 1854 2755 1924 παρά
2792 1857 2913 1917 τοὺς
2939 1856 3162 1908 ἐκείνων
3193 1857 3363 1919 θεοὺς,
3411 1857 3488 1918 είς
3545 1856 3605 1907 τὸ
3650 1853 3976 1916 καταπαίζε-

2433 1941 2572 2006 σθαι,
2608 1943 2759 2010 ἠξίου
2817 1944 2909 1996 τὸν
2961 1944 3166 2010 ὁδηγὸν,
3211 1944 3358 2012 παρά
3382 1944 3507 2004 τοὺς
3557 1943 3737 2002 κίονας
3797 1941 3970 2007 ἄγειν,

2430 2034 2554 2093 τοὺς
2613 2033 2703 2083 τὸν
2754 2032 2879 2085 ναὸν
2947 2033 3339 2100 ὑποφέροντας.
3407 2033 3493 2095 Ὠς
3567 2032 3624 2085 δὲ
3691 2027 3824 2101 ἦγεν
3882 2031 3976 2097 οὐχ

2430 2123 2659 2190 ὁρῶντα,
2699 2125 3029 2192 δραξάμενος
3058 2126 3164 2177 τῶν
3211 2125 3300 2178 δύο
3327 2127 3532 2188 κιόνων,
3567 2126 3658 2177 καὶ
3687 2125 3827 2193 μέγα
3860 2125 3978 2194 βοή-

2435 2229 2531 2273 σας
2563 2214 2697 2281 πρὸς
2727 2212 2820 2266 τὸν
2851 2214 3000 2278 Θεὸν,
3029 2214 3147 2265 καθ’
3188 2215 3377 2266 ἑαυτοῦ
3437 2216 3530 2267 καὶ
3579 2213 3672 2266 τοῦ
3726 2216 3972 2266 συναυλι-

2434 2302 2651 2362 σθέντος
2711 2304 2789 2363 είς
2834 2303 2930 2370 τὴν
2980 2304 3064 2370 ἐφ’
3118 2303 3272 2370 ὓϐριν
3323 2304 3448 2354 θέαν
3484 2304 3645 2356 αὐτοῦ
3704 2302 3857 2367 λαοῦ,
3887 2305 3974 2353 τὸν

2433 2390 2558 2440 ναὸν
2585 2391 2943 2442 ἐπεσπάσατο.
2965 2392 3117 2444 Οὕτω
3145 2393 3271 2457 γοῦν
3316 2393 3405 2444 τόν
3444 2410 3504 2444 τε
3534 2392 3658 2445 ναὸν
3699 2393 3970 2444 κατέσπα-

2438 2495 2547 2539 σεν,
2606 2480 2699 2530 καὶ
2758 2480 2948 2531 ἑαυτὸν
2996 2480 3131 2547 μετά
3177 2480 3270 2532 τοῦ
3327 2481 3425 2548 τῆς
3490 2483 3691 2543 πόλεως
3741 2481 3972 2549 πλήθους

2434 2567 2632 2629 ἀνεῖλε,
2671 2567 2888 2628 πλείους
2931 2569 3250 2630 ἀποκτείνας
3316 2570 3372 2622 ἑν
3398 2569 3472 2638 τῷ
3512 2569 3787 2639 θνήσκειν,
3831 2570 3971 2637 ἢπερ

2436 2654 2543 2716 ζῶν
2576 2657 2915 2709 ἀπέκτεινεν.

2437 2785 2681 2838 ΚΕΦΔΛ.
2717 2787 2833 2837 OB'.
2862 2816 2930 2826 —
2967 2787 3101 2838 Τίνα
3133 2787 3261 2855 ἐστὶ
3293 2787 3363 2839 τὰ
3391 2787 3487 2840 διὰ
3538 2786 3820 2855 Σαμουὴλ
3849 2787 3971 2838 δισ-

2850 2853 3224 2922 πεπραγμέ-να
3276 2858 3558 2922 θαύματα.

2508 2983 2805 3050 Μειράκιον
2862 2982 2935 3034 ὢν
2965 2983 3064 3046 ἐτι,
3115 2985 3260 3046 θείας
3286 2985 3445 3054 ήκουε
3471 2987 3648 3054 φωνῆς
3675 2987 3732 3037 ἒν
3759 2989 3828 3055 τῇ
3858 2986 3974 3055 ἱερᾷ

806 3063 1061 3116 educatus
1092 3059 1145 3111 in
1177 3072 1329 3110 sacro
1361 3054 1727 3115 tabernaculo,
1763 3052 2001 3104 futurum
2031 3048 2235 3102 scilicet
2282 3055 2334 3098 ut

2443 3048 2989 3140 σκηνῇ-τρεφόμενος.
3020 3074 3093 3134 ὡς
3136 3074 3281 3125 Ἦλεὶ
3369 3048 3648 3144 ἀρχιερεύς
3690 3048 3974 3135 πανέστίος

807 3152 917 3204 lleli
949 3165 1066 3202 cum
1098 3157 1206 3199 tota
1238 3147 1400 3197 domo
1452 3142 1687 3210 pontifex
1719 3157 1746 3192 a
1779 3139 2050 3204 pontificio
2078 3135 2332 3189 detrude-

804 3251 973 3292 retur.
1005 3235 1129 3288 Fuit
1157 3235 1405 3288 sacerdos
1437 3233 1595 3284 simul
1644 3240 1695 3282 et
1752 3228 2005 3296 propheta
2065 3235 2118 3279 et
2171 3225 2336 3293 judex

805 3329 1004 3397 populi,
1042 3335 1197 3394 atque
1231 3325 1281 3376 in
1312 3321 1645 3376 arislocratia
1679 3319 1888 3372 clavum
1923 3317 2234 3384 reipublicm
2260 3326 2338 3368 tc-

805 3435 937 3472 ncns
969 3415 1191 3482 insignis
1236 3411 1333 3464 fuit
1369 3427 1459 3479 per
1497 3409 1695 3462 omnia.
1731 3408 1990 3476 P0pulum
2022 3406 2236 3458 edocuit
2262 3405 2338 3456 le-

806 3522 926 3573 gum
966 3500 1327 3556 observationi
1357 3513 1571 3567 Operam
1610 3498 1764 3559 dare;
1803 3505 1860 3548 ut
1913 3500 2172 3562 pugnaret
2216 3505 2336 3542 cum

806 3592 1182 3650 Pliilistliazis’o
1219 3591 1472 3643 doctrinm
1517 3597 1753 3652 tempore
1786 3583 2178 3650 ingruentibus,
2222 3580 2338 3631 ani-

808 3699 924 3736 mos
955 3680 1179 3742 suffecit,
1211 3679 1335 3730 dum
1367 3677 1615 3728 admonet
1639 3690 1703 3726 ne
1729 3678 2026 3724 metuerent
2051 3669 2342 3736 aggressio-

817 3792 932 3827 nem
973 3770 1328 3825 multitudinis
1373 3766 1822 3819 adversariorum.
1857 3762 2044 3814 Statim
2104 3760 2262 3828 igitur
2310 3772 2338 3809 a

810 3859 1193 3928 supplicatione
1238 3864 1454 3925 peracto
1486 3853 1771 3915 sacrificio,
1832 3851 2013 3902 hostes
2060 3848 2112 3899 in
2161 3846 2338 3915 fugam

810 3952 981 4009 vertit,
1015 3962 1076 3998 ac
1100 3946 1378 3998 victoriam
1408 3943 1471 3996 de
1507 3943 1609 3994 illis
1664 3939 1860 4008 pepulo
1915 3935 2156 3998 tradidit,
2205 3949 2340 4000 quos

811 4043 999 4092 divites
1055 4037 1229 4089 effecit
1253 4050 1317 4086 ex
1373 4033 1580 4100 spoliis,
1611 4045 1726 4096 qua:
1788 4028 2141 4084 abstulerunt,
2197 4032 2343 4091 post-

810 4146 968 4196 quam
1005 4142 1096 4180 eos
1157 4125 1491 4177 interfecere.
1543 4119 1748 4185 Populo
1794 4115 2098 4183 postulante
2145 4120 2203 4164 ut
2248 4125 2342 4163 ceu

813 4221 1025 4278 reliqua:
1059 4224 1242 4280 gentes
1277 4228 1304 4263 a
1331 4226 1452 4278 rege
1481 4210 1889 4275 gubernaretur,
1930 4203 2146 4255 Saulem
2171 4201 2342 4261 unxit,

812 4310 966 4372 eique
1029 4311 1186 4353 uncto
1251 4300 1493 4366 prtedixit
1557 4309 1797 4362 quamam
1862 4292 2055 4345 indicia
2119 4307 2182 4342 cx
2253 4290 2343 4342 iti-

815 4409 936 4444 nere
1003 4389 1211 4440 abeunti
1270 4392 1612 4439 occurrerent
1662 4395 1826 4446 regno
1858 4379 1996 4436 illius
2053 4377 2208 4430 ﬁdem
2261 4373 2340 4428 fa-

815 4484 1022 4536 cientia.
1794 4537 1796 4539 ς

883 4572 1066 4621 Habita
1102 4569 1235 4634 apud
1278 4566 1532 4633 populum
1587 4561 1842 4615 concione
1900 4559 1963 4611 de
2012 4559 2210 4624 optima
2257 4555 2338 4609 sui

819 4660 1075 4727 superiori
1112 4668 1344 4721 tempore
1399 4654 1775 4720 rempublicam
1813 4648 2221 4703 administrandi
2257 4661 2342 4697 ra-

817 4753 980 4806 tione,
1012 4745 1222 4795 cilocuit
1247 4752 1295 4794 ct
1351 4751 1405 4792 ut
1441 4741 1645 4806 legibus
1680 4740 1995 4791 adhaereret.
2029 4744 2080 4786 et
2113 4748 2230 4800 quae
2258 4747 2342 4784 es-

818 4845 894 4888 set
925 4833 1068 4896 regni
1099 4839 1364 4896 potestas;
1395 4843 1563 4892 neque
1587 4829 1727 4877 enim
1763 4834 1958 4891 quanta
1989 4834 2127 4874 esset
2186 4834 2344 4872 n0vc-

819 4936 955 4978 rant.
1003 4920 1239 4974 Ostendit
1291 4919 1420 4986 ipsis
1457 4919 1734 4968 inuuclum
1796 4929 1994 4980 regem.
2047 4911 2163 4974 Quo
2221 4924 2345 4961 vero

820 5016 971 5065 tidem
1024 5010 1331 5062 conciliaret
1391 5006 1683 5057 verissimis
1745 5002 1919 5056 verbis
1977 5004 2087 5054 suis
2139 5002 2345 5067 Deoque

818 5101 1067 5166 acceptis,
1105 5098 1266 5148 Deum
1301 5094 1509 5163 rogavit
1544 5103 1597 5142 ut
1628 5091 1834 5159 pluvias
1870 5089 2165 5142 exhiberet.
2227 5088 2345 5138 Sta-

739 5185 743 5188 ’
819 5194 1017 5256 timque
1046 5186 1349 5238 tonitrnbus
1382 5200 1438 5236 ac
1468 5182 1723 5234 divinitus
1759 5180 2016 5232 immissis
2047 5179 2210 5245 signis
2253 5180 2345 5230 ob-

822 5279 1170 5337 vcnicutibus,
1209 5291 1374 5339 usque
1410 5275 1538 5325 adeo
1574 5273 1708 5324 Deus
1734 5272 1884 5338 pluit,
1910 5279 1967 5320 ut
2009 5270 2209 5319 veritus
2257 5283 2346 5332 po-

823 5369 972 5433 pulus
1014 5367 1201 5433 pluvia:
1230 5365 1358 5423 vim,
1391 5364 1730 5412 conﬁteretur
1780 5375 1888 5410 rem
1949 5358 2047 5409 sibi
2078 5356 2349 5422 :divinitus

827 5456 1153 5506 manifestam
1188 5466 1326 5525 esse,
1359 5461 1635 5516 oraretquc
1685 5448 1942 5515 propheta
2003 5446 2186 5507 Deum,
2247 5462 2350 5512 quo

892 5601 936 5627 ‘°
967 5600 978 5649 |
1005 5599 1127 5666 Reg.
1163 5617 1253 5654 VII.

2438 3163 2544 3213 ἀπὸ
2576 3161 2672 3228 τῆς
2719 3162 3106 3230 ἀρχιεροσύνης
3165 3163 3522 3231 καθαιρεῖται.
3580 3163 3788 3232 -Ίερεὺς
3843 3166 3974 3233 ὁμοῦ

2439 3252 2531 3304 καὶ
2555 3252 2843 3320 προφήτης
2890 3253 2980 3304 καὶ
3020 3252 3212 3321 κριτὴς
3245 3252 3530 3320 γενόμενος
3564 3253 3665 3323 ’τοῦ
3714 3254 3868 3315 λαοῦ,
3921 3257 3974 3302 ὲν

2437 3339 2825 3409 ἀριστοκρατίᾳ
2857 3340 3228 3406 πρυτανεύσας
3258 3340 3539 3408 διέπρεψεν
3567 3343 3622 3391 ὲν
3646 3340 3835 3392 ἀπασι.
3875 3342 3974 3391 Τὸν

2439 3427 2562 3479 λαὸν
2590 3429 2830 3494 εύνομεῖν
2848 3428 3337 3479 ἐδίδασκεοκαὶτῶν
3365 3429 3690 3494 Ἀλλοφύλων
3704 3430 3972 3496 πολεμεῖν,

2438 3517 2575 3568 κατά
2601 3517 2687 3569 τὸν
2711 3517 2809 3583 τῆς
2838 3517 3174 3576 διδασκαλίας
3224 3519 3408 3585 καιρὸν
3465 3517 3791 3568 ὲπελθὲντων
3837 3535 3976 3584 παρ·

2441 3604 2724 3674 εθάῤῥυνε,
2764 3606 3038 3670 παραινῶν
3069 3605 3140 3671 μὴ
3187 3606 3412 3655 δεδιέναι
3461 3608 3552 3656 τοῦ
3596 3605 3831 3672 πλήθους
3869 3607 3974 3658 τῶν

2447 3695 2716 3762 πολεμίων
2749 3695 2844 3762 τὴν
2877 3695 3078 3760 ἔφοδον.
3119 3694 3424 3762 Παραυτίκα
3455 3694 3510 3745 δὲ
3543 3693 3636 3760 τῆς
3672 3696 3970 3758 ἐντεύξεως

2445 3783 2756 3853 ἱερουργῶν,
2803 3785 2922 3844 τοὺς
2957 3784 3241 3851 πολεμίους
3277 3785 3558 3851 ἐτρέψατο,
3592 3785 3682 3835 καὶ
3710 3787 3807 3851 τὴν
3851 3786 3973 3834 κατ’

2443 3873 2620 3924 αὐτῶν
2640 3873 2884 3924 ἀπεδίδου
2908 3872 2982 3940 τῷ
3012 3872 3122 3939 λαῷ
3150 3871 3326 3938 νίκην,
3354 3872 3635 3932 πλουσίους
3663 3871 3717 3934 ἐξ
3739 3866 3813 3922 ὧν
3848 3888 3972 3922 κατ-

2443 3962 2690 4030 ειλήφασι
2738 3961 2945 4012 σκύλων
2996 3961 3129 4027 μετὰ
3172 3960 3265 4027 τὴν
3304 3960 3508 4027 αἵρεσιν
3532 3960 3705 4012 αὐτῶν
3751 3961 3974 4028 ποιησά-

2446 4066 2621 4118 μενος.
2654 4051 2937 4117 Αίτήσαντι
2970 4049 3042 4116 τῷ
3070 4049 3180 4116 λαῷ
3210 4051 3317 4109 τοῖς
3360 4049 3560 4099 ἔθνεσιν
3589 4050 3674 4099 ῐσα
3703 4049 3974 4116 βασιλεύε-

2447 4139 2588 4201 σθαι,
2625 4138 2844 4206 κέχρικε
2873 4137 2962 4188 τὸν
2987 4138 3175 4199 Σαοὺλ,
3217 4139 3307 4188 καὶ
3355 4138 3609 4204 προεῖπεν
3666 4137 3812 4203 αύτῷ
3858 4153 3972 4204 χριο

2449 4225 2622 4276 σθέντι
2646 4228 2709 4277 τὰ
2743 4223 2880 4276 κατὰ
2912 4224 3004 4292 τὴν
3030 4224 3142 4276 ὁδὸν
3189 4225 3398 4276 ἀπιόντι
3422 4226 3714 4276 πιστωτικὰ
3740 4227 3836 4293 τῆς
3882 4225 3974 4293 βα-

2450 4314 2648 4374 σιλείας
2683 4313 3054 4381 ἀπαντήσοντα
3081 4313 3141 4363 σύ
3150 4313 3340 4381 μδολα.

2511 4568 2901 4634 Δημηγορήσας
2935 4566 3008 4631 τῷ
3032 4565 3140 4632 λαῷ
3178 4565 3303 4632 περὶ
3342 4566 3437 4634 τῆς
3488 4567 3675 4617 ἑαυτοῦ
3709 4569 3964 4636 πρότερον

2443 4655 2879 4721 ἀριστοκρατίας,
2915 4656 3006 4704 καὶ
3047 4654 3255 4718 διδάξας
3292 4655 3552 4720 εὖνομεῖν,
3589 4656 3678 4704 καὶ
3729 4656 3824 4722 τὴν
3870 4654 3965 4722 βα-

2446 4743 2643 4801 σιλείας
2679 4742 2955 4801 ἐξουσίαν·
2986 4743 3103 4793 οὐδὲ
3149 4743 3255 4809 γὰρ
3297 4742 3509 4810 ᾔδεισαν
3566 4742 3720 4810 ἡλίκη
3755 4760 3768 4771 ·
3836 4747 3962 4794 ἀκα-

2445 4830 2706 4878 δείκνυσιν
2739 4830 2915 4889 αὐτοῖς
2956 4831 3042 4879 τὸν
3091 4830 3441 4896 κεχρισμένον
3481 4830 3716 4897 βασιλέα.
3751 4833 3885 4900 Πρὸς
3913 4831 3964 4880 δὲ

2448 4919 2705 4967 πίστωσιν
2736 4917 2897 4967 αὑτοῦ
2927 4918 3028 4968 τῶν
3054 4918 3310 4984 ἀληθινῶν
3336 4921 3421 4968 καί
3452 4919 3554 4970 τῶν
3584 4920 3698 4987 Θεῴ
3749 4921 3966 4984 εὑδοκή-
3996 4974 3998 4976 _

2445 5025 2551 5058 των
2572 5007 2761 5071 λόγων,
2794 5006 3027 5072 ὄμϐρους
3082 5008 3307 5073 αἰτήσας
3335 5008 3423 5058 τὸν
3471 5009 3600 5059 Θεὸν
3647 5011 3964 5075 παρασχεῖν,

2447 5097 2537 5146 καὶ
2579 5096 2886 5161 παραυτίκα
2919 5094 3147 5162 βροντῶν
3179 5097 3268 5146 καὶ
3299 5097 3627 5164 θεοσημειῶν
3649 5095 3967 5162 γενομένων,

2446 5179 2571 5234 ὗσεν
2600 5187 2626 5235 ὁ
2667 5184 2794 5244 Θεὸς
2833 5183 3097 5246 τοσοῦτον,
3150 5185 3222 5244 ὼς
3279 5185 3521 5235 δείσαντα
3576 5187 3664 5236 τὸν
3712 5185 3834 5234 λαὸν
3878 5184 3970 5249 τὴν

2448 5273 2774 5340 ὲπομῦρίαν,
2806 5273 3131 5339 ὁμολογῆσαι
3181 5271 3376 5335 γνῶσιν
3410 5273 3550 5340 ἔχειν
3593 5274 3658 5325 δι’
3693 5271 3851 5324 αὐτοῦ
3882 5271 3969 5320 τοῦ

2449 5362 2603 5424 Θεοῦ,
2643 5365 2732 5414 καὶ
2761 5364 3011 5430 δεηθῆναι
3044 5362 3134 5412 τοῦ
3173 5361 3304 5412 Θεοῦ
3353 5363 3444 5414 τοῦ
3495 5365 3788 5431 προφήτου,
3845 5363 3970 5423 περὶ

2449 5449 2543 5514 τῆς
2571 5450 2676 5499 τῶν
2714 5450 2931 5517 δμὸρων
2956 5448 3166 5515 ἀνοχῆς.
3217 5451 3530 5519 ’Δμαρτόντι
3563 5449 3638 5516 τῷ
3684 5445 3850 5500 Σαοὺλ
3880 5449 3969 5500 καὶ
