4102 6338
189 364 242 425 85

1298 334 1655 419 LIBELLUS
1698 359 2185 420 MEMORIALIS.

3261 366 3331 425 86

190 468 424 537 γυνιῖκας,
458 465 514 533 αἳ·
537 465 877 534 κατήλασσον
902 465 1034 535 (δε),
1064 461 1274 528 δεικνὺς
1302 467 1411 528 τοῖς
1439 464 1693 534 ὑπαχθεί-
1724 476 1737 524 Α

1794 466 2061 521 incessere
2092 480 2318 530 uxores,
2366 482 2485 536 quae
2519 483 2640 522 cum
2698 484 2763 523 co
2796 470 3038 524 coierunt
3067 512 3081 535 ,
3118 474 3331 527 manife—

190 577 251 611 σίν
274 553 421 607 αὑτοῦ
467 558 533 625 τῇ
593 556 944 626 κακοπραγίᾳ
997 557 1093 624 τὴν
1145 555 1285 608 κατὰ
1338 556 1431 608 τοῦ
1490 555 1696 624 πατρὸς

188 644 528 700 ᾶπανὰστασιν.
579 644 689 696 Καὶ
731 643 901 696 ταῦτα
935 644 1440 713 καταπραξάμενος,
1488 641 1694 695 ἔπεισιν

187 736 292 786 κατὰ
310 735 397 802 τὴν
416 733 512 803 Ξρη
522 750 641 802 μον,
668 733 913 787 καθελεῖν
934 734 1037 787 ἀπὸ
1066 735 1160 805 τῆς
1179 735 1350 804 ἀρχῆς
1371 734 1461 787 τὸν
1485 733 1693 801 πατέρα

187 822 623 888 κιτεπειτόμενος.

236 912 322 960 Καὶ
354 909 659 976 συμϐουλῆς
701 914 818 964 κατ’
866 911 1029 966 αὐτοῦ
1064 913 1391 980 γινομένης,
1439 929 1693 981 κατηντι-

184 1003 295 1053 5ὁλει
320 1002 437 1061 τοὺς
469 1001 657 1054 ἑαυτοῦ
688 1001 1017 1071 στρατιώτας
1045 1004 1072 1055 ό
1099 1003 1259 1055 Δαὸὶδ
1296 1002 1569 1069 φείδεσθαι
1599 1003 1690 1055 τοῦ

190 1088 524 1157 Ἀδετσαλὼμ,
550 1093 643 1143 καὶ
664 1091 942 1159 προσέχειν
963 1092 1108 1153 ὅπως
1135 1091 1297 1160 μηδεν
1318 1091 1477 1144 πάθοι
1498 1092 1685 1146 δεινόν.

191 1182 257 1230 Ἐν
286 1179 404 1244 γοῦν
435 1182 497 1249 τῇ
544 1182 686 1249 μάχῃ
711 1181 986 1248 τρέπεται,
1009 1181 1101 1233 καὶ
1130 1182 1271 1235 νῶτα
1325 1182 1497 1244 διδοὺς
1527 1185 1553 1235 ὁ
1587 1183 1689 1236 ὕπ-

180 1272 334 1336 αχθεὶς
380 1269 558 1331 ἄθλιος
588 1270 681 1322 τοῦ
723 1271 1070 1340 Ἀδεσσαλὼμ
1105 1272 1293 1342 δῆμος.
1352 1274 1518 1336 Αὐτὸς
1561 1273 1616 1326 δὲ
1660 1278 1687 1329 ό

181 1357 473 1423 πατραλοίας
503 1356 607 1408 ὑπὸ
631 1357 727 1425 τῆς
755 1359 907 1426 δίκης
940 1360 1311 1428 ἐλαυνόμενος,
1347 1360 1450 1413 ὑπὸ
1479 1361 1685 1416 κλάδων

177 1447 434 1512 ἁναρτᾶται
483 1446 671 1514 δρυός·
730 1448 821 1500 καὶ
875 1449 983 1517 γὰρ
1035 1449 1227 1519 ἔτρεφε
1261 1452 1437 1519 κόμας
1469 1442 1553 1519 ἐφ’
1598 1446 1685 1515 αἷς

176 1534 389 1602 ἐπήρετο,
441 1535 536 1587 καὶ
583 1537 678 1605 τὴν
720 1532 885 1606 ἧτταν
918 1540 1190 1605 ἐπιγνοὺς,
1239 1539 1468 1608 ἱππότης
1501 1540 1683 1593 ἀποδι-

176 1624 386 1690 δράτιιειν
416 1625 691 1692 ἠπείγετο.
738 1626 893 1680 Οὕτω
934 1628 1063 1694 γοῦν
1104 1629 1471 1698 ἀνηρτημένον
1505 1648 1681 1684 κατει⁸

175 1716 361 1781 mea;
382 1715 430 1766 ot
452 1714 528 1783 τῷ
551 1714 754 1783 βασιλεῖ
774 1718 1159 1785 προσήκοντες,
1190 1720 1681 1783 κατατοξεύσαντες

1797 564 1932 608 stam
1965 557 2163 610 faciens
2193 558 2257 613 iis
2280 596 2293 621 ,
2323 572 2457 627 quos
2497 558 2597 612 sibi
2632 560 2830 613 scelere
2859 560 3196 627 adjunxerat,
3242 579 3333 628 pa-

1796 653 1997 699 ternam
2028 647 2446 714 aggressionem.
2481 646 2602 700 llaec
2644 656 2926 716 postquam
2954 654 3079 718 egit,
3110 662 3332 704 conten-

1792 734 1868 787 dit
1918 734 1971 787 in
2038 735 2330 801 desertum,
2379 732 2642 792 festinans
2705 738 2771 793 de
2819 752 2981 806 regno
3046 741 3332 797 deturbare

1724 856 1731 864 -
1792 833 2085 890 parentem.

1860 913 1993 967 Inito
2020 931 2179 983 porro
2202 917 2455 971 adversus
2480 917 2626 969 illum
2645 917 2894 981 consilio,
2924 920 3141 989 rogabat
3166 920 3322 973 etiam

1789 1014 1948 1074 atque
1998 1006 2159 1059 etiam
2222 1007 2417 1062 milites
2468 1024 2593 1063 suos
2644 1007 2831 1069 David,
2867 1019 2940 1063 aut
2977 1010 3324 1064 Abessalomo

1789 1106 2086 1164 parcerent,
2140 1108 2495 1164 caverentque
2556 1113 2621 1150 ne
2662 1098 2785 1164 quid
2829 1097 2981 1151 triste
3034 1110 3320 1167 pateretur.

1786 1184 2089 1239 Commisso
2115 1185 2272 1253 igitur
2294 1185 2475 1252 praelii)
2497 1188 2547 1237 in
2581 1185 2757 1255 fugam
2783 1187 3033 1247 truditur,
3060 1187 3323 1254 vertitque

1786 1281 1933 1341 terga
1962 1273 2029 1327 ab
2064 1273 2371 1327 Abessalom
2419 1276 2669 1328 seductus
2720 1276 2903 1328 infelix
2954 1276 3197 1345 populus.
3253 1280 3321 1329 At

1795 1361 2017 1429 ipsemet
2049 1362 2331 1428 parricida,
2376 1364 2671 1432 exagitatus
2698 1364 2948 1429 vindicta,
2980 1366 3138 1417 ramis
3163 1379 3320 1433 qucr-
3420 1370 3423 1371 '

1784 1465 1879 1504 cus
1904 1465 2195 1518 suspensus
2227 1452 2509 1520 pependit;
2543 1453 2805 1505 nutriebat
2834 1468 3061 1524 namque
3085 1470 3314 1517 comam,

1780 1554 1885 1606 qua
1916 1539 2075 1593 etiam
2103 1539 2424 1608 jactabunde
2462 1540 2799 1606 etl'erebatur,
2836 1553 2885 1593 et
2923 1543 3099 1611 agnita
3134 1544 3312 1604 clade,

1782 1643 1921 1695 equo
1965 1627 2146 1697 fugere
2177 1630 2485 1683 festinabat.
2540 1630 2629 1683 Sic
2665 1630 2824 1697 igitur
2856 1632 3162 1698 pendentem
3194 1647 3314 1684 cum

1786 1714 2262 1782 deprehendissent
2304 1719 2433 1785 regii
2487 1718 2761 1782 satellites,
2796 1718 2987 1786 jaculis
3017 1718 3311 1787 perfossum

175 1805 516 1873 ἀνακρούουσι,
556 1806 649 1857 καὶ
693 1806 1025 1872 καθελόντες,
1075 1809 1368 1865 κολοσιαίον
1419 1810 1559 1863 κατὰ
1586 1812 1680 1881 τῆς
1713 1804 1737 1857 Ῑῖ

1782 1805 2073 1873 trajiciunt,
2098 1820 2159 1858 ac
2186 1807 2525 1874 deponentcs,
2557 1808 2819 1875 ingentem
2850 1823 2945 1876 pro
2970 1810 3312 1861 tumuituaria

171 1893 530 1961 ἀπεριστάλτου
573 1894 748 1963 ταφῆς
776 1896 938 1948 αὑτοῦ
972 1896 1142 1967 σωρὸν
1176 1899 1471 1969 ἐπήγειραν
1495 1900 1675 1956 λίθων.

180 1981 290 2033 Ὀδὶ
324 1983 490 2035 Δαόὶδ
535 1983 721 2051 μαθὼν
752 1986 849 2055 τὴν
888 1986 1091 2039 ἔνδικον
1135 1987 1297 2051 τίσιν,
1344 1991 1441 2059 οὐχ
1486 1991 1561 2053 ὡς
1589 1993 1680 2045 ἐπὶ

169 2071 439 2143 πατραλοίᾳ
473 2074 691 2128 πεσόντι
726 2076 963 2144 γεγήθει,
996 2076 1068 2139 ὡς
1095 2078 1150 2129 δὲ
1172 2079 1263 2130 ἐπὶ
1297 2080 1446 2132 παιδὶ
1475 2082 1678 2151 γνησίῳ

167 2162 421 2232 διεθρήνει,
473 2164 563 2216 καὶ
610 2165 698 2217 τὸν
735 2164 960 2217 θάνατον
1004 2167 1166 2220 αὑτοῦ
1201 2170 1512 2236 περιπαθῶς
1542 2171 1677 2223 ὠλοκ

166 2250 352 2320 φύρετο.
388 2253 579 2305 Ἔνθεν
604 2253 744 2307 οὕτω
767 2254 853 2307 διὰ
873 2255 932 2305 τὸ
956 2256 1061 2323 πλη
1071 2257 1341 2328 μμεληθὲν
1371 2260 1536 2329 αὐτῷ,
1571 2262 1677 2314 τῶν

168 2342 650 2411 συνομαρτηθέντων
689 2342 875 2397 δεινῶν
920 2345 1283 2413 ἀπαλλαγεὶς,
1329 2345 1483 2412 αὖθις
1517 2352 1675 2403 ἀπει-

165 2430 293 2495 λήφει
315 2431 409 2501 τὴν
440 2432 733 2500 βασιλείαν.

228 2521 554 2574 Ἐπανελθὼν
599 2524 677 2585 είς
718 2524 787 2577 τὰ
842 2525 1101 2594 βασίλεια,
1153 2529 1275 2590 τοὺς
1319 2530 1417 2599 μὲν
1453 2531 1674 2595 ἁλόντας

164 2609 284 2675 αὐτῷ
322 2610 613 2678 πολεμίους
660 2615 935 2679 γεγονέναι
971 2618 1379 2686 ἐτιμωρήσατο,
1438 2622 1564 2682 τοὺς
1619 2622 1675 2674 δὲ

164 2698 481 2761 συνελθόντας
521 2700 667 2770 αὐτῷ
714 2704 807 2754 καὶ
847 2703 1271 2789 δεξιωσαμένους
1315 2709 1475 2761 αὑτὸν
1520 2713 1576 2763 ὲν
1608 2714 1670 2781 τῇ

165 2789 299 2857 φυγῇ,
336 2790 428 2841 καὶ
483 2791 705 2859 ἐτίμησε
756 2794 847 2845 καὶ
888 2796 1194 2860 συνεστίους
1231 2797 1540 2869 ludiﬁcato.
1586 2803 1673 2855 Ἔν

161 2880 429 2943 παρατάξει
485 2881 714 2949 πολέμου
748 2883 968 2949 διάγων,
1019 2886 1112 2939 καὶ
1135 2886 1241 2940 τῶν
1274 2890 1547 2960 πολεμίων
1574 2894 1672 2962 τὴν

163 2968 263 3033 περὶ
287 2968 373 3019 τὸν
404 2968 599 3021 ἑαυτοῦ
645 2973 870 3040 στρατὸν
920 2973 1132 3029 ἃπασαν
1163 2978 1345 3047 χώραν
1383 2994 1673 3049 προκατει-

159 3055 393 3162 inpetum,
424 3059 617 3123 ὕδατος
650 3063 989 3132 ἐπεθύμησεν
1018 3068 1077 3129 ἐξ
1107 3067 1233 3119 ίδίου
1261 3069 1461 3122 λάκκου
1492 3071 1583 3123 τοῦ
1614 3074 1670 3124 ὲν
1695 3104 1737 3162 c

161 3146 371 3217 Βηθλεέμ
390 3168 403 3182 ’
436 3153 492 3204 οἱ
518 3152 573 3203 δὲ
610 3155 898 3223 στρατηγοὶ
926 3158 1023 3223 τὴν
1052 3158 1156 3210 τῶν
1189 3158 1459 3228 πολεμίων
1488 3160 1670 3219 διακό-

157 3238 319 3303 ᾥαντες
344 3244 621 3311 φάλαγγα,
642 3246 901 3316 ὥρμησαν
940 3250 1018 3311 είς
1054 3250 1149 3318 τὴν
1185 3251 1449 3321 Βηθλεὲμ,
1484 3254 1574 3305 καὶ
1610 3255 1669 3307 τὸ

159 3329 273 3400 ὕδωρ
310 3335 459 3403 αὐτῷ
489 3335 814 3406 διεκόμισαν.
868 3340 921 3391 '0
948 3340 1003 3392 δὲ
1046 3341 1435 3409 ἀποθαυμάσας
1476 3344 1668 3407 αὐτοὺς

156 3423 231 3485 τῆς
249 3424 517 3493 ἀνδρείας,
534 3424 624 3476 καὶ
646 3427 741 3491 τῆς
769 3430 891 3496 περὶ
916 3429 1075 3482 αὑτὸν
1101 3429 1327 3493 εὐνοίας,
1356 3433 1452 3483 οὐκ
1473 3434 1667 3501 ἤνεγκε

156 3511 227 3560 τοῦ
259 3512 442 3575 ὕδατος
498 3518 653 3577 πιεῖν,
704 3513 839 3584 αἷμα
868 3516 998 3569 αὐτὸ
1035 3518 1141 3569 τῶν
1185 3521 1499 3589 στρατηγῶν
1529 3520 1665 3575 εἶναι

156 3598 483 3671 λογισάμενος
507 3620 520 3633 ·
550 3605 625 3673 τῷ
649 3606 703 3658 δὲ
732 3606 845 3674 Θεῴ
867 3608 1021 3659 τοῦτο
1035 3608 1202 3678 δῶρον
1227 3609 1440 3664 ἔσπεισε
1471 3611 1662 3680 θάψας.

165 3690 445 3759 Ἐπενόησε,
497 3696 646 3764 παρὰ
672 3700 731 3747 τὸ
770 3696 885 3765 Θεῷ
925 3697 1131 3763 δοκοῦν,
1179 3699 1544 3771 ὲπαριθμῆσαι
1576 3703 1666 3755 τὸν

154 3778 250 3829 ὶεδν
287 3775 457 3852 οὗπερ
508 3779 696 3852 ἦρχεν.
750 3785 1036 3856 ’Υπομὲνει
1076 3788 1131 3841 δὲ
1161 3790 1524 3858 ἀγανάκτησιν
1575 3793 1666 3846 ἐπὶ

154 3869 309 3935 τούτῳ,
340 3874 435 3921 καὶ
464 3871 532 3923 δι’
558 3873 718 3925 αὑτὸν
744 3874 999 3941 ὑπομένει
1030 3876 1284 3943 θεήλατον
1315 3880 1342 3928 ό
1371 3878 1497 3939 λαὸς
1527 3880 1664 3945 πλη-

154 3960 247 4025 γήν.
294 3962 400 4013 Καὶ
437 3960 768 4027 θεασάμενος
804 3963 1024 4032 ἄπειρον
1079 3967 1239 4015 πεσὸν
1292 3965 1386 4016 τοῦ
1444 3965 1570 4017 λαοῦ
1606 3970 1663 4019 ὲν

155 4049 301 4118 ἡμέρᾳ
352 4053 453 4123 μ.ιᾲ
510 4052 731 4119 πλῆθος,
786 4052 970 4105 ἑαυτὸν
1015 4053 1167 4121 ἠξίου
1216 4054 1659 4123 καταληφθῆναι,

155 4142 442 4205 προσπεσὼν
475 4142 554 4210 τῷ
599 4142 733 4211 Θεῷ,
786 4146 849 4211 τῇ
895 4146 1159 4214 τιμωρία·
1203 4144 1362 4213 Ἐγὼ,
1407 4147 1595 4215 λέγων,
1632 4153 1663 4201 ό

152 4231 337 4295 ποιμὴν
379 4231 669 4298 ἥμαρτον,
713 4234 809 4284 καὶ
839 4232 951 4298 ἐγὼ
990 4234 1392 4301 ἐκακοποίησα
1415 4252 1430 4268 ⁰
1469 4238 1565 4291 καὶ
1598 4241 1659 4292 τὸ

154 4318 390 4381 ποίμνιον
423 4319 486 4370 τι
521 4320 801 4384 exclude;
830 4320 1115 4389 Βουληθεὶς
1145 4323 1203 4375 ὃν
1232 4325 1441 4391 ἐπέγνω
1489 4326 1661 4397 χῶρον

1778 1898 2049 1963 sepultura
2083 1897 2225 1950 illius
2272 1897 2506 1965 lapidum
2539 1911 2783 1950 acervum
2832 1898 3211 1950 excitaverunt.
3247 1897 3313 1949 At

1778 1986 1942 2041 David
1992 2002 2113 2047 cum
2146 1987 2491 2041 intellexisset
2515 1986 2867 2055 justisshnam
2903 1986 3169 2047 ultionem,
3207 2001 3311 2037 non

1775 2078 1920 2132 velut
1949 2092 2046 2145 pro
2074 2078 2337 2144 parricida
2370 2078 2685 2144 interempto
2718 2076 2922 2129 bctatus
2948 2086 3025 2129 est
3049 2092 3063 2139 ;
3092 2076 3179 2128 sed
3216 2090 3310 2141 po-

1775 2167 1878 2220 tius
1908 2167 2065 2221 veluti
2106 2182 2202 2235 pro
2246 2166 2477 2234 genuino
2506 2166 2611 2218 filio
2641 2176 2963 2234 conquestus
2999 2173 3102 2229 est,
3137 2166 3307 2218 illius-

1774 2269 1877 2322 que
1902 2262 2125 2307 mortem
2155 2255 2352 2323 ingenti
2383 2257 2547 2309 animi
2597 2254 2877 2309 all'ectione
2900 2254 3305 2306 lamentahatur.

1776 2344 1911 2396 [line
1943 2342 2043 2397 isto
2074 2344 2234 2397 modo
2283 2353 2499 2413 propter
2528 2344 2725 2398 crimen
2755 2327 2911 2396 suum
2946 2358 2975 2396 a
3007 2345 3310 2395 consecutis

1772 2443 1895 2482 cum
1928 2430 2183 2484 molestiis
2213 2431 2486 2494 liberatus,
2522 2432 2712 2485 iterum
2742 2446 2959 2497 regnum
2987 2430 3235 2483 obtinuit.

1841 2522 1897 2576 In
1927 2522 2126 2589 regiam
2158 2536 2427 2584 reversus,
2458 2537 2550 2575 cos
2589 2523 2678 2589 qui
2702 2520 3015 2589 deprehensi
3055 2529 3177 2573 sunt
3207 2520 3305 2572 sibi

1772 2611 1933 2665 fuisse
1965 2612 2251 2673 adversati,
2283 2612 2453 2680 pomis
2483 2612 2724 2665 multavit
2752 2630 2764 2664 :
2798 2620 2848 2663 at
2880 2625 2971 2664 eos
3004 2611 3093 2679 qui
3124 2624 3303 2664 secum

1771 2710 2188 2762 consenserant,
2242 2716 2472 2770 eumque
2527 2705 2578 2754 ln
2631 2700 2753 2770 fuga
2808 2702 3035 2768 positum
3082 2700 3307 2753 comiter

1772 2803 2135 2860 susceperant,
2170 2801 2221 2846 et
2255 2791 2555 2846 honestavit
2603 2800 2656 2845 et
2690 2792 3075 2845 commensalcs
3112 2790 3301 2843 effecit.

1770 2882 1903 2935 Cum
1937 2882 2223 2949 aliquando
2251 2881 2301 2935 in
2334 2883 2448 2936 acie
2483 2881 2603 2934 belli
2636 2890 2835 2950 ageret,
2876 2881 3161 2948 hostesque
3194 2878 3301 2932 cir-

1770 2973 2119 3039 cumpositam
2168 2972 2423 3033 exercitui
2477 2972 2619 3025 illius
2667 2972 2936 3040 regionem
3000 2972 3301 3025 universam

1770 3066 2313 3129 anteoccupavissent,
2361 3078 2554 3129 aquam
2604 3062 2921 3115 desideravit
2968 3076 3031 3114 ex
3089 3061 3298 3128 propria

1770 3154 1997 3205 cisterna
2057 3165 2175 3219 qure
2224 3151 2418 3205 eratin
2472 3149 2820 3203 Bethlehem:
2864 3156 2919 3201 at
2963 3149 3124 3202 duces
3185 3148 3299 3216 ejus

1770 3241 2195 3294 adversariorum
2258 3248 2660 3308 perrumpentes
2726 3239 3077 3307 phalangem,
3138 3252 3297 3290 cursu

1767 3331 2152 3384 contenderunt
2182 3330 2231 3380 in
2272 3328 2600 3388 Bethlehem,
2648 3337 2807 3393 atque
2851 3326 2970 3378 inde
3028 3340 3217 3394 aquam
3250 3326 3298 3378 ei

1768 3421 2077 3473 attulerunt.
2110 3418 2202 3471 llle
2250 3433 2375 3471 vero
2418 3418 2630 3469 illorum
2684 3415 2978 3469 admiratus
3032 3415 3300 3468 fortitudi-

1765 3508 1907 3569 dem,
1943 3517 2099 3575 atque
2128 3522 2251 3575 erga
2290 3521 2349 3559 se
2378 3506 2822 3568 benevolentiam,
2864 3520 2967 3558 non
3005 3505 3122 3557 tulit
3154 3505 3296 3556 illam

1765 3596 1943 3649 bibere
1993 3609 2218 3661 aquam;
2253 3596 2565 3661 sanguinem
2607 3609 2722 3647 eam
2775 3593 2970 3645 ducum
3002 3604 3119 3647 esse
3155 3591 3297 3643 arbi-

1766 3690 1954 3744 tratus,
1993 3684 2099 3737 Deo
2142 3684 2284 3736 illam
2326 3683 2485 3736 veluti
2537 3696 2730 3735 munus
2784 3681 2969 3733 libavit
3015 3680 3067 3732 in
3098 3686 3297 3732 terram

1765 3774 2012 3829 fundens.
2048 3772 2401 3843 Cogitaverat,
2434 3780 2616 3826 contra
2666 3779 2825 3838 atque
2860 3768 2963 3821 Deo
3002 3768 3295 3831 videbatur,

1764 3879 2050 3918 numerare
2100 3863 2353 3931 populum
2396 3861 2603 3927 imperii
2654 3862 2733 3914 Qui
2764 3877 2777 3911 :
2806 3868 2859 3912 at
2899 3859 3151 3932 sustinuit
3181 3872 3299 3923 pro-

1763 3964 1880 4021 pter
1912 3954 2011 4007 boc
2044 3953 2480 4021 indignationem,
2515 3961 2674 4017 atque
2718 3949 2860 4001 illius
2900 3960 3059 4000 causa
3107 3961 3296 4014 passus

1704 4044 1707 4045 ⁷
1761 4052 1842 4095 est
1870 4042 2096 4111 populus
2126 4041 2332 4111 plagam
2364 4039 2616 4093 divinitus
2658 4038 2975 4090 immissatn.
3008 4034 3184 4099 Quare
3213 4034 3294 4086 vi-

1761 4133 1893 4186 dens
1924 4132 2180 4185 infinitam
2221 4130 2397 4200 populi
2452 4127 2843 4183 multitudinem
2894 4140 2997 4178 una
3025 4125 3111 4177 die
3154 4122 3297 4175 ceci-

1760 4220 1925 4283 disse,
1960 4219 2196 4287 seipsum
2233 4219 2420 4270 orabat
2446 4217 2823 4285 comprehendi
2857 4218 3111 4278 vindicta,
3142 4216 3210 4265 ob
3244 4213 3293 4263 id

1764 4307 1870 4360 Deo
1908 4321 2141 4361 cernuus
2180 4306 2533 4374 procumbens
2568 4323 2579 4359 :
2614 4303 2740 4373 Ego,
2784 4304 3078 4372 inquiebat,
3110 4315 3295 4371 pauor

149 4400 415 4467 ὶπιτήδεισν
448 4409 532 4467 είς
564 4406 660 4476 τὴν
687 4408 777 4459 τοῦ
799 4409 923 4461 ναοῦ
948 4412 1291 4481 κατασκευὴν
1322 4410 1477 4478 εἶναι,
1500 4416 1659 4484 πρία-
1693 4401 1734 4452 θ
1760 4398 1991 4465 Ρεσοαυίι
2026 4405 2074 4448 ει
2122 4412 2212 4463 ⁸90
2265 4413 2531 4465 Ρενρεταυι
2576 4398 2686 4463 89ίέ
2719 4407 2773 4449 αι
2808 4412 2931 4464 ενοι
2967 4397 3090 4465 quid
3135 4397 3295 4463 Ῑεσίιῗ

156 4489 244 4540 :81:
266 4494 409 4560 παρὰ
435 4496 637 4561 Ὀρνου
660 4497 822 4560 τινὸς,
844 4500 935 4550 τοῦ
954 4500 1135 4551 τοῦτον
1158 4502 1280 4563 τότε
1303 4505 1658 4571 κεκτημένου,

152 4584 310 4643 προῖκα
354 4584 553 4636 τοῦτον
601 4584 744 4652 αὐτῷ
773 4586 1152 4654 προσάγοντος,
1198 4590 1294 4640 οὐκ
1330 4590 1541 4653 ἐδέξατο
1568 4594 1658 4646 τὸν

152 4668 293 4732 τίπον,
339 4673 443 4723 οὐκ
495 4672 664 4739 εὐαγῆ
715 4673 833 4724 οὐδὲ
896 4675 1255 4743 εὐπρόσδεκτα
1306 4679 1657 4748 λογισάμενος

154 4751 255 4807 εἶναι
274 4760 335 4811 τὰ
375 4763 442 4812 ὲκ
477 4760 800 4828 δωροδοκίας
829 4760 903 4829 τῷ
928 4763 1048 4831 Θεῷ
1077 4766 1466 4837 καθωσιωμένα
1484 4786 1495 4798 ·
1524 4772 1655 4823 ἀλλὰ

151 4846 364 4911 χρήματα
403 4851 536 4911 δοὺς
568 4852 768 4920 ὅσαπερ
814 4850 1013 4913 ἐκεῖνος
1042 4853 1321 4919 ἐϐούλετο,
1364 4858 1463 4926 τὴν
1489 4861 1551 4911 ὲκ
1578 4859 1658 4911 δι-

152 4933 398 5005 κιιοσῦνης
420 4938 601 5000 οὕτως
626 4939 842 4993 ἀνέθετο
863 4940 939 5009 τῷ
966 4941 1081 5011 Θεῷ
1106 4945 1310 5014 κτῆσιν.

202 5192 361 5243 Πίσαν
393 5193 571 5246 αὐτοῦ
614 5197 925 5266 συγγραφὴν
962 5198 1045 5265 ἐφ’
1076 5201 1285 5271 ἑκάστῳ
1326 5205 1429 5257 τῶν
1460 5221 1660 5272 συμπι-

1771 4484 1961 4537 Voleus
1992 4484 2187 4546 locum,
2229 4499 2388 4551 quem
2422 4494 2638 4538 noverat
2683 4495 3041 4552 opportunum
3074 4498 3191 4537 e=se
3223 4484 3289 4535 ad

1767 4574 1945 4641 templi
1983 4573 2453 4633 constructionem,
2482 4587 2658 4626 emere
2684 4588 2713 4625 a
2742 4572 2973 4639 quodam
2997 4570 3163 4635 Orno,
3196 4572 3287 4640 qui

1766 4666 1914 4718 illum
1964 4674 2092 4717 tunc
2124 4663 2448 4730 possidebat,
2486 4678 2714 4731 cumque
2747 4663 2792 4716 is
2836 4663 2999 4732 gratis
3043 4664 3090 4716 ci
3146 4664 3289 4714 illum

1761 4753 1993 4813 offerret,
2028 4753 2202 4805 locum
2238 4768 2343 4806 non
2373 4754 2656 4820 acoeptavit
2692 4791 2705 4813 ,
2740 4766 3072 4819 nequaquam
3106 4762 3287 4804 sancta

1759 4855 1857 4893 nec
1899 4849 2111 4908 accepta
2154 4843 2443 4894 arbitratus
2470 4857 2589 4895 esse
2640 4841 2743 4894 Deo
2771 4856 2855 4905 ea,
2905 4856 3022 4909 qua:
3048 4856 3112 4895 ex
3148 4842 3287 4893 dono

1759 4935 1999 4989 dedicata
2032 4936 2275 4989 fuissent.
2310 4936 2409 4987 Sed
2448 4936 2674 5003 pretium
2719 4936 3000 4989 exsolvens
3026 4943 3284 5002 quantum

1758 5027 1847 5079 ille
1880 5026 2105 5099 volebat,
2136 5034 2262 5077 tunc
2288 5025 2489 5093 justam
2523 5026 2917 5093 possessionem
2948 5024 3051 5079 Deo
3077 5024 3295 5075 demunt

1760 5113 1972 5166 dicavit.

1824 5202 2090 5271 Quidquid
2144 5206 2358 5273 scripsit
2400 5204 2465 5258 de
2500 5205 2657 5257 rebus
2690 5203 2788 5255 sibi
2819 5203 3283 5271 contingentibus,

154 5282 347 5333 πτόντωι
379 5283 449 5335 δι’
500 5283 689 5353 ὕμνων
731 5289 1129 5357 συνεγράψατο,
1182 5294 1271 5343 καὶ
1305 5294 1393 5345 τὸν
1446 5293 1657 5345 ἅπαντα

1763 5295 1967 5362 hymnis
2009 5296 2341 5362 composuit;
2388 5295 2513 5362 quin
2546 5303 2595 5346 et
2623 5308 2714 5361 per
2739 5302 2900 5346 totam
2927 5295 3084 5347 vitam
3127 5310 3278 5364 suain

154 5366 235 5430 550v
257 5372 332 5421 τὸν
358 5370 562 5423 ἑαυτοῦ
596 5371 724 5425 Θεὸν
750 5376 930 5444 ὑμνῶν
960 5378 1199 5431 διετέλει.
1231 5382 1339 5432 Καὶ
1365 5382 1656 5451 ψαλτήριον

1763 5399 2027 5453 nunquam
2075 5384 2302 5437 cessavit
2344 5383 2507 5435 Deum
2559 5399 2713 5437 suum
2755 5383 2968 5453 hymnis
2994 5384 3280 5436 celebrare.

156 5456 193 5507 it
228 5461 473 5525 μουσικὸν
522 5459 752 5528 ὄργανον
790 5466 949 5533 ήχοῦν
978 5465 1119 5537 εἶχεν
1148 5468 1202 5522 ὲν
1233 5470 1423 5539 τούτῳ.
1453 5472 1657 5541 Χοροὺς

1763 5471 1830 5525 Ad
1884 5473 1932 5527 id
1984 5472 2179 5543 negotii
2225 5472 2452 5526 habebat
2484 5474 2815 5542 psalterium,
2866 5473 3279 5525 instrumentum

204 5606 297 5681 (ΒΞ)
333 5611 505 5669 Forte
541 5612 926 5682 κατήλλασσον.
