4102 6338
667 343 732 406 91
2114 337 2410 421 JOSEPPI

3753 341 3829 406 92

667 455 798 504 riam
826 446 1144 517 propheticis
1167 447 1336 502 oculis
1365 448 1590 501 intuitus
1616 453 1717 501 est.
1751 445 1982 514 Virginei
2009 454 2191 514 partus
2218 445 2242 503 Α

2303 449 2442 512 Ξόξαν
2485 446 2577 500 τοῦ
2634 449 2879 518 Σωτῆρος
2937 451 3033 518 τήν
3078 450 3266 519 θεῖκὴν
3315 453 3828 522 τοῖςηπροφητικοῐς

671 538 878 592 Domini
921 545 1099 605 typum
1143 535 1421 590 ostendere
1462 538 1512 589 in
1556 544 1680 588 nato
1724 535 1822 589 sibi
1881 535 2191 589 Emmanuel

667 627 954 680 secundum
995 625 1324 692 prapbetiam
1363 625 1471 676 lilio
1519 625 1710 692 dignus
1745 625 1916 678 factus
1959 634 2059 677 est.
2092 624 2194 676 Po-

671 716 775 783 puli
831 717 1181 784 ignorantiam
1228 731 1330 781 qua
1372 714 1700 767 Salvator’em
1739 731 1841 767 non
1891 723 2004 767 erat
2047 715 2195 782 agni-

667 816 835 866 turus,
869 815 916 856 et
949 804 1316 873 provenientes
1350 804 1470 856 inde
1506 804 1760 856 adversus
1798 819 1919 856 eum
1953 803 2193 866 insidias,

669 894 1012 960 gentiumque
1054 894 1164 946 vice
1196 895 1338 946 illius
1379 893 1771 951 adductionem,
1815 892 2056 960 pluribus
2085 907 2191 942 ina-

663 981 938 1033 ‘lllfCSlaVif.
969 999 979 1031 :
1011 980 1148 1048 quod
1177 982 1298 1033 item
1338 995 1400 1031 ex
1431 981 1607 1032 radice
1631 977 1796 1032 Jessze
1824 979 2080 1032 Dominus
2105 995 2198 1032 na-

671 1073 898 1125 sciturus
934 1081 1066 1136 erat,
1107 1072 1195 1138 qui
1254 1071 1387 1123 idem
1439 1070 1572 1123 foret.
1610 1071 1787 1138 justus
1817 1071 1998 1138 judex,
2041 1079 2092 1122 et
2125 1071 2200 1124 ci-

671 1178 862 1215 curans
895 1164 1094 1215 belluas
1123 1176 1245 1228 erga
1277 1162 1520 1213 homines
1543 1202 1557 1224 ,
1590 1161 1721 1212 adeo
1762 1169 1821 1213 ut
1845 1161 2003 1213 etiam
2052 1175 2201 1212 man-

671 1259 817 1304 surle
860 1267 980 1304 cum
1024 1251 1275 1316 jumeutis
1322 1265 1502 1302 eorum
1541 1257 1895 1302 versarentur.
1954 1249 2202 1302 Praedixit

669 1322 881 1403 quoque
916 1337 1150 1388 futurum
1186 1347 1242 1389 ut
1268 1337 1406 1390 idola
1445 1337 1622 1388 omnia
1665 1352 1787 1390 cum
1819 1338 2030 1405 templis
2073 1338 2200 1404 ipsis

667 1442 698 1476 e
748 1427 919 1477 medio
973 1427 1301 1479 tollerentur.
1363 1425 1636 1478 Manil'este
1674 1427 1833 1479 etiam
1880 1427 2201 1480 vaticinatus

671 1525 768 1576 est,
817 1518 956 1584 quod
996 1517 1236 1583 civitates
1281 1531 1465 1570 eorum
1521 1517 1945 1580 destruerentur,
2000 1519 2089 1585 qui
2149 1518 2200 1570 in

675 1607 944 1673 numerate
983 1616 1434 1673 perseverassent,
1477 1616 1528 1659 et
1559 1605 1698 1674 quod
1735 1617 1848 1674 post
1889 1616 2031 1660 certa
2071 1616 2203 1660 tem-

675 1712 799 1762 pora
864 1695 1242 1749 reaedilicandae
1291 1705 1459 1748 erant.
1498 1695 1868 1762 Coguitionem
1914 1698 2201 1752 divinitatis

673 1787 871 1840 Christi
909 1787 1088 1838 multis
1129 1784 1182 1836 in
1215 1786 1346 1838 locis
1376 1786 1638 1852 praedixit.
1673 1768 1920 1839 Prtedixit
1955 1787 2078 1839 item
2118 1787 2202 1840 fu-
2233 1764 2272 1815 Β

677 1886 875 1939 turum,
921 1885 977 1927 ut
1009 1883 1219 1928 centum
1253 1876 1518 1943 octoginta
1565 1876 1799 1944 quinque
1841 1877 2004 1929 millia
2044 1877 2208 1931 homi-

679 1983 804 2019 num
837 1968 1159 2030 delereutur,
1193 1966 1283 2033 qui
1309 1965 1686 2034 Babylonicum
1725 1967 2013 2019 exercitum
2043 1967 2210 2021 confi-

679 2057 887 2108 ciebant
911 2057 1164 2108 adversus
1185 2054 1478 2107 Jerusalem
1510 2055 1823 2107 militantem
1853 2057 1952 2108 sub
1979 2055 2208 2109 Ezechia

681 2159 821 2210 rege.
853 2143 927 2195 Eo
973 2144 1088 2210 ipso
1117 2142 1201 2195 die
1239 2157 1394 2211 quem
1436 2141 1750 2195 vaticinatus
1782 2141 1972 2203 fuerat,
2019 2142 2210 2195 divini-

679 2244 764 2287 tus
801 2233 1036 2286 immissa
1092 2233 1246 2300 plaga
1299 2240 1477 2283 tantus
1536 2231 1622 2283 ille
1663 2232 1928 2284 exercitus
1968 2242 2210 2286 mortuus

676 2322 872 2388 jacuit,
905 2330 1061 2373 uoctu
1093 2336 1198 2372 uno
1243 2321 1496 2387 temporis
1532 2329 1822 2372 momento.
1861 2319 1999 2383 Quin
2050 2321 2209 2373 etiam

604 2477 606 2479 γ
681 2412 955 2477 ipsiusuiet
985 2412 1407 2473 Seunacherimi,
1444 2412 1532 2479 qui
1574 2421 1720 2464 lauto
1754 2413 1874 2465 huic
1921 2413 2213 2480 imperabat

679 2501 956 2564 exercitui,
980 2502 1225 2569 prwdixit
1250 2501 1448 2569 fugam,
1478 2518 1581 2569 qua
1612 2502 1691 2553 vel
1721 2517 1748 2554 a
1778 2502 1887 2554 sola
1917 2489 2210 2554 Jerusalem

677 2591 958 2644 obsidione
1009 2592 1266 2645 desistere
1292 2603 1600 2658 cogeretur;
1640 2592 1873 2659 itemque
1905 2597 2212 2644 eventuram

679 2681 858 2732 statim
895 2681 946 2732 iu
991 2681 1150 2733 domo
1189 2681 1302 2748 ejus
1356 2682 1524 2748 ipsius
1563 2681 2000 2734 interfectionem.
2043 2682 2214 2749 Atque

683 2768 755 2820 ita
795 2769 1051 2821 citissime
1082 2771 1348 2822 usuveuit.

750 2857 1035 2909 Admonito
1063 2855 1286 2911 Etechia
1318 2859 1406 2925 qui
1428 2859 1732 2926 aegrotabat,
1766 2860 2130 2927 audieratque,
2159 2869 2216 2912 tit

683 2947 748 2999 de
779 2962 939 3012 regno
986 2940 1303 3000 testamento
1343 2948 1677 3015 disponi-ret,
1715 2950 1907 3016 quippe
1953 2950 2091 3001 haud
2143 2950 2212 3002 ita

2291 538 2581 605 ὀφθαλμοῖς
2640 538 2913 591 ἐθεάσατο.
2971 541 3082 606 Τῆς
3140 540 3472 610 παρθενικῆς
3525 545 3828 613 γεννήσεως

2291 626 2382 678 τοῦ
2418 627 2614 694 Κυρίου
2648 628 2736 678 τὸν
2769 627 2936 680 τύπον
2967 629 3245 693 ἐπιδείξαι,
3285 632 3343 683 ὲν
3377 630 3453 699 τῷ
3489 631 3830 700 Ἐμμανουήλ

2293 718 2532 785 τεχθέντι
2580 716 2724 785 αύτῷ
2754 718 2893 770 κατὰ
2938 720 3270 788 προφητείαν
3301 719 3401 788 υίῷ
3434 719 3677 788 ἠξίωται.
3719 720 3831 788 Τὴν

2295 807 2564 872 ἀγνωσίαν
2594 808 2684 859 τοῦ
2725 806 2891 871 λαοῦ,
2927 809 3022 876 τὴν
3056 809 3181 874 περὶ
3210 809 3299 860 τὸν
3330 809 3573 877 Σωτῆρα.
3607 809 3702 861 καὶ
3734 809 3832 879 τὴν

2295 896 2380 948 διὰ
2405 895 2559 947 τοῦτο
2583 897 2867 964 ἐπιϐουλὴν
2891 898 3053 966 αύτῷ,
3074 899 3162 948 καὶ
3185 899 3280 966 τὴν
3305 900 3411 952 τῶν
3429 899 3594 951 ἐθνῶν
3618 898 3831 950 ἀντεισ-

2297 987 2551 1056 αγωγὴν,
2597 987 2682 1039 διὰ
2738 988 2992 1039 πλειόνων
3025 988 3320 1055 ὲξέφαινεν.
3379 989 3464 1050 Ὠς
3509 989 3598 1040 καὶ
3647 989 3709 1040 εκ
3735 988 3832 1055 τῆς

2300 1079 2451 1146 ῥίζης
2513 1076 2702 1128 Ἰεσσαὶ
2754 1076 2952 1144 Κύριος
2999 1077 3420 1144 ἀναφανήσεται,
3472 1076 3629 1137 αὐτὸς
3673 1074 3749 1126 ῶν
3804 1075 3831 1126 ό
3893 1092 3898 1096 δ

2299 1165 2498 1225 δίκαιος
2525 1164 2733 1232 κριτὴς,
2764 1166 2854 1215 καὶ
2886 1164 3162 1232 ὲξημερῶν
3188 1165 3256 1216 τὰ
3281 1163 3442 1233 θηρία
3464 1163 3597 1231 πρὸς
3626 1160 3830 1230 ἀνθρώ-

2301 1272 2430 1315 πους
2451 1295 2463 1316 ,
2495 1255 2570 1314 είς
2600 1253 2659 1305 τὸ
2691 1255 2780 1305 καὶ
2810 1253 3025 1322 ἡμέρως
3057 1257 3288 1305 συνεῖναι
3331 1257 3441 1314 τοῖς
3485 1251 3662 1304 αὐτῶν
3702 1252 3826 1320 κτή·

2301 1361 2465 1395 νεσιν.
2520 1344 2779 1410 Προεῖπεν
2827 1343 2899 1404 ὡς
2951 1342 3018 1394 τὰ
3061 1342 3250 1393 εἴδωλα
3300 1343 3471 1394 πάντα
3519 1342 3614 1392 σίιν
3657 1341 3834 1401 αὐτοῖς

2301 1437 2444 1493 ναοῖς
2501 1431 3002 1501 καθαιρεθήσονται.
3056 1431 3302 1500 Φανερῶς
3352 1432 3589 1495 ἐξεῖπεν,
3636 1431 3708 1490 ὡς
3744 1431 3838 1480 καὶ

2301 1524 2408 1575 τῶν
2442 1523 2516 1584 είς
2545 1521 2852 1574 δυσσέϐειαν
2897 1522 3356 1590 ἓναπομεινάντων
3392 1521 3569 1582 πόλεις
3604 1523 3838 1588 ἀνατρα-

2303 1613 2561 1679 πήσονται
2584 1650 2596 1668 ,
2631 1611 2723 1661 καὶ
2773 1609 2907 1679 μετὰ
2938 1611 3130 1678 ρητοὺς
3159 1611 3377 1678 χρόνους
3417 1607 3837 1674 ἁνακτισθήσον-

2304 1717 2411 1752 ται.
2460 1700 2567 1767 Τῆς
2607 1699 2839 1768 Χριστοῦ
2883 1699 3127 1766 θεότητος
3160 1698 3294 1766 πρὸς
3323 1684 3611 1764 ἐπίγνωσιν
3647 1694 3841 1748 πολλα-

2308 1795 2411 1861 χῶς
2443 1793 2714 1860 προεῖπεν.
2755 1790 2975 1842 Ἑκατὸν
3005 1789 3322 1857 ὀγδοήκοντα
3355 1789 3448 1840 καὶ
3480 1789 3633 1838 πέντε
3657 1786 3841 1854 ,χιλιὰ-

2301 1879 2408 1934 ’δων
2452 1881 2720 1949 ἀναίρεσιν
2750 1878 3084 1931 Βαϐυλωνίου
3115 1875 3341 1946 στρατοῦ
3382 1879 3446 1945 τῇ
3493 1875 3842 1945 Ἰερουσαλὴμ

2309 1970 2680 2037 ἐπικειμένου,
2723 1969 2812 2019 ἐπὶ
2839 1967 2930 2018 τοῦ
2988 1967 3246 2035 βασιλέως
3291 1965 3554 2027 Ἐζεκίου,
3585 1967 3840 2032 προεῖπεν

2309 2061 2544 2112 ἔσεσθαι.
2595 2059 2726 2110 Κατ’
2756 2058 2964 2125 ἐκείνην
2995 2059 3059 2125 ἣν
3102 2057 3496 2126 προεφήτευσεν
3541 2055 3780 2124 ἡμέραν.
3812 2054 3842 2106 ὁ

2309 2149 2557 2209 τοσοῦτος
2586 2145 2822 2216 θεηλάτῳ
2850 2147 3026 2215 πληγῇ
3054 2146 3238 2213 νεκρὸς
3265 2145 3438 2196 ἔκειτο
3471 2143 3712 2212 στρατὸς,
3738 2142 3844 2194 ὑπὸ

2314 2235 2438 2303 μίαν
2470 2233 2657 2303 καιροῦ
2684 2232 2849 2302 ῥοπὴν
2875 2235 2930 2284 ὲν
2965 2233 3134 2285 νυκτί.
3183 2231 3339 2282 Ἀλλὰ
3369 2232 3459 2283 καὶ
3494 2229 3845 2296 Σενναχηρεί-

2316 2341 2414 2392 μου
2473 2322 2565 2375 τοῦ
2614 2321 2871 2391 βασιλέως
2921 2321 3108 2373 τούτου
3167 2320 3259 2373 τοῦ
3317 2320 3566 2372 τοσούτου
3616 2317 3844 2387 στρατοῦ

2314 2416 2535 2480 προεῖπε
2591 2412 2688 2480 τὴν
2725 2412 2832 2464 ἀπὸ
2880 2411 2972 2463 τοῦ
3029 2409 3328 2462 ἐπικεῖσθαι
3375 2412 3439 2478 τῇ
3494 2408 3848 2478 Ἰερουσαλὴμ.

2317 2504 2472 2569 μόνου
2503 2503 2698 2570 φυγὴν,
2740 2503 2832 2553 καὶ
2860 2501 2954 2566 τὴν
2986 2499 3290 2570 παραυτίκα
3320 2502 3375 2552 ὲν
3411 2503 3473 2567 τῇ
3509 2498 3653 2567 οἰκίᾳ
3682 2497 3844 2550 αὑτοῦ

2313 2593 2676 2660 γενησομένην
2710 2592 2877 2660 αὐτὴν
2923 2591 3030 2660 (9i)
3071 2592 3376 2660 ἀναίρεσιν,
3427 2591 3520 2644 καὶ
3562 2590 3700 2642 οὓτω
3746 2589 3850 2659 τὴν

2313 2684 2566 2752 ταχίστην
2596 2683 2824 2751 ἐγένετο.

2396 2856 2845 2925 ’Υπαγορευθέντι
2883 2856 3098 2929 Ἐζεκίᾳ
3123 2856 3381 2922 νοσοῦντι,
3422 2859 3517 2912 καὶ
3553 2859 3848 2914 ἀκούσαντι

2317 2946 2640 2999 ὲντείλεσθαι
2688 2947 2814 3015 περὶ
2858 2948 2955 3015 τῆς
3001 2946 3273 3014 βασιλείας
3309 2948 3383 3010 ὼς
3430 2947 3849 3016 τεθνηξόμενον,

687 3035 852 3087 multo
889 3045 1008 3100 post
1042 3035 1366 3097 moriturus;
1404 3050 1524 3086 cum
1562 3036 1752 3088 acriter
1795 3051 1884 3088 rex
1915 3035 2059 3088 ﬂeret
2090 3053 2213 3104 pro-

2319 3036 2607 3088 κλαύσαντι
2651 3035 2726 3103 τῷ
2774 3036 2977 3104 βασιλεῖ
3017 3037 3106 3087 ἐπὶ
3139 3039 3202 3104 τῇ
3236 3036 3328 3088 τοῦ
3373 3037 3470 3106 ζῇν
3507 3036 3850 3102 ἀπογνώσει,

688 3133 862 3189 pterea
891 3123 1031 3190 quod
1063 3123 1166 3175 vita
1194 3124 1334 3177 illius
1363 3125 1689 3178 conclamata
1723 3133 1864 3178 esset
1885 3165 1897 3185 ,
1936 3125 2208 3190 praedixit,

687 3210 826 3276 quod
860 3226 963 3261 non
988 3210 1090 3262 cito
1118 3222 1430 3272 numeretur,
1461 3211 1551 3263 sed
1587 3213 1726 3279 quod
1753 3212 2051 3280 quindecim
2084 3215 2215 3268 alios

689 3314 856 3350 annos
884 3299 1232 3366 producenda:
1255 3301 1372 3352 vitae
1401 3301 1571 3353 adhuc
1607 3312 1899 3366 acceperat.
1935 3301 2022 3354 Sol
2055 3303 2219 3355 edixit

691 3399 748 3440 ut
781 3390 845 3440 ali
875 3389 1144 3442 occidente
1170 3389 1222 3439 in
1251 3389 1505 3441 orientem
1542 3399 1854 3450 recurrerct,
1883 3390 2062 3456 sicque
2092 3389 2218 3441 Eze-

690 3479 824 3530 cltiie
851 3478 959 3545 regi
994 3477 1200 3546 signum
1229 3478 1547 3530 valetudinis
1594 3477 1754 3529 dedit.
1805 3477 1867 3530 Et
1907 3478 1956 3529 id
2004 3480 2215 3546 quidem

691 3568 884 3629 evenit,
916 3567 1024 3620 sole
1049 3569 1114 3618 ab
1154 3567 1431 3620 undecima
1469 3567 1531 3619 ad
1573 3568 1794 3633 primam
1831 3569 2014 3620 horam
2050 3577 2217 3621 retro-

695 3659 858 3724 lapso.
898 3656 1108 3709 Primus
1157 3656 1396 3723 praedixit
1439 3656 1548 3708 fore
1592 3665 1644 3707 ut
1681 3656 1836 3707 Israel
1875 3659 2112 3723 captivus
2169 3658 2218 3710 in

696 3747 1036 3816 Babyloniam
1078 3747 1359 3797 duceretur
1386 3756 1592 3812 propter
1624 3746 1966 3812 impietatem,
2001 3747 2142 3812 quod
2171 3739 2222 3798 et

695 3837 894 3890 factum
925 3843 1041 3896 est,
1076 3834 1414 3900 praedictione
1449 3843 1566 3902 post
1596 3849 1763 3885 annos
1793 3843 1911 3886 octo
1940 3836 2220 3902 completa.

701 3925 946 3978 i’raztlixit
997 3925 1118 3975 item
1170 3923 1403 3975 futurum
1461 3933 1516 3975 ut
1569 3923 1732 3976 Judas
1778 3924 1828 3975 in
1884 3923 2224 3993 Babyloniam

699 4017 974 4083 captivus,
1014 4023 1222 4080 prol'iter
1267 4013 1503 4065 eamdem
1546 4023 1701 4078 atque
1736 4014 1944 4066 Israelis
1984 4014 2227 4081 impieta-

701 4115 806 4156 tem
833 4103 1170 4156 abducendus
1195 4111 1354 4154 esset.
1397 4099 1694 4175 Quinetiam
1729 4102 1965 4159 Ezechire
1999 4103 2107 4171 regi
2141 4104 2227 4168 iis,

703 4195 838 4260 quia
874 4191 1160 4260 Babylonio
1191 4191 1254 4242 ad
1287 4191 1624 4245 inviseudum,
1646 4191 1791 4242 illum
1822 4192 1968 4245 missi
1999 4190 2227 4256 fuerant,

706 4299 832 4334 suas
882 4281 1093 4334 divitias
1134 4280 1462 4342 ostendenti,
1517 4280 1782 4346 praedixit,
1836 4280 1976 4346 quod
2032 4281 2133 4333 illa:
2177 4282 2228 4334 in

2319 3129 2572 3195 προεῖπεν
2617 3126 2689 3186 ὡς
2721 3127 2781 3177 ού
2811 3125 3146 3194 τεθνήξοιτο,
3183 3125 3295 3177 ἀλλ’
3327 3126 3406 3177 ὅτι
3437 3127 3526 3177 καὶ
3569 3127 3854 3178 πεντεκαί-

2315 3214 2442 3264 δεκα
2475 3213 2746 3271 ἐνιαυτοὺς
2789 3213 2863 3273 είς
2895 3212 2955 3264 τὺ
2993 3211 3176 3280 βιῶναι
3226 3213 3303 3263 ἔτι
3343 3212 3713 3281 προσειλήφει.
3746 3214 3854 3264 Τὸν

2316 3305 2463 3370 ἣλιον
2491 3304 2745 3370 προεῖπεν
2771 3301 2873 3352 ἀπὸ
2898 3300 3112 3367 δυσμῶν
3145 3304 3226 3352 ἐπ’
3258 3303 3483 3371 ἀνατολῇ
3511 3302 3852 3372 ἀνατρέχειν,

2321 3394 2540 3461 σημεῖον
2569 3392 2666 3455 τῆς
2699 3390 2906 3456 ὑγιείας
2933 3391 3104 3451 διδοὺς
3135 3391 3211 3458 τῷ
3253 3391 3464 3460 Ἐζεκίᾳ
3487 3391 3709 3459 βασιλεῖ.
3742 3392 3857 3454 Καὶ

2319 3483 2472 3534 τοῦτο
2529 3482 2623 3550 μὲν
2672 3482 2917 3548 ἐγένετο,
2967 3481 3072 3532 ἀπὸ
3112 3481 3208 3548 τῆς
3250 3479 3534 3549 ἑνδεκάτης
3574 3479 3719 3549 ὥρας
3761 3482 3858 3533 ἐπὶ

2321 3570 2538 3637 πρώτην
2591 3567 3100 3636 ὲπαναδραμηκότος
3155 3567 3263 3636 (9‘2)
3318 3565 3408 3616 τοῦ
3461 3564 3629 3632 ἡλίου.
3694 3564 3779 3626 Ὦς
3827 3566 3856 3616 ό

2333 3658 2546 3726 Ἰσραὴλ
2571 3699 2585 3720 ,
2637 3659 2970 3725 αἰχμάλωτος
2999 3655 3078 3716 είς
3124 3656 3222 3721 τὴν
3261 3652 3599 3724 Βαϐυλωνίαν
3639 3652 3726 3705 διὰ
3756 3654 3856 3716 τὰς

2324 3740 2633 3802 δυσσεϐείας
2687 3739 3080 3808 ἀπαχθήσοιτο,
3127 3739 3339 3805 πρῶτος
3382 3741 3670 3808 προεῖπεν,
3717 3740 3857 3810 ὅπερ

2324 3831 2595 3896 ἐγεγόνει,
2628 3829 2726 3897 τῆς
2760 3831 3110 3898 προρρήσεως
3144 3827 3283 3896 μετὰ
3327 3827 3418 3893 ἔτη
3454 3828 3592 3880 ὀκτὼ
3634 3828 3857 3898 πληρω-

2327 3919 2527 3986 θείσης.
2571 3919 2654 3977 Ὠς
2693 3918 2782 3970 καὶ
2827 3918 3022 3977 Ἰούδας
3050 3918 3128 3976 είς
3159 3914 3255 3984 τὴν
3289 3915 3627 3966 Βαϐυλωνίαν
3659 3917 3862 3983 αἰχμά-

2327 4007 2490 4066 λωτος
2539 4006 2623 4056 διὰ
2675 4005 2768 4064 τὰς
2807 4003 2970 4064 αὑτὰς
3016 4003 3091 4072 τῷ
3148 4003 3360 4072 Ἰσραὴλ
3401 4003 3708 4064 δυσσεϐείας
3745 4006 3860 4055 ἁπ-

2329 4095 2610 4165 αχθήσοιτο
2651 4093 3095 4162 προεῖπεν.’Δλλὰ
3129 4095 3219 4146 καί
3266 4093 3476 4164 Ἐζεκίᾳ
3514 4094 3590 4164 τῷ
3618 4093 3862 4162 βασιλεῖ,

2329 4190 2434 4246 τοῖς
2472 4186 2574 4237 ἀπὸ
2607 4184 2697 4236 τοῦ
2727 4183 3056 4238 Βαϐυλωνίου
3087 4184 3176 4237 ἐπὶ
3222 4184 3408 4252 σκέψιν
3437 4184 3595 4235 αὐτοῦ
3627 4186 3863 4236 ἀποστα-

2331 4271 2496 4321 λεῖσιν
2525 4270 2845 4331 ἐπιδείξαντι
2881 4273 2972 4322 τὸν
3009 4270 3198 4322 ἑαυτοῦ
3231 4271 3454 4324 πλοῦτον
3475 4310 3490 4334 ,
3520 4273 3610 4323 καὶ
3641 4273 3705 4323 τὰ
3743 4289 3862 4325 κει-

708 4371 1049 4440 Bibylouiain
1074 4369 1391 4421 abducenda:
1411 4381 1605 4431 essent,
1633 4384 1725 4421 ceu
1749 4369 1916 4436 spolia
1943 4409 1958 4434 ,
1984 4371 2232 4440 quodque

2303 4364 2308 4393 τ
2339 4361 2519 4429 μήλια,
2550 4363 2801 4425 προεῖπεν
2830 4360 2902 4420 ὡς
2930 4362 3005 4418 είς
3033 4361 3130 4428 τὴν
3159 4359 3495 4411 Βαϐυλωνίαν
3538 4360 3703 4412 ταῦτα
3751 4363 3860 4414 ἁπ-

710 4463 800 4514 filii
833 4462 948 4528 ejus
977 4459 1274 4528 captivandi
1302 4468 1478 4511 essent
1511 4474 1539 4510 a
1578 4458 1901 4527 Babyloniis.

779 4631 971 4699 Cyrum
1019 4645 1227 4696 quoque
1281 4629 1558 4682 Persarum
1619 4645 1828 4697 regem,
1868 4639 1989 4698 post
2024 4641 2232 4685 centum

712 4729 763 4771 et
789 4716 1166 4784 quinquaginta
1184 4730 1353 4768 annos
1374 4715 1439 4768 ab
1464 4716 1577 4784 ejus
1612 4717 1856 4770 vati‘cinio
1879 4719 2233 4783 nasciturum,

714 4805 1122 4871 Babyloniorum
1171 4802 1446 4868 imperium
1492 4817 1734 4854 eversum
1769 4803 1842 4856 ire
1876 4806 2235 4870 prophetarit,

715 4904 764 4946 et
801 4893 1012 4946 .lulteos
1043 4907 1074 4943 a
1106 4890 1407 4957 captivitate
1451 4890 1560 4942 fore
1605 4907 1929 4944 reversuros.
1973 4890 2239 4944 Vaticina-

717 4992 800 5032 tus
833 4989 913 5030 est
949 4977 1223 5030 manifeste
1263 4977 1459 5040 etiam,
1506 4978 1645 5044 quod
1694 4978 1968 5030 restitutus
2016 4980 2240 5045 populus

715 5072 1047 5132 Judaaorum,
1092 5069 1278 5121 iterum
1335 5067 1620 5121 tradendus
1671 5077 1810 5118 esset
1853 5068 2142 5134 captivitati
2186 5069 2234 5120 in

715 5175 898 5211 omnes
941 5167 1149 5226 gentes,
1197 5168 1469 5226 propterea
1511 5157 1646 5225 quod
1685 5157 2053 5225 immorigerus
2096 5166 2239 5211 esset

719 5250 772 5300 in
790 5234 970 5299 humili
988 5247 1166 5299 habitu
1190 5247 1486 5300 advenienti
1506 5246 1733 5300 Christo.
1754 5246 2083 5312 Praedicavit,
2100 5246 2239 5315 quod

718 5337 959 5389 Christus
977 5344 1346 5404 assumptttrus
1364 5346 1504 5390 esset
1526 5344 1703 5404 gentes
1719 5352 1811 5403 per
1832 5335 1984 5388 fidem
2000 5337 2051 5387 in
2068 5336 2236 5398 illum,

722 5441 915 5495 easque
965 5419 1374 5490 ltonestaturus,
1435 5425 1706 5493 repudiato
1760 5428 1966 5494 ingrato
2002 5424 2090 5478 illo
2146 5440 2238 5492 p0-

787 5601 894 5668 (‘Jll
930 5598 1087 5678 Forte
1124 5599 1302 5654 αὐτοῦ.

2335 4451 2617 4518 αχθήσοιτο
2649 4449 2816 4501 σκύλα
2857 4447 3205 4517 γενησόμενα,
3237 4449 3330 4501 καὶ
3365 4449 3414 4501 οἱ
3456 4449 3618 4502 αὑτοῦ
3649 4450 3861 4518 ἔγγονοι

2336 4541 2668 4608 παράληπτοι
2697 4541 2804 4599 τοῖς
2837 4538 3186 4600 Βαϐυλωνίοις
3223 4540 3446 4592 εσονται.

2407 4629 2511 4679 Καὶ
2537 4628 2710 4693 Κῦρον
2732 4627 2820 4677 τὸν
2851 4627 3065 4694 Περσῶν
3095 4614 3335 4694 βασιλέα,
3371 4627 3504 4695 μετὰ
3529 4629 3862 4696 πεντήκοντα

2335 4717 2426 4768 καὶ
2456 4716 2644 4766 ἑκατὸν
2679 4715 2952 4777 ἐνιαυτοὺς
2988 4717 3083 4782 τῆς
3123 4711 3282 4765 αὑτοῦ
3315 4715 3644 4782 προφητείας
3685 4716 3866 4768 τίκτε-

2337 4806 2455 4856 σθαι
2487 4804 2739 4871 μέλλοντα
2761 4841 2774 4864 ,
2825 4803 3216 4869 καθαιρήσοντα
3247 4802 3343 4870 τὴν
3371 4800 3474 4852 τῶν
3512 4803 3864 4854 Βαϐυλωνίων

2337 4895 2505 4960 ἀρχὴν
2564 4891 2950 4960 προηγόρευσε,
3001 4891 3092 4941 καὶ
3145 4888 3217 4951 ὡς
3260 4889 3382 4950 τοὺς
3435 4890 3713 4952 Ἰουδαίους
3756 4892 3866 4942 ἀπὸ

2336 4983 2432 5050 τῆς
2481 4982 2846 5050 αἰχμαλωσίας
2894 4980 3144 5049 ἀνήσειν·
3199 4979 3270 5040 ὼς
3325 4979 3416 5031 καὶ
3467 4981 3782 5049 ἐπαναχθεὶς
3835 4984 3867 5032 ὸ

2352 5073 2612 5123 Ἰουδαίων
2643 5071 2763 5132 λαὸς
2799 5067 2947 5132 αὖθις
2998 5070 3333 5137 ὲκδοθήσοιτο
3360 5071 3424 5135 τῇ
3471 5072 3527 5121 ἐν
3556 5069 3720 5121 ἅπασι
3751 5071 3865 5129 τοῖς

2345 5159 2544 5209 ἔθνεσιν
2587 5157 2955 5226 αἰχμαλωσίᾳ,
3002 5158 3084 5209 διὰ
3121 5157 3179 5206 τὸ
3226 5157 3510 5223 ἀπειθῆσαι
3560 5159 3615 5208 ὲν
3662 5157 3866 5209 εὐτελεῖ

2346 5247 2576 5314 σχήματι
2623 5245 3032 5312 παραγινομένῳ
3069 5242 3310 5308 Χριστῷ,
3349 5243 3600 5311 ἐμφανῶς
3629 5245 3866 5310 προεφήο

2342 5352 2544 5386 τευσεν,
2599 5333 2685 5392 Ὠς
2720 5334 2783 5384 τὰ
2822 5332 2944 5398 ἔθνη
2979 5331 3337 5399 προσλήψεται
3375 5331 3619 5399 Χριστὸς,
3651 5327 3734 5380 διὰ
3765 5329 3867 5397 τῆς

2343 5427 2416 5487 εἰς
2447 5424 2600 5475 αύτδν
2628 5424 2875 5483 πίστεως,
2909 5423 3000 5472 καὶ
3027 5421 3265 5487 τιμήσει,
3295 5419 3388 5471 τοῦ
3420 5419 3706 5488 ἀχαρίστου
3736 5418 3866 5471 λαοῦ

2414 5592 2519 5660 (92)
2551 5589 2703 5646 Ferte
2728 5587 3305 5658 ὲπαναδεδραμηκότος.
