4102 6338
200 315 259 380 93
1318 318 1681 386 LIBELLUS
1716 324 2205 396 MEMORIALIS.
3283 349 3352 413 94

200 424 574 494 ἀποϐληθέντος
598 464 613 488 ,
646 423 925 493 ἐκήρυξεν.
987 422 1074 486 Ὦς
1128 424 1264 495 μετὰ
1309 428 1405 496 τήν
1446 432 1716 501 ἀποϐολὴν
1748 441 1779 492 Α

1773 448 1789 492 t
1820 438 1959 505 pulo.
2000 440 2192 499 Multas
2230 446 2395 517 edidit
2425 452 2731 519 prophetias
2766 454 2831 508 de
2859 470 2924 509 eo
2952 457 3091 524 quod
3122 469 3238 527 post
3267 478 3352 515 rc-

200 516 363 578 πάλιν,
387 516 413 565 ό
435 513 557 575 λαὸς
590 513 697 565 ἀπὸ
721 513 817 581 τῆς
842 513 947 565 τῶν
971 512 1139 566 ὲθνῶν
1167 515 1482 586 διασπορᾶς,
1507 520 1721 590 Χριστῷ

200 603 477 663 πιστεύσας
497 602 967 671 .ὲπαναχθήσεται,
1009 604 1105 663 τάς
1156 603 1285 673 πρὸς
1316 606 1440 668 τοὺς
1485 608 1722 677 πατέρας

198 692 388 757 ἀγαθὰς
420 691 740 760 ὑποσχέσεις
779 690 1145 760 πληρούμενος
1166 732 1180 756 ,
1217 693 1354 761 μετά
1388 694 1485 765 τὴν
1520 696 1721 749 ἔκτισιν

198 781 290 832 τῶν
317 780 400 832 διὰ
437 780 532 847 τὴν
559 781 638 840 εἰς
680 779 910 847 Χριστὸν
938 780 1140 848 τόλμαν
1184 782 1460 854 τιμωριῶν
1479 823 1494 848 ,
1524 785 1720 849 πολλὰς

198 870 513 938 προρρήσεις
556 868 785 932 ἐξεῖπεν.
831 868 945 919 Ἐπ’
984 867 1075 937 ἔτη
1115 869 1172 921 δι
1214 869 1404 924 ἑκατὸν
1436 874 1718 925 πεντεκαί-

197 958 311 1006 δεκα
356 956 767 1024 προφητεύσας,
810 956 912 1007 ὑπὸ
958 959 1218 1026 Μανασσῆ
1274 958 1366 1010 τοῦ
1422 959 1717 1028 βασιλέως,

196 1044 258 1105 ὡς
287 1046 315 1111 ή
348 1044 641 1111 παράδοσις
673 1044 803 1113 ἔχει,
832 1046 1080 1115 πρισθεὶς
1108 1048 1424 1115 ἀναιρεῖται.
1467 1049 1551 1112 Ὠς
1579 1051 1721 1104 δὲιτδ

197 1135 416 1203 γράμμα
453 1138 548 1205 τῆς
587 1138 917 1203 προφητείας
945 1140 1108 1192 αὐτοῦ
1143 1138 1310 1209 δηλοῖ,
1336 1139 1428 1193 ἐπὶ
1462 1142 1602 1195 ὀκτὼ
1630 1147 1719 1196 καὶ

196 1224 507 1295 ὁγδοήκοντα
530 1226 622 1295 ἐτη
651 1228 1063 1297 προεφήτευσεν.

197 1356 431 1409 ΚΕΦΑΛ.
460 1358 592 1423 οφ.
623 1388 688 1398 -
722 1358 859 1413 Τίνα
884 1361 1052 1413 ἐστὶν
1096 1360 1133 1415 d
1171 1363 1437 1433 Ἱερεμίας
1466 1367 1721 1436 προεφή-

415 1462 627 1511 τευσε,
661 1449 756 1501 καὶ
792 1453 1171 1519 προφητεύων
1200 1454 1494 1524 ὑπέμεινε.

252 1577 474 1646 Πρῶτον
520 1581 670 1647 ίσχὺς
718 1580 860 1648 αύτῷ
896 1581 1092 1634 δίδοται
1130 1584 1278 1651 παρά
1316 1584 1469 1650 Θεοῦ,
1499 1588 1633 1655 πρὸς
1660 1587 1719 1641 τὸ

193 1667 441 1720 δύνασθαι
506 1670 689 1736 φέρειν
740 1670 836 1731 τάς
886 1672 1003 1724 κατ’
1059 1672 1222 1725 αὑτοῦ
1258 1676 1576 1743 κινουμένας
1623 1678 1714 1729 τοῦ

194 1755 309 1806 λαοῦ
342 1756 568 1808 καὶτῶν
596 1757 865 1826 ἀρχόντων
895 1761 1306 1825 ἐπαναστάσεις,
1338 1764 1613 1833 προλέγων
1643 1767 1716 1834 τῷ

194 1844 293 1912 λαῷ
314 1845 381 1896 τὰ
422 1846 757 1913 ἐπερχόμενα
782 1847 867 1899 διὰ
897 1848 991 1917 τὴν
1020 1849 1297 1903 ἀπείθειαν
1321 1851 1487 1916 δεινά,
1522 1855 1616 1905 καὶ
1642 1856 1713 1925 μὴ

194 1936 586 2002 πιστευόμενος,
636 1936 868 2001 ὑπέμενε
898 1936 1033 1998 τέως
1075 1939 1232 2004 μόνος
1264 1941 1330 1991 τά
1356 1942 1580 2009 χαλεπά.
1613 1944 1715 1994 Εὐ·

192 2022 279 2089 χάς
305 2024 600 2091 προσάγειν
620 2025 695 2092 τῷ
723 2024 838 2092 Θεῷ
866 2026 971 2076 ἀπὸ
996 2026 1088 2076 τοῦ
1112 2028 1237 2079 λαοῦ
1272 2028 1607 2093 διεκωλύετο,
1641 2031 1714 2093 ὡς

190 2112 277 2161 οὐκ
318 2112 784 2179 ἀκουσθησόμενος
838 2112 922 2163 διὰ
971 2114 1030 2164 τὸ
1080 2114 1431 2182 ὑπερϐάλλειν
1477 2117 1573 2179 τάς
1621 2120 1714 2171 τοῦ

191 2199 363 2263 ἔθνους
394 2200 696 2270 ἁμαρτίας,
726 2203 819 2263 τὰς
845 2203 981 2268 ὑπὲρ
1016 2204 1189 2255 αὐτῶν
1207 2244 1221 2265 ,
1255 2204 1361 2256 τῶν
1389 2206 1558 2269 ἀγίων
1584 2223 1715 2275 πρε-

189 2290 382 2352 σϐείας.
414 2290 537 2341 Τῶν
564 2291 1013 2358 ψευδοπροφητῶν
1041 2293 1295 2345 τάναντία
1321 2294 1485 2363 αὐτῷ,
1533 2296 1622 2347 καὶ
1649 2297 1715 2351 τὰ

189 2379 312 2443 πρὸς
356 2379 647 2445 ἀρέσκειαν
683 2378 773 2429 τοῦ
825 2380 971 2445 λαιοῦ¹
1001 2383 1439 2451 προφητευόντων
1490 2386 1582 2437 καὶ
1624 2402 1713 2437 πι-

189 2468 515 2535 στευομένων
536 2508 549 2529 ,
570 2466 739 2536 ὓϐριν
771 2469 1025 2536 ὑπέμεινε
1048 2510 1062 2533 ,
1094 2470 1185 2521 καὶ
1219 2470 1466 2539 χαλεπῶς
1508 2474 1709 2538 ἠνιᾶτο.

188 2556 450 2624 Προῦλεγε
496 2557 590 2609 καὶ
624 2558 697 2618 ὡς
734 2558 761 2609 ὁ
800 2557 1009 2625 Ἰσραὴλ
1048 2558 1147 2625 τῆς
1187 2561 1483 2627 σωτηρίας,
1519 2563 1615 2629 τῆς
1639 2562 1713 2629 τῷ

186 2644 287 2713 λαῷ
315 2646 725 2714 ὑπεσχημένης,
768 2645 1154 2715 ἐκϐληθήσεται
1174 2686 1189 2710 ,
1217 2648 1309 2699 καὶ
1344 2648 1409 2700 τὰ
1438 2649 1559 2716 ἔθνη
1594 2650 1715 2701 ταύ-

185 2748 274 2799 της
336 2734 602 2799 τεύξεται.
665 2734 876 2795 Τύπους
933 2735 1413 2803 ὑποδειγματικοὺς
1453 2737 1712 2791 ἐθεάσατο

184 2823 280 2874 τῶν
311 2824 412 2891 μὲν
439 2822 534 2890 τὴν
563 2823 788 2891 παντελῆ
822 2823 1114 2893 διαφθορὰν
1155 2825 1247 2876 καὶ
1291 2825 1712 2894 ἀνεπίστρεπτον

187 2909 552 2978 ὑπομενόντων
587 2910 679 2961 τοῦ
724 2908 883 2974 λαοῦ,
928 2914 984 2962 ὲν
1026 2910 1102 2979 τῷ
1133 2914 1437 2982 κεραμείῳ,
1474 2915 1568 2967 τοῦ
1619 2933 1713 2969 πε.

188 3002 359 3062 σόντος
392 3001 634 3068 κεράμου
665 3002 757 3068 καὶ
788 3001 1156 3071 συντριϐέντος
1195 3003 1574 3073 δεικνυμένην·
1604 3008 1711 3064 τῶν
1733 3041 1779 3100 c

185 3087 234 3138 δὲ
269 3088 826 3158 ἀνακληθησομὲνων,
877 3094 934 3143 ὲν
982 3091 1059 3160 τῷ
1110 3093 1437 3147 ἀποπεσόντι
1493 3098 1554 3149 ὲκ
1606 3098 1711 3150 τῶν

187 3180 374 3250 χειρῶν
407 3180 500 3232 τοῦ
529 3181 813 3249 κεραμέως
847 3178 953 3232 ἀπὸ
986 3181 1077 3232 τοῦ
1112 3182 1339 3250 ὀργάνου
1373 3185 1585 3250 σκεύει,
1619 3188 1711 3239 καὶ

186 3270 337 3321 πάλιν
368 3270 730 3336 ἀναληφθέντι
757 3270 845 3320 ὑπ’
868 3270 1031 3322 αὑτοῦ
1060 3270 1153 3322 τοῦ
1178 3272 1425 3339 ἐδάφους,
1458 3277 1550 3327 καὶ
1583 3278 1709 3329 ἀνα-

185 3358 488 3410 πλασθιντι.
531 3355 743 3409 Βασιλεῖ
766 3358 855 3409 τοῦ
906 3359 1068 3411 Ἰούδα
1106 3360 1182 3428 τῷ
1224 3362 1460 3429 Ἰωάχαζ,
1504 3364 1577 3425 ὡς
1608 3364 1711 3431 πρὸ

186 3445 307 3506 ὲνῶς
342 3446 457 3513 (93)
492 3444 827 3513 αἰχμάλωτος
853 3446 1031 3513 ἀχθεὶς
1066 3446 1168 3515 πρὸ
1196 3447 1288 3499 τοῦ
1330 3449 1669 3502 Βαϐυλωνίου
1691 3490 1706 3515 ,

187 3535 398 3600 καὶτῆς
445 3532 716 3601 βασιλείας
754 3534 1025 3597 παντελῶς
1056 3537 1384 3591 ἐκπεσεῖται.
1428 3538 1584 3591 Ἀλλὰ
1618 3542 1709 3593 καὶ

185 3619 252 3685 τῷ
280 3621 506 3689 Σεδεκίᾳ
550 3622 871 3687 προέλεγεν,
913 3623 985 3684 ὡς
1020 3624 1302 3687 πανέστιος
1334 3628 1571 3695 αἰσχρῶς
1618 3630 1710 3700 τὴν

187 3709 367 3760 εαυτοῦ
399 3710 757 3775 καταστρέψει
789 3709 1075 3779 βασιλείαν.
1106 3714 1213 3765 Kai.
1237 3715 1332 3782 τὴν
1362 3717 1709 3773 Βαϐυλωνίων

185 3800 345 3867 ἀρχὴν
422 3799 559 3866 μετά
596 3798 637 3849 o'
678 3800 775 3867 ἔτη
841 3801 937 3867 τῆς
977 3802 1070 3853 τοῦ
1139 3804 1381 3869 Ἰεχονίου
1424 3806 1705 3874 ἀποικίας,

186 3889 665 3957 καθαιρεθήσεσθαι
710 3892 1103 3958 προεφήτευσε,
1152 3884 1364 3943 καὶτὸν
1404 3893 1530 3946 λαδν
1574 3898 1709 3963 μετά

183 3976 273 4039 τήν
300 3975 407 4043 τῆς
438 3974 707 4045 βασιλείας
738 3977 1200 4045 ὲπαναχθήσεσθαι
1227 3979 1557 4049 καθαίρεσιν.
1586 3985 1709 4047 Τοῖς

187 4062 311 4128 μετά
338 4064 439 4114 τοῦ
480 4063 723 4131 Ἰεχονίου
759 4066 837 4123 εἰς
875 4065 972 4133 τὴν
999 4065 1334 4118 Βαϐυλωνίαν
1377 4070 1707 4124 ἀποικισθεῖ-

186 4167 291 4212 σιν,
343 4152 454 4202 ὑπὸ
480 4151 930 4220 ψευδοπροφητῶν
967 4155 1332 4224 ἀπατωμένοις
1360 4197 1373 4219 ,
1412 4158 1487 4220 ὡς
1541 4162 1703 4212 ἐπαν-

186 4241 504 4309 αχθήσονται
552 4242 648 4310 τὴν
691 4242 964 4312 ταχίστην,
987 4245 1266 4297 ἐπέστελλε
1316 4248 1386 4317 μὴ
1435 4250 1707 4305 πείθεσθαι

1821 530 2062 597 pudium.
2109 534 2297 589 iterum
2332 542 2559 607 populus
2608 558 2639 597 a
2676 545 3009 613 dispersione
3054 549 3105 600 in
3147 561 3347 617 gentes,

1819 618 2033 674 Christo
2062 624 2303 689 credens,
2332 630 2688 696 revocabitur,
2716 632 3014 702 adimpletis
3044 636 3197 689 bouis
3228 651 3351 703 pro-

1820 708 2171 766 missionibus
2215 730 2333 782 quae
2372 718 2435 769 ad
2468 726 2643 785 patres
2686 719 2838 774 facta
2876 732 3022 786 sunt,
3070 732 3350 792 postquam

1820 814 2005 867 poenas
2039 803 2195 857 luerit
2233 806 2516 860 criminum
2554 824 2671 875 quae
2708 821 2894 864 contra
2931 811 3200 867 Christum
3243 830 3356 882 per-

1818 898 2025 956 petrare
2078 908 2243 947 ausus
2306 895 2426 950 fuit.
2486 898 2619 951 Cum
2660 914 2817 967 porro
2869 903 3240 970 prophetasset
3286 906 3353 957 ad

1819 992 1987 1033 annos
2041 994 2254 1035 centum
2288 985 2625 1052 quindecim,
2670 988 2767 1040 sub
2801 972 3042 1043 Manasse
3082 1006 3237 1059 rege,
3296 1002 3354 1046 ut

1818 1062 2033 1124 traditio
2058 1071 2235 1137 habet,
2258 1089 2404 1128 serra
2434 1087 2611 1131 sectus
2633 1094 2662 1131 e
2682 1079 2856 1134 medio
2886 1081 3105 1135 tollitur.
3131 1083 3351 1137 Verum-

1818 1162 1993 1210 tamen
2025 1168 2083 1212 ut
2115 1161 2288 1214 littera
2316 1164 2609 1231 prophetia:
2634 1166 2752 1233 ejus
2773 1167 3026 1235 declarat,
3057 1170 3122 1224 ad
3150 1178 3273 1224 octo
3297 1178 3351 1224 et

1819 1250 2087 1317 octoginta
2117 1266 2286 1305 annos
2315 1253 2666 1320 prorihetavit.

1818 1378 1966 1433 CAP.
2011 1376 2242 1433 LXXVI.
2274 1411 2342 1422 —
2375 1380 2501 1444 Qua:
2539 1393 2655 1435 sunt
2703 1382 2941 1436 Ieremia
2982 1388 3262 1452 vaticinia,
3298 1397 3347 1442 et

1990 1464 2250 1515 quamam
2282 1452 2414 1503 inter
2449 1452 2850 1517 pronhetaudum
2880 1456 3144 1508 sustinuit.

1890 1576 2070 1631 Primo
2098 1579 2262 1632 robur
2294 1582 2341 1634 ei
2380 1583 2534 1635 datur
2562 1598 2591 1636 a
2620 1582 2746 1649 Deo,
2777 1598 2880 1652 quo
2906 1591 3082 1652 posset
3111 1584 3348 1653 perferre

1820 1667 2188 1734 aggressiones
2229 1668 2282 1722 in
2321 1685 2442 1723 eum
2495 1676 2755 1725 excitatas
2802 1687 2831 1725 ο
2866 1675 3063 1741 populo
3101 1683 3155 1727 et
3201 1677 3349 1743 prin-

1816 1756 2050 1821 cipibus,
2085 1757 2374 1823 praedicens
2405 1760 2600 1826 populo
2628 1760 2921 1813 obventura
2964 1761 3097 1814 mala
3130 1771 3347 1830 propter

1817 1842 2246 1899 inobedicntiam.
2275 1846 2342 1897 At
2374 1862 2493 1900 cum
2522 1846 2570 1899 ei
2600 1861 2704 1899 non
2734 1847 3059 1911 crederetur,
3095 1851 3349 1904 sustinuit

1816 1931 2014 1985 interea
2055 1935 2200 1987 solus
2230 1934 2585 1988 incommoda.
2630 1936 3011 1989 Prohibebatur
3045 1952 3226 2005 preces
3265 1936 3347 1990 oi-

1815 2020 1952 2073 ferre
1997 2021 2101 2073 Deo
2156 2036 2249 2089 pro
2283 2024 2511 2090 populo,
2565 2025 2762 2092 quippe
2813 2041 2916 2077 non
2961 2026 3340 2088 exauditurus,

1813 2122 1932 2160 cum
1978 2108 2194 2159 modum
2247 2123 2459 2161 omnem
2512 2112 2827 2164 excederent
2865 2112 3041 2177 populi
3096 2120 3341 2181 peccata,

1815 2196 2224 2251 intercessiones
2251 2208 2556 2252 sanctorum
2583 2215 2679 2267 pro
2712 2201 2835 2263 illis.
2861 2201 2991 2254 Cum
3020 2202 3345 2269 pseudopro-

1812 2286 1984 2352 phetae
2016 2272 2281 2339 contraria
2321 2288 2443 2350 sibi,
2489 2289 2597 2340 imo
2646 2304 2706 2342 ea
2761 2290 2879 2357 quae
2930 2291 3126 2358 populo
3172 2291 3345 2355 place—

1812 2376 1940 2427 bant
1962 2374 2395 2437 vaticinarentur,
2422 2377 2610 2442 eisque
2638 2376 2767 2431 lides
2799 2378 3081 2430 haberetur
3106 2416 3121 2439 ,
3157 2385 3343 2431 contu-

1813 2463 2023 2516 meliam
2060 2464 2348 2525 sustinuit,
2398 2463 2812 2532 tristissimeque
2854 2466 3166 2534 angebatur.
3207 2466 3347 2519 Prat-

1811 2554 1941 2608 dixit
1968 2554 2122 2607 etiam
2168 2555 2306 2622 quod
2338 2554 2497 2607 Israel
2546 2556 2814 2609 excideret
2849 2570 2889 2617 ,ε
2929 2556 3099 2609 salute
3148 2558 3343 2623 populo

1812 2644 2105 2712 promissa,
2156 2659 2315 2712 quam
2344 2653 2525 2712 gentes
2571 2655 2749 2697 essent
2782 2652 3161 2698 consecutum.
3197 2645 3341 2697 Con-

1812 2734 2095 2801 templatus
2118 2743 2198 2785 est
2217 2731 2417 2787 formas
2441 2735 2947 2800 prtemoustrativas,
2974 2735 3085 2789 sive
3108 2734 3341 2787 subeun-

1810 2824 1942 2876 tium
1980 2836 2011 2876 ε
2042 2822 2235 2890 populo
2282 2823 2642 2887 omnimodam
2688 2824 3191 2892 irrevocabilemque
3223 2838 3343 2890 per-

1811 2913 2093 2973 ditionem,
2140 2912 2192 2963 in
2242 2911 2416 2979 ﬁglina
2468 2927 2656 2980 nempe
2700 2922 3081 2979 praeostensam
3142 2927 3169 2966 a
3206 2921 3342 2965 testa

1813 3002 1952 3069 lapsa
1978 3009 2032 3054 et
2056 3000 2358 3065 confracta;
2386 3001 2498 3055 sive
2522 3014 2706 3053 eorum
2733 3002 2824 3069 qui
2857 3000 3136 3054 revocandi
3167 3010 3338 3061 erant,

1810 3090 1863 3143 in
1916 3104 1980 3143 eo
2035 3092 2150 3156 ipso
2182 3104 2305 3142 vase
2341 3089 2482 3156 quod
2536 3090 2737 3143 excidit
2786 3093 2850 3142 ab
2885 3090 3237 3142 instrumento
3274 3089 3341 3142 de

1810 3194 1968 3233 manu
2001 3178 2165 3247 ﬁguli,
2220 3194 2547 3245 rursumque
2577 3182 2643 3231 ab
2671 3193 2735 3232 eo
2764 3179 2829 3232 de
2869 3180 3032 3231 humo
3063 3186 3337 3246 acceptum

1809 3276 1862 3319 et
1893 3265 2235 3320 reformatum
2283 3268 2328 3297 “
2365 3277 2463 3320 est.
2516 3267 2766 3320 Praedixit
2798 3266 3029 3320 Joachaz
3069 3268 3175 3333 regi
3206 3266 3336 3319 Inda

1808 3356 1899 3424 qui
1935 3356 2175 3422 captivus
2202 3354 2394 3409 ductus
2423 3363 2504 3408 est
2538 3369 2566 3405 a
2597 3353 2921 3425 BabyIOnio‘,
2952 3354 3186 3407 futurum
3223 3368 3338 3406 om-

1810 3445 1935 3497 nino
1975 3452 2031 3498 ut
2067 3444 2269 3512 integro
2317 3459 2483 3511 regno
2522 3445 2807 3497 excideret.
2870 3442 3121 3495 Praedixit
3177 3442 3335 3493 etiam

1810 3532 2059 3599 Setlecite,
2096 3534 2235 3603 quod
2262 3534 2518 3602 inglorius
2548 3549 2665 3586 cum
2698 3534 2940 3585 universa
2974 3532 3132 3584 domo
3178 3546 3337 3585 suum

1809 3623 2049 3691 perderet
2086 3637 2325 3690 regnum.
2378 3620 2547 3675 Etiam
2593 3620 2997 3689 Babyloniorum
3054 3620 3336 3687 imperium

1808 3721 1927 3779 post
1970 3712 2034 3764 70
2078 3726 2248 3765 annos
2304 3725 2333 3775 a
2369 3709 2837 3777 transmigratione
2884 3706 3157 3761 Jcehoniae
3193 3722 3341 3759 ever‘

1808 3780 2021 3853 tendunt
2060 3799 2393 3867 prophetavit
2436 3800 2481 3830 ”
2520 3817 2533 3851 :
2579 3806 2633 3851 et
2683 3797 2959 3864 pupulum,
3006 3810 3192 3847 everso
3222 3795 3336 3862 jam

1807 3890 1992 3957 regno,
2025 3890 2077 3940 in
2108 3904 2258 3942 suam
2296 3888 2520 3955 patriam
2556 3888 2916 3949 revocandum
2954 3883 3086 3937 fore.
3124 3883 3202 3935 Ad
3242 3898 3340 3936 eos

1806 3979 1895 4046 qui
1924 3993 2044 4031 cum
2074 3974 2326 4031 Jecinonia
2354 3977 2405 4028 in
2430 3974 2771 4044 Babyloniam
2802 3973 3337 4041 transmigravcruut,

1806 4077 1858 4123 et
1879 4083 1909 4121 a
1937 4067 2083 4121 falsis
2114 4065 2384 4134 prophetis
2417 4064 2835 4132 decipiebautur,
2861 4061 3016 4129 quasi
3046 4062 3139 4129 qui
3174 4075 3335 4127 quam

1806 4157 2060 4214 citissime
2083 4156 2135 4209 in
2161 4154 2382 4223 patriam
2403 4160 2580 4207 essent
2609 4152 2912 4212 revocandi,
2937 4150 3139 4203 litteras
3166 4148 3331 4210 misit,

1810 4254 1867 4298 ut
1897 4259 1959 4297 ne
1988 4242 2263 4295 crederent
2289 4241 2411 4303 illis,
2446 4240 2536 4293 sed
2570 4245 2946 4308 exspectarent
2972 4251 3064 4291 eos
3100 4252 3329 4304 quoque.

186 4332 415 4391 τούτοις,
462 4332 571 4381 ἀλλ’
615 4331 924 4399 ἐκδέχεσθαι
973 4334 1064 4386 καὶ
1116 4337 1235 4397 τοὺς
1283 4338 1337 4387 ὲν
1364 4340 1429 4404 τῇ
1483 4338 1703 4408 Ἰουδαίᾳ
1738 4339 1777 4391 D

1773 4353 1777 4376 ›
1805 4332 1894 4398 qui
1921 4333 1972 4383 in
2000 4330 2185 4383 Judzea
2213 4343 2333 4381 cum
2361 4328 2579 4382 Sedccia
2613 4334 2997 4392 remanserant,
3026 4327 3185 4381 simul
3212 4342 3333 4378 cum

186 4422 311 4483 μετά
347 4418 449 4469 τοῦ
489 4418 732 4471 Σεδεκίω
773 4424 1156 4490 μεμενηκότας,
1191 4425 1303 4490 ἄμα
1329 4426 1506 4488 αὐτοῖς
1548 4428 1704 4478 ἀποι-

183 4507 543 4576 κισθήσεσθαι.

181 4641 420 4694 ΚΕΦΔΛ.
454 4640 567 4695 ΟΖ’.
601 4672 664 4682 -
698 4641 836 4695 Τίνα
864 4642 1029 4762 ea?»
1055 4643 1093 4696 ἄ
1124 4646 1564 4714 προεφήτευσεν
1595 4651 1700 4701 Σο-

831 4727 941 4762 cor
965 4729 1052 4762 ac.

828 4727 1052 4779 φονίας.

256 4840 338 4900 Ὠς
364 4842 697 4913 νέκκάθαρσις
729 4846 818 4911 τῆς
852 4844 1036 4906 κακίας
1063 4848 1364 4914 γενήσεται.
1533 4851 1564 4917 ή
1607 4852 1725 4902 'Ia-‘

1798 4420 1903 4474 illis
1936 4421 1986 4473 in
2017 4420 2546 4487 transmigrationem
2576 4418 2934 4485 deportandos

1796 4653 1941 4705 CAP.
1993 4649 2244 4706 LXXVII.
2286 4684 2344 4693 —
2402 4655 2530 4717 Qua:
2572 4664 2687 4707 sunt
2732 4654 2977 4708 vaticinia
3032 4653 3327 4721 Supltouiw.

1862 4847 2012 4913 Quod
2054 4848 2365 4915 expurgatio
2410 4842 2703 4915 iniquitatis
2737 4848 2824 4901 [iet
2873 4867 2885 4900 :
2933 4850 3075 4916 quod
3112 4848 3327 4903 Jerusa-

187 4932 456 4998 ρουσαλὴμ
495 4936 563 4983 τά
613 4936 923 4986 Χαναναίων
964 4936 1242 5004 πράξασα.
1280 4938 1347 4987 τά
1386 4940 1695 4990 Χαναναίων

1793 4937 1893 4988 leui
1924 4952 2039 5002 qua:
2068 4936 2395 4988 Chauanams
2430 4950 2588 5003 opere
2624 4936 2823 4988 imitata
2852 4946 2951 4998 est,
2992 4936 3325 4995 Chananeu-

187 5019 440 5069 τεεί-σεται.
474 5020 627 5072 Κοιτά
666 5022 770 5072 τῶν
830 5021 995 5072 ἐθνῶν
1048 5024 1290 5089 προλέγει
1339 5026 1446 5074 τῶν
1494 5028 1693 5078 ἐπανα-

186 5106 410 5157 στάντων
452 5106 528 5173 τῷ
578 5108 722 5177 λαῷ,
753 5110 825 5186 ὡς
866 5112 1347 5178 τιμωρηθήσονται.
1404 5114 1508 5166 Καὶ
1560 5116 1694 5169 κατὰ

184 5196 268 5255 τῆς
289 5196 497 5259 Νινευὶ,
525 5196 597 5257 ὡς
625 5200 915 5265 ἐπαρθεῖσα
953 5200 1426 5269 κατενεχθήσεται.

246 5414 287 5443 ⁸³
320 5412 523 5467 .lcrem.
560 5429 711 5475 xvm,
741 5430 845 5467 χιι.
923 5419 965 5449 ⁸³
993 5418 1185 5473 Jeretu.
1222 5436 1339 5471 xxv.

1798 5039 1913 5075 rum
1954 5025 2207 5075 sortietur
2233 5034 2511 5091 eventum._
2551 5025 2745 5079 Contra
2786 5035 2966 5094 gentes
3009 5040 3124 5090 qua:
3162 5040 3329 5090 pepu-

1796 5112 1902 5164 lum
1938 5114 2285 5181 appetebant,
2329 5116 2563 5181 praidicit
2603 5117 2653 5166 in
2700 5129 2789 5165 eas
2835 5129 2953 5165 esse
2992 5113 3325 5166 animadver-

1773 5198 2021 5257 ‘temlum'
2056 5223 2071 5259 :
2104 5215 2154 5259 et
2189 5206 2254 5260 de
2290 5204 2477 5258 Ninive
2506 5204 2595 5268 ait,
2636 5202 2777 5271 quod
2806 5202 3035 5258 cxaltala
3070 5204 3320 5257 humilia—

1796 5292 1956 5357 bitur,

246 5563 353 5631 (π)
395 5564 517 5619 [hcc
569 5565 725 5619 verba
765 5563 967 5621 Fabric.
1014 5568 1389 5639 interpretatur
1445 5581 1562 5625 ante
1602 5574 1745 5631 breve
1785 5581 1997 5641 tempus.
