4102 6338
672 397 740 458 95
2133 388 2429 448 JOSEPPI
2525 408 2529 412 ’

3771 390 3842 453 96

670 508 818 563 CAP.
867 506 1141 561 LXXVIII.
1181 536 1247 546 —
1294 508 1542 571 Quanam
1589 505 1906 575 prophetavit
1951 504 2189 573 Aggcus.

2292 503 2539 557 ΚΕΦΔΔ.
2586 502 2709 557 OH'.
2759 531 2826 543 -—
2876 503 3009 555 Τίνα
3056 470 3500 568 προεφήτευσεν
3552 500 3834 569 Ἀγγαῖος.

738 637 863 689 Post
914 639 1138 691 reditum
1189 638 1365 706 populi
1416 651 1446 689 e
1486 635 1822 704 captivitate,
1871 634 2195 702 prophetam

670 726 847 793 culpat
880 742 1138 789 reversos,
1167 735 1442 794 propterea
1463 727 1603 794 quod
1625 726 1979 793 negligentius
2009 738 2196 793 aggre-

668 816 919 868 derentur
948 816 1124 883 templi
1162 816 1567 868 mditlcationem
1590 801 1839 881 ,eosque
1881 813 2195 867 adhortatur

669 914 727 957 ut
769 905 815 957 ei
847 919 1059 957 manum
1112 903 1443 957 admoveant.
1484 902 1797 958 Zorobabeli
1835 911 1887 957 et
1929 902 2053 958 Jesu
2086 904 2193 957 ﬁlio

665 992 887 1046 J‘isedec
936 993 1160 1047 ducibus
1204 993 1380 1061 populi
1418 993 1755 1056 vaticinatur,
1793 994 1933 1059 quod
1966 994 2194 1047 habeant

670 1083 828 1136 Deum
859 1084 1191 1136 assistentem
1227 1082 1327 1134 sibi
1362 1092 1467 1134 tam
1501 1083 1551 1134 in
1595 1083 1773 1151 templi
1815 1084 2189 1148 azdillcatione,

664 1187 821 1238 quam
852 1172 901 1223 in
931 1172 1108 1239 populi
1149 1171 1420 1239 regimiue.
1459 1170 1593 1225 Cum
1628 1172 1995 1225 sacerdotibus
2031 1172 2190 1225 etiam

665 1263 953 1325 contendit,
993 1262 1131 1329 quod
1178 1261 1316 1315 bona
1351 1277 1509 1329 opera
1542 1262 2043 1317 sanctiﬁcationem.
2085 1276 2190 1315 non

666 1362 788 1400 vero
820 1362 1093 1401 sacrorum
1132 1348 1373 1402 ciborum
1400 1363 1526 1402 esus
1552 1357 1785 1416 praestet.

726 1542 871 1596 CAP.
910 1540 1141 1595 LXXIX.
1181 1572 1249 1580 —
1290 1543 1417 1606 Quae
1443 1546 1760 1612 praphetavit
1806 1544 2116 1601 Zacharias.

727 1651 781 1703 In
822 1652 1131 1705 memoriam
1169 1662 1382 1706 revocat
1411 1654 1571 1719 impia
1612 1653 1846 1706 facinora
1880 1657 2199 1723 progenito-

661 1755 777 1792 rum
809 1741 1005 1807 populi,
1035 1756 1127 1809 per
1155 1758 1273 1809 qua:
1300 1742 1444 1794 ducti
1476 1742 1686 1795 fuerant
1723 1744 1775 1795 in
1808 1745 2187 1811 captivitatem.

2359 632 2510 685 Μετά
2534 632 2631 702 τὴν
2658 631 2911 683 ἐπάνοδον
2932 630 3035 703 τοῦ
3064 628 3213 693 λαοῦ,
3237 627 3334 695 τὴν
3362 627 3469 680 ἀπὸ
3506 627 3602 694 τῆς
3635 630 3808 695 αἰχμα

2290 723 2509 785 λυσίας,
2538 720 2890 789 προφητεύων
2917 720 3152 772 αἰτιᾶται
3186 720 3295 778 τοῖς
3326 716 3728 778 ἐπανελθοῦσιν,
3756 719 3835 770 ὅτι

2295 812 2657 883 ῥᾳθυμότερον
2701 809 3093 877 προσφέρονται
3125 809 3189 876 τῇ
3228 806 3321 858 τοῦ
3367 805 3495 859 ναοῦ
3544 806 3832 875 οἰκοδομῇ,

2293 901 2382 952 καὶ
2412 898 2773 969 προτρέπεται
2801 897 3002 963 ταύτης
3035 894 3271 964 ἐχεσθαι.
3303 895 3391 963 Τῷ
3420 912 3477 947 τε
3506 895 3826 964 Ζοροῦάὁε).,

2292 993 2385 1043 καὶ
2415 986 2490 1058 τῷ
2537 991 2630 1043 τοῦ
2680 989 2919 1043 Ἰωσεδὲκ
2962 988 3135 1057 Ἰησοῦ
3166 992 3277 1051 τοῖς
3304 989 3396 1041 τοῦ
3438 989 3568 1043 λαοῦ
3600 990 3833 1062 ήγεμόσι

2292 1081 2635 1148 προφητεύει,
2668 1079 2743 1141 ὡς
2782 1080 2961 1148 ἔχουσι
2991 1079 3080 1130 τὸν
3116 1078 3249 1130 Θεὸν
3287 1078 3615 1147 προστάτην,
3654 1081 3743 1131 ἐπί
3772 1094 3832 1131 τι

2290 1172 2354 1239 τῇ
2390 1167 2479 1220 τοῦ
2512 1165 2639 1221 ναοῦ
2686 1168 2937 1237 οἰκοδομῇ
2983 1168 3076 1219 καὶ
3119 1170 3185 1235 τῇ
3224 1166 3319 1219 τοῦ
3351 1166 3481 1218 λαοῦ
3520 1167 3829 1237 ἐπιστασίᾳ.

2292 1260 2398 1311 Kal.
2435 1257 2568 1327 πρὸς
2588 1258 2713 1318 τοὺς
2748 1260 2909 1325 ἱερεῖς
2940 1257 3314 1319 ἀποτείνεται,
3341 1256 3416 1319 ὡς
3452 1258 3483 1325 ἡ
3511 1256 3832 1326 δικαιοπρα-

2291 1348 2381 1415 γία
2411 1348 2497 1400 τὸν
2529 1347 2815 1415 ἀγιασμδν,
2840 1348 2937 1416 οὐχ
2965 1348 2998 1415 ή
3029 1348 3138 1400 τῶν
3166 1347 3323 1415 ἱερῶν
3359 1348 3659 1417 βρωμάτων
3695 1349 3830 1418 βρῶο

2292 1454 2373 1498 σις
2406 1438 2719 1504 παρέχεται.

2290 1546 2534 1597 ΚΕΦΑΛ.
2573 1543 2691 1596 ΟΘ’.
2734 1574 2803 1584 —-
2850 1549 2983 1599 Τίνα
3027 1546 3475 1615 προεφήτευσε)-
3514 1548 3827 1615 Ζαχαρίας.

2372 1654 2702 1721 ’Υπόμνησιν
2736 1658 2968 1707 ποιεῖται
3008 1655 3114 1708 τῶν
3143 1659 3479 1725 προγονικῶν
3510 1659 3829 1712 δυσσεδειῶν

2290 1744 2383 1795 τοῦ
2434 1744 2596 1805 λαοῦ,
2630 1744 2696 1795 δι’
2746 1744 2811 1806 ἃς
2853 1746 3172 1815 ἀπήχθησαν
3201 1749 3281 1808 εἰς
3326 1749 3723 1829 αἰχμαλωσίαν.
3750 1751 3832 1801 Δι’

662 1829 761 1882 Per
790 1831 959 1883 visum
1010 1845 1115 1897 quo
1165 1830 1369 1898 species
1399 1847 1657 1899 equorum
1689 1834 1876 1897 crevit,
1911 1845 1963 1888 et
2005 1851 2191 1889 ascen-

2289 1832 2548 1894 ὀπτασίας
2603 1832 2702 1898 τῆς
2752 1832 2863 1885 τῶν
2917 1835 3098 1887 ἵππων
3157 1824 3363 1898 είδέας,
3424 1839 3515 1889 καὶ
3575 1839 3829 1892 ἐπισάτου

662 1920 798 1973 soris
852 1919 994 1986 equi,
1058 1919 1280 1973 intuitus
1325 1927 1408 1973 est
1445 1935 1561 1971 eam
1614 1935 1795 1973 curam
1847 1924 2023 1991 populi
2074 1916 2209 1991 post

662 2006 909 2071 reditum,
944 2023 1103 2076 quam
1142 2008 1313 2077 angeli
1367 2009 1650 2062 habebant.
1710 2009 1848 2063 Vidit
1891 2013 2048 2063 etiam
2099 2013 2193 2066 de-

660 2099 1000 2151 strnctionem
1027 2106 1258 2165 quatuor
1284 2113 1587 2166 regnorum,
1619 2115 1737 2168 qua:
1774 2101 2025 2167 populum
2060 2118 2192 2169 pra:-

662 2187 741 2239 Iiis
764 2187 1114 2253 iutpetierant,
1147 2186 1197 2238 in
1224 2197 1452 2253 quatuor
1470 2189 1744 2251 cornibus,
1768 2198 1820 2241 et
1842 2204 1935 2255 per
1958 2198 2191 2257 quatuor

661 2274 890 2328 artiﬁces
914 2274 1168 2327 futuram.
1200 2274 1379 2327 Crevit
1405 2286 1455 2327 et
1479 2276 1864 2346 Hierosolyma
1894 2278 2186 2345 perfectum

660 2364 912 2416 divinitus
941 2364 1270 2416 elaboratum
1300 2366 1603 2431 :edillcium,
1636 2366 1981 2435 futurumque
2008 2371 2188 2438 populi

578 2516 583 2521 ν
661 2456 883 2507 reditum
916 2470 977 2507 ex
1006 2455 1354 2521 dispersione.
1388 2455 1539 2520 Quod
1560 2459 1719 2509 etiam
1752 2459 2050 2527 insurgeret
2082 2461 2190 2513 dia-

659 2545 811 2597 bolus
840 2552 1025 2596 contra
1052 2544 1232 2597 Jesum
1265 2545 1427 2597 lilium
1459 2543 1684 2600 Josedec
1714 2549 2066 2612 sacerdotem,
2098 2550 2186 2617 qui

659 2643 771 2686 erat
808 2644 963 2702 typus
1002 2634 1211 2687 Domini
1259 2636 1426 2688 nuSLri
1460 2634 1584 2689 Jcsu
1636 2639 1901 2704 pontilicis
1933 2639 2184 2704 caelestis.

660 2722 813 2776 Videt
833 2700 892 2775 et
936 2723 1145 2775 ruinam
1174 2724 1392 2788 diaboli,
1436 2740 1554 2792 ιιιιω
1582 2700 1807 2794 contigit
1844 2728 1913 2781 ob
1954 2700 2185 2781 divinam

659 2812 1159 2881 increpationem".
1198 2813 1540 2881 Perjurorum
1588 2815 1955 2869 omnimodum
2004 2816 2188 2870 interi-

659 2914 769 2956 tum
816 2904 1203 2970 contemplatus
1231 2913 1343 2966 est,
1385 2912 1438 2955 et
1480 2903 1763 2969 impiorum
1796 2905 2184 2958 demersionem

2292 1920 2477 1981 ἵππου,
2514 1919 2612 1986 τὴν
2656 1921 3023 1989 γεγενημένην
3068 1922 3135 1973 δι’
3162 1922 3407 1989 ἀγγέλων
3427 1961 3442 1985 ,
3469 1926 3569 1997 δρᾷ
3613 1926 3710 1995 τὴν
3734 1925 3829 1978 τοῦ

2290 2005 2437 2068 λαοῦ,
2469 2007 2604 2074 μετὰ
2636 2008 2732 2076 τὴν
2765 2008 3020 2061 ἐπάνοδον
3054 2008 3396 2078 κηδεμονίαν,
3442 2012 3545 2077 καὶ,
3571 2012 3677 2065 τῶν
3703 2028 3834 2064 τεσυ-

2291 2101 2467 2165 σάρων
2497 2096 2780 2164 βασιλειῶν
2804 2097 2911 2149 τῶν
2946 2098 3433 2167 ἐκπολεμησάντων
3460 2099 3570 2167 (94)
3595 2101 3685 2151 τὸν
3705 2100 3831 2152 λαὸν

2287 2186 2384 2253 τὴν
2430 2185 2742 2254 καθαίρεσιν
2771 2186 2906 2255 ὁρᾷ,
2944 2186 3000 2237 ἐν
3028 2188 3284 2256 τέσσαρσι
3318 2187 3539 2256 κέρασι,
3587 2187 3673 2238 διὰ
3700 2202 3826 2238 τεσ-

2289 2275 2465 2345 σάρων
2492 2274 2753 2326 τεκτόνων
2778 2276 3162 2343 γενησομένην.
3210 2276 3344 2344 Ὁρᾷ
3372 2276 3463 2327 καὶ
3496 2275 3593 2343 τῆς
3632 2276 3831 2343 Ἰερου-

2290 2364 2467 2432 σαλὴμ
2495 2364 2593 2432 τὴν
2624 2364 2803 2431 ἐντελῆ
2847 2363 2992 2414 θείαν
3018 2363 3344 2431 οἰκοδομίαν,
3377 2364 3466 2414 καὶ
3509 2364 3605 2433 τὴν
3639 2366 3702 2415 ἐκ
3729 2363 3831 2432 τῆς

2288 2454 2583 2520 διασπορᾶς
2616 2451 2708 2502 τοῦ
2736 2452 2864 2503 λαοῦ
2894 2452 3145 2504 ἐπάνοδον
3172 2451 3556 2520 γενησομένην,
3610 2452 3701 2505 καὶ
3730 2451 3829 2523 τὴν

2286 2542 2650 2595 ἐπανάστασιν
2696 2541 2788 2594 τοῦ
2843 2541 3123 2604 διαόόλου,
3182 2541 3281 2610 τὴν
3331 2542 3470 2593 κατὰ
3518 2540 3691 2610 Ἰησοῦ
3733 2541 3828 2594 τοῦ

2300 2632 2539 2683 Ἰωσεδὲκ
2585 2631 2907 2699 ἀρχιερέως,
2956 2631 3013 2692 ὃς
3059 2631 3149 2699 καὶ
3178 2626 3245 2699 ἦν
3286 2629 3376 2681 τοῦ
3424 2630 3627 2699 Κυρίου
3673 2629 3831 2697 ήμῶν

2299 2721 2464 2787 Ἰησοῦ
2494 2720 2586 2771 τοῦ
2620 2720 2864 2788 οὐρανίου
2897 2720 3191 2787 ἀρχιερέως
3220 2717 3407 2779 τύπος.
3451 2717 3580 2787 Ὁρᾷ
3609 2718 3698 2769 καὶ
3730 2717 3830 2788 τὴν

2285 2809 2342 2871 ἐξ
2372 2809 2734 2877 ἐπιτιμήσεως
2763 2807 2895 2859 Θεοῦ
2926 2808 3129 2858 πτῶσιν
3163 2807 3531 2875 γεγενημένην
3572 2805 3664 2858 τοῦ
3708 2806 3826 2858 δια-

2286 2897 2459 2949 ϐόλου.
2494 2898 2601 2965 Τὴν
2656 2900 2765 2959 τοῖς
2811 2896 3119 2964 ἐπιορκοῦσι
3180 2896 3517 2962 πανώλεθρον
3573 2895 3831 2948 ἐθεάσατο

660 2994 713 3046 in
741 2992 1063 3062 profundum
1103 2993 1313 3044 inferni.
1356 2992 1496 3045 Vidit
1531 3002 1583 3045 et
1606 3009 1765 3060 quam
1805 2996 1987 3047 mundi
2022 2981 2197 3049 totius

2289 2984 2592 3053 διαφθορὰν,
2624 2987 2717 3037 καὶ
2740 2985 2836 3053 τὴν
2863 2985 2969 3036 τῶν
3007 2985 3399 3037 δυσσεδούντων
3417 2986 3495 3046 είς
3526 2984 3681 3052 βυθὸν
3701 2985 3828 3054 ᾅδου

658 3100 843 3139 curam
874 3084 1067 3135 habent
1087 3084 1256 3150 angeli
1281 3083 1333 3134 in
1361 3092 1482 3151 typo
1507 3094 1741 3150 quatuor
1758 3100 2010 3138 curruum
2035 3087 2186 3141 exhi-

661 3174 820 3225 bitam
880 3172 1042 3225 variis
1078 3171 1229 3239 equis
1291 3171 1554 3240 adjugatis
1592 3180 1901 3227 tractorum.
1951 3171 2094 3227 Vidit
2137 3184 2189 3228 et

662 3261 961 3330 pontificem
998 3263 1049 3313 in
1081 3272 1203 3330 typo
1233 3260 1546 3324 Salvatoris,
1577 3262 1666 3330 qui
1700 3262 1751 3314 in
1798 3264 1966 3317 reditu
2010 3264 2187 3332 populi

660 3350 981 3416 pontiﬁcalia
1025 3351 1533 3413 munia-exercebat,
1574 3349 1752 3404 Jesum
1800 3367 1988 3418 nempe
2020 3353 2187 3407 lilium

659 3440 901 3500 Iosedec,
932 3440 997 3492 de
1030 3440 1360 3506 ignobilitate
1392 3440 1455 3493 ad
1489 3440 1707 3508 gloriam
1737 3451 2070 3510 provectum.

729 3610 1070 3679 Prophetavit
1099 3619 1153 3663 et
1183 3611 1248 3665 de
1290 3612 1537 3680 gentibus
1571 3614 1624 3665 in
1685 3614 1785 3667 Iide
1829 3618 2188 3683 assumendis,

664 3717 725 3754 ac
756 3713 931 3769 postea
968 3701 1033 3752 de
1068 3701 1236 3769 ipsius
1267 3700 1477 3753 lsraelis
1532 3703 1899 3769 assumptione
1922 3744 1936 3767 ,
1967 3714 2019 3759 et
2046 3708 2189 3775 quod

664 3791 1023 3843 Antichristus
1052 3790 1419 3843 adversabitur
1455 3791 1757 3856 hujusmodi
1787 3795 2142 3861 assumptioni
2172 3813 2188 3849 :

666 3883 730 3935 ad
755 3896 888 3948 quas
920 3879 1224 3946 ﬁgurandus
1271 3880 1402 3933 duas
1434 3881 1739 3935 vocationes
1791 3891 1911 3951 typo
1950 3899 2080 3938 usus
2112 3895 2195 3939 est

578 4027 595 4034 ε
665 3972 885 4039 duplicis
935 3973 1221 4023 confracta:
1286 3970 1467 4037 virgae.
1510 3963 1842 4027 vaticinatus
1900 3983 1985 4027 est
2031 3975 2193 4028 etiam

668 4061 874 4132 Domini
905 4060 1278 4128 proditionem,
1309 4060 1557 4127 quodque
1586 4076 1678 4127 pro
1704 4062 1882 4114 debito
1917 4062 2016 4129 ipsi
2044 4079 2071 4114 a
2100 4078 2197 4130 po-

667 4152 790 4216 pqu
821 4150 1023 4201 honore
1054 4156 1106 4199 et
1136 4147 1433 4206 beneﬁciis,
1457 4148 1671 4214 triginta
1705 4163 1826 4199 eum
1854 4150 2033 4203 aureis
2062 4165 2192 4203 ven-

666 4238 891 4290 diderint
923 4254 935 4287 :
972 4236 1113 4302 quod
1131 4251 1224 4288 eos
1256 4250 1349 4302 pro
1379 4234 1677 4301 proditione
1710 4234 1875 4289 Judas
1906 4239 2193 4303 acceperit,

666 4334 719 4375 et
746 4324 886 4391 quod
917 4324 966 4373 in
998 4321 1377 4389 gazophylacio
1408 4337 1597 4373 aurum
1627 4322 1849 4375 missum
1884 4322 2064 4387 fuerit,
2096 4326 2198 4379 ite-

2287 3075 2651 3126 κατάπτωσιν.
2684 3075 2793 3143 Τὴν
2822 3075 3171 3144 περικόσμιον
3197 3075 3488 3144 ἀγγελικὴν
3511 3074 3827 3126 ἐπιστασίαν

2287 3167 2531 3218 τεθέαται
2582 3169 2637 3219 ἐν
2689 3168 2840 3236 τύπῳ
2888 3168 3165 3233 τεσσάρων
3216 3168 3506 3236 ἁρμάτων,
3564 3167 3827 3228 ποικίλοις

2290 3255 2474 3316 ἵπποις
2496 3252 2909 3322 ὑπεζευγμένων
2938 3256 3346 3323 ἐπιδειχθεῖσαν.
3379 3252 3497 3307 Εῐδε
3523 3258 3614 3308 καὶ
3646 3257 3735 3307 τὸν
3770 3259 3830 3308 ἐν

2287 3344 2439 3413 τύπῳ
2475 3345 2567 3396 τοῦ
2605 3344 3190 3414 Σωτῆρος,ἀρχιερέα,
3244 3345 3334 3398 τὸν
3381 3347 3438 3397 ἐν
3480 3348 3544 3414 τῇ
3588 3345 3829 3413 ἐπανόδῳ

2287 3432 2378 3482 τοῦ
2414 3431 2541 3483 λαοῦ
2578 3432 3087 3500 ἀρχιερατεύσαντα,
3135 3432 3339 3501 Ἰησοῦν
3380 3434 3469 3485 τὸν
3503 3434 3594 3485 τοῦ
3650 3434 3829 3485 Ἰωσε-

2288 3522 2399 3579 δὲκ.
2435 3522 2492 3585 ἐξ
2518 3522 2726 3584 ἀδοξίας
2758 3524 2831 3584 είς
2863 3522 3015 3586 δόξαν
3042 3522 3457 3591 προεληλυθότα.

2359 3612 2733 3682 Προεφήτευσε
2766 3614 2858 3664 καὶ
2891 3614 3016 3683 περῖ
3052 3613 3157 3665 τῶν
3192 3614 3357 3665 ἐθνῶν
3385 3615 3440 3665 ἐν
3469 3612 3643 3665 πίστει
3696 3629 3829 3679 προ-

2289 3697 2496 3765 λήψεως
2532 3699 2745 3769 [προσ-Ι
2772 3740 2787 3761 ,
2830 3700 2920 3751 καὶ
2953 3700 3051 3767 τῆς
3099 3700 3191 3753 τοῦ
3225 3699 3437 3769 Ἰσραὴλ
3472 3700 3607 3767 μετά
3657 3699 3829 3751 ταῦτα

2290 3788 2684 3855 γενησομένης’
2720 3788 2815 3840 καὶ
2840 3789 2913 3850 ὡς
2956 3791 2984 3841 ὁ
3022 3789 3377 3857 ’Δντίχριστος
3405 3788 3715 3856 ἐπιθήσεται
3763 3792 3828 3857 τῇ

2292 3876 2510 3945 τοιαύτῃ
2540 3876 2862 3946 προσλήψει,
2906 3880 2985 3940 εἰς
3026 3879 3119 3931 δύο
3164 3879 3386 3949 ῥάϐδους
3437 3878 3831 3948 περικοφθησο-

2298 3962 2461 4029 μένας
2488 3965 2585 4023 τὰς
2611 3964 2702 4017 δύο
2730 3966 2948 4034 κλήσεις
2977 3967 3271 4021 ἐπιτυπῶν.
3315 3968 3545 4035 Προεῖπε
3574 3968 3665 4018 καὶ
3707 3967 3849 4033 περὶ,

2295 4051 2391 4116 τῆς
2419 4052 2510 4103 τοῦ
2543 4053 2745 4121 Κυρίου
2791 4057 3093 4122 προδοσίας,
3119 4057 3193 4117 ὡς
3220 4058 3337 4109 ἀντὶ
3365 4056 3461 4122 τῆς
3484 4056 3833 4124 ὀφειλομένης

2295 4138 2444 4206 αὐτῷ
2478 4141 2624 4211 παρά
2667 4144 2761 4195 τοῦ
2795 4145 2923 4196 λαοῦ
2947 4134 3113 4213 τιμῆς
3163 4146 3255 4198 καὶ
3310 4147 3645 4215 εὐεργεσίας,
3677 4146 3833 4214 τριά-

2298 4244 2458 4281 κοντα
2489 4232 2699 4300 χρυσῶν
2732 4234 2892 4285 αὐτὸν
2930 4235 3277 4303 ἐτιμήσαντο,
3300 4236 3373 4298 ὡς
3407 4236 3543 4304 ὑπὲρ
3571 4236 3665 4301 τῆς
3706 4252 3833 4301 προ-

2299 4316 2477 4382 δοσίας
2508 4320 2556 4379 δΔ
2577 4320 2773 4381 Ἰούδας
2801 4323 3029 4390 εἰλήφει,
3049 4325 3142 4375 καὶ
3162 4325 3235 4386 ὡς
3262 4326 3318 4375 ἐν
3347 4325 3421 4392 τῷ
3451 4323 3833 4390 γαζοφυλακίῳ

669 4428 891 4479 rumque
924 4427 1215 4477 expensum
1271 4412 1321 4461 in
1374 4411 1601 4476 pretium
1652 4408 1967 4479 agri’liguli.
2002 4412 2194 4467 Iterum

2302 4406 2360 4455 τὸ
2394 4408 2607 4475 χρυσίον
2640 4409 2879 4471 ἐσάλετο,
2915 4413 3007 4462 καὶ
3041 4412 3199 4464 πάλιν
3228 4413 3306 4473 είς
3335 4412 3497 4479 τιμὴν
3536 4411 3626 4463 τοῦ
3665 4412 3833 4477 ἀγροῦ

666 4506 733 4557 de
761 4502 1106 4559 Antichristo,
1138 4500 1283 4567 quod
1336 4500 1701 4553 adversabitur
1726 4501 1946 4565 sanctis,
1996 4514 2049 4555 et
2102 4502 2196 4555 de-

668 4603 925 4647 struetur.
997 4590 1340 4658 PrOphetavit
1398 4597 1453 4643 et
1507 4588 1573 4642 de
1656 4591 1875 4642 salutari
1951 4593 2200 4658 passione

668 4685 886 4747 Christi,
937 4692 989 4735 ct
1034 4683 1099 4735 de
1128 4682 1360 4750 glorioso
1392 4680 1617 4731 adventu
1648 4678 1809 4740 illius,
1843 4678 2096 4746 quodque
2146 4679 2199 4732 in

670 4786 849 4828 monte
896 4775 1158 4827 olivarum
1193 4770 1535 4837 apparitnrns
1568 4778 1728 4820 esset.
1767 4767 2097 4821 Vaticinatus
2120 4776 2200 4821 est

669 4871 826 4921 etiam
857 4866 1184 4919 invasionem
1214 4862 1327 4929 Gog
1355 4870 1409 4913 et
1441 4858 1646 4927 Magog,
1676 4866 1729 4910 et
1768 4868 2074 4911 sanctorum
2122 4859 2199 4911 lo-

670 4971 874 5014 corum,
904 4967 1021 5022 qua:
1054 4952 1106 5004 in
1150 4950 1251 5001 line
1283 4949 1577 5001 obventura
1625 4954 1759 5008 erat,
1793 4946 1843 4997 in
1871 4959 2101 5013 eumque
2132 4946 2206 4997 di-

674 5046 870 5098 vinitus
930 5044 1223 5095 immissam
1271 5038 1595 5098 vindictam,
1641 5040 1766 5102 quin
1822 5035 1981 5087 etiam
2062 5035 2201 5103 quod

676 5148 857 5204 postea
893 5145 1075 5204 gentes
1150 5130 1456 5199 huiusmodi
1518 5128 1787 5180 habebunt
1832 5128 2203 5193 comparanda:

677 5230 864 5279 salutis
905 5225 1126 5283 fontem,
1166 5222 1455 5275 exhibitam
1515 5233 1704 5285 nempe
1748 5216 1852 5269 Deo
1892 5218 1943 5269 in
1987 5216 2203 5269 Jerusa-

679 5318 777 5369 Ient
808 5316 1195 5377 adulationem,
1226 5326 1344 5381 qua:
1376 5311 1442 5363 ab
1468 5311 1600 5378 ipsis
1630 5309 1922 5378 praestanda
1955 5308 2043 5360 sit.

748 5518 791 5547 “
817 5514 979 5567 Zach.
1016 5530 1092 5578 ιιι,
1131 5513 1191 5576 ‘2;
1227 5510 1374 5563 ludat:
1402 5509 1487 5562 l9.

756 5668 861 5737 (94)
890 5665 1046 5721 Forte
1084 5661 1557 5735 ὲκπολεμησασῶν.

2304 4494 2394 4547 τοῦ
2422 4497 2703 4564 κεραμέως
2724 4499 3036 4561 ἐξοδιὰζετο.
3064 4500 3169 4552 Καὶ
3195 4500 3319 4568 περὶ
3347 4500 3436 4552 τοῦ
3473 4501 3833 4570 Ἀντιχρίστου

2303 4584 2481 4647 πάλιν,
2509 4586 2583 4643 ὠς
2607 4587 2916 4655 ἐπιθήσεται
2940 4591 3048 4650 τοῖς
3091 4590 3282 4656 ἁγίοις,
3313 4592 3404 4641 καὶ
3452 4590 3835 4659 καθαιρεθήσε-

2307 4692 2418 4728 ται.
2450 4677 2854 4744 Προεφήτευσεν
2888 4678 2980 4729 καὶ
3013 4680 3138 4745 περὶ
3188 4678 3280 4730 τοῦ
3316 4680 3580 4746 σωτηρίου
3634 4680 3835 4740 πάθους

2302 4765 2554 4835 Χριστοῦ,
2588 4768 2678 4817 καὶ
2715 4767 2810 4833 τῆς
2836 4767 3039 4831 ἐνδόξου
3098 4768 3390 4838 παρουσίας
3431 4766 3613 4831 αὐτοῦ,
3644 4768 3735 4817 καὶ
3762 4767 3836 4826 ὡς

2300 4856 2390 4905 ἐπὶ
2413 4852 2502 4904 τοῦ
2530 4853 2685 4921 ὅρους
2718 4855 2808 4906 τοῦ
2842 4857 3090 4916 ἐλαιῶνος
3117 4858 3423 4922 φανήσοιτο.
3472 4855 3695 4921 Προεῖπε
3743 4855 3836 4905 καὶ

2307 4943 2399 5013 τὴν
2422 4944 2512 4995 τοῦ
2533 4942 2648 5011 Γὼγ
2680 4946 2771 4996 καὶ
2809 4944 3013 5009 Μαγὼγ
3039 4944 3239 5011 ἔφοδον,
3278 4945 3499 4996 καὶτῶν
3532 4944 3699 5009 ἁγίων
3745 4943 3837 4994 τό·

2305 5050 2438 5097 πων,
2465 5035 2825 5103 γενησομένην
2858 5036 2915 5085 ἐν
2934 5034 3093 5098 τέλει,
3118 5035 3209 5085 καὶ
3235 5036 3329 5101 τὴν
3361 5032 3615 5099 θεήλατον
3667 5032 3833 5084 αὐτοῦ

2304 5121 2589 5188 τιμωρίαν,
2622 5121 2754 5172 ἀλλά
2780 5120 2872 5173 καὶ
2912 5121 2985 5181 ὡς
3032 5124 3108 5183 είς
3144 5122 3365 5190 ὕστερον
3392 5120 3460 5171 τὰ
3506 5105 3631 5189 ἔθνη
3655 5120 3837 5171 τοῦτον

2304 5210 2563 5277 πορισμὸν
2584 5209 2761 5273 ἕξουσι
2789 5210 3075 5277 σωτηρίας,
3106 5210 3202 5278 τὴν
3233 5212 3311 5270 είς
3347 5209 3443 5275 τὴν
3485 5208 3835 5278 Ἰερουσαλήμ

2306 5298 2421 5366 Θεῷ
2450 5298 2773 5367 τελουμένην
2803 5298 3185 5367 προσκύνησιν,
3234 5299 3323 5349 ὑπ’
3368 5297 3540 5350 αὐτῶν
3594 5294 3834 5349 ἐπιτελε-

2313 5386 2667 5455 σθησομένην.
