4102 6338
668 318 737 380 99
2147 307 2443 369 JOSEPPl

3694 317 3700 320 ’
3762 312 3864 377 100

738 426 824 479 tl.
863 424 1056 478 Milites
1085 421 1252 493 Syros
1284 428 1472 475 contra
1513 433 1573 475 se
1603 418 1878 473 venientes
1905 414 2210 470 hallucina-

2384 416 2625 481 ια“.Τοῦς
2671 417 2757 470 ἐπ’
2806 417 2967 472 αὑτὸν
3004 408 3254 481 ἑλθόντας
3297 416 3631 490 στρατιώτας
3662 411 3863 492 Σύρους

671 516 814 568 tione
844 512 1098 575 alliciens,
1135 511 1188 563 in
1224 510 1496 563 civitatem
1537 508 1851 563 introduxit.

743 603 826 655 19.
862 602 1207 656 Obsidionem
1236 600 1449 668 patienti
1482 599 1613 668 regi,
1662 598 2112 667 convenientique
2150 597 2207 650 in

674 691 1007 752 Samariam,
1063 687 1464 742 imminentibus
1511 686 1774 750 hostibus,
1828 701 1891 741 ac
1937 696 2218 756 propterea

675 780 820 834 fame
850 776 1114 832 universis
1162 777 1301 829 intra
1357 777 1626 829 civitatem
1681 776 2053 844 pereuntibus,
2105 791 2219 829 ma-

668 884 831 940 gnam
861 869 966 921 vim
1023 865 1186 921 trieiti
1227 877 1282 919 et
1312 865 1493 919 bordel
1526 872 1766 919 actutum
1800 865 2036 919 l‘uturam
2083 880 2220 933 prae-

673 958 826 1012 dixit.
854 956 1104 1026 Angelica
1140 970 1303 1025 porro
1341 956 1537 1010 virtute
1571 956 1754 1010 hostes
1783 956 2038 1026 exagitati
2069 966 2216 1022 sunt,

671 1055 725 1098 et
755 1046 859 1099 cibi
894 1046 1113 1099 inventi.
1894 1036 1900 1041 ’

742 1135 828 1187 15.
857 1132 988 1187 Tres
1017 1148 1168 1203 reges
1198 1142 1252 1187 et
1276 1133 1568 1187 exercitum
1605 1134 1692 1188 siti
1744 1147 2080 1203 pereuntem,
2127 1151 2220 1190 co-

674 1226 1095 1291 piosissimarum
1157 1239 1420 1293 aquarum
1478 1224 1528 1278 vi
1574 1238 1906 1293 erumpente,
1942 1237 2068 1295 potu
2117 1229 2223 1282 sal-

677 1316 841 1369 vavit.

746 1405 833 1457 14.
867 1404 1072 1467 Ell‘ecit,
1103 1412 1160 1458 ut
1192 1404 1294 1458 olei
1321 1403 1473 1472 copia
1503 1403 1766 1460 dimueret
1791 1405 1966 1459 viduae
1988 1406 2220 1469 mulieri,

675 1495 830 1562 cuius
866 1494 959 1547 lilii
989 1495 1209 1563 iamiam
1243 1495 1512 1548 vendendi
1531 1501 1685 1547 erant
1716 1495 1785 1548 ob
1813 1510 1888 1549 ais
1924 1495 2156 1549 alienum
2195 1511 2223 1547 a

677 1578 828 1653 patre
847 1591 1200 1646 contractum,
1231 1598 1338 1651 quo
1392 1593 1447 1636 et
1474 1583 1714 1636 debitum
1755 1584 2008 1646 solveret,
2043 1592 2098 1638 et
2123 1584 2226 1653 ipsi

684 1689 749 1727 ac
776 1682 944 1726 mater
969 1688 1152 1726 eorum
1177 1672 1401 1725 enutriri
1434 1682 1670 1740 possent.

2317 507 2547 579 ἀορασίᾳ
2576 507 2907 576 περιϐαλὼν,
2936 509 3016 571 είς
3041 510 3138 579 τὴν
3159 509 3313 562 πόλιν
3346 512 3626 579 εἰσήγαγε.

2389 595 2473 667 ιβ’.
2501 597 2943 667 Πολιορκουμένῳ
2983 597 3211 667 βασιλεῖ,
3246 598 3339 650 καὶ
3366 601 3738 668 συνερχομένῳ
3785 604 3866 662 είς

2316 686 2413 757 τὴν
2446 687 2755 755 Σαμάρειαν
2778 723 2793 748 ,
2817 686 2927 738 τῶν
2953 688 3222 754 πολεμίων
3243 688 3599 758 ὶπικειμίνων
3621 729 3635 752 ,
3658 692 3753 744 καὶ
3780 692 3869 743 διὰ

2316 775 2472 827 τοῦτο
2489 773 2630 844 λιμῷ
2665 774 2880 828 πάντων
2910 775 3020 829 τῶν
3071 776 3129 828 ιν
3174 777 3239 845 τῇ
3287 775 3438 829 πόλει
3475 776 3865 845 φθειρομένων,

2318 865 2574 934 ἀφθονίαν
2604 866 2752 918 σίτου
2779 867 2885 918 «αἱ
2909 865 3112 936 κριθῶν
3133 866 3325 937 ἀθρόον
3355 869 3611 934 προεῖπεν
3627 866 3867 928 ἔσεσθαι,

2320 957 2412 1007 καὶ
2429 953 2688 1025 ἀγγελικῇ
2715 955 2940 1024 δυνάμει
2960 956 3010 1008 οί
3027 955 3272 1025 πολέμιοι
3303 956 3673 1026 ἐξηλαύνοντο,
3696 957 3786 1008 καὶ
3811 958 3869 1008 αἱ

2319 1045 2514 1113 τροφαὶ
2541 1044 2786 1114 εῦρηντο.
3190 1038 3194 1044 ’

2392 1135 2475 1202 ιγ’.
2519 1138 2676 1206 Τρεῖς
2701 1136 2937 1206 βασιλεῖς
2965 1137 3057 1189 καὶ
3093 1137 3318 1208 στρατδν
3351 1138 3573 1208 ἄπειρον
3593 1138 3680 1189 διά
3710 1136 3870 1208 δίψαν

2321 1226 2684 1295 ἀπολλύμενον
2735 1227 2939 1281 ὑδάτων
2966 1226 3173 1298 ἀθρόων
3193 1228 3424 1296 έπιφορᾷ
3452 1227 3688 1296 ῥαγδαίῳ
3718 1225 3871 1296 ποιτῷ

2321 1315 2559 1369 διέσωσε.

2394 1404 2473 1457 ιδ’.
2519 1403 2726 1456 Ἐλαίου
2756 1403 2910 1472 ῥύσιν
2931 1406 3076 1476 χήρᾳ
3123 1405 3361 1471 γυναικὶ,
3403 1403 3698 1472 μελλόντων
3745 1404 3871 1458 δου-

2323 1493 2540 1546 λοῦσθαι
2573 1495 2659 1546 διὰ
2691 1495 2942 1564 πατρῷον
2979 1496 3136 1564 χρέος
3189 1496 3295 1547 τῶν
3346 1495 3474 1546 υἱῶν
3504 1494 3693 1560 αὐτῆς,
3732 1494 3871 1565 πρὸς

2323 1583 2422 1653 τὴν
2449 1583 2555 1634 τῶν
2575 1584 2749 1651 χρεῶν
2796 1584 3000 1636 ἔκτισιν
3024 1584 3119 1638 καὶ
3145 1583 3431 1652 διατροφήν
3454 1581 3629 1635 αὐτῶν
3659 1583 3869 1653 καὶτῆς

2332 1671 2532 1740 μητρὸς
2561 1672 2866 1737 ἐποιήσατο.

748 1763 839 1816 l5.
861 1762 913 1815 In
949 1767 1252 1831 sepulcrum
1283 1761 1400 1829 eius
1433 1776 1554 1815 eum
1605 1760 1823 1831 quidam
1869 1770 2117 1816 mortuus
2154 1760 2222 1814 ab

2394 1757 2473 1812 ιε’.
2498 1760 2584 1812 Ἐν
2604 1761 2660 1812 δὲ
2693 1760 2768 1830 τῷ
2801 1763 3040 1831 μνήματι
3063 1760 3225 1815 αὐτοῦ
3250 1763 3436 1833 νεκρὸς
3453 1763 3557 1816 ὑπὸ
3579 1763 3683 1818 τῶν
3707 1763 3871 1816 ὲκκοο

679 1851 746 1905 iis
760 1853 850 1920 qui
884 1851 1035 1904 illum
1076 1850 1368 1905 efferebant
1393 1849 1666 1920 proiectus
1683 1850 1889 1915 fuisset,
1917 1851 2226 1912 resurrexit,

679 1951 735 1995 et
759 1957 880 1996 cum
906 1943 971 1997 iis
997 1943 1086 2010 qni
1121 1956 1181 1996 se
1205 1941 1539 2009 proiecerant
1561 1942 1813 1996 currebat
1838 1941 1903 1994 ad
1931 1941 2224 1996 civitatem.

680 2032 1028 2088 Festinabant
1056 2034 1200 2088 enim
1225 2047 1562 2102 praepropere
1612 2033 1795 2088 subire
1820 2034 2114 2097 civitatem,
2171 2043 2232 2088 ut

681 2125 947 2178 evitarent
973 2123 1207 2179 latrones
1239 2117 1331 2192 qui
1357 2137 1452 2178 eos
1484 2123 1933 2192 insequebantur.

768 2255 920 2311 CAP.
945 2255 1229 2310 LXXXIII.
1255 2285 1324 2298 —
1350 2257 1478 2320 Quae
1507 2256 1826 2325 prophetavt't
1868 2255 2017 2310 Elian
2057 2257 2122 2310 “.

757 2449 890 2517 Regi
915 2446 1078 2502 Israel
1105 2446 1326 2501 Acbabo
1341 2445 1417 2500 ait
1443 2445 1558 2500 fore
1591 2457 1649 2499 ut
1671 2462 1777 2501 non
1807 2447 2011 2516 plueret
2062 2463 2236 2517 usque

2332 1848 2589 1916 μιζόντων
2622 1851 2782 1902 αὐτὸν
2803 1852 3129 1920 ὶπιρῤιφεὶς,
3155 1851 3422 1914 ἀνίστατο,
3457 1855 3547 1905 καὶ
3594 1853 3733 1922 μετά
3758 1852 3874 1904 τῶν

2328 1935 2726 2006 ὲπιρριψάντων
2767 1938 2926 1990 αὑτὸν
2961 1939 3108 1992 ἔθεεν
3153 1939 3246 1993 hci
3291 1939 3388 2008 τήν
3414 1941 3565 1994 πόλιν
3595 1956 3604 1970 ·
3640 1941 3734 1994 καὶ
3760 1941 3874 2012 γὰρ

2327 2022 2464 2096 ἦσαν
2489 2027 2760 2096 ὁρμῶντες
2784 2029 2914 2081 εῖσιο
2943 2029 3041 2099 τῆς
3068 2029 3292 2093 πόλεως,
3328 2030 3526 2102 λῃστὰς
3556 2031 3875 2084 ἐπιδιώκον-

2328 2132 2424 2178 τας
2456 2117 2649 2178 αὐτοὺς
2673 2118 3170 2188 ἀποδιδράσκοντες.

2330 2248 2576 2302 ΚΕΦΔΛ.
2617 2247 2740 2304 ΗΓ.
2807 2281 2874 2291 -
2935 2218 3286 2372 Τίτῦιλὲέστίν
3335 2251 3372 2305 d
3422 2253 3876 2322 προεφήτευσεν

3118 2337 3209 2372 ac.

3118 2337 3209 2386 ας.

2408 2446 2735 2499 Βασιλεῖτοῦ
2776 2447 2982 2519 Ἰσραὴλ
3036 2451 3112 2518 τῷ
3144 2453 3345 2520 Ἀχαὰό
3384 2449 3555 2517 εἶπεν,
3588 2455 3662 2516 ὡς
3691 2455 3751 2508 ού
3791 2453 3874 2524 μὴ

691 2541 819 2609 dum
844 2540 959 2608 ipse
992 2537 1224 2607 pluviam
1258 2537 1581 2594 advocaret:
1637 2545 1692 2591 et
1731 2539 1812 2592 sic
1859 2537 2067 2592 accidit.
2102 2537 2234 2593 Cum

2338 2533 2513 2603 βρὲξει
2538 2535 2638 2596 ἕως
2659 2531 2826 2608 οὗπερ
2850 2538 3007 2599 αὐτὸς
3034 2539 3123 2592 τὸν
3149 2539 3348 2608 ὄμϐρον
3367 2542 3757 2602 ὲπικαλέσοιτο,
3775 2545 3877 2597 καὶ

691 2626 952 2681 Ochosias
997 2625 1201 2679 Acltabi
1232 2625 1375 2678 [ilius
1402 2633 1703 2694 egrotaret,
1756 2626 2094 2697 misissetque
2143 2629 2234 2696 qui

2335 2623 2503 2686 οὕτως
2569 2626 2793 2691 ἐγίνετο.
2857 2624 3072 2695 Ὀχοζίᾳ
3136 2626 3214 2696 τῷ
3280 2627 3371 2680 τοῦ
3435 2629 3634 2696 Ἀχαάδ
3666 2629 3878 2697 υίῷνο-

692 2715 830 2783 apud
865 2717 1020 2768 deum
1047 2715 1287 2770 Accaron
1333 2715 1742 2769 sciscitarentur
1794 2732 2048 2770 numnam
2096 2727 2238 2772 esset

2340 2713 2536 2778 σοῦντι,
2569 2718 2660 2766 καὶ
2686 2716 3062 2768 ἀποστείλαντι
3090 2715 3238 2785 παρά
3283 2717 3359 2786 τῷ
3388 2718 3444 2768 ὲν
3477 2721 3541 2786 τῇ
3589 2718 3876 2787 Ἀκκαρῶν

691 2805 1051 2858 valetudinem
1100 2812 1487 2859 consecuturus
1517 2843 1532 2868 ,
1567 2804 1757 2858 obvius
1803 2804 1978 2860 factus
2029 2809 2231 2861 nuntiis

695 2895 838 2948 illius
863 2895 1053 2959 edixit,
1086 2903 1142 2949 ut
1174 2897 1239 2948 ad
1268 2909 1389 2949 eum
1417 2893 1702 2961 referrent,
1727 2896 2044 2966 quodimpie
2074 2913 2238 2967 agens

695 3001 724 3040 a
755 2986 1088 3040 daemonibus
1122 2984 1190 3040 de
1218 2985 1521 3040 valetudine
1569 3000 1669 3040 sua
1720 2988 1940 3042 oracula
1989 2989 2234 3056 postulet,

694 3077 945 3148 quodque
974 3084 1253 3146 propterea
1281 3090 1389 3130 non
1412 3075 1770 3130 convalescet.

743 3209 893 3264 CAP.
951 3207 1233 3260 LXXXIV.
1294 3235 1357 3248 —-
1411 3208 1552 3306 .the
1602 3215 1723 3260 sunt
1775 3207 1954 3260 Elisazi
2010 3207 2190 3258 uatici-

773 3401 1006 3455 Veniens
1058 3398 1376 3454 Damascum
1407 3401 1605 3454 Azaelo
1656 3403 1937 3469 praedixit,
1970 3403 2110 3472 quod
2145 3401 2247 3454 Da-

706 3491 874 3545 masci
927 3483 1019 3544 rex
1062 3491 1270 3544 Aderus
1291 3493 1587 3545 moriturus
1617 3501 1733 3545 erat
1794 3509 1808 3545 :
1855 3495 2054 3546 missus
2090 3507 2248 3560 porro

707 3573 886 3633 fuerat
920 3580 987 3633 ab
1015 3578 1105 3632 illo
1129 3579 1364 3646 graviter
1413 3589 1707 3648 aegrotante
1730 3619 1744 3642 ,
1780 3589 1838 3634 ut
1889 3581 2251 3635 sciscitaretur

708 3679 891 3723 utrunt
951 3653 1365 3724 convalesceret.
1437 3670 1562 3724 Item
1617 3671 1760 3738 quod
1822 3671 1934 3739 ipse
1985 3673 2253 3739 exciperet

707 3761 858 3813 illum
914 3759 966 3811 in
1001 3773 1182 3826 regno,
1223 3760 1561 3829 plurimaque
1621 3760 1803 3816 Israeli
1840 3760 1976 3813 mala
2009 3761 2251 3815 illaturus

711 3858 876 3905 esset.
930 3849 1180 3903 Praedixit
1237 3850 1421 3913 etiam,
1446 3852 1587 3918 quod
1637 3851 1734 3905 Jeu
1766 3852 1830 3905 ad
1869 3861 2112 3921 quartam
2137 3852 2254 3918 ejus

715 3942 1106 4011 generationem
1135 3941 1312 3995 lsraeli
1345 3931 1892 4010 imperaturusesset,
1927 3950 2141 3995 evectus
2186 3941 2250 3994 ad

715 4047 935 4100 regnum
968 4041 1024 4085 ut
1048 4034 1348 4086 destrueret
1383 4035 1580 4102 regiam
1604 4035 1804 4086 Acltabi
1828 4035 2065 4086 domum.
2119 4031 2252 4085 Cum

715 4119 811 4173 Jeu
837 4121 903 4173 ad
942 4121 1090 4172 illum
1118 4121 1455 4184 accessisset,
1489 4121 1750 4188 prmdixit,
1784 4120 1923 4186 quod
1958 4127 2040 4170 ter
2068 4116 2254 4170 conni-

716 4219 800 4276 get
829 4225 950 4262 cum
982 4223 1145 4276 regno
1177 4208 1447 4270 Damasci,
1477 4218 1528 4261 et
1556 4209 1726 4260 victor
1753 4209 1856 4259 erit
1889 4207 1941 4261 in
1974 4206 2112 4258 bello
2163 4206 2255 4256 ad-

718 4311 908 4347 versus
971 4309 1113 4346 eam.
1147 4293 1212 4344 Et
1242 4295 1365 4358 quia
1418 4308 1537 4345 cum
1588 4291 1834 4358 iussisset
1876 4298 1930 4341 ut
1959 4289 2249 4342 contentio-

2338 2800 2442 2869 θεῷ
2473 2804 2749 2872 ἐπερωτᾷν
2793 2806 2840 2854 εἰ
2867 2803 3106 2867 ζήσεται,
3155 2806 3263 2866 τοῖς
3293 2805 3538 2871 ἀγγέλοις
3582 2804 3744 2857 αὑτοῦ
3775 2821 3879 2858 πε-

2341 2895 2585 2964 ριτυχὼν,
2606 2899 2829 2965 προεῖπε
2850 2897 3026 2963 λέγειν
3042 2897 3186 2965 αὐτῷ
3209 2899 3289 2949 ὅτι
3320 2899 3411 2949 καὶ
3425 2897 3695 2950 δυσσεὸῶν
3724 2897 3878 2967 παρὰ

2338 2984 2604 3052 δαιμόνων
2633 2988 2757 3054 περὶ
2786 2985 2877 3037 τοῦ
2896 2987 3154 3055 ζήσεσθαι
3188 2987 3283 3050 τὰς
3317 2987 3570 3057 μαντείας
3600 2989 3758 3052 αἰτεῖ,
3779 2988 3881 3041 καὶ

2265 3073 2309 3131 C
2338 3073 2422 3124 διὰ
2448 3073 2599 3125 τοῦτο
2632 3076 2690 3126 ού
2720 3073 2958 3144 ζήσεται.

2346 3205 2589 3258 ΚΕΦᾹΛ.
2632 3205 2749 3259 IIA'.
2785 3235 2854 3245 —-
2890 3209 3028 3262 Τίνα
3060 3209 3247 3284 ,ἐστὶν
3287 3210 3325 3263 ἆ
3359 3211 3697 3280 Ἐλισσαῖος
3733 3231 3884 3284 προ-

2964 3277 3309 3343 εφήτευσεν.

2429 3400 2622 3452 Ἐλθὼν
2643 3403 2716 3462 εἰς
2738 3403 2836 3470 τὴν
2866 3405 3151 3472 Δαμασκὸν
3189 3407 3427 3477 Ἀζαήλω
3477 3412 3750 3477 προεῖπεν,
3802 3410 3888 3475 ὼς

2349 3489 2376 3539 ὁ
2409 3489 2504 3555 μὲν
2526 3491 2621 3557 τῆς
2657 3491 2944 3558 Δαμασκοῦ
2990 3491 3233 3558 βασιλεὺς
3286 3496 3313 3545 ὁ
3365 3495 3524 3564 Ἀδερ
3544 3497 3889 3564 τεθνήξεται.

2363 3577 2647 3645 Ἐτύγχανε
2677 3578 2719 3628 δ’
2756 3578 3157 3648 ἀπεσταλμένος
3198 3581 3286 3632 ὑπ’
3327 3579 3489 3633 αὐτοῦ
3522 3584 3889 3650 κακουμένου,

2350 3667 2675 3734 πευσόμενος
2703 3666 2860 3719 αὑτὸν
2876 3667 2922 3716 εί
2943 3667 3179 3734 ζήσεται.
3203 3669 3364 3730 Αὐτὸς
3388 3669 3441 3720 δὲ
3470 3669 3701 3738 διάδοχος
3720 3671 3889 3723 αὑτοῦ

2350 3754 2447 3820 τῆς
2480 3753 2751 3822 βασιλείας
2784 3755 2955 3817 ἔσται,
2985 3755 3074 3807 κα)⁸
3096 3756 3383 3823 πάμπολλα
3408 3757 3497 3809 τοῦ
3521 3760 3627 3826 (99)
3670 3761 3890 3830 Ἰσραὴλ

2350 3842 2634 3908 ἐνδείξεται
2663 3845 2828 3896 δεινά.
2854 3846 2958 3896 Καὶ
2983 3845 3072 3898 τὸν
3116 3845 3252 3913 Ἰηοῦ
3283 3850 3502 3914 προεῖπε
3536 3848 3628 3899 τοῦ
3669 3849 3889 3919 Ἰσραὴλ

2352 3935 2442 3986 ἐπὶ
2465 3935 2727 4002 τετάρτην
2764 3935 2924 3987 αὐτοῦ
2967 3936 3156 4002 γενεὰν
3185 3936 3536 4004 βασιλεύσειν,
3568 3938 3660 3989 ἐπὶ
3695 3940 3890 3992 καθαιο

2355 4023 2500 4091 ρέσει
2521 4023 2612 4076 τοῦ
2640 4026 2788 4076 οἴκου
2833 4026 2929 4092 τῆς
2951 4026 3045 4077 τοῦ
3108 4025 3306 4092 Ἀχαάϐ
3358 4026 3645 4094 βασιλείας,
3692 4028 3894 4096 προσε-

2353 4111 2614 4180 ϐλημένον
2653 4115 2731 4174 εις
2788 4113 2884 4181 τὴν
2937 4112 3240 4180 βασιλείαν·
3289 4115 3709 4182 παραγενομένῳ
3752 4117 3892 4184 πρὸς

2356 4201 2512 4251 αὐτὸν
2539 4199 2614 4268 τῷ
2657 4200 2792 4268 Ἰηοῦ
2840 4204 3112 4268 προεῖπεν,
3170 4202 3243 4262 ὡς
3297 4202 3471 4266 τρίτον
3503 4202 3790 4268 προσϐαλεῖ
3821 4208 3893 4273 τῇ

2359 4288 2598 4356 βασιλείᾳ
2647 4289 2952 4357 Δαμασκοῦ,
2985 4290 3078 4341 καὶ
3109 4291 3318 4358 νικήσει
3343 4291 3428 4341 τὸν
3455 4291 3572 4340 κατ’
3593 4291 3757 4358 αὐτῆς
3788 4293 3894 4344 πόα

721 4383 931 4436 sissime
955 4383 1176 4448 sagittas
1197 4382 1477 4440 emitteret,
1505 4389 1582 4433 ter
1606 4379 1817 4434 emissis
1848 4379 2074 4447 sagittis,
2095 4378 2238 4431 absti‘

2363 4374 2542 4443 λεμον.
2590 4377 2694 4428 Καὶ
2721 4377 2903 4445 ἐπειδὴ
2947 4378 3190 4429 ἐκέλευσε
3227 4377 3461 4440 τοξεύειν
3497 4377 3917 4444 συντονώτατα,,

723 4475 838 4525 nuit
873 4488 901 4524 a
933 4472 1102 4536 iactu,
1140 4471 1333 4524 idcirco
1369 4485 1504 4538 aegre
1553 4471 1604 4522 id
1659 4469 1835 4522 ferens
1863 4469 2146 4537 propheta.
2181 4468 2238 4520 aii

2363 4467 2540 4534 τρίτον
2570 4466 2854 4527 ἀκοντίσας
2880 4467 2940 4517 τὸ
2969 4466 3116 4534 βέλος
3137 4507 3151 4530 ,
3187 4469 3382 4535 ἐπέσχε
3410 4469 3507 4535 τὴν
3546 4467 3701 4537 βολήν
3737 4483 3750 4496 ⁸
3807 4469 3898 4521 λυ·

727 4574 804 4615 ler
827 4565 1076 4615 victorem
1104 4562 1366 4615 luturum.
1401 4562 1454 4613 Si
1483 4563 1623 4614 enim
1658 4561 1944 4629 quinquies
1969 4560 2230 4626 eiaculntu

2362 4555 2553 4623 πηθεὶς
2603 4555 2658 4608 δὲ
2714 4559 2740 4608 ὁ
2774 4557 3053 4625 προφήτης
3098 4557 3199 4624 ἔφη
3236 4558 3295 4608 τὸ
3330 4558 3509 4625 τρίτον
3549 4559 3787 4626 έκνικᾷν.
3830 4559 3899 4611 EI

730 4654 953 4714 luisset,
1020 4653 1281 4718 integrum
1355 4650 1806 4703 Damascenorum
1864 4665 2082 4717 regnum
2151 4665 2238 4702 era

2362 4646 2469 4711 γὰρ
2499 4644 2744 4712 πέμπτον
2779 4646 3056 4711 ήκόντισεν
3094 4646 3178 4706 ἂν,
3227 4646 3434 4714 πλήρης
3461 4645 3534 4714 (1)
3578 4646 3676 4713 τήν
3717 4650 3900 4714 Δαμα-

729 4757 1034 4794 ΝἚτδητης.
2366 4731 2575 4798 σκηνῶν
2607 4732 2802 4797 ήμελλε
2833 4732 3106 4802 καθαίρειν
3135 4734 3424 4800 βασιλείαν.

788 4852 935 4904 CAP.
971 4848 1227 4902 LXXXV.
1257 4879 1324 4888 —
1353 4848 1601 4911 Quantam
1631 4848 1947 4914 prophetavit
1977 4849 2090 4900 Gad
2125 4850 2193 4898 "‘.

2365 4842 2607 4892 ΚΕΦΑΛ.
2639 4838 2758 4890 ΠΕ’.
2791 4871 2858 4879 -
2903 4843 3037 4894 Τίνα
3083 4845 3250 4895 ἐστὶν
3288 4842 3323 4894 ἄ
3363 4843 3487 4895 Γὰδ
3537 4844 3904 4912 προεφήτευ-

3065 4926 3194 4963 σεν.

807 5024 940 5078 Cum
976 5027 1347 5075 enumerasset
1382 5017 1564 5080 David,
1623 5026 1806 5069 contra
1842 5026 1998 5084 atque
2031 5017 2136 5070 Deo
2190 5016 2269 5068 vi-

734 5116 978 5174 debatur,
1007 5115 1306 5178 populum,
1357 5107 1406 5160 id
1451 5108 1629 5174 inique
1667 5107 1802 5159 ferre
1840 5108 1914 5159 ait
1964 5105 2126 5159 Deum
2183 5108 2274 5159 atl-

735 5220 920 5259 versus
975 5203 1144 5264 illum,
1181 5210 1339 5266 atque
1371 5213 1434 5251 ex
1485 5197 1650 5249 tribus
1709 5198 2106 5251 imminentibus
2159 5198 2275 5249 ani-

2453 5018 2915 5089 Ἀπαριθμήσαντι
2961 5019 3036 5088 τῷ
3093 5021 3256 5073 Δαὸἱδ
3309 5021 3458 5093 παρὰ
3495 5021 3554 5074 τὸ
3590 5022 3774 5074 δοκοῦν
3821 5024 3906 5092 τῷ

2373 5108 2488 5176 Θεῷ
2525 5111 2612 5160 τὸν
2628 5110 2770 5174 λαὸν,
2803 5112 3123 5176 ἀγανακτεῖν
3154 5111 3254 5178 ἔφη
3287 5112 3375 5162 τὸν
3402 5111 3529 5162 Θεὸν
3559 5113 3674 5163 κατ’
3709 5111 3901 5175 αὐτοῦ,

2375 5197 2466 5248 καὶ
2493 5199 2554 5249 ὲκ
2577 5198 2741 5264 τριῶν
2771 5200 3124 5267 ἐπικειμένων
3149 5199 3439 5267 τιμωριῶν,
3470 5199 3664 5269 δηλαδὴ
3805 5198 3906 5251 τοῦ

805 5362 846 5389 ’⁸
874 5356 934 5409 Ill
962 5357 1089 5424 Reg.
1141 5370 1270 5417 xvn,
1302 5369 1445 5406 svnt.
1522 5353 1564 5384 ’⁷
1591 5349 1654 5404 IV
1677 5351 1802 5418 Reg.
1827 5366 1942 5413 \‘lll,
1972 5366 2021 5413 κ,
2064 5366 2176 5402 χιιι.

2339 5349 2352 5400 l
2386 5349 2511 5418 Reg.
2549 5366 2692 5414 xxnv,
2721 5351 2802 5402 Il.

808 5515 913 5576 (“9)
941 5513 1095 5565 Forte
1126 5513 1220 5578 τῷ.

2447 5506 2519 5574 (2)
2555 5507 2748 5558 Λ1.διὰ
2774 5506 2891 5572 δή.-

811 5583 885 5648 (l)
927 5579 1080 5634 Forte
1116 5581 1215 5648 πλή
1227 5597 1288 5648 ρη
1301 5618 1311 5630 .
