4102 6338
772 253 870 317 115

2231 249 2403 308 JOSE
2411 251 2528 308 PPI

3809 242 3909 306 116

763 364 965 432 lychnis
987 363 1134 430 juxta
1161 361 1351 430 Moysis
1382 360 1762 414 ordinationem
1783 359 2030 428 fulgebat,
2053 374 2270 414 aureum
2303 370 2345 423 Α
2371 379 2383 410 i

2303 370 2345 423 Α
2371 363 2471 432 τὴν
2498 362 2768 423 Μωῦσέως
2797 360 3033 424 διάταξιν
3064 357 3543 427 ἀπαστράπτουσα,
3599 360 3771 426 χρυσῆ
3809 358 3908 410 καὶ

763 459 816 502 et
850 451 1041 516 ipsum.
1078 449 1253 505 Altare
1295 449 1416 502 item
1465 463 1684 500 aureum
1727 448 1954 500 medium
2001 448 2138 501 inter
2169 449 2279 501 haec

765 539 938 591 omnia
977 538 1316 590 constitutum
1338 545 1467 588 erat.
1488 537 1612 588 Alite
1635 551 1842 605 quoque
1863 552 2058 591 mensa:
2086 552 2278 600 aureas,

765 636 816 678 et
843 626 1152 679 candelabra
1181 625 1322 678 varia
1356 625 1497 679 varie
1516 625 1800 690 elaborata,
1823 640 1980 694 parva
2009 639 2069 679 ac
2087 625 2279 680 diversi

766 717 988 784 generis.
1021 716 1070 767 in
1101 715 1291 782 quibus
1313 715 1639 779 ponebantur
1670 729 1818 770 sacra
1843 716 2278 784 utensilia,pltia-

764 807 826 858 Ite
857 814 908 858 ct
933 816 1141 874 paterae.
1175 805 1293 858 llaec
1329 804 1505 857 omnia
1540 804 1766 857 habebat
1798 805 1934 859 aedes
1964 821 2028 865 xi.
2074 806 2281 858 cubito-

766 910 882 948 rum
918 893 1131 954 Saneta.
1159 903 1279 950 ante
1332 893 1503 944 velum
1542 892 1682 962 adyti
1741 891 1922 950 Sancti
1954 903 2281 960 sanctorum,

768 983 855 1040 ubi
875 982 1082 1050 jaeebat
1116 982 1269 1034 Area.
1499 968 1501 970 ’

765 1091 908 1145 CAP.
937 1090 1109 1145 CVIII.
1140 1119 1202 1129 —
1253 1091 1501 1154 Qumnnnt
1537 1099 1684 1142 erant
1727 1093 1965 1143 utensilia
2012 1091 2284 1144 elaborata

831 1169 880 1210 ct
904 1159 1138 1216 dedicato
1163 1175 1193 1208 ιι
1222 1157 1495 1216 Salomone
1519 1161 1568 1212 in
1601 1158 1940 1213 ministerium
1968 1175 2194 1211 sacrum.

840 1321 972 1377 Vasa
1006 1321 1281 1377 Iundendis
1314 1324 1447 1380 vinis
1496 1339 1655 1378 aurea
1683 1324 1946 1393 octoginta
1975 1324 2163 1389 millia,
2196 1340 2283 1377 ar-

769 1423 949 1482 gentea
996 1427 1119 1465 vero
1165 1412 1323 1480 duplo
1372 1421 1523 1465 erant
1578 1427 1816 1465 numero.
1865 1411 2063 1465 Phiala:
2115 1428 2286 1468 aureae

769 1511 978 1562 centum
1003 1501 1197 1565 millia;
1230 1511 1489 1568 argenteae
1531 1515 1650 1554 vero
1675 1501 1834 1568 duplo
1872 1515 2114 1554 numero.
2147 1500 2285 1554 Lan-

771 1590 935 1647 cesiu
992 1590 1185 1658 quibus
1231 1584 1689 1657 uporteretoll‘erri
1720 1589 1945 1642 similam
1994 1589 2284 1658 irrigatam,

2378 451 2534 518 αὐτή.
2594 450 2698 502 Kal.
2746 449 2923 517 βωμὸς
2951 449 3177 518 χρύσεος
3232 448 3391 517 μέσος
3429 447 3630 499 τούτων
3689 448 3910 499 πάντων

2379 541 2573 608 ἵδρυτο.
2618 539 2722 593 Καὶ
2749 539 2902 591 άλλαι
2935 538 2992 589 δὲ
3025 537 3291 606 τράπεζαι
3321 538 3534 605 χρυσαῖ,
3573 536 3666 586 καὶ
3695 534 3908 602 λυχνίαι

2380 630 2612 683 ποικίλαι
2645 629 2897 690 ποικίλως
2917 626 3288 697 εἰργασμέναι,
3317 627 3508 694 μικραὶ
3526 626 3619 678 καὶ
3644 625 3912 694 διάφοροι.

2391 719 2477 772 Ἐν
2509 715 2592 779 αἷς
2616 717 2883 787 ἐπετίθετο
2911 715 2978 768 τὰ
3012 715 3130 783 ἱερά
3163 715 3347 783 σκεύη,
3379 714 3564 781 φιάλαι
3611 715 3704 765 καὶ
3748 730 3913 765 σπον-

2380 809 2483 860 δία.
2547 805 2728 858 Ταῦτα
2780 807 2954 859 πάντα
3011 801 3153 872 εἶχεν
3197 805 3225 855 ὀ
3273 803 3379 854 τῶν
3428 800 3480 870 μ’
3535 802 3719 871 πηχῶν
3765 797 3915 862 οἶκος

2382 899 2587 963 Ἀγιος,
2626 896 2728 965 πρὸ
2763 896 2852 948 τοῦ
2904 895 3387 960 καταπετάσματος
3436 891 3528 944 τοῦ
3577 891 3766 946 ἀδύτου
3815 889 3914 942 τοῦ

2395 986 2572 1051 Ἀγίου
2599 985 2703 1037 τῶν
2731 983 2915 1050 ἁγίων,
2945 985 3001 1035 ὲν
3018 975 3061 1048 ᾧ
3087 984 3120 1051 ἡ
3152 981 3394 1043 Κιὸωτὸς
3415 980 3681 1033 ἀνέκειτο.

2383 1092 2625 1146 ΚΕΦΑΛ.
2648 1093 2772 1146 PH'.
2796 1120 2863 1131 —
2899 1091 3035 1144 Τίνα
3055 1087 3129 1158 ἦν
3152 1091 3221 1142 τὰ
3241 1087 3794 1158 κατασκευασθέντα
3812 1083 3918 1136 καὶ

2449 1163 2801 1215 ἀνατεθέντα
2859 1160 2973 1213 ὑπὸ
3031 1155 3132 1212 ι’ὸῦ
3166 1155 3515 1224 Σαλομῶνος
3565 1157 3650 1219 είς
3687 1156 3917 1220 ἱερουρ-

2450 1232 2585 1296 γίαν
2612 1229 2904 1293 κειμήλια.

2455 1338 2696 1405 Οἱνοχοαὶ
2717 1335 3122 1404 ὀκτακισμύριοι
3143 1334 3354 1406 χρυσαῖ,
3381 1333 3616 1401 ἀργυραῖ
3636 1331 3692 1383 δὲ
3719 1328 3914 1382 διπλα-

2386 1427 2574 1488 σίονες.
2604 1425 2829 1488 Φιαλῶν,
2862 1424 3130 1495 μυριάδων
3176 1424 3305 1475 δέκα
3346 1425 3558 1491 χρυσαῖ,
3591 1423 3822 1490 ἀργυραῖ
3856 1419 3920 1472 δὲ

2382 1515 2728 1576 διπλασίονες.
2773 1514 2998 1575 Πίνακες
3039 1505 3118 1574 είς
3160 1513 3222 1565 τὸ
3265 1511 3588 1582 προσφέρειν
3616 1511 3673 1564 ὲν
3725 1511 3919 1569 αὐταῖς

2386 1605 2652 1672 σεμίδαλιν
2674 1604 3037 1672 πεφυρμένην,
3059 1605 3244 1670 χρυσοῖ
3285 1600 3712 1678 ὀκτακισμύριοι,
3741 1600 3920 1667 ἀργυ-

773 1692 944 1736 aurea:
959 1677 1168 1746 quidem
1209 1677 1471 1745 octoginta
1500 1679 1684 1737 millia.
1738 1687 1994 1745 argenteae
2042 1693 2164 1730 vero
2187 1678 2281 1728 du-
2317 1686 2355 1737 Β
2387 1715 2393 1763 l

2317 1686 2355 1737 Β
2387 1697 2476 1763 ραῖ
2508 1693 2561 1745 δὲ
2604 1692 2954 1753 διπλασίονες.
3009 1691 3195 1758 Μέτρα
3238 1689 3291 1741 δὲ
3341 1689 3392 1740 ἳν
3439 1689 3533 1740 καὶ
3575 1687 3791 1754 ὰσσαρὶ,
3838 1685 3919 1745 ὡς

771 1765 858 1833 pln
882 1779 1121 1816 numero.
1154 1761 1410 1817 Mensurae
1435 1774 1606 1818 autem
1634 1764 1729 1817 lliu
1760 1774 1810 1818 et
1829 1765 2033 1826 Assari,
2061 1773 2119 1817 ut
2145 1764 2286 1833 Moy-

773 1870 856 1909 ses
886 1855 1138 1918 etlidcrat,
1169 1871 1340 1908 aurem
1363 1856 1570 1924 quidem
1599 1856 1777 1909 decem
1808 1855 1991 1916 millia,
2017 1863 2068 1909 et
2101 1870 2287 1922 argen-

776 1951 872 2004 tea:
903 1944 1063 2012 duplo
1091 1944 1628 1998 nttmcro.Thuribula
1651 1959 1808 1998 aurea
1826 1945 2009 2013 viginti
2039 1944 2218 2006 millia,
2238 1955 2288 1996 et

775 2033 874 2092 alia
913 2033 1216 2106 ignitabula,
1268 2035 1541 2100 inquibus
1601 2036 1738 2102 ignis
1777 2035 1840 2088 de
1897 2050 2089 2104 magno
2137 2033 2286 2086 altari

776 2122 1088 2188 ponebatur,
1114 2123 1490 2191 quinquaginta
1527 2125 1712 2177 millia.

775 2232 920 2286 CAP.
955 2230 1185 2300 Clxa—
1215 2233 1457 2295 Quantam
1489 2245 1632 2285 erant
1668 2243 1846 2294 restes,
1887 2249 2015 2300 quas
2047 2233 2283 2284 sacerdo-

844 2300 975 2351 tibus
1002 2309 1048 2352 et
1081 2299 1265 2351 Levitis
1311 2301 1376 2351 ad
1401 2315 1548 2353 sacra
1575 2301 1802 2353 obeunda
1829 2299 2112 2354 ministeria
2134 2299 2290 2353 Salo-

844 2383 960 2419 mon
984 2379 1272 2432 paraverat.
1722 2376 1727 2381 '

845 2476 1002 2532 Stolze
1029 2493 1189 2531 sacra:
1212 2493 1331 2531 cum
1364 2477 1643 2545 poderibus
1668 2490 1719 2532 ct
1747 2480 2285 2547 superltumeralibus,

777 2574 827 2617 et
849 2564 1105 2629 rationali,
1154 2573 1207 2618 et
1255 2565 1517 2632 lapidibus
1559 2580 1654 2632 pro
1691 2565 2073 2629 sacerdotibus,
2127 2567 2287 2620 mille.

779 2645 936 2703 Zona:
964 2667 1024 2703 ex
1061 2651 1217 2718 bysso
1243 2663 1295 2704 ct
1337 2667 1588 2719 purpura,
1625 2653 1796 2706 decies
1847 2662 2062 2706 centena
2107 2653 2287 2705 millia.

780 2737 1044 2789 Tubarum
1078 2752 1137 2790 cc
1196 2738 1372 2790 millia.
1399 2738 1587 2790 Levitis
1613 2747 1810 2804 autem,
1855 2753 1915 2789 ex
1955 2738 2114 2807 bysso
2144 2739 2292 2793 stola:

779 2840 840 2876 cc
867 2825 1062 2888 millia;
1111 2833 1162 2877 et
1183 2827 1528 2878 instrumenta
1559 2827 1775 2888 musica,
1807 2828 1977 2878 nablia
2006 2827 2292 2881 cteitltara:

781 2913 1004 2972 inventa:
1055 2912 1119 2967 ad
1164 2912 1378 2965 landum
1430 2923 1639 2983 cantus,
1685 2923 1737 2966 et
1773 2915 1966 2974 electro
2019 2916 2289 2978 confcette,

781 3002 1124 3076 quadraginta
1149 3001 1331 3054 millia.

781 3112 928 3168 CAP.
953 3111 1058 3165 CX.
1081 3142 1138 3152 —
1162 3113 1463 3177 Cujnsntodi
1494 3123 1602 3164 erat
1635 3111 2037 3166 Tabernaculum
2068 3131 2099 3164 a
2125 3113 2296 3180 Moysi:

849 3192 1087 3244 erectum,
1135 3181 1409 3232 secundum
1462 3181 1753 3247 exemplar,
1799 3183 1932 3248 quod
1998 3181 2188 3234 viderat
2243 3180 2295 3233 in

855 3261 1039 3298 monte.

852 3357 972 3408 Erat
999 3356 1210 3424 quidam
1238 3357 1468 3410 ambitus
1497 3357 1750 3410 subdialis
1799 3358 2121 3425 longitudine
2149 3358 2298 3411 cubi-

787 3452 955 3496 torum
984 3458 1031 3504 c,
1064 3443 1338 3495 latitudine
1369 3445 1665 3497 cubitorum
1697 3461 1745 3497 ι..
1782 3446 2097 3498 (Ζοιιειὶιιιιὶο
2121 3456 2294 3499 autent

788 3533 944 3598 hujus
974 3533 1200 3584 ambitus
1235 3533 1536 3600 hujusmodi
1567 3543 1699 3586 erat.
1727 3535 2069 3588 Ambieliatttr
2108 3538 2298 3590 erectis

789 3622 918 3687 palis
948 3621 1107 3673 :eueis
1137 3621 1413 3673 altitudine
1455 3623 1928 3688 quinquecubilali,
1961 3623 2145 3690 viginti
2180 3623 2299 3689 qui-

787 3711 902 3760 dem
937 3709 987 3761 in
1023 3709 1364 3775 longitudine,
1398 3719 1450 3761 at
1499 3710 1680 3762 decem
1714 3711 1764 3762 in
1823 3711 2115 3762 latitudine.
2144 3712 2299 3777 Capi-

790 3799 904 3849 tella
932 3806 1178 3864 argentea
1212 3807 1264 3850 ct
1290 3801 1441 3852 bases
1479 3815 1635 3851 a‘neze
1670 3800 1858 3866 cuique
1882 3800 1997 3866 palo
2023 3799 2300 3852 elaborata:

788 3895 974 3938 erant:
1021 3895 1075 3938 et
1119 3887 1348 3951 quinque
1400 3887 1592 3938 cubitis
1629 3887 1851 3938 invicem
1890 3888 2157 3939 distabant
2198 3888 2299 3953 pali

793 3985 944 4029 terra:
973 3974 1134 4026 inﬁxi.
1182 3974 1369 4026 Aunuli
1406 3976 1539 4042 palis
1585 3975 1930 4037 inhaerebant,
1965 3976 2302 4042 respicientes

792 4064 854 4113 ad
882 4061 1253 4128 longitudinem
1287 4062 1707 4119 ctlatitudincm.
1753 4063 1976 4115 Aunulis
2021 4063 2124 4116 illis
2152 4064 2300 4115 inne-

793 4151 1065 4202 etebantur
1091 4151 1266 4211 funes,
1297 4151 1386 4215 qui
1414 4151 1758 4214 alligabantur
1782 4152 1943 4202 clavis
1971 4153 2119 4202 mrcis
2153 4152 2304 4202 cubi-

2390 1783 2620 1850 Μωῦσῆς
2645 1782 2887 1846 ἐξέδωκε,
2914 1781 3086 1849 χρυσᾶ
3129 1780 3224 1848 μὲν
3257 1779 3440 1848 μύρια,
3490 1778 3700 1845 ἀργυρᾶ
3732 1775 3785 1825 δὲ
3831 1775 3920 1824 δι-

2391 1874 2664 1924 πλασίονα.
2706 1857 3058 1939 (θυμιατήριαΔ
3097 1871 3269 1938 χρυσᾶ
3315 1868 3608 1934 δισμύρια,
3660 1866 3750 1917 καὶ
3779 1864 3918 1918 ἄλλα

2396 1961 2582 2030 μύρια,
2618 1963 2673 2010 ἐν
2705 1955 2779 2021 οἷς
2814 1960 2872 2011 τὸ
2901 1960 3008 2026 πῦρ
3032 1959 3136 2010 άπὸ
3180 1959 3270 2010 τοῦ
3309 1958 3540 2026 μεγάλου
3571 1953 3751 2022 βωμοῦ
3803 1954 3922 2006 ἐτί-

2393 2053 2532 2117 θετο,
2568 2043 3017 2118 πεντακισμύρια.

2392 2247 2633 2298 ΚΕΦΑΛ.
2695 2245 2810 2295 ΡΘ⁹.
2846 2271 2912 2281 —-
2961 2241 3093 2294 Τίνα
3123 2239 3198 2306 ἦν
3255 2238 3322 2290 τὰ
3378 2237 3497 2300 τοῖς
3545 2231 3922 2306 ἱερεῦσι-καὶ

2461 2315 2724 2376 Λευῖταις
2744 2315 2827 2372 εἰς
2848 2309 2949 2373 τὰς
2974 2302 3332 2376 λειτουργίας
3366 2302 3926 2356 κατασκευασθέντα

2459 2382 2575 2433 ὑπὸ
2596 2375 2975 2445 Σαλομῶντος
3004 2375 3321 2440 ἐσθήματα.

2460 2487 2801 2557 Στολαὶίεραι
2835 2489 2928 2538 σὺν
2952 2485 3226 2552 ποδήρεσι,
3264 2481 3357 2534 καὶ
3396 2479 3650 2549 ἐπωμίσι,
3701 2477 3791 2529 καλ⁵
3828 2476 3922 2526 λο-

2394 2580 2513 2648 γίῳ,
2543 2578 2634 2630 καὶ
2664 2577 2826 2636 λίθοις
2875 2577 2983 2635 τοῖς
3032 2573 3359 2642 ἀρχιερεῦσι,
3407 2571 3586 2638 χίλιαι.
3640 2565 3809 2617 Ζῶναι
3857 2559 3926 2613 Fx

2397 2667 2588 2736 βύσσου
2631 2664 2723 2716 καὶ
2746 2663 3022 2730 πορφύρας
3051 2660 3299 2728 μυριάδες
3352 2665 3412 2724 ρ’.
3465 2655 3778 2719 Σαλπίγγων
3813 2669 3924 2718 μυ-

2398 2754 2572 2822 ριάδες
2599 2752 2674 2804 κ’·
2709 2751 2798 2802 καὶ
2822 2749 3087 2812 Δευῒταις,
3118 2749 3180 2798 ὲκ
3209 2748 3404 2814 βύσσου
3436 2744 3631 2804 στολαὶ,
3661 2740 3922 2809 μυριάδες

2395 2821 2441 2894 κ’
2466 2857 2480 2872 ·
2512 2841 2602 2892 καὶ
2632 2840 2696 2890 τὰ
2718 2839 2920 2907 ὄργανα
2953 2821 3021 2887 τά
3056 2836 3303 2903 μουσικὰ,
3322 2832 3509 2885 νᾶϐλαι
3539 2831 3630 2882 καὶ
3671 2829 3925 2896 κιννύραι

2397 2929 2528 2997 πρὸς
2555 2929 2652 2996 τὴν
2679 2927 2944 2998 ὑμνῳδίαν
2985 2925 3358 2993 ὲξευρημὲναι,
3399 2923 3457 2983 ἐξ
3494 2920 3751 2987 ἠλέκτρου
3786 2934 3926 2969 κατ-

2318 2995 2361 3050 c
2392 3017 2775 3084 εσκευασμέναι
2797 3013 3260 3083 τετρακισμύριαι.

2395 3130 2635 3183 ΚΕΦΑΛ.
2661 3125 2758 3187 Pl',
2790 3156 2854 3167 ——
2874 3126 3075 3177 Ὀποίιι
3112 3126 3148 3189 ἡ
3173 3123 3388 3188 σκηνὴ,
3429 3123 3465 3187 ἡ
3498 3122 3613 3174 ὑπὸ
3630 3118 3927 3189 Μωῦσέως

2461 3195 2875 3249 ἀνασταθεῖσα.
2928 3194 3071 3243 κατὰ
3117 3187 3228 3256 τὴν
3263 3187 3563 3251 ὑπόδειξιν
3587 3228 3600 3249 ,
3648 3187 3724 3253 ἢν
3760 3188 3930 3239 ἐι)εά-

2465 3280 2611 3316 σατο
2638 3264 2705 3315 ἐν
2734 3260 2810 3326 τῷ
2845 3262 2983 3327 ὄρει.
3663 3282 3668 3286 ι

2465 3373 2747 3442 Περίόολος
2790 3368 2852 3440 ἦν
2881 3369 3115 3439 αἰθέριος
3147 3369 3348 3437 μήκους
3372 3368 3555 3435 πηχῶν
3586 3372 3651 3433 ρ’,
3684 3363 3923 3424 πλάτους

2397 3464 2580 3531 πηχῶν
2602 3460 2662 3514 ν’.
2701 3463 2762 3513 Ἡ
2785 3460 3050 3520 δὲνστάσις
3077 3455 3143 3527 ἦν
3165 3458 3256 3509 τοῦ
3286 3458 3565 3525 περιϐόλου
3592 3454 3788 3522 ὀρθίοις
3820 3452 3927 3502 κά-

2400 3553 2524 3621 μαξι
2557 3551 2981 3620 περιϐεϐλημένη
3008 3550 3248 3617 χαλκέοις
3293 3547 3654 3613 πενταπήχεσι
3683 3541 3740 3592 τὸ
3767 3540 3928 3607 ὕψος,

2398 3645 2565 3694 εἴκοσι
2592 3641 2687 3707 μὲν
2711 3639 2847 3690 κατὰ
2865 3638 2924 3689 τὸ
2964 3639 3154 3705 μῆκος,
3199 3636 3327 3688 δέκα
3351 3636 3403 3686 δὲ
3429 3635 3563 3686 κατὰ
3616 3634 3673 3684 τὸ
3701 3631 3926 3691 πλάτος.

2399 3729 2728 3798 Κιονόκρανα
2762 3728 2818 3780 δὲ
2857 3729 3093 3798 ἀργύρεα
3138 3729 3228 3782 καὶ
3261 3728 3438 3795 βάσεις
3476 3726 3666 3792 χαλκαῖ
3712 3724 3934 3788 ἑκάστῳ

2401 3808 2601 3887 κάμακι
2632 3817 2968 3885 πεποίηνται,
3001 3817 3157 3866 πέντε
3191 3815 3243 3864 δὲ
3299 3807 3525 3881 πή⁹χεσιν
3563 3815 3653 3863 ἀπ’
3685 3811 3931 3878 ἀλλήλων

2398 3909 2733 3974 διεστήκασιν
2757 3907 2804 3956 οἱ
2845 3905 3084 3971 κάμακες
3135 3903 3626 3969 καταπεπηγμένοι.
3658 3901 3847 3967 Κρίκοι
3871 3900 3931 3950 δὲ

2399 3996 2510 4054 τοῖς
2559 3992 2759 4061 κάμαξι
2793 3990 3170 4059 προσηλοῦντο,
3226 3990 3357 4056 πρὸς
3394 3991 3452 4039 τὸ
3511 3989 3677 4055 μῆκος
3727 3987 3815 4038 καὶ
3865 3989 3933 4037 τδ

2403 4081 2596 4142 πλάτος
2625 4079 3028 4138 ἀποϐλέποντες.
3054 4079 3159 4130 Καὶ
3187 4078 3288 4128 τῶν
3314 4077 3511 4145 κρίκων
3538 4077 3792 4143 ἐξήπτετο
3822 4091 3932 4124 κα-

2402 4170 2580 4230 λώδια,
2613 4169 2752 4236 ἥλων
2782 4167 2990 4234 χαλκῶν
3020 4167 3293 4233 πηχυαίων
3329 4168 3404 4227 εἰς
3434 4167 3492 4216 τὸ
3520 4165 3707 4230 ἔδαφος
3753 4164 3931 4229 καθη-

795 4237 986 4289 talibus
1014 4237 1062 4288 in
1096 4245 1288 4287 terram
1327 4236 1531 4297 defixis,
1564 4251 1666 4302 quo
1702 4238 2089 4289 tabernaculum
2129 4253 2305 4290 serva-
2330 4260 2415 4333 Β]

2330 4277 2381 4333 D
2405 4258 2653 4324 λωμένων
2681 4257 3004 4322 ἐνδεδεμένα,
3047 4256 3180 4321 πρὸς
3227 4255 3285 4304 τὸ
3309 4254 3404 4320 τὴν
3430 4253 3628 4320 σκηνὴν
3675 4251 3933 4318 ἀκίνητον

795 4337 936 4378 retur
995 4327 1258 4378 immobile
1281 4337 1458 4378 contra
1518 4328 1618 4378 vim
1685 4335 1981 4380 ventorum.
2044 4327 2304 4382 Sindones

795 4420 1029 4483 quasdam
1057 4416 1398 4472 cﬂ'urmabant
1429 4419 1576 4485 quasi
1609 4435 1790 4471 murus
1814 4420 2154 4474 tabernaculi.
2182 4435 2307 4472 cou-

799 4510 951 4554 tcxta:
977 4518 1040 4554 ex
1072 4502 1226 4569 bysso
1240 4511 1291 4554 et
1313 4500 1589 4570 hyacintho
1617 4513 1662 4554 et
1698 4519 1926 4570 pmpura
1959 4513 2114 4568 atque
2138 4505 2306 4556 cocci-

797 4608 882 4649 no.
929 4600 1184 4658 erantque
1238 4592 1723 4660 quinquccubitalt-s
1777 4605 1830 4645 et
1874 4593 2239 4659 qttadrilaterze
2276 4609 2306 4646 a

797 4681 1037 4746 capitt-llo
1094 4697 1255 4747 usque
1308 4684 1370 4735 ad
1410 4683 1593 4735 basim.
1651 4693 1702 4734 et
1735 4682 2158 4736 diﬂ'ttndcbantur
2215 4700 2308 4750 per

799 4768 995 4820 medios
1022 4769 1169 4837 palos
1194 4785 1357 4837 usque
1387 4772 1448 4822 ad
1475 4770 1848 4837 pavimentum.
1876 4772 1949 4822 Ac
1977 4775 2074 4823 tria
2098 4774 2307 4838 quidcm

801 4858 963 4908 latera
1004 4859 1101 4910 hoe
1125 4859 1482 4912 consistebant
1509 4860 1683 4912 modo.
1723 4859 1822 4911 Sed
1870 4860 2004 4912 latus
2037 4872 2306 4927 quartum,

800 4947 936 5010 quod
970 4955 1022 4998 ct
1069 4947 1199 4999 bene
1227 4947 1344 5013 quis
1393 4947 1581 4998 dixerit
1637 4950 1860 5013 primum
1916 4950 2088 5015 potius
2140 4950 2303 5004 luisse

805 5037 937 5098 (erat
984 5035 1110 5086 illud
1140 5052 1364 5101 namque
1397 5036 1641 5090 introitus
1669 5039 1878 5103 quidam
1915 5041 1962 5089 in
1993 5041 2306 5092 tabernacu-

737 5146 740 5149 τ
800 5126 924 5182 lum,
957 5125 1150 5177 habens
1168 5125 1541 5192 quinquaginm
1565 5128 1812 5194 cubitus),
1829 5129 2052 5181 habebat
2078 5130 2304 5183 medium

801 5213 1077 5278 quemdam
1130 5211 1401 5263 introitum
1433 5215 1653 5267 similem
1683 5227 1864 5283 portze.
1904 5221 2198 5272 cubitorum
2231 5223 2306 5273 vi—

800 5303 966 5366 ginti;
1007 5316 1067 5351 ac
1116 5301 1220 5350 duo
1278 5301 1376 5366 pali
1424 5305 1611 5371 cuique
1666 5305 1810 5356 lateri
1869 5307 2110 5363 introitus
2162 5309 2307 5361 ittlixi

804 5390 1026 5450 tut-rant,
1084 5389 1170 5455 qui
1207 5389 1497 5443 cllieiebant
1553 5393 1705 5450 veluti
1737 5405 1928 5460 postes.
1981 5399 2052 5450 Ex
2088 5408 2306 5463 utraque

804 5489 975 5529 autem
1008 5487 1153 5540 parte
1183 5479 1425 5531 introitus
1445 5483 1742 5547 quindecim
1767 5487 1922 5539 cubiti
1944 5491 2301 5552 remanebant,

2406 4348 2507 4398 ὑπὸ
2537 4346 2633 4412 τῆς
2664 4345 2770 4396 τῶν
2796 4345 3003 4410 ἀνέμων
3033 4344 3149 4412 βίας
3193 4343 3583 4408 διαφυλάττειν.
3621 4341 3850 4392 Σινδόναι
3871 4341 3932 4390 δὲ

2407 4433 2761 4500 κατετείχιζον
2791 4434 2884 4502 τὴν
2913 4431 3108 4499 σκηνὴν
3135 4434 3196 4482 ὲκ
3223 4430 3414 4498 βύσσου
3445 4432 3535 4481 καὶ
3563 4429 3808 4481 ὑακίνθου
3835 4427 3934 4478 καὶ

2408 4523 2680 4592 πορφύρας
2737 4522 2826 4572 καὶ
2873 4521 3116 4573 κοκκίνου
3146 4520 3516 4586 διυφασμέναι,
3549 4517 3930 4581 πενταπήχεις,

2406 4613 2745 4678 τετράγωνοι,
2765 4612 2868 4663 ἀπὸ
2889 4612 2978 4661 τοῦ
3004 4611 3226 4679 κράνους
3244 4612 3400 4676 μέχρι
3424 4609 3516 4674 τῆς
3541 4608 3758 4674 βάσεως,
3789 4607 3936 4656 κατᾶ

2409 4702 2570 4768 μέσου
2597 4701 2704 4752 τῶν
2751 4699 3030 4767 καμακίων
3074 4699 3176 4758 ἕως
3203 4698 3430 4762 ἐδάφους
3460 4695 3765 4763 κεχυμέναι.
3818 4696 3933 4746 Καὶ

2406 4791 2462 4840 αἱ
2483 4791 2577 4857 μὲν
2602 4791 2743 4856 τρεῖς
2773 4787 2993 4854 πλευραὶ
3015 4785 3197 4837 τοῦτον
3219 4785 3474 4854 ἑστήκασι
3503 4785 3590 4836 τὸν
3612 4785 3823 4852 τρόπον.
3861 4786 3932 4836 ῚΙ

2406 4877 2459 4928 δὲ
2486 4877 2712 4943 τετάρτη
2733 4873 2955 4943 πλευρὰ,
2981 4874 3046 4941 ἣν
3077 4876 3168 4924 καὶ
3192 4874 3410 4941 πρώτην
3446 4872 3643 4940 μᾶλλόν
3673 4890 3754 4932 τις
3784 4870 3931 4922 εἴποι

2408 4967 2581 5027 καλῶς
2617 4963 2748 5016 εἶναι
2782 4963 2998 5033 (εἴσοδος
3039 4964 3143 5031 γάρ
3175 4959 3239 5030 ἦν
3269 4965 3346 5023 εἰς
3370 4961 3466 5030 τὴν
3510 4964 3710 5031 σκηνὴν
3765 4960 3930 5029 αὕτη,

2408 5056 2734 5122 πεντήκοντα
2766 5057 2953 5122 πήχεις
3008 5053 3220 5122 ἔχουσα)
3257 5052 3425 5122 πύλης
3467 5053 3563 5120 μὲν
3606 5051 3933 5119 είκασμένην

2411 5145 2575 5211 μέσην
2607 5144 2772 5194 εἴκοσι
2806 5143 3019 5210 πηχέων
3062 5141 3199 5210 εἶχεν
3238 5141 3458 5205 εἴσοδον,
3481 5142 3570 5192 δύο
3595 5143 3648 5192 δὲ
3675 5144 3933 5205 κάμακας

2406 5237 2603 5302 ἑκάστῃ
2639 5233 2841 5302 τελευρᾷ⁵
2870 5235 2962 5300 τῆς
2994 5233 3192 5283 εἰσόδου
3227 5234 3627 5298 καταπέπηκτο,
3652 5233 3932 5298 παραστά-

2406 5326 2497 5383 δας
2529 5323 2710 5390 ὥσπερ
2737 5321 3110 5382 ἀποτελούσας.
3163 5322 3488 5390 Ἐκατέρωθε
3518 5321 3570 5372 δὲ
3602 5322 3696 5389 τῆς
3728 5322 3932 5371 εἰσόδου

2408 5412 2504 5460 ἀνὰ
2534 5410 2818 5460 δεκαπέντε
2871 5409 3058 5476 πήχεις
3091 5410 3384 5474 ἀνέμεινον,
3442 5408 3664 5459 ἑκάστου
3722 5408 3931 5475 μέρους

2408 5497 2548 5561 τρεῖς
2611 5493 2855 5560 κάμακας
2912 5494 3390 5561 καταπεπηγμένου
3441 5496 3531 5546 καὶ
3585 5494 3928 5560 ἐρεισμὲνου,
