4102 6338
793 305 890 366 139

2261 295 2558 357 IOSEPPI

3856 286 3955 348 140

787 412 957 461 ιιιὶιιιη
990 407 1299 461 testamenti
1335 407 1479 469 novi,
1501 417 1553 460 ct
1577 407 1692 475 ejus
1709 406 1852 475 quod
1873 419 2038 473 penes
2070 403 2321 460 Hebraeos

2435 402 2670 472 Ἡρώδου
2697 402 2954 470 πονηρίαν
2988 398 3378 467 ύποϐαλλούσῃ.
3431 397 3516 458 Ὠς
3537 398 3594 448 ού
3633 398 3692 449 τὸ
3720 398 3957 467 είσερχόο

781 509 900 552 erat
935 498 1003 552 ⁸³.
1043 498 1129 550 10.
1163 496 1309 550 Usus
1337 505 1419 550 est
1455 497 1802 551 similitudine
1829 495 2002 563 vulpis
2035 494 2320 548 indicantis

781 588 1042 642 malitiam
1066 587 1288 639 Herodis
1305 587 1370 637 “.
1402 586 1488 640 Η.
1521 585 1724 649 Domit,
1759 602 1862 639 non
1895 586 1945 638 id
1974 587 2116 653 quod
2155 585 2322 651 ingre-

785 677 952 735 ditur,
984 674 1075 728 sed
1114 674 1256 743 quod
1289 675 1563 742 egreditur
1612 674 1964 742 coinquinare
2007 672 2318 725 hominem:

786 764 890 816 hoc
946 771 1066 824 est,
1105 762 1456 829 cogitationes
1502 776 1564 815 ac
1626 760 1923 816 locutiones
1981 760 2204 815 vitiosas
2251 761 2318 813 “.

788 853 874 907 l2.
900 852 985 907 Est
1015 863 1066 906 et
1092 851 1480 905 Pharisaeorum
1517 848 1928 912 fermentum,id
1954 858 2053 911 cst,
2095 848 2316 911 malitia,

786 956 904 1010 qum
940 952 989 994 et
1014 942 1144 994 alios
1169 941 1336 994 malos
1361 940 1520 994 efllcit
1537 940 1600 995 “.
1638 939 1722 992 l5.
1743 937 1991 990 Ostensio
2014 952 2320 1006 puerorum,

789 1029 857 1083 ad
920 1028 1217 1083 inuuendos
1279 1027 1552 1095 simplices
1608 1023 1984 1078 salvandorum
2033 1037 2210 1076 mores
2254 1023 2318 1074 ".

790 1120 879 1173 Ν.
906 1116 1186 1184 Inquisitio
1202 1115 1315 1169 ovis
1336 1114 1492 1167 unius
1509 1113 1882 1182 perditae,qua:
1911 1111 2085 1163 innuit
2103 1110 2320 1163 humani

784 1207 992 1276 generis
1048 1206 1271 1260 salutem
1305 1203 1367 1255 ⁸⁸.
1421 1202 1505 1255 l5.
1531 1200 1788 1254 Parabola
1837 1202 1901 1254 de
1935 1216 2000 1253 eo
2047 1200 2136 1268 qui
2193 1214 2319 1252 con-

781 1305 996 1349 secutus
1047 1303 1126 1345 cst
1155 1292 1359 1346 veniam
1406 1289 1692 1343 multorum
1721 1297 2059 1357 peccatorum
2102 1289 2320 1341 aohrro

782 1397 905 1446 suo,
944 1391 998 1434 at
1026 1381 1137 1449 ipse
1162 1380 1431 1433 conservis
1464 1378 1576 1438 suis
1601 1391 1707 1430 non
1752 1376 1956 1430 remisit
1993 1390 2153 1444 parva
2198 1389 2319 1442 quae

784 1473 837 1528 in
862 1487 918 1525 se
943 1471 1333 1524 commiserunt
1355 1475 1570 1536 peccata
1600 1467 1664 1518 “.
1710 1465 1798 1518 l6.
1838 1465 2015 1518 Altera
2047 1463 2111 1517 de
2151 1464 2319 1517 servis

786 1559 970 1612 missis
999 1559 1060 1609 ad
1103 1557 1392 1624 exigendos
1453 1554 1659 1608 fructus
1705 1559 1871 1606 vineae
1896 1562 1949 1606 et
1996 1552 2317 1606 contumelia

782 1650 985 1703 allectis
1018 1657 1174 1714 atque
1210 1646 1435 1708 occisis;
1469 1654 1522 1697 et
1551 1644 1617 1698 de
1643 1643 1752 1696 lllio
1772 1657 1868 1710 pro
1893 1643 2079 1698 eadem
2138 1656 2196 1694 re
2229 1655 2316 1694 ve-

2431 507 2610 559 μενον,
2642 489 2775 542 ἀλλά
2805 488 2866 540 τὸ
2889 489 3238 557 ἐξερχόμενον
3289 486 3500 555 μολύνει
3525 487 3618 537 τὸν
3658 486 3958 555 ἄνθρωπον,

2427 579 2642 643 ὄὲστιν,
2686 578 2740 629 αί
2772 578 2868 645 τῆς
2906 576 3099 637 κακίας
3142 576 3336 628 ἔννοιαι
3390 577 3482 627 καὶ
3533 575 3700 641 λόγοι.
3745 575 3808 626 Ἢ
3855 576 3956 627 τῶν

2426 666 2932 736 Φαρισαίωνζύμη,
2973 665 3246 718 τουτέστιν
3284 666 3315 733 ἡ
3352 666 3604 735 πονηρία,
3633 667 3666 734 ὴ
3715 666 3808 717 καὶ
3839 666 3958 726 τοὺς

2426 755 2613 817 ἄλλους
2639 755 2953 818 κακίζουσα.
2983 755 3049 807 Ἦ
3075 754 3184 806 τῶν
3210 755 3435 807 παιδίων
3465 753 3798 829 παράδειξις,
3827 755 3958 820 πρὸς

2424 844 2483 897 τὸ
2504 844 2702 897 ἁπλοῦν
2733 844 2839 897 τῶν
2885 843 3203 912 σωζομένων
3227 845 3442 912 τρόπον.
3474 844 3550 923 ,Ἠ
3581 843 3674 895 τοῦ
3695 843 3960 896 ἀπολωλός

2423 951 2513 996 τος
2534 935 2648 996 ἑνὸς
2676 935 2950 1004 προϐάτου
2979 935 3223 1003 ζήτησις,
3255 933 3351 1001 τὴν
3371 932 3464 986 τοῦ
3487 933 3672 1000 γένους
3722 933 3828 984 τῶν
3872 935 3959 984 άν-

2425 1023 2655 1092 θρώπων
2679 1021 3032 1075 ὑποδεικνύσα
3063 1021 3347 1091 σωτηρίαν.
3368 1021 3431 1073 Ἠ
3464 1021 3555 1074 τοῦ
3565 1021 3812 1089 τυχόντος
3833 1022 3960 1072 πολ-

2425 1111 2530 1163 λῶν
2560 1112 2946 1182 πλημμελειῶν
2983 1111 3131 1180 παρά
3167 1111 3260 1164 τοῦ
3311 1111 3565 1164 δεσπότου
3602 1109 3699 1179 τὴν
3747 1109 3957 1176 ἄφεσιν.

2424 1199 2584 1252 αὑτοῦ
2608 1201 2663 1252 δὲ
2692 1203 2764 1269 μὴ
2795 1201 3040 1268 ἀφιέντος
3066 1203 3178 1262 τοῖς
3211 1199 3510 1261 συνδούλοις
3537 1200 3635 1261 τὰς
3673 1201 3754 1261 είς
3803 1200 3962 1250 αὐτὸν

2429 1290 2628 1358 μικρὰς
2649 1289 2942 1359 ἁμαρτίας.
2968 1286 3176 1341 Δούλων
3193 1289 3599 1342 ἀποσταλέντων
3622 1288 3713 1339 ἐπὶ
3735 1291 3798 1356 τῇ
3851 1287 3962 1338 τῶν

2425 1378 2654 1448 καρπῶν
2684 1378 2841 1446 λήψει
2864 1378 2955 1430 τοῦ
2985 1377 3324 1445 ἀμπελῶνος,
3349 1379 3439 1430 καὶ
3483 1377 3840 1446 ὑϐρισθέντων
3869 1379 3963 1429 καὶ

2425 1465 2807 1534 φονευθέντων,
2845 1467 2936 1517 καὶ
2975 1465 3065 1517 τοῦ
3092 1465 3208 1518 υἱοῦ
3258 1466 3337 1527 είς
3372 1464 3526 1516 τοῦτο
3556 1466 3819 1528 ἐλθόντος,
3869 1467 3964 1517 καὶ

2422 1558 2490 1609 τά
2519 1557 2608 1608 ῐσα
2631 1555 2782 1625 παρά
2812 1556 2918 1606 τῶν
2944 1555 3268 1623 ἀγνωμόνων
3303 1554 3412 1614 τοῖς
3439 1552 3643 1615 δούλοις
3696 1554 3962 1604 πεπονθό-

2428 1663 2538 1708 τος.
2579 1647 2641 1697 Ἥ
2672 1646 2778 1698 τῶν
2807 1644 2912 1698 ἀπὸ
2940 1643 3156 1713 πρώτης
3187 1643 3328 1712 ῶρας
3351 1645 3476 1708 ,καὶ
3508 1643 3714 1713 τρίτης,
3745 1645 3836 1695 καὶ
3874 1644 3964 1695 ix-

783 1739 1034 1800 nienti,et
1061 1740 1170 1804 pari
1196 1736 1354 1788 modo
1371 1744 1529 1801 atque
1552 1732 1691 1786 servi
1712 1733 1776 1785 ab
1809 1729 2313 1800 ingratisaﬂecto".

2424 1753 2515 1805 της
2540 1736 2632 1788 καὶ
2682 1736 2930 1802 ὲννάτης,
2960 1737 3052 1787 καὶ
3085 1733 3219 1802 πρὸς
3275 1734 3508 1802 ἑσπέραν
3543 1735 3624 1795 είς
3660 1733 3756 1801 τὴν
3790 1734 3959 1801 ἐργα-

783 1827 870 1878 17.
913 1824 1168 1878 Parabola
1222 1837 1405 1876 eorum
1459 1821 1551 1888 qui
1594 1821 1837 1873 mercede
1881 1819 2131 1872 conducti
2170 1816 2318 1869 missi

773 1925 905 1969 sunt
929 1914 994 1966 ad
1051 1913 1398 1965 laborandum
1438 1910 1489 1962 in
1543 1910 1719 1973 vinea,
1754 1910 1879 1961 hora
1907 1907 2099 1976 prima,
2137 1915 2188 1959 et
2215 1915 2320 1959 ter-

780 2005 871 2067 tia,
898 2010 952 2056 et
980 2013 1149 2065 sexta,
1183 2009 1234 2053 et
1257 2013 1402 2052 nona
1432 2006 1484 2050 et
1524 1998 1624 2050 sub
1660 2011 1933 2065 vesperam
1965 1996 2030 2046 “.
2069 1996 2153 2047 18.
2190 1993 2316 2047 Item

779 2090 997 2162 reiectio
1021 2104 1204 2144 eorum
1245 2089 1336 2156 qui
1390 2088 1456 2140 ad
1501 2086 1718 2154 nuptias
1768 2083 2320 2150 vocatijuerautncc

777 2187 1152 2244 occurrerunt;
1202 2178 1517 2244 vocatioque
1571 2190 1756 2229 eorum
1797 2175 1890 2242 qui
1944 2174 2178 2227 vicissim
2237 2174 2320 2225 in-

765 2271 922 2325 ducti
951 2267 1248 2321 lueruntde
1268 2266 1576 2318 exitibuset
1602 2265 1774 2316 triviis
1805 2265 1872 2314 ".
1904 2263 1989 2317 19.
2022 2261 2318 2329 Repudium

768 2359 894 2426 eius
912 2358 999 2426 qui
1016 2357 1193 2408 minus
1222 2355 1412 2407 decore
1432 2351 1499 2404 ad
1525 2352 1735 2418 nuptias
1763 2350 2061 2404 venerat".
2099 2350 2185 2401 20.
2224 2349 2317 2403 Ue-

780 2461 894 2500 cem
952 2443 1216 2510 virginum
1261 2452 1568 2510 paratarum
1600 2450 1651 2492 et
1705 2440 2086 2503 imparatarum
2127 2438 2314 2491 obvia-

781 2537 855 2588 tiu
881 2537 945 2588 ".
978 2534 1068 2586 2i.
1100 2534 1362 2586 Accessus
1396 2530 1778 2597 negotiantium
1813 2542 2238 2590 oeconomorutn,
2269 2535 2322 2580 et

778 2625 1098 2682 lucrantium
1135 2639 1197 2674 ex
1222 2623 1414 2690 Opibus
1450 2621 1588 2678 heri.
1622 2628 1782 2686 atque
1818 2619 2018 2671 idcirco
2049 2632 2323 2670 commen-

780 2715 1028 2769 daturum
1073 2729 1085 2764 :
1123 2711 1278 2764 otiosi
1307 2711 1429 2763 item
1480 2718 1533 2762 et
1585 2707 1903 2760 infructuosi
1937 2707 2222 2775 ignominia
2255 2706 2319 2756 ".

777 2804 868 2856 9.2.
898 2801 1192 2856 Collocatio
1225 2800 1403 2852 ovium
1431 2798 1495 2850 ad
1519 2797 1793 2851 dexteram
1826 2804 1879 2849 et
1915 2796 1980 2848 ad
2012 2795 2318 2859 sinistram;

783 2894 994 2946 ilaarum
1052 2890 1267 2959 quidem
1320 2887 1574 2957 gloriosa,
1628 2888 1814 2940 barum
1856 2901 1985 2940 vero
2039 2885 2320 2938 contume-

781 2982 915 3036 liosa
941 2982 1015 3032 "".
1056 2981 1144 3033 23.
1187 2978 1437 3032 Ostensio
1479 2976 1597 3044 ejus
1645 2977 1734 3044 qui
1762 2975 1949 3030 incidit
1978 2975 2029 3027 in
2066 2975 2320 3036 latrones,

2422 1825 2538 1876 σίαν
2569 1824 2662 1875 τοῦ
2682 1823 2993 1891 ἀμπελῶνος
3015 1822 3298 1890 ὲπίμισθον
3323 1822 3719 1890 κομισαμένων.
3765 1822 3824 1873 'H
3855 1822 3964 1872 τῶν

2419 1915 2496 1973 είς
2521 1913 2644 1973 τοὺς
2683 1912 2889 1979 γάμους
2923 1909 3254 1978 κληθέντων,
3284 1909 3377 1960 καὶ
3419 1907 3492 1977 μὴ
3539 1907 3964 1975 ἀπαντησάντων

2417 2000 2679 2068 ἀποϐολὴ,
2707 2002 2800 2052 καὶ
2847 2000 2954 2052 τῶν
2979 1998 3431 2066 ἀντεισαχθέντων
3470 2002 3533 2050 ὲκ
3565 1999 3809 2063 διεξόδων
3865 1999 3964 2049 καὶ⁸

2417 2087 2637 2156 τριόδων
2661 2086 2873 2157 κλῆσις.
2909 2087 2970 2139 Ἦ
2993 2088 3083 2139 τοῦ
3114 2088 3187 2156 μὴ
3225 2089 3535 2156 πρεπόντως
3558 2087 3966 2155 ἀπαντήσαντος

2418 2177 2498 2237 είς
2518 2176 2641 2238 τοὺς
2664 2177 2874 2244 γάμους
2922 2175 3135 2243 ἐκϐολή.
3207 2175 3270 2227 Ἦ
3331 2176 3439 2228 τῶν
3502 2177 3631 2228 δέκα
3679 2176 3964 2245 παρθένων

2417 2268 2630 2336 ἕτοιμος
2659 2270 2756 2321 καὶ
2792 2269 3073 2338 ἀνετοιμος
3127 2267 3455 2336 ἀπάντησις.
3509 2268 3571 2320 Ἡ
3599 2268 3705 2320 τῶν
3727 2268 3965 2337 ἐνεργῶν

2418 2359 2732 2425 οἰκονόμων,
2782 2357 2877 2410 καὶ
2927 2357 3268 2425 πορισάντων
3316 2358 3394 2420 είς
3433 2356 3501 2409 τὰ
3556 2357 3650 2410 τοῦ
3703 2358 3962 2409 δεσπότου

2421 2447 2700 2514 χρήματα,
2725 2445 3162 2513 ἀπάντησις,’καὶ
3185 2446 3272 2498 διὰ
3307 2446 3461 2498 τοῦτο
3491 2447 3835 2515 τιμωμένων,
3867 2449 3966 2499 καὶ

2421 2536 2454 2602 ἡ
2484 2533 2576 2586 τοῦ
2607 2533 2777 2602 ἀργοῦ
2809 2535 2903 2585 καὶ
2941 2533 3232 2602 άπορίστου
3285 2535 3497 2602 ἀτιμία.
3541 2536 3604 2587 Ἦ
3631 2535 3739 2586 τῶν
3768 2537 3832 2587 ὲκ
3871 2535 3932 2586 δε
3954 2567 3966 2574 -

2423 2622 2550 2687 ξιῶν
2582 2622 2866 2692 προϐάτων
2913 2623 3004 2675 καὶ
3036 2621 3142 2674 τῶν
3169 2623 3228 2686 ἐξ
3254 2624 3567 2692 εὐωνύμων,
3597 2623 3707 2676 τῶν
3746 2626 3844 2693 μὲν
3876 2625 3967 2677 εν-

2421 2716 2586 2779 δοξος,
2626 2715 2733 2767 τῶν
2761 2715 2816 2768 δὲ
2849 2717 2934 2768 ἐπ’
2961 2714 3145 2785 ἀδοξία
3173 2715 3533 2784 παράστασις.
3575 2715 3638 2767 Ἠ
3668 2717 3760 2767 τοῦ
3788 2719 3968 2785 ἐμπε-

2423 2806 2602 2866 σόντος
2626 2806 2704 2862 είς
2733 2806 2858 2866 τοὺς
2895 2806 3112 2876 λῃστάς,
3155 2807 3245 2856 καὶ
3272 2805 3376 2856 ὑπὸ
3421 2805 3755 2873 Σαμαρείτου
3811 2806 3968 2873 ἐλεη-

2423 2895 2625 2958 θέντος,
2661 2895 2734 2963 μὴ
2767 2894 3079 2962 ἐλεηθέντος
3109 2895 3165 2946 δὲ
3212 2895 3314 2946 ὑπὸ
3351 2895 3637 2964 Φαρισαίου
3668 2898 3759 2947 καὶ
3806 2895 3971 2948 Λευτ-

2423 3000 2537 3046 του,
2566 2982 2854 3046 ύπόδειξις.
2891 2982 2952 3032 Ἢ
2981 2983 3073 3033 τοῦ
3097 2985 3153 3033 ὲν
3175 2984 3330 3034 νυκτὶ
3353 2983 3444 3034 τὸν
3492 2985 3650 3050 ἄρτον
3691 2982 3972 3045 αἰτοῦντος

785 3080 839 3125 et
896 3085 924 3123 a
991 3068 1331 3122 Samaritano
1373 3066 1798 3120 misericordiam
1849 3073 1930 3118 est
1979 3071 2320 3126 consecutus,

2424 3070 2507 3123 διὰ
2523 3037 2634 3138 ’τῆς
2663 3037 2973 3138 παρανόμου
3023 3068 3445 3139 ὲκλιπαρήσεως,
3464 3037 3640 3138 λῆιῲις.
3665 3071 3728 3121 'H
3749 3071 3908 3137 συκῆ,
3933 3037 3970 3139 ἦ

781 3175 878 3214 nec
913 3169 1087 3212 tamen
1140 3166 1458 3210 consecutus
1525 3153 1701 3208 fuerat
1742 3169 1772 3206 a
1803 3151 2076 3205 Pharisazo
2115 3152 2194 3203 vel
2225 3150 2320 3203 Le-

2424 3158 2513 3209 διὰ
2542 3155 2816 3224 ἀκαρπίαν
2846 3157 2916 3224 μὴ
2939 3155 3284 3225 ὲκτμηθεῖσα,
3312 3159 3408 3208 ἀλλ
3425 3159 3436 3178 ’
3456 3157 3538 3210 ἵνα
3561 3159 3765 3224 καρπὸν
3786 3161 3972 3229 ἀγάγῃ

781 3249 888 3300 vita
945 3247 1018 3300 τ’.
1079 3246 1169 3297 24.
1201 3243 1461 3296 Parabola
1502 3242 1618 3308 ejus
1678 3241 1769 3308 qui
1826 3240 1880 3292 in
1935 3247 2090 3292 nocte
2129 3254 2319 3307 panem

2424 3250 2512 3298 ἐπὶ
2543 3247 2831 3314 ὑποσχέσει
2885 3246 3133 3314 μείνασα.
3177 3246 3233 3296 Ὀ
3263 3247 3452 3317 κριτὴς
3486 3249 3513 3298 ὁ
3545 3248 3840 3317 άνευλαϐὴς
3873 3251 3975 3300 καὶ

783 3337 1038 3405 petebat,
1090 3342 1141 3386 et
1219 3341 1432 3400 propter
1506 3330 1869 3397 importunam
1944 3328 2316 3382 assiduitatem

785 3423 987 3492 accepit
1031 3423 1094 3474 ⁷⁸.
1138 3420 1520 3480 25.Ficulnea,
1552 3433 1670 3486 qua:
1707 3430 1922 3485 propter
1967 3417 2319 3470 infecundita-

787 3523 889 3566 tem
920 3529 1023 3563 non
1051 3510 1148 3562 fuit
1180 3509 1380 3572 excisa,
1407 3508 1498 3562 sed
1535 3507 1720 3560 relicta
1763 3509 1862 3560 sub
1910 3506 2311 3574 pollicitatione,

788 3612 842 3654 ut
880 3600 1108 3653 fructum
1139 3599 1298 3651 faciat
1329 3599 1400 3648 ’⁸.
1443 3596 1530 3648 26.
1565 3593 1738 3649 Judex
1783 3595 2112 3663 irreligiosus
2145 3603 2198 3646 et
2235 3594 2316 3646 in-

786 3691 1142 3752 verecundus,
1164 3690 1254 3758 qui
1290 3689 1478 3742 saltem
1508 3687 1695 3748 audiit,
1739 3694 2018 3752 propterea
2049 3684 2193 3750 quod
2238 3684 2319 3735 vi-

677 3787 687 3796 '
784 3787 888 3837 dua
919 3781 1223 3850 apudillum
1259 3781 1561 3846 importune
1603 3775 1829 3828 instabat
1859 3773 1926 3826 ⁸⁸.
1965 3772 2053 3826 27.
2083 3772 2191 3827 Viri
2226 3788 2320 3826 uo-

786 3873 908 3926 bilis
958 3872 1029 3924 ad
1071 3868 1444 3937 accipiendum
1473 3880 1696 3934 regnum
1739 3879 1960 3932 peregre
1984 3863 2122 3916 facta
2147 3865 2321 3931 profc-

784 3964 910 4026 ctio,
942 3971 995 4014 ct
1025 3960 1292 4013 excidium
1316 3970 1524 4018 eorum,
1553 3953 1644 4022 qui
1685 3952 1830 4004 illum
1861 3951 2210 4020 repudiarunt
2268 3953 2321 4004 in

2417 3335 2657 3404 ἀναιδὴς,
2680 3333 2766 3386 διὰ
2787 3334 2916 3400 γοῦν
2959 3334 3018 3385 τὸ
3068 3335 3361 3403 ὀχλεῖσθαι,
3413 3337 3509 3404 τῆς
3555 3337 3974 3405 προσοχλούσης

2416 3425 2580 3494 χήρας
2612 3423 2866 3483 ἀκούσας.
2908 3423 2968 3475 'H
3013 3425 3106 3474 τοῦ
3137 3424 3388 3490 εὐγενοῦς
3430 3426 3521 3478 ἐπὶ
3576 3426 3843 3494 βασιλείας
3873 3428 3974 3493 λή-

2416 3517 2505 3580 ψει
2530 3515 2607 3573 είς
2639 3512 2850 3581 μακράν
2874 3513 3177 3581 ἀποδημίαν
3196 3513 3536 3582 [ἀποδημίᾳ],
3572 3517 3661 3566 καὶ
3686 3516 3791 3566 τῶν
3824 3531 3896 3564 πα
3909 3532 3976 3582 ρ-

2422 3599 2750 3667 αιτουμένων
2782 3600 2942 3652 αὑτὸν
2968 3603 3026 3652 έν
3061 3605 3127 3670 τῇ
3174 3603 3269 3669 τῆς
3302 3601 3570 3669 βασιλείας
3601 3603 3778 3670 λήψει,
3812 3605 3973 3656 ἀναί-

2425 3703 2590 3756 ρεσις.
2630 3686 2686 3737 '0
2715 3687 2938 3754 ποιμὴν,
2964 3689 2992 3738 ὁ
3041 3687 3128 3738 διὰ
3178 3688 3275 3755 τῆς
3332 3687 3496 3757 θύρας
3525 3689 3705 3741 εἰσιὼν
3733 3693 3812 3751 είς
3862 3692 3970 3758 τὴν

2428 3777 2684 3845 μάνδραν,
2710 3777 2804 3828 καὶ
2826 3777 2892 3828 τὰ
2921 3775 3161 3845 πρόϐατα
3206 3777 3323 3828 κατ’
3356 3777 3523 3847 ὄνομα
3567 3778 3763 3840 καλῶν,
3797 3779 3890 3832 καὶ
3946 3784 3979 3832 ὁ

2430 3867 2502 3936 μὴ
2527 3868 2611 3919 διὰ
2637 3867 2738 3932 τῆς
2763 3865 2950 3948 θύρας,
2973 3867 3107 3919 ἀλλὰ
3131 3867 3438 3936 ἀλλαχόθεν,
3471 3867 3702 3937 κλέπτης
3723 3868 3818 3928 ὢν,
3843 3871 3964 3921 ἐπι-

2427 3953 2641 4008 ϐαίνων.

785 4055 1120 4121 susceptione
1168 4053 1314 4118 regni
1361 4051 1427 4101 ⁸¹.
1469 4049 1558 4102 28.
1599 4047 1788 4100 Pastor
1822 4086 1837 4110 ,
1878 4046 1968 4114 qui
2014 4062 2106 4114 per
2162 4048 2359 4100 ostium
2425 4049 2719 4116 ingreditur
2749 4051 2801 4102 in
2849 4050 3091 4111 caulam,
3141 4063 3374 4117 ovesque
3421 4051 3732 4103 nominatim
3792 4062 3976 4104 vocat.

786 4155 838 4199 et
866 4145 930 4209 is,
968 4143 1051 4196 cui
1083 4157 1206 4195 cum
1243 4142 1378 4195 latro
1413 4140 1503 4204 sit,
1534 4137 1750 4192 aliunde
1777 4137 2073 4205 ingreditur
2101 4145 2156 4188 et
2207 4153 2312 4189 non
2381 4153 2473 4205 per
2504 4146 2712 4205 portam
2737 4139 2801 4191 θ’.

787 4251 936 4304 CAP.
969 4249 1313 4327 CXXXIlla—
1365 4249 1596 4327 Quorum
1642 4256 1974 4322 externorum
2008 4245 2321 4327 testimonio-

2431 4244 2676 4327 ΚΕΦᾼΛ..
2717 4247 2982 4327 ΙξΛΓχ-
3015 4249 3202 4327 Iliae)?“
3231 4247 3348 4301 τῶν
3380 4251 3596 4327 ἔξωθεν
3637 4251 3930 4327 μαρτυριᾷ
3943 4271 3984 4303 ν

965 4335 1077 4368 rum
1128 4320 1323 4369 l'aulus
1371 4315 1633 4382 apostolus
1675 4314 1980 4365 mentionem
2009 4312 2154 4377 facit.

849 4427 1096 4480 'Causam
1127 4425 1312 4478 dicens
1358 4423 1579 4476 Athenis
1617 4437 1714 4490 pro
1762 4421 2088 4474 defendenda
2141 4422 2328 4488 prmu’i-

793 4518 997 4570 ratione
1029 4516 1190 4579 verbi,
1228 4516 1303 4568 ait
1335 4533 1346 4567 :
1383 4513 1447 4567 Ut
1469 4526 1515 4568 et
1544 4515 1757 4581 quidam
1787 4525 1948 4579 poeta:
1993 4515 2144 4564 vestri
2183 4514 2328 4564 dixe-

795 4617 914 4658 runt
959 4622 974 4657 :
1014 4604 1164 4657 Illius
1205 4620 1248 4656 et
1279 4621 1435 4672 genus
1483 4603 1579 4669 ipsi
1623 4620 1822 4656 sumus.
1860 4603 2032 4670 Atque
2086 4603 2328 4655 scribens

795 4695 916 4748 Tito
965 4695 1139 4763 agenti
1176 4695 1226 4746 in
1275 4696 1447 4756 Creta,
1487 4694 1606 4744 ait:
1639 4692 1782 4743 Dixit
1819 4693 2030 4760 quidam
2075 4708 2137 4744 ea:
2181 4692 2326 4758 ipsis,

796 4786 1094 4852 aptissimus
1125 4783 1232 4834 illis
1270 4781 1513 4850 propheta
1547 4797 1563 4832 :
1596 4781 1861 4832 Cretenses
1895 4797 2086 4848 semper
2116 4781 2332 4832 menda-

795 4895 894 4938 ces,
934 4877 1081 4927 multo
1131 4875 1287 4942 ferte,
1342 4882 1539 4923 ventres
1574 4871 1781 4920 inertes.
1835 4870 2087 4921 Dominus
2121 4883 2336 4935 quoque

797 4984 924 5021 usus
958 4977 1036 5020 est
1086 4962 1437 5022 similitudine
1467 4962 1703 5015 exterius
1745 4959 2029 5021 accersita,
2055 4960 2243 5011 dicens
2271 4959 2336 5011 ad

801 5054 1103 5106 Nazarcnos
1143 5069 1156 5103 :
1193 5052 1413 5105 Omnino
1446 5049 1627 5101 dicetis
1668 5047 1791 5097 mihi
1838 5046 1970 5096 lianc
2023 5045 2333 5097 similitudi-

867 5207 908 5238 ⁸⁸
951 5204 1132 5256 Matth.
1170 5218 1284 5253 xm.
1359 5204 1402 5232 θ’
1434 5202 1617 5253 Matth.
1650 5217 1676 5249 v
1706 5211 1756 5252 ct
1785 5199 1912 5252 an.
1952 5216 2064 5251 xm.

800 5291 946 5328 XHII.

2573 4316 2604 4365 d
2633 4314 2972 4378 ἀπόστολος
3006 4317 3240 4380 Παῦλος
3278 4320 3522 4384 μνήμην
3564 4314 3830 4371 ποιεῖται.

2513 4424 2966 4494 Ἀπολογούμενος
2994 4427 3052 4479 ἐν
3087 4426 3335 4496 Ἀθήναις
3365 4429 3492 4497 περὶ
3538 4428 3630 4480 τοῦ
3678 4429 3982 4498 κηρύγμα-

2429 4531 2518 4578 τος
2550 4516 2639 4568 τοῦ
2675 4515 2854 4582 λόγου,
2886 4517 3048 4587 φησίν
3073 4533 3085 4548 ο
3133 4519 3187 4571 Ὠ
3210 4521 3308 4573 καί
3335 4537 3489 4586 τινες
3519 4521 3634 4574 τῶν
3662 4523 3787 4575 καθ’
3821 4525 3987 4590 ὑμᾶς

2428 4605 2686 4670 ποιητῶν
2703 4608 2970 4674 εἰρήκασι
3004 4608 3111 4678 (60)
3134 4624 3145 4636 °
3181 4609 3287 4662 Τοῦ
3307 4610 3413 4677 γὰρ
3443 4611 3538 4663 καὶ
3567 4613 3738 4678 γένος
3761 4613 3982 4680 ἐσμέν.

2440 4693 2543 4744 Καὶ
2590 4695 2732 4762 Τίτῳ
2784 4698 3006 4764 γράφων
3039 4700 3094 4748 ὲν
3130 4702 3194 4766 τῇ
3237 4701 3423 4766 Κρήτῃ
3470 4699 3734 4766 διάγοντι,
3770 4703 3932 4769 φησίν
3967 4721 3982 4733 ·

2441 4778 2586 4833 Εἶπέ
2618 4797 2707 4843 τις
2735 4782 2801 4842 ἐξ
2829 4783 3042 4844 αὐτῶν,
3073 4783 3217 4848 ἴδιος
3242 4784 3436 4836 αὐτῶν
3457 4785 3760 4852 προφήτης
3781 4800 3794 4815 ·
3821 4788 3986 4855 Κρῆ-

2442 4885 2536 4932 τες
2557 4869 2644 4920 ἀεὶ
2668 4869 2942 4933 ψεῦσται,
2969 4874 3117 4922 κακὰ
3138 4873 3328 4937 θηρία,
3356 4874 3632 4939 γαστέρες
3654 4875 3824 4943 ἀργαί
3840 4877 3983 4946 (Gl).

2443 4957 2601 5009 Καὶό
2632 4957 2831 5025 Κύριος
2875 4959 2930 5010 δὲ
2981 4961 3249 5027 ἐχρήσατο
3292 4960 3569 5031 παραϐολῇ
3621 4967 3684 5032 τῇ
3735 4965 3930 5028 ἔξωθεν
3959 5008 3976 5030 ,

2442 5047 2606 5099 εἰπὼν
2639 5049 2772 5117 πρὸς
2802 5049 2922 5110 τοὺς
2958 5051 3012 5118 έν
3039 5049 3284 5117 Ναζαρέο
3314 5067 3326 5080 ·
3370 5050 3606 5118 Πάντως
3650 5055 3832 5121 ἐρεῖτέ
3872 5074 3986 5124 μοι

2144 5201 2186 5230 ⁸⁵
2215 5199 2400 5253 Matth.
2424 5215 2510 5253 xv.
2585 5203 2629 5232 “
2660 5203 2792 5255 lliid.
2867 5203 3096 5254 "Matth
3138 5219 3283 5256 xvttt.
3358 5204 3400 5234 ⁸⁸
3418 5203 3647 5260 Luc.xv.
3721 5209 3764 5240 “
3788 5206 3985 5262 Matth.

1051 5271 1295 5322 7°Matth.
1327 5286 1431 5320 xu.
1508 5271 1547 5298 '“
1578 5269 1758 5320 Matth.
1794 5286 1860 5321 xx
1959 5271 2002 5298 ⁷³
2032 5269 2215 5321 Matth.
2259 5284 2389 5322 xxii.

2465 5272 2508 5301 "
2536 5271 2664 5322 Ibid.
2743 5270 2783 5299 ⁷³
2815 5271 3000 5323 Matth.
3036 5287 3156 5323 xxv.

3246 5273 3432 5327 "Ibid.
3507 5277 3699 5330 76Ibid.
3775 5274 3983 5330 "Luc.

804 5359 856 5394 χ.
929 5343 972 5373 ⁷⁸
1022 5340 1147 5393 Luc.
1197 5343 1272 5390 at.
1348 5340 1389 5369 ⁷³
1425 5335 1608 5387 Matth.
1649 5354 1721 5387 xi.
1794 5337 1837 5366 '°
1888 5336 2012 5391 Luc.
2081 5354 2229 5392 xvttt.
2306 5339 2321 5366 ⁸

2424 5337 2542 5392 Luc.
2582 5356 2689 5392 xu.
2767 5339 2963 5390 "Joau
3005 5355 3055 5392 ι.

875 5492 979 5552 (60)
1012 5491 1083 5540 Et
1115 5491 1330 5542 Cloanto
1363 5497 1412 5540 cl
1443 5487 1619 5538 Arato.
1655 5485 1814 5537 Faltn.
1849 5486 1986 5537 Bibl.
2014 5487 2104 5537 Cr.
2139 5488 2232 5540 lib.
2261 5504 2340 5549 ιιι,

806 5574 923 5624 cap.
969 5559 1050 5621 1⁷5,
1069 5574 1123 5625 p.
1167 5559 1262 5609 Sil?
1275 5598 1285 5609 .

2524 5490 2632 5558 ((Sl)
2665 5489 3024 5556 Epimenides,
3056 5488 3192 5544 Bibl.
3231 5491 3318 5547 Gr.
3348 5492 3388 5560 Ι,
3418 5511 3532 5566 cap.
3575 5496 3626 5561 6,
3656 5511 3772 5564 pag.
3805 5493 3894 5548 56.
