4102 6338
315 291 399 356 ιιι
1423 272 1781 340 LIBELLUS
1818 267 2296 331 MEMORIALIS.

3327 254 3423 316 142

311 398 416 462 τὴν
435 393 777 461 παραϐολὴν
795 392 1012 459 ταύτην
1025 406 1038 421 ο
1065 387 1259 455 Ἰατρὸ,
1269 385 1633 453 θεράπευσον
1642 399 1816 435 σεαυ-
1847 391 1886 442 Α
1917 395 1931 431 i

1804 413 1816 423 -
1847 391 1886 442 Α
1917 395 2027 432 nem
2059 393 2075 429 :
2108 377 2322 439 Medico,
2361 390 2485 427 cura
2531 382 2577 424 te
2624 373 2789 440 ipsum
2817 369 2882 422 ⁸³.
2917 343 3108 422 Paulus
3140 367 3296 419 etiam
3330 381 3424 433 pro

315 484 430 535 τόν.
463 482 571 535 Καὶ
606 484 671 550 τῇ
697 482 966 548 ἐπιγραφῇ
998 481 1061 546 τῇ
1089 479 1145 529 ιν
1171 476 1245 544 τῷ
1273 472 1435 543 βωμῷ
1459 473 1534 540 τῷ
1565 473 1621 523 ὲν
1662 470 1820 538 ’Λθή-

1917 468 2219 521 testimonio
2248 479 2377 518 usus
2403 472 2485 517 est
2525 459 2866 528 inscriptione
2898 456 3099 516 altaris,
3127 453 3270 522 quod
3309 462 3421 506 erat

312 588 441 636 ναις,
476 572 506 622 6
533 543 759 632 Παῦλος,
1003 582 1017 596 ⁶
1038 543 1362 634 ..Ἀγνώιηφ
1387 562 1526 626 Θεῷ,
1556 563 1820 629 ἐχρήσατο
1915 560 1932 610 l

1801 575 1820 608 ο
1915 555 2134 610 Athenis
2162 553 2491 618 habebatque
2521 568 2534 600 :
2575 547 2756 617 Ignoto
2785 545 2911 607 Deo,
2941 544 3101 606 Quem
3141 558 3257 609 ergo
3278 543 3421 608 igno-

315 659 600 728 μαρτυρίᾳ,
634 661 734 711 Ὃν
761 638 872 712 οὖν
909 656 1260 726 ἀγνοοῦντες
1293 653 1602 711 εὐσεϐεῖτε,
1631 648 1817 714 λέγων,

313 748 516 801 τοῦτον
543 746 655 815 ἐγὼ
682 744 1058 814 καταγγέλλω
1085 742 1242 810 ὑμῖν.

314 858 551 910 usus.
572 856 733 908 PAA'.
749 821 824 894 ’-
842 854 1021 905 Πόσοι
1056 841 1311 904 Ἰάκωϐοι
1339 850 1404 902 ἐν
1428 847 1550 912 τοῖς
1573 847 1822 900 ἀποστό-

817 925 948 985 λοις
984 921 1314 988 γεγόνασιν.

390 1033 640 1094 Ἰάκωϐος
665 1034 693 1085 6
715 1030 804 1084 τοῦ
840 1030 1077 1082 Ἰωάννου
1101 1027 1340 1093 ἀδελφὸς,
1365 1025 1473 1086 υίὸς
1496 1023 1820 1083 Ζεϐεδαίου,

315 1121 368 1172 6v
417 1122 509 1172 καὶ
560 1120 763 1172 ἀνεῖλεν
834 1115 1074 1186 Ἡρώδης
1129 1114 1475 1182 χαριζόμενος
1540 1111 1821 1172 Ἰουδαίοις.

327 1207 570 1268 Ἰάκωόος
599 1209 626 1258 6
653 1205 741 1257 τοῦ
787 1205 1075 1272 Ἁλφαίου.
1132 1201 1374 1262 Ἰάκωϐος
1421 1202 1449 1252 6
1482 1200 1704 1265 ἀδελφὸς
1733 1199 1822 1250 τοῦ

318 1298 516 1365 Κυρίου
549 1297 577 1345 6
617 1293 940 1360 καλούμενος
988 1291 1216 1353 Δίκαιος
1262 1290 1393 1358 (62),
1424 1290 1481 1351 ὃς
1507 1290 1598 1341 καὶ
1629 1290 1724 1356 τῆς
1769 1290 1826 1338 ὲν

328 1380 667 1451 Ἰερουσαλὴμ
702 1379 1016 1446 Ἐκκλησίας
1045 1379 1252 1447 πρῶτος
1281 1379 1532 1446 προέστη.

315 1491 554 1546 ΚΕΦΔΔ.
578 1489 744 1542 ΡΛΕ¹.
780 1517 846 1529 -—
869 1491 1051 1541 Πόσοι
1092 1487 1349 1540 ἰωάννοι
1376 1490 1460 1552 είς
1477 1487 1541 1540 τὸ
1564 1487 1827 1554 κήρυγμα

603 1560 875 1625 τετόνασι
904 1557 996 1608 καὶ
1019 1555 1212 1615 πόσοι,
1243 1557 1535 1622 Ζαχαρίαι.

1918 656 2086 697 rantes
2115 642 2299 702 colitis,
2341 640 2603 708 inquiens,
2633 639 2763 690 hunc
2793 651 2880 702 ego
2914 632 3162 685 annuntio
3191 632 3325 683 vobis
3357 631 3422 683 ⁸⁸.

1916 835 2064 892 CAP.
2122 831 2395 888 CXXXIV.
2443 859 2510 870 --
2559 831 2694 894 Quot
2755 828 2937 880 Jacobi
2991 829 3123 878 inter
3174 825 3427 891 apostolos

2557 899 2784 964 fuerunt.

1988 1015 2217 1069 Jacobus
2268 1011 2487 1066 Joannis
2540 1009 2722 1073 frater,
2773 1007 2911 1060 ﬁlius
2961 1004 3230 1064 Zcbedtvi,
3274 1016 3430 1069 quem

1921 1100 2078 1153 etiam
2129 1097 2343 1151 sustulit
2379 1094 2611 1148 Herodes
2656 1107 2765 1146 rem
2795 1100 2994 1159 gratam
3042 1088 3215 1142 facere
3241 1086 3435 1141 Judaeis

1922 1189 2106 1240 volens
2133 1187 2198 1238 ⁸⁸.
2233 1185 2461 1237 Jacobus
2491 1182 2708 1248 Alpha’i.
2745 1179 2974 1232 Jacobus
3021 1178 3180 1230 frater
3229 1176 3434 1228 Domini

1922 1277 2012 1344 qui
2037 1274 2308 1327 dicebatur
2328 1273 2529 1334 Justus,
2557 1270 2648 1337 qui
2671 1277 2723 1322 et
2747 1269 2947 1335 primus
2969 1264 3436 1335 prtefuitEcclesia:

1924 1362 2436 1429 llierosolymitanze.

1923 1472 2068 1527 CAP.
2129 1466 2381 1524 CXXXV.
2411 1497 2476 1506 —-
2511 1466 2644 1529 Quot
2707 1465 2926 1516 Joannes
2975 1465 3028 1513 in
3079 1462 3438 1529 pradicatione

2209 1536 2342 1588 verbi
2373 1537 2601 1601 fuerunt,
2631 1543 2677 1586 et
2699 1543 2818 1600 quot
2846 1530 3134 1582 Zachariae.

391 1667 636 1734 Ἰωάννης
670 1667 698 1718 6
726 1664 1083 1728 Βαπτιστὴς,
1122 1662 1178 1714 ὃν
1232 1661 1467 1730 Ἡρώδης
1505 1661 1826 1729 ὰπεκεφάλι-
1857 1677 1899 1730 Β
1993 1649 2011 1703 1

1819 1691 1826 1701 .
1857 1677 1899 1730 Β
1993 1649 2223 1703 Joannes
2247 1647 2510 1713 Baptista,
2531 1659 2686 1713 quem
2708 1641 2942 1695 Herodes
2967 1639 3323 1700 obtruncavit,
3350 1639 3439 1707 qui

318 1771 428 1820 σιν,
474 1753 530 1815 ὃς
573 1752 665 1804 καὶ
712 1752 774 1804 τὸ
803 1738 1121 1820 μᾶρτύριον
1172 1749 1280 1816 (65)
1321 1751 1377 1798 ὲν
1409 1751 1472 1816 τῇ
1511 1749 1829 1820 Παλαιστίνῃ

316 1839 424 1911 εἶχε
480 1842 734 1909 σεὸαστῇ.
804 1839 1050 1907 Ἰωάννης
1079 1839 1107 1888 6
1133 1833 1225 1889 τοῦ
1258 1837 1585 1894 Ζεϐεδαίου,
1612 1839 1722 1898 υίὸς
1744 1875 1758 1899 ,
1804 1841 1832 1890 6

317 1929 783 1998 εὐαγγελιστὴς,δ
816 1931 907 1978 καὶ
956 1928 1050 1993 τὴν
1099 1925 1431 1991 ἀποκάλυψιν
1487 1926 1831 1994 θεασάμενος,

317 2022 408 2073 καὶ
436 2020 530 2085 τὴν
561 2017 841 2083 καθολικὴν
877 2013 1210 2074 ἀποστείλας,
1253 2013 1308 2072 ὃς
1336 2015 1426 2064 κα)Ι
1455 2015 1511 2064 ὲν
1556 2015 1756 2081 Ἐφέσῳ
1776 2014 1833 2065 τὸ

321 2107 610 2175 μαρτύριον
637 2104 768 2172 ἔχει.
809 2104 1054 2168 Ἰωάννης
1081 2102 1108 2149 6
1137 2100 1548 2167 ἐπικαλούμενος
1577 2100 1828 2167 Μάρκος,

317 2199 346 2247 6
369 2197 572 2263 Πέτρου
605 2192 904 2254 ἀκόλουθος,
936 2192 1027 2241 καὶ
1053 2189 1112 2240 τὸ
1139 2189 1460 2256 Εὑαγγέλιον
1489 2190 1714 2258 γράψας,
1739 2192 1832 2242 καὶ

319 2266 528 2351 πρῶτος
549 2282 644 2349 τῆς
670 2279 1050 2348 Ἀλεξανδρέων
1066 2277 1377 2346 Ἐκκλησίας
1405 2279 1690 2342 ἐπίσκοπος
1708 2281 1834 2333 ἀνα-

317 2370 561 2438 δειχθείς.

390 2459 646 2528 Ζαχαρίαι
689 2460 743 2512 δὲ
801 2458 843 2511 δ’
880 2460 1140 2527 γεγόνασι.
1180 2461 1393 2530 Πρῶτος
1423 2462 1455 2512 ό
1488 2459 1591 2512 τοῦ
1649 2458 1833 2510 Ἰωδαὲ

316 2545 407 2598 τοῦ
425 2548 718 2616 ἀρχιερέως
741 2547 853 2610 υίὸς
874 2587 888 2610 ,
915 2548 971 2599 δν
999 2550 1308 2602 ἀπέκτεινεν
1344 2551 1492 2610 Ἰωᾶς
1518 2552 1544 2600 6
1572 2548 1833 2617 βασιλεὺς,

320 2635 587 2703 ἀναμέσον
629 2636 722 2689 τοῦ
770 2636 896 2688 ναοῦ
943 2637 1158 2689 καὶτοῦ
1195 2638 1593 2705 θυσιαστηρίου.
1638 2638 1700 2687 '0
1731 2637 1835 2689 τοῦ

317 2726 631 2790 Βαραχίου,
657 2719 716 2777 οὗ
745 2726 960 2792 μνήμην
979 2727 1005 2776 6
1026 2726 1303 2793 προφήτης
1339 2725 1556 2786 Ἡσαΐας
1580 2729 1832 2788 ποιεῖται,

317 2813 397 2872 είς
453 2812 964 2880 μαρτυρίαν1αὺτὸν
1012 2810 1329 2876 παραλαϐὼν
1375 2810 1463 2860 τοῦ
1530 2810 1834 2877 τικτομένου

318 2897 547 2950 παιδίου.
578 2899 684 2950 Καὶ
709 2902 740 2952 ό
765 2899 1064 2966 προφήτης
1087 2915 1101 2930 ο
1129 2899 1266 2950 καὶό
1293 2899 1481 2965 πατὴρ
1509 2897 1609 2950 τοῦ
1629 2901 1828 2950 Banti-

316 3000 484 3041 στου.

317 3094 562 3151 ΚΕΦᾹΛ.
619 3099 796 3163 PAG’.
835 3129 902 3139 -—
942 3099 1280 3152 Ἱππολύτου
1313 3099 1579 3162 Θηϐαίου,
1617 3099 1683 3150 ἐκ
1728 3098 1834 3149 τοῦ

523 3167 796 3230 χρονικοῦ
829 3167 1009 3219 αὑτοῦ
1053 3167 1460 3234 συντάγματος
1498 3165 1628 3235 (64).

402 3273 647 3334 Ἰάκωὸος
693 3274 720 3323 6
764 3275 1071 3342 ἐπικληθεὶς
1123 3278 1352 3338 Δίκαιος,
1405 3275 1497 3326 καὶ⁵
1558 3275 1835 3342 γενόμενος

322 3361 534 3427 πρῶτος
583 3360 872 3420 ἐπίσκοπος
911 3361 1311 3429 Ἰεροσολύμων,
1362 3361 1578 3426 ἁδελφὸς
1615 3363 1710 3428 μὲν
1746 3362 1835 3414 τοῦ

320 3447 522 3514 Κυρίου
547 3448 682 3498 κατὰ
713 3448 886 3516 σάρκα
916 3449 1126 3514 ἐλέγετο
1155 3445 1310 3510 εἶναι,
1336 3451 1443 3512 υίὸς
1469 3450 1523 3500 δὲ
1545 3450 1632 3500 τοῦ
1658 3451 1838 3501 τέκτο-

315 3553 408 3596 νος
443 3537 654 3603 Ἰωσὴφ,
678 3538 741 3588 ὲκ
770 3538 864 3603 τῆς
894 3536 1148 3604 βιωτικῆς
1178 3537 1337 3588 αὐτοῦ
1360 3538 1630 3603 γυναικός.
1666 3539 1836 3589 Ἀδελ-

319 3627 410 3694 φοὶ
438 3625 673 3690 Συμεὼν,
709 3625 955 3688 Σιδόνιος,
1001 3627 1194 3686 Ἰούδας
1229 3627 1318 3678 καὶ
1359 3629 1530 3694 Ἰωσῆ.
1561 3628 1836 3693 Τέσσαρας

319 3713 427 3776 γὰρ
451 3713 595 3773 υἱοὺς
620 3713 814 3780 ἔσχενὸ
850 3715 1060 3782 Ἰωσὴφ,
1087 3715 1179 3765 καὶ
1200 3716 1290 3766 δύο
1317 3716 1630 3782 Θυγατέρας,
1655 3718 1750 3785 τήν
1779 3734 1834 3768 τε

319 3800 543 3864 Μάρθαν
577 3799 668 3848 καὶ
713 3801 810 3864 τὴν
858 3801 1094 3866 Μαρίαν,
1139 3804 1200 3851 ἐκ
1245 3802 1339 3866 τῆς
1389 3803 1638 3864 γυναικὸς
1677 3803 1833 3853 αὑτοῦ

317 3889 417 3951 τῆς
460 3886 717 3953 Σαλώμης
745 3925 759 3949 ,
815 3887 1074 3953 θυγατρὸς
1137 3889 1426 3953 Ἀγγαίου,
1475 3890 1563 3939 τοῦ
1615 3891 1834 3954 ἀδελφοῦ

317 3975 582 4042 Ζαχαρίου
636 3974 727 4024 τοῦ
787 3975 1002 4042 ίερίως,
1058 3977 1148 4027 τοῦ
1201 3975 1400 4042 πατρὸς
1469 3977 1706 4028 Ἰωάννου
1743 3979 1832 4027 τοῦ

319 4060 643 4124 Βαπτιστοῦ,
667 4062 778 4113 υἱοῦ
799 4064 1077 4131 Βαραχίου,
1096 4063 1190 4114 τοῦ
1204 4062 1316 4114 υἱοῦ
1349 4062 1499 4114 Ἀὁιᾶ
1518 4063 1606 4113 τοῦ
1631 4065 1832 4133 ἱερέως.

316 4152 429 4202 Καὶ
457 4150 572 4200 τότε
607 4151 902 4217 ἐχήρευσεν
930 4153 956 4201 6
993 4152 1204 4219 Ἰωσήφ.
1241 4153 1323 4211 Ὠς
1349 4153 1444 4218 τὴν
1466 4151 1721 4220 Σαλώμην
1746 4154 1835 4204 καὶ

1926 1748 1978 1795 et
1993 1737 2294 1806 martyrium
2311 1735 2495 1787 habuit
2512 1733 2568 1786 in
2592 1732 2877 1785 venerabili
2899 1730 3193 1782 Palmstina.
3213 1726 3442 1781 Jo:innes

1927 1831 2064 1883 ﬁlius
2115 1827 2365 1884 Zebcdwi,
2403 1824 2755 1890 Evangelista,
2794 1827 2881 1888 qui
2912 1829 2962 1871 et
2991 1818 3338 1887 Apocalypsin
3368 1819 3443 1868 vi-

1926 1918 2021 1980 dit,
2052 1925 2104 1969 et
2130 1914 2416 1981 Epistolam
2439 1905 2750 1964 catholicam
2779 1910 2938 1971 misit,
2965 1909 3053 1975 qui
3075 1909 3230 1962 etiam
3254 1907 3443 1974 Ephesi

1927 2003 2236 2070 martyrium
2287 2001 2464 2053 habet.
2517 1997 2749 2051 Joannes
2821 1997 3135 2062 cognomine
3210 1995 3440 2056 Marcus,

1930 2091 2073 2144 Petri
2155 2089 2544 2156 pedissequus,
2611 2087 2701 2152 qui
2779 2085 3120 2150 Evangelium
3196 2083 3439 2149 scripsit,

1926 2180 2228 2247 primusque
2247 2176 2544 2244 designatus
2562 2182 2640 2226 est
2658 2174 2938 2241 episcopus
2953 2171 3201 2225 Ecclesiae
3220 2171 3442 2223 Alexan—

1928 2268 2109 2320 drinaa.

1999 2463 2264 2516 Zachariae
2313 2477 2435 2515 vero
2492 2477 2541 2514 Iv
2586 2464 2811 2513 fuerunt.
2845 2461 3054 2514 Primus
3105 2457 3242 2524 ﬁlius
3285 2457 3446 2510 Jodae

1930 2553 2212 2620 pontiﬁcis,
2246 2565 2402 2620 quem
2431 2549 2626 2602 occidit
2656 2547 2782 2601 Joas
2814 2563 2904 2599 rex
2937 2547 3074 2599 inter
3110 2545 3357 2611 templum
3393 2555 3446 2599 et

1932 2642 2110 2693 altare.
2148 2639 2314 2691 Filius
2343 2639 2631 2698 Barac/riae,
2669 2637 2819 2704 cujus
2855 2635 3094 2689 meminit
3123 2635 3288 2687 lsaias’
3329 2648 3447 2700 pro-

1932 2729 2086 2795 pheta
2115 2728 2180 2789 ⁸⁸,
2207 2727 2294 2794 qui
2323 2728 2373 2778 in
2399 2727 2751 2778 testimonium
2780 2726 2924 2778 illum
2955 2725 3245 2790 assumpsit
3270 2722 3446 2776 nasci-

1933 2815 2032 2868 turi
2061 2815 2229 2882 pueri.
2267 2814 2392 2867 Item
2436 2814 2679 2880 propheta
2712 2823 2800 2865 :et
2831 2823 2978 2878 pater
3013 2810 3283 2875 Baptistte.

1929 3097 2080 3154 CAP.
2110 3096 2387 3152 CXXXVI.
2409 3125 2476 3134 —
2496 3094 2756 3162 Hippolyti
2777 3092 3000 3145 Thebani
3029 3091 3192 3152 locus,
3217 3104 3278 3143 ex
3296 3091 3446 3143 chro-

2372 3165 2483 3216 nico
2511 3164 2619 3230 ejus
2643 3170 2982 3229 syntagmate.

1999 3275 2225 3329 Iacobus
2262 3274 2575 3343 cognomine
2621 3271 2825 3335 Justus,
2863 3271 2950 3339 qui
3002 3271 3159 3324 etiam
3207 3271 3304 3322 fuit
3336 3269 3444 3337 pri-

1933 3379 2050 3416 mus
2079 3361 2556 3430 Hierosolymorum
2587 3362 2865 3428 episCOpns
2886 3398 2898 3421 ,
2935 3359 3204 3411 dicebatur
3233 3358 3443 3425 quidem

1934 3451 2096 3503 fuisse
2142 3451 2304 3502 frater
2357 3449 2559 3501 Domini
2615 3452 2901 3502 secundum
2954 3462 3189 3510 carnem,
3218 3456 3265 3498 ct
3307 3447 3446 3498 ﬁlius

1935 3539 2067 3590 fabri
2126 3537 2339 3606 Josephi
2395 3554 2457 3589 ex
2505 3538 2618 3605 ejus
2674 3552 2838 3590 uxore
2908 3537 3171 3604 populari.
3234 3534 3445 3586 Fratres

1933 3635 2086 3680 erant
2139 3626 2385 3696 Symeon.
2437 3627 2704 3686 Sidonius,
2753 3625 2916 3677 Judas
2951 3636 3002 3676 et
3035 3623 3176 3676 Jose.
3211 3624 3448 3687 Quatuor

1935 3731 2159 3782 namque
2193 3716 2326 3766 ﬁlios
2362 3715 2543 3766 habuit
2573 3713 2855 3778 Josephus,
2887 3722 2936 3764 et
2963 3712 3095 3764 duas
3130 3713 3282 3770 tilias,
3315 3710 3448 3761 Mar-

1934 3801 2074 3851 tham
2123 3802 2364 3852 videlicet
2415 3809 2467 3850 et
2511 3799 2734 3849 Mariam
2766 3815 2824 3848 ex
2857 3812 3020 3848 uxore
3075 3812 3165 3848 sua
3220 3797 3444 3856 Salome,

1934 3888 2035 3938 ﬁlia
2075 3890 2247 3953 Aggmi
2289 3888 2465 3939 fratris
2501 3887 2770 3939 Zacharia'.
2801 3886 3108 3944 sacerdotis,
3162 3887 3248 3951 qui
3301 3894 3448 3950 pater

1931 3976 2031 4030 fuit
2063 3974 2277 4027 Joannis
2309 3975 2574 4043 Bnptistze,
2608 3985 2658 4027 et
2685 3976 2822 4028 ﬁlius
2863 3974 3130 4026 Barachia:
3172 3974 3260 4024 ﬁlii
3299 3973 3446 4025 Abite

1933 4067 2240 4120 sat-erdmis.
2270 4064 2417 4118 Tunc
2441 4066 2627 4116 viduus
2652 4073 2763 4115 erat
2791 4062 3006 4127 Joseph.
3032 4060 3212 4128 Itaque
3233 4060 3445 4112 Salome

1933 4164 1985 4206 et
2013 4154 2240 4207 Joannes
2268 4152 2499 4221 Baptista
2554 4153 2643 4204 lilii
2694 4161 2814 4204 sunt
2843 4167 2900 4204 ex
2940 4151 3204 4220 germanis
3237 4164 3448 4202 mascu-

314 4240 407 4289 τὸν
451 4240 754 4308 Βαπτιστὴν
799 4242 1042 4308 Ἰωάννην
1079 4241 1314 4308 ἀδελφῶν
1344 4241 1503 4292 τέκνα
1545 4243 1836 4311 ἀρρενικῶν
1869 4284 1909 4311 η

1829 4261 1836 4288 ν
1869 4284 1909 4311 n
1941 4240 2024 4290 lis.
2053 4241 2274 4306 Aggzeus
2325 4241 2462 4292 enim
2512 4240 2648 4292 ﬁlius
2696 4251 2808 4290 erat
2854 4238 3121 4292 Barachia:
3149 4249 3198 4290 et
3233 4247 3449 4303 patruus

313 4321 476 4376 εἶναι.
539 4328 594 4377 Ὀ
641 4332 748 4394 γὰρ
807 4328 1048 4391 Ἀγγαῖος
1105 4325 1223 4389 υίὸς
1263 4328 1543 4397 Βαραχίου,
1601 4329 1735 4390 Θεῖος
1781 4329 1833 4379 δὲ
1866 4321 1907 4338 υ

1829 4348 1833 4377 ;
1866 4321 1907 4338 υ
1936 4328 2174 4381 Joannis.
2212 4329 2441 4395 Itemque
2465 4328 2744 4381 Zacharias
2776 4328 2933 4380 frater
2958 4327 3129 4395 Aggasi
3155 4336 3205 4378 et
3234 4337 3449 4391 patruus

325 4412 572 4463 Ἰωάννου
587 4430 600 4442 θ
615 4416 809 4480 ὁμοίως
824 4416 878 4465 δὲ
895 4417 984 4465 καὶ
998 4416 1023 4465 6
1041 4417 1304 4484 Ζαχαρίας
1321 4416 1536 4482 ἀδελφὸς
1565 4416 1830 4482 ’Λγγαίου,

313 4499 459 4557 θεῖος
490 4500 544 4549 δὲ
581 4500 840 4568 Σαλώμης
874 4503 968 4567 τῆς
1021 4503 1267 4567 γυναικὸς
1322 4503 1511 4571 Ἰωσὴφ
1557 4503 1832 4573 [Σαλώμην

311 4587 366 4637 δέ
402 4603 562 4654 φημι.
594 4589 652 4638 οὺ
687 4590 782 4655 τὴν
820 4590 980 4655 μαίαν
1031 4590 1161 4657 (65),
1193 4589 1324 4640 ἀλλὰ
1352 4591 1447 4658 τὴν
1471 4595 1689 4656 γυναῖνα
1725 4594 1831 4644 Ἰω-

314 4673 430 4740 σήφ
463 4672 594 4742 (66)]
617 4690 630 4703 °
667 4676 699 4741 ἠ
721 4676 827 4743 γὰρ
857 4675 1034 4744 Μαρία
1064 4675 1171 4742 (67)
1203 4677 1307 4729 ἀπὸ
1334 4677 1569 4746 Βηθλεὲμ
1607 4679 1831 4748 ἐτύγχα-

420 4845 468 4878 ⁸³
508 4847 635 4901 Luc.
675 4863 744 4912 iv,
779 4847 864 4900 23.

384 4995 502 5060 (62)
555 4995 749 5064 Confer
816 4998 1056 5052 Combef.
1113 5003 1323 5051 Auctor.
1376 4999 1504 5052 Nov.
1571 5012 1698 5056 tom.
1771 5002 1832 5064 ll,

316 5077 362 5129 p.
563 5063 864 5142 L't_i.n_app.
896 5070 960 5118 ad
1004 5079 1134 5142 tom,
1179 5068 1192 5118 I
1231 5063 1828 5142 llippolyti_PoI'tuens.,

314 5129 559 5202 pag_._54_,
600 5133 684 5183 ubi
717 5129 964 5186 lios'diios
995 5135 1216 5186 Jacobos
1243 5129 1434 5201 et'ipse'
1460 5137 1759 5202 distinguit.

371 5197 488 5275 (ϐξ)
522 5196 631 5248 Hoc
657 5210 765 5275 est,
814 5204 1073 5275 templum,
1110 5203 1193 5254 hic
1245 5212 1296 5254 et
1345 5196 1509 5254 'inlra.
1554 5196 1830 5275 Fabricius

316 5280 426 5317 non
459 5265 589 5316 bene
616 5267 826 5341 .vidctur
851 5265 1086 5332 vertisse,
1105 5286 1475 5341 perpessum”,
1503 5271 1678 5329 subiit,
1709 5287 1827 5322 cum

315 5348 420 5452 ne?)
447 5332 660 5448 proprie
693 5332 921 5387 Joannes
955 5332 1270 5405 evangelista
1290 5337 1479 5405 Ephesi
1513 5348 1712 5404 martyr
1741 5353 1829 5389 oc-

316 5416 376 5452 cu
425 5415 536 5451 ueri
569 5437 582 5449 .

316 5409 582 5453 cubuerit.

385 5469 499 5534 (64)
535 5465 724 5519 Totum
753 5467 855 5521 hoc
886 5481 1042 5539 caput
1080 5473 1201 5542 jure
1238 5483 1384 5542 putat
1414 5473 1628 5527 Cavaeus
1662 5471 1830 5525 aliena

962 4848 1004 4875 “'-
1045 4853 1162 4901 Act.
1197 4865 1323 4913 xvn,
1365 4852 1452 4904 27.
1511 4853 1554 4883 ⁸⁸
1583 4852 1700 4906 Att.
1730 4868 1825 4916 χιι,
1853 4854 1906 4905 2.

1938 4417 2146 4468 Salomc
2203 4419 2384 4470 uxoris
2434 4417 2625 4484 Joseph
2669 4418 2938 4484 (Salomen
2978 4417 3115 4478 dico,
3165 4430 3266 4466 non
3307 4415 3449 4467 illam

1935 4502 2292 4562 obstetricem,
2331 4503 2420 4554 sed
2453 4501 2668 4567 Josephi
2717 4502 2982 4567 uxorem).
3018 4499 3282 4551 Obstetrix
3307 4501 3447 4550 enim

1935 4601 2046 4644 erat
2081 4590 2145 4642 de
2173 4591 2494 4650 Bethlehem.
2524 4592 2621 4643 ista
2649 4606 2771 4642 vero
2803 4589 3117 4642 consobrina
3155 4589 3443 4650 Elisabeth,

1932 4690 1983 4731 et
2005 4692 2201 4732 saneta:
2234 4677 2466 4746 Virginis
2497 4679 2689 4733 Maria}.
2725 4679 2855 4732 Tres
2892 4682 3030 4730 enim
3061 4687 3212 4731 erant
3241 4691 3448 4731 sorores

2000 4854 2043 4883 "
2075 4853 2175 4906 lsa.
2206 4866 2320 4910 vni,
2348 4850 2402 4903 2.

1940 5020 2096 5057 manu
2130 5005 2404 5056 insertum.

2008 5075 2115 5139 (65)
2155 5073 2330 5125 Maria!
2365 5074 2616 5139 Deiparm.
2645 5075 2984 5127 Obstetricem
3006 5071 3213 5122 nomine
3241 5067 3443 5139 Salorne

1937 5137 2135 5206 Virgini
2169 5157 2261 5192 ceu
2299 5137 2480 5206 partus
2521 5152 2702 5211 testem
2751 5143 2984 5193 adfuisse
3026 5139 3324 5203 frequenter
3349 5137 3444 5187 do-

1934 5219 2049 5260 cent
2083 5220 2303 5260 veteres.

1972 5276 2270 5390 Iéfiﬁzngnte
2295 5277 2503 5328 uncinis
2540 5277 2895 5337 includuntur,
2931 5289 2990 5327 ex
3024 5273 3298 5341 Hippolyto
3327 5288 3446 5341 sup.

1933 5358 2207 5407 plevnnus.

2003 5411 2112 5475 (67)
2143 5411 2286 5462 Μαία
2317 5411 2425 5478 lege
2457 5426 2516 5463 ex
2552 5410 2756 5476 llippol.
