4102 6338
302 377 406 438 133

1455 376 1822 438 LIBELLUS
1862 378 2362 441 MEMORIALIS.

3384 389 3484 452 134

299 488 416 551 Tal;
446 485 546 547 ἓως
568 485 755 555 τρίτου
793 482 1019 553 οὐρανοῦ
1070 484 1194 552 ἔφη.
1236 485 1369 535 Οὐδὲ
1394 484 1565 537 ταῦτα
1591 486 1710 536 τινα
1735 487 1850 538 ἐστὶ

1885 497 1920 550 Λ
1954 496 2141 554 raptus
2169 502 2339 554 usque
2370 487 2435 539 ad
2473 488 2686 540 tertium
2715 490 2930 542 cmlum.
2965 490 3071 545 Nec
3101 493 3198 546 ista
3241 510 3482 562 quaenam

299 576 408 642 χρὴ
441 575 635 643 ζητεῖν.
674 576 738 626 ’Ἀ
771 574 877 642 γάρ
920 574 1029 625 οὐκ
1077 573 1216 635 ἐξὸν
1254 573 1537 640 ἀνθρώπῳ
1565 574 1847 642 λαλῆσαι,

302 663 396 712 καὶ
413 663 572 723 αὐτὸς
594 664 622 714 ὁ
656 662 971 722 Ἀπόστολος
1000 661 1123 730 ἔφη.

384 753 634 818 Ἰωάννης
685 747 885 803 εἷπεντ
933 752 991 803 Ἃ
1043 750 1342 816 ὀφθαλμὸς
1389 753 1499 804 οὐκ
1558 749 1697 815 εἶδε,
1753 752 1850 803 καὶ

303 833 412 901 οὖς
444 840 551 890 οὐκ
586 837 834 904 ἢκουσε,
869 838 964 889 καὶ
991 837 1089 889 ἐπὶ
1117 838 1367 904 καρδίαν
1393 839 1701 904 ἀνθρώπου
1743 841 1851 891 οὐκ

301 927 509 992 ἀνέϐη,
542 927 578 979 ἃ
610 928 936 994 ἡτοίμασεν
969 930 1000 979 ὀ
1023 927 1163 990 Θεὸς
1183 927 1303 990 τοῖς
1320 927 1628 994 ἀγαπῶσιν
1647 930 1849 980 αὐτόν.

305 1019 431 1079 Πῶς
459 1019 551 1070 καὶ
578 1017 749 1070 ταῦτα
779 1016 966 1084 νοῆσαί
996 1033 1074 1076 τις
1098 1013 1205 1078 οἷός
1231 1034 1288 1067 τε
1311 1019 1414 1085 εἴη,
1443 1015 1478 1070 ἃ.
1509 1019 1644 1087 μήτε
1670 1017 1846 1086 αἰσθή-

307 1123 412 1168 σει,
450 1109 581 1174 μήτε
617 1111 796 1175 νοήσει
836 1107 1159 1158 ὑποπίπτειν
1186 1107 1439 1170 δυνατόνς

377 1199 452 1246 Τὸ
492 1197 780 1264 διάστημα,
806 1196 866 1246 τὸ
909 1196 1014 1264 πρδ
1059 1195 1157 1262 τῆς
1209 1195 1302 1246 τοῦ
1342 1196 1514 1262 φωτὸς
1565 1196 1850 1260 γενέσεως,

306 1286 416 1336 τῶν
447 1287 630 1352 χρόνου
659 1284 856 1352 μορίων
884 1283 981 1334 οῦκ
1005 1284 1193 1347 ὄντων,
1225 1284 1285 1335 οὑ
1314 1284 1677 1351 καταληπτὸν,
1709 1285 1852 1352 μόνῳ

307 1373 426 1439 θεῷ
447 1372 808 1438 ἐγνωσμένον.

378 1460 598 1512 Τοιοῦτο
625 1461 716 1512 καὶ
759 1461 819 1512 τὸ
853 1461 994 1513 κατὰ
1045 1461 1156 1532 (58)
1210 1463 1307 1529 τὴν
1331 1461 1589 1529 ἐσομένην
1618 1459 1711 1511 τοῦ
1759 1460 1850 1511 κό-

308 1563 452 1613 σμου
486 1547 812 1616 συναίρεσιν,
843 1549 947 1612 ἕως
995 1549 1310 1613 ἀναδείξεως
1356 1550 1452 1615 τῆς
1504 1547 1692 1614 καινῆς
1737 1549 1853 1599 κτί-

311 1653 473 1702 σεως,
496 1638 802 1704 ἐννοοῦμεν.

382 1727 449 1778 Αἱ
483 1727 666 1794 νοεραὶ
720 1727 896 1780 οὐσίαι
947 1731 1012 1780 τα
1037 1727 1268 1796 αἰσθητὰ
1302 1727 1398 1780 καὶ
1431 1725 1712 1795 σωματικὰ
1738 1723 1853 1786 πῶς

307 1817 497 1885 ὁρῶσι,
537 1819 813 1886 κρείττους
841 1817 1136 1885 αἰσθήσεως
1169 1815 1322 1868 οὖσαι
1347 1833 1361 1879 ;

381 1905 488 1956 Τοῦ
533 1905 664 1956 Θεοῦ
709 1905 805 1972 τὴν
860 1902 1245 1970 ἑφθαλμοφανῆ
1280 1900 1425 1963 θέαν,
1479 1898 1704 1966 ἀοράτου
1754 1897 1849 1964 τὴν

312 1992 475 2058 φύσιν
504 1994 673 2054 ὄντος.
709 1991 854 2044 Θεὸν
881 1993 1009 2059 γὰρ,
1055 1992 1234 2058 φησὶν,
1267 1987 1462 2049 οὐδεὶς
1497 1987 1712 2052 ἑώρακε
1738 1982 1852 2034 πώ-

311 2099 476 2134 ποτε.
508 2082 576 2132 Τὸ
635 2082 739 2148 γὰρ
782 2081 916 2149 μόνῃ
961 2079 1174 2145 καθαρᾷ
1216 2077 1408 2144 καρδίᾳ
1452 2076 1732 2142 θεώμενον,
1771 2074 1853 2123 aii-

314 2171 529 2237 σθητοῐς
556 2169 848 2237 ὀφθαλμοῖς
878 2167 1102 2220 θεᾶσθαι
1131 2167 1243 2228 πῶς
1275 2161 1384 2216 οἷόν
1416 2181 1507 2228 τε;

384 2344 834 2410 Δυσκατάληπτος
870 2341 962 2393 καὶ
995 2341 1028 2408 ἡ
1055 2340 1145 2391 τοῦ
1197 2337 1409 2408 Ἰσραὴλ
1444 2338 1721 2406 σωματικὴ
1759 2340 1848 2390 εὐι-

315 2435 490 2501 λογία,
522 2435 577 2484 ἐν
602 2439 671 2483 οε¹
713 2431 907 2499 ψυχαῖς
935 2431 1028 2481 τοῦ
1065 2426 1253 2480 Ἰακὼϐ
1280 2427 1620 2487 κατελθόντος
1659 2429 1734 2487 εἰς
1759 2427 1852 2477 Αἴ-

316 2540 538 2591 γυπτον,
563 2523 655 2573 καὶ
681 2510 948 2588 uati-sip:
983 2519 1242 2585 τετάρτην
1263 2517 1450 2583 γενεὰν
1501 2520 1557 2568 ὲν
1596 2515 1634 2578 ξ’
1668 2517 1854 2584 μυριά-

317 2627 401 2661 σιν
437 2609 640 2676 ἀνδρῶν
675 2605 1067 2674 ὲξεληλυθὸτος.

390 2698 522 2765 Περὶ
550 2697 654 2763 γὰρ
685 2694 781 2762 τῆς
810 2693 1015 2763 ἡμέρας
1038 2691 1134 2757 τῆς
1163 2686 1458 2756 παρουσίας
1507 2688 1597 2738 τοῦ
1655 2687 1853 2753 Κυρίου

316 2789 411 2838 καὶ
438 2785 593 2846 αὐτὸς
627 2786 652 2835 ὁ
676 2783 874 2851 Κύριος
908 2780 1182 2842 ἀπέδειξεν
1218 2793 1230 2805 ⁸
1262 2781 1379 2843 Οὐχ
1403 2776 1560 2844 ὑμῶν
1580 2775 1685 2842 γάρ
1706 2777 1856 2835 ἐστι,

315 2876 573 2941 χρόνους
601 2871 638 2936 ἢ
666 2871 904 2936 καιροὺς
930 2867 1163 2930 ειδέναι,
1194 2866 1326 2932 πρὸς
1363 2866 1486 2925 τοὺς
1538 2863 1856 2921 ἀποστόλους

317 2964 448 3028 ἔφη,
478 2958 582 3023 οὓς
605 2959 640 3011 ό
673 2957 866 3022 Πατὴρ
887 2957 1047 3010 ἔθετο
1079 2957 1146 3007 ἐν
1175 2955 1247 3022 τῇ
1276 2955 1390 3019 ἰδίῃ
1421 2954 1685 3016 ἐξουσίᾳ.

1955 577 2058 624 sint
2090 575 2210 627 licet
2233 575 2518 642 inquirere.
2536 576 2664 639 Qua:
2688 565 2828 629 enim
2863 579 3009 630 Itonia
3028 580 3166 647 loqui
3182 598 3278 633 non
3300 593 3481 649 potest,

1954 663 2035 714 vel
2061 663 2281 728 ipsemet
2317 663 2605 730 Apostolus
2630 665 2722 717 ait.

2019 750 2249 804 Joannes
2281 752 2322 781 ”
2342 753 2474 804 dixit
2495 769 2512 805 :
2531 753 2657 815 Qua:
2679 757 2856 808 oculus
2880 775 2972 809 non
2999 759 3142 822 vidit,
3161 769 3207 811 ct
3227 763 3366 812 auris
3385 777 3484 812 non

1954 840 2174 902 audivit,
2209 850 2253 890 ct
2285 840 2336 891 in
2375 856 2460 892 cor
2486 843 2706 894 hominis
2733 860 2833 895 non
2856 848 3107 908 ascendit,
3142 865 3253 914 quw
3279 866 3481 915 prtcpa-

1953 932 2082 981 ravil
2113 931 2247 982 Deus
2272 930 2596 997 diligentibus
2629 933 2794 984 illum.
2844 936 3119 998 Quomodo
3144 948 3194 988 et
3227 939 3322 991 ista
3353 953 3479 991 con-

1953 1017 2129 1085 cipere
2156 1018 2335 1070 animo
2359 1018 2478 1085 quis
2509 1020 2700 1080 valeat,
2738 1036 2855 1087 qum
2883 1038 3052 1088 neque
3101 1026 3199 1076 sub
3238 1041 3470 1088 sensum,

1955 1119 2125 1170 neque
2151 1103 2250 1156 sub
2286 1104 2548 1156 rationem
2577 1105 2764 1157 cadere
2800 1108 3064 1172 possunt?

2025 1191 2360 1243 Intervallum
2410 1192 2552 1259 quod
2589 1191 2685 1244 fuit
2717 1205 2996 1260 antequam
3050 1196 3135 1247 lux
3187 1209 3477 1260 crearetur,

1953 1292 2072 1328 cum
2103 1279 2354 1345 temporis
2393 1281 2664 1345 particula:
2699 1282 2858 1333 nulla:
2881 1292 3079 1346 essent,
3106 1286 3477 1351 comprehendi

1955 1381 2059 1417 non
2088 1374 2277 1435 potest.
2302 1368 2409 1419 Soli
2443 1368 2545 1420 Deo
2586 1383 2766 1421 nOtum
2792 1380 2890 1422 est.

2024 1455 2296 1523 Ejusmodi
2339 1462 2428 1523 ,‘est
2481 1468 2532 1509 et
2566 1459 2713 1521 illud,
2745 1460 2884 1526 quod
2921 1460 3094 1514 ﬂueta
3144 1462 3320 1516 futura
3353 1479 3476 1517 con-

1954 1546 2310 1598 summatione
2340 1547 2521 1598 mundi
2564 1562 2728 1614 usque
2765 1549 2827 1599 ad
2869 1550 3346 1604 manifestatiouem
3381 1569 3475 1605 no-

1954 1649 2031 1686 Υω
2063 1643 2339 1687 ρι’(ιαιιιτω.

2021 1719 2406 1774 Intellectmiles
2452 1723 2696 1775 essentia:
2728 1724 2996 1777 sensibilia
3045 1734 3198 1792 atque
3227 1740 3475 1791 corporea

1882 1792 1922 1844 Β
1948 1824 2178 1877 quanam
2209 1811 2412 1861 ratione
2444 1811 2639 1875 vident,
2676 1828 2792 1863 cum
2826 1815 2930 1864 sint
2955 1829 3110 1864 sensu
3140 1815 3477 1880 superiores?

2018 1897 2338 1966 lnvestigare
2370 1914 2471 1950 non
2515 1899 2633 1951 licet
2683 1903 2747 1952 de
2809 1902 2998 1954 intuitu
3040 1903 3124 1954 Dei
3174 1918 3267 1968 per
3299 1902 3469 1952 visum

1889 2042 1913 2061 _
1951 1988 2250 2048 oculorum,
2285 2002 2405 2040 cum
2446 1988 2555 2054 ipse
2601 1991 2668 2040 sit
2725 1991 3002 2043 invisibilis
3061 2001 3268 2042 natura.
3314 1989 3474 2043 Deum

1950 2078 2115 2136 enim,
2142 2077 2337 2143 inquit,
2368 2091 2512 2129 nemo
2565 2079 2687 2129 vidit
2717 2094 2957 2143 unquam.
2986 2078 3136 2141 Quod
3184 2062 3324 2130 enim
3363 2083 3475 2134 solo

1952 2166 2150 2216 mundo
2194 2166 2626 2235 corde-videtur,
2690 2167 3028 2219 sensibilihus
3078 2168 3245 2219 oculis
3300 2169 3474 2219 videre

1951 2256 2217 2321 quomodo
2250 2257 2501 2322 possibile
2530 2254 2728 2306 fuerit?

2021 2344 2234 2397 Diilicile
2298 2346 2455 2396 etiam
2509 2350 2682 2394 lltClllC
2726 2342 2931 2410 coacipi
2990 2352 3160 2410 potest
3217 2359 3470 2410 corporea

1953 2432 2158 2484 lsraelis
2210 2434 2669 2494 henedietio,cum
2705 2431 2755 2482 in
2799 2446 2933 2483 uxv
2986 2431 3263 2482 animabus
3313 2431 3473 2484 Jacoh

1954 2523 2312 2576 descendisset
2345 2525 2394 2574 in
2419 2523 2722 2591 {Egyptunu
2748 2531 2800 2574 et
2829 2530 3014 2588 quarta
3047 2523 3386 2588 generatione
3418 2525 3470 2574 in

1955 2615 2220 2664 sexcentis
2259 2614 2493 2665 millibus
2526 2613 2798 2664 hominum
2835 2610 3042 2662 exierit.
3476 2665 3483 2671 _

2026 2700 2287 2752 Cmterum
2331 2703 2394 2752 de
2433 2701 2517 2752 die
2557 2701 2814 2752 adventus
2855 2698 3057 2750 Domini
3098 2698 3211 2764 ipse
3264 2713 3474 2765 quoque

1957 2785 2214 2838 Dominus
2288 2789 2602 2853 signiﬁcavit
2652 2804 2665 2838 :
2718 2786 2893 2851 Neque
2948 2787 3084 2837 enim
3133 2792 3348 2836 vestrum
3402 2794 3473 2835 tu

1960 2885 2184 2941 (corpora
2213 2876 2285 2926 vel
2324 2886 2576 2927 momenta
2603 2892 2768 2936 nosse,
2798 2878 2861 2927 ad
2915 2875 3182 2942 apostolos
3233 2875 3304 2927 ait
3363 2889 3474 2941 qua:

1960 2963 2120 3014 Pater
2147 2965 2314 3029 posuit
2345 2969 2397 3014 in
2425 2965 2632 3030 proni'ia
2661 2974 2927 3030 potestate.

320 3068 570 3122 ΚΕΨΔΔ.
597 3065 765 3120 ΡΚΘ¹.
794 3095 860 3104 -
902 3065 1047 3138 Ὅσα
1075 3064 1148 3116 δι’
1172 3063 1465 3116 ἐνυπνίων
1491 3061 1646 3112 τισὶν
1682 3059 1849 3126 ἐμπε-

1885 3075 1924 3134 C
1957 3072 2104 3126 CAP.
2156 3071 2388 3126 CXXIX.
2419 3100 2481 3111 -
2517 3072 2763 3134 Quwnam
2825 3088 2914 3137 per
2962 3071 3214 3122 somnium
3261 3071 3475 3138 quibus-

943 3133 1240 3200 φὰνισται.

401 3251 458 3301 '0
495 3247 698 3302 Ἰακὼϐ
735 3245 969 3313 κλίμακα
1013 3245 1110 3312 ὁρᾷ
1163 3244 1240 3304 εἰς
1279 3241 1548 3310 -οὐρανοὺς
1597 3241 1701 3291 ἀπὸ
1757 3239 1858 3305 γῆς

322 3343 649 3407 διήκο·.›σαν.,
675 3334 890 3401 Ἰωσὴφ
918 3335 1013 3394 τὰς
1060 3333 1165 3383 τῶν
1195 3331 1429 3398 ἀδελφῶν
1474 3331 1734 3398 δραγμὰς,
1764 3330 1859 3394 τὴν

323 3430 491 3482 αὐτοῦ
524 3427 927 3497 προσκυνούσας
952 3421 1217 3490 δραγμὴν,
1244 3422 1334 3470 καὶ
1367 3420 1486 3479 τοὺς
1513 3418 1738 3484 ἀστέρας
1758 3418 1857 3466 πά-

322 3521 428 3582 λιν,
458 3517 655 3569 καὶτὸν
678 3516 826 3582 ἣλιον
853 3512 942 3563 καὶ
963 3513 1058 3578 τὴν
1086 3510 1308 3576 σελήνην
1332 3507 1607 3567 ποιοῦντας
1629 3507 1686 3556 τὸ
1712 3506 1856 3556 αὐτὸ.

324 3613 386 3660 ΟΞ
427 3611 483 3658 ὲν
512 3605 764 3670 Αἰγύπτῳ
797 3600 931 3668 μετά
958 3599 1046 3650 τοῦ
1093 3597 1282 3665 Ἰωσὴφ
1334 3594 1703 3662 καθειγμένος
1729 3594 1856 3662 (59),

325 3701 352 3749 ὁ
402 3698 501 3764 μὲν
540 3694 896 3760 ἁπολυόμενο;
948 3691 1069 3750 τοὺς
1119 3691 1262 3754 τρεῖς
1307 3687 1531 3753 βότρυας
1581 3683 1858 3742 ὲκθλίῦων,

327 3786 423 3837 καὶ
448 3785 536 3836 τὸν
560 3779 697 3833 οἶνον
730 3778 990 3837 ἐπιδιδοὺς
1041 3776 1118 3842 τῷ
1163 3774 1385 3841 βασιλεῖ,
1418 3775 1444 3823 ὁ
1489 3773 1543 3822 δὲ
1577 3770 1863 3837 κολαζόμε-

326 3889 419 3932 νος
453 3871 572 3929 τοὺς
602 3869 692 3918 ἐπὶ
720 3864 810 3917 τοῦ
850 3863 1010 3916 κανοῦ
1048 3865 1191 3929 τρεῖς
1235 3862 1407 3928 φέρων
1455 3859 1556 3910 ὑπὸ
1601 3858 1707 3907 τῶν
1769 3858 1862 3922 ὀρ-

327 3962 469 4012 νέων
499 3955 832 4023 ἐσθιομένους
881 3952 1092 4019 ἄρτους.
1135 3949 1196 3999 ’0
1239 3946 1440 4012 Φαραὼ
1477 3947 1599 4004 τοὺς
1627 3944 1760 3994 ἑπτὰ
1789 3944 1865 3993 λι-

332 4049 545 4119 παροῦς
584 4045 731 4114 βόας,
755 4044 848 4105 καὶ
877 4042 1108 4108 στάχυας
1141 4037 1423 4106 εὐτραφεῖς
1455 4035 1612 4097 ἑπτα,
1648 4034 1738 4082 καὶ
1763 4032 1862 4083 πά-

329 4141 417 4190 λιν
477 4132 995 4200 καταισχυνομένους
1043 4128 1166 4196 βόας
1217 4128 1387 4188 ἑπτὰ,
1445 4125 1536 4174 uel.
1588 4121 1863 4182 τοσούτους

334 4230 592 4294 στάχυας.
637 4223 693 4273 ’0
724 4222 818 4289 τὴν
849 4219 1163 4286 κυλιομένην
1213 4215 1453 4284 κριθίνην
1489 4212 1685 4281 pag/€53.
1738 4209 1866 4261 θεώ-

335 4333 496 4384 μενος
521 4314 877 4375 Μαδιανίτης
913 4309 1002 4360 ἐπὶ
1041 4307 1130 4358 τοῦ
1166 4304 1382 4364 Γεδεὼν,
1414 4305 1504 4352 καί
1548 4305 1641 4368 τὴν
1671 4300 1866 4365 σκηνὴν

336 4399 807 4468 καταστρέψασαν,
833 4396 926 4464 τὴν
970 4394 1062 4445 τοῦ
1089 4392 1322 4459 Μαδιάμ.
1350 4388 1866 4454 Νίιόουχοδονόσορ

335 4495 431 4544 τῦν
461 4489 746 4556 ἀνδριάντα
775 4485 1039 4552 θεώμενος
1072 4483 1160 4533 τὸν
1205 4480 1482 4538 πολύυλον,
1509 4478 1608 4525 ὑπὸ
1658 4473 1747 4523 τοῦ
1788 4473 1866 4521 λί-

337 4580 435 4631 θου
486 4574 915 4644 συντριϐόμενον,
959 4570 1049 4621 τοῦ
1101 4570 1224 4620 ἄνευ
1269 4566 1442 4633 χειρὸς
1492 4565 1574 4612 ἐπ’
1621 4564 1776 4627 αῦτὸν
1811 4559 1868 4619 ἐξ

338 4670 500 4736 ὅρους
551 4662 897 4720 καταϐάντος.
929 4660 1034 4710 Καὶ
1085 4657 1237 4706 πάλιν
1269 4656 1327 4703 τὸ
1376 4653 1698 4718 ὑψηλότατον
1755 4650 1867 4698 δέν-

340 4735 489 4825 δρον,
545 4751 604 4804 τὸ
647 4747 994 4818 ἐκτέμνεσθαι
1045 4744 1410 4809 κελευόμενον,
1442 4739 1531 4791 καὶ
1580 4737 1691 4804 μεθ’
1734 4735 1869 4785 ἑπτὰ

351 4844 646 4913 βλαστάνον
679 4837 967 4898 ἐνιαυτούς.
1003 4835 1059 4885 ὐ
1093 4832 1309 4898 Δανιὴλ
1356 4832 1476 4897 περὶ
1510 4830 1612 4879 τῶν
1656 4831 1864 4879 ἀνιστα-

350 4937 526 4999 μένων
559 4935 622 4992 δ’,
663 4932 756 4982 καὶ
813 4925 1244 4994 καθαιρουμένων
1281 4925 1336 4973 ἐν
1381 4923 1605 4989 μορφαῖς
1649 4919 1866 4985 θηρίων,

346 5020 652 5090 βασιλειῶν,
687 5020 781 5070 καὶ
828 5017 1073 5083 περὶτῆς
1105 5014 1407 5071 τελευταίας
1465 5009 1750 5077 βασιλείας,
1775 5007 1871 5073 τῆς

348 5107 781 5172 καθαιρουμένης
811 5105 902 5156 τοῦ
940 5103 1315 5170 Ἀντιχρίστου,
1348 5103 1564 5163 κέρατος
1607 5097 1869 5162 βραχυτά-

346 5213 446 5250 του
469 5195 718 5259 φανέντος
748 5192 910 5260 αὐτῷ.
945 5192 1051 5244 Καὶ
1079 5192 1200 5257 περὶ
1224 5190 1318 5255 τῆς
1367 5188 1423 5248 ἐξ
1448 5185 1686 5251 οὐρανῶν
1711 5185 1871 5250 ﬁxo-a-

352 5302 449 5337 σεν
485 5281 698 5334 αἰωνίου
739 5280 1035 5347 βασιλείαςθ
1075 5283 1106 5331 0'
1142 5277 1504 5338 'AndoroJOq,
1548 5273 1633 5324 τοῦ
1675 5272 1870 5338 Κυρίου

429 5458 474 5488 ⁵⁵
503 5455 612 5507 luto
659 5451 848 5502 l‘aultls
886 5451 902 5499 l
938 5451 1058 5503 Cor.
1113 5465 1168 5513 tl,
1196 5452 1245 5502 il.

429 5607 537 5674 (5)8)
566 5602 724 5657 Forte
773 5601 924 5668 μετά.
955 5642 960 5647 .

2365 3141 2485 3190 dam
2526 3141 2854 3204 manifestata
2885 3149 3023 3191 sunt.

2025 3250 2246 3303 Jacobus
2299 3249 2495 3302 scalam
2541 3250 2732 3302 videta
2789 3259 2922 3302 terra
2955 3251 3019 3303 ad
3071 3251 3229 3304 cmlos
3273 3251 3475 3318 pertin-

1959 3349 2187 3408 gentem.
2213 3340 2398 3406 Ioseph
2450 3340 2672 3390 fratrum
2723 3353 2936 3391 suorum
2972 3339 3266 3406 manipulos
3321 3353 3473 3389 suum

1959 3429 2238 3480 adorantes
2291 3427 2609 3492 manipulum
2643 3443 2654 3476 :
2689 3426 2865 3477 stellas
2898 3425 3041 3487 item,
3098 3434 3149 3476 et
3215 3425 3375 3476 solem
3425 3431 3477 3474 et

1962 3518 2138 3568 lunam
2165 3515 2300 3567 idem
2333 3514 2601 3566 facientes.
2638 3516 2736 3576 Qui
2775 3516 2824 3564 in
2864 3513 3086 3580 [E'gypto
3130 3529 3246 3565 cum
3282 3511 3472 3577 .I.isepli

1960 3607 2154 3656 carceri
2186 3602 2465 3667 mancipati
2487 3611 2636 3654 erant
2666 3619 2677 3652 :
2702 3617 2762 3653 ac
2782 3602 2866 3652 ille
2892 3603 3100 3666 quidem
3130 3600 3214 3666 qui
3249 3601 3473 3650 liberau-

1961 3694 2059 3744 dus
2086 3690 2542 3755 ahsolvendusque
2573 3698 2702 3747 erat,
2729 3679 3048 3753 exprimebat
3079 3694 3183 3735 tres
3214 3696 3469 3743 racemos,

1960 3789 2012 3830 et
2035 3779 2212 3828 vinum
2249 3777 2672 3843 regiporrigebat
2701 3774 2823 3839 :qui
2855 3787 2975 3823 vero
3002 3770 3316 3837 puniendus,
3351 3784 3471 3835 por-

1962 3867 2106 3917 tabat
2145 3875 2250 3915 tres
2285 3877 2448 3928 panes
2510 3861 2564 3912 in
2618 3862 2850 3912 canistro
2878 3874 2906 3909 a
2967 3857 3267 3909 volucribus
3298 3845 3473 3909 come-

1961 3954 2179 4004 dendos.
2201 3949 2407 4000 Pharao
2436 3949 2565 3999 vidit
2591 3956 2787 4013 septem
2811 3946 3028 4012 pingues
3050 3947 3228 4005 boves,
3261 3959 3323 3997 ac
3344 3945 3475 3997 bene

1962 4044 2221 4096 eauti-itas
2251 4042 2424 4108 spicas
2462 4049 2694 4106 septem;
2731 4053 3046 4102 rursumque
3096 4037 3266 4090 foedos
3315 4038 3474 4090 boves

1963 4141 2182 4199 septem,
2238 4145 2299 4181 ac
2345 4128 2557 4180 totidem
2612 4127 2805 4193 spicas.
2843 4123 3150 4176 Madianites
3197 4125 3286 4190 qui
3350 4123 3478 4175 vidit

1964 4220 2262 4271 devolutum
2294 4215 2638 4268 hordeaceam
2682 4214 2836 4265 oﬂ‘am
2866 4215 2963 4264 sub
3006 4213 3270 4276 Gedeone,
3299 4222 3349 4265 et
3401 4221 3478 4263 ta-

1967 4306 2309 4359 bernaculum
2340 4318 2582 4356 eversum
2605 4302 2830 4354 Madian.
2875 4302 3358 4363 Nabuchodonosor,
3386 4302 3474 4367 qui

1968 4393 2240 4457 conspexit
2288 4400 2515 4443 statuam
2572 4406 2631 4442 ex
2678 4391 2900 4442 diversis
2943 4390 3174 4441 materiis
3230 4397 3474 4439 constan-

1949 4489 2093 4536 tem,
2130 4492 2157 4527 a
2214 4477 2383 4541 lapide
2430 4476 2732 4534 contritam,
2764 4476 2852 4540 qui
2899 4475 3289 4536 sinermanibus
3316 4474 3364 4520 in
3397 4472 3478 4536 ip-

1967 4579 2076 4614 sam
2109 4562 2174 4613 de
2204 4569 2380 4611 monte
2413 4561 2775 4624 descenderat.
2808 4562 2981 4622 Atque
3028 4560 3217 4606 iterum
3282 4557 3479 4606 altissi-

1969 4667 2105 4701 mam
2143 4651 2537 4713 arborem,‘_quua
2570 4646 2768 4698 succidi
2798 4645 2942 4711 jussu
2999 4653 3096 4704 est,
3128 4652 3178 4694 et
3208 4650 3325 4709 post
3368 4643 3480 4693 ela-

1968 4752 2092 4805 psos
2117 4747 2312 4803 septem
2338 4749 2504 4786 annos
2526 4749 2732 4786 rursum
2763 4732 3091 4799 germinavit.
3120 4730 3301 4780 Daniel
3329 4729 3481 4779 audi-

1973 4828 2117 4877 vitde
2145 4840 2190 4876 iv
2234 4825 2558 4890 regnis,qu;e
2579 4830 2879 4875 surrectura
2919 4827 3070 4870 erant
3086 4833 3146 4869 ac
3167 4814 3481 4870 destruenda

1965 4919 2017 4968 in
2075 4916 2254 4981 ligni-is
2314 4913 2653 4973 animalium;
2707 4918 2758 4963 ct
2800 4911 2863 4961 de
2933 4908 3117 4958 ultimo
3178 4920 3336 4972 regno
3389 4903 3483 4955 de~

1969 5005 2216 5057 struendo
2237 5002 2564 5062 Antichristi,
2587 5017 2748 5051 cornu
2777 4998 3087 5049 brevissimo
3119 4996 3162 5046 ei
3187 5002 3482 5059 apparentc.

1969 5098 2042 5146 Ac
2068 5095 2130 5145 de
2161 5105 2354 5144 aeterno
2383 5092 2576 5143 Christi
2629 5103 2788 5154 regno
2824 5087 3043 5138 cmlesti.
3081 5082 3367 5148 Apostolus,
3395 5081 3483 5146 qui

1970 5179 2135 5231 audiit
2188 5180 2393 5230 dicente
2450 5177 2522 5229 illi
2579 5175 2799 5226 Domino
2859 5191 2872 5224 :
2919 5173 3081 5224 Macte
3106 5181 3231 5230 esto,
3294 5167 3487 5228 Paule;

1973 5268 2246 5321 StCttle.-tillt
2286 5266 2624 5316 testimonium
2667 5264 2967 5328 perhibuiin
2997 5263 3055 5312 de
3093 5275 3166 5310 me
3195 5254 3486 5307 inlcrusa-

2045 5586 2162 5654 (59)
2183 5585 2575 5653 καθειργμένοι.
