4102 6338
795 319 890 379 I39

2261 309 2558 371 JOSEPPI

3854 301 3958 363 140

788 425 957 474 Utinm
991 420 1299 474 testamenti
1336 419 1479 482 novi,
1501 429 1553 473 et
1577 420 1692 488 ejus
1709 419 1851 488 quod
1873 433 2040 487 penes
2070 416 2321 474 IIebrteos

2435 416 2670 485 Ἡρώδου
2697 416 2954 484 πονηρίαν
2988 412 3378 482 ὑποϐαλλούσῃ.
3432 411 3516 472 Ὠς
3537 414 3595 463 οὐ
3634 413 3691 463 τὸ
3719 413 3961 483 εἰσερχό-

782 521 900 565 erat
935 511 1003 564 ⁸⁸.
1043 511 1128 563 10.
1165 509 1309 564 Usus
1338 519 1420 564 est
1455 509 1802 564 similitudine
1829 509 2002 576 vulpis
2035 507 2320 562 indicantis

782 601 1042 654 malitiam
1066 600 1288 652 Herodis
1306 601 1370 651 ".
1402 599 1487 653 II.
1521 599 1724 663 Docuit,
1758 615 1862 652 non
1894 599 1943 652 id
1973 601 2115 667 quod
2155 599 2322 665 ingre-

785 690 952 748 ditur,
984 687 1075 741 sed
1114 688 1256 756 quod
1289 688 1563 756 egreditur
1611 688 1964 755 coinquinare
2007 686 2318 739 hominem:

787 777 890 829 hoc
946 783 1066 838 est,
1105 775 1456 842 eOgitationes
1502 789 1565 829 ac
1626 774 1923 829 locutiones
1981 774 2204 828 vitiosas
2251 774 2318 826 “.

788 867 875 920 12.
900 865 984 920 Est
1015 876 1066 920 et
1093 863 1480 919 Pharisaeorum
1517 862 1929 924 fermentum,id
1953 872 2052 925 est,
2094 862 2317 924 malitia,

786 969 904 1023 qua:
940 965 989 1007 et
1014 955 1144 1007 alios
1170 955 1336 1007 malos
1361 953 1600 1008 eﬂlcit“.
1637 952 1721 1005 15.
1743 951 1990 1004 Ostensio
2013 965 2320 1019 puerorum,

789 1042 857 1096 ad
920 1041 1217 1096 innuendos
1279 1040 1552 1108 simplices
1608 1037 1984 1091 salvandornm
2033 1051 2210 1090 mores
2254 1036 2318 1087 ".

790 1132 879 1186 H.
905 1128 1186 1198 Inquisitio
1202 1129 1315 1182 ovis
1336 1127 1493 1180 nnius
1509 1126 1748 1196 perditae,
1763 1139 1882 1192 qua:
1910 1124 2084 1177 innuit
2103 1124 2320 1176 humani

784 1220 991 1288 generis
1047 1220 1271 1273 salutem
1304 1216 1367 1269 ⁸⁸.
1420 1213 1788 1269 15.ΡιιιοὺοΙο
1836 1215 1900 1267 de
1935 1229 2000 1267 eo
2047 1214 2136 1282 qui
2192 1228 2318 1266 con-

781 1318 995 1362 secutus
1047 1315 1126 1358 est
1154 1305 1359 1358 veniam
1405 1303 1692 1356 multorum
1720 1311 2058 1371 peccatorum
2101 1302 2320 1354 aDIll‘I'O

782 1410 906 1459 suo,
943 1403 998 1448 at
1026 1395 1136 1462 ipse
1162 1393 1431 1446 conservis
1463 1391 1576 1451 suis
1601 1404 1706 1444 non
1751 1389 1956 1443 remisit
1993 1404 2153 1458 parva
2198 1402 2318 1456 quae

783 1486 837 1539 in
861 1501 918 1539 se
943 1483 1332 1536 commiserunt
1354 1488 1570 1550 peccata
1599 1481 1664 1532 ”.
1709 1479 1797 1532 16.
1837 1478 2014 1531 Altera
2046 1477 2110 1530 de
2150 1478 2318 1530 servis

786 1572 970 1625 missis
998 1572 1060 1622 ad
1103 1570 1392 1637 exigendos
1452 1567 1659 1621 fructus
1704 1572 1870 1620 vinea:
1895 1575 1949 1620 et
1995 1566 2316 1620 contumelia

782 1663 985 1716 atl‘ectis
1018 1670 1174 1728 atque
1210 1660 1434 1721 occisis;
1467 1666 1522 1710 et
1550 1657 1617 1711 de
1642 1657 1751 1710 lilio
1771 1671 1868 1723 pro
1893 1656 2078 1714 eadem
2138 1670 2195 1708 re
2228 1669 2316 1707 ve-

2430 520 2610 573 μενον,
2642 503 2774 556 ἀλλά
2805 502 2866 553 τὸ
2889 502 3238 571 ὲξερχόμενον
3290 501 3501 569 μολύνει
3525 502 3618 552 τὸν
3658 500 3962 570 ἄνθρωπον,

2427 593 2642 657 ὄὲστιν,
2685 592 2740 643 αί
2771 591 2868 659 τῆς
2906 590 3099 651 κακίας
3142 589 3336 642 ἔννοιαι
3390 591 3483 641 καὶ
3534 589 3700 656 λόγοι.
3746 590 3808 642 Ἦ
3855 591 3960 642 τῶν

2425 681 2732 750 Φαρισαίων
2765 681 2932 750 ζύμη,
2973 679 3246 732 τουτέστιν
3283 680 3315 746 ὴ
3352 681 3605 749 πονηρία,
3632 682 3666 748 ή
3715 680 3808 732 καὶ
3839 680 3961 741 τοὺς

2426 769 2613 831 ἄλλους
2639 769 2953 832 κακίζουσα.
2983 769 3048 821 Ἦ
3075 769 3184 820 τῶν
3211 769 3435 821 παιδίων
3465 768 3798 844 παρῄδειξις,
3828 769 3963 836 πρὸς

2424 858 2484 910 τὸ
2503 858 2702 911 άπλοῦν
2733 858 2838 911 τῶν
2885 857 3203 926 σωζομένων
3226 859 3443 926 τρόπον.
3473 859 3551 938 ,Ἦ
3582 857 3674 910 τοῦ
3695 857 3964 910 ἀπολωλός

2423 964 2513 1010 τος
2534 949 2648 1009 ἑνὸς
2677 948 2950 1018 προϐάτου
2979 949 3223 1017 ζήτησις,
3255 948 3352 1015 τὴν
3371 946 3464 1000 τοῦ
3487 948 3672 1014 γένους
3722 947 3829 999 τῶν
3872 949 3963 999 ἀν-

2425 1036 2655 1106 θρώπων
2679 1035 3032 1089 ὑπώεικνύσα
3062 1036 3346 1106 σωτηρίαν.
3367 1036 3431 1088 Ἠ
3464 1035 3555 1089 τοῦ
3566 1035 3812 1104 τυχόντος
3834 1037 3964 1087 πολ-

2425 1125 2530 1177 λῶν
2559 1126 2946 1195 πλημμελειῶν
2983 1126 3131 1194 παρά
3166 1125 3260 1178 τοῦ
3311 1126 3564 1178 δεσπότου
3602 1124 3699 1194 τὴν
3747 1123 3961 1192 ἄφεσιν.

2424 1213 2584 1267 αὑτοῦ
2608 1215 2662 1266 δὲ
2692 1217 2764 1283 μὴ
2795 1215 3040 1282 ἀφιέντος
3065 1217 3178 1276 τοῖς
3211 1214 3510 1276 συνδούλοις
3537 1214 3635 1275 τάς
3673 1215 3754 1276 είς
3803 1214 3966 1265 αὑτὸν

2429 1303 2627 1372 μικρὰς
2649 1303 2941 1372 ἁμαρτίας.
2968 1301 3176 1355 Δούλων
3192 1303 3599 1356 ἀποσταλέντων
3622 1302 3713 1354 ἐπὶ
3735 1305 3798 1371 τῇ
3852 1301 3964 1353 τῶν

2425 1392 2654 1462 καρπῶν
2684 1392 2841 1460 λήψει
2863 1392 2954 1444 τοῦ
2985 1392 3324 1460 ἀμπελῶνος,
3349 1395 3439 1444 καὶ
3482 1392 3840 1461 ὑϐρισθέντων
3869 1393 3966 1443 καὶ

2425 1480 2807 1548 φονευθέντων,
2844 1480 2935 1531 καὶ
2974 1479 3065 1532 τοῦ
3092 1479 3207 1532 υίοῦ
3257 1481 3336 1542 είς
3372 1479 3526 1532 τοῦτο
3555 1481 3818 1543 ἐλθόντος,
3869 1482 3967 1532 καὶ

2422 1572 2489 1623 τά
2519 1571 2607 1622 ῐσα
2631 1569 2781 1640 παρὰ
2811 1571 2918 1621 τῶν
2944 1569 3268 1637 ἀγνωμόνων
3302 1569 3412 1630 τοῖς
3439 1567 3642 1631 δούλοις
3696 1569 3964 1620 πεπονθόο

2427 1678 2538 1722 τος.
2578 1661 2641 1712 Ἦ
2671 1660 2777 1713 τῶν
2806 1658 2911 1712 ἀπὸ
2939 1658 3156 1728 πρώτης
3186 1659 3328 1727 ῶρας
3350 1660 3476 1723 ,καὶ
3508 1658 3712 1729 τρίτης,
3744 1659 3837 1710 καὶ
3873 1659 3966 1710 ἱκ-

783 1753 1034 1813 nienti,et
1060 1753 1170 1817 pari
1195 1750 1354 1802 modo
1370 1757 1528 1815 atque
1551 1746 1690 1799 servi
1712 1747 1776 1798 ab
1809 1743 2027 1813 ingratis
2039 1742 2313 1796 allecto".

2423 1767 2515 1819 της
2540 1750 2631 1802 καὶ
2681 1750 2930 1816 ὲννάτης,
2959 1751 3051 1802 καὶ
3084 1748 3219 1817 πρὸς
3274 1749 3508 1818 ἑσπέραν
3543 1750 3623 1810 είς
3659 1749 3756 1817 τὴν
3790 1749 3960 1816 ἔργα·

783 1839 870 1892 I‘l.
912 1838 1168 1892 Parabola
1221 1850 1404 1889 eorum
1458 1834 1550 1902 qui
1592 1834 1836 1887 mercede
1880 1833 2130 1886 conducti
2170 1830 2318 1882 missi

773 1937 905 1982 sunt
929 1927 994 1980 ad
1050 1925 1398 1979 laborandum
1437 1923 1488 1976 in
1541 1923 1718 1987 vinea,
1753 1923 1878 1974 hora
1906 1921 2098 1989 prima.
2136 1929 2188 1973 et
2214 1929 2319 1972 ter-

779 2018 871 2081 tia,
897 2023 951 2069 et
980 2026 1148 2078 sexui,
1182 2023 1232 2066 et
1258 2027 1401 2065 nona
1432 2020 1483 2064 et
1523 2012 1624 2064 sub
1659 2024 1932 2078 vesperam
1965 2010 2030 2060 τ’.
2069 2009 2152 2061 18.
2189 2007 2315 2061 Item

778 2104 996 2174 reiectio
1020 2117 1203 2157 eorum
1245 2103 1336 2169 qui
1389 2101 1455 2154 ad
1500 2100 1717 2168 nuptias
1767 2098 1942 2152 vocati
1966 2096 2198 2163 .fnerant
2221 2111 2319 2150 nec

776 2200 1151 2257 occurrerunt;
1201 2192 1516 2258 vocatioque
1570 2203 1755 2243 eorum
1796 2188 1889 2256 qui
1943 2187 2177 2241 vicissim
2236 2188 2320 2238 in-

765 2285 921 2338 ducti
950 2281 1248 2335 fueruntde
1267 2280 1507 2332 exitibus
1521 2287 1574 2331 et
1601 2278 1772 2330 triviis
1804 2278 1870 2327 ".
1902 2277 1988 2330 I9.
2020 2275 2318 2343 Repudium

766 2372 894 2440 ejus
912 2371 998 2440 qui
1016 2370 1193 2422 minus
1221 2369 1410 2420 decore
1431 2365 1498 2418 ad
1524 2365 1734 2432 nuptias
1762 2364 2060 2418 venerat".
2099 2363 2184 2414 20.
2224 2363 2316 2417 De-

779 2475 894 2513 cem
951 2457 1214 2524 virginnm
1260 2465 1566 2524 paratarum
1598 2463 1650 2505 et
1704 2454 2086 2517 imparatarum
2126 2452 2314 2504 obvia—

781 2551 854 2602 tio
879 2550 944 2601 ".
977 2548 1067 2599 2|.
1099 2547 1361 2600 Aeeessus
1395 2543 1776 2610 negotiantium
1811 2555 2238 2604 (ncononmrum,
2269 2549 2322 2594 et

777 2637 1098 2694 Iucrantium
1134 2652 1196 2688 ex
1221 2636 1413 2703 opibus
1448 2634 1586 2692 heri,
1621 2641 1780 2700 atque
1817 2633 2017 2684 idcirco
2048 2645 2323 2683 commen-

779 2729 1027 2782 daturum
1072 2743 1084 2777 :
1121 2724 1277 2778 otiosi
1306 2725 1428 2776 item
1479 2731 1532 2775 et
1584 2721 1902 2774 infructuosi
1936 2721 2222 2789 ignominia
2255 2720 2318 2770 ".

776 2817 867 2869 9.2.
897 2814 1192 2870 Collocatio
1224 2813 1402 2865 ovium
1431 2811 1494 2864 ad
1517 2810 1791 2864 dexteram
1825 2817 1877 2863 et
1914 2810 1978 2862 ad
2011 2809 2317 2873 sinistram;

781 2907 993 2959 iltarum
1050 2904 1265 2972 quidem
1318 2901 1572 2971 gloriosa,
1627 2901 1812 2952 harum
1855 2914 1984 2953 vero
2038 2898 2320 2952 contume-

779 2995 913 3049 liosa
939 2996 1014 3045 ‘7'.
1055 2995 1143 3046 25.
1186 2991 1436 3046 Ostensio
1478 2990 1596 3058 ejus
1643 2990 1732 3058 qui
1761 2989 1948 3043 incidit
1976 2989 2028 3041 in
2065 2988 2318 3050 latrones,

2421 1839 2538 1890 σίαν
2569 1838 2661 1889 τοῦ
2681 1837 2994 1905 ἀμπελῶνος
3015 1837 3298 1904 ὲπίμισθον
3323 1838 3718 1905 κομισαμένων.
3764 1837 3824 1888 Ἦ
3855 1837 3966 1888 τῶν

2419 1929 2495 1988 είς
2521 1927 2644 1987 τοὺς
2682 1927 2888 1994 γάμους
2922 1923 3253 1993 κληθέντων,
3284 1924 3376 1974 καὶ
3417 1923 3491 1992 μὴ
3538 1923 3967 1990 ἀπαντησάντων

2417 2015 2678 2082 ἀποϐολὴ,
2706 2015 2800 2067 καὶ
2847 2014 2954 2066 τῶν
2979 2013 3430 2081 ἀντεισαχθέντων
3470 2017 3532 2066 ἐκ
3564 2013 3809 2078 διεξόδων
3865 2014 3965 2065 καὶ

2416 2101 2637 2171 τριόδων
2660 2101 2872 2171 κλῆσις.
2909 2102 2971 2154 'H
2992 2103 3083 2154 τοῦ
3113 2103 3186 2170 μὴ
3224 2103 3534 2171 πρεπόντως
3557 2103 3968 2170 ἀπαντήσαντος

2419 2191 2498 2251 είς
2518 2191 2640 2252 τοὺς
2664 2191 2872 2258 γάμους
2921 2189 3135 2258 ἐκϐολή.
3207 2190 3270 2241 Ἠ
3331 2191 3438 2242 τῶν
3501 2191 3630 2243 δέκα
3679 2192 3966 2260 παρθένων

2416 2282 2630 2351 ἕτοιμος
2658 2284 2756 2335 καὶ
2792 2283 3073 2352 ἀνετοιμος
3127 2281 3443 2351 ἀπάντησις.
3508 2283 3568 2334 Ἦ
3599 2283 3704 2335 τῶν
3725 2282 3966 2351 ἐνεργῶν

2418 2373 2732 2439 οἰκονόμων,
2782 2372 2877 2424 καὶ
2927 2371 3267 2440 πορισάντων
3315 2373 3393 2434 είς
3432 2371 3500 2424 τά
3555 2372 3649 2425 τοῦ
3702 2373 3964 2425 δεσπότου

2420 2461 2699 2528 χρήματα,
2725 2459 3162 2527 ἀπάντησις,’καὶ
3184 2461 3272 2513 διά
3306 2461 3460 2513 τοῦτο
3490 2462 3833 2530 τιμωμένων,
3867 2462 3968 2514 καὶ

2420 2550 2454 2616 ἡ
2484 2547 2576 2600 τοῦ
2606 2547 2776 2616 ἀργοῦ
2809 2548 2903 2599 καὶ
2940 2548 3231 2616 ἀπορίστου
3284 2549 3496 2617 ἀτιμία.
3540 2551 3603 2601 Ἥ
3631 2550 3738 2601 τῶν
3767 2552 3831 2601 ἑκ
3871 2550 3931 2601 δε
3954 2582 3966 2589 -

2422 2637 2549 2701 ξιῶν
2582 2636 2865 2706 προϐάτων
2913 2637 3004 2689 καὶ
3035 2636 3141 2689 τῶν
3169 2637 3227 2700 ἐξ
3253 2639 3567 2706 εὐωνύμων,
3596 2638 3706 2691 τῶν
3745 2640 3842 2707 μὲν
3875 2640 3968 2691 εν-

2420 2730 2585 2793 δοξος,
2625 2729 2732 2782 τῶν
2760 2729 2816 2782 δὲ
2849 2731 2933 2781 ἐπ’
2961 2728 3145 2799 ἀδοξίᾳ
3171 2730 3532 2799 παράστασις.
3574 2731 3637 2782 Ἦ
3667 2731 3758 2783 τοῦ
3786 2733 3970 2799 ἐμπε-

2422 2820 2601 2880 σόντος
2625 2820 2703 2876 είς
2732 2819 2856 2881 τοὺς
2894 2820 3110 2890 λῃστὰς,
3155 2821 3244 2870 καὶ
3272 2819 3374 2871 ὑπὸ
3420 2819 3753 2888 Σαμαρείτω
3809 2820 3970 2888 ἐλεη-

2423 2909 2624 2973 θέντος,
2661 2909 2734 2977 μὴ
2766 2908 3079 2976 ἐλεηθέντος
3107 2909 3164 2960 δὲ
3211 2909 3313 2960 ὑπὸ
3350 2910 3636 2979 Φαρισαίου
3667 2913 3757 2962 καὶ
3804 2910 3972 2962 Λευῖ-

2422 3014 2536 3060 του,
2564 2996 2852 3060 ὑπόδειξις.
2890 2996 2951 3046 Ἦ
2981 2997 3072 3047 τοῦ
3096 2999 3152 3048 ὲν
3174 2998 3329 3048 νυκτὶ
3352 2998 3442 3049 τὸν
3491 2999 3649 3066 ἄρτον
3690 2997 3972 3059 αἰτοῦντος

784 3093 838 3138 et
894 3098 923 3137 a
989 3081 1328 3136 Samaritano
1372 3079 1797 3133 misericordiam
1847 3086 1929 3132 est
1979 3085 2318 3139 consecutus,

2423 3051 2632 3152 Btd'sﬁc
2661 3051 2972 3152 παρανόμου
3005 3083 3443 3153 ’ἐκλιπαρήσεως,
3463 3051 3638 3153 λῆξαις.
3663 3085 3725 3136 'H
3747 3086 3907 3151 συκῆ,
3934 3051 3971 3154 ή

779 3189 876 3227 nec
912 3182 1086 3225 tamen
1138 3180 1457 3223 consecutus
1523 3167 1699 3221 fuerat
1741 3182 1770 3220 a
1800 3165 2074 3219 Pharisaio
2114 3166 2193 3217 vel
2224 3164 2319 3217 Leo

2423 3171 2511 3223 διὰ
2541 3170 2815 3238 ἀκαρπίαν
2845 3170 2916 3239 μὴ
2938 3170 3283 3240 ἐκτμηθεῖσα,
3310 3173 3406 3222 ἀλλ
3423 3173 3434 3193 ’
3455 3172 3537 3225 ἵνα
3559 3173 3764 3238 καρπὸν
3784 3176 3973 3244 ἀγάγῃ

780 3262 887 3313 vita
944 3261 1017 3312 ".
1078 3257 1459 3310 9.4.I’arabola
1501 3256 1617 3321 ejus
1676 3254 1767 3322 qui
1825 3254 1878 3306 in
1934 3261 2089 3306 nocte
2127 3268 2318 3320 panem

2423 3264 2511 3312 ἐπὶ
2542 3260 2830 3327 ὑποσχέσει
2884 3260 3132 3328 μείνασα.
3176 3260 3232 3311 ὐ
3261 3262 3450 3331 κριτὴς
3484 3263 3511 3312 ὁ
3544 3263 3838 3332 ἀνευλαϐὴς
3870 3265 3976 3316 καὶ

782 3350 1036 3418 petebat,
1088 3355 1140 3400 et
1217 3354 1431 3413 propter
1505 3343 1868 3411 importunam
1943 3341 2315 3396 assiduitatem

783 3437 985 3505 accepit
1030 3436 1092 3488 ⁷⁸.
1136 3433 1518 3494 25.Ficulnea,
1550 3447 1668 3499 quae
1703 3444 1920 3499 prepter
1965 3431 2317 3484 infecundita-

786 3537 886 3579 tem
919 3541 1021 3576 non
1049 3523 1146 3575 fuit
1178 3522 1378 3586 excisa,
1405 3521 1496 3575 sed
1533 3520 1718 3573 relicta
1761 3523 1860 3574 sub
1908 3521 2309 3588 pollicitatione,

786 3625 841 3667 ut
878 3613 1106 3666 Iructum
1138 3613 1296 3665 faciat
1327 3613 1398 3662 ⁷³.
1441 3609 1529 3661 26.
1563 3607 1735 3662 Judex
1781 3605 2111 3677 irreligiosus
2144 3617 2195 3660 ct
2233 3609 2314 3659 in-

784 3705 1140 3765 verecundus,
1162 3703 1252 3771 qui
1288 3701 1476 3755 saltem
1505 3700 1693 3761 audiit,
1736 3707 2016 3765 propterea
2048 3698 2191 3763 quod
2237 3698 2316 3748 vi-

677 3800 685 3808 '
783 3800 886 3850 dua
917 3795 1221 3864 apudillum
1257 3793 1559 3860 importune
1601 3789 1827 3842 instabat
1857 3787 1924 3840 ⁸⁰.
1963 3786 2052 3840 27.
2081 3787 2188 3840 Viri
2224 3801 2318 3840 no-

783 3887 907 3938 bilis
956 3884 1027 3936 ad
1069 3881 1442 3950 accipiendum
1471 3893 1693 3948 regnum
1738 3893 1957 3946 peregre
1981 3877 2120 3929 facta
2145 3878 2319 3945 proie-

783 3977 909 4040 ctio,
940 3983 993 4027 et
1024 3974 1290 4026 excidium
1313 3984 1522 4031 eorum,
1551 3968 1642 4036 qui
1683 3966 1828 4018 illum
1860 3965 2207 4033 repudiarunt
2266 3967 2319 4018 in

2415 3349 2656 3418 ἀναιδὴς,
2679 3347 2766 3400 διὰ
2786 3347 2915 3414 γοῦν
2958 3348 3017 3400 τὺ
3067 3349 3359 3418 ὀχλεῖσθαι,
3411 3351 3508 3418 τῆς
3553 3351 3974 3420 προσοχλούσης

2415 3439 2579 3506 χήρας
2611 3436 2866 3497 ἀκούσας.
2908 3437 2967 3490 'H
3011 3439 3105 3489 τοῦ
3135 3439 3386 3504 εὐγενοῦς
3428 3441 3520 3491 ἐπὶ
3575 3441 3841 3508 βασιλείας
3871 3443 3974 3509 λή-

2415 3529 2504 3594 ψει
2529 3529 2606 3587 είς
2638 3526 2849 3595 μακράν
2873 3527 3176 3595 ἀποδημίαν
3195 3527 3535 3597 [ἀποδημίᾳ],
3571 3530 3660 3580 καὶ
3684 3530 3789 3580 τῶν
3822 3546 3896 3580 ita
3911 3547 3976 3598 ρ-

2420 3614 2749 3681 αιτουμένων
2781 3614 2940 3666 αὑτὸν
2967 3618 3024 3667 ὲν
3060 3619 3125 3684 τῇ
3173 3617 3267 3683 τῆς
3300 3615 3569 3684 βασιλείας
3599 3617 3775 3685 λήψει,
3810 3621 3972 3671 ἀναί-

2423 3717 2589 3770 ρεσις.
2628 3700 2684 3752 '0
2715 3701 2937 3769 ποιμὴν,
2963 3703 2990 3752 ό
3040 3702 3126 3753 διά
3175 3702 3273 3769 τῆς
3331 3701 3495 3772 θύρας
3523 3704 3702 3755 εἰσιὼν
3732 3707 3811 3766 είς
3862 3707 3968 3773 τὴν

2426 3791 2684 3860 μάνδραν,
2709 3790 2803 3842 καὶ
2824 3791 2890 3842 τά
2920 3790 3158 3860 πρόϐατα
3205 3791 3322 3842 κατ’
3354 3791 3521 3862 ὄνομα
3566 3793 3762 3855 καλῶν,
3794 3795 3892 3847 καὶ
3945 3799 3976 3846 ὁ

2428 3881 2501 3950 μὴ
2525 3882 2610 3933 διὰ
2636 3881 2736 3946 τῆς
2762 3880 2948 3950 θύρας,
2971 3881 3105 3934 ἀλλά
3129 3881 3437 3950 ἀλλαχόθεν,
3469 3882 3700 3951 κλέπτης
3721 3883 3817 3944 ὢν,
3843 3886 3963 3936 ἑπι-

2425 3967 2640 4022 ϐαίνων.
3142 4008 3148 4015 .
3293 3973 3296 3978 ’

784 4068 1118 4134 susceptione
1166 4067 1312 4132 regni
1360 4065 1426 4115 ⁸⁸.
1468 4063 1556 4116 28.
1598 4060 1786 4114 Pastor
1820 4101 1835 4124 ,
1876 4060 1966 4127 qui
2012 4075 2104 4127 per
2160 4061 2357 4114 ostium
2423 4063 2718 4130 ingreditur
2747 4065 2799 4116 in
2847 4065 3089 4126 caulam,
3139 4079 3372 4132 ovesque
3419 4066 3730 4117 nominatim
3790 4077 3973 4118 vocat.

784 4168 837 4212 ct
864 4159 929 4222 is,
967 4157 1049 4209 cui
1082 4170 1204 4209 cum
1241 4156 1377 4208 latro
1411 4154 1501 4218 sit,
1531 4151 1747 4206 aliunde
1775 4150 2070 4219 ingreditur
2099 4159 2154 4202 et
2205 4167 2310 4203 non
2379 4167 2471 4219 per
2502 4161 2710 4219 portam
2735 4153 2799 4205 ⁸².

785 4264 934 4317 CAP.
967 4263 1239 4316 CXXXIII.
1266 4293 1310 4301 —
1363 4262 1593 4342 Quorum
1640 4270 1972 4336 externorum
2006 4259 2321 4342 testimonio-

2429 4258 2675 4342 KE<I>A.A..
2716 4261 2981 4342 ΙξΛΓ⁹..-
3013 4263 3200 4342 [ἰδίειν
3230 4261 3346 4315 τῶν
3378 4265 3594 4342 ξξωθεν
3635 4266 3981 4342 μιξρτυριιίν

963 4349 1075 4381 rum
1126 4334 1321 4382 l’aulus
1369 4329 1631 4395 apostolus
1673 4329 1977 4378 mentionem
2007 4326 2151 4391 facit.

864 4441 1094 4493 Causam
1125 4439 1310 4492 dicens
1356 4437 1577 4489 Athenis
1615 4451 1711 4503 pro
1759 4435 2086 4487 defendenda
2139 4436 2326 4502 praedi-

791 4531 995 4583 catione
1027 4529 1188 4592 verbi,
1226 4529 1300 4581 ait
1333 4546 1343 4580 ε
1381 4527 1445 4580 Ut
1467 4539 1512 4581 et
1541 4528 1755 4594 quidam
1785 4538 1946 4592 poetw
1990 4529 2142 4578 vestri
2181 4527 2326 4578 dixe-

793 4631 912 4671 runt
957 4609 972 4671 ἐ
1012 4617 1162 4670 Illius
1204 4634 1246 4670 et
1277 4634 1433 4685 genus
1481 4615 1578 4682 ipsi
1620 4633 1820 4668 sumus.
1857 4615 2030 4683 Atque
2083 4616 2326 4668 scribens

792 4709 914 4762 Tito
963 4709 1137 4777 agenti
1175 4709 1224 4759 in
1273 4709 1446 4768 Creta,
1485 4707 1560 4757 ait
1592 4723 1604 4756 :
1636 4705 1780 4756 Dixit
1817 4705 2027 4772 quidam
2073 4721 2135 4757 ex
2179 4705 2323 4772 ipsis,

794 4799 1092 4865 aptissimus
1123 4796 1230 4847 illis
1268 4794 1510 4862 prepheta
1545 4809 1561 4845 :
1593 4794 1858 4844 Cretenses
1892 4810 2084 4862 semper
2113 4795 2329 4845 menda-

793 4908 892 4952 cus,
931 4890 1078 4940 ιηιιίιε
1128 4889 1285 4954 ferre,
1340 4894 1536 4936 ventres
1571 4883 1779 4933 inertes.
1833 4883 2085 4934 Dominus
2118 4897 2333 4948 quoque

795 4997 922 5034 ttsns
956 4991 1034 5033 est
1084 4975 1434 5035 similitudine
1465 4974 1700 5027 exterius
1743 4971 2026 5035 accersita,
2053 4973 2240 5025 dicens
2267 4973 2334 5025 ad

799 5067 1100 5119 Nazarenos
1141 5082 1153 5116 :
1191 5065 1411 5117 Omnino
1443 5061 1625 5114 dicetis
1665 5059 1789 5110 mihi
1835 5059 1968 5110 hanc
2021 5059 2331 5111 similitudi-

865 5220 906 5250 ⁸³
949 5217 1129 5268 Matth.
1167 5230 1281 5265 xm.
1355 5216 1400 5245 “
1431 5215 1614 5266 Matth.
1647 5230 1674 5262 v
1703 5222 1753 5266 et
1782 5213 1910 5266 Luc.
1949 5229 2061 5265 xm.

798 5304 945 5340 XVIII.

2571 4330 2603 4379 ὀ
2631 4328 2970 4393 ἀπόστολος
3004 4331 3238 4394 Παῦλος
3276 4334 3520 4398 μνήμην
3562 4328 3829 4386 ποιεῖται.

2510 4438 2964 4508 Ἀπολογούμενος
2992 4441 3050 4493 ἐν
3085 4440 3332 4510 Ἀθήναις
3363 4443 3490 4512 περὶ
3537 4443 3628 4494 τοῦ
3676 4444 3979 4513 κηρύγμα-

2426 4545 2516 4591 τος
2547 4529 2637 4582 τοῦ
2673 4529 2852 4596 λόγου,
2883 4531 3046 4600 φησίν
3071 4548 3083 4562 ο
3131 4533 3185 4586 Ὠ
3208 4536 3306 4587 καί
3333 4552 3487 4600 τινες
3517 4535 3632 4588 τῶν
3659 4538 3785 4590 καθ’
3819 4541 3983 4606 ὑμᾶς

2425 4619 2685 4684 ποιητῶν
2701 4622 2969 4688 εἰρήκασι
3002 4623 3109 4692 (60)
3131 4638 3142 4650 ·
3178 4624 3286 4676 Τοῦ
3306 4625 3411 4692 γὰρ
3441 4626 3536 4678 καὶ
3565 4627 3736 4692 γένος
3759 4628 3977 4695 ἐσμέν.

2437 4707 2542 4757 Καὶ
2588 4709 2729 4776 Τίτῳ
2781 4712 3003 4779 γράφων
3037 4714 3092 4762 ὲν
3128 4716 3192 4780 τῇ
3235 4715 3421 4782 Κρήτῃ
3468 4715 3732 4781 διάγοντι,
3768 4719 3934 4784 φησίν
3965 4735 3977 4748 ·

2438 4792 2584 4846 Εἶπέ
2617 4811 2705 4857 τις
2733 4796 2799 4856 ἐξ
2827 4797 3040 4858 αὐτῶν,
3070 4797 3215 4862 τὸιος
3239 4799 3434 4851 αὐτῶν
3455 4801 3758 4867 προφήτης
3779 4815 3793 4830 ’
3819 4804 3981 4871 Κρῆ-

2439 4898 2534 4945 τες
2555 4883 2642 4934 ἀεὶ
2666 4884 2940 4948 ψεῦσταί,
2967 4888 3115 4937 κακὰ
3135 4887 3325 4952 θηρία,
3353 4889 3630 4954 γαστέρες
3652 4891 3822 4958 ἀργαί
3841 4893 3978 4962 (GI).

2439 4971 2599 5023 Καὶό
2631 4971 2828 5040 Κύριος
2873 4973 2928 5024 δὲ
2978 4975 3246 5042 ἐχρήσατο
3290 4975 3567 5046 παραϐολῇ
3620 4982 3682 5047 τῇ
3733 4979 3972 5045 ἔξωθεν,

2439 5060 2604 5113 εἰπὼν
2637 5063 2770 5131 πρὸς
2800 5063 2920 5124 τοὺς
2956 5065 3010 5132 έν
3037 5064 3282 5132 Ναζαρέο
3311 5082 3324 5095 ο
3367 5064 3603 5133 Πάντως
3648 5070 3831 5136 ἐρεῖτέ
3871 5090 3980 5140 μοι

2141 5212 2507 5267 “Matth.xv.
2583 5217 2789 5269 “Ibid.
2865 5216 3093 5268 "Matth
3135 5232 3281 5270 xviii.
3356 5217 3644 5275 I“‘Luc.xv.
3719 5224 3762 5254 “
3787 5221 3978 5276 Matth.

1049 5284 1293 5334 7oMatth.
1324 5298 1429 5333 xu.
1506 5283 1544 5312 ⁷¹
1575 5282 1755 5334 Matth.
1792 5299 1858 5335 sx
1956 5284 1998 5312 ⁷¹
2029 5282 2212 5334 Matth.
2257 5298 2386 5336 xxii.

2462 5284 2662 5336 "Ibid.
2740 5284 3154 5337 "Malliuxxv.
3243 5287 3430 5342 "Ibid.
3505 5291 3696 5344 "Ibid.
3773 5290 3978 5344 "Luc.

801 5372 853 5407 ιι.
926 5355 969 5385 ’⁸
1019 5352 1144 5404 Luc.
1194 5355 1270 5403 ξκι.
1345 5353 1386 5382 ⁷³
1422 5348 1605 5401 Matth.
1646 5367 1718 5401 xi.
1791 5350 1834 5380 ⁸⁸
1885 5351 2009 5405 Luc.
2078 5367 2226 5405 svnt.
2303 5352 2320 5380 ⁸

2423 5351 2540 5406 Luc.
2579 5371 2687 5405 χιι.
2765 5352 2960 5404 "Jnatt
3003 5369 3052 5406 ιι.

872 5504 976 5565 (60)
1009 5503 1080 5554 Ε(
1111 5503 1328 5556 Cleante
1359 5511 1408 5555 cl
1439 5501 1616 5554 Arato.
1652 5499 1810 5551 ann.
1846 5500 1983 5551 Bibl.
2011 5501 2101 5551 Cr.
2136 5501 2229 5554 lib.
2258 5518 2337 5563 ιιι,

804 5587 920 5637 cap.
966 5571 1120 5639 I5,p.
1164 5573 1282 5624 597.

2521 5505 2630 5571 (61)
2662 5502 3021 5570 Epimenides,
3052 5501 3190 5558 Bibl.
3228 5505 3316 5561 Gr.
3346 5506 3385 5574 I,
3415 5525 3530 5580 cap.
3573 5510 3624 5574 6,
3653 5525 3771 5578 pag.
3804 5509 3896 5564 56.

4005 38 4085 119 Ἡ
