4088 6332
650 309 744 369 147

2103 309 2273 367 JOSE
2283 309 2395 368 PPI

3661 300 3761 363 M8

535 404 539 408 ’
645 413 868 480 Carpus,
902 411 1151 478 Papulus,
1175 411 1479 480 ngatonice,
1502 412 1708 481 aliaque
1731 413 2009 467 multitudo
2032 430 2153 467 san-
2175 417 2205 472 Α

2251 415 2486 483 Κάρπος,
2521 413 2788 476 Πάπυλος,
2832 371 3188 481 Ἀγαθωνίκη,
3223 408 3315 463 καὶ
3335 410 3519 478 ἕτερον
3561 409 3759 480 πλῆθος

648 513 850 554 ctorum
878 517 966 568 per
994 501 1249 554 divinium
1275 502 1582 570 martyrium
1613 513 1976 557 consummata
2005 513 2105 556 est.

715 591 765 643 5.
799 589 908 642 Sub
955 588 1134 642 Severo
1167 590 1419 644 adversus
1464 589 1753 643 Ecclesiam
1787 591 1970 658 ingens
2006 591 2150 644 exci-

644 687 752 734 tata
794 690 873 732 est
925 680 1233 746 persecutio,
1283 679 1333 730 in
1393 693 1495 747 qua
1555 677 1794 732 Justinus
1843 671 2146 747 martyrium

645 768 824 829 subiit,
877 777 929 819 et.
964 766 1219 820 Leonides
1276 765 1517 834 Origenis
1564 775 1728 834 pater,
1758 776 1804 819 et
1835 766 2148 819 Potamizena

642 868 820 909 sancta
862 858 1027 924 virgo,
1067 865 1119 908 et
1147 855 1424 919 Basilides,
1447 865 1499 908 et
1539 856 1820 909 multitudo
1853 857 2147 908 divinorum

643 954 932 1012 martyrum
966 942 1178 996 coaluit.

704 1031 752 1084 6.
787 1031 1096 1083 Maximinus
1140 1044 1324 1084 omnes
1371 1030 1662 1097 praecipuos
1717 1029 2018 1095 ubicunque
2060 1043 2146 1082 es-

640 1128 775 1184 sent,
808 1119 1208 1186 puta-’clericos,
1239 1134 1269 1172 e
1297 1119 1466 1171 medio
1495 1119 1605 1172 tolli
1645 1118 1821 1186 jussit,
1844 1131 1895 1171 et
1933 1117 2144 1184 quidem

637 1224 748 1270 eos,
789 1208 877 1275 qui
910 1223 965 1260 se
992 1222 1109 1262 esse
1129 1207 1457 1261 Christianos
1477 1207 1731 1261 dicerent.

707 1297 756 1346 7.
820 1294 1006 1348 Decius
1057 1293 1474 1348 crudelissimam
1526 1294 1942 1362 persecutionem
1995 1292 2148 1346 adhi-

640 1385 769 1437 buit.
824 1383 920 1435 Hic
971 1383 1086 1435 ﬁdei
1151 1382 1506 1433 testimonium
1568 1381 1828 1446 perhibuit
1864 1381 2145 1434 Flavianus

637 1475 916 1539 episcopus
957 1470 1247 1531 Romanus,
1283 1470 1574 1522 Alexander
1594 1471 1873 1537 episcopus
1906 1472 2146 1522 Hieroso-

638 1562 947 1628 lyiuitanus,
973 1559 1195 1626 Babylas
1217 1559 1495 1626 episcopus
1518 1559 1899 1620 Antiochenus,
1924 1557 2145 1625 Sarapio

637 1652 917 1718 cpiscopus
944 1648 1348 1710 Alexandrinus,
1373 1648 1646 1712 Apollonia
1682 1649 1824 1715 virgo
1857 1657 1910 1700 et
1932 1649 2146 1700 Ammo-

2249 503 2415 569 ἁγίων
2441 503 2526 554 διὰ
2557 504 2646 555 τοῦ
2680 502 2821 556 θείου
2851 502 3140 554 τελειοῦται
3173 500 3486 569 μαρτυρίου.

2315 599 2373 645 ε’.
2389 591 2521 644 Ὑπὸ
2541 593 2819 657 Σωτθιου,
2842 591 2976 642 κατὰ
2995 588 3089 656 τῆς
3105 589 3420 657 Ἐκκλησίας
3448 588 3616 657 μέγας
3636 603 3761 653 συγ·

2247 683 2467 732 κινεῖται
2492 681 2724 748 διωγμὸς
2743 719 2758 742 ,
2783 679 2866 747 ἐφ’
2890 673 2950 732 οῦ
2973 678 3242 738 Ἰουστῐνος
3256 675 3628 744 ἐμαρτύρησε,
3668 675 3762 727 καὶ
3839 726 3849 732 ,

2254 768 2516 837 Λεωνίδης
2553 770 2580 820 ό
2621 769 2948 837 Ὠρειγένους
2983 765 3183 834 πατὴρ,
3227 765 3320 816 καὶ
3363 764 3693 832 Ποταμίαινα
3724 763 3758 830 ἡ

2243 857 2371 921 ἁγία
2418 857 2698 925 παρθένος,
2728 858 2818 908 καὶ⁵
2856 841 3186 924 Βασιλείδης,
3232 853 3324 906 καὶ
3356 853 3556 920 πλῆθος
3600 851 3760 904 θείων

2246 943 2532 996 τελειοῦται
2563 944 2868 1014 μαρτύρων.

2311 1039 2382 1094 ς’.
2414 1031 2733 1098 Μαξιμῖνος
2781 1030 3023 1100 πρώτους
3068 1030 3272 1091 πάντας
3304 1029 3428 1090 τοὺς
3458 1028 3578 1081 δποι
3596 1028 3641 1080 δ’
3670 1028 3756 1092 ἂν,

2241 1121 2314 1182 ὼς
2341 1121 2647 1189 κληρικοὺς,
2678 1120 3009 1188 ἀναιρεῖσθαι
3034 1117 3356 1187 προστάξας,
3381 1118 3470 1169 καὶ
3497 1117 3614 1170 τότε
3632 1118 3758 1179 τοὺς

2242 1210 2490 1276 λέγοντας
2520 1210 2738 1270 ἑαυτοὺς
2762 1205 2898 1260 εἶναι
2929 1207 3302 1278 Χριστιανούς.

2309 1299 2371 1361 ζ’.
2404 1296 2598 1361 Δέκιος
2641 1296 2877 1365 σφοδρῶς
2922 1297 3183 1364 ἐχρήσατο
3232 1293 3307 1363 τῷ
3353 1293 3606 1361 διωγμῷ,
3657 1295 3752 1346 καὶ

2244 1388 2501 1458 μαρτυρεῖ
2525 1384 2810 1445 Φλαδιανδς
2831 1384 3113 1444 ἐπίσκοπος
3158 1381 3389 1450 Ῥώμης,
3422 1381 3758 1448 Ἀλέξανδρος

2241 1476 2527 1536 ἐπίσκοπος
2557 1473 2950 1542 Ἰεροσολύμων,
2979 1473 3218 1533 Βαϐύλας
3240 1472 3525 1534 ἐπίσκοπος
3563 1472 3758 1522 Ἀντιο-

2241 1562 2702 1634 χείας,Σαραπίων
2731 1562 3021 1622 ἐπίσκοπος
3041 1561 3462 1629 Ἀλεξανδρείας,
3494 1559 3756 1612 Ἀπολλω·

2241 1655 2324 1706 νία
2355 1653 2610 1721 παρθένος
2635 1653 2727 1703 καὶ
2749 1651 3136 1719 Ἀμμωναρίων
3175 1651 3270 1702 σὺν
3299 1650 3481 1711 ἄλλαις
3502 1649 3758 1717 τέσσαρσι

639 1740 826 1791 narion
873 1754 991 1790 cum
1045 1738 1160 1789 aliis
1213 1744 1438 1802 quatuor
1498 1736 1794 1802 virginibus
1861 1718 2205 1787 crudeliterB

2245 1718 2524 1811 παρθένοις
2565 1741 2747 1802 δεινῶς
2797 1718 3256 1809 βασανισθείσαις,
3309 1738 3586 1798 Ἰουλιανὸς
3610 1739 3637 1788 ὀ
3665 1754 3759 1790 πο-

639 1828 790 1879 tortis
823 1845 834 1879 :
871 1826 1131 1888 Julianus,
1166 1825 1254 1892 qui
1304 1826 1532 1893 podagra
1575 1826 1818 1877 laborans
1855 1825 1905 1876 in
1938 1825 2147 1877 fornace

636 1914 1104 1969 circumlerebatur
1128 1922 1178 1965 et
1211 1913 1326 1965 viva
1357 1913 1500 1966 calce
1531 1912 1775 1980 perfusus
1803 1922 1900 1966 est.
1932 1913 2148 1980 Cypria-

2245 1831 2431 1898 δαλγὸς
2457 1831 2545 1881 ἐπὶ
2571 1830 2792 1898 καμίνου
2836 1828 3275 1895 περιφερόμενος,
3307 1827 3396 1877 καὶ
3420 1828 3482 1896 τῇ
3514 1826 3758 1892 ἀσϐέστῳ

2246 1921 2699 1989 περιραινόμενος.
2744 1917 2800 1968 '0
2823 1918 3112 1977 ἐπίσκοπος
3141 1915 3490 1983 Καρθαγένης
3519 1915 3760 1981 Κυπρια-

636 2019 736 2055 nus
773 2004 1047 2069 episcopus
1095 2002 1560 2069 Carthagenensis.
1616 2001 1868 2054 Mercuria
1926 2002 2047 2053 item
2095 2011 2148 2054 et

2245 2013 2348 2071 νός.
2384 2008 2687 2075 Μερκουρία
2715 2024 2770 2058 τε
2804 2007 2895 2059 καὶ
2953 2004 3192 2057 Διονυσία
3223 2007 3255 2072 ἠ
3284 2003 3564 2068 πόλύπαις,
3593 2019 3759 2069 παρεο

636 2090 881 2158 Dionysla
932 2105 1047 2158 quae
1079 2090 1269 2142 multos
1317 2089 1542 2141 habebat
1589 2089 1803 2150 liberos,
1839 2103 2013 2142 coram
2059 2089 2143 2141 illa

2245 2093 2510 2160 στηκότων
2555 2093 2686 2159 αὐτῇ
2729 2091 2834 2141 τῶν
2879 2090 3080 2141 παίδων
3115 2090 3300 2156 αὐτῆς.
3337 2089 3443 2140 Καὶ
3473 2089 3755 2156 βασανιζο-

636 2177 969 2230 adstantibus
995 2177 1114 2229 liliis
1135 2177 1277 2239 suis;
1313 2191 1407 2230 nec
1441 2185 1612 2229 tamen
1653 2178 1772 2229 dum
1819 2186 2146 2244 torqueretur

2247 2181 2374 2247 μένη
2414 2179 2511 2229 οὐκ
2539 2178 2709 2240 ἔστιξε
2737 2177 2846 2247 (7‘2)
2877 2177 2974 2243 τῆς
3013 2177 3242 2246 Χριστοῦ
3269 2176 3447 2245 φιλίας
3474 2176 3569 2244 τὴν
3597 2176 3758 2226 πολυ-

633 2281 864 2322 amorem
887 2281 1179 2318 numerosa:
1201 2267 1360 2333 prolis
1387 2268 1554 2318 amori
1587 2267 1811 2332 praetulit
1841 2265 2055 2318 Christi.
2089 2265 2143 2318 hi

2242 2269 2473 2321 παιδίαν.
2524 2269 2644 2319 Ἐπὶ
2685 2267 2740 2319 δὲ
2780 2267 2966 2318 τούτου
3018 2265 3253 2317 πλεῖστοι
3310 2267 3579 2334 μάρτυρες
3621 2265 3758 2315 κατὰ

634 2359 730 2406 hac
785 2355 1151 2422 persecutione
1199 2355 1409 2422 plurimi
1444 2363 1700 2423 martyres
1754 2370 1846 2422 per
1891 2357 2048 2408 urbes
2091 2364 2144 2408 et

2241 2347 2417 2418 πόλεις
2482 2358 2575 2408 καὶ
2647 2357 2784 2409 κατὰ
2859 2356 3044 2422 κώμας
3107 2359 3216 2416 τοῖς
3272 2356 3534 2424 οὐρανίοις
3580 2357 3757 2424 χοροῖς

630 2444 778 2495 villas
820 2442 1119 2495 caelestibus
1161 2442 1335 2493 choris
1371 2443 1551 2494 inSerti
1595 2451 1733 2494 sunt.
1783 2443 1848 2492 At
1891 2443 2141 2509 Origenes

2244 2447 2758 2516 συγκατελέχθησαν.
2808 2447 3114 2514 Ὠρειγένης
3157 2446 3212 2499 δὲ
3261 2447 3359 2498 οὐκ
3415 2443 3615 2512 ἠξιώθη
3659 2447 3757 2512 τῆς

631 2529 720 2594 qui
753 2544 843 2594 per
871 2529 970 2580 hoc
997 2537 1203 2593 tempus
1238 2528 1464 2590 vivebat,
1499 2543 1603 2580 non
1625 2529 1967 2595 estdignatus
1999 2543 2140 2579 mar-

2243 2537 2543 2605 μαρτυρίας
2589 2538 2646 2588 ἐν
2688 2534 2858 2604 τούτῳ
2916 2536 3191 2603 συσχεθεὶς
3248 2536 3323 2602 τῷ
3371 2535 3583 2604 χρόνῳ,
3642 2533 3755 2584 ἀλλ’

632 2616 766 2684 tyrio
800 2635 813 2668 :
844 2616 934 2669 sed
960 2618 1153 2680 victus,
1177 2617 1226 2668 in
1258 2618 1568 2685 paenitentia
1596 2617 1857 2684 reliquum
1886 2618 2004 2668 vitae
2032 2631 2141 2670 sua:

2237 2628 2516 2696 ἡττηθεὶς,
2569 2629 2646 2687 εἰς
2711 2627 2991 2693 μετάνοιαν
3039 2624 3167 2674 ἐϐίω
3229 2625 3316 2676 τὸν
3374 2623 3555 2674 λοιπὸν
3590 2621 3754 2674 αὑτοῦ

631 2713 838 2766 tempus
869 2703 1184 2766 transmisit.
1795 2707 1797 2709 ’
2238 2716 2443 2784 χρόνον.

702 2793 751 2845 8.
796 2790 1096 2843 Valerianus
1125 2791 1440 2844 Christianis
1460 2791 1650 2844 bellum
1671 2792 1852 2851 movit,
1882 2790 2139 2858 multique

2307 2803 2375 2873 η’.
2403 2804 2788 2872 Οὐαλεριανὸς
2804 2803 3151 2869 Χριστιανοὺς
3177 2801 3495 2868 ἐπολέμησε,
3516 2800 3607 2852 καὶ
3623 2795 3754 2850 πολ-

629 2880 785 2932 etiam
814 2881 912 2932 sub
943 2880 1030 2931 illo
1063 2889 1317 2946 martyres
1369 2877 1579 2932 fuerunt.
1615 2897 1628 2932 :
1680 2880 1816 2932 inter
1851 2893 1985 2946 quos
2015 2886 2139 2932 sunt

2239 2895 2316 2946 λοὶ
2339 2895 2431 2946 καὶ
2461 2895 2546 2945 ἐπ’
2571 2894 2732 2945 αὐτοῦ
2763 2895 3259 2961 μεμαρτυρήκασιν,
3289 2892 3346 2953 ἐξ
3369 2885 3440 2942 ὧν
3465 2892 3565 2941 είσι
3594 2888 3685 2939 καὶ
3705 2886 3755 2939 οἱ

631 2978 738 3021 tres
769 2978 1022 3037 martyres
1049 2966 1300 3020 Ca'sareze
1328 2965 1638 3032 Palestina,
1669 2965 1903 3028 Priscus,
1927 2966 2136 3020 Marcus
2163 3025 2204 3050 ﬂ

2239 2984 2295 3033 ἐν
2341 2982 2636 3050 Καισαρείᾳ
2681 2981 2776 3047 τῆς
2827 2980 3182 3048 Παλαιστίνης
3239 2978 3504 3047 μάρτυρες
3566 2976 3751 3043 τρεῖς,

629 3066 680 3109 ιιι
711 3025 1022 3109 Alexander.
1624 3025 1634 3032 ν
1891 3025 1898 3028 ﬁ
2163 3025 2205 3082 α

703 3145 754 3198 9.
793 3145 1106 3209 Aurelianus
1158 3144 1317 3196 movit
1356 3145 1795 3211 persecutionem,
1842 3157 1946 3195 non
1971 3157 2140 3211 usque

631 3234 762 3286 adeo
788 3234 1052 3286 crudelem
1084 3242 1135 3285 et
1175 3232 1528 3285 manifestam.
1578 3232 1756 3284 Solum
1792 3231 1930 3284 enim
1977 3229 2140 3299 magi-

628 3322 887 3376 stratibus
931 3336 995 3373 ex
1041 3321 1420 3374 consuetudine
1468 3331 1699 3374 veterum
1739 3320 1908 3388 legum
1955 3327 2137 3373 contra

624 3411 959 3464 Christianos
988 3410 1116 3478 quid
1144 3410 1402 3475 agendum
1424 3419 1560 3462 esset
1583 3407 1914 3476 signiﬁcavit.

705 3491 790 3547 10.
845 3497 888 3546 Α
935 3494 1256 3548 Diocletiano
1311 3510 1498 3563 magna
1551 3495 1807 3549 adversus
1851 3493 2138 3548 Ecclesiam

626 3588 854 3641 excitata
919 3589 1214 3656 persecutio
1252 3596 1362 3650 est.
1416 3589 1469 3641 in
1518 3604 1622 3656 qua
1671 3598 1724 3642 et
1766 3588 2138 3656 quamplurimi

627 3686 914 3745 martyres,
959 3678 1053 3729 viri
1085 3679 1381 3744 conspicui,
1430 3679 1482 3729 in
1522 3677 1826 3732 testimonio
1853 3677 1970 3729 ﬁdei
2020 3691 2139 3743 per-

629 3765 854 3818 bibendo
892 3766 1217 3818 effulserunt.
1260 3767 1541 3820 Antliimus
1588 3767 1867 3834 episcopus
1898 3765 2138 3818 Nicome-

627 3852 844 3906 diensis.
884 3853 1107 3906 Pliilteas
1153 3856 1436 3922 episcopus
1479 3855 1819 3910 Thmuensis.
1871 3855 2139 3908 Adauctus

627 3942 885 3994 Catholici
915 3943 1167 4008 dignitate
1193 3945 1490 4002 deciiratus,
1519 3944 1570 3995 in
1601 3961 1703 4010 qua
1736 3946 1897 3996 etiam
1929 3943 2137 4007 conspi-

627 4045 757 4082 CllUS
793 4027 913 4080 fuit.
950 4028 1157 4096 Pelagia
1188 4030 1332 4096 virgo
1357 4030 1710 4091 Antiochena,
1742 4031 1920 4097 junior
1945 4031 2137 4097 puella,

625 4133 743 4182 quin
782 4133 895 4169 sese
926 4119 990 4169 de
1037 4119 1187 4170 tertia
1225 4120 1621 4185 contignatione
1647 4119 1835 4172 domus
1877 4135 1985 4172 suae
2021 4133 2139 4185 pro-

621 4209 765 4272 jccit.
799 4207 1064 4275 Tyrannio
1087 4209 1368 4273 episcopus
1396 4209 1541 4276 Tyri.
1575 4207 1839 4261 Zenobius
1868 4210 2140 4275 presbyter

2237 3069 2485 3138 Πρίσκος,
2523 3069 2738 3137 Μάρκος
2771 3069 2862 3120 καὶ
2892 3068 3252 3135 Ἀλέξανδρος.
3558 3107 3564 3112 .

2303 3156 2365 3212 θ’.
2401 3158 2764 3223 Αὐρηλιανὸς
2791 3160 2930 3209 κινεῖ
2953 3156 3205 3224 διωγμὸν,
3250 3156 3344 3224 οὐχ
3370 3156 3537 3217 οὕτως
3567 3156 3753 3223 ἄγριον

2237 3260 2328 3298 και
2348 3247 2579 3313 ἐμφανῆ.
2610 3246 2782 3298 Μόνον
2799 3244 2904 3314 γὰρ
2928 3245 3030 3296 τῶν
3059 3243 3326 3311 ἀρχόντων
3347 3243 3445 3310 τῆς
3477 3241 3754 3309 συνηθείας

2235 3337 2340 3386 τῶν
2371 3335 2609 3388 παλαιῶν
2655 3335 2828 3403 νόμων
2871 3334 3007 3385 κατὰ
3034 3332 3366 3402 Χριστιανῶν
3406 3333 3457 3384 τί
3497 3331 3753 3405 ⁸γίνεσθὲιιι

2245 3422 2318 3490 μὴ
2353 3421 2500 3491 [χρὴ]
2537 3421 2648 3490 (75)
2677 3421 2948 3483 διατάξας.

2310 3509 2358 3562 ι’.
2401 3509 2458 3561 '0
2487 3511 2652 3577 μέγας
2681 3507 2821 3562 κατὰ
2843 3507 3273 3577 τῆςἘκκλησίας
3297 3508 3398 3561 ὑπὸ
3414 3510 3752 3575 Atat-uincta-

2235 3601 2343 3654 νοῦ
2367 3599 2600 3667 διωγμὸς
2630 3598 2920 3666 ἐγείρεται,
2949 3598 3032 3666 ἐφ’
3057 3594 3118 3652 οὗ
3145 3601 3234 3651 καὶ
3257 3600 3438 3652 πολλοὶ
3463 3602 3755 3668 μάρτυρες,

2218 3689 2422 3758 ,ἄνδρες
2453 3690 2749 3755 ἐπιφανεῖς,
2777 3687 3068 3756 διέπρεψαν
3089 3686 3236 3755 ἐντῷ
3259 3688 3560 3755 μαρτυρίῳ.
3584 3685 3758 3738 Ἄνθι-

2243 3793 2335 3842 μος
2386 3775 2675 3836 ἐπίσκοπος
2739 3774 3122 3842 Νικομηδείας.
3178 3775 3396 3836 ⁴Ιθιλιιίας
3467 3776 3757 3836 ἐπίσκοπος

2237 3863 2482 3932 Θμούιος.
2521 3862 2830 3924 ΙἈδαυκτος,
2868 3863 3182 3926 καθολικδς,
3234 3864 3326 3914 καὶ
3364 3865 3419 3914 ἐν
3456 3863 3600 3930 αὐτῷ
3643 3862 3758 3914 δια-

2237 3953 2455 4020 πρέπων
2483 3952 2557 4021 τῷ
2587 3952 2873 4021 ἀξιώματι.
2903 3952 3135 4018 Πελαγία
3164 3954 3195 4019 ὴ
3222 3955 3278 4003 ἐν
3303 3952 3596 4018 Ἀντιοχείᾳ
3624 3965 3752 4017 παρ⁹

2239 4039 2404 4101 Θένος,
2430 4041 2520 4090 νέα
2551 4039 2702 4106 κόρη,
2738 4039 2934 4106 ῥίψασα
2967 4039 3162 4107 ἑαυτὴν
3209 4040 3314 4091 ἀπὸ
3355 4037 3628 4106 τριστέγου
3660 4036 3758 4102 τῆς

2243 4127 2372 4188 ίδίας
2402 4127 2595 4186 οἰκίας.
2629 4125 2935 4194 Τυραννίων
2966 4126 3256 4186 ἐπίσκοπος
3290 4124 3484 4191 Τύρου.
3507 4123 3759 4192 Ζηνόὸιος

2240 4213 2595 4280 πρεσὸύτερος
2619 4213 2856 4274 Σιδῶνος.
2890 4214 3140 4274 meum
3163 4214 3454 4275 ἐπίσκοπος
3495 4212 3756 4279 Ἠμισῶν.

625 4301 971 4354 Sidonicusis.
1034 4299 1278 4352 Silvanus
1360 4301 1636 4367 episcopus
1707 4301 2205 4386 Hemisenorum.D

2249 4304 2514 4371 Ῥωμανὸς
2558 4303 2844 4363 ἐπίσκοπος
2897 4304 3232 4371 Ἀντιοχείας.
3265 4303 3513 4370 Ζηνόὸιος
3563 4301 3755 4368 ἀρχία-

624 4387 897 4440 Βοιιιειιιυε
937 4389 1218 4454 episcOpus
1245 4387 1552 4440 Antiochiae.
1596 4388 1858 4443 Zenobius
1892 4390 2132 4456 princeps

624 4480 811 4531 ibidem
867 4479 1206 4534 medicorum.
1269 4479 1516 4531 Silvanus
1554 4481 1834 4545 episcopus
1885 4479 2134 4532 Gazensis

623 4584 740 4619 cum
774 4568 891 4618 aliis
922 4585 1005 4619 χι..
1073 4569 1256 4621 Peleus
1312 4579 1363 4620 et
1414 4568 1564 4620 Nilus
1612 4569 1842 4634 episcopi
1883 4569 2133 4635 Egyptii.

623 4658 928 4725 Pamphilus
951 4660 1226 4728 presbyter
1250 4659 1624 4711 tlmsareensis.
1651 4657 1835 4709 Petrus
1860 4639 2138 4724 episcopus

621 4748 1029 4806 Alexandrinus,
1067 4756 1117 4797 et
1149 4763 1268 4799 cum
1302 4748 1416 4812 ipso
1447 4746 1693 4807 Faustus,
1726 4745 1871 4805 Dius,
1919 4748 2137 4797 Ammo-

624 4848 743 4884 nius
774 4833 1061 4899 presbyteri
1087 4851 1097 4882 :
1123 4835 1351 4900 episcopi
1383 4848 1506 4884 vero
1537 4831 1790 4900 Phylmas,
1823 4833 2136 4902 Hesychius,

623 4921 960 4979 Pacliumius,
995 4921 1323 4974 'lheodurus.
1356 4921 1520 4974 Gaius
1560 4936 1769 4988 quoque
1807 4920 2075 4975 Laodicea:
2102 4939 2128 4974 a

622 5011 862 5077 plebibus
884 5020 1119 5077 raptatus
1145 5012 1454 5078 martyrium
1477 5013 1617 5064 fecit.
1641 5014 1766 5062 ltem
1791 5009 2132 5074 Sabinianus,

622 5101 709 5166 qui
755 5115 872 5151 cum
930 5100 1080 5150 miles
1111 5109 1250 5151 esset
1279 5103 1454 5166 gravis
1495 5110 1798 5161 armaturze,
1854 5101 2133 5152 confessus

623 5188 759 5252 quod
807 5186 1142 5236 Christianus
1191 5195 1359 5245 esset,
1407 5186 1579 5236 securi
1615 5185 1927 5250 percutitur.
1973 5184 2136 5244 Quin-

625 5277 729 5324 imo
763 5275 961 5326 Classes
997 5274 1212 5340 integrm
1252 5273 1472 5323 militum
1509 5287 1626 5323 cum
1677 5273 1903 5322 tribunis
1934 5281 1984 5322 et
2015 5287 2137 5323 cen-

626 5362 948 5420 turionibus.
982 5362 1191 5428 Spoliali
1223 5361 1388 5412 armis
1413 5363 1723 5427 martyrium
1755 5362 2049 5411 subierunt.

686 5473 793 5530 (7‘2)
831 5472 983 5525 Fin-Ie
1009 5471 1242 5538 ἔστερξε.

2238 4397 2362 4462 τρὸς
2417 4394 2758 4458 Ἀντιοχείας.
2828 4392 3074 4452 mem;
3136 4392 3427 4450 ἐπίσκοπος
3481 4391 3758 4452 Γαζαίων,

2245 4483 2374 4548 μετὰ
2430 4482 2519 4530 καὶ
2549 4481 2718 4531 ἄλλων
2753 4480 2823 4546 μ’.
2871 4480 3071 4548 Πηλεὺς
3120 4481 3214 4531 καὶ
3248 4479 3430 4538 Νεῖλος
3480 4479 3762 4530 ἐπίσκοποι

2242 4570 2539 4635 Αἰγύπτιοι.
2576 4571 2844 4636 Πάμφιλος
2887 4569 3242 4638 πρεσῦύτερος
3281 4568 3626 4633 Καισαρείας.
3663 4569 3761 4620 Πέο

2244 4675 2367 4725 τρος
2400 4659 2685 4714 ἐπίσκοπος
2734 4657 3146 4722 “Λ).εξανδρείας,
3178 4657 3268 4707 καὶ
3302 4657 3395 4706 σὺν
3429 4656 3574 4722 αὺτῷ
3601 4673 3762 4723 πρεσ-

2237 4745 2447 4812 6ύτεροι
2479 4745 2732 4806 Φαῦστος,
2783 4749 2919 4804 Δῖος,
2975 4743 3276 4810 Ἀμμώνιος
3302 4758 3314 4771 °
3367 4744 3647 4794 ἐπίσκοποι
3681 4743 3756 4804 δὲ,

2235 4835 2486 4894 Φυλαίας,
2527 4835 2792 4901 Ἠσύχιος,
2830 4835 3150 4900 ῐιαχούμιος,
3204 4834 3488 4898 Θεόδωρος.
3517 4835 3668 4893 Γάϊός
3698 4849 3756 4882 τε

2237 4927 2291 4974 ἐν
2328 4924 2604 4991 Λαοδικείᾳ
2660 4924 2760 4973 ὑπὸ
2816 4923 2919 4972 τῶν
2974 4925 3153 4990 δήμων
3229 4921 3407 4989 συρεὶς
3481 4923 3757 4989 μαρτυρεῖ.

2242 5012 2341 5060 Καὶ
2372 5012 2694 5071 Σαδινιανὸς,
2745 5011 3073 5077 στρατιώτης
3101 5010 3174 5059 ὢν
3207 5011 3313 5061 τῶν
3345 5009 3592 5069 ὁπλιτῶν,
3636 5009 3760 5072 ὁμο·

2238 5098 2466 5162 λογήσας
2506 5099 2817 5165 Χριστιανός
2848 5096 3000 5157 εἶναι,
3027 5098 3378 5158 πελεκίζεται.
3413 5097 3516 5147 Καὶ
3540 5094 3759 5159 ἀριθμοὶ

2239 5187 2293 5236 δὲ
2323 5186 2596 5252 ὁλόκληροι
2645 5187 3002 5255 στρατιωτῶν,
3037 5188 3169 5254 μετά
3197 5187 3301 5237 τῶν
3337 5185 3624 5252 χιλιάρχων
3667 5184 3759 5233 καὶ

2241 5277 2674 5342 ἑκατοντάρχων,
2729 5276 3106 5344 ἀφαιρεθέντες
3142 5276 3247 5326 τῶν
3291 5274 3466 5325 ὃπλων
3527 5269 3759 5340 ἐμαρτύ-

2246 5377 2430 5427 ρησαν.

691 5540 797 5608 (73)
848 5539 975 5596 Vide
1002 5539 1194 5595 Euseb.
1227 5557 1328 5606 vn,
1366 5541 1466 5605 50;
1511 5539 1751 5595 Lactant.
1800 5540 1868 5592 De
1913 5538 2114 5592 mortib.
2148 5554 2334 5608 ρει-σεε.
2369 5555 2480 5608 cap.
2521 5539 2572 5592 6.
