  <div class='ocr_page' id='page_1' title='image "/cluster/home/n/w/nwhite01/storage/ocr_20150623/106/pst.000005714162/092.png"; bbox 0 0 4088 6332; ppageno 0'>
   <div class='ocr_carea' id='block_1_1' title="bbox 142 219 302 320">
    <p class='ocr_par' dir='ltr' id='par_1_1' title="bbox 142 219 302 320">
     <span class='ocr_line' id='line_1_1' title="bbox 142 219 302 320; baseline 0.025 -4"><span class='ocrx_word' id='word_1_1' title='bbox 142 219 302 320; x_wconf 68' lang='grc' dir='ltr'>ιιο”’“”</span> 
     </span>
    </p>
   </div>
   <div class='ocr_carea' id='block_1_2' title="bbox 1242 256 2137 316">
    <p class='ocr_par' dir='ltr' id='par_1_2' title="bbox 1242 256 2137 316">
     <span class='ocr_line' id='line_1_2' title="bbox 1242 256 2137 316; baseline 0 0"><span class='ocrx_word' id='word_1_2' title='bbox 1242 257 1611 316; x_wconf 85' lang='lat' dir='ltr'><strong>LIBELLUS</strong></span> <span class='ocrx_word' id='word_1_3' title='bbox 1649 256 2137 316; x_wconf 66' lang='lat' dir='ltr'><strong>MEMORIAIJS.</strong></span> 
     </span>
    </p>
   </div>
   <div class='ocr_carea' id='block_1_3' title="bbox 3205 256 3305 321">
    <p class='ocr_par' dir='ltr' id='par_1_3' title="bbox 3205 256 3305 321">
     <span class='ocr_line' id='line_1_3' title="bbox 3205 256 3305 321; baseline 0.04 -3"><span class='ocrx_word' id='word_1_4' title='bbox 3205 256 3305 321; x_wconf 83' lang='grc'><strong>150</strong></span> 
     </span>
    </p>
   </div>
   <div class='ocr_carea' id='block_1_4' title="bbox 199 343 1675 437">
    <p class='ocr_par' dir='ltr' id='par_1_4' title="bbox 199 343 1664 431">
     <span class='ocr_line' id='line_1_4' title="bbox 199 343 1664 431; baseline -0.003 -15"><span class='ocrx_word' id='word_1_5' title='bbox 199 363 350 416; x_wconf 78' lang='grc' dir='ltr'>Μετὰ</span> <span class='ocrx_word' id='word_1_6' title='bbox 370 362 906 430; x_wconf 74' lang='grc' dir='ltr'>τούτων-Μαξιμῖνος</span> <span class='ocrx_word' id='word_1_7' title='bbox 931 363 996 417; x_wconf 83' lang='grc' dir='ltr'>ια’</span> <span class='ocrx_word' id='word_1_8' title='bbox 1011 363 1243 430; x_wconf 77' lang='grc' dir='ltr'>διωγμὸν</span> <span class='ocrx_word' id='word_1_9' title='bbox 1267 343 1582 431; x_wconf 47' lang='grc' dir='ltr'>διαδέχεται,</span> <span class='ocrx_word' id='word_1_10' title='bbox 1606 363 1664 414; x_wconf 83' lang='grc' dir='ltr'>ὃν</span> 
     </span>
    </p>
   </div>
   <div class='ocr_carea' id='block_1_5' title="bbox 1757 343 3304 437">
    <p class='ocr_par' dir='ltr' id='par_1_5' title="bbox 1839 363 3304 437">
     <span class='ocr_line' id='line_1_5' title="bbox 1839 363 3304 437; baseline 0.003 -22"><span class='ocrx_word' id='word_1_11' title='bbox 1839 363 1922 416; x_wconf 82' lang='grc' dir='ltr'>Η.</span> <span class='ocrx_word' id='word_1_12' title='bbox 1960 363 2274 418; x_wconf 71' lang='lat' dir='ltr'><strong>Maximinus</strong></span> <span class='ocrx_word' id='word_1_13' title='bbox 2311 372 2429 432; x_wconf 88' lang='lat' dir='ltr'><strong>post</strong></span> <span class='ocrx_word' id='word_1_14' title='bbox 2485 364 2580 418; x_wconf 90' lang='lat' dir='ltr'><strong>hos</strong></span> <span class='ocrx_word' id='word_1_15' title='bbox 2627 364 2965 418; x_wconf 77' lang='lat' dir='ltr'><strong>undecimam</strong></span> <span class='ocrx_word' id='word_1_16' title='bbox 3003 367 3304 437; x_wconf 72' lang='lat' dir='ltr'><strong>aggreditur</strong></span> 
     </span>
    </p>
   </div>
   <div class='ocr_carea' id='block_1_6' title="bbox 137 453 1668 525">
    <p class='ocr_par' dir='ltr' id='par_1_6' title="bbox 137 453 1668 525">
     <span class='ocr_line' id='line_1_6' title="bbox 137 453 1668 525; baseline -0.001 -17"><span class='ocrx_word' id='word_1_17' title='bbox 137 455 286 517; x_wconf 68' lang='grc' dir='ltr'>αὐτὸς</span> <span class='ocrx_word' id='word_1_18' title='bbox 313 455 471 507; x_wconf 75' lang='grc' dir='ltr'>πάλιν</span> <span class='ocrx_word' id='word_1_19' title='bbox 501 453 701 506; x_wconf 73' lang='grc' dir='ltr'>ἔπαυσε</span> <span class='ocrx_word' id='word_1_20' title='bbox 729 453 1266 525; x_wconf 84' lang='grc' dir='ltr'>διατάγματι.Ἐνθεν</span> <span class='ocrx_word' id='word_1_21' title='bbox 1299 457 1331 525; x_wconf 78' lang='grc' dir='ltr'><strong>ἠ</strong></span> <span class='ocrx_word' id='word_1_22' title='bbox 1377 453 1668 522; x_wconf 74' lang='grc' dir='ltr'><strong>Ἐκκλησία</strong></span> 
     </span>
    </p>
   </div>
   <div class='ocr_carea' id='block_1_7' title="bbox 135 544 1664 613">
    <p class='ocr_par' dir='ltr' id='par_1_7' title="bbox 135 544 1664 613">
     <span class='ocr_line' id='line_1_7' title="bbox 135 544 1664 613; baseline 0.001 -19"><span class='ocrx_word' id='word_1_23' title='bbox 135 546 236 596; x_wconf 80' lang='grc' dir='ltr'><strong>τῶν</strong></span> <span class='ocrx_word' id='word_1_24' title='bbox 262 545 518 613; x_wconf 76' lang='grc' dir='ltr'><strong>διωγμῶν</strong></span> <span class='ocrx_word' id='word_1_25' title='bbox 545 544 791 598; x_wconf 77' lang='grc' dir='ltr'><strong>ἀνεθεῖσα</strong></span> <span class='ocrx_word' id='word_1_26' title='bbox 825 545 932 598; x_wconf 87' lang='grc' dir='ltr'><strong>τῶν</strong></span> <span class='ocrx_word' id='word_1_27' title='bbox 961 545 1019 610; x_wconf 66' lang='grc' dir='ltr'><strong>ἐξ</strong></span> <span class='ocrx_word' id='word_1_28' title='bbox 1059 546 1210 613; x_wconf 74' lang='grc' dir='ltr'>Ἕλλη</span> <span class='ocrx_word' id='word_1_29' title='bbox 1227 563 1321 598; x_wconf 62' lang='grc' dir='ltr'><strong>νων</strong></span> <span class='ocrx_word' id='word_1_30' title='bbox 1342 587 1356 610; x_wconf 95' lang='grc'><strong>,</strong></span> <span class='ocrx_word' id='word_1_31' title='bbox 1382 548 1471 598; x_wconf 70' lang='grc' dir='ltr'><strong>ἰπὶ</strong></span> <span class='ocrx_word' id='word_1_32' title='bbox 1510 547 1664 597; x_wconf 78' lang='grc' dir='ltr'>Κων-</span> 
     </span>
    </p>
   </div>
   <div class='ocr_carea' id='block_1_8' title="bbox 137 631 1666 700">
    <p class='ocr_par' dir='ltr' id='par_1_8' title="bbox 137 631 1666 700">
     <span class='ocr_line' id='line_1_8' title="bbox 137 631 1666 700; baseline 0 -16"><span class='ocrx_word' id='word_1_33' title='bbox 137 631 402 684; x_wconf 79' lang='grc' dir='ltr'>σταντίνου</span> <span class='ocrx_word' id='word_1_34' title='bbox 448 631 538 685; x_wconf 75' lang='grc' dir='ltr'>καὶ</span> <span class='ocrx_word' id='word_1_35' title='bbox 568 632 972 696; x_wconf 79' lang='grc' dir='ltr'>Κωνσταντίου,</span> <span class='ocrx_word' id='word_1_36' title='bbox 1015 633 1107 684; x_wconf 75' lang='grc' dir='ltr'>καὶ</span> <span class='ocrx_word' id='word_1_37' title='bbox 1137 633 1484 694; x_wconf 76' lang='grc' dir='ltr'>Κώνσταντος</span> <span class='ocrx_word' id='word_1_38' title='bbox 1517 633 1666 700; x_wconf 86' lang='grc' dir='ltr'>βασι-</span> 
     </span>
    </p>
   </div>
   <div class='ocr_carea' id='block_1_9' title="bbox 134 720 1664 792">
    <p class='ocr_par' dir='ltr' id='par_1_9' title="bbox 134 720 1664 792">
     <span class='ocr_line' id='line_1_9' title="bbox 134 720 1664 792; baseline 0.003 -22"><span class='ocrx_word' id='word_1_39' title='bbox 134 723 389 774; x_wconf 67' lang='grc' dir='ltr'>ιευόντων</span> <span class='ocrx_word' id='word_1_40' title='bbox 422 720 616 791; x_wconf 77' lang='grc' dir='ltr'>πολλὴν</span> <span class='ocrx_word' id='word_1_41' title='bbox 645 721 900 792; x_wconf 69' lang='grc' dir='ltr'>ὑπέμεινε</span> <span class='ocrx_word' id='word_1_42' title='bbox 941 723 1179 791; x_wconf 79' lang='grc' dir='ltr'>ταραχὴν</span> <span class='ocrx_word' id='word_1_43' title='bbox 1203 722 1306 774; x_wconf 80' lang='grc' dir='ltr'>ὑπὸ</span> <span class='ocrx_word' id='word_1_44' title='bbox 1351 722 1664 791; x_wconf 83' lang='grc' dir='ltr'>Ἀρειανῶν.</span> 
     </span>
    </p>
   </div>
   <div class='ocr_carea' id='block_1_10' title="bbox 192 894 1666 963">
    <p class='ocr_par' dir='ltr' id='par_1_10' title="bbox 192 894 1666 963">
     <span class='ocr_line' id='line_1_10' title="bbox 192 894 1666 963; baseline 0.003 -17"><span class='ocrx_word' id='word_1_45' title='bbox 192 895 344 947; x_wconf 78' lang='grc' dir='ltr'>Μετὰ</span> <span class='ocrx_word' id='word_1_46' title='bbox 364 894 581 957; x_wconf 82' lang='grc' dir='ltr'><strong>τούτους</strong></span> <span class='ocrx_word' id='word_1_47' title='bbox 602 934 617 959; x_wconf 88' lang='grc'><strong>,</strong></span> <span class='ocrx_word' id='word_1_48' title='bbox 652 895 978 949; x_wconf 67' lang='grc' dir='ltr'>Ἰουλιανοῦ</span> <span class='ocrx_word' id='word_1_49' title='bbox 1011 895 1421 963; x_wconf 82' lang='grc' dir='ltr'><strong>βασιλεύσαντος</strong></span> <span class='ocrx_word' id='word_1_50' title='bbox 1451 898 1518 951; x_wconf 80' lang='grc' dir='ltr'>τὰ</span> <span class='ocrx_word' id='word_1_51' title='bbox 1550 899 1666 950; x_wconf 84' lang='grc' dir='ltr'><strong>Ἐλ-</strong></span> 
     </span>
    </p>
   </div>
   <div class='ocr_carea' id='block_1_11' title="bbox 131 983 1664 1056">
    <p class='ocr_par' dir='ltr' id='par_1_11' title="bbox 131 983 1664 1056">
     <span class='ocr_line' id='line_1_11' title="bbox 131 983 1664 1056; baseline 0.003 -21"><span class='ocrx_word' id='word_1_52' title='bbox 131 986 294 1051; x_wconf 80' lang='grc' dir='ltr'>λήνων</span> <span class='ocrx_word' id='word_1_53' title='bbox 330 984 599 1052; x_wconf 72' lang='grc' dir='ltr'>ἑλομένου,</span> <span class='ocrx_word' id='word_1_54' title='bbox 638 984 700 1036; x_wconf 85' lang='grc' dir='ltr'><strong>ού</strong></span> <span class='ocrx_word' id='word_1_55' title='bbox 733 983 1016 1048; x_wconf 80' lang='grc' dir='ltr'><strong>διώξαντος</strong></span> <span class='ocrx_word' id='word_1_56' title='bbox 1048 986 1102 1038; x_wconf 78' lang='grc' dir='ltr'>δὲ</span> <span class='ocrx_word' id='word_1_57' title='bbox 1128 988 1245 1048; x_wconf 81' lang='grc' dir='ltr'>τοὺς</span> <span class='ocrx_word' id='word_1_58' title='bbox 1289 988 1664 1056; x_wconf 72' lang='grc' dir='ltr'>Χριστιανοὺς,</span> 
     </span>
    </p>
   </div>
   <div class='ocr_carea' id='block_1_12' title="bbox 130 1071 1662 1142">
    <p class='ocr_par' dir='ltr' id='par_1_12' title="bbox 130 1071 1662 1142">
     <span class='ocr_line' id='line_1_12' title="bbox 130 1071 1662 1142; baseline 0.004 -18"><span class='ocrx_word' id='word_1_59' title='bbox 130 1073 254 1124; x_wconf 71' lang='grc' dir='ltr'>ἀλλὰ</span> <span class='ocrx_word' id='word_1_60' title='bbox 284 1072 670 1140; x_wconf 72' lang='grc' dir='ltr'>βδελυξαμινου</span> <span class='ocrx_word' id='word_1_61' title='bbox 703 1071 796 1125; x_wconf 71' lang='grc' dir='ltr'>καὶ</span> <span class='ocrx_word' id='word_1_62' title='bbox 841 1075 1287 1142; x_wconf 81' lang='grc' dir='ltr'>συγγραφομένου</span> <span class='ocrx_word' id='word_1_63' title='bbox 1321 1077 1437 1127; x_wconf 86' lang='grc' dir='ltr'>κατ’</span> <span class='ocrx_word' id='word_1_64' title='bbox 1469 1076 1662 1130; x_wconf 84' lang='grc' dir='ltr'>αὐτῶν.</span> 
     </span>
    </p>
   </div>
   <div class='ocr_carea' id='block_1_13' title="bbox 131 1161 1665 1234">
    <p class='ocr_par' dir='ltr' id='par_1_13' title="bbox 131 1161 1665 1234">
     <span class='ocr_line' id='line_1_13' title="bbox 131 1161 1665 1234; baseline 0.003 -21"><span class='ocrx_word' id='word_1_65' title='bbox 131 1161 240 1213; x_wconf 80' lang='grc' dir='ltr'><strong>τῶν</strong></span> <span class='ocrx_word' id='word_1_66' title='bbox 267 1161 325 1212; x_wconf 71' lang='grc' dir='ltr'>δὲ</span> <span class='ocrx_word' id='word_1_67' title='bbox 359 1161 542 1231; x_wconf 83' lang='grc' dir='ltr'><strong>δήμων</strong></span> <span class='ocrx_word' id='word_1_68' title='bbox 571 1163 710 1216; x_wconf 82' lang='grc' dir='ltr'>κατά</span> <span class='ocrx_word' id='word_1_69' title='bbox 737 1179 795 1214; x_wconf 88' lang='grc' dir='ltr'><strong>τε</strong></span> <span class='ocrx_word' id='word_1_70' title='bbox 833 1164 1011 1226; x_wconf 79' lang='grc' dir='ltr'>πόλεις</span> <span class='ocrx_word' id='word_1_71' title='bbox 1058 1166 1149 1217; x_wconf 85' lang='grc' dir='ltr'>καὶ</span> <span class='ocrx_word' id='word_1_72' title='bbox 1201 1164 1409 1233; x_wconf 81' lang='grc' dir='ltr'><strong>κώμας,</strong></span> <span class='ocrx_word' id='word_1_73' title='bbox 1440 1167 1536 1234; x_wconf 83' lang='grc' dir='ltr'>τῆς</span> <span class='ocrx_word' id='word_1_74' title='bbox 1572 1166 1665 1218; x_wconf 87' lang='grc' dir='ltr'><strong>τοῦ</strong></span> 
     </span>
    </p>
   </div>
   <div class='ocr_carea' id='block_1_14' title="bbox 132 1252 1667 1325">
    <p class='ocr_par' dir='ltr' id='par_1_14' title="bbox 132 1252 1667 1325">
     <span class='ocr_line' id='line_1_14' title="bbox 132 1252 1667 1325; baseline 0.004 -22"><span class='ocrx_word' id='word_1_75' title='bbox 132 1253 383 1317; x_wconf 79' lang='grc' dir='ltr'>βασιλέως</span> <span class='ocrx_word' id='word_1_76' title='bbox 430 1252 650 1321; x_wconf 82' lang='grc' dir='ltr'><strong>γνώμης</strong></span> <span class='ocrx_word' id='word_1_77' title='bbox 692 1256 1176 1323; x_wconf 80' lang='grc' dir='ltr'>συγχρησαμένων,</span> <span class='ocrx_word' id='word_1_78' title='bbox 1209 1256 1356 1309; x_wconf 83' lang='grc' dir='ltr'>δεινὰ</span> <span class='ocrx_word' id='word_1_79' title='bbox 1401 1259 1506 1318; x_wconf 81' lang='grc' dir='ltr'>τοῖς</span> <span class='ocrx_word' id='word_1_80' title='bbox 1539 1259 1667 1325; x_wconf 88' lang='grc' dir='ltr'>Χρι-</span> 
     </span>
    </p>
   </div>
   <div class='ocr_carea' id='block_1_15' title="bbox 130 1342 1664 1416">
    <p class='ocr_par' dir='ltr' id='par_1_15' title="bbox 130 1342 1664 1416">
     <span class='ocr_line' id='line_1_15' title="bbox 130 1342 1664 1416; baseline 0.006 -26"><span class='ocrx_word' id='word_1_81' title='bbox 130 1343 356 1404; x_wconf 77' lang='grc' dir='ltr'>στιανοῑς</span> <span class='ocrx_word' id='word_1_82' title='bbox 399 1342 745 1410; x_wconf 73' lang='grc' dir='ltr'><strong>δειχθέντων,</strong></span> <span class='ocrx_word' id='word_1_83' title='bbox 781 1344 929 1396; x_wconf 68' lang='grc' dir='ltr'>ἔνθεν</span> <span class='ocrx_word' id='word_1_84' title='bbox 967 1345 1059 1397; x_wconf 74' lang='grc' dir='ltr'>καὶ</span> <span class='ocrx_word' id='word_1_85' title='bbox 1106 1347 1340 1412; x_wconf 77' lang='grc' dir='ltr'><strong>αἱρέσεις</strong></span> <span class='ocrx_word' id='word_1_86' title='bbox 1387 1349 1525 1416; x_wconf 81' lang='grc' dir='ltr'>κατὰ</span> <span class='ocrx_word' id='word_1_87' title='bbox 1569 1347 1664 1413; x_wconf 85' lang='grc' dir='ltr'>τῆς</span> 
     </span>
    </p>
   </div>
   <div class='ocr_carea' id='block_1_16' title="bbox 141 1431 1664 1504">
    <p class='ocr_par' dir='ltr' id='par_1_16' title="bbox 141 1431 1664 1504">
     <span class='ocr_line' id='line_1_16' title="bbox 141 1431 1664 1504; baseline 0.003 -21"><span class='ocrx_word' id='word_1_88' title='bbox 141 1431 449 1500; x_wconf 78' lang='grc' dir='ltr'>Ἐκκλησίας</span> <span class='ocrx_word' id='word_1_89' title='bbox 476 1434 858 1502; x_wconf 69' lang='grc' dir='ltr'>ἐπανέστησαν,</span> <span class='ocrx_word' id='word_1_90' title='bbox 893 1435 998 1486; x_wconf 83' lang='grc' dir='ltr'>τῶν</span> <span class='ocrx_word' id='word_1_91' title='bbox 1027 1452 1085 1487; x_wconf 89' lang='grc' dir='ltr'><strong>τε</strong></span> <span class='ocrx_word' id='word_1_92' title='bbox 1134 1436 1416 1504; x_wconf 82' lang='grc' dir='ltr'>Ἀρειανῶν</span> <span class='ocrx_word' id='word_1_93' title='bbox 1448 1436 1664 1488; x_wconf 74' lang='grc' dir='ltr'>καὶτῶν</span> 
     </span>
    </p>
   </div>
   <div class='ocr_carea' id='block_1_17' title="bbox 140 1519 637 1590">
    <p class='ocr_par' dir='ltr' id='par_1_17' title="bbox 140 1519 637 1590">
     <span class='ocr_line' id='line_1_17' title="bbox 140 1519 637 1590; baseline 0.006 -20"><span class='ocrx_word' id='word_1_94' title='bbox 140 1519 637 1590; x_wconf 70' lang='grc' dir='ltr'>’Δνθρωπολατμῦν.</span> 
     </span>
    </p>
   </div>
   <div class='ocr_carea' id='block_1_18' title="bbox 131 1631 1658 1702">
    <p class='ocr_par' dir='ltr' id='par_1_18' title="bbox 131 1631 1658 1702">
     <span class='ocr_line' id='line_1_18' title="bbox 131 1631 1658 1702; baseline 0.005 -20"><span class='ocrx_word' id='word_1_95' title='bbox 131 1632 361 1688; x_wconf 65' lang='grc' dir='ltr'><strong>ΚΕΟΔΛ.</strong></span> <span class='ocrx_word' id='word_1_96' title='bbox 399 1631 525 1684; x_wconf 84' lang='lat' dir='ltr'><strong>PM&#39;.</strong></span> <span class='ocrx_word' id='word_1_97' title='bbox 572 1632 871 1702; x_wconf 79' lang='lat' dir='ltr'><strong>—_ﬂdo&#39;at</strong></span> <span class='ocrx_word' id='word_1_98' title='bbox 920 1633 1173 1699; x_wconf 72' lang='grc' dir='ltr'>αἱρέσεις</span> <span class='ocrx_word' id='word_1_99' title='bbox 1215 1634 1361 1687; x_wconf 81' lang='grc' dir='ltr'>κατὰ</span> <span class='ocrx_word' id='word_1_100' title='bbox 1410 1635 1519 1702; x_wconf 79' lang='grc' dir='ltr'>τῆς</span> <span class='ocrx_word' id='word_1_101' title='bbox 1563 1638 1658 1691; x_wconf 81' lang='grc' dir='ltr'><strong>ἐκ·</strong></span> 
     </span>
    </p>
   </div>
   <div class='ocr_carea' id='block_1_19' title="bbox 280 1698 1462 1769">
    <p class='ocr_par' dir='ltr' id='par_1_19' title="bbox 280 1698 1462 1769">
     <span class='ocr_line' id='line_1_19' title="bbox 280 1698 1462 1769; baseline 0.004 -18"><span class='ocrx_word' id='word_1_102' title='bbox 280 1698 720 1766; x_wconf 70' lang='grc' dir='ltr'>κλησιαστικῆς</span> <span class='ocrx_word' id='word_1_103' title='bbox 745 1698 998 1766; x_wconf 65' lang='grc' dir='ltr'>πΙστεωζι</span> <span class='ocrx_word' id='word_1_104' title='bbox 1022 1703 1462 1769; x_wconf 77' lang='grc' dir='ltr'>ἐπανέστησαν.</span> 
     </span>
    </p>
   </div>
   <div class='ocr_carea' id='block_1_20' title="bbox 189 1809 1657 1886">
    <p class='ocr_par' dir='ltr' id='par_1_20' title="bbox 189 1809 1657 1886">
     <span class='ocr_line' id='line_1_20' title="bbox 189 1809 1657 1886; baseline 0.005 -26"><span class='ocrx_word' id='word_1_105' title='bbox 189 1810 405 1877; x_wconf 80' lang='grc' dir='ltr'>Πρῶτον</span> <span class='ocrx_word' id='word_1_106' title='bbox 437 1809 527 1861; x_wconf 70' lang='grc' dir='ltr'><strong>ἐπὶ</strong></span> <span class='ocrx_word' id='word_1_107' title='bbox 571 1813 635 1878; x_wconf 77' lang='grc' dir='ltr'>τῇ</span> <span class='ocrx_word' id='word_1_108' title='bbox 672 1810 917 1881; x_wconf 80' lang='grc' dir='ltr'>ὲνσάρκῳ</span> <span class='ocrx_word' id='word_1_109' title='bbox 972 1811 1065 1864; x_wconf 93' lang='grc' dir='ltr'><strong>τοῦ</strong></span> <span class='ocrx_word' id='word_1_110' title='bbox 1112 1813 1310 1880; x_wconf 81' lang='grc' dir='ltr'><strong>Κυρίου</strong></span> <span class='ocrx_word' id='word_1_111' title='bbox 1355 1816 1657 1886; x_wconf 73' lang='grc' dir='ltr'>παρουσίᾳ,</span> 
     </span>
    </p>
   </div>
   <div class='ocr_carea' id='block_1_21' title="bbox 129 1899 1661 1975">
    <p class='ocr_par' dir='ltr' id='par_1_21' title="bbox 129 1899 1661 1975">
     <span class='ocr_line' id='line_1_21' title="bbox 129 1899 1661 1975; baseline 0.007 -27"><span class='ocrx_word' id='word_1_112' title='bbox 129 1899 366 1961; x_wconf 83' lang='grc' dir='ltr'>γεγόνασί</span> <span class='ocrx_word' id='word_1_113' title='bbox 401 1917 537 1964; x_wconf 79' lang='grc' dir='ltr'>τινες</span> <span class='ocrx_word' id='word_1_114' title='bbox 589 1899 967 1968; x_wconf 79' lang='grc' dir='ltr'>Ἠρωὸιανοὶ,</span> <span class='ocrx_word' id='word_1_115' title='bbox 1013 1902 1242 1971; x_wconf 85' lang='grc' dir='ltr'>Χριστὸν</span> <span class='ocrx_word' id='word_1_116' title='bbox 1280 1904 1372 1956; x_wconf 66' lang='grc' dir='ltr'>τὸν</span> <span class='ocrx_word' id='word_1_117' title='bbox 1419 1905 1661 1975; x_wconf 82' lang='grc' dir='ltr'><strong>Ἡρώδην</strong></span> 
     </span>
    </p>
   </div>
   <div class='ocr_carea' id='block_1_22' title="bbox 129 1982 551 2056">
    <p class='ocr_par' dir='ltr' id='par_1_22' title="bbox 129 1982 551 2056">
     <span class='ocr_line' id='line_1_22' title="bbox 129 1982 551 2056; baseline 0.017 -18"><span class='ocrx_word' id='word_1_118' title='bbox 129 1982 250 2040; x_wconf 78' lang='grc' dir='ltr'>εἶναι</span> <span class='ocrx_word' id='word_1_119' title='bbox 283 1988 551 2056; x_wconf 79' lang='grc' dir='ltr'>λέγοντες.</span> 
     </span>
    </p>
   </div>
   <div class='ocr_carea' id='block_1_23' title="bbox 186 2077 1660 2154">
    <p class='ocr_par' dir='ltr' id='par_1_23' title="bbox 186 2077 1660 2154">
     <span class='ocr_line' id='line_1_23' title="bbox 186 2077 1660 2154; baseline 0.005 -23"><span class='ocrx_word' id='word_1_120' title='bbox 186 2077 243 2146; x_wconf 85' lang='grc' dir='ltr'><strong>β’.</strong></span> <span class='ocrx_word' id='word_1_121' title='bbox 276 2080 581 2135; x_wconf 72' lang='grc' dir='ltr'>Θευὸιανοι</span> <span class='ocrx_word' id='word_1_122' title='bbox 609 2083 974 2151; x_wconf 77' lang='grc' dir='ltr'>ἀπατηθέντες</span> <span class='ocrx_word' id='word_1_123' title='bbox 995 2083 1126 2152; x_wconf 69' lang='grc'>(74).</span> <span class='ocrx_word' id='word_1_124' title='bbox 1157 2084 1358 2137; x_wconf 82' lang='grc' dir='ltr'>Τούτου</span> <span class='ocrx_word' id='word_1_125' title='bbox 1387 2085 1660 2154; x_wconf 69' lang='grc' dir='ltr'>μέμνηται</span> 
     </span>
    </p>
   </div>
   <div class='ocr_carea' id='block_1_24' title="bbox 127 2169 1658 2244">
    <p class='ocr_par' dir='ltr' id='par_1_24' title="bbox 127 2169 1658 2244">
     <span class='ocr_line' id='line_1_24' title="bbox 127 2169 1658 2244; baseline 0.005 -25"><span class='ocrx_word' id='word_1_126' title='bbox 127 2169 206 2219; x_wconf 78' lang='grc' dir='ltr'>καὶ</span> <span class='ocrx_word' id='word_1_127' title='bbox 254 2169 590 2239; x_wconf 76' lang='grc' dir='ltr'>Γαμαλιῆλος</span> <span class='ocrx_word' id='word_1_128' title='bbox 646 2173 674 2223; x_wconf 85' lang='grc' dir='ltr'><strong>ό</strong></span> <span class='ocrx_word' id='word_1_129' title='bbox 740 2172 1218 2239; x_wconf 83' lang='grc' dir='ltr'>νομοδιδάσκαλος,</span> <span class='ocrx_word' id='word_1_130' title='bbox 1275 2175 1496 2244; x_wconf 86' lang='grc' dir='ltr'>γνώμην</span> <span class='ocrx_word' id='word_1_131' title='bbox 1547 2179 1658 2238; x_wconf 83' lang='grc' dir='ltr'>τοῖς</span> 
     </span>
    </p>
   </div>
   <div class='ocr_carea' id='block_1_25' title="bbox 128 2257 1660 2334">
    <p class='ocr_par' dir='ltr' id='par_1_25' title="bbox 128 2257 1660 2334">
     <span class='ocr_line' id='line_1_25' title="bbox 128 2257 1660 2334; baseline 0.007 -28"><span class='ocrx_word' id='word_1_132' title='bbox 128 2257 455 2326; x_wconf 72' lang='grc' dir='ltr'>ἀρχιερεῦσιν</span> <span class='ocrx_word' id='word_1_133' title='bbox 499 2260 903 2330; x_wconf 71' lang='grc' dir='ltr'>εἰσηγούμενος,</span> <span class='ocrx_word' id='word_1_134' title='bbox 962 2262 1366 2333; x_wconf 65' lang='grc' dir='ltr'>βουλευομένοις</span> <span class='ocrx_word' id='word_1_135' title='bbox 1423 2281 1475 2316; x_wconf 87' lang='grc' dir='ltr'><strong>τι</strong></span> <span class='ocrx_word' id='word_1_136' title='bbox 1531 2265 1660 2334; x_wconf 77' lang='grc' dir='ltr'>δρᾷν</span> 
     </span>
    </p>
   </div>
   <div class='ocr_carea' id='block_1_26' title="bbox 130 2347 1659 2422">
    <p class='ocr_par' dir='ltr' id='par_1_26' title="bbox 130 2347 1659 2422">
     <span class='ocr_line' id='line_1_26' title="bbox 130 2347 1659 2422; baseline 0.007 -26"><span class='ocrx_word' id='word_1_137' title='bbox 130 2347 247 2398; x_wconf 67' lang='grc' dir='ltr'>κατὰ</span> <span class='ocrx_word' id='word_1_138' title='bbox 289 2348 401 2400; x_wconf 83' lang='grc' dir='ltr'>τῶν</span> <span class='ocrx_word' id='word_1_139' title='bbox 425 2351 732 2402; x_wconf 74' lang='grc' dir='ltr'>ἀποστόλων</span> <span class='ocrx_word' id='word_1_140' title='bbox 755 2390 770 2414; x_wconf 91' lang='grc'><strong>,</strong></span> <span class='ocrx_word' id='word_1_141' title='bbox 801 2351 931 2420; x_wconf 77' lang='grc' dir='ltr'>πρὸς</span> <span class='ocrx_word' id='word_1_142' title='bbox 957 2352 1017 2404; x_wconf 85' lang='grc' dir='ltr'><strong>τδ</strong></span> <span class='ocrx_word' id='word_1_143' title='bbox 1059 2353 1223 2422; x_wconf 83' lang='grc' dir='ltr'>μηδέν</span> <span class='ocrx_word' id='word_1_144' title='bbox 1254 2369 1305 2404; x_wconf 86' lang='grc' dir='ltr'><strong>τι</strong></span> <span class='ocrx_word' id='word_1_145' title='bbox 1334 2353 1453 2406; x_wconf 81' lang='grc' dir='ltr'>κατ’</span> <span class='ocrx_word' id='word_1_146' title='bbox 1484 2355 1659 2406; x_wconf 82' lang='grc' dir='ltr'>αὐτῶν</span> 
     </span>
    </p>
   </div>
   <div class='ocr_carea' id='block_1_27' title="bbox 128 2436 1659 2510">
    <p class='ocr_par' dir='ltr' id='par_1_27' title="bbox 128 2436 1659 2510">
     <span class='ocr_line' id='line_1_27' title="bbox 128 2436 1659 2510; baseline 0.008 -26"><span class='ocrx_word' id='word_1_147' title='bbox 128 2436 348 2501; x_wconf 64' lang='grc' dir='ltr'>ἐνεργεῖν</span> <span class='ocrx_word' id='word_1_148' title='bbox 396 2437 594 2504; x_wconf 76' lang='grc' dir='ltr'>λέγων’</span> <span class='ocrx_word' id='word_1_149' title='bbox 650 2440 767 2505; x_wconf 83' lang='grc' dir='ltr'><strong>Πρὸ</strong></span> <span class='ocrx_word' id='word_1_150' title='bbox 820 2440 928 2508; x_wconf 78' lang='grc' dir='ltr'>γὰρ</span> <span class='ocrx_word' id='word_1_151' title='bbox 980 2442 1202 2495; x_wconf 80' lang='grc' dir='ltr'>τούτων</span> <span class='ocrx_word' id='word_1_152' title='bbox 1255 2441 1371 2493; x_wconf 83' lang='grc' dir='ltr'><strong>τῶν</strong></span> <span class='ocrx_word' id='word_1_153' title='bbox 1427 2442 1659 2510; x_wconf 78' lang='grc' dir='ltr'>ἡμερῶν</span> 
     </span>
    </p>
   </div>
   <div class='ocr_carea' id='block_1_28' title="bbox 127 2521 1417 2594">
    <p class='ocr_par' dir='ltr' id='par_1_28' title="bbox 127 2521 1417 2594">
     <span class='ocr_line' id='line_1_28' title="bbox 127 2521 1417 2594; baseline 0.008 -21"><span class='ocrx_word' id='word_1_154' title='bbox 127 2521 328 2589; x_wconf 71' lang='grc' dir='ltr'>ἀνέστη</span> <span class='ocrx_word' id='word_1_155' title='bbox 365 2524 606 2589; x_wconf 77' lang='grc' dir='ltr'>Θευδᾶς,</span> <span class='ocrx_word' id='word_1_156' title='bbox 634 2526 824 2594; x_wconf 74' lang='grc' dir='ltr'>λέγων</span> <span class='ocrx_word' id='word_1_157' title='bbox 853 2525 1005 2581; x_wconf 74' lang='grc' dir='ltr'>εἷναί</span> <span class='ocrx_word' id='word_1_158' title='bbox 1029 2545 1159 2581; x_wconf 85' lang='grc' dir='ltr'>τινα</span> <span class='ocrx_word' id='word_1_159' title='bbox 1184 2529 1417 2584; x_wconf 70' lang='grc' dir='ltr'>ἑαυτόν.</span> 
     </span>
    </p>
   </div>
   <div class='ocr_carea' id='block_1_29' title="bbox 186 2611 1653 2686">
    <p class='ocr_par' dir='ltr' id='par_1_29' title="bbox 186 2611 1653 2686">
     <span class='ocr_line' id='line_1_29' title="bbox 186 2611 1653 2686; baseline 0.005 -24"><span class='ocrx_word' id='word_1_160' title='bbox 186 2615 248 2674; x_wconf 77' lang='grc' dir='ltr'>γ’.</span> <span class='ocrx_word' id='word_1_161' title='bbox 279 2611 403 2663; x_wconf 77' lang='grc' dir='ltr'><strong>Ἐπὶ</strong></span> <span class='ocrx_word' id='word_1_162' title='bbox 424 2612 530 2663; x_wconf 84' lang='grc' dir='ltr'>τῶν</span> <span class='ocrx_word' id='word_1_163' title='bbox 554 2613 867 2669; x_wconf 76' lang='grc' dir='ltr'>ἀποστόλων</span> <span class='ocrx_word' id='word_1_164' title='bbox 889 2615 1019 2683; x_wconf 79' lang='grc' dir='ltr'>ἄλλη</span> <span class='ocrx_word' id='word_1_165' title='bbox 1045 2615 1251 2683; x_wconf 74' lang='grc' dir='ltr'>αἵρεσις</span> <span class='ocrx_word' id='word_1_166' title='bbox 1277 2617 1334 2668; x_wconf 68' lang='grc' dir='ltr'>ιν</span> <span class='ocrx_word' id='word_1_167' title='bbox 1361 2619 1424 2686; x_wconf 77' lang='grc' dir='ltr'>τῇ</span> <span class='ocrx_word' id='word_1_168' title='bbox 1465 2616 1653 2686; x_wconf 83' lang='grc' dir='ltr'>Ἱερου·</span> 
     </span>
    </p>
   </div>
   <div class='ocr_carea' id='block_1_30' title="bbox 130 2698 1653 2775">
    <p class='ocr_par' dir='ltr' id='par_1_30' title="bbox 130 2698 1653 2775">
     <span class='ocr_line' id='line_1_30' title="bbox 130 2698 1653 2775; baseline 0.008 -29"><span class='ocrx_word' id='word_1_169' title='bbox 130 2698 285 2764; x_wconf 77' lang='grc' dir='ltr'>σαλὴμ</span> <span class='ocrx_word' id='word_1_170' title='bbox 309 2701 628 2767; x_wconf 69' lang='grc' dir='ltr'>Αἰγυπτίου</span> <span class='ocrx_word' id='word_1_171' title='bbox 653 2700 846 2768; x_wconf 77' lang='grc' dir='ltr'>μάγου</span> <span class='ocrx_word' id='word_1_172' title='bbox 876 2703 1014 2764; x_wconf 80' lang='grc' dir='ltr'>τινὸς</span> <span class='ocrx_word' id='word_1_173' title='bbox 1051 2705 1274 2775; x_wconf 83' lang='grc' dir='ltr'>συνέστη</span> <span class='ocrx_word' id='word_1_174' title='bbox 1301 2745 1317 2769; x_wconf 91' lang='grc'><strong>,</strong></span> <span class='ocrx_word' id='word_1_175' title='bbox 1349 2705 1441 2758; x_wconf 72' lang='grc' dir='ltr'>καὶ</span> <span class='ocrx_word' id='word_1_176' title='bbox 1467 2706 1653 2758; x_wconf 87' lang='grc' dir='ltr'>τούτου</span> 
     </span>
    </p>
   </div>
   <div class='ocr_carea' id='block_1_31' title="bbox 132 2789 1652 2865">
    <p class='ocr_par' dir='ltr' id='par_1_31' title="bbox 132 2789 1652 2865">
     <span class='ocr_line' id='line_1_31' title="bbox 132 2789 1652 2865; baseline 0.007 -26"><span class='ocrx_word' id='word_1_177' title='bbox 132 2789 294 2859; x_wconf 81' lang='grc' dir='ltr'>μνήμη</span> <span class='ocrx_word' id='word_1_178' title='bbox 315 2807 397 2850; x_wconf 88' lang='grc' dir='ltr'><strong>τις</strong></span> <span class='ocrx_word' id='word_1_179' title='bbox 420 2792 478 2842; x_wconf 71' lang='grc' dir='ltr'>ὲν</span> <span class='ocrx_word' id='word_1_180' title='bbox 504 2792 624 2853; x_wconf 80' lang='grc' dir='ltr'>ταῖς</span> <span class='ocrx_word' id='word_1_181' title='bbox 651 2792 1030 2857; x_wconf 77' lang='grc' dir='ltr'>ἀποστολικαῖς</span> <span class='ocrx_word' id='word_1_182' title='bbox 1058 2797 1287 2865; x_wconf 81' lang='grc' dir='ltr'>Πρὰξεσι</span> <span class='ocrx_word' id='word_1_183' title='bbox 1317 2797 1542 2863; x_wconf 88' lang='grc' dir='ltr'>γίνεται,</span> <span class='ocrx_word' id='word_1_184' title='bbox 1566 2799 1652 2850; x_wconf 85' lang='grc' dir='ltr'>ὅτε</span> 
     </span>
    </p>
   </div>
   <div class='ocr_carea' id='block_1_32' title="bbox 130 2877 1652 2949">
    <p class='ocr_par' dir='ltr' id='par_1_32' title="bbox 130 2877 1652 2949">
     <span class='ocr_line' id='line_1_32' title="bbox 130 2877 1652 2949; baseline 0.006 -24"><span class='ocrx_word' id='word_1_185' title='bbox 130 2877 268 2939; x_wconf 75' lang='grc' dir='ltr'>φησὶν</span> <span class='ocrx_word' id='word_1_186' title='bbox 317 2879 347 2927; x_wconf 85' lang='grc' dir='ltr'>ὁ</span> <span class='ocrx_word' id='word_1_187' title='bbox 394 2877 667 2946; x_wconf 79' lang='grc' dir='ltr'>χιλίαρχος</span> <span class='ocrx_word' id='word_1_188' title='bbox 707 2877 785 2947; x_wconf 82' lang='grc' dir='ltr'>τῷ</span> <span class='ocrx_word' id='word_1_189' title='bbox 829 2879 1048 2948; x_wconf 80' lang='grc' dir='ltr'>Παύλῳο</span> <span class='ocrx_word' id='word_1_190' title='bbox 1111 2881 1450 2946; x_wconf 73' lang='grc' dir='ltr'>Ἑλληνιστὶ</span> <span class='ocrx_word' id='word_1_191' title='bbox 1488 2883 1652 2949; x_wconf 76' lang='grc' dir='ltr'>γινώ-</span> 
     </span>
    </p>
   </div>
   <div class='ocr_carea' id='block_1_33' title="bbox 130 2961 1718 3058">
    <p class='ocr_par' dir='ltr' id='par_1_33' title="bbox 130 2961 1718 3058">
     <span class='ocr_line' id='line_1_33' title="bbox 130 2961 1718 3058; baseline 0.005 -43"><span class='ocrx_word' id='word_1_192' title='bbox 130 2978 302 3029; x_wconf 81' lang='grc' dir='ltr'>σιιεις;</span> <span class='ocrx_word' id='word_1_193' title='bbox 329 2970 448 3018; x_wconf 74' lang='grc' dir='ltr'><strong>Οὐκ</strong></span> <span class='ocrx_word' id='word_1_194' title='bbox 477 2961 590 3032; x_wconf 80' lang='grc' dir='ltr'>ἄρα</span> <span class='ocrx_word' id='word_1_195' title='bbox 616 2965 699 3019; x_wconf 88' lang='grc' dir='ltr'>σὺ</span> <span class='ocrx_word' id='word_1_196' title='bbox 728 2963 782 3021; x_wconf 77' lang='grc' dir='ltr'>ετ</span> <span class='ocrx_word' id='word_1_197' title='bbox 808 2970 840 3022; x_wconf 86' lang='grc' dir='ltr'><strong>ό</strong></span> <span class='ocrx_word' id='word_1_198' title='bbox 867 2971 1201 3037; x_wconf 75' lang='grc' dir='ltr'>Αἰγύπτιος,</span> <span class='ocrx_word' id='word_1_199' title='bbox 1229 2973 1261 3023; x_wconf 83' lang='grc' dir='ltr'><em>ὀ</em></span> <span class='ocrx_word' id='word_1_200' title='bbox 1288 2972 1400 3037; x_wconf 80' lang='grc' dir='ltr'><strong>πρὸ</strong></span> <span class='ocrx_word' id='word_1_201' title='bbox 1430 2973 1652 3023; x_wconf 76' lang='grc' dir='ltr'>τούτων</span> <span class='ocrx_word' id='word_1_202' title='bbox 1677 3001 1718 3058; x_wconf 77' lang='lat' dir='ltr'>C</span> 
     </span>
    </p>
   </div>
   <div class='ocr_carea' id='block_1_34' title="bbox 131 3054 1653 3130">
    <p class='ocr_par' dir='ltr' id='par_1_34' title="bbox 131 3054 1653 3130">
     <span class='ocr_line' id='line_1_34' title="bbox 131 3054 1653 3130; baseline 0.008 -28"><span class='ocrx_word' id='word_1_203' title='bbox 131 3054 227 3104; x_wconf 79' lang='grc' dir='ltr'>τῶν</span> <span class='ocrx_word' id='word_1_204' title='bbox 253 3055 482 3122; x_wconf 69' lang='grc' dir='ltr'>ἡμερῶν</span> <span class='ocrx_word' id='word_1_205' title='bbox 503 3056 944 3124; x_wconf 84' lang='grc' dir='ltr'>ἀναστατώσας,</span> <span class='ocrx_word' id='word_1_206' title='bbox 975 3059 1071 3112; x_wconf 61' lang='grc' dir='ltr'>καὶ</span> <span class='ocrx_word' id='word_1_207' title='bbox 1101 3059 1406 3130; x_wconf 53' lang='grc' dir='ltr'>ἐξαγαγὼν</span> <span class='ocrx_word' id='word_1_208' title='bbox 1432 3063 1518 3126; x_wconf 82' lang='grc' dir='ltr'><strong>είς</strong></span> <span class='ocrx_word' id='word_1_209' title='bbox 1541 3063 1653 3128; x_wconf 79' lang='grc' dir='ltr'>τὴν</span> 
     </span>
    </p>
   </div>
   <div class='ocr_carea' id='block_1_35' title="bbox 132 3140 1653 3216">
    <p class='ocr_par' dir='ltr' id='par_1_35' title="bbox 132 3140 1653 3216">
     <span class='ocr_line' id='line_1_35' title="bbox 132 3140 1653 3216; baseline 0.007 -26"><span class='ocrx_word' id='word_1_210' title='bbox 132 3140 323 3208; x_wconf 75' lang='grc' dir='ltr'>ἔρημον</span> <span class='ocrx_word' id='word_1_211' title='bbox 353 3143 487 3207; x_wconf 80' lang='grc' dir='ltr'>τοὺς</span> <span class='ocrx_word' id='word_1_212' title='bbox 529 3148 1032 3213; x_wconf 68' lang='grc' dir='ltr'>τετρακισχιλίους</span> <span class='ocrx_word' id='word_1_213' title='bbox 1066 3147 1285 3216; x_wconf 77' lang='grc' dir='ltr'>ἄνδρας</span> <span class='ocrx_word' id='word_1_214' title='bbox 1323 3148 1439 3202; x_wconf 85' lang='grc' dir='ltr'><strong>τῶν</strong></span> <span class='ocrx_word' id='word_1_215' title='bbox 1486 3165 1653 3203; x_wconf 82' lang='grc' dir='ltr'>σικα-</span> 
     </span>
    </p>
   </div>
   <div class='ocr_carea' id='block_1_36' title="bbox 130 3234 283 3297">
    <p class='ocr_par' dir='ltr' id='par_1_36' title="bbox 130 3234 283 3297">
     <span class='ocr_line' id='line_1_36' title="bbox 130 3234 283 3297; baseline 0.02 -3"><span class='ocrx_word' id='word_1_216' title='bbox 130 3234 283 3297; x_wconf 56' lang='lat' dir='ltr'><strong>pler;</strong></span> 
     </span>
    </p>
   </div>
   <div class='ocr_carea' id='block_1_37' title="bbox 183 3324 1652 3399">
    <p class='ocr_par' dir='ltr' id='par_1_37' title="bbox 183 3324 1652 3399">
     <span class='ocr_line' id='line_1_37' title="bbox 183 3324 1652 3399; baseline 0.002 -23"><span class='ocrx_word' id='word_1_217' title='bbox 183 3324 236 3378; x_wconf 85' lang='grc' dir='ltr'>δ’.</span> <span class='ocrx_word' id='word_1_218' title='bbox 264 3328 628 3392; x_wconf 78' lang='grc' dir='ltr'>Σιμωνιανοι.</span> <span class='ocrx_word' id='word_1_219' title='bbox 658 3329 835 3399; x_wconf 77' lang='grc' dir='ltr'>Σίμων</span> <span class='ocrx_word' id='word_1_220' title='bbox 865 3330 956 3383; x_wconf 73' lang='grc' dir='ltr'>καὶ</span> <span class='ocrx_word' id='word_1_221' title='bbox 983 3327 1141 3390; x_wconf 82' lang='grc' dir='ltr'>αὐτὸς</span> <span class='ocrx_word' id='word_1_222' title='bbox 1172 3328 1262 3380; x_wconf 68' lang='grc' dir='ltr'><strong>ἐπὶ</strong></span> <span class='ocrx_word' id='word_1_223' title='bbox 1295 3327 1402 3380; x_wconf 84' lang='grc' dir='ltr'><strong>τῶν</strong></span> <span class='ocrx_word' id='word_1_224' title='bbox 1427 3328 1652 3396; x_wconf 77' lang='grc' dir='ltr'><strong>ᾲποστὸ-</strong></span> 
     </span>
    </p>
   </div>
   <div class='ocr_carea' id='block_1_38' title="bbox 133 3414 1652 3490">
    <p class='ocr_par' dir='ltr' id='par_1_38' title="bbox 133 3414 1652 3490">
     <span class='ocr_line' id='line_1_38' title="bbox 133 3414 1652 3490; baseline 0.003 -24"><span class='ocrx_word' id='word_1_225' title='bbox 133 3414 216 3467; x_wconf 82' lang='grc' dir='ltr'><strong>λων</strong></span> <span class='ocrx_word' id='word_1_226' title='bbox 239 3418 402 3484; x_wconf 74' lang='grc' dir='ltr'>μάγος</span> <span class='ocrx_word' id='word_1_227' title='bbox 433 3421 717 3488; x_wconf 83' lang='grc' dir='ltr'>γενόμενος</span> <span class='ocrx_word' id='word_1_228' title='bbox 738 3458 752 3482; x_wconf 90' lang='grc'><strong>,</strong></span> <span class='ocrx_word' id='word_1_229' title='bbox 793 3420 999 3490; x_wconf 75' lang='grc' dir='ltr'>αἵρεσιν</span> <span class='ocrx_word' id='word_1_230' title='bbox 1025 3419 1109 3472; x_wconf 84' lang='grc' dir='ltr'><strong>διὰ</strong></span> <span class='ocrx_word' id='word_1_231' title='bbox 1150 3418 1248 3487; x_wconf 83' lang='grc' dir='ltr'><strong>τῆς</strong></span> <span class='ocrx_word' id='word_1_232' title='bbox 1276 3418 1383 3471; x_wconf 85' lang='grc' dir='ltr'><strong>τῶν</strong></span> <span class='ocrx_word' id='word_1_233' title='bbox 1416 3419 1652 3488; x_wconf 73' lang='grc' dir='ltr'>σημείων</span> 
     </span>
    </p>
   </div>
   <div class='ocr_carea' id='block_1_39' title="bbox 134 3507 1653 3580">
    <p class='ocr_par' dir='ltr' id='par_1_39' title="bbox 134 3507 1653 3580">
     <span class='ocr_line' id='line_1_39' title="bbox 134 3507 1653 3580; baseline 0.003 -22"><span class='ocrx_word' id='word_1_234' title='bbox 134 3507 176 3554; x_wconf 76' lang='grc' dir='ltr'>ὲν</span> <span class='ocrx_word' id='word_1_235' title='bbox 203 3508 378 3576; x_wconf 73' lang='grc' dir='ltr'>τέρασι</span> <span class='ocrx_word' id='word_1_236' title='bbox 397 3511 623 3577; x_wconf 75' lang='grc' dir='ltr'>ψευδοῦς</span> <span class='ocrx_word' id='word_1_237' title='bbox 663 3513 936 3577; x_wconf 75' lang='grc' dir='ltr'>ἐνδείξεως</span> <span class='ocrx_word' id='word_1_238' title='bbox 964 3513 1241 3580; x_wconf 74' lang='grc' dir='ltr'>εἰσήγαγε,</span> <span class='ocrx_word' id='word_1_239' title='bbox 1270 3512 1441 3578; x_wconf 78' lang='grc' dir='ltr'>λέγων</span> <span class='ocrx_word' id='word_1_240' title='bbox 1468 3511 1653 3563; x_wconf 79' lang='grc' dir='ltr'>ἑαυτὸν</span> 
     </span>
    </p>
   </div>
   <div class='ocr_carea' id='block_1_40' title="bbox 136 3592 1652 3668">
    <p class='ocr_par' dir='ltr' id='par_1_40' title="bbox 136 3592 1652 3668">
     <span class='ocr_line' id='line_1_40' title="bbox 136 3592 1652 3668; baseline 0.005 -24"><span class='ocrx_word' id='word_1_241' title='bbox 136 3592 243 3648; x_wconf 77' lang='grc' dir='ltr'>εἶναι</span> <span class='ocrx_word' id='word_1_242' title='bbox 290 3598 383 3649; x_wconf 87' lang='grc' dir='ltr'><strong>τοῦ</strong></span> <span class='ocrx_word' id='word_1_243' title='bbox 435 3600 572 3650; x_wconf 88' lang='grc' dir='ltr'>Θεοῦ</span> <span class='ocrx_word' id='word_1_244' title='bbox 602 3599 700 3666; x_wconf 78' lang='grc' dir='ltr'>τὴν</span> <span class='ocrx_word' id='word_1_245' title='bbox 745 3601 984 3668; x_wconf 80' lang='grc' dir='ltr'>μεγάλην</span> <span class='ocrx_word' id='word_1_246' title='bbox 1024 3599 1270 3666; x_wconf 89' lang='grc' dir='ltr'>δύναμιν.</span> <span class='ocrx_word' id='word_1_247' title='bbox 1314 3601 1421 3651; x_wconf 74' lang='grc' dir='ltr'><strong>Καὶ</strong></span> <span class='ocrx_word' id='word_1_248' title='bbox 1462 3598 1652 3652; x_wconf 90' lang='grc' dir='ltr'>τούτου</span> 
     </span>
    </p>
   </div>
   <div class='ocr_carea' id='block_1_41' title="bbox 138 3687 1649 3756">
    <p class='ocr_par' dir='ltr' id='par_1_41' title="bbox 138 3687 1649 3756">
     <span class='ocr_line' id='line_1_41' title="bbox 138 3687 1649 3756; baseline 0.005 -22"><span class='ocrx_word' id='word_1_249' title='bbox 138 3688 289 3755; x_wconf 71' lang='grc' dir='ltr'>μνήμη</span> <span class='ocrx_word' id='word_1_250' title='bbox 319 3704 402 3748; x_wconf 87' lang='grc' dir='ltr'><strong>τις</strong></span> <span class='ocrx_word' id='word_1_251' title='bbox 431 3689 490 3740; x_wconf 84' lang='grc' dir='ltr'>ὲν</span> <span class='ocrx_word' id='word_1_252' title='bbox 515 3691 631 3750; x_wconf 82' lang='grc' dir='ltr'>ταῖς</span> <span class='ocrx_word' id='word_1_253' title='bbox 662 3689 897 3756; x_wconf 80' lang='grc' dir='ltr'>Πράξεσι</span> <span class='ocrx_word' id='word_1_254' title='bbox 924 3688 1029 3740; x_wconf 84' lang='grc' dir='ltr'><strong>τῶν</strong></span> <span class='ocrx_word' id='word_1_255' title='bbox 1062 3687 1371 3740; x_wconf 76' lang='grc' dir='ltr'>ἀποστόλων</span> <span class='ocrx_word' id='word_1_256' title='bbox 1402 3689 1649 3756; x_wconf 82' lang='grc' dir='ltr'>φέρεται.</span> 
     </span>
    </p>
   </div>
   <div class='ocr_carea' id='block_1_42' title="bbox 187 3775 1652 3840">
    <p class='ocr_par' dir='ltr' id='par_1_42' title="bbox 187 3775 1652 3840">
     <span class='ocr_line' id='line_1_42' title="bbox 187 3775 1652 3840; baseline 0.003 -13"><span class='ocrx_word' id='word_1_257' title='bbox 187 3782 237 3827; x_wconf 87' lang='grc' dir='ltr'><strong>ε’.</strong></span> <span class='ocrx_word' id='word_1_258' title='bbox 279 3777 621 3839; x_wconf 75' lang='grc' dir='ltr'>Ἐϐιωγαῖοι,</span> <span class='ocrx_word' id='word_1_259' title='bbox 654 3779 748 3832; x_wconf 78' lang='grc' dir='ltr'>καὶ</span> <span class='ocrx_word' id='word_1_260' title='bbox 788 3775 932 3832; x_wconf 73' lang='grc' dir='ltr'>οὗτοι</span> <span class='ocrx_word' id='word_1_261' title='bbox 963 3780 1102 3832; x_wconf 70' lang='grc' dir='ltr'>κατὰ</span> <span class='ocrx_word' id='word_1_262' title='bbox 1133 3780 1257 3840; x_wconf 72' lang='grc' dir='ltr'>τοὺς</span> <span class='ocrx_word' id='word_1_263' title='bbox 1288 3779 1396 3830; x_wconf 86' lang='grc' dir='ltr'>τῶν</span> <span class='ocrx_word' id='word_1_264' title='bbox 1428 3779 1652 3831; x_wconf 65' lang='lat' dir='ltr'><strong>dmord-</strong></span> 
     </span>
    </p>
   </div>
   <div class='ocr_carea' id='block_1_43' title="bbox 136 3864 1653 3938">
    <p class='ocr_par' dir='ltr' id='par_1_43' title="bbox 136 3864 1653 3938">
     <span class='ocr_line' id='line_1_43' title="bbox 136 3864 1653 3938; baseline 0.003 -24"><span class='ocrx_word' id='word_1_265' title='bbox 136 3864 216 3915; x_wconf 59' lang='grc' dir='ltr'><strong>λων</strong></span> <span class='ocrx_word' id='word_1_266' title='bbox 239 3867 454 3935; x_wconf 83' lang='grc' dir='ltr'>χρόνους</span> <span class='ocrx_word' id='word_1_267' title='bbox 477 3869 748 3936; x_wconf 86' lang='grc' dir='ltr'>γεγόνασι,</span> <span class='ocrx_word' id='word_1_268' title='bbox 772 3868 990 3937; x_wconf 73' lang='grc' dir='ltr'>πτωχοί</span> <span class='ocrx_word' id='word_1_269' title='bbox 1015 3869 1454 3938; x_wconf 84' lang='grc' dir='ltr'>ὲρμηνευόμενοι,</span> <span class='ocrx_word' id='word_1_270' title='bbox 1483 3868 1568 3922; x_wconf 77' lang='grc' dir='ltr'><strong>διὰ</strong></span> <span class='ocrx_word' id='word_1_271' title='bbox 1594 3868 1653 3921; x_wconf 79' lang='grc' dir='ltr'>τὸ</span> 
     </span>
    </p>
   </div>
   <div class='ocr_carea' id='block_1_44' title="bbox 139 3956 1655 4028">
    <p class='ocr_par' dir='ltr' id='par_1_44' title="bbox 139 3956 1655 4028">
     <span class='ocr_line' id='line_1_44' title="bbox 139 3956 1655 4028; baseline 0.005 -24"><span class='ocrx_word' id='word_1_272' title='bbox 139 3956 238 4022; x_wconf 73' lang='grc' dir='ltr'>περὶ</span> <span class='ocrx_word' id='word_1_273' title='bbox 257 3956 347 4025; x_wconf 78' lang='grc' dir='ltr'>τὴν</span> <span class='ocrx_word' id='word_1_274' title='bbox 367 3957 548 4010; x_wconf 84' lang='grc' dir='ltr'>πίστιν</span> <span class='ocrx_word' id='word_1_275' title='bbox 574 3959 892 4027; x_wconf 84' lang='grc' dir='ltr'>πτωχεύειν.</span> <span class='ocrx_word' id='word_1_276' title='bbox 917 3959 994 4011; x_wconf 85' lang='grc' dir='ltr'><strong>Τὰ</strong></span> <span class='ocrx_word' id='word_1_277' title='bbox 1016 3960 1121 4027; x_wconf 79' lang='grc' dir='ltr'>γὰρ</span> <span class='ocrx_word' id='word_1_278' title='bbox 1145 3958 1429 4027; x_wconf 72' lang='grc' dir='ltr'>σωματικὰ</span> <span class='ocrx_word' id='word_1_279' title='bbox 1450 3959 1655 4028; x_wconf 87' lang='grc' dir='ltr'>νόμιμα</span> 
     </span>
    </p>
   </div>
   <div class='ocr_carea' id='block_1_45' title="bbox 138 4045 1519 4116">
    <p class='ocr_par' dir='ltr' id='par_1_45' title="bbox 138 4045 1519 4116">
     <span class='ocr_line' id='line_1_45' title="bbox 138 4045 1519 4116; baseline 0.004 -22"><span class='ocrx_word' id='word_1_280' title='bbox 138 4045 371 4109; x_wconf 76' lang='grc' dir='ltr'>Μωῦσέως</span> <span class='ocrx_word' id='word_1_281' title='bbox 408 4049 671 4100; x_wconf 68' lang='grc' dir='ltr'>ἐπιτελεῖν</span> <span class='ocrx_word' id='word_1_282' title='bbox 702 4048 780 4101; x_wconf 70' lang='grc' dir='ltr'>ἔτι</span> <span class='ocrx_word' id='word_1_283' title='bbox 817 4048 1090 4116; x_wconf 71' lang='grc' dir='ltr'>βούλονται</span> <span class='ocrx_word' id='word_1_284' title='bbox 1120 4049 1244 4110; x_wconf 82' lang='grc' dir='ltr'>τοὺς</span> <span class='ocrx_word' id='word_1_285' title='bbox 1279 4049 1519 4110; x_wconf 83' lang='grc' dir='ltr'>πιστούς.</span> 
     </span>
    </p>
   </div>
   <div class='ocr_carea' id='block_1_46' title="bbox 191 4137 1653 4204">
    <p class='ocr_par' dir='ltr' id='par_1_46' title="bbox 191 4137 1653 4204">
     <span class='ocr_line' id='line_1_46' title="bbox 191 4137 1653 4204; baseline -0.001 -16"><span class='ocrx_word' id='word_1_286' title='bbox 191 4141 250 4196; x_wconf 83' lang='grc' dir='ltr'>ς’.</span> <span class='ocrx_word' id='word_1_287' title='bbox 282 4138 397 4188; x_wconf 78' lang='grc' dir='ltr'><strong>Εἰσὶ</strong></span> <span class='ocrx_word' id='word_1_288' title='bbox 427 4139 520 4189; x_wconf 74' lang='grc' dir='ltr'>καὶ</span> <span class='ocrx_word' id='word_1_289' title='bbox 557 4138 702 4191; x_wconf 70' lang='grc' dir='ltr'>ἄλλοι</span> <span class='ocrx_word' id='word_1_290' title='bbox 746 4137 1088 4198; x_wconf 69' lang='grc' dir='ltr'>Ἐσιωναῖοι,</span> <span class='ocrx_word' id='word_1_291' title='bbox 1119 4138 1164 4189; x_wconf 84' lang='grc' dir='ltr'>οἱ</span> <span class='ocrx_word' id='word_1_292' title='bbox 1201 4138 1293 4189; x_wconf 72' lang='grc' dir='ltr'>καὶ</span> <span class='ocrx_word' id='word_1_293' title='bbox 1334 4137 1653 4204; x_wconf 76' lang='grc' dir='ltr'>Ναζωραῖοι</span> 
     </span>
    </p>
   </div>
   <div class='ocr_carea' id='block_1_47' title="bbox 139 4222 1651 4292">
    <p class='ocr_par' dir='ltr' id='par_1_47' title="bbox 139 4222 1651 4292">
     <span class='ocr_line' id='line_1_47' title="bbox 139 4222 1651 4292; baseline 0.003 -22"><span class='ocrx_word' id='word_1_294' title='bbox 139 4222 445 4289; x_wconf 68' lang='grc' dir='ltr'>καλούμενοι,</span> <span class='ocrx_word' id='word_1_295' title='bbox 481 4224 548 4275; x_wconf 82' lang='grc' dir='ltr'>τὰ</span> <span class='ocrx_word' id='word_1_296' title='bbox 583 4224 719 4276; x_wconf 80' lang='grc' dir='ltr'>αὐτὰ</span> <span class='ocrx_word' id='word_1_297' title='bbox 751 4224 849 4292; x_wconf 71' lang='grc' dir='ltr'>μὶν</span> <span class='ocrx_word' id='word_1_298' title='bbox 886 4223 1104 4292; x_wconf 73' lang='grc' dir='ltr'>περὶτὰ</span> <span class='ocrx_word' id='word_1_299' title='bbox 1145 4225 1419 4285; x_wconf 78' lang='grc' dir='ltr'>Μωῦσέως</span> <span class='ocrx_word' id='word_1_300' title='bbox 1449 4225 1651 4291; x_wconf 84' lang='grc' dir='ltr'>νόμιμα</span> 
     </span>
    </p>
   </div>
   <div class='ocr_carea' id='block_1_48' title="bbox 1770 454 3298 523">
    <p class='ocr_par' dir='ltr' id='par_1_48' title="bbox 1770 454 3298 523">
     <span class='ocr_line' id='line_1_48' title="bbox 1770 454 3298 523; baseline 0.002 -18"><span class='ocrx_word' id='word_1_301' title='bbox 1770 455 2195 520; x_wconf 77' lang='lat' dir='ltr'><strong>persecutionem</strong></span> <span class='ocrx_word' id='word_1_302' title='bbox 2222 473 2234 508; x_wconf 91' lang='lat'><strong>:</strong></span> <span class='ocrx_word' id='word_1_303' title='bbox 2266 469 2424 521; x_wconf 83' lang='lat' dir='ltr'><strong>quam</strong></span> <span class='ocrx_word' id='word_1_304' title='bbox 2456 454 2679 523; x_wconf 76' lang='lat' dir='ltr'><strong>ipsemet</strong></span> <span class='ocrx_word' id='word_1_305' title='bbox 2710 463 2893 522; x_wconf 85' lang='lat' dir='ltr'><strong>postea</strong></span> <span class='ocrx_word' id='word_1_306' title='bbox 2925 455 3139 509; x_wconf 87' lang='lat' dir='ltr'><strong>decreto</strong></span> <span class='ocrx_word' id='word_1_307' title='bbox 3162 471 3298 510; x_wconf 69' lang='lat' dir='ltr'><strong>com.</strong></span> 
     </span>
    </p>
   </div>
   <div class='ocr_carea' id='block_1_49' title="bbox 1771 543 3304 613">
    <p class='ocr_par' dir='ltr' id='par_1_49' title="bbox 1771 543 3304 613">
     <span class='ocr_line' id='line_1_49' title="bbox 1771 543 3304 613; baseline 0.005 -21"><span class='ocrx_word' id='word_1_308' title='bbox 1771 544 1998 610; x_wconf 83' lang='lat' dir='ltr'><strong>pescuit.</strong></span> <span class='ocrx_word' id='word_1_309' title='bbox 2033 543 2293 613; x_wconf 81' lang='lat' dir='ltr'><strong>Deinceps</strong></span> <span class='ocrx_word' id='word_1_310' title='bbox 2322 543 2558 597; x_wconf 83' lang='lat' dir='ltr'><strong>Ecclesia</strong></span> <span class='ocrx_word' id='word_1_311' title='bbox 2583 558 2610 595; x_wconf 88' lang='lat' dir='ltr'><strong>a</strong></span> <span class='ocrx_word' id='word_1_312' title='bbox 2638 545 3099 610; x_wconf 82' lang='lat' dir='ltr'><strong>persecutionibus</strong></span> <span class='ocrx_word' id='word_1_313' title='bbox 3124 546 3304 599; x_wconf 82' lang='lat' dir='ltr'><strong>inﬁde-</strong></span> 
     </span>
    </p>
   </div>
   <div class='ocr_carea' id='block_1_50' title="bbox 1769 625 3305 701">
    <p class='ocr_par' dir='ltr' id='par_1_50' title="bbox 1769 625 3305 701">
     <span class='ocr_line' id='line_1_50' title="bbox 1769 625 3305 701; baseline 0.003 -19"><span class='ocrx_word' id='word_1_314' title='bbox 1769 632 1897 683; x_wconf 89' lang='lat' dir='ltr'><strong>lium</strong></span> <span class='ocrx_word' id='word_1_315' title='bbox 1955 625 2410 694; x_wconf 61' lang='lat' dir='ltr'><strong>ilnmttnis,&#39;sub</strong></span> <span class='ocrx_word' id='word_1_316' title='bbox 2474 633 2883 701; x_wconf 72' lang='lat' dir='ltr'><strong>imperatoribus</strong></span> <span class='ocrx_word' id='word_1_317' title='bbox 2937 631 3305 698; x_wconf 79' lang='lat' dir='ltr'><strong>Constantino,</strong></span> 
     </span>
    </p>
   </div>
   <div class='ocr_carea' id='block_1_51' title="bbox 1767 718 3305 790">
    <p class='ocr_par' dir='ltr' id='par_1_51' title="bbox 1767 718 3305 790">
     <span class='ocr_line' id='line_1_51' title="bbox 1767 718 3305 790; baseline 0.004 -19"><span class='ocrx_word' id='word_1_318' title='bbox 1767 718 2081 773; x_wconf 86' lang='lat' dir='ltr'><strong>Constantio</strong></span> <span class='ocrx_word' id='word_1_319' title='bbox 2111 731 2270 790; x_wconf 89' lang='lat' dir='ltr'><strong>atque</strong></span> <span class='ocrx_word' id='word_1_320' title='bbox 2296 720 2584 777; x_wconf 71' lang='lat' dir='ltr'><strong>Constante</strong></span> <span class='ocrx_word' id='word_1_321' title='bbox 2610 721 2805 775; x_wconf 89' lang='lat' dir='ltr'><strong>multas</strong></span> <span class='ocrx_word' id='word_1_322' title='bbox 2837 723 3091 776; x_wconf 81' lang='lat' dir='ltr'><strong>sustinuit</strong></span> <span class='ocrx_word' id='word_1_323' title='bbox 3121 723 3305 778; x_wconf 86' lang='lat' dir='ltr'><strong>turbas</strong></span> 
     </span>
    </p>
   </div>
   <div class='ocr_carea' id='block_1_52' title="bbox 1767 810 2100 864">
    <p class='ocr_par' dir='ltr' id='par_1_52' title="bbox 1767 810 2100 864">
     <span class='ocr_line' id='line_1_52' title="bbox 1767 810 2100 864; baseline 0.009 -3"><span class='ocrx_word' id='word_1_324' title='bbox 1767 811 1835 863; x_wconf 86' lang='lat' dir='ltr'><strong>ab</strong></span> <span class='ocrx_word' id='word_1_325' title='bbox 1864 810 2100 864; x_wconf 82' lang='lat' dir='ltr'><strong>Arianis.</strong></span> 
     </span>
    </p>
   </div>
   <div class='ocr_carea' id='block_1_53' title="bbox 1838 899 3304 968">
    <p class='ocr_par' dir='ltr' id='par_1_53' title="bbox 1838 899 3304 968">
     <span class='ocr_line' id='line_1_53' title="bbox 1838 899 3304 968; baseline 0.001 -17"><span class='ocrx_word' id='word_1_326' title='bbox 1838 899 1922 951; x_wconf 70' lang='grc'><strong>19.</strong></span> <span class='ocrx_word' id='word_1_327' title='bbox 1946 899 2161 952; x_wconf 74' lang='lat' dir='ltr'><strong>Iuliano</strong></span> <span class='ocrx_word' id='word_1_328' title='bbox 2198 908 2382 968; x_wconf 84' lang='lat' dir='ltr'><strong>postea</strong></span> <span class='ocrx_word' id='word_1_329' title='bbox 2417 899 2772 968; x_wconf 74' lang='lat' dir='ltr'><strong>imperitante,</strong></span> <span class='ocrx_word' id='word_1_330' title='bbox 2800 899 2890 968; x_wconf 88' lang='lat' dir='ltr'><strong>qui</strong></span> <span class='ocrx_word' id='word_1_331' title='bbox 2921 899 3128 953; x_wconf 86' lang='lat' dir='ltr'><strong>ethnlca</strong></span> <span class='ocrx_word' id='word_1_332' title='bbox 3157 900 3304 955; x_wconf 83' lang='lat' dir='ltr'><strong>insti-</strong></span> 
     </span>
    </p>
   </div>
   <div class='ocr_carea' id='block_1_54' title="bbox 1767 987 3299 1056">
    <p class='ocr_par' dir='ltr' id='par_1_54' title="bbox 1767 987 3299 1056">
     <span class='ocr_line' id='line_1_54' title="bbox 1767 987 3299 1056; baseline -0.001 -14"><span class='ocrx_word' id='word_1_333' title='bbox 1767 996 1878 1042; x_wconf 88' lang='lat' dir='ltr'><strong>tuta</strong></span> <span class='ocrx_word' id='word_1_334' title='bbox 1909 990 2186 1056; x_wconf 83' lang='lat' dir='ltr'><strong>amplexus</strong></span> <span class='ocrx_word' id='word_1_335' title='bbox 2224 997 2327 1051; x_wconf 87' lang='lat' dir='ltr'><strong>est,</strong></span> <span class='ocrx_word' id='word_1_336' title='bbox 2361 1002 2461 1042; x_wconf 90' lang='lat' dir='ltr'><strong>nec</strong></span> <span class='ocrx_word' id='word_1_337' title='bbox 2491 997 2806 1056; x_wconf 89' lang='lat' dir='ltr'><strong>persecutus</strong></span> <span class='ocrx_word' id='word_1_338' title='bbox 2836 996 2918 1041; x_wconf 88' lang='lat' dir='ltr'><strong>est</strong></span> <span class='ocrx_word' id='word_1_339' title='bbox 2947 996 3142 1049; x_wconf 90' lang='lat' dir='ltr'><strong>tamen,</strong></span> <span class='ocrx_word' id='word_1_340' title='bbox 3175 987 3299 1041; x_wconf 86' lang='lat' dir='ltr'><strong>abo-</strong></span> 
     </span>
    </p>
   </div>
   <div class='ocr_carea' id='block_1_55' title="bbox 1767 1076 3299 1145">
    <p class='ocr_par' dir='ltr' id='par_1_55' title="bbox 1767 1076 3299 1145">
     <span class='ocr_line' id='line_1_55' title="bbox 1767 1076 3299 1145; baseline -0.002 -14"><span class='ocrx_word' id='word_1_341' title='bbox 1767 1076 2000 1133; x_wconf 81' lang='lat' dir='ltr'><strong>minatus</strong></span> <span class='ocrx_word' id='word_1_342' title='bbox 2031 1077 2396 1140; x_wconf 87' lang='lat' dir='ltr'><strong>Christianos,</strong></span> <span class='ocrx_word' id='word_1_343' title='bbox 2420 1085 2604 1130; x_wconf 84' lang='lat' dir='ltr'><strong>contra</strong></span> <span class='ocrx_word' id='word_1_344' title='bbox 2645 1091 2782 1145; x_wconf 89' lang='lat' dir='ltr'><strong>quos</strong></span> <span class='ocrx_word' id='word_1_345' title='bbox 2812 1077 2972 1130; x_wconf 86' lang='lat' dir='ltr'><strong>etiam</strong></span> <span class='ocrx_word' id='word_1_346' title='bbox 3007 1076 3168 1131; x_wconf 88' lang='lat' dir='ltr'><strong>libros</strong></span> <span class='ocrx_word' id='word_1_347' title='bbox 3194 1077 3299 1130; x_wconf 66' lang='lat' dir='ltr'><strong>edi.</strong></span> 
     </span>
    </p>
   </div>
   <div class='ocr_carea' id='block_1_56' title="bbox 1764 1165 3302 1235">
    <p class='ocr_par' dir='ltr' id='par_1_56' title="bbox 1764 1165 3302 1235">
     <span class='ocr_line' id='line_1_56' title="bbox 1764 1165 3302 1235; baseline 0.001 -16"><span class='ocrx_word' id='word_1_348' title='bbox 1764 1166 1872 1230; x_wconf 87' lang='lat' dir='ltr'><strong>dit;</strong></span> <span class='ocrx_word' id='word_1_349' title='bbox 1911 1182 2030 1219; x_wconf 91' lang='lat' dir='ltr'><strong>cum</strong></span> <span class='ocrx_word' id='word_1_350' title='bbox 2060 1167 2240 1234; x_wconf 86' lang='lat' dir='ltr'><strong>populi</strong></span> <span class='ocrx_word' id='word_1_351' title='bbox 2268 1183 2357 1235; x_wconf 85' lang='lat' dir='ltr'><strong>per</strong></span> <span class='ocrx_word' id='word_1_352' title='bbox 2381 1165 2540 1219; x_wconf 85' lang='lat' dir='ltr'><strong>urbes</strong></span> <span class='ocrx_word' id='word_1_353' title='bbox 2570 1175 2729 1232; x_wconf 88' lang='lat' dir='ltr'><strong>atque</strong></span> <span class='ocrx_word' id='word_1_354' title='bbox 2759 1166 2906 1220; x_wconf 84' lang='lat' dir='ltr'><strong>vicos</strong></span> <span class='ocrx_word' id='word_1_355' title='bbox 2939 1167 2992 1220; x_wconf 91' lang='lat' dir='ltr'><strong>in</strong></span> <span class='ocrx_word' id='word_1_356' title='bbox 3019 1166 3302 1235; x_wconf 87' lang='lat' dir='ltr'><strong>perniciem</strong></span> 
     </span>
    </p>
   </div>
   <div class='ocr_carea' id='block_1_57' title="bbox 1764 1255 3305 1324">
    <p class='ocr_par' dir='ltr' id='par_1_57' title="bbox 1764 1255 3305 1324">
     <span class='ocr_line' id='line_1_57' title="bbox 1764 1255 3305 1324; baseline 0 -16"><span class='ocrx_word' id='word_1_357' title='bbox 1764 1266 2000 1308; x_wconf 70' lang='lat' dir='ltr'><strong>nostram</strong></span> <span class='ocrx_word' id='word_1_358' title='bbox 2035 1257 2291 1324; x_wconf 89' lang='lat' dir='ltr'><strong>imperiali</strong></span> <span class='ocrx_word' id='word_1_359' title='bbox 2324 1263 2595 1308; x_wconf 84' lang='lat' dir='ltr'><strong>uterentur</strong></span> <span class='ocrx_word' id='word_1_360' title='bbox 2631 1269 2787 1308; x_wconf 89' lang='lat' dir='ltr'><strong>sensu</strong></span> <span class='ocrx_word' id='word_1_361' title='bbox 2813 1295 2827 1318; x_wconf 91' lang='lat'><strong>,</strong></span> <span class='ocrx_word' id='word_1_362' title='bbox 2867 1255 3305 1323; x_wconf 81' lang='lat' dir='ltr'><strong>Christianosque</strong></span> 
     </span>
    </p>
   </div>
   <div class='ocr_carea' id='block_1_58' title="bbox 1762 1341 3299 1411">
    <p class='ocr_par' dir='ltr' id='par_1_58' title="bbox 1762 1341 3299 1411">
     <span class='ocr_line' id='line_1_58' title="bbox 1762 1341 3299 1411; baseline -0.002 -15"><span class='ocrx_word' id='word_1_363' title='bbox 1762 1345 2045 1397; x_wconf 86' lang='lat' dir='ltr'><strong>crudeliter</strong></span> <span class='ocrx_word' id='word_1_364' title='bbox 2075 1344 2414 1411; x_wconf 76' lang='lat' dir='ltr'><strong>exciperent;</strong></span> <span class='ocrx_word' id='word_1_365' title='bbox 2451 1341 2572 1394; x_wconf 92' lang='lat' dir='ltr'><strong>hinc</strong></span> <span class='ocrx_word' id='word_1_366' title='bbox 2597 1344 2753 1394; x_wconf 86' lang='lat' dir='ltr'><strong>etiam</strong></span> <span class='ocrx_word' id='word_1_367' title='bbox 2778 1341 3006 1394; x_wconf 70' lang='lat' dir='ltr'><strong>haereses</strong></span> <span class='ocrx_word' id='word_1_368' title='bbox 3039 1341 3299 1395; x_wconf 76' lang='lat' dir='ltr'><strong>adversus</strong></span> 
     </span>
    </p>
   </div>
   <div class='ocr_carea' id='block_1_59' title="bbox 1763 1429 3299 1494">
    <p class='ocr_par' dir='ltr' id='par_1_59' title="bbox 1763 1429 3299 1494">
     <span class='ocr_line' id='line_1_59' title="bbox 1763 1429 3299 1494; baseline -0.003 -9"><span class='ocrx_word' id='word_1_369' title='bbox 1763 1433 2051 1488; x_wconf 88' lang='lat' dir='ltr'><strong>Ecclesiam</strong></span> <span class='ocrx_word' id='word_1_370' title='bbox 2083 1442 2214 1486; x_wconf 64' lang='lat' dir='ltr'><strong>ortae</strong></span> <span class='ocrx_word' id='word_1_371' title='bbox 2243 1443 2387 1494; x_wconf 88' lang='lat' dir='ltr'><strong>sunt,</strong></span> <span class='ocrx_word' id='word_1_372' title='bbox 2422 1433 2535 1485; x_wconf 83' lang='lat' dir='ltr'><strong>sive</strong></span> <span class='ocrx_word' id='word_1_373' title='bbox 2559 1429 2878 1484; x_wconf 80' lang='lat' dir='ltr'><strong>Arianorum</strong></span> <span class='ocrx_word' id='word_1_374' title='bbox 2914 1431 3021 1484; x_wconf 81' lang='lat' dir='ltr'><strong>sive</strong></span> <span class='ocrx_word' id='word_1_375' title='bbox 3058 1429 3299 1483; x_wconf 55' lang='lat' dir='ltr'><strong>llom‘rnir-</strong></span> 
     </span>
    </p>
   </div>
   <div class='ocr_carea' id='block_1_60' title="bbox 1772 1522 2034 1574">
    <p class='ocr_par' dir='ltr' id='par_1_60' title="bbox 1772 1522 2034 1574">
     <span class='ocr_line' id='line_1_60' title="bbox 1772 1522 2034 1574; baseline 0 0"><span class='ocrx_word' id='word_1_376' title='bbox 1772 1522 2034 1574; x_wconf 87' lang='lat' dir='ltr'><strong>colarum.</strong></span> 
     </span>
    </p>
   </div>
   <div class='ocr_carea' id='block_1_61' title="bbox 1761 1607 3301 1750">
    <p class='ocr_par' dir='ltr' id='par_1_61' title="bbox 1761 1607 3301 1750">
     <span class='ocr_line' id='line_1_61' title="bbox 1761 1607 3301 1750; baseline -0.005 -63"><span class='ocrx_word' id='word_1_377' title='bbox 1761 1633 1910 1688; x_wconf 87' lang='lat' dir='ltr'><strong>CAP.</strong></span> <span class='ocrx_word' id='word_1_378' title='bbox 1943 1631 2095 1686; x_wconf 78' lang='lat' dir='ltr'><strong>CXL.</strong></span> <span class='ocrx_word' id='word_1_379' title='bbox 2139 1607 2205 1673; x_wconf 54' lang='grc' dir='ltr'><strong>-ὲ</strong></span> <span class='ocrx_word' id='word_1_380' title='bbox 2244 1630 2381 1696; x_wconf 82' lang='lat' dir='ltr'><strong>Quot</strong></span> <span class='ocrx_word' id='word_1_381' title='bbox 2423 1620 2634 1750; x_wconf 57' lang='lat' dir='ltr'><strong>I‘iarrese:</strong></span> <span class='ocrx_word' id='word_1_382' title='bbox 2673 1628 2912 1682; x_wconf 68' lang='lat' dir='ltr'><strong>Ecclesiae</strong></span> <span class='ocrx_word' id='word_1_383' title='bbox 2952 1629 3106 1696; x_wconf 74' lang='lat' dir='ltr'><strong>ﬁdem</strong></span> <span class='ocrx_word' id='word_1_384' title='bbox 3148 1645 3301 1698; x_wconf 69' lang='lat' dir='ltr'><strong>appr.-</strong></span> 
     </span>
     <span class='ocr_line' id='line_1_62' title="bbox 2451 1714 2640 1750; baseline -0.005 0"><span class='ocrx_word' id='word_1_385' title='bbox 2451 1714 2594 1750; x_wconf 77' lang='lat' dir='ltr'><strong>ierun</strong></span> <span class='ocrx_word' id='word_1_386' title='bbox 2628 1735 2640 1749; x_wconf 95' lang='lat'><strong>.</strong></span> 
     </span>
    </p>
   </div>
   <div class='ocr_carea' id='block_1_62' title="bbox 2451 1714 2640 1751">
    <p class='ocr_par' dir='ltr' id='par_1_62' title="bbox 2451 1714 2640 1751">
     <span class='ocr_line' id='line_1_63' title="bbox 2451 1714 2640 1751; baseline -0.011 0"><span class='ocrx_word' id='word_1_387' title='bbox 2451 1714 2640 1751; x_wconf 72' lang='lat' dir='ltr'><strong>rerum.</strong></span> 
     </span>
    </p>
   </div>
   <div class='ocr_carea' id='block_1_63' title="bbox 1831 1806 3299 1877">
    <p class='ocr_par' dir='ltr' id='par_1_63' title="bbox 1831 1806 3299 1877">
     <span class='ocr_line' id='line_1_64' title="bbox 1831 1806 3299 1877; baseline -0.004 -13"><span class='ocrx_word' id='word_1_388' title='bbox 1831 1812 2068 1865; x_wconf 88' lang='lat' dir='ltr'><strong>Primum</strong></span> <span class='ocrx_word' id='word_1_389' title='bbox 2092 1810 2206 1877; x_wconf 88' lang='lat' dir='ltr'><strong>ipso</strong></span> <span class='ocrx_word' id='word_1_390' title='bbox 2222 1808 2452 1862; x_wconf 87' lang='lat' dir='ltr'><strong>adventu</strong></span> <span class='ocrx_word' id='word_1_391' title='bbox 2478 1806 2683 1859; x_wconf 80' lang='lat' dir='ltr'><strong>Domint</strong></span> <span class='ocrx_word' id='word_1_392' title='bbox 2709 1807 2758 1858; x_wconf 95' lang='lat' dir='ltr'><strong>in</strong></span> <span class='ocrx_word' id='word_1_393' title='bbox 2781 1820 2959 1867; x_wconf 87' lang='lat' dir='ltr'><strong>carne.</strong></span> <span class='ocrx_word' id='word_1_394' title='bbox 2983 1807 3299 1861; x_wconf 82' lang='lat' dir='ltr'><strong>exstiterunt</strong></span> 
     </span>
    </p>
   </div>
   <div class='ocr_carea' id='block_1_64' title="bbox 1759 1891 3300 1967">
    <p class='ocr_par' dir='ltr' id='par_1_64' title="bbox 1759 1891 3300 1967">
     <span class='ocr_line' id='line_1_65' title="bbox 1759 1891 3300 1967; baseline -0.004 -16"><span class='ocrx_word' id='word_1_395' title='bbox 1759 1899 1976 1967; x_wconf 84' lang='lat' dir='ltr'><strong>quidam</strong></span> <span class='ocrx_word' id='word_1_396' title='bbox 2045 1894 2356 1956; x_wconf 82' lang='lat' dir='ltr'><strong>lierodiani,</strong></span> <span class='ocrx_word' id='word_1_397' title='bbox 2416 1893 2506 1962; x_wconf 90' lang='lat' dir='ltr'><strong>qui</strong></span> <span class='ocrx_word' id='word_1_398' title='bbox 2572 1891 2810 1945; x_wconf 80' lang='lat' dir='ltr'><strong>dicerent</strong></span> <span class='ocrx_word' id='word_1_399' title='bbox 2872 1893 3127 1945; x_wconf 88' lang='lat' dir='ltr'><strong>llerodcm</strong></span> <span class='ocrx_word' id='word_1_400' title='bbox 3183 1908 3300 1948; x_wconf 84' lang='lat' dir='ltr'><strong>esse</strong></span> 
     </span>
    </p>
   </div>
   <div class='ocr_carea' id='block_1_65' title="bbox 1759 1990 2892 2054">
    <p class='ocr_par' dir='ltr' id='par_1_65' title="bbox 1759 1990 2892 2054">
     <span class='ocr_line' id='line_1_66' title="bbox 1759 1990 2892 2054; baseline 0.01 -11"><span class='ocrx_word' id='word_1_401' title='bbox 1759 1990 2052 2043; x_wconf 85' lang='lat' dir='ltr'><strong>Christum.</strong></span> <span class='ocrx_word' id='word_1_402' title='bbox 2886 2048 2892 2054; x_wconf 92' lang='lat'><strong>.</strong></span> 
     </span>
    </p>
   </div>
   <div class='ocr_carea' id='block_1_66' title="bbox 1827 2078 3287 2149">
    <p class='ocr_par' dir='ltr' id='par_1_66' title="bbox 1827 2078 3287 2149">
     <span class='ocr_line' id='line_1_67' title="bbox 1827 2078 3287 2149; baseline -0.003 -18"><span class='ocrx_word' id='word_1_403' title='bbox 1827 2079 1878 2132; x_wconf 78' lang='lat'><strong>2.</strong></span> <span class='ocrx_word' id='word_1_404' title='bbox 1921 2078 2205 2133; x_wconf 80' lang='lat' dir='ltr'><strong>Theudiani</strong></span> <span class='ocrx_word' id='word_1_405' title='bbox 2229 2097 2257 2134; x_wconf 72' lang='grc' dir='ltr'><strong>ο</strong></span> <span class='ocrx_word' id='word_1_406' title='bbox 2288 2081 2504 2136; x_wconf 86' lang='lat' dir='ltr'><strong>Theuda</strong></span> <span class='ocrx_word' id='word_1_407' title='bbox 2534 2081 2762 2149; x_wconf 86' lang='lat' dir='ltr'><strong>decepti,</strong></span> <span class='ocrx_word' id='word_1_408' title='bbox 2790 2079 2942 2146; x_wconf 85' lang='lat' dir='ltr'><strong>cujus</strong></span> <span class='ocrx_word' id='word_1_409' title='bbox 2969 2079 3287 2131; x_wconf 82' lang='lat' dir='ltr'><strong>mentionem</strong></span> 
     </span>
    </p>
   </div>
   <div class='ocr_carea' id='block_1_67' title="bbox 1761 2168 3301 2239">
    <p class='ocr_par' dir='ltr' id='par_1_67' title="bbox 1761 2168 3301 2239">
     <span class='ocr_line' id='line_1_68' title="bbox 1761 2168 3301 2239; baseline -0.003 -18"><span class='ocrx_word' id='word_1_410' title='bbox 1761 2169 1887 2224; x_wconf 81' lang='lat' dir='ltr'><strong>facit</strong></span> <span class='ocrx_word' id='word_1_411' title='bbox 1935 2171 2092 2223; x_wconf 87' lang='lat' dir='ltr'><strong>etiam</strong></span> <span class='ocrx_word' id='word_1_412' title='bbox 2137 2172 2462 2225; x_wconf 88' lang='lat' dir='ltr'><strong>Gamaliclus</strong></span> <span class='ocrx_word' id='word_1_413' title='bbox 2501 2172 2632 2239; x_wconf 79' lang='lat' dir='ltr'><strong>legis</strong></span> <span class='ocrx_word' id='word_1_414' title='bbox 2679 2171 2881 2231; x_wconf 90' lang='lat' dir='ltr'><strong>doctor,</strong></span> <span class='ocrx_word' id='word_1_415' title='bbox 2918 2168 3043 2220; x_wconf 90' lang='lat' dir='ltr'><strong>dum</strong></span> <span class='ocrx_word' id='word_1_416' title='bbox 3084 2175 3301 2220; x_wconf 81' lang='lat' dir='ltr'><strong>sentcn-</strong></span> 
     </span>
    </p>
   </div>
   <div class='ocr_carea' id='block_1_68' title="bbox 1760 2256 3299 2326">
    <p class='ocr_par' dir='ltr' id='par_1_68' title="bbox 1760 2256 3299 2326">
     <span class='ocr_line' id='line_1_69' title="bbox 1760 2256 3299 2326; baseline -0.002 -15"><span class='ocrx_word' id='word_1_417' title='bbox 1760 2261 1883 2311; x_wconf 86' lang='lat' dir='ltr'><strong>tiam</strong></span> <span class='ocrx_word' id='word_1_418' title='bbox 1914 2274 2065 2312; x_wconf 89' lang='lat' dir='ltr'><strong>suam</strong></span> <span class='ocrx_word' id='word_1_419' title='bbox 2105 2261 2443 2326; x_wconf 81' lang='lat' dir='ltr'><strong>pontiﬁcibus</strong></span> <span class='ocrx_word' id='word_1_420' title='bbox 2474 2260 2698 2314; x_wconf 83' lang='lat' dir='ltr'><strong>suadere</strong></span> <span class='ocrx_word' id='word_1_421' title='bbox 2729 2260 2997 2310; x_wconf 79' lang='lat' dir='ltr'><strong>nitebatur</strong></span> <span class='ocrx_word' id='word_1_422' title='bbox 3018 2299 3031 2319; x_wconf 89' lang='lat'><strong>,</strong></span> <span class='ocrx_word' id='word_1_423' title='bbox 3078 2256 3168 2322; x_wconf 90' lang='lat' dir='ltr'><strong>qui</strong></span> <span class='ocrx_word' id='word_1_424' title='bbox 3207 2270 3299 2308; x_wconf 89' lang='lat' dir='ltr'><strong>ne-</strong></span> 
     </span>
    </p>
   </div>
   <div class='ocr_carea' id='block_1_69' title="bbox 1760 2343 3302 2410">
    <p class='ocr_par' dir='ltr' id='par_1_69' title="bbox 1760 2343 3302 2410">
     <span class='ocr_line' id='line_1_70' title="bbox 1760 2343 3302 2410; baseline -0.003 -16"><span class='ocrx_word' id='word_1_425' title='bbox 1760 2343 1872 2394; x_wconf 91' lang='lat' dir='ltr'><strong>scio</strong></span> <span class='ocrx_word' id='word_1_426' title='bbox 1903 2343 2029 2408; x_wconf 87' lang='lat' dir='ltr'><strong>quid</strong></span> <span class='ocrx_word' id='word_1_427' title='bbox 2063 2358 2219 2410; x_wconf 63' lang='lat' dir='ltr'><strong>agere</strong></span> <span class='ocrx_word' id='word_1_428' title='bbox 2251 2344 2494 2397; x_wconf 81' lang='lat' dir='ltr'><strong>volebant</strong></span> <span class='ocrx_word' id='word_1_429' title='bbox 2532 2346 2786 2396; x_wconf 75' lang='lat' dir='ltr'><strong>adversus</strong></span> <span class='ocrx_word' id='word_1_430' title='bbox 2821 2345 3106 2409; x_wconf 85' lang='lat' dir='ltr'><strong>apostolos,</strong></span> <span class='ocrx_word' id='word_1_431' title='bbox 3143 2349 3199 2393; x_wconf 93' lang='lat' dir='ltr'><strong>ut</strong></span> <span class='ocrx_word' id='word_1_432' title='bbox 3236 2355 3302 2391; x_wconf 81' lang='lat' dir='ltr'><strong>ne</strong></span> 
     </span>
    </p>
   </div>
   <div class='ocr_carea' id='block_1_70' title="bbox 1760 2425 3298 2498">
    <p class='ocr_par' dir='ltr' id='par_1_70' title="bbox 1760 2425 3298 2498">
     <span class='ocr_line' id='line_1_71' title="bbox 1760 2425 3298 2498; baseline -0.003 -16"><span class='ocrx_word' id='word_1_433' title='bbox 1760 2432 1887 2498; x_wconf 88' lang='lat' dir='ltr'><strong>quid</strong></span> <span class='ocrx_word' id='word_1_434' title='bbox 1914 2431 2170 2486; x_wconf 86' lang='lat' dir='ltr'><strong>adversus</strong></span> <span class='ocrx_word' id='word_1_435' title='bbox 2198 2434 2317 2487; x_wconf 89' lang='lat' dir='ltr'><strong>illos</strong></span> <span class='ocrx_word' id='word_1_436' title='bbox 2346 2425 2692 2496; x_wconf 84' lang='lat' dir='ltr'><strong>conarentur,</strong></span> <span class='ocrx_word' id='word_1_437' title='bbox 2726 2433 2972 2498; x_wconf 84' lang='lat' dir='ltr'><strong>inquiens</strong></span> <span class='ocrx_word' id='word_1_438' title='bbox 3006 2449 3017 2484; x_wconf 89' lang='lat'>:</span> <span class='ocrx_word' id='word_1_439' title='bbox 3057 2434 3178 2482; x_wconf 77' lang='lat' dir='ltr'><strong>Ante</strong></span> <span class='ocrx_word' id='word_1_440' title='bbox 3209 2431 3298 2479; x_wconf 81' lang='lat' dir='ltr'><strong>hos</strong></span> 
     </span>
    </p>
   </div>
   <div class='ocr_carea' id='block_1_71' title="bbox 1758 2521 3295 2601">
    <p class='ocr_par' dir='ltr' id='par_1_71' title="bbox 1758 2521 3295 2601">
     <span class='ocr_line' id='line_1_72' title="bbox 1758 2521 3295 2601; baseline -0.003 -29"><span class='ocrx_word' id='word_1_441' title='bbox 1758 2521 1891 2572; x_wconf 81' lang='lat' dir='ltr'><strong>enim</strong></span> <span class='ocrx_word' id='word_1_442' title='bbox 1933 2522 2040 2572; x_wconf 84' lang='lat' dir='ltr'><strong>dies</strong></span> <span class='ocrx_word' id='word_1_443' title='bbox 2073 2525 2298 2574; x_wconf 70' lang='lat' dir='ltr'><strong>surrexit</strong></span> <span class='ocrx_word' id='word_1_444' title='bbox 2333 2521 2600 2581; x_wconf 81' lang='lat' dir='ltr'><strong>Tlteudas,</strong></span> <span class='ocrx_word' id='word_1_445' title='bbox 2635 2522 2805 2601; x_wconf 64' lang='lat' dir='ltr'><strong>(licens</strong></span> <span class='ocrx_word' id='word_1_446' title='bbox 2838 2535 2889 2571; x_wconf 81' lang='lat' dir='ltr'><strong>se</strong></span> <span class='ocrx_word' id='word_1_447' title='bbox 2920 2521 3135 2585; x_wconf 80' lang='lat' dir='ltr'><strong>aliquem</strong></span> <span class='ocrx_word' id='word_1_448' title='bbox 3171 2533 3295 2569; x_wconf 79' lang='lat' dir='ltr'><strong>esse.</strong></span> 
     </span>
    </p>
   </div>
   <div class='ocr_carea' id='block_1_72' title="bbox 1826 2608 3293 2680">
    <p class='ocr_par' dir='ltr' id='par_1_72' title="bbox 1826 2608 3293 2680">
     <span class='ocr_line' id='line_1_73' title="bbox 1826 2608 3293 2680; baseline -0.003 -17"><span class='ocrx_word' id='word_1_449' title='bbox 1826 2612 1877 2663; x_wconf 77' lang='grc'>5.</span> <span class='ocrx_word' id='word_1_450' title='bbox 1911 2611 2286 2679; x_wconf 82' lang='lat' dir='ltr'><strong>Apostolorum</strong></span> <span class='ocrx_word' id='word_1_451' title='bbox 2320 2621 2558 2680; x_wconf 84' lang='lat' dir='ltr'><strong>tempore</strong></span> <span class='ocrx_word' id='word_1_452' title='bbox 2581 2611 2682 2664; x_wconf 87' lang='lat' dir='ltr'><strong>alia</strong></span> <span class='ocrx_word' id='word_1_453' title='bbox 2713 2611 2928 2663; x_wconf 76' lang='lat' dir='ltr'><strong>lneresis</strong></span> <span class='ocrx_word' id='word_1_454' title='bbox 2955 2608 3179 2662; x_wconf 75' lang='lat' dir='ltr'><strong>conflata</strong></span> <span class='ocrx_word' id='word_1_455' title='bbox 3211 2616 3293 2660; x_wconf 85' lang='lat' dir='ltr'><strong>est</strong></span> 
     </span>
    </p>
   </div>
   <div class='ocr_carea' id='block_1_73' title="bbox 1757 2700 3299 2772">
    <p class='ocr_par' dir='ltr' id='par_1_73' title="bbox 1757 2700 3299 2772">
     <span class='ocr_line' id='line_1_74' title="bbox 1757 2700 3299 2772; baseline -0.005 -17"><span class='ocrx_word' id='word_1_456' title='bbox 1757 2701 2141 2772; x_wconf 85' lang='lat' dir='ltr'><strong>Hierosolymis</strong></span> <span class='ocrx_word' id='word_1_457' title='bbox 2175 2703 2455 2770; x_wconf 82' lang='lat' dir='ltr'><strong>cujusdam</strong></span> <span class='ocrx_word' id='word_1_458' title='bbox 2490 2703 2628 2769; x_wconf 81' lang='lat' dir='ltr'><strong>magi</strong></span> <span class='ocrx_word' id='word_1_459' title='bbox 2667 2700 2902 2769; x_wconf 61' lang='lat' dir='ltr'><strong>ZEgyptii</strong></span> <span class='ocrx_word' id='word_1_460' title='bbox 2935 2716 2952 2752; x_wconf 89' lang='grc'>.·</span> <span class='ocrx_word' id='word_1_461' title='bbox 2986 2700 3138 2763; x_wconf 91' lang='lat' dir='ltr'><strong>cujus</strong></span> <span class='ocrx_word' id='word_1_462' title='bbox 3164 2712 3299 2765; x_wconf 91' lang='lat' dir='ltr'><strong>quo-</strong></span> 
     </span>
    </p>
   </div>
   <div class='ocr_carea' id='block_1_74' title="bbox 1753 2788 3298 2858">
    <p class='ocr_par' dir='ltr' id='par_1_74' title="bbox 1753 2788 3298 2858">
     <span class='ocr_line' id='line_1_75' title="bbox 1753 2788 3298 2858; baseline -0.001 -18"><span class='ocrx_word' id='word_1_463' title='bbox 1753 2805 1856 2858; x_wconf 88' lang='lat' dir='ltr'><strong>que</strong></span> <span class='ocrx_word' id='word_1_464' title='bbox 1891 2790 2140 2842; x_wconf 82' lang='lat' dir='ltr'><strong>nonnulla</strong></span> <span class='ocrx_word' id='word_1_465' title='bbox 2188 2791 2389 2843; x_wconf 91' lang='lat' dir='ltr'><strong>mentio</strong></span> <span class='ocrx_word' id='word_1_466' title='bbox 2420 2791 2470 2842; x_wconf 91' lang='lat' dir='ltr'><strong>in</strong></span> <span class='ocrx_word' id='word_1_467' title='bbox 2513 2788 2823 2857; x_wconf 83' lang='lat' dir='ltr'><strong>apostolicis</strong></span> <span class='ocrx_word' id='word_1_468' title='bbox 2859 2788 3075 2840; x_wconf 82' lang='lat' dir='ltr'><strong>Actibus</strong></span> <span class='ocrx_word' id='word_1_469' title='bbox 3111 2800 3298 2838; x_wconf 88' lang='lat' dir='ltr'><strong>occur-</strong></span> 
     </span>
    </p>
   </div>
   <div class='ocr_carea' id='block_1_75' title="bbox 1753 2875 3296 2946">
    <p class='ocr_par' dir='ltr' id='par_1_75' title="bbox 1753 2875 3296 2946">
     <span class='ocr_line' id='line_1_76' title="bbox 1753 2875 3296 2946; baseline -0.005 -15"><span class='ocrx_word' id='word_1_470' title='bbox 1753 2881 1842 2942; x_wconf 90' lang='lat' dir='ltr'><strong>rit,</strong></span> <span class='ocrx_word' id='word_1_471' title='bbox 1878 2880 2090 2946; x_wconf 83' lang='lat' dir='ltr'><strong>quando</strong></span> <span class='ocrx_word' id='word_1_472' title='bbox 2127 2880 2200 2930; x_wconf 90' lang='lat' dir='ltr'><strong>ait</strong></span> <span class='ocrx_word' id='word_1_473' title='bbox 2235 2880 2479 2931; x_wconf 88' lang='lat' dir='ltr'><strong>tribunus</strong></span> <span class='ocrx_word' id='word_1_474' title='bbox 2523 2877 2691 2930; x_wconf 73' lang='lat' dir='ltr'><strong>l‘aulo</strong></span> <span class='ocrx_word' id='word_1_475' title='bbox 2736 2895 2748 2929; x_wconf 92' lang='lat'><strong>:</strong></span> <span class='ocrx_word' id='word_1_476' title='bbox 2797 2875 3028 2929; x_wconf 69' lang='lat' dir='ltr'><strong>Graecam</strong></span> <span class='ocrx_word' id='word_1_477' title='bbox 3068 2875 3296 2944; x_wconf 81' lang='lat' dir='ltr'><strong>linguam</strong></span> 
     </span>
    </p>
   </div>
   <div class='ocr_carea' id='block_1_76' title="bbox 1752 2952 3300 3037">
    <p class='ocr_par' dir='ltr' id='par_1_76' title="bbox 1752 2952 3300 3037">
     <span class='ocr_line' id='line_1_77' title="bbox 1752 2952 3300 3037; baseline -0.003 -18"><span class='ocrx_word' id='word_1_478' title='bbox 1752 2969 1951 3022; x_wconf 82' lang='lat' dir='ltr'><strong>calles?</strong></span> <span class='ocrx_word' id='word_1_479' title='bbox 1977 2968 2055 3019; x_wconf 78' lang='lat' dir='ltr'><strong>An</strong></span> <span class='ocrx_word' id='word_1_480' title='bbox 2087 2985 2184 3020; x_wconf 88' lang='lat' dir='ltr'><strong>non</strong></span> <span class='ocrx_word' id='word_1_481' title='bbox 2214 2985 2331 3037; x_wconf 86' lang='lat' dir='ltr'><strong>ergo</strong></span> <span class='ocrx_word' id='word_1_482' title='bbox 2347 2984 2396 3020; x_wconf 84' lang='lat' dir='ltr'><strong>es</strong></span> <span class='ocrx_word' id='word_1_483' title='bbox 2420 2977 2473 3019; x_wconf 83' lang='lat' dir='ltr'><strong>tu</strong></span> <span class='ocrx_word' id='word_1_484' title='bbox 2498 2966 2778 3036; x_wconf 58' lang='lat' dir='ltr'><strong>Egyplius</strong></span> <span class='ocrx_word' id='word_1_485' title='bbox 2808 2965 2916 3029; x_wconf 89' lang='lat' dir='ltr'><strong>ille,</strong></span> <span class='ocrx_word' id='word_1_486' title='bbox 2945 2966 3031 3034; x_wconf 89' lang='lat' dir='ltr'><strong>qui</strong></span> <span class='ocrx_word' id='word_1_487' title='bbox 3054 2974 3173 3016; x_wconf 81' lang='lat' dir='ltr'><strong>ante</strong></span> <span class='ocrx_word' id='word_1_488' title='bbox 3203 2952 3300 3017; x_wconf 72' lang='lat' dir='ltr'><strong>hes</strong></span> 
     </span>
    </p>
   </div>
   <div class='ocr_carea' id='block_1_77' title="bbox 1753 3056 3300 3124">
    <p class='ocr_par' dir='ltr' id='par_1_77' title="bbox 1753 3056 3300 3124">
     <span class='ocr_line' id='line_1_78' title="bbox 1753 3056 3300 3124; baseline -0.004 -13"><span class='ocrx_word' id='word_1_489' title='bbox 1753 3060 1862 3111; x_wconf 76' lang='lat' dir='ltr'><strong>dies</strong></span> <span class='ocrx_word' id='word_1_490' title='bbox 1912 3060 2190 3112; x_wconf 80' lang='lat' dir='ltr'><strong>seditiones</strong></span> <span class='ocrx_word' id='word_1_491' title='bbox 2237 3059 2509 3111; x_wconf 86' lang='lat' dir='ltr'><strong>concitavit</strong></span> <span class='ocrx_word' id='word_1_492' title='bbox 2539 3096 2554 3120; x_wconf 95' lang='lat'><strong>,</strong></span> <span class='ocrx_word' id='word_1_493' title='bbox 2612 3057 2886 3124; x_wconf 78' lang='lat' dir='ltr'><strong>eduxitque</strong></span> <span class='ocrx_word' id='word_1_494' title='bbox 2933 3057 2983 3108; x_wconf 89' lang='lat' dir='ltr'><strong>iu</strong></span> <span class='ocrx_word' id='word_1_495' title='bbox 3037 3056 3300 3109; x_wconf 77' lang='lat' dir='ltr'><strong>desertum</strong></span> 
     </span>
    </p>
   </div>
   <div class='ocr_carea' id='block_1_78' title="bbox 1752 3149 2831 3216">
    <p class='ocr_par' dir='ltr' id='par_1_78' title="bbox 1752 3149 2831 3216">
     <span class='ocr_line' id='line_1_79' title="bbox 1752 3149 2831 3216; baseline 0 -16"><span class='ocrx_word' id='word_1_496' title='bbox 1752 3157 1975 3216; x_wconf 86' lang='lat' dir='ltr'><strong>quatuor</strong></span> <span class='ocrx_word' id='word_1_497' title='bbox 2007 3149 2177 3202; x_wconf 86' lang='lat' dir='ltr'><strong>millia</strong></span> <span class='ocrx_word' id='word_1_498' title='bbox 2197 3149 2459 3202; x_wconf 80' lang='lat' dir='ltr'><strong>hominum</strong></span> <span class='ocrx_word' id='word_1_499' title='bbox 2487 3149 2831 3202; x_wconf 78' lang='lat' dir='ltr'><strong>sicariorum?</strong></span> 
     </span>
    </p>
   </div>
   <div class='ocr_carea' id='block_1_79' title="bbox 1820 3320 3293 3388">
    <p class='ocr_par' dir='ltr' id='par_1_79' title="bbox 1820 3320 3293 3388">
     <span class='ocr_line' id='line_1_80' title="bbox 1820 3320 3293 3388; baseline -0.005 -12"><span class='ocrx_word' id='word_1_500' title='bbox 1820 3323 1872 3376; x_wconf 67' lang='grc'>4.</span> <span class='ocrx_word' id='word_1_501' title='bbox 1899 3321 2207 3375; x_wconf 81' lang='lat' dir='ltr'><strong>Simoniani.</strong></span> <span class='ocrx_word' id='word_1_502' title='bbox 2241 3320 2424 3374; x_wconf 89' lang='lat' dir='ltr'><strong>Simon</strong></span> <span class='ocrx_word' id='word_1_503' title='bbox 2450 3329 2500 3374; x_wconf 87' lang='lat' dir='ltr'><strong>et</strong></span> <span class='ocrx_word' id='word_1_504' title='bbox 2539 3321 2652 3388; x_wconf 91' lang='lat' dir='ltr'><strong>ipse</strong></span> <span class='ocrx_word' id='word_1_505' title='bbox 2680 3331 2864 3385; x_wconf 85' lang='lat' dir='ltr'><strong>magus</strong></span> <span class='ocrx_word' id='word_1_506' title='bbox 2905 3328 3140 3384; x_wconf 90' lang='lat' dir='ltr'><strong>tempore</strong></span> <span class='ocrx_word' id='word_1_507' title='bbox 3168 3331 3293 3383; x_wconf 84' lang='lat' dir='ltr'><strong>apo-</strong></span> 
     </span>
    </p>
   </div>
   <div class='ocr_carea' id='block_1_80' title="bbox 1752 3408 3297 3478">
    <p class='ocr_par' dir='ltr' id='par_1_80' title="bbox 1752 3408 3297 3478">
     <span class='ocr_line' id='line_1_81' title="bbox 1752 3408 3297 3478; baseline -0.006 -12"><span class='ocrx_word' id='word_1_508' title='bbox 1752 3411 2010 3466; x_wconf 89' lang='lat' dir='ltr'><strong>stolorum</strong></span> <span class='ocrx_word' id='word_1_509' title='bbox 2047 3409 2164 3474; x_wconf 80' lang='lat' dir='ltr'><strong>fuit,</strong></span> <span class='ocrx_word' id='word_1_510' title='bbox 2202 3411 2551 3478; x_wconf 72' lang='lat' dir='ltr'><strong>hmresimque</strong></span> <span class='ocrx_word' id='word_1_511' title='bbox 2589 3409 2794 3462; x_wconf 71' lang='lat' dir='ltr'><strong>induxit</strong></span> <span class='ocrx_word' id='word_1_512' title='bbox 2816 3423 2908 3476; x_wconf 90' lang='lat' dir='ltr'><strong>per</strong></span> <span class='ocrx_word' id='word_1_513' title='bbox 2934 3408 3206 3475; x_wconf 76' lang='lat' dir='ltr'><strong>signorum</strong></span> <span class='ocrx_word' id='word_1_514' title='bbox 3237 3421 3297 3458; x_wconf 87' lang='lat' dir='ltr'><strong>ac</strong></span> 
     </span>
    </p>
   </div>
   <div class='ocr_carea' id='block_1_81' title="bbox 1754 3497 3296 3568">
    <p class='ocr_par' dir='ltr' id='par_1_81' title="bbox 1754 3497 3296 3568">
     <span class='ocr_line' id='line_1_82' title="bbox 1754 3497 3296 3568; baseline -0.005 -15"><span class='ocrx_word' id='word_1_515' title='bbox 1754 3499 2119 3568; x_wconf 79' lang='lat' dir='ltr'><strong>prodigiorum</strong></span> <span class='ocrx_word' id='word_1_516' title='bbox 2176 3500 2482 3552; x_wconf 82' lang='lat' dir='ltr'><strong>mendacem</strong></span> <span class='ocrx_word' id='word_1_517' title='bbox 2536 3498 2934 3558; x_wconf 82' lang='lat' dir='ltr'><strong>ostensionem,</strong></span> <span class='ocrx_word' id='word_1_518' title='bbox 2994 3497 3176 3554; x_wconf 81' lang='lat' dir='ltr'><strong>dicens</strong></span> <span class='ocrx_word' id='word_1_519' title='bbox 3239 3509 3296 3546; x_wconf 86' lang='lat' dir='ltr'><strong>se</strong></span> 
     </span>
    </p>
   </div>
   <div class='ocr_carea' id='block_1_82' title="bbox 1751 3587 3294 3657">
    <p class='ocr_par' dir='ltr' id='par_1_82' title="bbox 1751 3587 3294 3657">
     <span class='ocr_line' id='line_1_83' title="bbox 1751 3587 3294 3657; baseline -0.005 -15"><span class='ocrx_word' id='word_1_520' title='bbox 1751 3606 1872 3643; x_wconf 89' lang='lat' dir='ltr'><strong>esse</strong></span> <span class='ocrx_word' id='word_1_521' title='bbox 1898 3589 1987 3644; x_wconf 87' lang='lat' dir='ltr'><strong>Del</strong></span> <span class='ocrx_word' id='word_1_522' title='bbox 2030 3604 2274 3657; x_wconf 76' lang='lat' dir='ltr'><strong>magnam</strong></span> <span class='ocrx_word' id='word_1_523' title='bbox 2312 3590 2624 3654; x_wconf 83' lang='lat' dir='ltr'><strong>potentiam.</strong></span> <span class='ocrx_word' id='word_1_524' title='bbox 2656 3587 2719 3639; x_wconf 87' lang='lat' dir='ltr'><strong>Et</strong></span> <span class='ocrx_word' id='word_1_525' title='bbox 2754 3588 2913 3653; x_wconf 86' lang='lat' dir='ltr'><strong>hujus</strong></span> <span class='ocrx_word' id='word_1_526' title='bbox 2940 3593 3116 3638; x_wconf 77' lang='lat' dir='ltr'><strong>exstat</strong></span> <span class='ocrx_word' id='word_1_527' title='bbox 3142 3599 3294 3636; x_wconf 87' lang='lat' dir='ltr'><strong>men-</strong></span> 
     </span>
    </p>
   </div>
   <div class='ocr_carea' id='block_1_83' title="bbox 1752 3677 2782 3746">
    <p class='ocr_par' dir='ltr' id='par_1_83' title="bbox 1752 3677 2782 3746">
     <span class='ocr_line' id='line_1_84' title="bbox 1752 3677 2782 3746; baseline -0.004 -15"><span class='ocrx_word' id='word_1_528' title='bbox 1752 3679 1826 3731; x_wconf 90' lang='lat' dir='ltr'><strong>tio</strong></span> <span class='ocrx_word' id='word_1_529' title='bbox 1857 3678 2035 3746; x_wconf 86' lang='lat' dir='ltr'><strong>aliqua</strong></span> <span class='ocrx_word' id='word_1_530' title='bbox 2069 3678 2120 3730; x_wconf 89' lang='lat' dir='ltr'><strong>in</strong></span> <span class='ocrx_word' id='word_1_531' title='bbox 2148 3678 2365 3731; x_wconf 82' lang='lat' dir='ltr'><strong>Actibus</strong></span> <span class='ocrx_word' id='word_1_532' title='bbox 2394 3677 2782 3746; x_wconf 84' lang='lat' dir='ltr'><strong>apostolorum.</strong></span> 
     </span>
    </p>
   </div>
   <div class='ocr_carea' id='block_1_84' title="bbox 1821 3763 3295 3835">
    <p class='ocr_par' dir='ltr' id='par_1_84' title="bbox 1821 3763 3295 3835">
     <span class='ocr_line' id='line_1_85' title="bbox 1821 3763 3295 3835; baseline -0.002 -15"><span class='ocrx_word' id='word_1_533' title='bbox 1821 3767 1874 3820; x_wconf 85' lang='lat'><strong>5.</strong></span> <span class='ocrx_word' id='word_1_534' title='bbox 1915 3767 2179 3833; x_wconf 71' lang='lat' dir='ltr'><strong>Ebionazi,</strong></span> <span class='ocrx_word' id='word_1_535' title='bbox 2221 3769 2321 3835; x_wconf 89' lang='lat' dir='ltr'><strong>ipsi</strong></span> <span class='ocrx_word' id='word_1_536' title='bbox 2357 3782 2568 3835; x_wconf 88' lang='lat' dir='ltr'><strong>quoque</strong></span> <span class='ocrx_word' id='word_1_537' title='bbox 2603 3766 2818 3820; x_wconf 81' lang='lat' dir='ltr'><strong>fuerunt</strong></span> <span class='ocrx_word' id='word_1_538' title='bbox 2851 3764 2990 3819; x_wconf 85' lang='lat' dir='ltr'><strong>circa</strong></span> <span class='ocrx_word' id='word_1_539' title='bbox 3023 3763 3295 3833; x_wconf 81' lang='lat' dir='ltr'><strong>apostolo-</strong></span> 
     </span>
    </p>
   </div>
   <div class='ocr_carea' id='block_1_85' title="bbox 1752 3855 3294 3924">
    <p class='ocr_par' dir='ltr' id='par_1_85' title="bbox 1752 3855 3294 3924">
     <span class='ocr_line' id='line_1_86' title="bbox 1752 3855 3294 3924; baseline -0.002 -16"><span class='ocrx_word' id='word_1_540' title='bbox 1752 3870 1869 3908; x_wconf 87' lang='lat' dir='ltr'><strong>rum</strong></span> <span class='ocrx_word' id='word_1_541' title='bbox 1903 3869 2159 3923; x_wconf 75' lang='lat' dir='ltr'><strong>tempora,</strong></span> <span class='ocrx_word' id='word_1_542' title='bbox 2179 3857 2269 3922; x_wconf 88' lang='lat' dir='ltr'><strong>qui</strong></span> <span class='ocrx_word' id='word_1_543' title='bbox 2301 3855 2556 3920; x_wconf 85' lang='lat' dir='ltr'><strong>Pauperes</strong></span> <span class='ocrx_word' id='word_1_544' title='bbox 2590 3857 3022 3924; x_wconf 82' lang='lat' dir='ltr'><strong>interpretantur,</strong></span> <span class='ocrx_word' id='word_1_545' title='bbox 3052 3860 3294 3922; x_wconf 80' lang='lat' dir='ltr'><strong>propter-</strong></span> 
     </span>
    </p>
   </div>
   <div class='ocr_carea' id='block_1_86' title="bbox 1756 3939 3296 4008">
    <p class='ocr_par' dir='ltr' id='par_1_86' title="bbox 1756 3939 3296 4008">
     <span class='ocr_line' id='line_1_87' title="bbox 1756 3939 3296 4008; baseline 0.001 -16"><span class='ocrx_word' id='word_1_546' title='bbox 1756 3954 1816 3992; x_wconf 88' lang='lat' dir='ltr'><strong>ea</strong></span> <span class='ocrx_word' id='word_1_547' title='bbox 1884 3939 2022 4007; x_wconf 91' lang='lat' dir='ltr'><strong>quod</strong></span> <span class='ocrx_word' id='word_1_548' title='bbox 2056 3940 2234 4008; x_wconf 89' lang='lat' dir='ltr'><strong>inopia</strong></span> <span class='ocrx_word' id='word_1_549' title='bbox 2267 3940 2385 3993; x_wconf 78' lang='lat' dir='ltr'><strong>ﬁdei</strong></span> <span class='ocrx_word' id='word_1_550' title='bbox 2417 3941 2662 3994; x_wconf 88' lang='lat' dir='ltr'><strong>laborant</strong></span> <span class='ocrx_word' id='word_1_551' title='bbox 2690 3959 2703 3994; x_wconf 91' lang='lat'><strong>:</strong></span> <span class='ocrx_word' id='word_1_552' title='bbox 2737 3942 3033 4008; x_wconf 86' lang='lat' dir='ltr'><strong>corporalia</strong></span> <span class='ocrx_word' id='word_1_553' title='bbox 3068 3954 3296 4007; x_wconf 86' lang='lat' dir='ltr'><strong>namque</strong></span> 
     </span>
    </p>
   </div>
   <div class='ocr_carea' id='block_1_87' title="bbox 1753 4029 3294 4103">
    <p class='ocr_par' dir='ltr' id='par_1_87' title="bbox 1753 4029 3294 4103">
     <span class='ocr_line' id='line_1_88' title="bbox 1753 4029 3294 4103; baseline -0.003 -18"><span class='ocrx_word' id='word_1_554' title='bbox 1753 4040 1952 4086; x_wconf 89' lang='lat' dir='ltr'><strong>statuta</strong></span> <span class='ocrx_word' id='word_1_555' title='bbox 1978 4031 2173 4103; x_wconf 87' lang='lat' dir='ltr'><strong>Moysis</strong></span> <span class='ocrx_word' id='word_1_556' title='bbox 2207 4031 2534 4084; x_wconf 88' lang='lat' dir='ltr'><strong>contendunt</strong></span> <span class='ocrx_word' id='word_1_557' title='bbox 2562 4030 2740 4086; x_wconf 83' lang='lat' dir='ltr'><strong>ﬁdeles</strong></span> <span class='ocrx_word' id='word_1_558' title='bbox 2769 4029 2962 4084; x_wconf 86' lang='lat' dir='ltr'><strong>debere</strong></span> <span class='ocrx_word' id='word_1_559' title='bbox 2988 4030 3294 4083; x_wconf 88' lang='lat' dir='ltr'><strong>observare.</strong></span> 
     </span>
    </p>
   </div>
   <div class='ocr_carea' id='block_1_88' title="bbox 1825 4120 3294 4190">
    <p class='ocr_par' dir='ltr' id='par_1_88' title="bbox 1825 4120 3294 4190">
     <span class='ocr_line' id='line_1_89' title="bbox 1825 4120 3294 4190; baseline -0.003 -17"><span class='ocrx_word' id='word_1_560' title='bbox 1825 4123 1874 4173; x_wconf 88' lang='lat'><strong>6.</strong></span> <span class='ocrx_word' id='word_1_561' title='bbox 1916 4121 2053 4173; x_wconf 90' lang='lat' dir='ltr'><strong>Sunt</strong></span> <span class='ocrx_word' id='word_1_562' title='bbox 2094 4133 2145 4174; x_wconf 91' lang='lat' dir='ltr'><strong>et</strong></span> <span class='ocrx_word' id='word_1_563' title='bbox 2179 4123 2266 4174; x_wconf 91' lang='lat' dir='ltr'><strong>alii</strong></span> <span class='ocrx_word' id='word_1_564' title='bbox 2303 4120 2558 4185; x_wconf 75' lang='lat' dir='ltr'><strong>Ebioumi,</strong></span> <span class='ocrx_word' id='word_1_565' title='bbox 2606 4122 2696 4190; x_wconf 90' lang='lat' dir='ltr'><strong>qui</strong></span> <span class='ocrx_word' id='word_1_566' title='bbox 2733 4121 2889 4174; x_wconf 87' lang='lat' dir='ltr'><strong>etiam</strong></span> <span class='ocrx_word' id='word_1_567' title='bbox 2927 4120 3174 4173; x_wconf 73' lang='lat' dir='ltr'><strong>Nazarwi</strong></span> <span class='ocrx_word' id='word_1_568' title='bbox 3204 4133 3294 4171; x_wconf 83' lang='lat' dir='ltr'><strong>vo-</strong></span> 
     </span>
    </p>
   </div>
   <div class='ocr_carea' id='block_1_89' title="bbox 1751 4210 3292 4280">
    <p class='ocr_par' dir='ltr' id='par_1_89' title="bbox 1751 4210 3292 4280">
     <span class='ocr_line' id='line_1_90' title="bbox 1751 4210 3292 4280; baseline -0.005 -15"><span class='ocrx_word' id='word_1_569' title='bbox 1751 4223 1962 4265; x_wconf 85' lang='lat' dir='ltr'><strong>cantur.</strong></span> <span class='ocrx_word' id='word_1_570' title='bbox 1999 4210 2057 4262; x_wconf 92' lang='lat' dir='ltr'><strong>lli</strong></span> <span class='ocrx_word' id='word_1_571' title='bbox 2089 4210 2228 4264; x_wconf 88' lang='lat' dir='ltr'><strong>circa</strong></span> <span class='ocrx_word' id='word_1_572' title='bbox 2259 4212 2445 4278; x_wconf 77' lang='lat' dir='ltr'><strong>legalia</strong></span> <span class='ocrx_word' id='word_1_573' title='bbox 2486 4211 2683 4280; x_wconf 69' lang='lat' dir='ltr'><strong>Moysis</strong></span> <span class='ocrx_word' id='word_1_574' title='bbox 2715 4211 2934 4279; x_wconf 86' lang='lat' dir='ltr'><strong>perinde</strong></span> <span class='ocrx_word' id='word_1_575' title='bbox 2974 4211 3184 4277; x_wconf 86' lang='lat' dir='ltr'><strong>quidem</strong></span> <span class='ocrx_word' id='word_1_576' title='bbox 3215 4217 3292 4259; x_wconf 88' lang='lat' dir='ltr'><strong>at-</strong></span> 
     </span>
    </p>
   </div>
   <div class='ocr_carea' id='block_1_90' title="bbox 140 4300 1675 4382">
    <p class='ocr_par' dir='ltr' id='par_1_90' title="bbox 140 4311 1646 4382">
     <span class='ocr_line' id='line_1_91' title="bbox 140 4311 1646 4382; baseline 0.003 -24"><span class='ocrx_word' id='word_1_577' title='bbox 140 4312 222 4372; x_wconf 74' lang='grc' dir='ltr'>τοίς</span> <span class='ocrx_word' id='word_1_578' title='bbox 255 4311 424 4372; x_wconf 78' lang='grc' dir='ltr'>ἄλλοις</span> <span class='ocrx_word' id='word_1_579' title='bbox 465 4312 825 4379; x_wconf 77' lang='grc' dir='ltr'>διακείμενοι,</span> <span class='ocrx_word' id='word_1_580' title='bbox 855 4314 916 4364; x_wconf 85' lang='grc' dir='ltr'>οὐ</span> <span class='ocrx_word' id='word_1_581' title='bbox 961 4312 1066 4382; x_wconf 74' lang='grc' dir='ltr'>μὴν</span> <span class='ocrx_word' id='word_1_582' title='bbox 1111 4313 1200 4363; x_wconf 67' lang='grc' dir='ltr'>τὸν</span> <span class='ocrx_word' id='word_1_583' title='bbox 1247 4311 1445 4380; x_wconf 85' lang='grc' dir='ltr'>Κύριον</span> <span class='ocrx_word' id='word_1_584' title='bbox 1491 4312 1646 4378; x_wconf 82' lang='grc' dir='ltr'>ἡμῶν</span> 
     </span>
    </p>
   </div>
   <div class='ocr_carea' id='block_1_91' title="bbox 1757 4300 3290 4382">
    <p class='ocr_par' dir='ltr' id='par_1_91' title="bbox 1757 4300 3290 4368">
     <span class='ocr_line' id='line_1_92' title="bbox 1757 4300 3290 4368; baseline -0.004 -15"><span class='ocrx_word' id='word_1_585' title='bbox 1757 4318 1851 4368; x_wconf 84' lang='lat' dir='ltr'><strong>que</strong></span> <span class='ocrx_word' id='word_1_586' title='bbox 1895 4301 2268 4354; x_wconf 81' lang='lat' dir='ltr'><strong>antecedentes</strong></span> <span class='ocrx_word' id='word_1_587' title='bbox 2303 4300 2475 4353; x_wconf 81' lang='lat' dir='ltr'><strong>all‘ecti</strong></span> <span class='ocrx_word' id='word_1_588' title='bbox 2531 4309 2685 4357; x_wconf 88' lang='lat' dir='ltr'><strong>sunt:</strong></span> <span class='ocrx_word' id='word_1_589' title='bbox 2720 4300 3068 4352; x_wconf 88' lang='lat' dir='ltr'><strong>nihilominus</strong></span> <span class='ocrx_word' id='word_1_590' title='bbox 3117 4307 3290 4349; x_wconf 88' lang='lat' dir='ltr'><strong>tamen</strong></span> 
     </span>
    </p>
   </div>
   <div class='ocr_carea' id='block_1_92' title="bbox 148 4397 1648 4470">
    <p class='ocr_par' dir='ltr' id='par_1_92' title="bbox 148 4397 1648 4470">
     <span class='ocr_line' id='line_1_93' title="bbox 148 4397 1648 4470; baseline 0.003 -20"><span class='ocrx_word' id='word_1_591' title='bbox 148 4399 315 4466; x_wconf 73' lang='grc' dir='ltr'>Ἰησοῦν</span> <span class='ocrx_word' id='word_1_592' title='bbox 355 4401 587 4470; x_wconf 81' lang='grc' dir='ltr'>Χριστὸν</span> <span class='ocrx_word' id='word_1_593' title='bbox 613 4439 629 4463; x_wconf 92' lang='grc'><strong>,</strong></span> <span class='ocrx_word' id='word_1_594' title='bbox 657 4401 788 4452; x_wconf 86' lang='grc' dir='ltr'>Θεοῦ</span> <span class='ocrx_word' id='word_1_595' title='bbox 819 4402 1006 4468; x_wconf 84' lang='grc' dir='ltr'>Λόγον,</span> <span class='ocrx_word' id='word_1_596' title='bbox 1053 4403 1469 4470; x_wconf 76' lang='grc' dir='ltr'>προϋπάρχοντα</span> <span class='ocrx_word' id='word_1_597' title='bbox 1511 4397 1648 4454; x_wconf 78' lang='grc' dir='ltr'>εἶναι</span> 
     </span>
    </p>
   </div>
   <div class='ocr_carea' id='block_1_93' title="bbox 141 4487 1648 4561">
    <p class='ocr_par' dir='ltr' id='par_1_93' title="bbox 141 4487 1648 4561">
     <span class='ocr_line' id='line_1_94' title="bbox 141 4487 1648 4561; baseline 0.003 -22"><span class='ocrx_word' id='word_1_598' title='bbox 141 4488 240 4540; x_wconf 74' lang='grc' dir='ltr'>Θιδν</span> <span class='ocrx_word' id='word_1_599' title='bbox 262 4491 350 4542; x_wconf 78' lang='grc' dir='ltr'>καὶ</span> <span class='ocrx_word' id='word_1_600' title='bbox 370 4489 506 4542; x_wconf 85' lang='grc' dir='ltr'>Θεοῦ</span> <span class='ocrx_word' id='word_1_601' title='bbox 530 4489 654 4542; x_wconf 73' lang='grc' dir='ltr'>Υἱὺν</span> <span class='ocrx_word' id='word_1_602' title='bbox 677 4487 1004 4552; x_wconf 72' lang='grc' dir='ltr'>δοξάζοντες,</span> <span class='ocrx_word' id='word_1_603' title='bbox 1035 4490 1148 4544; x_wconf 84' lang='grc' dir='ltr'>ἀλλ’</span> <span class='ocrx_word' id='word_1_604' title='bbox 1177 4491 1459 4560; x_wconf 79' lang='grc' dir='ltr'>ἄνθρωπον</span> <span class='ocrx_word' id='word_1_605' title='bbox 1484 4492 1648 4561; x_wconf 83' lang='grc' dir='ltr'>τιμῆς</span> 
     </span>
    </p>
   </div>
   <div class='ocr_carea' id='block_1_94' title="bbox 142 4580 716 4651">
    <p class='ocr_par' dir='ltr' id='par_1_94' title="bbox 142 4580 716 4651">
     <span class='ocr_line' id='line_1_95' title="bbox 142 4580 716 4651; baseline 0.009 -22"><span class='ocrx_word' id='word_1_606' title='bbox 142 4580 228 4631; x_wconf 74' lang='grc' dir='ltr'>υἱοῦ</span> <span class='ocrx_word' id='word_1_607' title='bbox 247 4581 371 4634; x_wconf 83' lang='grc' dir='ltr'>Θεοῦ</span> <span class='ocrx_word' id='word_1_608' title='bbox 398 4581 716 4651; x_wconf 74' lang='grc' dir='ltr'>ἠξιωμένον.</span> 
     </span>
    </p>
   </div>
   <div class='ocr_carea' id='block_1_95' title="bbox 192 4667 1646 4738">
    <p class='ocr_par' dir='ltr' id='par_1_95' title="bbox 192 4667 1646 4738">
     <span class='ocr_line' id='line_1_96' title="bbox 192 4667 1646 4738; baseline 0.001 -18"><span class='ocrx_word' id='word_1_609' title='bbox 192 4667 242 4729; x_wconf 77' lang='grc' dir='ltr'>ζ’.</span> <span class='ocrx_word' id='word_1_610' title='bbox 275 4671 716 4737; x_wconf 56' lang='lat' dir='ltr'><strong>Maras-optarat.</strong></span> <span class='ocrx_word' id='word_1_611' title='bbox 776 4669 1077 4736; x_wconf 72' lang='grc' dir='ltr'>Μένανδρός</span> <span class='ocrx_word' id='word_1_612' title='bbox 1125 4685 1207 4728; x_wconf 80' lang='grc' dir='ltr'><strong>τις</strong></span> <span class='ocrx_word' id='word_1_613' title='bbox 1254 4671 1360 4720; x_wconf 80' lang='grc' dir='ltr'>ἀπὸ</span> <span class='ocrx_word' id='word_1_614' title='bbox 1407 4670 1646 4738; x_wconf 82' lang='grc' dir='ltr'>Σίμωνος</span> 
     </span>
    </p>
   </div>
   <div class='ocr_carea' id='block_1_96' title="bbox 144 4759 1647 4829">
    <p class='ocr_par' dir='ltr' id='par_1_96' title="bbox 144 4759 1647 4829">
     <span class='ocr_line' id='line_1_97' title="bbox 144 4759 1647 4829; baseline 0.003 -22"><span class='ocrx_word' id='word_1_615' title='bbox 144 4760 392 4829; x_wconf 70' lang='grc' dir='ltr'>ἀποσχίσας</span> <span class='ocrx_word' id='word_1_616' title='bbox 411 4802 424 4824; x_wconf 93' lang='grc'><strong>,</strong></span> <span class='ocrx_word' id='word_1_617' title='bbox 454 4763 653 4815; x_wconf 76' lang='grc' dir='ltr'>ἄνωθεν</span> <span class='ocrx_word' id='word_1_618' title='bbox 695 4762 881 4814; x_wconf 80' lang='grc' dir='ltr'>ἑαυτὸν</span> <span class='ocrx_word' id='word_1_619' title='bbox 915 4760 1094 4826; x_wconf 75' lang='grc' dir='ltr'>ἔλεγεν</span> <span class='ocrx_word' id='word_1_620' title='bbox 1122 4759 1506 4825; x_wconf 75' lang='grc' dir='ltr'>καταπὲμφΟαι</span> <span class='ocrx_word' id='word_1_621' title='bbox 1537 4759 1647 4826; x_wconf 78' lang='grc'><strong>(75)</strong></span> 
     </span>
    </p>
   </div>
   <div class='ocr_carea' id='block_1_97' title="bbox 144 4847 1647 4918">
    <p class='ocr_par' dir='ltr' id='par_1_97' title="bbox 144 4847 1647 4918">
     <span class='ocr_line' id='line_1_98' title="bbox 144 4847 1647 4918; baseline 0.003 -25"><span class='ocrx_word' id='word_1_622' title='bbox 144 4847 199 4905; x_wconf 77' lang='grc' dir='ltr'><strong>εἰς</strong></span> <span class='ocrx_word' id='word_1_623' title='bbox 237 4847 564 4900; x_wconf 69' lang='grc' dir='ltr'>διδασκαλίαν</span> <span class='ocrx_word' id='word_1_624' title='bbox 597 4849 706 4918; x_wconf 86' lang='grc'><strong>(76)</strong></span> <span class='ocrx_word' id='word_1_625' title='bbox 760 4848 909 4901; x_wconf 78' lang='grc' dir='ltr'>τοῦδε</span> <span class='ocrx_word' id='word_1_626' title='bbox 946 4847 1038 4900; x_wconf 81' lang='grc' dir='ltr'><strong>τοῦ</strong></span> <span class='ocrx_word' id='word_1_627' title='bbox 1088 4847 1311 4914; x_wconf 78' lang='grc' dir='ltr'>κόσμου.</span> <span class='ocrx_word' id='word_1_628' title='bbox 1359 4847 1647 4913; x_wconf 77' lang='grc' dir='ltr'>Ἀγγέλους</span> 
     </span>
    </p>
   </div>
   <div class='ocr_carea' id='block_1_98' title="bbox 146 4935 1370 5006">
    <p class='ocr_par' dir='ltr' id='par_1_98' title="bbox 146 4935 1370 5006">
     <span class='ocr_line' id='line_1_99' title="bbox 146 4935 1370 5006; baseline 0.004 -22"><span class='ocrx_word' id='word_1_629' title='bbox 146 4935 374 5000; x_wconf 70' lang='grc' dir='ltr'>γεγονέναι</span> <span class='ocrx_word' id='word_1_630' title='bbox 404 4937 630 5000; x_wconf 87' lang='grc' dir='ltr'>πολλούς</span> <span class='ocrx_word' id='word_1_631' title='bbox 660 4955 810 5000; x_wconf 89' lang='grc' dir='ltr'>τινας</span> <span class='ocrx_word' id='word_1_632' title='bbox 835 4939 927 4990; x_wconf 72' lang='grc' dir='ltr'>καὶ</span> <span class='ocrx_word' id='word_1_633' title='bbox 951 4936 1370 5006; x_wconf 79' lang='grc' dir='ltr'>ἀναριθμήτους.</span> 
     </span>
    </p>
   </div>
   <div class='ocr_carea' id='block_1_99' title="bbox 195 5023 1645 5097">
    <p class='ocr_par' dir='ltr' id='par_1_99' title="bbox 195 5023 1645 5097">
     <span class='ocr_line' id='line_1_100' title="bbox 195 5023 1645 5097; baseline 0.002 -20"><span class='ocrx_word' id='word_1_634' title='bbox 195 5031 251 5092; x_wconf 80' lang='grc' dir='ltr'>η’.</span> <span class='ocrx_word' id='word_1_635' title='bbox 280 5030 753 5092; x_wconf 79' lang='grc' dir='ltr'>Σατορνηλιανοί.</span> <span class='ocrx_word' id='word_1_636' title='bbox 806 5029 861 5080; x_wconf 91' lang='grc' dir='ltr'>Ὁ</span> <span class='ocrx_word' id='word_1_637' title='bbox 894 5027 1217 5097; x_wconf 81' lang='grc' dir='ltr'>Σατορνῆλος</span> <span class='ocrx_word' id='word_1_638' title='bbox 1245 5023 1394 5089; x_wconf 78' lang='grc' dir='ltr'>οὗτος</span> <span class='ocrx_word' id='word_1_639' title='bbox 1421 5028 1526 5078; x_wconf 83' lang='grc' dir='ltr'><strong>ἀπὸ</strong></span> <span class='ocrx_word' id='word_1_640' title='bbox 1554 5027 1645 5080; x_wconf 80' lang='grc' dir='ltr'><strong>τοῦ</strong></span> 
     </span>
    </p>
   </div>
   <div class='ocr_carea' id='block_1_100' title="bbox 149 5114 1653 5187">
    <p class='ocr_par' dir='ltr' id='par_1_100' title="bbox 149 5114 1653 5187">
     <span class='ocr_line' id='line_1_101' title="bbox 149 5114 1653 5187; baseline 0.002 -22"><span class='ocrx_word' id='word_1_641' title='bbox 149 5114 406 5185; x_wconf 74' lang='grc' dir='ltr'>Μενάνδρου</span> <span class='ocrx_word' id='word_1_642' title='bbox 438 5117 642 5184; x_wconf 84' lang='grc' dir='ltr'>διέστη,</span> <span class='ocrx_word' id='word_1_643' title='bbox 668 5117 732 5168; x_wconf 83' lang='grc' dir='ltr'>δι’</span> <span class='ocrx_word' id='word_1_644' title='bbox 758 5119 895 5170; x_wconf 82' lang='grc' dir='ltr'><strong>ἑπτὰ</strong></span> <span class='ocrx_word' id='word_1_645' title='bbox 920 5120 1077 5187; x_wconf 87' lang='grc' dir='ltr'>μόνον</span> <span class='ocrx_word' id='word_1_646' title='bbox 1103 5116 1346 5183; x_wconf 78' lang='grc' dir='ltr'>ἀγγέλων</span> <span class='ocrx_word' id='word_1_647' title='bbox 1373 5119 1653 5183; x_wconf 79' lang='grc' dir='ltr'>γεγονέναι</span> 
     </span>
    </p>
   </div>
   <div class='ocr_carea' id='block_1_101' title="bbox 149 5207 1654 5275">
    <p class='ocr_par' dir='ltr' id='par_1_101' title="bbox 149 5207 1654 5275">
     <span class='ocr_line' id='line_1_102' title="bbox 149 5207 1654 5275; baseline 0.007 -23"><span class='ocrx_word' id='word_1_648' title='bbox 149 5207 422 5273; x_wconf 76' lang='grc' dir='ltr'>παραδιδοὺς</span> <span class='ocrx_word' id='word_1_649' title='bbox 469 5209 560 5258; x_wconf 79' lang='grc' dir='ltr'>τὸν</span> <span class='ocrx_word' id='word_1_650' title='bbox 602 5207 802 5275; x_wconf 84' lang='grc' dir='ltr'>κόσμον</span> <span class='ocrx_word' id='word_1_651' title='bbox 823 5251 837 5274; x_wconf 88' lang='grc'><strong>,</strong></span> <span class='ocrx_word' id='word_1_652' title='bbox 871 5210 984 5262; x_wconf 80' lang='grc' dir='ltr'>ἀλλ’</span> <span class='ocrx_word' id='word_1_653' title='bbox 1035 5209 1095 5261; x_wconf 87' lang='grc' dir='ltr'><strong>ού</strong></span> <span class='ocrx_word' id='word_1_654' title='bbox 1127 5207 1213 5260; x_wconf 70' lang='grc' dir='ltr'><strong>διὰ</strong></span> <span class='ocrx_word' id='word_1_655' title='bbox 1246 5207 1504 5260; x_wconf 85' lang='grc' dir='ltr'>πλειόνων</span> <span class='ocrx_word' id='word_1_656' title='bbox 1527 5244 1542 5270; x_wconf 86' lang='grc'><strong>,</strong></span> <span class='ocrx_word' id='word_1_657' title='bbox 1580 5209 1654 5270; x_wconf 76' lang='grc' dir='ltr'>ὡς</span> 
     </span>
    </p>
   </div>
   <div class='ocr_carea' id='block_1_102' title="bbox 151 5293 754 5367">
    <p class='ocr_par' dir='ltr' id='par_1_102' title="bbox 151 5293 754 5367">
     <span class='ocr_line' id='line_1_103' title="bbox 151 5293 754 5367; baseline 0.008 -23"><span class='ocrx_word' id='word_1_658' title='bbox 151 5293 404 5367; x_wconf 75' lang='grc' dir='ltr'>Μένανδρος</span> <span class='ocrx_word' id='word_1_659' title='bbox 425 5298 754 5351; x_wconf 84' lang='grc' dir='ltr'>ύπετόπασε.</span> 
     </span>
    </p>
   </div>
   <div class='ocr_carea' id='block_1_103' title="bbox 200 5452 817 5516">
    <p class='ocr_par' dir='ltr' id='par_1_103' title="bbox 200 5452 817 5516">
     <span class='ocr_line' id='line_1_104' title="bbox 200 5452 817 5516; baseline 0.002 -12"><span class='ocrx_word' id='word_1_660' title='bbox 200 5452 290 5516; x_wconf 66' lang='lat' dir='ltr'><strong>(7i)</strong></span> <span class='ocrx_word' id='word_1_661' title='bbox 314 5454 466 5509; x_wconf 81' lang='lat' dir='ltr'><strong>Deest</strong></span> <span class='ocrx_word' id='word_1_662' title='bbox 500 5456 607 5507; x_wconf 69' lang='grc' dir='ltr'><strong>ἀπὸ</strong></span> <span class='ocrx_word' id='word_1_663' title='bbox 631 5453 817 5505; x_wconf 80' lang='grc' dir='ltr'>Θευδᾶ.</span> 
     </span>
    </p>
   </div>
   <div class='ocr_carea' id='block_1_104' title="bbox 202 5521 1391 5593">
    <p class='ocr_par' dir='ltr' id='par_1_104' title="bbox 202 5521 1391 5593">
     <span class='ocr_line' id='line_1_105' title="bbox 202 5521 1391 5593; baseline -0.003 -16"><span class='ocrx_word' id='word_1_664' title='bbox 202 5523 287 5578; x_wconf 77' lang='lat'><strong>(75)</strong></span> <span class='ocrx_word' id='word_1_665' title='bbox 318 5523 784 5591; x_wconf 74' lang='grc' dir='ltr'>Καταπεπέμφθαι</span> <span class='ocrx_word' id='word_1_666' title='bbox 815 5521 894 5578; x_wconf 78' lang='lat' dir='ltr'><strong>vel</strong></span> <span class='ocrx_word' id='word_1_667' title='bbox 922 5523 1391 5593; x_wconf 79' lang='grc' dir='ltr'>καταπεμφθῆναι.</span> 
     </span>
    </p>
   </div>
   <div class='ocr_carea' id='block_1_105' title="bbox 1757 4390 3290 4450">
    <p class='ocr_par' dir='ltr' id='par_1_105' title="bbox 1757 4390 3290 4450">
     <span class='ocr_line' id='line_1_106' title="bbox 1757 4390 3290 4450; baseline -0.004 -5"><span class='ocrx_word' id='word_1_668' title='bbox 1757 4409 1861 4446; x_wconf 85' lang='lat' dir='ltr'><strong>non</strong></span> <span class='ocrx_word' id='word_1_669' title='bbox 1885 4394 2506 4447; x_wconf 82' lang='lat' dir='ltr'><strong>arbitranturDominum</strong></span> <span class='ocrx_word' id='word_1_670' title='bbox 2533 4401 2770 4445; x_wconf 86' lang='lat' dir='ltr'><strong>nostrum</strong></span> <span class='ocrx_word' id='word_1_671' title='bbox 2796 4391 2976 4445; x_wconf 84' lang='lat' dir='ltr'><strong>Jesum</strong></span> <span class='ocrx_word' id='word_1_672' title='bbox 3001 4390 3290 4450; x_wconf 87' lang='lat' dir='ltr'><strong>Christum,</strong></span> 
     </span>
    </p>
   </div>
   <div class='ocr_carea' id='block_1_106' title="bbox 1755 4479 3292 4552">
    <p class='ocr_par' dir='ltr' id='par_1_106' title="bbox 1755 4479 3292 4552">
     <span class='ocr_line' id='line_1_107' title="bbox 1755 4479 3292 4552; baseline -0.006 -13"><span class='ocrx_word' id='word_1_673' title='bbox 1755 4485 1845 4539; x_wconf 89' lang='lat' dir='ltr'><strong>Dei</strong></span> <span class='ocrx_word' id='word_1_674' title='bbox 1880 4483 2106 4536; x_wconf 89' lang='lat' dir='ltr'><strong>Verbum</strong></span> <span class='ocrx_word' id='word_1_675' title='bbox 2136 4522 2151 4547; x_wconf 96' lang='lat'><strong>,</strong></span> <span class='ocrx_word' id='word_1_676' title='bbox 2197 4484 2648 4552; x_wconf 75' lang='lat' dir='ltr'><strong>prmcxsistcntem</strong></span> <span class='ocrx_word' id='word_1_677' title='bbox 2701 4481 2865 4534; x_wconf 84' lang='lat' dir='ltr'><strong>fuisse</strong></span> <span class='ocrx_word' id='word_1_678' title='bbox 2906 4482 3066 4533; x_wconf 83' lang='lat' dir='ltr'><strong>Deum</strong></span> <span class='ocrx_word' id='word_1_679' title='bbox 3105 4479 3292 4546; x_wconf 85' lang='lat' dir='ltr'><strong>Deique</strong></span> 
     </span>
    </p>
   </div>
   <div class='ocr_carea' id='block_1_107' title="bbox 1755 4568 3200 4637">
    <p class='ocr_par' dir='ltr' id='par_1_107' title="bbox 1755 4568 3200 4637">
     <span class='ocr_line' id='line_1_108' title="bbox 1755 4568 3200 4637; baseline -0.005 -12"><span class='ocrx_word' id='word_1_680' title='bbox 1755 4573 1969 4633; x_wconf 87' lang='lat' dir='ltr'><strong>Filium,</strong></span> <span class='ocrx_word' id='word_1_681' title='bbox 1998 4572 2092 4624; x_wconf 90' lang='lat' dir='ltr'><strong>sed</strong></span> <span class='ocrx_word' id='word_1_682' title='bbox 2120 4572 2388 4624; x_wconf 91' lang='lat' dir='ltr'><strong>hominem</strong></span> <span class='ocrx_word' id='word_1_683' title='bbox 2423 4573 2624 4624; x_wconf 87' lang='lat' dir='ltr'><strong>honore</strong></span> <span class='ocrx_word' id='word_1_684' title='bbox 2654 4571 2927 4637; x_wconf 81' lang='lat' dir='ltr'><strong>dignatum</strong></span> <span class='ocrx_word' id='word_1_685' title='bbox 2963 4568 3054 4620; x_wconf 87' lang='lat' dir='ltr'><strong>lilii</strong></span> <span class='ocrx_word' id='word_1_686' title='bbox 3090 4568 3200 4620; x_wconf 91' lang='lat' dir='ltr'><strong>Dei.</strong></span> 
     </span>
    </p>
   </div>
   <div class='ocr_carea' id='block_1_108' title="bbox 1822 4659 3295 4726">
    <p class='ocr_par' dir='ltr' id='par_1_108' title="bbox 1822 4659 3295 4726">
     <span class='ocr_line' id='line_1_109' title="bbox 1822 4659 3295 4726; baseline -0.007 -9"><span class='ocrx_word' id='word_1_687' title='bbox 1822 4666 1870 4717; x_wconf 90' lang='lat'><strong>7.</strong></span> <span class='ocrx_word' id='word_1_688' title='bbox 1910 4662 2298 4716; x_wconf 84' lang='lat' dir='ltr'><strong>Menandriani.</strong></span> <span class='ocrx_word' id='word_1_689' title='bbox 2346 4661 2571 4726; x_wconf 86' lang='lat' dir='ltr'><strong>Quidam</strong></span> <span class='ocrx_word' id='word_1_690' title='bbox 2616 4661 2900 4712; x_wconf 84' lang='lat' dir='ltr'><strong>Menander</strong></span> <span class='ocrx_word' id='word_1_691' title='bbox 2938 4659 3222 4712; x_wconf 85' lang='lat' dir='ltr'><strong>schismate</strong></span> <span class='ocrx_word' id='word_1_692' title='bbox 3265 4670 3295 4707; x_wconf 67' lang='grc' dir='ltr'>θ</span> 
     </span>
    </p>
   </div>
   <div class='ocr_carea' id='block_1_109' title="bbox 1754 4747 3288 4822">
    <p class='ocr_par' dir='ltr' id='par_1_109' title="bbox 1754 4747 3288 4822">
     <span class='ocr_line' id='line_1_110' title="bbox 1754 4747 3288 4822; baseline -0.008 -16"><span class='ocrx_word' id='word_1_693' title='bbox 1754 4755 1972 4809; x_wconf 84' lang='lat' dir='ltr'><strong>Simone</strong></span> <span class='ocrx_word' id='word_1_694' title='bbox 2033 4753 2344 4822; x_wconf 88' lang='lat' dir='ltr'><strong>sejunctus,</strong></span> <span class='ocrx_word' id='word_1_695' title='bbox 2392 4751 2604 4805; x_wconf 76' lang='lat' dir='ltr'><strong>cmlitus</strong></span> <span class='ocrx_word' id='word_1_696' title='bbox 2666 4750 2840 4803; x_wconf 83' lang='lat' dir='ltr'><strong>aiebat</strong></span> <span class='ocrx_word' id='word_1_697' title='bbox 2892 4763 2948 4802; x_wconf 91' lang='lat' dir='ltr'><strong>se</strong></span> <span class='ocrx_word' id='word_1_698' title='bbox 3001 4747 3288 4801; x_wconf 86' lang='lat' dir='ltr'><strong>demissum</strong></span> 
     </span>
    </p>
   </div>
   <div class='ocr_carea' id='block_1_110' title="bbox 1754 4835 3287 4906">
    <p class='ocr_par' dir='ltr' id='par_1_110' title="bbox 1754 4835 3287 4906">
     <span class='ocr_line' id='line_1_111' title="bbox 1754 4835 3287 4906; baseline -0.007 -10"><span class='ocrx_word' id='word_1_699' title='bbox 1754 4846 1917 4899; x_wconf 88' lang='lat' dir='ltr'><strong>luisse</strong></span> <span class='ocrx_word' id='word_1_700' title='bbox 1939 4845 2001 4898; x_wconf 88' lang='lat' dir='ltr'><strong>ad</strong></span> <span class='ocrx_word' id='word_1_701' title='bbox 2022 4845 2370 4898; x_wconf 84' lang='lat' dir='ltr'><strong>erudiendum</strong></span> <span class='ocrx_word' id='word_1_702' title='bbox 2396 4844 2539 4898; x_wconf 91' lang='lat' dir='ltr'><strong>hunc</strong></span> <span class='ocrx_word' id='word_1_703' title='bbox 2567 4841 2822 4896; x_wconf 85' lang='lat' dir='ltr'><strong>mundum</strong></span> <span class='ocrx_word' id='word_1_704' title='bbox 2851 4858 2864 4892; x_wconf 92' lang='lat'><strong>:</strong></span> <span class='ocrx_word' id='word_1_705' title='bbox 2893 4838 3105 4906; x_wconf 83' lang='lat' dir='ltr'><strong>angelos</strong></span> <span class='ocrx_word' id='word_1_706' title='bbox 3132 4835 3287 4888; x_wconf 77' lang='lat' dir='ltr'><strong>exsti-</strong></span> 
     </span>
    </p>
   </div>
   <div class='ocr_carea' id='block_1_111' title="bbox 1752 4931 2883 5004">
    <p class='ocr_par' dir='ltr' id='par_1_111' title="bbox 1752 4931 2883 5004">
     <span class='ocr_line' id='line_1_112' title="bbox 1752 4931 2883 5004; baseline -0.005 -17"><span class='ocrx_word' id='word_1_707' title='bbox 1752 4935 1882 4987; x_wconf 86' lang='lat' dir='ltr'><strong>tisse</strong></span> <span class='ocrx_word' id='word_1_708' title='bbox 1919 4936 2344 5004; x_wconf 90' lang='lat' dir='ltr'><strong>quamplurimos</strong></span> <span class='ocrx_word' id='word_1_709' title='bbox 2369 4945 2419 4986; x_wconf 87' lang='lat' dir='ltr'><strong>et</strong></span> <span class='ocrx_word' id='word_1_710' title='bbox 2448 4931 2883 4986; x_wconf 62' lang='lat' dir='ltr'><strong>innumerabiles.</strong></span> 
     </span>
    </p>
   </div>
   <div class='ocr_carea' id='block_1_112' title="bbox 1821 5017 3286 5078">
    <p class='ocr_par' dir='ltr' id='par_1_112' title="bbox 1821 5017 3286 5078">
     <span class='ocr_line' id='line_1_113' title="bbox 1821 5017 3286 5078; baseline -0.008 0"><span class='ocrx_word' id='word_1_711' title='bbox 1821 5025 1870 5078; x_wconf 89' lang='lat'><strong>8.</strong></span> <span class='ocrx_word' id='word_1_712' title='bbox 1904 5023 2284 5077; x_wconf 80' lang='lat' dir='ltr'><strong>Salurneliani.</strong></span> <span class='ocrx_word' id='word_1_713' title='bbox 2323 5023 2640 5076; x_wconf 89' lang='lat' dir='ltr'><strong>Saturnelus</strong></span> <span class='ocrx_word' id='word_1_714' title='bbox 2671 5036 2701 5073; x_wconf 90' lang='lat' dir='ltr'><strong>a</strong></span> <span class='ocrx_word' id='word_1_715' title='bbox 2729 5019 3018 5072; x_wconf 88' lang='lat' dir='ltr'><strong>Menandro</strong></span> <span class='ocrx_word' id='word_1_716' title='bbox 3051 5017 3286 5077; x_wconf 85' lang='lat' dir='ltr'><strong>dissidet,</strong></span> 
     </span>
    </p>
   </div>
   <div class='ocr_carea' id='block_1_113' title="bbox 1757 5109 3287 5182">
    <p class='ocr_par' dir='ltr' id='par_1_113' title="bbox 1757 5109 3287 5182">
     <span class='ocr_line' id='line_1_114' title="bbox 1757 5109 3287 5182; baseline -0.006 -16"><span class='ocrx_word' id='word_1_717' title='bbox 1757 5115 1958 5168; x_wconf 81' lang='lat' dir='ltr'><strong>docens</strong></span> <span class='ocrx_word' id='word_1_718' title='bbox 1979 5130 2071 5182; x_wconf 84' lang='lat' dir='ltr'><strong>per</strong></span> <span class='ocrx_word' id='word_1_719' title='bbox 2090 5125 2287 5182; x_wconf 87' lang='lat' dir='ltr'><strong>septem</strong></span> <span class='ocrx_word' id='word_1_720' title='bbox 2319 5113 2476 5166; x_wconf 88' lang='lat' dir='ltr'><strong>modo</strong></span> <span class='ocrx_word' id='word_1_721' title='bbox 2496 5111 2711 5180; x_wconf 79' lang='lat' dir='ltr'><strong>angelos</strong></span> <span class='ocrx_word' id='word_1_722' title='bbox 2735 5109 2932 5164; x_wconf 81' lang='lat' dir='ltr'><strong>factum</strong></span> <span class='ocrx_word' id='word_1_723' title='bbox 2964 5109 3287 5164; x_wconf 80' lang='lat' dir='ltr'><strong>fuissemun-</strong></span> 
     </span>
    </p>
   </div>
   <div class='ocr_carea' id='block_1_114' title="bbox 1758 5196 3290 5270">
    <p class='ocr_par' dir='ltr' id='par_1_114' title="bbox 1758 5196 3290 5270">
     <span class='ocr_line' id='line_1_115' title="bbox 1758 5196 3290 5270; baseline -0.009 -10"><span class='ocrx_word' id='word_1_724' title='bbox 1758 5207 1913 5270; x_wconf 87' lang='lat' dir='ltr'><strong>dum,</strong></span> <span class='ocrx_word' id='word_1_725' title='bbox 1969 5206 2058 5258; x_wconf 88' lang='lat' dir='ltr'><strong>sed</strong></span> <span class='ocrx_word' id='word_1_726' title='bbox 2104 5219 2207 5256; x_wconf 91' lang='lat' dir='ltr'><strong>non</strong></span> <span class='ocrx_word' id='word_1_727' title='bbox 2244 5219 2334 5270; x_wconf 84' lang='lat' dir='ltr'><strong>per</strong></span> <span class='ocrx_word' id='word_1_728' title='bbox 2367 5203 2543 5270; x_wconf 88' lang='lat' dir='ltr'><strong>plures</strong></span> <span class='ocrx_word' id='word_1_729' title='bbox 2570 5240 2585 5264; x_wconf 90' lang='lat'><strong>,</strong></span> <span class='ocrx_word' id='word_1_730' title='bbox 2634 5211 2689 5256; x_wconf 90' lang='lat' dir='ltr'><strong>ut</strong></span> <span class='ocrx_word' id='word_1_731' title='bbox 2744 5201 3022 5254; x_wconf 85' lang='lat' dir='ltr'><strong>Menander</strong></span> <span class='ocrx_word' id='word_1_732' title='bbox 3066 5196 3290 5250; x_wconf 86' lang='lat' dir='ltr'><strong>absurde</strong></span> 
     </span>
    </p>
   </div>
   <div class='ocr_carea' id='block_1_115' title="bbox 1759 5304 2220 5351">
    <p class='ocr_par' dir='ltr' id='par_1_115' title="bbox 1759 5304 2220 5351">
     <span class='ocr_line' id='line_1_116' title="bbox 1759 5304 2220 5351; baseline -0.011 0"><span class='ocrx_word' id='word_1_733' title='bbox 1759 5307 2094 5351; x_wconf 84' lang='lat' dir='ltr'><strong>commentus</strong></span> <span class='ocrx_word' id='word_1_734' title='bbox 2119 5304 2220 5348; x_wconf 72' lang='grc' dir='ltr'>υςι.</span> 
     </span>
    </p>
   </div>
   <div class='ocr_carea' id='block_1_116' title="bbox 1825 5437 3286 5516">
    <p class='ocr_par' dir='ltr' id='par_1_116' title="bbox 1825 5437 3286 5516">
     <span class='ocr_line' id='line_1_117' title="bbox 1825 5437 3286 5516; baseline -0.008 -16"><span class='ocrx_word' id='word_1_735' title='bbox 1825 5451 1932 5516; x_wconf 79' lang='lat'><strong>(76)</strong></span> <span class='ocrx_word' id='word_1_736' title='bbox 1993 5448 2202 5501; x_wconf 76' lang='lat' dir='ltr'><strong>Fabric.</strong></span> <span class='ocrx_word' id='word_1_737' title='bbox 2267 5455 2415 5516; x_wconf 80' lang='lat' dir='ltr'><strong>putat</strong></span> <span class='ocrx_word' id='word_1_738' title='bbox 2466 5443 2744 5516; x_wconf 67' lang='lat' dir='ltr'><strong>legendum</strong></span> <span class='ocrx_word' id='word_1_739' title='bbox 2786 5440 2862 5497; x_wconf 85' lang='grc' dir='ltr'>εἰς</span> <span class='ocrx_word' id='word_1_740' title='bbox 2915 5437 3286 5490; x_wconf 75' lang='grc' dir='ltr'>διδασκαλίαν·</span> 
     </span>
    </p>
   </div>
   <div class='ocr_carea' id='block_1_117' title="bbox 1754 5509 2950 5582">
    <p class='ocr_par' dir='ltr' id='par_1_117' title="bbox 1754 5509 2950 5582">
     <span class='ocr_line' id='line_1_118' title="bbox 1754 5509 2950 5582; baseline -0.008 -12"><span class='ocrx_word' id='word_1_741' title='bbox 1754 5509 1968 5578; x_wconf 65' lang='grc' dir='ltr'>κτίστας</span> <span class='ocrx_word' id='word_1_742' title='bbox 1999 5518 2145 5569; x_wconf 77' lang='grc' dir='ltr'>τοῦδε</span> <span class='ocrx_word' id='word_1_743' title='bbox 2178 5509 2279 5567; x_wconf 57' lang='grc' dir='ltr'><strong>τοῦ</strong></span> <span class='ocrx_word' id='word_1_744' title='bbox 2303 5515 2500 5582; x_wconf 79' lang='grc' dir='ltr'>κόσμου</span> <span class='ocrx_word' id='word_1_745' title='bbox 2527 5509 2808 5577; x_wconf 57' lang='grc' dir='ltr'>ἀγγέλους</span> <span class='ocrx_word' id='word_1_746' title='bbox 2846 5517 2950 5560; x_wconf 82' lang='lat' dir='ltr'><strong>etc.</strong></span> 
     </span>
    </p>
   </div>
  </div>
