4088 6332
717 338 808 399 151

2199 340 2228 396 J
2237 340 2492 399 OSEPPl

3783 336 3884 400 152

772 455 822 500 ‘J.
864 447 1184 503 Basilidimti.
1218 447 1476 501 Basilides
1508 446 1560 499 in
1593 447 1821 515 Aﬂgypto
1851 445 2038 506 fuerat.
2069 445 2243 513 lnquit

2411 449 2473 501 θ’.
2501 448 2949 501 Βασιλειδιανοί.
2984 447 3040 500 '0
3066 447 3372 513 Βασιλείδης
3399 445 3455 497 ἐν
3479 444 3733 514 Αἰγύπτῳ
3761 446 3887 512 ἐγε-

705 554 822 591 esse
989 540 1179 602 cmlos,
1217 552 1443 605 quorum
1484 537 1642 589 etiam
1679 536 1894 589 nomina
1933 536 2137 587 recitat.
2179 535 2234 588 lu

2375 538 2499 590 όνει.
2535 539 2632 600 τξε¹
2658 535 2794 590 εἷναι
2821 538 2963 604 λέγει
3009 538 3280 604 οὐρανοὺς,
3305 537 3396 588 καὶ
3419 535 3653 603 ὀνόματα
3674 534 3885 596 τούτοις

707 626 872 694 pretio
904 625 1059 678 habet
1098 625 1412 679 vocabulum
1447 614 1712 685 Abt-axes,
1749 624 1941 690 quippe
1965 622 2104 689 quod
2136 636 2237 674 nu-

2339 628 2676 695 ὲπιφημίζει,
2711 629 2800 679 καὶ
2827 627 2886 677 τὸ
2917 625 3175 690 ἀσραξᾶς
3213 626 3382 693 ὅνομα
3412 628 3565 694 τιμᾷ,
3600 627 3885 694 ἰσάριθμον

707 733 908 771 merum
953 717 1213 769 caelorum
1249 716 1516 769 contineat
1556 725 1607 766 et
1639 714 1844 767 dierum
1878 714 2001 766 anni
2039 731 2051 765 :
2103 710 2241 764 valet

2375 733 2396 766 ν
2427 717 2530 767 τῶν
2560 717 2798 784 οὐρανῶν
2836 717 2927 768 καὶ
2969 715 3184 784 ἡμερῶν
3215 715 3306 766 τοῦ
3343 715 3605 768 ἐνιαυτοῦ.
3648 714 3884 781 Τριακο-

706 810 844 883 enim
881 815 1144 858 trecentos
1189 814 1239 856 et
1272 804 1548 872 sexaginta
1593 804 1863 869 quinque,
1896 803 1940 854 si
1975 801 2238 854 calculum

2380 806 2487 866 ίους
2517 805 2622 873 γὰρ
2652 805 2743 856 καὶ
2773 805 3027 874 ἐξήκοντα
3059 807 3216 858 πέντε
3255 804 3460 873 ψήφους
3500 804 3670 871 φέρει.

705 897 1003 950 litterarum
1041 896 1211 948 ineas.

777 985 862 1037 10.
896 983 1192 1037 Νἱεοιαξιίιι.
1223 982 1472 1038 Μοοὶειυε
1501 985 1564 1034 de
1591 991 1791 1048 septem
1809 977 2052 1031 diaconis
2083 991 2243 1038 unus,

2415 977 2465 1029 ι’.
2494 979 2848 1032 Νικολαΐται.
2879 979 3136 1041 Νικόλαος
3167 979 3272 1032 ἀπὸ
3295 980 3400 1031 τῶν
3424 977 3561 1030 ἐπτά
3587 977 3881 1040 διακόνων,

708 1079 799 1142 qui
840 1090 958 1128 cum
994 1073 1253 1147 apostolis
1283 1072 1518 1125 fuerunt.
1559 1070 1692 1124 Cum
1733 1066 2035 1122 communia
2068 1074 2248 1118 essent

2377 1067 2450 1118 ῶν
2487 1069 2544 1119 ὲν
2583 1071 2693 1130 τοῖς
2737 1071 3045 1131 ἀποστόλοις
3068 1111 3083 1135 ,
3113 1066 3191 1132 εἷς
3222 1071 3454 1136 ἐγένετο,
3500 1067 3587 1120 Ἐν
3613 1068 3691 1135 τῷ
3728 1068 3888 1120 κοινὰ

710 1165 955 1219 omnibus
981 1163 1192 1226 omnia,
1224 1164 1383 1218 etiam
1415 1176 1644 1215 uxorum
1683 1156 2114 1211 communionem
2161 1154 2248 1206 in-

2375 1155 2481 1210 ἵναι
2510 1159 2579 1212 τὰ
2608 1161 2779 1212 πάντα
2811 1163 2917 1222 τοῖς
2946 1164 3096 1223 πᾶσι,
3123 1163 3215 1213 καὶ
3239 1161 3335 1222 τὰς
3364 1163 3623 1227 γυναῖκας
3657 1161 3889 1225 εἰσηγησ

709 1255 881 1318 dutit,
914 1263 966 1307 et
997 1251 1248 1307 inusitata
1275 1251 1518 1320 quaedam
1552 1249 1767 1302 nomina
1797 1242 2110 1298 honoranda
2138 1249 2250 1294 tra-

712 1346 866 1396 .iidit.

782 1433 869 1486 11.
890 1432 1122 1486 Gnostici
1146 1433 1197 1485 in
1223 1430 1450 1499 Egypto
1473 1435 1750 1494 coeperunt
1773 1423 2050 1477 haereticos
2071 1434 2248 1488 agere.

711 1521 916 1574 Alicubi
937 1521 1096 1574 etiam
1123 1517 1449 1578 Borboriani,
1478 1518 1530 1568 h.
1560 1530 1608 1567 e.
1640 1511 1902 1576 lutulenti,
1933 1510 2249 1563 vocitantur.

2349 1251 2596 1318 σάμενος,
2628 1253 2719 1304 καὶ
2749 1251 2871 1316 ξένα
2895 1252 3011 1304 τινὰ
3042 1252 3276 1320 ὀνόματα
3305 1250 3560 1319 τιμᾶσθαι
3594 1248 3887 1318 παραδούς.

2421 1424 2506 1478 ια’.
2543 1426 2864 1478 Γνωστικοί
2901 1425 2957 1476 ὲν
2987 1424 3241 1493 Αἰγύπτῳ
3271 1422 3500 1494 ἤρξαντο
3541 1420 3892 1490 αἰρεσιάζειν,

2349 1515 2575 1583 ἀλλαχοῦ
2605 1515 2660 1567 δὲ
2689 1515 3054 1580 Βορϐοριανοὶ
3093 1514 3490 1581 κικλήσκονται.
3538 1509 3888 1578 Αἰσχροποιοὶ

711 1611 1030 1677 'l‘urpissimi
1065 1610 1150 1662 isti
1185 1607 1430 1661 homines
1461 1603 1758 1656 Barbiloten
1787 1610 1840 1654 et
1871 1600 2096 1652 Barbara
2127 1613 2252 1667 pro-

2375 1602 2491 1658 »ῦτοι
2520 1605 2617 1674 τὴν
2646 1603 3018 1671 Βαρϐιλώτην
3046 1603 3138 1654 καὶ
3159 1603 3425 1670 Βαρσερὼ
3448 1600 3557 1673 (77)
3587 1598 3896 1671 προφέρου-

713 1699 965 1752 muniant
996 1699 1048 1752 iu
1085 1698 1199 1751 suis
1233 1696 1500 1765 precibus.

786 1790 870 1842 12.
910 1787 1116 1856 ΟρΙιῐιω
1149 1755 1259 1839 sive
1302 1781 1645 1852 Serpentarii.
1681 1780 1772 1832 Isti
1826 1786 2122 1845 serpentem
2162 1789 2252 1829 co-
2286 1755 2327 1814 Β

713 1890 832 1934 .unt
857 1889 908 1930 ct
959 1878 1169 1946 plurimi
1212 1875 1447 1929 omnium
1481 1871 1713 1931 fat-inut;
1749 1869 1943 1936 quippe
1977 1864 2067 1934 qui
2099 1862 2258 1916 fuerit

715 1984 874 2023 causa
899 1966 1220 2035 cognitionis
1252 1961 1579 2016 hominibus.

793 2056 876 2108 15.
907 2053 1093 2106 (ἔαξαηὶ
1121 2051 1345 2106 Caiuum
1380 2057 1627 2117 repulant
1657 2044 2078 2114 gloriﬁcandum,
2105 2044 2258 2112 quasi

717 2147 807 2215 qui
840 2160 1026 2211 magna
1058 2141 1300 2211 quaedam
1331 2142 1498 2192 virtus
1524 2137 1700 2190 fuerit.

795 2236 877 2288 14.
914 2222 1127 2286 Set/zin
1169 2231 1384 2282 Sethum
1410 2265 1424 2288 ,
1459 2236 1708 2294 tanquam
1764 2241 1792 2277 a
1835 2239 2062 2292 superna
2096 2230 2264 2275 matre

719 2327 1015 2380 venientem
1066 2323 1132 2374 ad
1185 2321 1460 2373 conditum
1522 2318 1643 2370 novi
1697 2316 1920 2374 mundi.
1978 2315 2258 2366 honorant.

721 2415 1058 2481 Principatus
1092 2426 1152 2464 ac
1181 2419 1465 2478 potestates
1508 2422 1602 2474 pro
1638 2406 1947 2458 numinibus
1974 2403 2190 2455 habent.

795 2507 878 2558 15.
919 2501 1312 2568 Carpocratiaui
1344 2501 1394 2550 in
1432 2498 1554 2550 Asia
1600 2495 1834 2549 fuerunt.
1872 2494 2132 2560 Imagines
2163 2493 2254 2541 ho-

725 2597 928 2649 minmn
951 2633 965 2657 ,
1001 2593 1090 2661 qui
1122 2592 1202 2642 vel
1233 2589 1367 2656 apud
1398 2587 1621 2655 gentiles
1648 2584 1986 2638 admirationi
2046 2581 2260 2645 fuerint,

726 2688 999 2753 pingentes
1027 2685 1310 2735 honorant.
1336 2677 1460 2732 Jesu
1492 2675 1706 2745 Quoque
1729 2676 1961 2728 animam
1991 2674 2042 2725 in
2068 2672 2261 2726 ctelum

730 2791 993 2830 reversam
1025 2773 1197 2834 aiunt,
1232 2780 1289 2824 ut
1322 2784 1440 2837 qua
1467 2766 1573 2819 Deo
1605 2767 1853 2835 placeret.

799 2949 884 3002 16.
917 2945 1258 3001 Cerinthiani.
1282 2941 1566 2995 Cerinlhus
1595 2938 1660 2990 ab
1691 2938 1875 3006 angelo
1901 2936 2066 3004 legem
2088 2934 2263 2986 datam
2290 3006 2314 3011 η

2295 3070 2338 3126 C

730 3040 899 3095 fuisse
923 3036 1142 3096 Judzcis,
1177 3049 1283 3086 non
1312 3032 1363 3085 in
1398 3031 1596 3084 bonum
1622 3027 1726 3080 illis
1767 3039 2036 3078 cessuram
2071 3022 2262 3074 aiebat.

806 3211 890 3264 17.
918 3208 1208 3262 ναιεηιίαηὶ
1238 3204 1683 3259 resurrectionem
1707 3216 1824 3254 esse
1848 3207 2041 3269 negant
2068 3217 2080 3252 :
2115 3197 2274 3252 Vetus

737 3301 1017 3370 rcpudiant
1039 3297 1438 3350 Testamentum
1486 3309 1498 3345 :
1532 3293 1798 3346 Christum
1828 3291 1891 3343 de
1919 3289 2052 3342 caelo
2081 3303 2274 3355 corpus

736 3391 980 3446 attulisse
1004 3387 1207 3441 volunt.

813 3479 895 3532 18.
937 3475 1223 3528 Ριοιεηιιεὶ.
1272 3474 1312 3524 Α
1361 3471 1642 3524 Valentino
1692 3469 2007 3521 Ptolemaeus
2061 3468 2274 3536 quidam

740 3567 1026 3625 dissidens.
1072 3563 1315 3633 coniugia
1344 3577 1548 3615 arcuum
1581 3559 1646 3612 50
1683 3559 1866 3610 lizeresi
1899 3556 2278 3610 Valentinianus:

741 3655 1121 3728 superaddidit.

815 3748 900 3802 19.
930 3743 1263 3800 Secundiani.
1292 3739 1518 3806 Quidam
1562 3736 1843 3792 Secundus
1871 3735 1968 3788 fuit
1997 3748 2118 3788 cum
2143 3748 2279 3800 quo-

745 3840 864 3893 dam
893 3835 1096 3889 Isidoro
1120 3843 1171 3886 et
1195 3833 1483 3900 Epiphane.
1515 3829 1578 3882 Hi
1599 3843 1750 3881 (ιιι-εει»
1779 3823 2127 3878 Valentiniani
2157 3838 2278 3876 seu-

745 3929 923 3989 trntian
950 3927 1108 3979 etiam
1136 3933 1315 3991 turpes
1343 3919 1581 3973 actiones
1615 3917 1949 3970 addiderunt.

814 4016 904 4077 20.
936 4011 1309 4066 Ileracleom'taz
1343 4010 1410 4061 ab
1442 4007 1659 4060 Heracla
1693 4005 1948 4074 quodam,
1973 4006 2282 4061 octonarios

748 4105 1006 4172 quosdam
1043 4098 1380 4153 honorandos
1416 4096 1847 4159 introduxerunt,
1876 4110 2107 4162 suosque
2136 4109 2278 4149 mor-

749 4205 868 4249 tuos
917 4189 1190 4242 Hebraicis
1235 4185 1688 4256 invocationibus,
1737 4193 1894 4250 atque
1921 4184 2142 4236 balsami
2178 4199 2279 4237 un-

750 4284 908 4353 guine
940 4279 1124 4334 redimi
1160 4283 1498 4347 putaverunt.
2117 4273 2119 4275 ’

2355 1712 2436 1747 σιν
2466 1697 2521 1746 ὲν
2552 1696 2668 1755 ταῖς
2698 1695 2873 1746 αὐτῶν
2901 1696 3100 1760 εὐχαῖς.
3206 1754 3211 1757 _

2436 1779 2516 1850 ιβ’.
2556 1781 2793 1848 Ὀφῖταα
2827 1776 2984 1834 Οὗτοι
3029 1783 3118 1834 τὸν
3141 1782 3260 1848 ὅφιν
3283 1782 3482 1850 τιμῶσι
3506 1778 3601 1832 καὶ
3620 1776 3902 1846 προτίθεν-

2362 1888 2470 1934 ται,
2496 1871 2569 1934 ὼς
2597 1873 2688 1923 καὶ
2715 1872 2882 1923 αἴτιον
2910 1871 3158 1938 γνώσεως
3189 1869 3488 1941 ἀνθρώποις
3521 1869 3826 1936 γενόμενον.

2436 2050 2524 2111 ιγ’.
2556 2043 2792 2096 Κατανοί
2835 2042 2923 2093 τὸν
2957 2040 3091 2094 Καῖν
3118 2041 3191 2102 ὡς
3225 2039 3464 2109 μεγάλην
3508 2036 3627 2089 τινά
3670 2035 3904 2104 δύναμιν

2365 2134 2620 2200 γεγονότα
2648 2132 2942 2195 δοξάζουσι.

2437 2221 2514 2273 ιδ’.
2543 2220 2780 2286 Σηθῖται
2805 2219 2894 2272 τὸν
2931 2218 3058 2286 Σὴθ,
3084 2218 3158 2281 ὡς
3185 2217 3290 2270 άπὸ
3315 2217 3412 2285 τῆς
3441 2216 3551 2267 ἀνω
3589 2211 3786 2283 μητρὸς
3818 2210 3911 2261 ἐλ-

2367 2311 2523 2363 θόντα
2548 2310 2626 2370 εἰς
2648 2309 2763 2360 νέου
2794 2308 2994 2377 κόσμου
3046 2305 3422 2378 δημιουργίαν,
3448 2302 3702 2372 τιμῶσιν,
3732 2302 3913 2367 ἀρχάς

2367 2401 2457 2452 καὶ
2485 2398 2725 2462 ἐξουσίας
2757 2396 3139 2458 θεοποιοῦντες.

2439 2496 2516 2542 ιε’.
2555 2486 3072 2556 Καρποκρατιανοί,
3102 2488 3158 2537 ὲν
3188 2488 3253 2553 τῇ
3296 2485 3458 2552 Ἀσίᾳ,
3475 2483 3756 2550 γεγόνασιν
3781 2520 3794 2541 ,
3826 2480 3911 2529 εἰ-

2369 2581 2526 2642 κόνας
2551 2579 2656 2632 τῶν
2700 2578 3110 2645 θαυμασθέντων
3143 2575 3440 2643 ἀνθρώπων
3481 2572 3574 2624 καὶ
3616 2569 3766 2638 παρά
3795 2570 3916 2628 τοῖς

2370 2668 2621 2735 Ἕλλησι,
2652 2666 2954 2735 γράψαντες
2979 2664 3195 2732 τιμῶσι.
3226 2663 3333 2715 Καὶ
3372 2662 3468 2732 τὴν
3509 2659 3678 2728 Ἰησοῦ
3727 2656 3918 2725 ψυχὴν

2369 2762 2448 2821 εἰς
2472 2759 2691 2825 οὐρανὸν
2715 2755 3111 2824 ἀνεληλυθέναι,
3145 2754 3218 2814 ὼς
3255 2753 3540 2821 εὐάρεστον
3573 2745 3650 2816 τῷ
3674 2746 3789 2813 Θεῷ
3815 2760 3919 2811 γε-

2369 2855 2602 2919 γονυῖαν,
2635 2848 2820 2917 φασίν.

2444 2939 2538 3004 ις’.
2574 2936 2964 3003 Κηρινθιανοί.
3003 2932 3269 3004 Κήρινθος
3301 2930 3402 2983 ὑπὸ
3437 2927 3663 2996 ἀγγέλου
3700 2925 3789 2977 τὸν
3821 2922 3921 2974 νό-

2376 3045 2470 3098 μον
2494 3025 2732 3080 δεδόσθαι
2775 3021 3067 3084 Ἰουδαίοις,
3101 3021 3197 3072 οὐκ
3227 3022 3304 3081 εἰς
3334 3017 3532 3085 ἀγαθὸν
3567 3015 3746 3076 αὐτοῖς
3772 3027 3922 3081 προ-

2373 3118 2670 3188 6ησὸμενον
2700 3114 2821 3182 ἔφη.

2445 3206 2528 3270 ιζ’.
2564 3203 2977 3263 Οὐαλεντιανοι
3001 3199 3112 3271 (78)
3142 3199 3431 3253 ἀνάστασιν
3460 3194 3520 3247 οὐ
3547 3209 3707 3263 φασιν
3736 3187 3876 3244 εἶναι
3903 3229 3920 3252 ,

2375 3297 2613 3352 Παλαιὰν
2640 3293 2887 3348 ἀθετοῦσι
2910 3289 3299 3359 Διαθήκην,τὸν
3321 3285 3551 3355 Χριστὸν
3575 3283 3666 3336 ἀπ’
3685 3280 3926 3350 οὐρανοῦ

2376 3390 2530 3457 σῶμα
2562 3385 2873 3457 ἐνηνοχέναι
2908 3383 3201 3454 βούλονται.

2447 3479 2533 3546 ιη’.
2559 3475 2923 3542 Πτολεμαῖοι.
2964 3469 3094 3525 Ἀπὸ
3114 3465 3457 3521 Οὐαλεντίνου
3480 3458 3812 3528 Πτολεμαῖός
3835 3473 3930 3515 τις

2375 3568 2622 3630 διαστὰς,
2655 3564 2909 3630 συζυγίας
2938 3561 3142 3612 αἰώνων
3172 3557 3329 3609 τινῶν
3364 3551 3434 3618 λ’,
3470 3555 3535 3621 τῇ
3568 3549 3930 3602 Οὐαλεντίνου

2377 3655 2583 3724 αἰρέσει
2615 3654 2948 3721 προσήγαγε.

2449 3739 2532 3793 ιθ’.
2581 3736 3017 3792 Σεκουνδιανοί.
3060 3732 3344 3794 Σεκοῦνδός
3388 3747 3470 3792 τις
3517 3727 3730 3796 ἐγένετο
3781 3722 3934 3793 μετὰ

2391 3827 2654 3896 Ἰσιδὼρου
2683 3824 2824 3894 τινὸς
2867 3824 2960 3877 καὶ
2998 3819 3341 3889 Ἐπιφανοῦς.
3383 3815 3540 3871 Οὗτοι
3579 3819 3643 3883 τῇ
3685 3813 3936 3866 οὐαλεν-

2379 3918 2520 3971 τίνου
2546 3917 2717 3983 τυφλῇ
2745 3913 2934 3982 γνώμῃ
2974 3913 3065 3964 καὶ
3092 3907 3473 3978 αἰσχρουργίας
3502 3901 3933 3972 προστέθεικαν.

2447 4005 2517 4059 κ’.
2559 4000 2936 4070 Ἠρακλέονες
2969 4000 3072 4051 ἀπὸ
3109 3996 3350 4065 Ἡρακλᾶ
3373 4008 3533 4054 τινος,
3561 3988 3814 4057 όγδοάδας
3840 4003 3940 4038 τι-

2379 4097 2473 4157 νας
2507 4095 2667 4164 τιμᾷν
2694 4089 3038 4167 εἰσήχθησαν,
3079 4090 3169 4140 καὶ
3201 4086 3323 4146 τοὺς
3357 4079 3717 4139 ἀποθανόντας
3742 4075 3937 4128 αὐτῶν

2380 4188 2434 4236 ὲν
2472 4165 2772 4252 Ἐὀραῖκαῖς
2795 4180 3128 4247 ἐπικλήσεσι,
3161 4176 3253 4230 καὶ
3280 4173 3356 4243 τῷ
3383 4171 3474 4224 τοῦ
3514 4169 3620 4223 άπὸ
3650 4165 3938 4237 βαλσάμου

2385 4272 2538 4341 μύρῳ
2560 4269 2878 4338 λυτροῦσθαι
2904 4267 3200 4335 νομίζουσι.

821 4376 907 4428 21.
937 4345 1200 4425 Marcosii.
1230 4367 1455 4432 Quidam
1499 4365 1702 4418 Marcus
1732 4363 1829 4417 fuit
1855 4363 2127 4416 Colobarsi
2153 4379 2271 4416 cnn-

2455 4367 2557 4414 κα¹.
2589 4359 2928 4427 Μαρκόσιοι.
2968 4356 3186 4422 Μάρκος
3213 4369 3291 4411 τις
3326 4348 3607 4416 γεγένηται
3633 4345 3943 4410 Κολωϐαρ-

751 4465 1074 4533 discipulus,
1107 4463 1195 4529 qui
1238 4462 1342 4511 duo
1393 4455 1649 4524 principia
1682 4455 1912 4514 invexit,
1951 4461 2280 4506 mortuorum

754 4569 952 4623 negans
987 4549 1455 4605 resurrectionem.

824 4643 912 4695 2‘2.
956 4640 1262 4696 Calabarsii.
1310 4636 1630 4690 Coiubarsus
1678 4635 1860 4688 eadem
1912 4634 2172 4686 sentiebat
2201 4643 2283 4685 at»

758 4748 858 4798 que
878 4731 1106 4793 Marcus,
1139 4739 1192 4781 at
1215 4729 1429 4794 insuper
1463 4721 1721 4790 quosdam
1747 4721 2048 4774 octonarios
2075 4722 2286 4787 adjecit.

827 4819 916 4869 2'5.
948 4815 1277 4868 (.‘erdouiani.
1313 4813 1532 4878 Quidam
1567 4811 1739 4863 Cerdo
1780 4807 2014 4861 Heraclea
2052 4821 2286 4859 errorem

760 4905 1048 4974 adeptavit,
1101 4912 1152 4956 ct
1197 4905 1300 4954 duo
1359 4901 1622 4954 contraria
1675 4897 1930 4966 principia
1982 4895 2288 4958 constituit,

760 4997 1135 5063 Christumque
1169 5007 1265 5046 nec
1304 5007 1364 5046 ex
1413 4990 1516 5042 Deo
1564 4998 1765 5056 natum;
1785 4990 1977 5049 aiebat,
2016 5003 2184 5055 neque
2226 5001 2289 5038 ex

700 5138 706 5143 _
766 5082 924 5134 Maria
966 5098 1099 5135 esse.
1142 5080 1602 5134 Resui'rectionem
1638 5088 1810 5146 negat,
1833 5086 1884 5129 et
1914 5075 2076 5128 Vetus
2101 5075 2290 5128 Testa-

766 5181 1000 5224 mentum
1036 5187 1138 5224 non
1166 5171 1415 5224 admittit.

833 5262 921 5314 Ἡ.
955 5261 1322 5314 Mardonium.
1354 5261 1549 5316 Marcio
1574 5262 1825 5317 Ponticus
1857 5262 1972 5315 fuit.
1999 5259 2120 5312 Tria
2145 5259 2292 5327 prin—

769 5353 903 5421 cipia
933 5367 1049 5406 esse
1083 5351 1400 5415 somniabat,
1431 5352 1887 5419 bonunLjustum,
1917 5351 2133 5401 malum.
2159 5350 2288 5401 Eum

839 5545 949 5609 (77)
980 5544 1142 5608 Quam
1171 5546 1314 5600 dicas
1335 5546 1616 5612 barbeltlio,
1647 5547 1805 5600 lilium
1836 5547 2077 5610 dominii,
2106 5554 2157 5599 et
2180 5544 2296 5595 bar-

774 5616 906 5667 hero.
938 5615 1104 5667 ﬁlium
1134 5616 1405 5669 creatoris.

2390 4451 2482 4503 σοῦ
2511 4447 2891 4518 συμφοιτητὴς,
2909 4445 3000 4498 δύο
3019 4446 3189 4514 ἀρχὰς
3205 4441 3454 4507 εἰσάγων,
3477 4437 3679 4506 νεκρῶν
3697 4435 3943 4488 ἀνάστα-

2390 4557 2470 4592 σιν
2499 4539 2719 4592 ἀθετῶν.
2836 4601 2841 4606 _

2460 4627 2558 4696 κβῖ
2594 4625 3011 4690 Κολωϐαρσίοι.
3066 4622 3124 4673 Ὀ
3177 4615 3528 4683 Κολωόαρσὸς
3565 4611 3772 4679 Μάρκῳ
3830 4608 3946 4678 μὲν

2390 4723 2457 4773 τά
2480 4720 2612 4771 αὐτὰ
2641 4717 2865 4786 φρονῶν,
2902 4713 3148 4783 προσθεὶς
3173 4712 3228 4761 δὲ
3254 4711 3346 4759 καὶ
3372 4705 3622 4771 ὁγδοάδας
3649 4703 3820 4763 τινάς.

2463 4809 2563 4877 κγ’.
2591 4806 2995 4875 Κερδωνιανοί.
3029 4801 3245 4869 Κέρδων
3267 4814 3346 4859 τις
3378 4795 3614 4863 Ἠρακλᾶ
3632 4793 3912 4860 διαδέχετα
3927 4810 3947 4842 ι

2395 4903 2491 4970 τὴν
2517 4900 2740 4966 πλάνην,
2775 4895 2865 4947 δύο
2885 4895 2941 4945 δὲ
2965 4891 3132 4961 ἁρχάς
3159 4887 3397 4948 ἐναντίας
3424 4886 3674 4952 ἀλλήλαις
3696 4881 3946 4947 ouans-

2395 4967 2542 5050 σατο,
2591 4987 2679 5038 τὸν
2730 4984 2785 5034 δὲ
2817 4980 3045 5049 Χριστὸν
3090 4979 3224 5046 μήτε
3256 4978 3318 5026 ὲκ
3355 4972 3445 5024 τοῦ
3485 4971 3617 5022 Θεοῦ
3656 4967 3945 5034 γεννητὸν,

2399 5081 2531 5147 μήτε
2571 5080 2632 5127 ὲκ
2674 5073 2886 5141 Μαρίας
2915 5068 3070 5122 εἶναι.
3122 5068 3436 5118 Ἀνάστασιν
3467 5063 3678 5121 ἀθετεῖ,
3707 5060 3798 5110 καὶ
3832 5057 3946 5124 τὴν

2394 5167 2631 5221 Παλαιὰν
2664 5165 2930 5233 Διαθήκην
2954 5162 3010 5212 οὐ
3039 5158 3413 5227 παραδέχεται.

2465 5256 2558 5310 κδῖ
2610 5251 3063 5322 Μαρκιωνισταί.
3107 5246 3362 5316 Μαρκίων
3413 5240 3667 5299 Ποντικὸς
3721 5235 3945 5302 γέγονε,

2394 5349 2550 5417 Τρεῖς
2577 5348 2745 5416 ἀρχὰς
2771 5341 2903 5397 εἶναι
2929 5342 3190 5405 ἐδόξασεν,
3219 5336 3439 5404 ἀγαθὸν,
3466 5334 3685 5393 δίκαιον,
3712 5326 3942 5394 φαῦλον.

2474 5541 2582 5611 (78)
2618 5541 2774 5596 Forte
2799 5532 3242 5593 Οὐαλεντινιανοί.
