  <div class='ocr_page' id='page_1' title='image "/cluster/home/n/w/nwhite01/storage/ocr_20150623/106/pst.000005714162/094.png"; bbox 0 0 4088 6332; ppageno 0'>
   <div class='ocr_carea' id='block_1_1' title="bbox 162 331 251 389">
    <p class='ocr_par' dir='ltr' id='par_1_1' title="bbox 162 331 251 389">
     <span class='ocr_line' id='line_1_1' title="bbox 162 331 251 389; baseline -0.022 0"><span class='ocrx_word' id='word_1_1' title='bbox 162 331 251 389; x_wconf 78' lang='grc'><strong>153</strong></span> 
     </span>
    </p>
   </div>
   <div class='ocr_carea' id='block_1_2' title="bbox 1288 339 2183 402">
    <p class='ocr_par' dir='ltr' id='par_1_2' title="bbox 1288 339 2183 402">
     <span class='ocr_line' id='line_1_2' title="bbox 1288 339 2183 402; baseline 0.006 -6"><span class='ocrx_word' id='word_1_2' title='bbox 1288 339 1650 399; x_wconf 86' lang='lat' dir='ltr'><strong>LIBELLUS</strong></span> <span class='ocrx_word' id='word_1_3' title='bbox 1690 342 2183 402; x_wconf 76' lang='lat' dir='ltr'><strong>MEMORIALIS.</strong></span> 
     </span>
    </p>
   </div>
   <div class='ocr_carea' id='block_1_3' title="bbox 3226 344 3327 405">
    <p class='ocr_par' dir='ltr' id='par_1_3' title="bbox 3226 344 3327 405">
     <span class='ocr_line' id='line_1_3' title="bbox 3226 344 3327 405; baseline -0.02 0"><span class='ocrx_word' id='word_1_4' title='bbox 3226 344 3327 405; x_wconf 69' lang='grc'><strong>151</strong></span> 
     </span>
    </p>
   </div>
   <div class='ocr_carea' id='block_1_4' title="bbox 162 438 1697 519">
    <p class='ocr_par' dir='ltr' id='par_1_4' title="bbox 162 438 1686 514">
     <span class='ocr_line' id='line_1_4' title="bbox 162 438 1686 514; baseline 0.007 -25"><span class='ocrx_word' id='word_1_5' title='bbox 162 440 255 489; x_wconf 84' lang='grc' dir='ltr'><strong>Τὸν</strong></span> <span class='ocrx_word' id='word_1_6' title='bbox 274 438 330 493; x_wconf 72' lang='grc' dir='ltr'><strong>δὲ</strong></span> <span class='ocrx_word' id='word_1_7' title='bbox 354 439 451 508; x_wconf 80' lang='grc' dir='ltr'>τὴν</span> <span class='ocrx_word' id='word_1_8' title='bbox 476 440 712 493; x_wconf 70' lang='grc' dir='ltr'>Παλαιὰν</span> <span class='ocrx_word' id='word_1_9' title='bbox 731 442 806 510; x_wconf 86' lang='grc' dir='ltr'>τῷ</span> <span class='ocrx_word' id='word_1_10' title='bbox 839 443 1048 514; x_wconf 82' lang='grc' dir='ltr'>Ἰσραὴλ</span> <span class='ocrx_word' id='word_1_11' title='bbox 1072 445 1326 513; x_wconf 82' lang='grc' dir='ltr'>νομοθετή</span> <span class='ocrx_word' id='word_1_12' title='bbox 1336 464 1516 508; x_wconf 83' lang='grc' dir='ltr'>σαντα.</span> <span class='ocrx_word' id='word_1_13' title='bbox 1542 450 1686 500; x_wconf 80' lang='grc' dir='ltr'>ὲναν-</span> 
     </span>
    </p>
   </div>
   <div class='ocr_carea' id='block_1_5' title="bbox 1795 438 3351 519">
    <p class='ocr_par' dir='ltr' id='par_1_5' title="bbox 1795 449 3351 519">
     <span class='ocr_line' id='line_1_5' title="bbox 1795 449 3351 519; baseline 0 -16"><span class='ocrx_word' id='word_1_14' title='bbox 1795 468 1943 519; x_wconf 82' lang='lat' dir='ltr'><strong>porro</strong></span> <span class='ocrx_word' id='word_1_15' title='bbox 1964 453 2052 519; x_wconf 85' lang='lat' dir='ltr'><strong>qui</strong></span> <span class='ocrx_word' id='word_1_16' title='bbox 2074 450 2239 505; x_wconf 87' lang='lat' dir='ltr'><strong>Vetus</strong></span> <span class='ocrx_word' id='word_1_17' title='bbox 2260 451 2657 504; x_wconf 72' lang='lat' dir='ltr'><strong>Testamentum</strong></span> <span class='ocrx_word' id='word_1_18' title='bbox 2682 449 2858 502; x_wconf 77' lang='lat' dir='ltr'><strong>lsracli</strong></span> <span class='ocrx_word' id='word_1_19' title='bbox 2884 450 2994 515; x_wconf 83' lang='lat' dir='ltr'><strong>lege</strong></span> <span class='ocrx_word' id='word_1_20' title='bbox 3015 449 3188 502; x_wconf 82' lang='lat' dir='ltr'><strong>sanxit</strong></span> <span class='ocrx_word' id='word_1_21' title='bbox 3205 450 3351 503; x_wconf 73' lang='lat' dir='ltr'><strong>Novo</strong></span> 
     </span>
    </p>
   </div>
   <div class='ocr_carea' id='block_1_6' title="bbox 159 525 1696 603">
    <p class='ocr_par' dir='ltr' id='par_1_6' title="bbox 159 525 1696 603">
     <span class='ocr_line' id='line_1_6' title="bbox 159 525 1696 603; baseline 0.008 -24"><span class='ocrx_word' id='word_1_22' title='bbox 159 531 268 579; x_wconf 80' lang='grc' dir='ltr'>τὶαν</span> <span class='ocrx_word' id='word_1_23' title='bbox 305 525 467 583; x_wconf 79' lang='grc' dir='ltr'>οὖσαν</span> <span class='ocrx_word' id='word_1_24' title='bbox 496 534 562 600; x_wconf 78' lang='grc' dir='ltr'>τῇ</span> <span class='ocrx_word' id='word_1_25' title='bbox 590 534 759 601; x_wconf 80' lang='grc' dir='ltr'>Καινῇ</span> <span class='ocrx_word' id='word_1_26' title='bbox 782 572 796 595; x_wconf 90' lang='grc'><strong>,</strong></span> <span class='ocrx_word' id='word_1_27' title='bbox 828 534 1009 602; x_wconf 73' lang='grc' dir='ltr'>ἕτερον</span> <span class='ocrx_word' id='word_1_28' title='bbox 1040 536 1136 603; x_wconf 74' lang='grc' dir='ltr'><strong>ἔφη</strong></span> <span class='ocrx_word' id='word_1_29' title='bbox 1172 535 1302 586; x_wconf 82' lang='grc' dir='ltr'>Θεὸν</span> <span class='ocrx_word' id='word_1_30' title='bbox 1346 534 1503 591; x_wconf 73' lang='grc' dir='ltr'>εἶναι.</span> <span class='ocrx_word' id='word_1_31' title='bbox 1538 540 1696 591; x_wconf 76' lang='grc' dir='ltr'>Ἀνά-</span> 
     </span>
    </p>
   </div>
   <div class='ocr_carea' id='block_1_7' title="bbox 163 622 1699 697">
    <p class='ocr_par' dir='ltr' id='par_1_7' title="bbox 163 622 1699 697">
     <span class='ocr_line' id='line_1_7' title="bbox 163 622 1699 697; baseline 0.007 -29"><span class='ocrx_word' id='word_1_32' title='bbox 163 635 340 671; x_wconf 75' lang='grc' dir='ltr'>στασιν</span> <span class='ocrx_word' id='word_1_33' title='bbox 408 622 621 684; x_wconf 78' lang='grc' dir='ltr'><strong>ἀθετεῖ,</strong></span> <span class='ocrx_word' id='word_1_34' title='bbox 680 623 957 692; x_wconf 78' lang='grc' dir='ltr'><strong>βάπτισμα</strong></span> <span class='ocrx_word' id='word_1_35' title='bbox 1037 626 1292 686; x_wconf 79' lang='grc' dir='ltr'><strong>πολλάκις</strong></span> <span class='ocrx_word' id='word_1_36' title='bbox 1331 630 1456 697; x_wconf 17' lang='grc' dir='ltr'>’τοῖς</span> <span class='ocrx_word' id='word_1_37' title='bbox 1521 630 1699 690; x_wconf 79' lang='grc' dir='ltr'>αὐτοῖς</span> 
     </span>
    </p>
   </div>
   <div class='ocr_carea' id='block_1_8' title="bbox 158 708 1701 786">
    <p class='ocr_par' dir='ltr' id='par_1_8' title="bbox 158 708 1701 786">
     <span class='ocr_line' id='line_1_8' title="bbox 158 708 1701 786; baseline 0.008 -28"><span class='ocrx_word' id='word_1_38' title='bbox 158 708 362 760; x_wconf 81' lang='grc' dir='ltr'>δίδωσιν</span> <span class='ocrx_word' id='word_1_39' title='bbox 404 712 496 763; x_wconf 65' lang='grc' dir='ltr'>ἰπὶ</span> <span class='ocrx_word' id='word_1_40' title='bbox 554 712 834 781; x_wconf 84' lang='grc' dir='ltr'>ἁμαρτιῶν</span> <span class='ocrx_word' id='word_1_41' title='bbox 884 715 1050 767; x_wconf 84' lang='grc' dir='ltr'><strong>λύσει.</strong></span> <span class='ocrx_word' id='word_1_42' title='bbox 1122 715 1297 784; x_wconf 78' lang='grc' dir='ltr'>’Υπὲρ</span> <span class='ocrx_word' id='word_1_43' title='bbox 1346 721 1701 786; x_wconf 81' lang='grc' dir='ltr'><strong>κοιμωμένων</strong></span> 
     </span>
    </p>
   </div>
   <div class='ocr_carea' id='block_1_9' title="bbox 161 797 493 864">
    <p class='ocr_par' dir='ltr' id='par_1_9' title="bbox 161 797 493 864">
     <span class='ocr_line' id='line_1_9' title="bbox 161 797 493 864; baseline 0.018 -18"><span class='ocrx_word' id='word_1_44' title='bbox 161 797 493 864; x_wconf 68' lang='grc' dir='ltr'><strong>βαπτίζουσι.</strong></span> 
     </span>
    </p>
   </div>
   <div class='ocr_carea' id='block_1_10' title="bbox 223 885 1693 962">
    <p class='ocr_par' dir='ltr' id='par_1_10' title="bbox 223 885 1693 962">
     <span class='ocr_line' id='line_1_10' title="bbox 223 885 1693 962; baseline 0.005 -24"><span class='ocrx_word' id='word_1_45' title='bbox 223 885 318 940; x_wconf 82' lang='grc' dir='ltr'>κε’.</span> <span class='ocrx_word' id='word_1_46' title='bbox 356 893 796 943; x_wconf 81' lang='grc' dir='ltr'>Λουκιανισταί.</span> <span class='ocrx_word' id='word_1_47' title='bbox 824 892 1044 953; x_wconf 77' lang='grc' dir='ltr'>Λούκιος</span> <span class='ocrx_word' id='word_1_48' title='bbox 1070 911 1171 954; x_wconf 84' lang='grc' dir='ltr'>τις,</span> <span class='ocrx_word' id='word_1_49' title='bbox 1196 895 1315 962; x_wconf 73' lang='grc' dir='ltr'><strong>οὐχὶ</strong></span> <span class='ocrx_word' id='word_1_50' title='bbox 1342 898 1368 946; x_wconf 80' lang='grc' dir='ltr'><strong>ὁ</strong></span> <span class='ocrx_word' id='word_1_51' title='bbox 1401 895 1693 962; x_wconf 79' lang='grc' dir='ltr'>Ἀρειανὸς,</span> 
     </span>
    </p>
   </div>
   <div class='ocr_carea' id='block_1_11' title="bbox 160 976 1691 1052">
    <p class='ocr_par' dir='ltr' id='par_1_11' title="bbox 160 976 1691 1052">
     <span class='ocr_line' id='line_1_11' title="bbox 160 976 1691 1052; baseline 0.007 -27"><span class='ocrx_word' id='word_1_52' title='bbox 160 976 339 1038; x_wconf 78' lang='grc' dir='ltr'>γέγονε</span> <span class='ocrx_word' id='word_1_53' title='bbox 362 978 497 1043; x_wconf 65' lang='grc' dir='ltr'>μετὰ</span> <span class='ocrx_word' id='word_1_54' title='bbox 523 979 841 1045; x_wconf 82' lang='grc' dir='ltr'>Μαρκίωνα,</span> <span class='ocrx_word' id='word_1_55' title='bbox 868 981 933 1030; x_wconf 75' lang='grc' dir='ltr'><strong>τά</strong></span> <span class='ocrx_word' id='word_1_56' title='bbox 953 983 1271 1049; x_wconf 79' lang='grc' dir='ltr'>Μαρκίωνος</span> <span class='ocrx_word' id='word_1_57' title='bbox 1294 984 1691 1052; x_wconf 77' lang='grc' dir='ltr'>διαδεξάμενος,</span> 
     </span>
    </p>
   </div>
   <div class='ocr_carea' id='block_1_12' title="bbox 160 1064 1383 1139">
    <p class='ocr_par' dir='ltr' id='par_1_12' title="bbox 160 1064 1383 1139">
     <span class='ocr_line' id='line_1_12' title="bbox 160 1064 1383 1139; baseline 0.009 -26"><span class='ocrx_word' id='word_1_58' title='bbox 160 1065 243 1115; x_wconf 77' lang='grc' dir='ltr'>καὶ</span> <span class='ocrx_word' id='word_1_59' title='bbox 273 1064 433 1133; x_wconf 77' lang='grc' dir='ltr'>ἔτερα</span> <span class='ocrx_word' id='word_1_60' title='bbox 463 1068 642 1127; x_wconf 73' lang='grc' dir='ltr'>αὐτοῖς</span> <span class='ocrx_word' id='word_1_61' title='bbox 672 1068 1016 1135; x_wconf 75' lang='grc' dir='ltr'>ὲπιπροσθεὶς</span> <span class='ocrx_word' id='word_1_62' title='bbox 1053 1071 1383 1139; x_wconf 76' lang='grc' dir='ltr'><strong>ἀτοπώτερα.</strong></span> 
     </span>
    </p>
   </div>
   <div class='ocr_carea' id='block_1_13' title="bbox 224 1152 1698 1232">
    <p class='ocr_par' dir='ltr' id='par_1_13' title="bbox 224 1152 1698 1232">
     <span class='ocr_line' id='line_1_13' title="bbox 224 1152 1698 1232; baseline 0.009 -31"><span class='ocrx_word' id='word_1_63' title='bbox 224 1152 336 1215; x_wconf 83' lang='grc' dir='ltr'>κς’.</span> <span class='ocrx_word' id='word_1_64' title='bbox 371 1155 752 1207; x_wconf 74' lang='grc' dir='ltr'>Ἀπελλιανοί.</span> <span class='ocrx_word' id='word_1_65' title='bbox 796 1157 926 1208; x_wconf 80' lang='grc' dir='ltr'>Ἀπὸ</span> <span class='ocrx_word' id='word_1_66' title='bbox 957 1159 1247 1211; x_wconf 75' lang='grc' dir='ltr'>Ἀπελλάου</span> <span class='ocrx_word' id='word_1_67' title='bbox 1269 1161 1411 1221; x_wconf 76' lang='grc' dir='ltr'>τινὸς</span> <span class='ocrx_word' id='word_1_68' title='bbox 1444 1161 1698 1232; x_wconf 72' lang='grc' dir='ltr'>ἤρξαντο.</span> 
     </span>
    </p>
   </div>
   <div class='ocr_carea' id='block_1_14' title="bbox 162 1241 1693 1320">
    <p class='ocr_par' dir='ltr' id='par_1_14' title="bbox 162 1241 1693 1320">
     <span class='ocr_line' id='line_1_14' title="bbox 162 1241 1693 1320; baseline 0.007 -29"><span class='ocrx_word' id='word_1_69' title='bbox 162 1241 385 1301; x_wconf 76' lang='grc' dir='ltr'>Κακίζει</span> <span class='ocrx_word' id='word_1_70' title='bbox 428 1242 481 1293; x_wconf 81' lang='grc' dir='ltr'><strong>δὲ</strong></span> <span class='ocrx_word' id='word_1_71' title='bbox 513 1244 609 1311; x_wconf 73' lang='grc' dir='ltr'>τὴν</span> <span class='ocrx_word' id='word_1_72' title='bbox 656 1248 871 1314; x_wconf 76' lang='grc' dir='ltr'><strong>ποίησιν</strong></span> <span class='ocrx_word' id='word_1_73' title='bbox 905 1250 1101 1309; x_wconf 81' lang='grc' dir='ltr'>πᾶσαν,</span> <span class='ocrx_word' id='word_1_74' title='bbox 1134 1251 1207 1311; x_wconf 83' lang='grc' dir='ltr'>ὡς</span> <span class='ocrx_word' id='word_1_75' title='bbox 1236 1254 1328 1303; x_wconf 74' lang='grc' dir='ltr'><strong>καὶ</strong></span> <span class='ocrx_word' id='word_1_76' title='bbox 1356 1256 1381 1303; x_wconf 87' lang='grc' dir='ltr'><strong>ό</strong></span> <span class='ocrx_word' id='word_1_77' title='bbox 1413 1253 1693 1320; x_wconf 83' lang='grc' dir='ltr'>Μαρκίων.</span> 
     </span>
    </p>
   </div>
   <div class='ocr_carea' id='block_1_15' title="bbox 171 1331 1699 1402">
    <p class='ocr_par' dir='ltr' id='par_1_15' title="bbox 171 1331 1699 1402">
     <span class='ocr_line' id='line_1_15' title="bbox 171 1331 1699 1402; baseline 0.007 -22"><span class='ocrx_word' id='word_1_78' title='bbox 171 1332 239 1381; x_wconf 74' lang='grc' dir='ltr'><strong>οὗ</strong></span> <span class='ocrx_word' id='word_1_79' title='bbox 267 1334 415 1398; x_wconf 81' lang='grc' dir='ltr'><strong>τρεῖς</strong></span> <span class='ocrx_word' id='word_1_80' title='bbox 442 1332 496 1383; x_wconf 80' lang='grc' dir='ltr'><strong>δὲ</strong></span> <span class='ocrx_word' id='word_1_81' title='bbox 535 1335 703 1402; x_wconf 78' lang='grc' dir='ltr'>ἀρχάς</span> <span class='ocrx_word' id='word_1_82' title='bbox 730 1331 900 1400; x_wconf 83' lang='grc' dir='ltr'>εἶπεν,</span> <span class='ocrx_word' id='word_1_83' title='bbox 930 1337 1002 1400; x_wconf 84' lang='grc' dir='ltr'>ὡς</span> <span class='ocrx_word' id='word_1_84' title='bbox 1025 1340 1228 1400; x_wconf 71' lang='grc' dir='ltr'>ἐκεῖνος</span> <span class='ocrx_word' id='word_1_85' title='bbox 1250 1378 1264 1400; x_wconf 86' lang='grc'><strong>,</strong></span> <span class='ocrx_word' id='word_1_86' title='bbox 1296 1340 1409 1393; x_wconf 78' lang='grc' dir='ltr'><strong>ἀλλ’</strong></span> <span class='ocrx_word' id='word_1_87' title='bbox 1438 1342 1532 1392; x_wconf 68' lang='grc' dir='ltr'>ἕνα</span> <span class='ocrx_word' id='word_1_88' title='bbox 1569 1342 1699 1393; x_wconf 88' lang='grc' dir='ltr'>Θεὸν</span> 
     </span>
    </p>
   </div>
   <div class='ocr_carea' id='block_1_16' title="bbox 163 1419 1697 1497">
    <p class='ocr_par' dir='ltr' id='par_1_16' title="bbox 163 1419 1697 1497">
     <span class='ocr_line' id='line_1_16' title="bbox 163 1419 1697 1497; baseline 0.008 -29"><span class='ocrx_word' id='word_1_89' title='bbox 163 1419 488 1487; x_wconf 73' lang='grc' dir='ltr'><strong>πεποιηκότα</strong></span> <span class='ocrx_word' id='word_1_90' title='bbox 506 1422 632 1473; x_wconf 86' lang='grc' dir='ltr'>Θεὸν</span> <span class='ocrx_word' id='word_1_91' title='bbox 657 1423 743 1474; x_wconf 80' lang='grc' dir='ltr'>ἒτε</span> <span class='ocrx_word' id='word_1_92' title='bbox 750 1441 861 1489; x_wconf 89' lang='grc' dir='ltr'>ρον,</span> <span class='ocrx_word' id='word_1_93' title='bbox 879 1426 968 1476; x_wconf 88' lang='grc' dir='ltr'><strong>τὸν</strong></span> <span class='ocrx_word' id='word_1_94' title='bbox 988 1426 1083 1493; x_wconf 83' lang='grc' dir='ltr'>τῆς</span> <span class='ocrx_word' id='word_1_95' title='bbox 1108 1428 1332 1488; x_wconf 75' lang='grc' dir='ltr'>κτίσεως</span> <span class='ocrx_word' id='word_1_96' title='bbox 1350 1428 1697 1497; x_wconf 75' lang='grc' dir='ltr'>δημιουργόν.</span> 
     </span>
    </p>
   </div>
   <div class='ocr_carea' id='block_1_17' title="bbox 221 1593 1698 1674">
    <p class='ocr_par' dir='ltr' id='par_1_17' title="bbox 221 1593 1698 1674">
     <span class='ocr_line' id='line_1_17' title="bbox 221 1593 1698 1674; baseline 0.008 -30"><span class='ocrx_word' id='word_1_97' title='bbox 221 1593 320 1656; x_wconf 75' lang='grc' dir='ltr'>κζ’.</span> <span class='ocrx_word' id='word_1_98' title='bbox 356 1596 633 1649; x_wconf 80' lang='grc' dir='ltr'>Τατιανοί.</span> <span class='ocrx_word' id='word_1_99' title='bbox 673 1599 933 1659; x_wconf 88' lang='grc' dir='ltr'>Τατιανὸς</span> <span class='ocrx_word' id='word_1_100' title='bbox 972 1602 1028 1651; x_wconf 80' lang='grc' dir='ltr'>ὲν</span> <span class='ocrx_word' id='word_1_101' title='bbox 1057 1605 1121 1669; x_wconf 83' lang='grc' dir='ltr'>τῇ</span> <span class='ocrx_word' id='word_1_102' title='bbox 1184 1604 1568 1674; x_wconf 76' lang='grc' dir='ltr'><strong>Μεσοποταμίᾳ</strong></span> <span class='ocrx_word' id='word_1_103' title='bbox 1604 1623 1698 1672; x_wconf 79' lang='grc' dir='ltr'>γε·</span> 
     </span>
    </p>
   </div>
   <div class='ocr_carea' id='block_1_18' title="bbox 161 1683 1699 1763">
    <p class='ocr_par' dir='ltr' id='par_1_18' title="bbox 161 1683 1699 1763">
     <span class='ocr_line' id='line_1_18' title="bbox 161 1683 1699 1763; baseline 0.01 -32"><span class='ocrx_word' id='word_1_104' title='bbox 161 1683 314 1745; x_wconf 75' lang='grc' dir='ltr'>γὸνει,</span> <span class='ocrx_word' id='word_1_105' title='bbox 344 1685 440 1750; x_wconf 79' lang='grc' dir='ltr'><strong>τὴν</strong></span> <span class='ocrx_word' id='word_1_106' title='bbox 489 1683 868 1753; x_wconf 81' lang='grc' dir='ltr'>Ἐγκρατητῶν</span> <span class='ocrx_word' id='word_1_107' title='bbox 901 1690 1108 1758; x_wconf 82' lang='grc' dir='ltr'>αἵρεσιν</span> <span class='ocrx_word' id='word_1_108' title='bbox 1155 1695 1557 1761; x_wconf 78' lang='grc' dir='ltr'>συστησάμενος</span> <span class='ocrx_word' id='word_1_109' title='bbox 1579 1736 1592 1759; x_wconf 89' lang='grc'><strong>,</strong></span> <span class='ocrx_word' id='word_1_110' title='bbox 1633 1696 1699 1763; x_wconf 77' lang='grc' dir='ltr'>ἣν</span> 
     </span>
    </p>
   </div>
   <div class='ocr_carea' id='block_1_19' title="bbox 162 1770 1520 1825">
    <p class='ocr_par' dir='ltr' id='par_1_19' title="bbox 162 1770 1520 1825">
     <span class='ocr_line' id='line_1_19' title="bbox 162 1770 1520 1825; baseline 0.01 -6"><span class='ocrx_word' id='word_1_111' title='bbox 162 1770 324 1820; x_wconf 60' lang='lat' dir='ltr'><strong>(tactv</strong></span> <span class='ocrx_word' id='word_1_112' title='bbox 344 1772 394 1822; x_wconf 84' lang='grc' dir='ltr'>οί</span> <span class='ocrx_word' id='word_1_113' title='bbox 428 1773 624 1825; x_wconf 81' lang='grc' dir='ltr'>πολλοί.</span> <span class='ocrx_word' id='word_1_114' title='bbox 1505 1776 1520 1783; x_wconf 61' lang='grc'><em>”</em></span> 
     </span>
    </p>
   </div>
   <div class='ocr_carea' id='block_1_20' title="bbox 220 1864 1695 1940">
    <p class='ocr_par' dir='ltr' id='par_1_20' title="bbox 220 1864 1695 1940">
     <span class='ocr_line' id='line_1_20' title="bbox 220 1864 1695 1940; baseline 0.008 -29"><span class='ocrx_word' id='word_1_115' title='bbox 220 1867 323 1926; x_wconf 80' lang='grc' dir='ltr'>κη’.</span> <span class='ocrx_word' id='word_1_116' title='bbox 362 1864 602 1930; x_wconf 69' lang='grc' dir='ltr'>Φρύγες.</span> <span class='ocrx_word' id='word_1_117' title='bbox 652 1868 941 1930; x_wconf 85' lang='grc' dir='ltr'>Μωντανός</span> <span class='ocrx_word' id='word_1_118' title='bbox 986 1884 1070 1930; x_wconf 88' lang='grc' dir='ltr'><strong>τις</strong></span> <span class='ocrx_word' id='word_1_119' title='bbox 1127 1869 1218 1923; x_wconf 75' lang='grc' dir='ltr'>καὶ</span> <span class='ocrx_word' id='word_1_120' title='bbox 1268 1871 1559 1939; x_wconf 77' lang='grc' dir='ltr'>Πρισκίλ).α</span> <span class='ocrx_word' id='word_1_121' title='bbox 1597 1872 1695 1940; x_wconf 79' lang='grc' dir='ltr'><strong>τὴν</strong></span> 
     </span>
    </p>
   </div>
   <div class='ocr_carea' id='block_1_21' title="bbox 162 1951 1697 2025">
    <p class='ocr_par' dir='ltr' id='par_1_21' title="bbox 162 1951 1697 2025">
     <span class='ocr_line' id='line_1_21' title="bbox 162 1951 1697 2025; baseline 0.008 -25"><span class='ocrx_word' id='word_1_122' title='bbox 162 1951 361 2017; x_wconf 73' lang='grc' dir='ltr'>αἵρεσιν</span> <span class='ocrx_word' id='word_1_123' title='bbox 390 1954 445 2002; x_wconf 67' lang='grc' dir='ltr'>ἐν</span> <span class='ocrx_word' id='word_1_124' title='bbox 474 1956 537 2021; x_wconf 79' lang='grc' dir='ltr'>τῇ</span> <span class='ocrx_word' id='word_1_125' title='bbox 579 1956 786 2025; x_wconf 69' lang='grc' dir='ltr'>Φρυγία</span> <span class='ocrx_word' id='word_1_126' title='bbox 826 1959 1251 2025; x_wconf 85' lang='grc' dir='ltr'>συνεστήσαντο,</span> <span class='ocrx_word' id='word_1_127' title='bbox 1282 1960 1561 2022; x_wconf 76' lang='grc' dir='ltr'>Πεπουξᾶν</span> <span class='ocrx_word' id='word_1_128' title='bbox 1601 1962 1697 2013; x_wconf 88' lang='grc' dir='ltr'><strong>Ἰε-</strong></span> 
     </span>
    </p>
   </div>
   <div class='ocr_carea' id='block_1_22' title="bbox 164 2040 1602 2118">
    <p class='ocr_par' dir='ltr' id='par_1_22' title="bbox 164 2040 1602 2118">
     <span class='ocr_line' id='line_1_22' title="bbox 164 2040 1602 2118; baseline 0.009 -29"><span class='ocrx_word' id='word_1_129' title='bbox 164 2040 433 2108; x_wconf 75' lang='grc' dir='ltr'>ρουσαλὴμ</span> <span class='ocrx_word' id='word_1_130' title='bbox 457 2044 634 2105; x_wconf 74' lang='grc' dir='ltr'>αὐτοῖς</span> <span class='ocrx_word' id='word_1_131' title='bbox 664 2046 817 2097; x_wconf 84' lang='grc' dir='ltr'>πόλιν</span> <span class='ocrx_word' id='word_1_132' title='bbox 845 2045 943 2113; x_wconf 80' lang='grc' dir='ltr'>τῆς</span> <span class='ocrx_word' id='word_1_133' title='bbox 964 2047 1198 2113; x_wconf 73' lang='grc' dir='ltr'>Φρυγίας</span> <span class='ocrx_word' id='word_1_134' title='bbox 1228 2050 1602 2118; x_wconf 83' lang='grc' dir='ltr'>ποιησάμενοι.</span> 
     </span>
    </p>
   </div>
   <div class='ocr_carea' id='block_1_23' title="bbox 221 2130 1699 2207">
    <p class='ocr_par' dir='ltr' id='par_1_23' title="bbox 221 2130 1699 2207">
     <span class='ocr_line' id='line_1_23' title="bbox 221 2130 1699 2207; baseline 0.007 -26"><span class='ocrx_word' id='word_1_135' title='bbox 221 2130 319 2183; x_wconf 72' lang='grc' dir='ltr'>κδ’.</span> <span class='ocrx_word' id='word_1_136' title='bbox 351 2132 730 2192; x_wconf 72' lang='grc' dir='ltr'>Πεπουζὶανοί</span> <span class='ocrx_word' id='word_1_137' title='bbox 750 2137 855 2187; x_wconf 80' lang='grc' dir='ltr'>ἀπὸ</span> <span class='ocrx_word' id='word_1_138' title='bbox 878 2137 1157 2205; x_wconf 76' lang='grc' dir='ltr'><strong>Πεπούζης</strong></span> <span class='ocrx_word' id='word_1_139' title='bbox 1176 2138 1273 2205; x_wconf 81' lang='grc' dir='ltr'>τῆς</span> <span class='ocrx_word' id='word_1_140' title='bbox 1298 2140 1533 2207; x_wconf 77' lang='grc' dir='ltr'><strong>Φρυγίας</strong></span> <span class='ocrx_word' id='word_1_141' title='bbox 1560 2141 1699 2193; x_wconf 82' lang='grc' dir='ltr'>οὕτω</span> 
     </span>
    </p>
   </div>
   <div class='ocr_carea' id='block_1_24' title="bbox 160 2226 1697 2297">
    <p class='ocr_par' dir='ltr' id='par_1_24' title="bbox 160 2226 1697 2297">
     <span class='ocr_line' id='line_1_24' title="bbox 160 2226 1697 2297; baseline 0.008 -29"><span class='ocrx_word' id='word_1_142' title='bbox 160 2226 714 2291; x_wconf 79' lang='grc' dir='ltr'><strong>προσαγορευόμενοι,</strong></span> <span class='ocrx_word' id='word_1_143' title='bbox 774 2226 1053 2277; x_wconf 71' lang='grc' dir='ltr'>κοινωνίαν</span> <span class='ocrx_word' id='word_1_144' title='bbox 1103 2227 1337 2295; x_wconf 75' lang='grc' dir='ltr'>ἄθεσμον</span> <span class='ocrx_word' id='word_1_145' title='bbox 1389 2228 1697 2297; x_wconf 83' lang='grc' dir='ltr'>ποιούμενοι</span> 
     </span>
    </p>
   </div>
   <div class='ocr_carea' id='block_1_25' title="bbox 161 2309 881 2383">
    <p class='ocr_par' dir='ltr' id='par_1_25' title="bbox 161 2309 881 2383">
     <span class='ocr_line' id='line_1_25' title="bbox 161 2309 881 2383; baseline 0.011 -26"><span class='ocrx_word' id='word_1_146' title='bbox 161 2309 290 2359; x_wconf 80' lang='grc' dir='ltr'>κατὰ</span> <span class='ocrx_word' id='word_1_147' title='bbox 322 2311 430 2360; x_wconf 81' lang='grc' dir='ltr'>τῶν</span> <span class='ocrx_word' id='word_1_148' title='bbox 462 2312 881 2383; x_wconf 62' lang='grc' dir='ltr'><strong>διισσεδοιῦντωνἶ</strong></span> 
     </span>
    </p>
   </div>
   <div class='ocr_carea' id='block_1_26' title="bbox 218 2395 1699 2475">
    <p class='ocr_par' dir='ltr' id='par_1_26' title="bbox 218 2395 1699 2475">
     <span class='ocr_line' id='line_1_26' title="bbox 218 2395 1699 2475; baseline 0.008 -27"><span class='ocrx_word' id='word_1_149' title='bbox 218 2395 277 2447; x_wconf 72' lang='grc' dir='ltr'><strong>λ’.</strong></span> <span class='ocrx_word' id='word_1_150' title='bbox 316 2401 1029 2467; x_wconf 75' lang='grc' dir='ltr'>Τεσσαρεσκαιδεκατῖται,</span> <span class='ocrx_word' id='word_1_151' title='bbox 1044 2404 1104 2456; x_wconf 81' lang='grc' dir='ltr'><strong>τὸ</strong></span> <span class='ocrx_word' id='word_1_152' title='bbox 1120 2404 1305 2472; x_wconf 81' lang='grc' dir='ltr'>Πάσχα</span> <span class='ocrx_word' id='word_1_153' title='bbox 1330 2406 1387 2458; x_wconf 72' lang='lat' dir='ltr'><strong>tv</strong></span> <span class='ocrx_word' id='word_1_154' title='bbox 1409 2423 1569 2459; x_wconf 84' lang='grc' dir='ltr'>τεσσα</span> <span class='ocrx_word' id='word_1_155' title='bbox 1579 2424 1699 2475; x_wconf 88' lang='grc' dir='ltr'>ρεσ-</span> 
     </span>
    </p>
   </div>
   <div class='ocr_carea' id='block_1_27' title="bbox 164 2488 1693 2560">
    <p class='ocr_par' dir='ltr' id='par_1_27' title="bbox 164 2488 1693 2560">
     <span class='ocr_line' id='line_1_27' title="bbox 164 2488 1693 2560; baseline 0.007 -23"><span class='ocrx_word' id='word_1_156' title='bbox 164 2488 451 2559; x_wconf 76' lang='grc' dir='ltr'>καιδεκάτῃ</span> <span class='ocrx_word' id='word_1_157' title='bbox 486 2490 584 2557; x_wconf 82' lang='grc' dir='ltr'>τῆς</span> <span class='ocrx_word' id='word_1_158' title='bbox 624 2491 849 2559; x_wconf 76' lang='grc' dir='ltr'>σελήνης</span> <span class='ocrx_word' id='word_1_159' title='bbox 901 2493 1037 2560; x_wconf 82' lang='grc' dir='ltr'>μετὰ</span> <span class='ocrx_word' id='word_1_160' title='bbox 1089 2493 1352 2546; x_wconf 82' lang='grc' dir='ltr'><strong>Ἰουδαίων</strong></span> <span class='ocrx_word' id='word_1_161' title='bbox 1399 2496 1693 2557; x_wconf 79' lang='grc' dir='ltr'>τελοῦντες.</span> 
     </span>
    </p>
   </div>
   <div class='ocr_carea' id='block_1_28' title="bbox 220 2575 1694 2650">
    <p class='ocr_par' dir='ltr' id='par_1_28' title="bbox 220 2575 1694 2650">
     <span class='ocr_line' id='line_1_28' title="bbox 220 2575 1694 2650; baseline 0.007 -25"><span class='ocrx_word' id='word_1_162' title='bbox 220 2575 315 2626; x_wconf 85' lang='grc' dir='ltr'>λα’.</span> <span class='ocrx_word' id='word_1_163' title='bbox 348 2578 592 2643; x_wconf 71' lang='grc' dir='ltr'>Ἀλογοί</span> <span class='ocrx_word' id='word_1_164' title='bbox 616 2596 759 2641; x_wconf 85' lang='grc' dir='ltr'>τινες</span> <span class='ocrx_word' id='word_1_165' title='bbox 792 2580 1094 2647; x_wconf 75' lang='grc' dir='ltr'>κληθέντες,</span> <span class='ocrx_word' id='word_1_166' title='bbox 1123 2582 1209 2632; x_wconf 80' lang='grc' dir='ltr'><strong>διὰ</strong></span> <span class='ocrx_word' id='word_1_167' title='bbox 1234 2582 1293 2632; x_wconf 90' lang='grc' dir='ltr'><strong>τὸ</strong></span> <span class='ocrx_word' id='word_1_168' title='bbox 1337 2583 1408 2650; x_wconf 82' lang='grc' dir='ltr'><strong>μὴ</strong></span> <span class='ocrx_word' id='word_1_169' title='bbox 1452 2583 1694 2650; x_wconf 83' lang='grc' dir='ltr'>δέχεσθαι</span> 
     </span>
    </p>
   </div>
   <div class='ocr_carea' id='block_1_29' title="bbox 160 2664 1697 2737">
    <p class='ocr_par' dir='ltr' id='par_1_29' title="bbox 160 2664 1697 2737">
     <span class='ocr_line' id='line_1_29' title="bbox 160 2664 1697 2737; baseline 0.007 -25"><span class='ocrx_word' id='word_1_170' title='bbox 160 2664 239 2713; x_wconf 68' lang='grc' dir='ltr'><strong>τὸν</strong></span> <span class='ocrx_word' id='word_1_171' title='bbox 260 2665 427 2730; x_wconf 81' lang='grc' dir='ltr'>Λάγον</span> <span class='ocrx_word' id='word_1_172' title='bbox 454 2668 511 2717; x_wconf 71' lang='grc' dir='ltr'>ἐν</span> <span class='ocrx_word' id='word_1_173' title='bbox 539 2669 680 2735; x_wconf 78' lang='grc' dir='ltr'><strong>ἀρχῇ</strong></span> <span class='ocrx_word' id='word_1_174' title='bbox 724 2667 854 2720; x_wconf 85' lang='grc' dir='ltr'>Θεὸν</span> <span class='ocrx_word' id='word_1_175' title='bbox 879 2669 1004 2720; x_wconf 73' lang='grc' dir='ltr'>ὄντα</span> <span class='ocrx_word' id='word_1_176' title='bbox 1039 2669 1173 2736; x_wconf 78' lang='grc' dir='ltr'>πρὸς</span> <span class='ocrx_word' id='word_1_177' title='bbox 1202 2668 1292 2720; x_wconf 88' lang='grc' dir='ltr'><strong>τὸν</strong></span> <span class='ocrx_word' id='word_1_178' title='bbox 1321 2670 1536 2737; x_wconf 83' lang='grc' dir='ltr'><strong>Πατέρα</strong></span> <span class='ocrx_word' id='word_1_179' title='bbox 1556 2708 1571 2727; x_wconf 89' lang='grc'><strong>.</strong></span> <span class='ocrx_word' id='word_1_180' title='bbox 1604 2673 1697 2722; x_wconf 76' lang='grc' dir='ltr'><strong>καὶ</strong></span> 
     </span>
    </p>
   </div>
   <div class='ocr_carea' id='block_1_30' title="bbox 162 2752 1694 2829">
    <p class='ocr_par' dir='ltr' id='par_1_30' title="bbox 162 2752 1694 2829">
     <span class='ocr_line' id='line_1_30' title="bbox 162 2752 1694 2829; baseline 0.005 -25"><span class='ocrx_word' id='word_1_181' title='bbox 162 2752 234 2805; x_wconf 63' lang='lat' dir='ltr'><strong>tu</strong></span> <span class='ocrx_word' id='word_1_182' title='bbox 260 2754 413 2804; x_wconf 81' lang='grc' dir='ltr'>τοῦτο</span> <span class='ocrx_word' id='word_1_183' title='bbox 449 2755 583 2821; x_wconf 78' lang='grc' dir='ltr'>μήτε</span> <span class='ocrx_word' id='word_1_184' title='bbox 633 2756 873 2808; x_wconf 76' lang='grc' dir='ltr'>Ἰωάννου</span> <span class='ocrx_word' id='word_1_185' title='bbox 913 2758 1234 2823; x_wconf 79' lang='grc' dir='ltr'>Εὑαγγὲλιον</span> <span class='ocrx_word' id='word_1_186' title='bbox 1264 2759 1525 2826; x_wconf 78' lang='grc' dir='ltr'>δέχεσθαι,</span> <span class='ocrx_word' id='word_1_187' title='bbox 1563 2762 1694 2829; x_wconf 79' lang='grc' dir='ltr'>μήτε</span> 
     </span>
    </p>
   </div>
   <div class='ocr_carea' id='block_1_31' title="bbox 161 2838 867 2906">
    <p class='ocr_par' dir='ltr' id='par_1_31' title="bbox 161 2838 867 2906">
     <span class='ocr_line' id='line_1_31' title="bbox 161 2838 867 2906; baseline 0.013 -21"><span class='ocrx_word' id='word_1_188' title='bbox 161 2839 245 2903; x_wconf 71' lang='grc' dir='ltr'>τὴν</span> <span class='ocrx_word' id='word_1_189' title='bbox 289 2838 651 2906; x_wconf 69' lang='grc' dir='ltr'>Ἀποκάλυψιν</span> <span class='ocrx_word' id='word_1_190' title='bbox 685 2841 867 2895; x_wconf 76' lang='grc' dir='ltr'>αὑτοῦ.</span> 
     </span>
    </p>
   </div>
   <div class='ocr_carea' id='block_1_32' title="bbox 221 2924 1696 3006">
    <p class='ocr_par' dir='ltr' id='par_1_32' title="bbox 221 2924 1696 3006">
     <span class='ocr_line' id='line_1_32' title="bbox 221 2924 1696 3006; baseline 0.008 -31"><span class='ocrx_word' id='word_1_191' title='bbox 221 2924 315 2992; x_wconf 77' lang='grc' dir='ltr'><strong>λβ’.</strong></span> <span class='ocrx_word' id='word_1_192' title='bbox 366 2928 753 2983; x_wconf 75' lang='grc' dir='ltr'>Θεοόοτιανοί.</span> <span class='ocrx_word' id='word_1_193' title='bbox 799 2932 1049 2994; x_wconf 76' lang='grc' dir='ltr'>Θεόδοτος</span> <span class='ocrx_word' id='word_1_194' title='bbox 1083 2949 1168 2994; x_wconf 85' lang='grc' dir='ltr'><strong>τις</strong></span> <span class='ocrx_word' id='word_1_195' title='bbox 1205 2934 1260 2984; x_wconf 75' lang='grc' dir='ltr'>ὲν</span> <span class='ocrx_word' id='word_1_196' title='bbox 1310 2934 1386 3001; x_wconf 80' lang='grc' dir='ltr'>τῷ</span> <span class='ocrx_word' id='word_1_197' title='bbox 1418 2936 1696 3006; x_wconf 79' lang='grc' dir='ltr'>Βυζαντίῳ</span> 
     </span>
    </p>
   </div>
   <div class='ocr_carea' id='block_1_33' title="bbox 164 3016 1689 3091">
    <p class='ocr_par' dir='ltr' id='par_1_33' title="bbox 164 3016 1689 3091">
     <span class='ocr_line' id='line_1_33' title="bbox 164 3016 1689 3091; baseline 0.008 -28"><span class='ocrx_word' id='word_1_198' title='bbox 164 3016 475 3081; x_wconf 82' lang='grc' dir='ltr'>γενόμενος,</span> <span class='ocrx_word' id='word_1_199' title='bbox 527 3017 810 3085; x_wconf 77' lang='grc' dir='ltr'>ἄνθρωπον</span> <span class='ocrx_word' id='word_1_200' title='bbox 858 3018 1009 3072; x_wconf 76' lang='grc' dir='ltr'>εἶπεν</span> <span class='ocrx_word' id='word_1_201' title='bbox 1068 3018 1205 3072; x_wconf 78' lang='grc' dir='ltr'>εἶναι</span> <span class='ocrx_word' id='word_1_202' title='bbox 1250 3023 1477 3090; x_wconf 85' lang='grc' dir='ltr'>Χριστὸν</span> <span class='ocrx_word' id='word_1_203' title='bbox 1521 3024 1689 3091; x_wconf 77' lang='grc' dir='ltr'>ψιλὸν,</span> 
     </span>
    </p>
   </div>
   <div class='ocr_carea' id='block_1_34' title="bbox 166 3106 876 3176">
    <p class='ocr_par' dir='ltr' id='par_1_34' title="bbox 166 3106 876 3176">
     <span class='ocr_line' id='line_1_34' title="bbox 166 3106 876 3176; baseline 0.011 -24"><span class='ocrx_word' id='word_1_204' title='bbox 166 3108 378 3173; x_wconf 77' lang='grc' dir='ltr'>μετοχῆς</span> <span class='ocrx_word' id='word_1_205' title='bbox 404 3106 537 3157; x_wconf 78' lang='grc' dir='ltr'>Θεοῦ</span> <span class='ocrx_word' id='word_1_206' title='bbox 559 3108 876 3176; x_wconf 70' lang='grc' dir='ltr'>ἠξιωμένον.</span> 
     </span>
    </p>
   </div>
   <div class='ocr_carea' id='block_1_35' title="bbox 223 3194 1689 3273">
    <p class='ocr_par' dir='ltr' id='par_1_35' title="bbox 223 3194 1689 3273">
     <span class='ocr_line' id='line_1_35' title="bbox 223 3194 1689 3273; baseline 0.008 -30"><span class='ocrx_word' id='word_1_207' title='bbox 223 3197 315 3257; x_wconf 64' lang='grc' dir='ltr'>λγ.</span> <span class='ocrx_word' id='word_1_208' title='bbox 380 3194 757 3261; x_wconf 74' lang='grc' dir='ltr'>Ἀρτεμιανοί.</span> <span class='ocrx_word' id='word_1_209' title='bbox 820 3196 1102 3264; x_wconf 85' lang='grc' dir='ltr'>’Δρτεμίας</span> <span class='ocrx_word' id='word_1_210' title='bbox 1157 3198 1343 3265; x_wconf 77' lang='grc' dir='ltr'>γέγονὲ</span> <span class='ocrx_word' id='word_1_211' title='bbox 1392 3219 1475 3265; x_wconf 86' lang='grc' dir='ltr'><strong>τις</strong></span> <span class='ocrx_word' id='word_1_212' title='bbox 1522 3206 1576 3255; x_wconf 78' lang='grc' dir='ltr'>ἐν</span> <span class='ocrx_word' id='word_1_213' title='bbox 1622 3207 1689 3273; x_wconf 70' lang='grc' dir='ltr'>τῇ</span> 
     </span>
    </p>
   </div>
   <div class='ocr_carea' id='block_1_36' title="bbox 175 3280 1687 3358">
    <p class='ocr_par' dir='ltr' id='par_1_36' title="bbox 175 3280 1687 3358">
     <span class='ocr_line' id='line_1_36' title="bbox 175 3280 1687 3358; baseline 0.007 -27"><span class='ocrx_word' id='word_1_214' title='bbox 175 3280 333 3349; x_wconf 77' lang='grc' dir='ltr'>Ἀσίᾳ,</span> <span class='ocrx_word' id='word_1_215' title='bbox 370 3282 467 3351; x_wconf 79' lang='grc' dir='ltr'>τὴν</span> <span class='ocrx_word' id='word_1_216' title='bbox 521 3284 774 3337; x_wconf 83' lang='grc' dir='ltr'>Θεοδότου</span> <span class='ocrx_word' id='word_1_217' title='bbox 832 3286 1038 3354; x_wconf 78' lang='grc' dir='ltr'>αἵρεσιν</span> <span class='ocrx_word' id='word_1_218' title='bbox 1068 3290 1319 3357; x_wconf 89' lang='grc' dir='ltr'>τιμήσας.</span> <span class='ocrx_word' id='word_1_219' title='bbox 1378 3290 1687 3358; x_wconf 72' lang='grc' dir='ltr'>Ἄνθρωπον</span> 
     </span>
    </p>
   </div>
   <div class='ocr_carea' id='block_1_37' title="bbox 163 3362 1689 3444">
    <p class='ocr_par' dir='ltr' id='par_1_37' title="bbox 163 3362 1689 3444">
     <span class='ocr_line' id='line_1_37' title="bbox 163 3362 1689 3444; baseline 0.01 -29"><span class='ocrx_word' id='word_1_220' title='bbox 163 3366 252 3432; x_wconf 70' lang='grc' dir='ltr'><strong>γὰρ</strong></span> <span class='ocrx_word' id='word_1_221' title='bbox 281 3362 429 3418; x_wconf 72' lang='grc' dir='ltr'>εἶπεν</span> <span class='ocrx_word' id='word_1_222' title='bbox 468 3368 621 3435; x_wconf 76' lang='grc' dir='ltr'>ψιλὸν</span> <span class='ocrx_word' id='word_1_223' title='bbox 652 3371 741 3421; x_wconf 91' lang='grc' dir='ltr'><strong>τὸν</strong></span> <span class='ocrx_word' id='word_1_224' title='bbox 770 3372 1023 3441; x_wconf 79' lang='grc' dir='ltr'>Χριστὸν,</span> <span class='ocrx_word' id='word_1_225' title='bbox 1051 3374 1107 3426; x_wconf 70' lang='grc' dir='ltr'>ἐν</span> <span class='ocrx_word' id='word_1_226' title='bbox 1140 3378 1284 3444; x_wconf 80' lang='grc' dir='ltr'>αὑτῷ</span> <span class='ocrx_word' id='word_1_227' title='bbox 1313 3377 1402 3435; x_wconf 86' lang='grc' dir='ltr'><strong>τὸν</strong></span> <span class='ocrx_word' id='word_1_228' title='bbox 1432 3379 1561 3429; x_wconf 85' lang='grc' dir='ltr'>Θεὸν</span> <span class='ocrx_word' id='word_1_229' title='bbox 1589 3380 1689 3429; x_wconf 71' lang='grc' dir='ltr'>Λό-</span> 
     </span>
    </p>
   </div>
   <div class='ocr_carea' id='block_1_38' title="bbox 164 3458 955 3528">
    <p class='ocr_par' dir='ltr' id='par_1_38' title="bbox 164 3458 955 3528">
     <span class='ocr_line' id='line_1_38' title="bbox 164 3458 955 3528; baseline 0.008 -23"><span class='ocrx_word' id='word_1_230' title='bbox 164 3472 243 3519; x_wconf 80' lang='grc' dir='ltr'><strong>τον</strong></span> <span class='ocrx_word' id='word_1_231' title='bbox 276 3460 539 3508; x_wconf 84' lang='grc' dir='ltr'>κατοικεῖν</span> <span class='ocrx_word' id='word_1_232' title='bbox 570 3458 955 3528; x_wconf 83' lang='grc' dir='ltr'>εὐδοκήσαντα.</span> 
     </span>
    </p>
   </div>
   <div class='ocr_carea' id='block_1_39' title="bbox 220 3534 1684 3620">
    <p class='ocr_par' dir='ltr' id='par_1_39' title="bbox 220 3534 1684 3620">
     <span class='ocr_line' id='line_1_39' title="bbox 220 3534 1684 3620; baseline 0.007 -25"><span class='ocrx_word' id='word_1_233' title='bbox 220 3543 308 3597; x_wconf 66' lang='grc' dir='ltr'><strong>λδ.</strong></span> <span class='ocrx_word' id='word_1_234' title='bbox 336 3534 879 3613; x_wconf 72' lang='grc' dir='ltr'>Μελχισεὸεκιανοὶ,</span> <span class='ocrx_word' id='word_1_235' title='bbox 910 3549 1137 3619; x_wconf 86' lang='grc' dir='ltr'>δύναμιν</span> <span class='ocrx_word' id='word_1_236' title='bbox 1163 3551 1293 3604; x_wconf 81' lang='grc' dir='ltr'>Θεοῦ</span> <span class='ocrx_word' id='word_1_237' title='bbox 1316 3552 1403 3604; x_wconf 80' lang='grc' dir='ltr'><strong>τὸν</strong></span> <span class='ocrx_word' id='word_1_238' title='bbox 1424 3554 1684 3620; x_wconf 75' lang='grc' dir='ltr'>Μελχισε-</span> 
     </span>
    </p>
   </div>
   <div class='ocr_carea' id='block_1_40' title="bbox 162 3630 1682 3708">
    <p class='ocr_par' dir='ltr' id='par_1_40' title="bbox 162 3630 1682 3708">
     <span class='ocr_line' id='line_1_40' title="bbox 162 3630 1682 3708; baseline 0.009 -28"><span class='ocrx_word' id='word_1_239' title='bbox 162 3630 241 3681; x_wconf 77' lang='grc' dir='ltr'><strong>δὲκ</strong></span> <span class='ocrx_word' id='word_1_240' title='bbox 269 3630 403 3684; x_wconf 80' lang='grc' dir='ltr'>εἶναι</span> <span class='ocrx_word' id='word_1_241' title='bbox 444 3635 720 3701; x_wconf 79' lang='grc' dir='ltr'>νομίζουσι</span> <span class='ocrx_word' id='word_1_242' title='bbox 744 3675 758 3697; x_wconf 85' lang='grc'><strong>,</strong></span> <span class='ocrx_word' id='word_1_243' title='bbox 791 3638 882 3688; x_wconf 75' lang='grc' dir='ltr'>καὶ</span> <span class='ocrx_word' id='word_1_244' title='bbox 910 3640 987 3700; x_wconf 83' lang='grc' dir='ltr'><strong>είς</strong></span> <span class='ocrx_word' id='word_1_245' title='bbox 1027 3640 1183 3692; x_wconf 84' lang='grc' dir='ltr'>αὐτὸν</span> <span class='ocrx_word' id='word_1_246' title='bbox 1210 3641 1387 3702; x_wconf 74' lang='grc' dir='ltr'>πάσας</span> <span class='ocrx_word' id='word_1_247' title='bbox 1418 3642 1513 3702; x_wconf 78' lang='grc' dir='ltr'>τὰς</span> <span class='ocrx_word' id='word_1_248' title='bbox 1542 3642 1682 3708; x_wconf 87' lang='grc' dir='ltr'>Γρα-</span> 
     </span>
    </p>
   </div>
   <div class='ocr_carea' id='block_1_41' title="bbox 165 3712 1680 3807">
    <p class='ocr_par' dir='ltr' id='par_1_41' title="bbox 165 3712 1680 3807">
     <span class='ocr_line' id='line_1_41' title="bbox 165 3712 1680 3807; baseline 0.009 -39"><span class='ocrx_word' id='word_1_249' title='bbox 165 3720 252 3783; x_wconf 67' lang='grc' dir='ltr'>φὰς</span> <span class='ocrx_word' id='word_1_250' title='bbox 278 3722 669 3807; x_wconf 69' lang='grc' dir='ltr'>ἀναφέρουσιῶ</span> <span class='ocrx_word' id='word_1_251' title='bbox 700 3712 855 3776; x_wconf 85' lang='grc' dir='ltr'>αὑτὸν</span> <span class='ocrx_word' id='word_1_252' title='bbox 882 3722 1018 3779; x_wconf 76' lang='grc' dir='ltr'>εἶναι</span> <span class='ocrx_word' id='word_1_253' title='bbox 1041 3730 1286 3795; x_wconf 80' lang='grc' dir='ltr'>λέγοντες</span> <span class='ocrx_word' id='word_1_254' title='bbox 1314 3732 1403 3782; x_wconf 89' lang='grc' dir='ltr'><strong>τὸν</strong></span> <span class='ocrx_word' id='word_1_255' title='bbox 1430 3731 1680 3797; x_wconf 85' lang='grc' dir='ltr'>Χριστόν.</span> 
     </span>
    </p>
   </div>
   <div class='ocr_carea' id='block_1_42' title="bbox 220 3806 1683 3883">
    <p class='ocr_par' dir='ltr' id='par_1_42' title="bbox 220 3806 1683 3883">
     <span class='ocr_line' id='line_1_42' title="bbox 220 3806 1683 3883; baseline 0.005 -24"><span class='ocrx_word' id='word_1_256' title='bbox 220 3807 306 3861; x_wconf 77' lang='grc' dir='ltr'>λε’.</span> <span class='ocrx_word' id='word_1_257' title='bbox 336 3806 629 3863; x_wconf 62' lang='lat' dir='ltr'><strong>Navita.</strong></span> <span class='ocrx_word' id='word_1_258' title='bbox 647 3811 889 3873; x_wconf 80' lang='grc' dir='ltr'>Ναυᾶτος</span> <span class='ocrx_word' id='word_1_259' title='bbox 911 3815 1191 3879; x_wconf 76' lang='grc' dir='ltr'>μετανοίας</span> <span class='ocrx_word' id='word_1_260' title='bbox 1221 3818 1415 3883; x_wconf 85' lang='grc' dir='ltr'>τρόπον</span> <span class='ocrx_word' id='word_1_261' title='bbox 1440 3817 1549 3883; x_wconf 82' lang='lat'><strong>(79)</strong></span> <span class='ocrx_word' id='word_1_262' title='bbox 1575 3820 1683 3877; x_wconf 82' lang='grc' dir='ltr'>τοῖς</span> 
     </span>
    </p>
   </div>
   <div class='ocr_carea' id='block_1_43' title="bbox 164 3896 1684 3972">
    <p class='ocr_par' dir='ltr' id='par_1_43' title="bbox 164 3896 1684 3972">
     <span class='ocr_line' id='line_1_43' title="bbox 164 3896 1684 3972; baseline 0.005 -21"><span class='ocrx_word' id='word_1_263' title='bbox 164 3900 543 3969; x_wconf 76' lang='grc' dir='ltr'>ἁμαρτάνουσιν</span> <span class='ocrx_word' id='word_1_264' title='bbox 562 3901 621 3953; x_wconf 77' lang='grc' dir='ltr'>οὐ</span> <span class='ocrx_word' id='word_1_265' title='bbox 643 3901 873 3954; x_wconf 80' lang='grc' dir='ltr'>δίδωσιν.</span> <span class='ocrx_word' id='word_1_266' title='bbox 902 3896 1054 3955; x_wconf 78' lang='grc' dir='ltr'>Οὗτοι</span> <span class='ocrx_word' id='word_1_267' title='bbox 1077 3904 1131 3955; x_wconf 84' lang='grc' dir='ltr'><strong>δέ</strong></span> <span class='ocrx_word' id='word_1_268' title='bbox 1154 3906 1285 3959; x_wconf 73' lang='grc' dir='ltr'>εἰσιν</span> <span class='ocrx_word' id='word_1_269' title='bbox 1314 3906 1362 3956; x_wconf 78' lang='grc' dir='ltr'>οἱ</span> <span class='ocrx_word' id='word_1_270' title='bbox 1386 3906 1684 3972; x_wconf 80' lang='grc' dir='ltr'>Καθαροὺς</span> 
     </span>
    </p>
   </div>
   <div class='ocr_carea' id='block_1_44' title="bbox 165 3990 951 4061">
    <p class='ocr_par' dir='ltr' id='par_1_44' title="bbox 165 3990 951 4061">
     <span class='ocr_line' id='line_1_44' title="bbox 165 3990 951 4061; baseline 0.009 -22"><span class='ocrx_word' id='word_1_271' title='bbox 165 3990 367 4053; x_wconf 68' lang='grc' dir='ltr'>ἑαυτοὺς</span> <span class='ocrx_word' id='word_1_272' title='bbox 399 3991 951 4061; x_wconf 80' lang='grc' dir='ltr'>προσαγορεύσαντες.</span> 
     </span>
    </p>
   </div>
   <div class='ocr_carea' id='block_1_45' title="bbox 220 4079 1680 4156">
    <p class='ocr_par' dir='ltr' id='par_1_45' title="bbox 220 4079 1680 4156">
     <span class='ocr_line' id='line_1_45' title="bbox 220 4079 1680 4156; baseline 0.006 -26"><span class='ocrx_word' id='word_1_273' title='bbox 220 4079 320 4141; x_wconf 77' lang='grc' dir='ltr'>λς’.</span> <span class='ocrx_word' id='word_1_274' title='bbox 344 4082 712 4147; x_wconf 77' lang='grc' dir='ltr'>Σευηριανοί.</span> <span class='ocrx_word' id='word_1_275' title='bbox 735 4082 996 4144; x_wconf 88' lang='grc' dir='ltr'>Γυναῖκας</span> <span class='ocrx_word' id='word_1_276' title='bbox 1020 4085 1046 4135; x_wconf 85' lang='grc' dir='ltr'>ὁ</span> <span class='ocrx_word' id='word_1_277' title='bbox 1062 4084 1198 4151; x_wconf 87' lang='grc' dir='ltr'><strong>Σευῆ</strong></span> <span class='ocrx_word' id='word_1_278' title='bbox 1209 4102 1295 4153; x_wconf 85' lang='grc' dir='ltr'>ρος</span> <span class='ocrx_word' id='word_1_279' title='bbox 1320 4091 1680 4156; x_wconf 85' lang='grc' dir='ltr'>παραιτεῖται,</span> 
     </span>
    </p>
   </div>
   <div class='ocr_carea' id='block_1_46' title="bbox 165 4168 1681 4239">
    <p class='ocr_par' dir='ltr' id='par_1_46' title="bbox 165 4168 1681 4239">
     <span class='ocr_line' id='line_1_46' title="bbox 165 4168 1681 4239; baseline 0.006 -20"><span class='ocrx_word' id='word_1_280' title='bbox 165 4168 368 4238; x_wconf 77' lang='grc' dir='ltr'>δύναμιν</span> <span class='ocrx_word' id='word_1_281' title='bbox 399 4171 685 4237; x_wconf 78' lang='grc' dir='ltr'>ἀριστερὰν</span> <span class='ocrx_word' id='word_1_282' title='bbox 716 4171 882 4239; x_wconf 83' lang='grc' dir='ltr'>αὐτὴν</span> <span class='ocrx_word' id='word_1_283' title='bbox 915 4172 1109 4225; x_wconf 78' lang='grc' dir='ltr'>καλῶν.</span> <span class='ocrx_word' id='word_1_284' title='bbox 1145 4176 1246 4226; x_wconf 89' lang='grc' dir='ltr'>Τὸν</span> <span class='ocrx_word' id='word_1_285' title='bbox 1273 4172 1411 4227; x_wconf 84' lang='grc' dir='ltr'>οἶνον</span> <span class='ocrx_word' id='word_1_286' title='bbox 1443 4178 1681 4229; x_wconf 73' lang='grc' dir='ltr'><strong>ἀποϐάλ-</strong></span> 
     </span>
    </p>
   </div>
   <div class='ocr_carea' id='block_1_47' title="bbox 166 4256 1681 4335">
    <p class='ocr_par' dir='ltr' id='par_1_47' title="bbox 166 4256 1681 4335">
     <span class='ocr_line' id='line_1_47' title="bbox 166 4256 1681 4335; baseline 0.007 -30"><span class='ocrx_word' id='word_1_287' title='bbox 166 4256 293 4306; x_wconf 82' lang='grc' dir='ltr'>λεται</span> <span class='ocrx_word' id='word_1_288' title='bbox 312 4298 325 4319; x_wconf 91' lang='grc'><strong>,</strong></span> <span class='ocrx_word' id='word_1_289' title='bbox 360 4259 467 4309; x_wconf 80' lang='grc' dir='ltr'>ἀπὸ</span> <span class='ocrx_word' id='word_1_290' title='bbox 496 4259 690 4326; x_wconf 82' lang='grc' dir='ltr'>μίξεως</span> <span class='ocrx_word' id='word_1_291' title='bbox 721 4260 1006 4327; x_wconf 87' lang='grc' dir='ltr'>δράκοντος</span> <span class='ocrx_word' id='word_1_292' title='bbox 1036 4265 1126 4313; x_wconf 83' lang='grc' dir='ltr'><strong>καὶ</strong></span> <span class='ocrx_word' id='word_1_293' title='bbox 1151 4266 1246 4332; x_wconf 76' lang='grc' dir='ltr'>τῆς</span> <span class='ocrx_word' id='word_1_294' title='bbox 1270 4265 1369 4333; x_wconf 79' lang='grc' dir='ltr'><strong>γῆς</strong></span> <span class='ocrx_word' id='word_1_295' title='bbox 1402 4265 1559 4332; x_wconf 77' lang='grc' dir='ltr'>φῦναι</span> <span class='ocrx_word' id='word_1_296' title='bbox 1586 4266 1681 4335; x_wconf 79' lang='grc' dir='ltr'>τὴν</span> 
     </span>
    </p>
   </div>
   <div class='ocr_carea' id='block_1_48' title="bbox 165 4345 647 4411">
    <p class='ocr_par' dir='ltr' id='par_1_48' title="bbox 165 4345 647 4411">
     <span class='ocr_line' id='line_1_48' title="bbox 165 4345 647 4411; baseline 0.012 -18"><span class='ocrx_word' id='word_1_297' title='bbox 165 4345 384 4410; x_wconf 74' lang='grc' dir='ltr'>ἄμπελον</span> <span class='ocrx_word' id='word_1_298' title='bbox 405 4346 647 4411; x_wconf 76' lang='grc' dir='ltr'>φάσκων.</span> 
     </span>
    </p>
   </div>
   <div class='ocr_carea' id='block_1_49' title="bbox 221 4432 1679 4512">
    <p class='ocr_par' dir='ltr' id='par_1_49' title="bbox 221 4432 1679 4512">
     <span class='ocr_line' id='line_1_49' title="bbox 221 4432 1679 4512; baseline 0.009 -32"><span class='ocrx_word' id='word_1_299' title='bbox 221 4432 305 4493; x_wconf 68' lang='grc' dir='ltr'><strong>λζ’.</strong></span> <span class='ocrx_word' id='word_1_300' title='bbox 347 4434 781 4497; x_wconf 82' lang='grc' dir='ltr'>Βαρόισανῖται.</span> <span class='ocrx_word' id='word_1_301' title='bbox 831 4437 957 4487; x_wconf 80' lang='grc' dir='ltr'>Ἀπὸ</span> <span class='ocrx_word' id='word_1_302' title='bbox 994 4440 1312 4505; x_wconf 74' lang='grc' dir='ltr'>Βαρδισάνου</span> <span class='ocrx_word' id='word_1_303' title='bbox 1346 4442 1488 4504; x_wconf 82' lang='grc' dir='ltr'>τινὸς</span> <span class='ocrx_word' id='word_1_304' title='bbox 1521 4445 1576 4495; x_wconf 83' lang='grc' dir='ltr'><strong>ἐν</strong></span> <span class='ocrx_word' id='word_1_305' title='bbox 1614 4447 1679 4512; x_wconf 81' lang='grc' dir='ltr'>τῇ</span> 
     </span>
    </p>
   </div>
   <div class='ocr_carea' id='block_1_50' title="bbox 166 4519 1681 4596">
    <p class='ocr_par' dir='ltr' id='par_1_50' title="bbox 166 4519 1681 4596">
     <span class='ocr_line' id='line_1_50' title="bbox 166 4519 1681 4596; baseline 0.01 -27"><span class='ocrx_word' id='word_1_306' title='bbox 166 4519 533 4589; x_wconf 73' lang='grc' dir='ltr'>Μεσοποταμία</span> <span class='ocrx_word' id='word_1_307' title='bbox 565 4524 842 4587; x_wconf 77' lang='grc' dir='ltr'>γεγονότος</span> <span class='ocrx_word' id='word_1_308' title='bbox 861 4562 875 4586; x_wconf 83' lang='grc'><strong>,</strong></span> <span class='ocrx_word' id='word_1_309' title='bbox 902 4519 1044 4575; x_wconf 74' lang='grc' dir='ltr'>οὗτοι</span> <span class='ocrx_word' id='word_1_310' title='bbox 1072 4527 1127 4576; x_wconf 80' lang='grc' dir='ltr'><strong>δὲ</strong></span> <span class='ocrx_word' id='word_1_311' title='bbox 1165 4529 1489 4596; x_wconf 84' lang='grc' dir='ltr'>ἀνεφύησαν.</span> <span class='ocrx_word' id='word_1_312' title='bbox 1531 4533 1681 4585; x_wconf 79' lang='grc' dir='ltr'>Ἀνά-</span> 
     </span>
    </p>
   </div>
   <div class='ocr_carea' id='block_1_51' title="bbox 169 4610 1677 4685">
    <p class='ocr_par' dir='ltr' id='par_1_51' title="bbox 169 4610 1677 4685">
     <span class='ocr_line' id='line_1_51' title="bbox 169 4610 1677 4685; baseline 0.009 -27"><span class='ocrx_word' id='word_1_313' title='bbox 169 4626 337 4664; x_wconf 77' lang='grc' dir='ltr'>στασιν</span> <span class='ocrx_word' id='word_1_314' title='bbox 368 4610 618 4661; x_wconf 81' lang='grc' dir='ltr'>ἀθετοῦσι</span> <span class='ocrx_word' id='word_1_315' title='bbox 658 4612 938 4679; x_wconf 84' lang='grc' dir='ltr'>σώματος,</span> <span class='ocrx_word' id='word_1_316' title='bbox 990 4617 1081 4665; x_wconf 68' lang='grc' dir='ltr'>καὶ</span> <span class='ocrx_word' id='word_1_317' title='bbox 1129 4617 1222 4685; x_wconf 81' lang='grc' dir='ltr'>τὴν</span> <span class='ocrx_word' id='word_1_318' title='bbox 1268 4618 1538 4685; x_wconf 87' lang='grc' dir='ltr'>σάρκωσιν</span> <span class='ocrx_word' id='word_1_319' title='bbox 1587 4622 1677 4672; x_wconf 82' lang='grc' dir='ltr'><strong>τοῦ</strong></span> 
     </span>
    </p>
   </div>
   <div class='ocr_carea' id='block_1_52' title="bbox 166 4699 1537 4771">
    <p class='ocr_par' dir='ltr' id='par_1_52' title="bbox 166 4699 1537 4771">
     <span class='ocr_line' id='line_1_52' title="bbox 166 4699 1537 4771; baseline 0.008 -23"><span class='ocrx_word' id='word_1_320' title='bbox 166 4699 390 4769; x_wconf 61' lang='grc' dir='ltr'>Σωτῆρος</span> <span class='ocrx_word' id='word_1_321' title='bbox 435 4702 570 4753; x_wconf 75' lang='grc' dir='ltr'>κατὰ</span> <span class='ocrx_word' id='word_1_322' title='bbox 600 4703 896 4768; x_wconf 84' lang='grc' dir='ltr'>φαντασίαν</span> <span class='ocrx_word' id='word_1_323' title='bbox 928 4704 1250 4771; x_wconf 81' lang='grc' dir='ltr'>γεγενῆσθαι</span> <span class='ocrx_word' id='word_1_324' title='bbox 1284 4707 1537 4759; x_wconf 81' lang='grc' dir='ltr'>τίθενται.</span> 
     </span>
    </p>
   </div>
   <div class='ocr_carea' id='block_1_53' title="bbox 218 4791 1677 4862">
    <p class='ocr_par' dir='ltr' id='par_1_53' title="bbox 218 4791 1677 4862">
     <span class='ocr_line' id='line_1_53' title="bbox 218 4791 1677 4862; baseline 0.005 -21"><span class='ocrx_word' id='word_1_325' title='bbox 218 4794 305 4857; x_wconf 75' lang='grc' dir='ltr'><strong>λη’.</strong></span> <span class='ocrx_word' id='word_1_326' title='bbox 345 4791 712 4846; x_wconf 70' lang='grc' dir='ltr'>Ἑλκεσιανοί</span> <span class='ocrx_word' id='word_1_327' title='bbox 742 4794 798 4843; x_wconf 86' lang='grc' dir='ltr'>ὲν</span> <span class='ocrx_word' id='word_1_328' title='bbox 826 4795 891 4861; x_wconf 87' lang='grc' dir='ltr'>τῇ</span> <span class='ocrx_word' id='word_1_329' title='bbox 930 4793 1153 4862; x_wconf 79' lang='grc' dir='ltr'>Ἀραϐίᾳ</span> <span class='ocrx_word' id='word_1_330' title='bbox 1185 4797 1487 4860; x_wconf 88' lang='grc' dir='ltr'>γεγόνασιν.</span> <span class='ocrx_word' id='word_1_331' title='bbox 1520 4792 1677 4851; x_wconf 69' lang='grc' dir='ltr'>Οὗτοι</span> 
     </span>
    </p>
   </div>
   <div class='ocr_carea' id='block_1_54' title="bbox 167 4880 1680 4956">
    <p class='ocr_par' dir='ltr' id='par_1_54' title="bbox 167 4880 1680 4956">
     <span class='ocr_line' id='line_1_54' title="bbox 167 4880 1680 4956; baseline 0.008 -26"><span class='ocrx_word' id='word_1_332' title='bbox 167 4880 251 4931; x_wconf 70' lang='grc' dir='ltr'><strong>ἀπό</strong></span> <span class='ocrx_word' id='word_1_333' title='bbox 279 4899 417 4941; x_wconf 73' lang='grc' dir='ltr'>τινος</span> <span class='ocrx_word' id='word_1_334' title='bbox 470 4882 701 4934; x_wconf 80' lang='grc' dir='ltr'>Ἐλκασᾶ</span> <span class='ocrx_word' id='word_1_335' title='bbox 728 4884 1216 4954; x_wconf 74' lang='grc' dir='ltr'>ψευδοπροφητείας</span> <span class='ocrx_word' id='word_1_336' title='bbox 1254 4889 1529 4956; x_wconf 71' lang='grc' dir='ltr'>φέροντεςο</span> <span class='ocrx_word' id='word_1_337' title='bbox 1565 4891 1680 4942; x_wconf 76' lang='grc' dir='ltr'><strong>ὲ.λέ-</strong></span> 
     </span>
    </p>
   </div>
   <div class='ocr_carea' id='block_1_55' title="bbox 168 4970 853 5038">
    <p class='ocr_par' dir='ltr' id='par_1_55' title="bbox 168 4970 853 5038">
     <span class='ocr_line' id='line_1_55' title="bbox 168 4970 853 5038; baseline 0.015 -24"><span class='ocrx_word' id='word_1_338' title='bbox 168 4980 297 5027; x_wconf 74' lang='grc' dir='ltr'>γοντο</span> <span class='ocrx_word' id='word_1_339' title='bbox 330 4970 387 5021; x_wconf 81' lang='grc' dir='ltr'><strong>δὲ</strong></span> <span class='ocrx_word' id='word_1_340' title='bbox 419 4972 512 5023; x_wconf 78' lang='grc' dir='ltr'>καὶ</span> <span class='ocrx_word' id='word_1_341' title='bbox 543 4973 853 5038; x_wconf 57' lang='lat' dir='ltr'><strong>Zama-aiat.</strong></span> 
     </span>
    </p>
   </div>
   <div class='ocr_carea' id='block_1_56' title="bbox 220 5054 1677 5135">
    <p class='ocr_par' dir='ltr' id='par_1_56' title="bbox 220 5054 1677 5135">
     <span class='ocr_line' id='line_1_56' title="bbox 220 5054 1677 5135; baseline 0.008 -28"><span class='ocrx_word' id='word_1_342' title='bbox 220 5054 307 5111; x_wconf 71' lang='grc' dir='ltr'>λίπ’.</span> <span class='ocrx_word' id='word_1_343' title='bbox 336 5063 738 5126; x_wconf 70' lang='grc' dir='ltr'>Βυριλλιανοί.</span> <span class='ocrx_word' id='word_1_344' title='bbox 768 5064 1017 5132; x_wconf 54' lang='lat' dir='ltr'><strong>nuptm;</strong></span> <span class='ocrx_word' id='word_1_345' title='bbox 1046 5084 1124 5127; x_wconf 89' lang='grc' dir='ltr'><strong>τις</strong></span> <span class='ocrx_word' id='word_1_346' title='bbox 1153 5068 1207 5117; x_wconf 81' lang='grc' dir='ltr'>ὲν</span> <span class='ocrx_word' id='word_1_347' title='bbox 1227 5068 1291 5133; x_wconf 80' lang='grc' dir='ltr'>τῇ</span> <span class='ocrx_word' id='word_1_348' title='bbox 1334 5066 1556 5135; x_wconf 76' lang='grc' dir='ltr'>Ἀραϐίᾳ</span> <span class='ocrx_word' id='word_1_349' title='bbox 1588 5068 1677 5118; x_wconf 81' lang='grc' dir='ltr'>καὶ</span> 
     </span>
    </p>
   </div>
   <div class='ocr_carea' id='block_1_57' title="bbox 169 5139 1678 5225">
    <p class='ocr_par' dir='ltr' id='par_1_57' title="bbox 169 5139 1678 5225">
     <span class='ocr_line' id='line_1_57' title="bbox 169 5139 1678 5225; baseline 0.008 -29"><span class='ocrx_word' id='word_1_350' title='bbox 169 5139 294 5207; x_wconf 72' lang='grc' dir='ltr'>οὗτος</span> <span class='ocrx_word' id='word_1_351' title='bbox 323 5151 591 5217; x_wconf 83' lang='grc' dir='ltr'>γεγονὼς,</span> <span class='ocrx_word' id='word_1_352' title='bbox 631 5154 910 5219; x_wconf 78' lang='grc' dir='ltr'>ἄνθρωπον</span> <span class='ocrx_word' id='word_1_353' title='bbox 950 5157 1038 5206; x_wconf 83' lang='grc' dir='ltr'><strong>τὸν</strong></span> <span class='ocrx_word' id='word_1_354' title='bbox 1067 5158 1294 5225; x_wconf 86' lang='grc' dir='ltr'>Χριστὸν</span> <span class='ocrx_word' id='word_1_355' title='bbox 1323 5158 1586 5225; x_wconf 76' lang='grc' dir='ltr'>ἐνόμισεν,</span> <span class='ocrx_word' id='word_1_356' title='bbox 1620 5158 1678 5208; x_wconf 83' lang='grc' dir='ltr'>οὐ</span> 
     </span>
    </p>
   </div>
   <div class='ocr_carea' id='block_1_58' title="bbox 170 5236 1682 5314">
    <p class='ocr_par' dir='ltr' id='par_1_58' title="bbox 170 5236 1682 5314">
     <span class='ocr_line' id='line_1_58' title="bbox 170 5236 1682 5314; baseline 0.016 -31"><span class='ocrx_word' id='word_1_357' title='bbox 170 5236 402 5305; x_wconf 78' lang='grc' dir='ltr'>πρότερον</span> <span class='ocrx_word' id='word_1_358' title='bbox 434 5239 593 5291; x_wconf 83' lang='grc' dir='ltr'>αὐτὸν</span> <span class='ocrx_word' id='word_1_359' title='bbox 621 5241 745 5293; x_wconf 77' lang='grc' dir='ltr'>ὄντα</span> <span class='ocrx_word' id='word_1_360' title='bbox 791 5243 880 5294; x_wconf 85' lang='grc' dir='ltr'><strong>τὸν</strong></span> <span class='ocrx_word' id='word_1_361' title='bbox 910 5244 1139 5311; x_wconf 84' lang='grc' dir='ltr'>Χριστὸν</span> <span class='ocrx_word' id='word_1_362' title='bbox 1176 5247 1343 5313; x_wconf 87' lang='grc' dir='ltr'>Λόγον</span> <span class='ocrx_word' id='word_1_363' title='bbox 1384 5243 1682 5314; x_wconf 79' lang='grc' dir='ltr'>παραδεξά-</span> 
     </span>
    </p>
   </div>
   <div class='ocr_carea' id='block_1_59' title="bbox 173 5341 328 5389">
    <p class='ocr_par' dir='ltr' id='par_1_59' title="bbox 173 5341 328 5389">
     <span class='ocr_line' id='line_1_59' title="bbox 173 5341 328 5389; baseline -0.013 0"><span class='ocrx_word' id='word_1_364' title='bbox 173 5341 328 5389; x_wconf 76' lang='grc' dir='ltr'>μενος.</span> 
     </span>
    </p>
   </div>
   <div class='ocr_carea' id='block_1_60' title="bbox 226 5414 1678 5493">
    <p class='ocr_par' dir='ltr' id='par_1_60' title="bbox 226 5414 1678 5493">
     <span class='ocr_line' id='line_1_60' title="bbox 226 5414 1678 5493; baseline 0.007 -27"><span class='ocrx_word' id='word_1_365' title='bbox 226 5414 288 5482; x_wconf 84' lang='grc' dir='ltr'>μ’.</span> <span class='ocrx_word' id='word_1_366' title='bbox 316 5415 651 5471; x_wconf 76' lang='grc' dir='ltr'>Οὐαλέσιοι.</span> <span class='ocrx_word' id='word_1_367' title='bbox 685 5421 910 5491; x_wconf 75' lang='grc' dir='ltr'>Οὐάλης,</span> <span class='ocrx_word' id='word_1_368' title='bbox 932 5426 958 5475; x_wconf 91' lang='grc' dir='ltr'><strong>ό</strong></span> <span class='ocrx_word' id='word_1_369' title='bbox 978 5423 1034 5473; x_wconf 84' lang='grc' dir='ltr'><strong>ἐν</strong></span> <span class='ocrx_word' id='word_1_370' title='bbox 1058 5425 1122 5490; x_wconf 83' lang='grc' dir='ltr'>τῇ</span> <span class='ocrx_word' id='word_1_371' title='bbox 1160 5422 1383 5493; x_wconf 77' lang='grc' dir='ltr'>’Ᾱραὸίᾳ</span> <span class='ocrx_word' id='word_1_372' title='bbox 1416 5424 1508 5475; x_wconf 75' lang='grc' dir='ltr'>καὶ</span> <span class='ocrx_word' id='word_1_373' title='bbox 1528 5417 1678 5485; x_wconf 75' lang='grc' dir='ltr'>οὗτος</span> 
     </span>
    </p>
   </div>
   <div class='ocr_carea' id='block_1_61' title="bbox 227 5586 707 5648">
    <p class='ocr_par' dir='ltr' id='par_1_61' title="bbox 227 5586 707 5648">
     <span class='ocr_line' id='line_1_61' title="bbox 227 5586 707 5648; baseline 0.008 -4"><span class='ocrx_word' id='word_1_374' title='bbox 227 5586 321 5648; x_wconf 72' lang='grc'><strong>(79)</strong></span> <span class='ocrx_word' id='word_1_375' title='bbox 344 5592 507 5647; x_wconf 77' lang='lat' dir='ltr'><strong>Forte</strong></span> <span class='ocrx_word' id='word_1_376' title='bbox 532 5592 707 5648; x_wconf 83' lang='grc' dir='ltr'>τόπον.</span> 
     </span>
    </p>
   </div>
   <div class='ocr_carea' id='block_1_62' title="bbox 1801 538 3340 601">
    <p class='ocr_par' dir='ltr' id='par_1_62' title="bbox 1801 538 3340 601">
     <span class='ocr_line' id='line_1_62' title="bbox 1801 538 3340 601; baseline -0.003 -8"><span class='ocrx_word' id='word_1_377' title='bbox 1801 543 2149 601; x_wconf 66' lang='lat' dir='ltr'><strong>coitu-arium.</strong></span> <span class='ocrx_word' id='word_1_378' title='bbox 2183 541 2345 593; x_wconf 91' lang='lat' dir='ltr'><strong>alium</strong></span> <span class='ocrx_word' id='word_1_379' title='bbox 2373 540 2583 593; x_wconf 89' lang='lat' dir='ltr'><strong>dicebat</strong></span> <span class='ocrx_word' id='word_1_380' title='bbox 2607 554 2726 592; x_wconf 84' lang='lat' dir='ltr'><strong>esse</strong></span> <span class='ocrx_word' id='word_1_381' title='bbox 2758 539 2940 590; x_wconf 85' lang='lat' dir='ltr'><strong>Deum.</strong></span> <span class='ocrx_word' id='word_1_382' title='bbox 2977 538 3340 591; x_wconf 77' lang='lat' dir='ltr'><strong>Resurrectio-</strong></span> 
     </span>
    </p>
   </div>
   <div class='ocr_carea' id='block_1_63' title="bbox 1801 626 3351 697">
    <p class='ocr_par' dir='ltr' id='par_1_63' title="bbox 1801 626 3351 697">
     <span class='ocr_line' id='line_1_63' title="bbox 1801 626 3351 697; baseline -0.003 -15"><span class='ocrx_word' id='word_1_383' title='bbox 1801 646 1920 682; x_wconf 86' lang='lat' dir='ltr'><strong>nem</strong></span> <span class='ocrx_word' id='word_1_384' title='bbox 1950 631 2171 697; x_wconf 79' lang='lat' dir='ltr'><strong>respuit.</strong></span> <span class='ocrx_word' id='word_1_385' title='bbox 2205 629 2477 696; x_wconf 87' lang='lat' dir='ltr'><strong>Baptisma</strong></span> <span class='ocrx_word' id='word_1_386' title='bbox 2510 628 2783 681; x_wconf 71' lang='lat' dir='ltr'><strong>multotics</strong></span> <span class='ocrx_word' id='word_1_387' title='bbox 2811 627 3012 680; x_wconf 80' lang='lat' dir='ltr'><strong>eisdem</strong></span> <span class='ocrx_word' id='word_1_388' title='bbox 3036 626 3351 679; x_wconf 84' lang='lat' dir='ltr'><strong>conferebat</strong></span> 
     </span>
    </p>
   </div>
   <div class='ocr_carea' id='block_1_64' title="bbox 1800 715 3341 787">
    <p class='ocr_par' dir='ltr' id='par_1_64' title="bbox 1800 715 3341 787">
     <span class='ocr_line' id='line_1_64' title="bbox 1800 715 3341 787; baseline -0.001 -18"><span class='ocrx_word' id='word_1_389' title='bbox 1800 715 2255 773; x_wconf 30' lang='lat' dir='ltr'><strong>inirentissionem</strong></span> <span class='ocrx_word' id='word_1_390' title='bbox 2284 729 2649 787; x_wconf 84' lang='lat' dir='ltr'><strong>peccatorum.</strong></span> <span class='ocrx_word' id='word_1_391' title='bbox 2681 716 2959 785; x_wconf 84' lang='lat' dir='ltr'><strong>Baptizant</strong></span> <span class='ocrx_word' id='word_1_392' title='bbox 2979 731 3073 783; x_wconf 92' lang='lat' dir='ltr'><strong>pro</strong></span> <span class='ocrx_word' id='word_1_393' title='bbox 3098 716 3341 768; x_wconf 84' lang='lat' dir='ltr'><strong>mortuis.</strong></span> 
     </span>
    </p>
   </div>
   <div class='ocr_carea' id='block_1_65' title="bbox 1865 876 3349 955">
    <p class='ocr_par' dir='ltr' id='par_1_65' title="bbox 1865 876 3349 955">
     <span class='ocr_line' id='line_1_65' title="bbox 1865 876 3349 955; baseline -0.001 -14"><span class='ocrx_word' id='word_1_394' title='bbox 1865 890 1953 941; x_wconf 67' lang='lat'><strong>25.</strong></span> <span class='ocrx_word' id='word_1_395' title='bbox 1992 888 2320 942; x_wconf 68' lang='lat' dir='ltr'><strong>Lucianislw.</strong></span> <span class='ocrx_word' id='word_1_396' title='bbox 2364 888 2589 952; x_wconf 81' lang='lat' dir='ltr'><strong>Quidam</strong></span> <span class='ocrx_word' id='word_1_397' title='bbox 2632 876 2865 949; x_wconf 47' lang='lat' dir='ltr'><strong>Lucius&#39;,</strong></span> <span class='ocrx_word' id='word_1_398' title='bbox 2903 902 3008 940; x_wconf 88' lang='lat' dir='ltr'><strong>non</strong></span> <span class='ocrx_word' id='word_1_399' title='bbox 3037 887 3219 955; x_wconf 86' lang='lat' dir='ltr'><strong>utique</strong></span> <span class='ocrx_word' id='word_1_400' title='bbox 3251 888 3349 941; x_wconf 80' lang='lat' dir='ltr'><strong>ille</strong></span> 
     </span>
    </p>
   </div>
   <div class='ocr_carea' id='block_1_66' title="bbox 1800 976 3357 1047">
    <p class='ocr_par' dir='ltr' id='par_1_66' title="bbox 1800 976 3357 1047">
     <span class='ocr_line' id='line_1_66' title="bbox 1800 976 3357 1047; baseline -0.001 -15"><span class='ocrx_word' id='word_1_401' title='bbox 1800 981 2029 1033; x_wconf 79' lang='lat' dir='ltr'><strong>Arianus</strong></span> <span class='ocrx_word' id='word_1_402' title='bbox 2055 1019 2070 1041; x_wconf 89' lang='lat'><strong>.</strong></span> <span class='ocrx_word' id='word_1_403' title='bbox 2112 989 2231 1047; x_wconf 84' lang='lat' dir='ltr'><strong>post</strong></span> <span class='ocrx_word' id='word_1_404' title='bbox 2276 980 2601 1031; x_wconf 79' lang='lat' dir='ltr'><strong>Marcionem</strong></span> <span class='ocrx_word' id='word_1_405' title='bbox 2651 977 2784 1038; x_wconf 85' lang='lat' dir='ltr'><strong>fuit.</strong></span> <span class='ocrx_word' id='word_1_406' title='bbox 2819 978 3011 1044; x_wconf 84' lang='lat' dir='ltr'><strong>placita</strong></span> <span class='ocrx_word' id='word_1_407' title='bbox 3056 976 3357 1031; x_wconf 58' lang='lat' dir='ltr'><strong>Marcionis</strong></span> 
     </span>
    </p>
   </div>
   <div class='ocr_carea' id='block_1_67' title="bbox 1799 1066 3345 1137">
    <p class='ocr_par' dir='ltr' id='par_1_67' title="bbox 1799 1066 3345 1137">
     <span class='ocr_line' id='line_1_67' title="bbox 1799 1066 3345 1137; baseline -0.002 -15"><span class='ocrx_word' id='word_1_408' title='bbox 1799 1072 2057 1137; x_wconf 76' lang='lat' dir='ltr'><strong>adoptans</strong></span> <span class='ocrx_word' id='word_1_409' title='bbox 2083 1108 2098 1130; x_wconf 91' lang='lat'><strong>,</strong></span> <span class='ocrx_word' id='word_1_410' title='bbox 2146 1068 2354 1135; x_wconf 88' lang='lat' dir='ltr'><strong>aliaque</strong></span> <span class='ocrx_word' id='word_1_411' title='bbox 2397 1068 2553 1135; x_wconf 77' lang='lat' dir='ltr'><strong>longe</strong></span> <span class='ocrx_word' id='word_1_412' title='bbox 2580 1068 2891 1120; x_wconf 82' lang='lat' dir='ltr'><strong>absurdiora</strong></span> <span class='ocrx_word' id='word_1_413' title='bbox 2922 1067 3024 1119; x_wconf 84' lang='lat' dir='ltr'><strong>illis</strong></span> <span class='ocrx_word' id='word_1_414' title='bbox 3055 1066 3345 1132; x_wconf 84' lang='lat' dir='ltr'><strong>adjiciens.</strong></span> 
     </span>
    </p>
   </div>
   <div class='ocr_carea' id='block_1_68' title="bbox 1866 1154 3342 1224">
    <p class='ocr_par' dir='ltr' id='par_1_68' title="bbox 1866 1154 3342 1224">
     <span class='ocr_line' id='line_1_68' title="bbox 1866 1154 3342 1224; baseline -0.003 -14"><span class='ocrx_word' id='word_1_415' title='bbox 1866 1160 1953 1211; x_wconf 75' lang='lat'><strong>26.</strong></span> <span class='ocrx_word' id='word_1_416' title='bbox 1984 1156 2258 1224; x_wconf 78' lang='lat' dir='ltr'><strong>Apelliani.</strong></span> <span class='ocrx_word' id='word_1_417' title='bbox 2284 1156 2325 1207; x_wconf 85' lang='lat' dir='ltr'><strong>A</strong></span> <span class='ocrx_word' id='word_1_418' title='bbox 2360 1157 2590 1223; x_wconf 89' lang='lat' dir='ltr'><strong>quodam</strong></span> <span class='ocrx_word' id='word_1_419' title='bbox 2631 1155 2850 1222; x_wconf 73' lang='lat' dir='ltr'><strong>Apellae</strong></span> <span class='ocrx_word' id='word_1_420' title='bbox 2892 1162 3184 1220; x_wconf 74' lang='lat' dir='ltr'><strong>cmperunt.</strong></span> <span class='ocrx_word' id='word_1_421' title='bbox 3224 1154 3342 1206; x_wconf 55' lang='lat' dir='ltr'><strong>Ma»</strong></span> 
     </span>
    </p>
   </div>
   <div class='ocr_carea' id='block_1_69' title="bbox 1800 1242 3339 1305">
    <p class='ocr_par' dir='ltr' id='par_1_69' title="bbox 1800 1242 3339 1305">
     <span class='ocr_line' id='line_1_69' title="bbox 1800 1242 3339 1305; baseline -0.005 -5"><span class='ocrx_word' id='word_1_422' title='bbox 1800 1249 1902 1300; x_wconf 92' lang='lat' dir='ltr'><strong>lam</strong></span> <span class='ocrx_word' id='word_1_423' title='bbox 1932 1254 2053 1300; x_wconf 76' lang='lat' dir='ltr'><strong>esse</strong></span> <span class='ocrx_word' id='word_1_424' title='bbox 2086 1248 2160 1299; x_wconf 85' lang='lat' dir='ltr'><strong>ait</strong></span> <span class='ocrx_word' id='word_1_425' title='bbox 2199 1245 2500 1297; x_wconf 84' lang='lat' dir='ltr'><strong>universam</strong></span> <span class='ocrx_word' id='word_1_426' title='bbox 2540 1252 2875 1305; x_wconf 82' lang='lat' dir='ltr'><strong>creaturam,</strong></span> <span class='ocrx_word' id='word_1_427' title='bbox 2902 1252 2983 1300; x_wconf 68' lang='lat' dir='ltr'><strong>&#39;ut</strong></span> <span class='ocrx_word' id='word_1_428' title='bbox 3029 1251 3083 1295; x_wconf 91' lang='lat' dir='ltr'><strong>et</strong></span> <span class='ocrx_word' id='word_1_429' title='bbox 3120 1242 3339 1295; x_wconf 90' lang='lat' dir='ltr'><strong>Marcio.</strong></span> 
     </span>
    </p>
   </div>
   <div class='ocr_carea' id='block_1_70' title="bbox 1800 1332 3339 1401">
    <p class='ocr_par' dir='ltr' id='par_1_70' title="bbox 1800 1332 3339 1401">
     <span class='ocr_line' id='line_1_70' title="bbox 1800 1332 3339 1401; baseline -0.004 -12"><span class='ocrx_word' id='word_1_430' title='bbox 1800 1338 1915 1389; x_wconf 80' lang='lat' dir='ltr'><strong>Non</strong></span> <span class='ocrx_word' id='word_1_431' title='bbox 1974 1346 2151 1389; x_wconf 88' lang='lat' dir='ltr'><strong>tamen</strong></span> <span class='ocrx_word' id='word_1_432' title='bbox 2193 1346 2249 1388; x_wconf 90' lang='lat' dir='ltr'><strong>ut</strong></span> <span class='ocrx_word' id='word_1_433' title='bbox 2296 1335 2385 1388; x_wconf 75' lang='lat' dir='ltr'><strong>ille</strong></span> <span class='ocrx_word' id='word_1_434' title='bbox 2434 1334 2531 1386; x_wconf 93' lang='lat' dir='ltr'><strong>tria</strong></span> <span class='ocrx_word' id='word_1_435' title='bbox 2576 1333 2838 1401; x_wconf 86' lang='lat' dir='ltr'><strong>principia</strong></span> <span class='ocrx_word' id='word_1_436' title='bbox 2886 1333 3199 1389; x_wconf 75' lang='lat' dir='ltr'><strong>afﬁrmabat.</strong></span> <span class='ocrx_word' id='word_1_437' title='bbox 3246 1332 3339 1384; x_wconf 86' lang='lat' dir='ltr'><strong>sed</strong></span> 
     </span>
    </p>
   </div>
   <div class='ocr_carea' id='block_1_71' title="bbox 1801 1420 3339 1494">
    <p class='ocr_par' dir='ltr' id='par_1_71' title="bbox 1801 1420 3339 1494">
     <span class='ocr_line' id='line_1_71' title="bbox 1801 1420 3339 1494; baseline -0.008 -11"><span class='ocrx_word' id='word_1_438' title='bbox 1801 1444 1966 1483; x_wconf 90' lang='lat' dir='ltr'><strong>unum</strong></span> <span class='ocrx_word' id='word_1_439' title='bbox 1996 1442 2115 1481; x_wconf 88' lang='lat' dir='ltr'><strong>esse</strong></span> <span class='ocrx_word' id='word_1_440' title='bbox 2145 1428 2331 1487; x_wconf 81' lang='lat' dir='ltr'><strong>Deum,</strong></span> <span class='ocrx_word' id='word_1_441' title='bbox 2366 1424 2456 1494; x_wconf 90' lang='lat' dir='ltr'><strong>qui</strong></span> <span class='ocrx_word' id='word_1_442' title='bbox 2487 1423 2648 1476; x_wconf 89' lang='lat' dir='ltr'><strong>alium</strong></span> <span class='ocrx_word' id='word_1_443' title='bbox 2680 1421 2845 1475; x_wconf 85' lang='lat' dir='ltr'><strong>Deum</strong></span> <span class='ocrx_word' id='word_1_444' title='bbox 2882 1420 3067 1473; x_wconf 75' lang='lat' dir='ltr'><strong>fecerit</strong></span> <span class='ocrx_word' id='word_1_445' title='bbox 3095 1420 3339 1488; x_wconf 73' lang='lat' dir='ltr'><strong>opificem</strong></span> 
     </span>
    </p>
   </div>
   <div class='ocr_carea' id='block_1_72' title="bbox 1800 1526 2779 1575">
    <p class='ocr_par' dir='ltr' id='par_1_72' title="bbox 1800 1526 2779 1575">
     <span class='ocr_line' id='line_1_72' title="bbox 1800 1526 2779 1575; baseline 0.005 -5"><span class='ocrx_word' id='word_1_446' title='bbox 1800 1526 2079 1571; x_wconf 71' lang='lat' dir='ltr'><strong>creaturre.</strong></span> <span class='ocrx_word' id='word_1_447' title='bbox 2776 1574 2779 1575; x_wconf 65' lang='lat'>,</span> 
     </span>
    </p>
   </div>
   <div class='ocr_carea' id='block_1_73' title="bbox 1867 1597 3342 1667">
    <p class='ocr_par' dir='ltr' id='par_1_73' title="bbox 1867 1597 3342 1667">
     <span class='ocr_line' id='line_1_73' title="bbox 1867 1597 3342 1667; baseline -0.008 -8"><span class='ocrx_word' id='word_1_448' title='bbox 1867 1608 1954 1659; x_wconf 72' lang='grc'><strong>97.</strong></span> <span class='ocrx_word' id='word_1_449' title='bbox 2005 1606 2237 1658; x_wconf 79' lang='lat' dir='ltr'><strong>Tatiaui.</strong></span> <span class='ocrx_word' id='word_1_450' title='bbox 2298 1603 2556 1658; x_wconf 83' lang='lat' dir='ltr'><strong>Tatianus</strong></span> <span class='ocrx_word' id='word_1_451' title='bbox 2602 1601 2653 1653; x_wconf 91' lang='lat' dir='ltr'><strong>in</strong></span> <span class='ocrx_word' id='word_1_452' title='bbox 2708 1598 3087 1667; x_wconf 80' lang='lat' dir='ltr'><strong>Mesopotamia</strong></span> <span class='ocrx_word' id='word_1_453' title='bbox 3134 1597 3342 1657; x_wconf 85' lang='lat' dir='ltr'><strong>fuerat.</strong></span> 
     </span>
    </p>
   </div>
   <div class='ocr_carea' id='block_1_74' title="bbox 1798 1687 3340 1757">
    <p class='ocr_par' dir='ltr' id='par_1_74' title="bbox 1798 1687 3340 1757">
     <span class='ocr_line' id='line_1_74' title="bbox 1798 1687 3340 1757; baseline -0.006 -10"><span class='ocrx_word' id='word_1_454' title='bbox 1798 1697 2202 1750; x_wconf 85' lang='lat' dir='ltr'><strong>Encratetarum</strong></span> <span class='ocrx_word' id='word_1_455' title='bbox 2237 1693 2479 1746; x_wconf 74' lang='lat' dir='ltr'><strong>haeresim</strong></span> <span class='ocrx_word' id='word_1_456' title='bbox 2502 1691 2777 1753; x_wconf 79' lang='lat' dir='ltr'><strong>confinxit,</strong></span> <span class='ocrx_word' id='word_1_457' title='bbox 2805 1704 2963 1757; x_wconf 89' lang='lat' dir='ltr'><strong>quam</strong></span> <span class='ocrx_word' id='word_1_458' title='bbox 2992 1687 3207 1755; x_wconf 87' lang='lat' dir='ltr'><strong>plurimi</strong></span> <span class='ocrx_word' id='word_1_459' title='bbox 3239 1701 3340 1738; x_wconf 68' lang='lat' dir='ltr'><strong>nov</strong></span> 
     </span>
    </p>
   </div>
   <div class='ocr_carea' id='block_1_75' title="bbox 1730 1766 1946 1839">
    <p class='ocr_par' dir='ltr' id='par_1_75' title="bbox 1730 1766 1946 1839">
     <span class='ocr_line' id='line_1_75' title="bbox 1730 1766 1946 1839; baseline 0.014 -3"><span class='ocrx_word' id='word_1_460' title='bbox 1730 1766 1768 1818; x_wconf 71' lang='grc' dir='ltr'><strong><em>Β</em></strong></span> <span class='ocrx_word' id='word_1_461' title='bbox 1803 1796 1946 1839; x_wconf 88' lang='lat' dir='ltr'><strong>runt.</strong></span> 
     </span>
    </p>
   </div>
   <div class='ocr_carea' id='block_1_76' title="bbox 1862 1864 3339 1941">
    <p class='ocr_par' dir='ltr' id='par_1_76' title="bbox 1862 1864 3339 1941">
     <span class='ocr_line' id='line_1_76' title="bbox 1862 1864 3339 1941; baseline -0.011 -13"><span class='ocrx_word' id='word_1_462' title='bbox 1862 1876 1953 1929; x_wconf 66' lang='grc' dir='ltr'>ες.</span> <span class='ocrx_word' id='word_1_463' title='bbox 1990 1874 2234 1941; x_wconf 75' lang='lat' dir='ltr'><strong>Phryges.</strong></span> <span class='ocrx_word' id='word_1_464' title='bbox 2260 1870 2489 1936; x_wconf 82' lang='lat' dir='ltr'><strong>Quidam</strong></span> <span class='ocrx_word' id='word_1_465' title='bbox 2517 1868 2799 1922; x_wconf 71' lang='lat' dir='ltr'><strong>Montanus</strong></span> <span class='ocrx_word' id='word_1_466' title='bbox 2828 1882 2891 1921; x_wconf 83' lang='lat' dir='ltr'><strong>ac</strong></span> <span class='ocrx_word' id='word_1_467' title='bbox 2922 1864 3161 1921; x_wconf 87' lang='lat' dir='ltr'><strong>Priscilla</strong></span> <span class='ocrx_word' id='word_1_468' title='bbox 3201 1864 3339 1917; x_wconf 86' lang='lat' dir='ltr'><strong>hanc</strong></span> 
     </span>
    </p>
   </div>
   <div class='ocr_carea' id='block_1_77' title="bbox 1799 1953 3337 2029">
    <p class='ocr_par' dir='ltr' id='par_1_77' title="bbox 1799 1953 3337 2029">
     <span class='ocr_line' id='line_1_77' title="bbox 1799 1953 3337 2029; baseline -0.01 -11"><span class='ocrx_word' id='word_1_469' title='bbox 1799 1966 2036 2018; x_wconf 67' lang='lat' dir='ltr'><strong>haeresim</strong></span> <span class='ocrx_word' id='word_1_470' title='bbox 2062 1964 2113 2014; x_wconf 86' lang='lat' dir='ltr'><strong>in</strong></span> <span class='ocrx_word' id='word_1_471' title='bbox 2137 1961 2361 2029; x_wconf 78' lang='lat' dir='ltr'><strong>Phrygia</strong></span> <span class='ocrx_word' id='word_1_472' title='bbox 2388 1959 2759 2018; x_wconf 87' lang='lat' dir='ltr'><strong>condiderunt,</strong></span> <span class='ocrx_word' id='word_1_473' title='bbox 2780 1959 3025 2023; x_wconf 85' lang='lat' dir='ltr'><strong>Pepnzan</strong></span> <span class='ocrx_word' id='word_1_474' title='bbox 3054 1953 3337 2022; x_wconf 78' lang='lat' dir='ltr'><strong>Phrygiam</strong></span> 
     </span>
    </p>
   </div>
   <div class='ocr_carea' id='block_1_78' title="bbox 1797 2052 3070 2119">
    <p class='ocr_par' dir='ltr' id='par_1_78' title="bbox 1797 2052 3070 2119">
     <span class='ocr_line' id='line_1_78' title="bbox 1797 2052 3070 2119; baseline -0.01 -10"><span class='ocrx_word' id='word_1_475' title='bbox 1797 2056 2062 2109; x_wconf 89' lang='lat' dir='ltr'><strong>civitatem</strong></span> <span class='ocrx_word' id='word_1_476' title='bbox 2101 2052 2520 2119; x_wconf 80' lang='lat' dir='ltr'><strong>Hierosolymam</strong></span> <span class='ocrx_word' id='word_1_477' title='bbox 2555 2063 2706 2102; x_wconf 86' lang='lat' dir='ltr'><strong>suam</strong></span> <span class='ocrx_word' id='word_1_478' title='bbox 2740 2055 3070 2113; x_wconf 80' lang='lat' dir='ltr'><strong>reputantes.</strong></span> 
     </span>
    </p>
   </div>
   <div class='ocr_carea' id='block_1_79' title="bbox 1863 2134 3338 2209">
    <p class='ocr_par' dir='ltr' id='par_1_79' title="bbox 1863 2134 3338 2209">
     <span class='ocr_line' id='line_1_79' title="bbox 1863 2134 3338 2209; baseline -0.007 -14"><span class='ocrx_word' id='word_1_479' title='bbox 1863 2144 1952 2197; x_wconf 74' lang='lat'><strong>29.</strong></span> <span class='ocrx_word' id='word_1_480' title='bbox 1990 2142 2291 2209; x_wconf 80' lang='lat' dir='ltr'><strong>Pepuziam‘,</strong></span> <span class='ocrx_word' id='word_1_481' title='bbox 2324 2155 2351 2192; x_wconf 92' lang='lat' dir='ltr'><strong>a</strong></span> <span class='ocrx_word' id='word_1_482' title='bbox 2386 2138 2593 2207; x_wconf 76' lang='lat' dir='ltr'><strong>Pepuza</strong></span> <span class='ocrx_word' id='word_1_483' title='bbox 2624 2137 2837 2189; x_wconf 79' lang='lat' dir='ltr'><strong>civitate</strong></span> <span class='ocrx_word' id='word_1_484' title='bbox 2867 2134 3106 2202; x_wconf 72' lang='lat' dir='ltr'><strong>Phrygiae</strong></span> <span class='ocrx_word' id='word_1_485' title='bbox 3136 2134 3207 2185; x_wconf 88' lang='lat' dir='ltr'><strong>ita</strong></span> <span class='ocrx_word' id='word_1_486' title='bbox 3250 2148 3338 2185; x_wconf 84' lang='lat' dir='ltr'><strong>co-</strong></span> 
     </span>
    </p>
   </div>
   <div class='ocr_carea' id='block_1_80' title="bbox 1796 2222 3338 2302">
    <p class='ocr_par' dir='ltr' id='par_1_80' title="bbox 1796 2222 3338 2302">
     <span class='ocr_line' id='line_1_80' title="bbox 1796 2222 3338 2302; baseline -0.006 -17"><span class='ocrx_word' id='word_1_487' title='bbox 1796 2232 2121 2302; x_wconf 73' lang='lat' dir='ltr'><strong>gnominati;</strong></span> <span class='ocrx_word' id='word_1_488' title='bbox 2160 2229 2377 2297; x_wconf 84' lang='lat' dir='ltr'><strong>impiam</strong></span> <span class='ocrx_word' id='word_1_489' title='bbox 2404 2227 2713 2281; x_wconf 87' lang='lat' dir='ltr'><strong>societatem</strong></span> <span class='ocrx_word' id='word_1_490' title='bbox 2745 2226 3000 2279; x_wconf 79' lang='lat' dir='ltr'><strong>adversus</strong></span> <span class='ocrx_word' id='word_1_491' title='bbox 3024 2238 3118 2277; x_wconf 89' lang='lat' dir='ltr'><strong>eos</strong></span> <span class='ocrx_word' id='word_1_492' title='bbox 3147 2222 3236 2291; x_wconf 87' lang='lat' dir='ltr'><strong>qui</strong></span> <span class='ocrx_word' id='word_1_493' title='bbox 3264 2222 3338 2275; x_wconf 84' lang='lat' dir='ltr'><strong>ir-</strong></span> 
     </span>
    </p>
   </div>
   <div class='ocr_carea' id='block_1_81' title="bbox 1797 2318 2590 2389">
    <p class='ocr_par' dir='ltr' id='par_1_81' title="bbox 1797 2318 2590 2389">
     <span class='ocr_line' id='line_1_81' title="bbox 1797 2318 2590 2389; baseline -0.008 -15"><span class='ocrx_word' id='word_1_494' title='bbox 1797 2322 2041 2389; x_wconf 81' lang='lat' dir='ltr'><strong>religinse</strong></span> <span class='ocrx_word' id='word_1_495' title='bbox 2061 2320 2312 2387; x_wconf 76' lang='lat' dir='ltr'><strong>egissent.</strong></span> <span class='ocrx_word' id='word_1_496' title='bbox 2338 2318 2590 2370; x_wconf 91' lang='lat' dir='ltr'><strong>inierunt.</strong></span> 
     </span>
    </p>
   </div>
   <div class='ocr_carea' id='block_1_82' title="bbox 1862 2401 3334 2472">
    <p class='ocr_par' dir='ltr' id='par_1_82' title="bbox 1862 2401 3334 2472">
     <span class='ocr_line' id='line_1_82' title="bbox 1862 2401 3334 2472; baseline -0.008 -9"><span class='ocrx_word' id='word_1_497' title='bbox 1862 2411 1949 2463; x_wconf 85' lang='grc'>50.</span> <span class='ocrx_word' id='word_1_498' title='bbox 2002 2407 2483 2472; x_wconf 80' lang='lat' dir='ltr'><strong>Quartadecimani,</strong></span> <span class='ocrx_word' id='word_1_499' title='bbox 2530 2405 2622 2472; x_wconf 89' lang='lat' dir='ltr'><strong>qui</strong></span> <span class='ocrx_word' id='word_1_500' title='bbox 2673 2403 2944 2459; x_wconf 80' lang='lat' dir='ltr'><strong>celebrant</strong></span> <span class='ocrx_word' id='word_1_501' title='bbox 2972 2401 3175 2457; x_wconf 82' lang='lat' dir='ltr'><strong>Pascha</strong></span> <span class='ocrx_word' id='word_1_502' title='bbox 3213 2414 3334 2453; x_wconf 88' lang='lat' dir='ltr'><strong>cum</strong></span> 
     </span>
    </p>
   </div>
   <div class='ocr_carea' id='block_1_83' title="bbox 1793 2493 3115 2562">
    <p class='ocr_par' dir='ltr' id='par_1_83' title="bbox 1793 2493 3115 2562">
     <span class='ocr_line' id='line_1_83' title="bbox 1793 2493 3115 2562; baseline -0.008 -10"><span class='ocrx_word' id='word_1_503' title='bbox 1793 2497 1994 2552; x_wconf 77' lang='lat' dir='ltr'><strong>Judaeis</strong></span> <span class='ocrx_word' id='word_1_504' title='bbox 2025 2497 2109 2549; x_wconf 89' lang='lat' dir='ltr'><strong>die</strong></span> <span class='ocrx_word' id='word_1_505' title='bbox 2137 2496 2342 2550; x_wconf 84' lang='lat' dir='ltr'><strong>decima</strong></span> <span class='ocrx_word' id='word_1_506' title='bbox 2368 2502 2559 2562; x_wconf 86' lang='lat' dir='ltr'><strong>quarta</strong></span> <span class='ocrx_word' id='word_1_507' title='bbox 2590 2493 2749 2545; x_wconf 73' lang='lat' dir='ltr'><strong>lunae.</strong></span> <span class='ocrx_word' id='word_1_508' title='bbox 3111 2527 3115 2530; x_wconf 88' lang='grc'><strong>-</strong></span> 
     </span>
    </p>
   </div>
   <div class='ocr_carea' id='block_1_84' title="bbox 1862 2577 3333 2655">
    <p class='ocr_par' dir='ltr' id='par_1_84' title="bbox 1862 2577 3333 2655">
     <span class='ocr_line' id='line_1_84' title="bbox 1862 2577 3333 2655; baseline -0.008 -13"><span class='ocrx_word' id='word_1_509' title='bbox 1862 2589 1951 2643; x_wconf 81' lang='grc'>51.</span> <span class='ocrx_word' id='word_1_510' title='bbox 1988 2586 2137 2655; x_wconf 75' lang='lat' dir='ltr'><strong>Alogi</strong></span> <span class='ocrx_word' id='word_1_511' title='bbox 2173 2584 2390 2654; x_wconf 90' lang='lat' dir='ltr'><strong>quidam</strong></span> <span class='ocrx_word' id='word_1_512' title='bbox 2425 2582 2504 2637; x_wconf 90' lang='lat' dir='ltr'><strong>sic</strong></span> <span class='ocrx_word' id='word_1_513' title='bbox 2534 2581 2683 2640; x_wconf 89' lang='lat' dir='ltr'><strong>dicti.</strong></span> <span class='ocrx_word' id='word_1_514' title='bbox 2726 2587 2997 2647; x_wconf 85' lang='lat' dir='ltr'><strong>propterea</strong></span> <span class='ocrx_word' id='word_1_515' title='bbox 3044 2577 3181 2645; x_wconf 90' lang='lat' dir='ltr'><strong>quod</strong></span> <span class='ocrx_word' id='word_1_516' title='bbox 3229 2590 3333 2630; x_wconf 92' lang='lat' dir='ltr'><strong>non</strong></span> 
     </span>
    </p>
   </div>
   <div class='ocr_carea' id='block_1_85' title="bbox 1796 2669 3337 2745">
    <p class='ocr_par' dir='ltr' id='par_1_85' title="bbox 1796 2669 3337 2745">
     <span class='ocr_line' id='line_1_85' title="bbox 1796 2669 3337 2745; baseline -0.008 -12"><span class='ocrx_word' id='word_1_517' title='bbox 1796 2678 2148 2733; x_wconf 86' lang='lat' dir='ltr'><strong>admittebant</strong></span> <span class='ocrx_word' id='word_1_518' title='bbox 2204 2676 2449 2745; x_wconf 74' lang='lat' dir='ltr'><strong>Logum,</strong></span> <span class='ocrx_word' id='word_1_519' title='bbox 2502 2675 2613 2728; x_wconf 86' lang='lat' dir='ltr'><strong>sive</strong></span> <span class='ocrx_word' id='word_1_520' title='bbox 2648 2672 2909 2734; x_wconf 81' lang='lat' dir='ltr'><strong>Verbum,</strong></span> <span class='ocrx_word' id='word_1_521' title='bbox 2966 2671 3018 2722; x_wconf 92' lang='lat' dir='ltr'><strong>in</strong></span> <span class='ocrx_word' id='word_1_522' title='bbox 3078 2669 3337 2737; x_wconf 88' lang='lat' dir='ltr'><strong>principio</strong></span> 
     </span>
    </p>
   </div>
   <div class='ocr_carea' id='block_1_86' title="bbox 1795 2758 3333 2832">
    <p class='ocr_par' dir='ltr' id='par_1_86' title="bbox 1795 2758 3333 2832">
     <span class='ocr_line' id='line_1_86' title="bbox 1795 2758 3333 2832; baseline -0.005 -13"><span class='ocrx_word' id='word_1_523' title='bbox 1795 2768 1960 2819; x_wconf 87' lang='lat' dir='ltr'><strong>Deum</strong></span> <span class='ocrx_word' id='word_1_524' title='bbox 1990 2774 2283 2819; x_wconf 78' lang='lat' dir='ltr'><strong>exstantem</strong></span> <span class='ocrx_word' id='word_1_525' title='bbox 2318 2765 2456 2832; x_wconf 90' lang='lat' dir='ltr'><strong>apud</strong></span> <span class='ocrx_word' id='word_1_526' title='bbox 2484 2763 2719 2823; x_wconf 84' lang='lat' dir='ltr'><strong>Patrem,</strong></span> <span class='ocrx_word' id='word_1_527' title='bbox 2744 2762 2969 2828; x_wconf 84' lang='lat' dir='ltr'><strong>ideoque</strong></span> <span class='ocrx_word' id='word_1_528' title='bbox 2991 2774 3087 2812; x_wconf 90' lang='lat' dir='ltr'><strong>nec</strong></span> <span class='ocrx_word' id='word_1_529' title='bbox 3110 2758 3333 2811; x_wconf 79' lang='lat' dir='ltr'><strong>Joannis</strong></span> 
     </span>
    </p>
   </div>
   <div class='ocr_carea' id='block_1_87' title="bbox 1794 2848 3258 2925">
    <p class='ocr_par' dir='ltr' id='par_1_87' title="bbox 1794 2848 3258 2925">
     <span class='ocr_line' id='line_1_87' title="bbox 1794 2848 3258 2925; baseline -0.005 -17"><span class='ocrx_word' id='word_1_530' title='bbox 1794 2856 2137 2925; x_wconf 77' lang='lat' dir='ltr'><strong>Evangelium</strong></span> <span class='ocrx_word' id='word_1_531' title='bbox 2164 2854 2507 2923; x_wconf 89' lang='lat' dir='ltr'><strong>recipiebant,</strong></span> <span class='ocrx_word' id='word_1_532' title='bbox 2540 2866 2712 2919; x_wconf 91' lang='lat' dir='ltr'><strong>neque</strong></span> <span class='ocrx_word' id='word_1_533' title='bbox 2740 2850 2855 2917; x_wconf 87' lang='lat' dir='ltr'><strong>ejus</strong></span> <span class='ocrx_word' id='word_1_534' title='bbox 2884 2848 3258 2917; x_wconf 84' lang='lat' dir='ltr'><strong>Apocalypsin.</strong></span> 
     </span>
    </p>
   </div>
   <div class='ocr_carea' id='block_1_88' title="bbox 1863 2939 3337 3008">
    <p class='ocr_par' dir='ltr' id='par_1_88' title="bbox 1863 2939 3337 3008">
     <span class='ocr_line' id='line_1_88' title="bbox 1863 2939 3337 3008; baseline -0.007 -7"><span class='ocrx_word' id='word_1_535' title='bbox 1863 2949 1949 3001; x_wconf 75' lang='grc'>52.</span> <span class='ocrx_word' id='word_1_536' title='bbox 2016 2945 2374 2999; x_wconf 80' lang='lat' dir='ltr'><strong>Theodotiani.</strong></span> <span class='ocrx_word' id='word_1_537' title='bbox 2433 2942 2741 2996; x_wconf 82' lang='lat' dir='ltr'><strong>Theodotus</strong></span> <span class='ocrx_word' id='word_1_538' title='bbox 2795 2941 2958 2993; x_wconf 88' lang='lat' dir='ltr'><strong>homo</strong></span> <span class='ocrx_word' id='word_1_539' title='bbox 3014 2939 3337 3008; x_wconf 78' lang='lat' dir='ltr'><strong>Byzantinus</strong></span> 
     </span>
    </p>
   </div>
   <div class='ocr_carea' id='block_1_89' title="bbox 1799 3029 3335 3099">
    <p class='ocr_par' dir='ltr' id='par_1_89' title="bbox 1799 3029 3335 3099">
     <span class='ocr_line' id='line_1_89' title="bbox 1799 3029 3335 3099; baseline -0.005 -12"><span class='ocrx_word' id='word_1_540' title='bbox 1799 3035 1973 3087; x_wconf 85' lang='lat' dir='ltr'><strong>aiebat</strong></span> <span class='ocrx_word' id='word_1_541' title='bbox 2011 3034 2281 3087; x_wconf 88' lang='lat' dir='ltr'><strong>Christum</strong></span> <span class='ocrx_word' id='word_1_542' title='bbox 2332 3047 2450 3086; x_wconf 85' lang='lat' dir='ltr'><strong>esse</strong></span> <span class='ocrx_word' id='word_1_543' title='bbox 2482 3046 2671 3099; x_wconf 88' lang='lat' dir='ltr'><strong>purum</strong></span> <span class='ocrx_word' id='word_1_544' title='bbox 2721 3029 3020 3089; x_wconf 89' lang='lat' dir='ltr'><strong>hominem,</strong></span> <span class='ocrx_word' id='word_1_545' title='bbox 3052 3029 3335 3096; x_wconf 85' lang='lat' dir='ltr'><strong>participa-</strong></span> 
     </span>
    </p>
   </div>
   <div class='ocr_carea' id='block_1_90' title="bbox 1795 3122 2582 3188">
    <p class='ocr_par' dir='ltr' id='par_1_90' title="bbox 1795 3122 2582 3188">
     <span class='ocr_line' id='line_1_90' title="bbox 1795 3122 2582 3188; baseline -0.008 -12"><span class='ocrx_word' id='word_1_546' title='bbox 1795 3125 1936 3176; x_wconf 89' lang='lat' dir='ltr'><strong>tione</strong></span> <span class='ocrx_word' id='word_1_547' title='bbox 1962 3123 2255 3175; x_wconf 66' lang='lat' dir='ltr'><strong>divinitatis</strong></span> <span class='ocrx_word' id='word_1_548' title='bbox 2289 3122 2582 3188; x_wconf 74' lang='lat' dir='ltr'><strong>dignatum.</strong></span> 
     </span>
    </p>
   </div>
   <div class='ocr_carea' id='block_1_91' title="bbox 1861 3204 3329 3277">
    <p class='ocr_par' dir='ltr' id='par_1_91' title="bbox 1861 3204 3329 3277">
     <span class='ocr_line' id='line_1_91' title="bbox 1861 3204 3329 3277; baseline -0.005 -12"><span class='ocrx_word' id='word_1_549' title='bbox 1861 3214 1947 3265; x_wconf 76' lang='grc'><strong>55.</strong></span> <span class='ocrx_word' id='word_1_550' title='bbox 1978 3212 2287 3264; x_wconf 74' lang='grc' dir='ltr'><strong>Ανὶεηιίαηὶ.</strong></span> <span class='ocrx_word' id='word_1_551' title='bbox 2314 3210 2435 3262; x_wconf 78' lang='lat' dir='ltr'><strong>Fuit</strong></span> <span class='ocrx_word' id='word_1_552' title='bbox 2463 3210 2680 3277; x_wconf 81' lang='lat' dir='ltr'><strong>quidam</strong></span> <span class='ocrx_word' id='word_1_553' title='bbox 2720 3206 2981 3259; x_wconf 77' lang='lat' dir='ltr'><strong>Artemias</strong></span> <span class='ocrx_word' id='word_1_554' title='bbox 3008 3206 3059 3257; x_wconf 88' lang='lat' dir='ltr'><strong>in</strong></span> <span class='ocrx_word' id='word_1_555' title='bbox 3093 3204 3215 3258; x_wconf 84' lang='lat' dir='ltr'><strong>Asia</strong></span> <span class='ocrx_word' id='word_1_556' title='bbox 3240 3206 3329 3272; x_wconf 85' lang='lat' dir='ltr'><strong>qui</strong></span> 
     </span>
    </p>
   </div>
   <div class='ocr_carea' id='block_1_92' title="bbox 1791 3296 3332 3366">
    <p class='ocr_par' dir='ltr' id='par_1_92' title="bbox 1791 3296 3332 3366">
     <span class='ocr_line' id='line_1_92' title="bbox 1791 3296 3332 3366; baseline -0.004 -13"><span class='ocrx_word' id='word_1_557' title='bbox 1791 3302 2047 3353; x_wconf 82' lang='lat' dir='ltr'><strong>Theodoti</strong></span> <span class='ocrx_word' id='word_1_558' title='bbox 2108 3301 2347 3353; x_wconf 69' lang='lat' dir='ltr'><strong>hau-esim</strong></span> <span class='ocrx_word' id='word_1_559' title='bbox 2398 3301 2449 3351; x_wconf 90' lang='lat' dir='ltr'><strong>in</strong></span> <span class='ocrx_word' id='word_1_560' title='bbox 2502 3300 2672 3366; x_wconf 87' lang='lat' dir='ltr'><strong>pretio</strong></span> <span class='ocrx_word' id='word_1_561' title='bbox 2720 3296 2947 3348; x_wconf 86' lang='lat' dir='ltr'><strong>habebat</strong></span> <span class='ocrx_word' id='word_1_562' title='bbox 3010 3312 3023 3345; x_wconf 90' lang='lat'>:</span> <span class='ocrx_word' id='word_1_563' title='bbox 3085 3308 3332 3348; x_wconf 85' lang='lat' dir='ltr'><strong>asserens</strong></span> 
     </span>
    </p>
   </div>
   <div class='ocr_carea' id='block_1_93' title="bbox 1790 3379 3329 3449">
    <p class='ocr_par' dir='ltr' id='par_1_93' title="bbox 1790 3379 3329 3449">
     <span class='ocr_line' id='line_1_93' title="bbox 1790 3379 3329 3449; baseline -0.007 -7"><span class='ocrx_word' id='word_1_564' title='bbox 1790 3389 2059 3442; x_wconf 84' lang='lat' dir='ltr'><strong>Christum</strong></span> <span class='ocrx_word' id='word_1_565' title='bbox 2088 3403 2207 3440; x_wconf 83' lang='lat' dir='ltr'><strong>esse</strong></span> <span class='ocrx_word' id='word_1_566' title='bbox 2239 3386 2437 3439; x_wconf 91' lang='lat' dir='ltr'><strong>nudum</strong></span> <span class='ocrx_word' id='word_1_567' title='bbox 2468 3387 2735 3439; x_wconf 86' lang='lat' dir='ltr'><strong>hominem</strong></span> <span class='ocrx_word' id='word_1_568' title='bbox 2759 3423 2773 3447; x_wconf 92' lang='lat'><strong>,</strong></span> <span class='ocrx_word' id='word_1_569' title='bbox 2800 3383 2851 3436; x_wconf 87' lang='lat' dir='ltr'><strong>in</strong></span> <span class='ocrx_word' id='word_1_570' title='bbox 2880 3396 2989 3449; x_wconf 87' lang='lat' dir='ltr'><strong>quo</strong></span> <span class='ocrx_word' id='word_1_571' title='bbox 3023 3380 3159 3433; x_wconf 85' lang='lat' dir='ltr'><strong>Deus</strong></span> <span class='ocrx_word' id='word_1_572' title='bbox 3198 3379 3329 3431; x_wconf 84' lang='lat' dir='ltr'><strong>Ver-</strong></span> 
     </span>
    </p>
   </div>
   <div class='ocr_carea' id='block_1_94' title="bbox 1791 3476 2645 3531">
    <p class='ocr_par' dir='ltr' id='par_1_94' title="bbox 1791 3476 2645 3531">
     <span class='ocr_line' id='line_1_94' title="bbox 1791 3476 2645 3531; baseline -0.004 -1"><span class='ocrx_word' id='word_1_573' title='bbox 1791 3480 1914 3531; x_wconf 90' lang='lat' dir='ltr'><strong>hum</strong></span> <span class='ocrx_word' id='word_1_574' title='bbox 1943 3478 2179 3529; x_wconf 88' lang='lat' dir='ltr'><strong>habitare</strong></span> <span class='ocrx_word' id='word_1_575' title='bbox 2200 3478 2423 3529; x_wconf 88' lang='lat' dir='ltr'><strong>libenter</strong></span> <span class='ocrx_word' id='word_1_576' title='bbox 2447 3476 2645 3528; x_wconf 86' lang='lat' dir='ltr'><strong>tulerit.</strong></span> 
     </span>
    </p>
   </div>
   <div class='ocr_carea' id='block_1_95' title="bbox 1859 3552 3327 3627">
    <p class='ocr_par' dir='ltr' id='par_1_95' title="bbox 1859 3552 3327 3627">
     <span class='ocr_line' id='line_1_95' title="bbox 1859 3552 3327 3627; baseline -0.005 -8"><span class='ocrx_word' id='word_1_577' title='bbox 1859 3567 1947 3619; x_wconf 75' lang='grc'><strong>54.</strong></span> <span class='ocrx_word' id='word_1_578' title='bbox 1993 3566 2466 3618; x_wconf 75' lang='lat' dir='ltr'><strong>Melchisedechiani</strong></span> <span class='ocrx_word' id='word_1_579' title='bbox 2520 3566 2769 3617; x_wconf 75' lang='lat' dir='ltr'><strong>virtutem</strong></span> <span class='ocrx_word' id='word_1_580' title='bbox 2831 3559 2922 3613; x_wconf 86' lang='lat' dir='ltr'><strong>Dei</strong></span> <span class='ocrx_word' id='word_1_581' title='bbox 2972 3574 3093 3613; x_wconf 85' lang='lat' dir='ltr'><strong>esse</strong></span> <span class='ocrx_word' id='word_1_582' title='bbox 3142 3552 3327 3627; x_wconf 88' lang='lat' dir='ltr'><strong>putant</strong></span> 
     </span>
    </p>
   </div>
   <div class='ocr_carea' id='block_1_96' title="bbox 1790 3651 3325 3720">
    <p class='ocr_par' dir='ltr' id='par_1_96' title="bbox 1790 3651 3325 3720">
     <span class='ocr_line' id='line_1_96' title="bbox 1790 3651 3325 3720; baseline -0.002 -13"><span class='ocrx_word' id='word_1_583' title='bbox 1790 3653 2283 3713; x_wconf 78' lang='lat' dir='ltr'><strong>Melchisedechum.</strong></span> <span class='ocrx_word' id='word_1_584' title='bbox 2303 3661 2356 3706; x_wconf 90' lang='lat' dir='ltr'><strong>et</strong></span> <span class='ocrx_word' id='word_1_585' title='bbox 2388 3653 2441 3706; x_wconf 89' lang='lat' dir='ltr'><strong>in</strong></span> <span class='ocrx_word' id='word_1_586' title='bbox 2475 3667 2598 3705; x_wconf 90' lang='lat' dir='ltr'><strong>eum</strong></span> <span class='ocrx_word' id='word_1_587' title='bbox 2629 3666 2814 3705; x_wconf 88' lang='lat' dir='ltr'><strong>omnes</strong></span> <span class='ocrx_word' id='word_1_588' title='bbox 2845 3651 3148 3720; x_wconf 86' lang='lat' dir='ltr'><strong>Scripturas</strong></span> <span class='ocrx_word' id='word_1_589' title='bbox 3190 3651 3325 3705; x_wconf 84' lang='lat' dir='ltr'><strong>refe-</strong></span> 
     </span>
    </p>
   </div>
   <div class='ocr_carea' id='block_1_97' title="bbox 1789 3730 2811 3809">
    <p class='ocr_par' dir='ltr' id='par_1_97' title="bbox 1789 3730 2811 3809">
     <span class='ocr_line' id='line_1_97' title="bbox 1789 3730 2811 3809; baseline -0.006 -9"><span class='ocrx_word' id='word_1_590' title='bbox 1789 3754 1934 3809; x_wconf 89' lang='lat' dir='ltr'><strong>runt,</strong></span> <span class='ocrx_word' id='word_1_591' title='bbox 1963 3730 2202 3798; x_wconf 85' lang='lat' dir='ltr'><strong>dicentes</strong></span> <span class='ocrx_word' id='word_1_592' title='bbox 2232 3759 2351 3795; x_wconf 89' lang='lat' dir='ltr'><strong>eum</strong></span> <span class='ocrx_word' id='word_1_593' title='bbox 2379 3758 2499 3796; x_wconf 86' lang='lat' dir='ltr'><strong>esse</strong></span> <span class='ocrx_word' id='word_1_594' title='bbox 2521 3742 2811 3794; x_wconf 89' lang='lat' dir='ltr'><strong>Christum.</strong></span> 
     </span>
    </p>
   </div>
   <div class='ocr_carea' id='block_1_98' title="bbox 1854 3830 3323 3898">
    <p class='ocr_par' dir='ltr' id='par_1_98' title="bbox 1854 3830 3323 3898">
     <span class='ocr_line' id='line_1_98' title="bbox 1854 3830 3323 3898; baseline -0.004 -11"><span class='ocrx_word' id='word_1_595' title='bbox 1854 3837 1940 3887; x_wconf 86' lang='grc'><strong>55.</strong></span> <span class='ocrx_word' id='word_1_596' title='bbox 1972 3834 2184 3885; x_wconf 80' lang='lat' dir='ltr'><strong>Navati.</strong></span> <span class='ocrx_word' id='word_1_597' title='bbox 2212 3832 2448 3884; x_wconf 78' lang='lat' dir='ltr'><strong>Navatus</strong></span> <span class='ocrx_word' id='word_1_598' title='bbox 2474 3831 2800 3898; x_wconf 65' lang='lat' dir='ltr'><strong>paenitentia:</strong></span> <span class='ocrx_word' id='word_1_599' title='bbox 2840 3830 3050 3881; x_wconf 89' lang='lat' dir='ltr'><strong>modum</strong></span> <span class='ocrx_word' id='word_1_600' title='bbox 3081 3838 3323 3897; x_wconf 83' lang='lat' dir='ltr'><strong>peccato-</strong></span> 
     </span>
    </p>
   </div>
   <div class='ocr_carea' id='block_1_99' title="bbox 1787 3917 3318 3987">
    <p class='ocr_par' dir='ltr' id='par_1_99' title="bbox 1787 3917 3318 3987">
     <span class='ocr_line' id='line_1_99' title="bbox 1787 3917 3318 3987; baseline -0.004 -10"><span class='ocrx_word' id='word_1_601' title='bbox 1787 3925 1935 3977; x_wconf 86' lang='lat' dir='ltr'><strong>ribus</strong></span> <span class='ocrx_word' id='word_1_602' title='bbox 1965 3938 2068 3976; x_wconf 91' lang='lat' dir='ltr'><strong>non</strong></span> <span class='ocrx_word' id='word_1_603' title='bbox 2100 3921 2352 3987; x_wconf 73' lang='lat' dir='ltr'><strong>indulget.</strong></span> <span class='ocrx_word' id='word_1_604' title='bbox 2376 3919 2442 3973; x_wconf 79' lang='lat' dir='ltr'><strong>Hi</strong></span> <span class='ocrx_word' id='word_1_605' title='bbox 2472 3928 2644 3973; x_wconf 88' lang='lat' dir='ltr'><strong>autem</strong></span> <span class='ocrx_word' id='word_1_606' title='bbox 2666 3927 2812 3982; x_wconf 88' lang='lat' dir='ltr'><strong>sunt,</strong></span> <span class='ocrx_word' id='word_1_607' title='bbox 2842 3919 2934 3987; x_wconf 89' lang='lat' dir='ltr'><strong>qui</strong></span> <span class='ocrx_word' id='word_1_608' title='bbox 2966 3934 3021 3972; x_wconf 87' lang='lat' dir='ltr'><strong>se</strong></span> <span class='ocrx_word' id='word_1_609' title='bbox 3044 3917 3318 3982; x_wconf 74' lang='lat' dir='ltr'><strong>Catltaros,</strong></span> 
     </span>
    </p>
   </div>
   <div class='ocr_carea' id='block_1_100' title="bbox 1788 4011 2504 4081">
    <p class='ocr_par' dir='ltr' id='par_1_100' title="bbox 1788 4011 2504 4081">
     <span class='ocr_line' id='line_1_100' title="bbox 1788 4011 2504 4081; baseline -0.007 -14"><span class='ocrx_word' id='word_1_610' title='bbox 1788 4014 1837 4068; x_wconf 87' lang='lat' dir='ltr'><strong>id</strong></span> <span class='ocrx_word' id='word_1_611' title='bbox 1877 4025 1955 4066; x_wconf 84' lang='lat' dir='ltr'><strong>est</strong></span> <span class='ocrx_word' id='word_1_612' title='bbox 1985 4027 2169 4081; x_wconf 87' lang='lat' dir='ltr'><strong>puros,</strong></span> <span class='ocrx_word' id='word_1_613' title='bbox 2205 4011 2504 4063; x_wconf 88' lang='lat' dir='ltr'><strong>nominant.</strong></span> 
     </span>
    </p>
   </div>
   <div class='ocr_carea' id='block_1_101' title="bbox 1856 4096 3321 4162">
    <p class='ocr_par' dir='ltr' id='par_1_101' title="bbox 1856 4096 3321 4162">
     <span class='ocr_line' id='line_1_101' title="bbox 1856 4096 3321 4162; baseline -0.003 -10"><span class='ocrx_word' id='word_1_614' title='bbox 1856 4102 1941 4153; x_wconf 85' lang='grc'>56.</span> <span class='ocrx_word' id='word_1_615' title='bbox 1977 4099 2257 4153; x_wconf 78' lang='lat' dir='ltr'><strong>Seueriani.</strong></span> <span class='ocrx_word' id='word_1_616' title='bbox 2288 4097 2535 4150; x_wconf 82' lang='lat' dir='ltr'><strong>Mulieres</strong></span> <span class='ocrx_word' id='word_1_617' title='bbox 2580 4098 2809 4149; x_wconf 86' lang='lat' dir='ltr'><strong>Severus</strong></span> <span class='ocrx_word' id='word_1_618' title='bbox 2852 4110 2955 4147; x_wconf 92' lang='lat' dir='ltr'><strong>non</strong></span> <span class='ocrx_word' id='word_1_619' title='bbox 2985 4096 3199 4162; x_wconf 86' lang='lat' dir='ltr'><strong>patitur.</strong></span> <span class='ocrx_word' id='word_1_620' title='bbox 3230 4109 3321 4148; x_wconf 85' lang='lat' dir='ltr'><strong>eas</strong></span> 
     </span>
    </p>
   </div>
   <div class='ocr_carea' id='block_1_102' title="bbox 1786 4184 3321 4253">
    <p class='ocr_par' dir='ltr' id='par_1_102' title="bbox 1786 4184 3321 4253">
     <span class='ocr_line' id='line_1_102' title="bbox 1786 4184 3321 4253; baseline -0.002 -13"><span class='ocrx_word' id='word_1_621' title='bbox 1786 4191 1889 4242; x_wconf 83' lang='lat' dir='ltr'><strong>vim</strong></span> <span class='ocrx_word' id='word_1_622' title='bbox 1932 4189 2205 4241; x_wconf 85' lang='lat' dir='ltr'><strong>sinistram</strong></span> <span class='ocrx_word' id='word_1_623' title='bbox 2233 4187 2565 4253; x_wconf 85' lang='lat' dir='ltr'><strong>appellitans.</strong></span> <span class='ocrx_word' id='word_1_624' title='bbox 2603 4184 2794 4236; x_wconf 88' lang='lat' dir='ltr'><strong>Vinum</strong></span> <span class='ocrx_word' id='word_1_625' title='bbox 2842 4185 3111 4250; x_wconf 86' lang='lat' dir='ltr'><strong>repudiat,</strong></span> <span class='ocrx_word' id='word_1_626' title='bbox 3139 4184 3321 4237; x_wconf 78' lang='lat' dir='ltr'><strong>dicens</strong></span> 
     </span>
    </p>
   </div>
   <div class='ocr_carea' id='block_1_103' title="bbox 1786 4274 3045 4332">
    <p class='ocr_par' dir='ltr' id='par_1_103' title="bbox 1786 4274 3045 4332">
     <span class='ocr_line' id='line_1_103' title="bbox 1786 4274 3045 4332; baseline -0.008 -1"><span class='ocrx_word' id='word_1_627' title='bbox 1786 4294 1849 4332; x_wconf 81' lang='lat' dir='ltr'><strong>ex</strong></span> <span class='ocrx_word' id='word_1_628' title='bbox 1877 4278 2019 4331; x_wconf 88' lang='lat' dir='ltr'><strong>coitu</strong></span> <span class='ocrx_word' id='word_1_629' title='bbox 2056 4275 2306 4329; x_wconf 87' lang='lat' dir='ltr'><strong>draconis</strong></span> <span class='ocrx_word' id='word_1_630' title='bbox 2337 4284 2388 4326; x_wconf 88' lang='lat' dir='ltr'><strong>et</strong></span> <span class='ocrx_word' id='word_1_631' title='bbox 2416 4274 2622 4326; x_wconf 90' lang='lat' dir='ltr'><strong>telluris</strong></span> <span class='ocrx_word' id='word_1_632' title='bbox 2658 4281 2830 4325; x_wconf 92' lang='lat' dir='ltr'><strong>ortam</strong></span> <span class='ocrx_word' id='word_1_633' title='bbox 2864 4277 3045 4327; x_wconf 86' lang='lat' dir='ltr'><strong>vitem.</strong></span> 
     </span>
    </p>
   </div>
   <div class='ocr_carea' id='block_1_104' title="bbox 1853 4445 3314 4511">
    <p class='ocr_par' dir='ltr' id='par_1_104' title="bbox 1853 4445 3314 4511">
     <span class='ocr_line' id='line_1_104' title="bbox 1853 4445 3314 4511; baseline -0.003 -10"><span class='ocrx_word' id='word_1_634' title='bbox 1853 4449 1939 4501; x_wconf 83' lang='grc'>57.</span> <span class='ocrx_word' id='word_1_635' title='bbox 2001 4447 2372 4509; x_wconf 69' lang='grc' dir='ltr'><strong>Βανόἱεαηίιίι»,</strong></span> <span class='ocrx_word' id='word_1_636' title='bbox 2426 4462 2455 4499; x_wconf 91' lang='lat' dir='ltr'><strong>a</strong></span> <span class='ocrx_word' id='word_1_637' title='bbox 2511 4447 2805 4499; x_wconf 87' lang='lat' dir='ltr'><strong>Bardisano</strong></span> <span class='ocrx_word' id='word_1_638' title='bbox 2853 4447 3083 4511; x_wconf 84' lang='lat' dir='ltr'><strong>quodam</strong></span> <span class='ocrx_word' id='word_1_639' title='bbox 3128 4445 3217 4511; x_wconf 84' lang='lat' dir='ltr'><strong>qui</strong></span> <span class='ocrx_word' id='word_1_640' title='bbox 3261 4446 3314 4499; x_wconf 89' lang='lat' dir='ltr'><strong>in</strong></span> 
     </span>
    </p>
   </div>
   <div class='ocr_carea' id='block_1_105' title="bbox 1784 4533 3315 4606">
    <p class='ocr_par' dir='ltr' id='par_1_105' title="bbox 1784 4533 3315 4606">
     <span class='ocr_line' id='line_1_105' title="bbox 1784 4533 3315 4606; baseline -0.005 -14"><span class='ocrx_word' id='word_1_641' title='bbox 1784 4539 2159 4606; x_wconf 77' lang='lat' dir='ltr'><strong>MeSOpotamia</strong></span> <span class='ocrx_word' id='word_1_642' title='bbox 2186 4536 2303 4596; x_wconf 90' lang='lat' dir='ltr'><strong>fuit,</strong></span> <span class='ocrx_word' id='word_1_643' title='bbox 2333 4536 2433 4587; x_wconf 89' lang='lat' dir='ltr'><strong>orti</strong></span> <span class='ocrx_word' id='word_1_644' title='bbox 2461 4542 2605 4587; x_wconf 87' lang='lat' dir='ltr'><strong>sunt.</strong></span> <span class='ocrx_word' id='word_1_645' title='bbox 2633 4533 3089 4585; x_wconf 72' lang='lat' dir='ltr'><strong>Resurrectionem</strong></span> <span class='ocrx_word' id='word_1_646' title='bbox 3118 4541 3315 4599; x_wconf 82' lang='lat' dir='ltr'><strong>negant</strong></span> 
     </span>
    </p>
   </div>
   <div class='ocr_carea' id='block_1_106' title="bbox 1781 4618 3314 4693">
    <p class='ocr_par' dir='ltr' id='par_1_106' title="bbox 1781 4618 3314 4693">
     <span class='ocr_line' id='line_1_106' title="bbox 1781 4618 3314 4693; baseline -0.006 -15"><span class='ocrx_word' id='word_1_647' title='bbox 1781 4626 2035 4693; x_wconf 72' lang='lat' dir='ltr'><strong>corpoiis,</strong></span> <span class='ocrx_word' id='word_1_648' title='bbox 2067 4624 2585 4690; x_wconf 78' lang='lat' dir='ltr'><strong>inrarnationemque</strong></span> <span class='ocrx_word' id='word_1_649' title='bbox 2615 4619 2907 4674; x_wconf 86' lang='lat' dir='ltr'><strong>Salvatoris</strong></span> <span class='ocrx_word' id='word_1_650' title='bbox 2933 4618 3314 4685; x_wconf 86' lang='lat' dir='ltr'><strong>phantasticam</strong></span> 
     </span>
    </p>
   </div>
   <div class='ocr_carea' id='block_1_107' title="bbox 1784 4714 2183 4765">
    <p class='ocr_par' dir='ltr' id='par_1_107' title="bbox 1784 4714 2183 4765">
     <span class='ocr_line' id='line_1_107' title="bbox 1784 4714 2183 4765; baseline 0 -1"><span class='ocrx_word' id='word_1_651' title='bbox 1784 4714 1948 4765; x_wconf 83' lang='lat' dir='ltr'><strong>fuisse</strong></span> <span class='ocrx_word' id='word_1_652' title='bbox 1974 4714 2183 4764; x_wconf 90' lang='lat' dir='ltr'><strong>docent.</strong></span> 
     </span>
    </p>
   </div>
   <div class='ocr_carea' id='block_1_108' title="bbox 1850 4797 3311 4860">
    <p class='ocr_par' dir='ltr' id='par_1_108' title="bbox 1850 4797 3311 4860">
     <span class='ocr_line' id='line_1_108' title="bbox 1850 4797 3311 4860; baseline -0.004 -6"><span class='ocrx_word' id='word_1_653' title='bbox 1850 4802 1937 4854; x_wconf 82' lang='grc'>58.</span> <span class='ocrx_word' id='word_1_654' title='bbox 1980 4801 2270 4855; x_wconf 76' lang='lat' dir='ltr'><strong>Helcesiam&#39;</strong></span> <span class='ocrx_word' id='word_1_655' title='bbox 2317 4803 2369 4853; x_wconf 91' lang='lat' dir='ltr'><strong>in</strong></span> <span class='ocrx_word' id='word_1_656' title='bbox 2408 4800 2600 4852; x_wconf 84' lang='lat' dir='ltr'><strong>Arabia</strong></span> <span class='ocrx_word' id='word_1_657' title='bbox 2631 4798 2868 4851; x_wconf 79' lang='lat' dir='ltr'><strong>fuerunt.</strong></span> <span class='ocrx_word' id='word_1_658' title='bbox 2905 4799 2993 4851; x_wconf 89' lang='lat' dir='ltr'><strong>Isti</strong></span> <span class='ocrx_word' id='word_1_659' title='bbox 3026 4814 3055 4850; x_wconf 89' lang='lat' dir='ltr'><strong>a</strong></span> <span class='ocrx_word' id='word_1_660' title='bbox 3082 4797 3311 4860; x_wconf 81' lang='lat' dir='ltr'><strong>quodam</strong></span> 
     </span>
    </p>
   </div>
   <div class='ocr_carea' id='block_1_109' title="bbox 1783 4886 3309 4958">
    <p class='ocr_par' dir='ltr' id='par_1_109' title="bbox 1783 4886 3309 4958">
     <span class='ocr_line' id='line_1_109' title="bbox 1783 4886 3309 4958; baseline -0.007 -14"><span class='ocrx_word' id='word_1_661' title='bbox 1783 4891 2007 4946; x_wconf 81' lang='lat' dir='ltr'><strong>llelcasa</strong></span> <span class='ocrx_word' id='word_1_662' title='bbox 2036 4893 2196 4945; x_wconf 85' lang='lat' dir='ltr'><strong>falsas</strong></span> <span class='ocrx_word' id='word_1_663' title='bbox 2234 4889 2537 4958; x_wconf 84' lang='lat' dir='ltr'><strong>prophetias</strong></span> <span class='ocrx_word' id='word_1_664' title='bbox 2566 4887 2794 4939; x_wconf 84' lang='lat' dir='ltr'><strong>mutuati</strong></span> <span class='ocrx_word' id='word_1_665' title='bbox 2817 4895 2960 4940; x_wconf 87' lang='lat' dir='ltr'><strong>sunt.</strong></span> <span class='ocrx_word' id='word_1_666' title='bbox 2997 4886 3309 4939; x_wconf 86' lang='lat' dir='ltr'><strong>Dicebautur</strong></span> 
     </span>
    </p>
   </div>
   <div class='ocr_carea' id='block_1_110' title="bbox 1782 4983 2252 5049">
    <p class='ocr_par' dir='ltr' id='par_1_110' title="bbox 1782 4983 2252 5049">
     <span class='ocr_line' id='line_1_110' title="bbox 1782 4983 2252 5049; baseline -0.006 -12"><span class='ocrx_word' id='word_1_667' title='bbox 1782 4986 1939 5037; x_wconf 88' lang='lat' dir='ltr'><strong>etiam</strong></span> <span class='ocrx_word' id='word_1_668' title='bbox 1982 4983 2252 5049; x_wconf 73' lang='lat' dir='ltr'><strong>Sampswi.</strong></span> 
     </span>
    </p>
   </div>
   <div class='ocr_carea' id='block_1_111' title="bbox 1850 5064 3309 5139">
    <p class='ocr_par' dir='ltr' id='par_1_111' title="bbox 1850 5064 3309 5139">
     <span class='ocr_line' id='line_1_111' title="bbox 1850 5064 3309 5139; baseline -0.004 -16"><span class='ocrx_word' id='word_1_669' title='bbox 1850 5072 1934 5123; x_wconf 80' lang='grc'><strong>59.</strong></span> <span class='ocrx_word' id='word_1_670' title='bbox 1972 5070 2270 5139; x_wconf 77' lang='lat' dir='ltr'><strong>Byrilliani.</strong></span> <span class='ocrx_word' id='word_1_671' title='bbox 2302 5068 2533 5139; x_wconf 87' lang='lat' dir='ltr'><strong>Byrillus</strong></span> <span class='ocrx_word' id='word_1_672' title='bbox 2560 5069 2775 5136; x_wconf 82' lang='lat' dir='ltr'><strong>quidam</strong></span> <span class='ocrx_word' id='word_1_673' title='bbox 2805 5067 2857 5118; x_wconf 90' lang='lat' dir='ltr'><strong>in</strong></span> <span class='ocrx_word' id='word_1_674' title='bbox 2886 5066 3077 5118; x_wconf 83' lang='lat' dir='ltr'><strong>Arabia</strong></span> <span class='ocrx_word' id='word_1_675' title='bbox 3110 5064 3309 5128; x_wconf 85' lang='lat' dir='ltr'><strong>pariter</strong></span> 
     </span>
    </p>
   </div>
   <div class='ocr_carea' id='block_1_112' title="bbox 1783 5156 3306 5225">
    <p class='ocr_par' dir='ltr' id='par_1_112' title="bbox 1783 5156 3306 5225">
     <span class='ocr_line' id='line_1_112' title="bbox 1783 5156 3306 5225; baseline -0.006 -11"><span class='ocrx_word' id='word_1_676' title='bbox 1783 5161 1899 5215; x_wconf 88' lang='lat' dir='ltr'><strong>fuit.</strong></span> <span class='ocrx_word' id='word_1_677' title='bbox 1942 5160 2218 5215; x_wconf 89' lang='lat' dir='ltr'><strong>Hominem</strong></span> <span class='ocrx_word' id='word_1_678' title='bbox 2254 5162 2519 5214; x_wconf 84' lang='lat' dir='ltr'><strong>Christum</strong></span> <span class='ocrx_word' id='word_1_679' title='bbox 2575 5159 2809 5225; x_wconf 82' lang='lat' dir='ltr'><strong>putabat,</strong></span> <span class='ocrx_word' id='word_1_680' title='bbox 2854 5172 2952 5209; x_wconf 86' lang='lat' dir='ltr'><strong>nec</strong></span> <span class='ocrx_word' id='word_1_681' title='bbox 3001 5156 3306 5209; x_wconf 86' lang='lat' dir='ltr'><strong>admittebat</strong></span> 
     </span>
    </p>
   </div>
   <div class='ocr_carea' id='block_1_113' title="bbox 1780 5253 3064 5325">
    <p class='ocr_par' dir='ltr' id='par_1_113' title="bbox 1780 5253 3064 5325">
     <span class='ocr_line' id='line_1_113' title="bbox 1780 5253 3064 5325; baseline -0.004 -16"><span class='ocrx_word' id='word_1_682' title='bbox 1780 5258 2023 5310; x_wconf 88' lang='lat' dir='ltr'><strong>eumdem</strong></span> <span class='ocrx_word' id='word_1_683' title='bbox 2047 5259 2194 5325; x_wconf 87' lang='lat' dir='ltr'><strong>prius</strong></span> <span class='ocrx_word' id='word_1_684' title='bbox 2216 5256 2485 5309; x_wconf 84' lang='lat' dir='ltr'><strong>exstitisse</strong></span> <span class='ocrx_word' id='word_1_685' title='bbox 2518 5253 2744 5307; x_wconf 78' lang='lat' dir='ltr'><strong>Verbum</strong></span> <span class='ocrx_word' id='word_1_686' title='bbox 2770 5253 3064 5307; x_wconf 88' lang='lat' dir='ltr'><strong>Christum.</strong></span> 
     </span>
    </p>
   </div>
   <div class='ocr_carea' id='block_1_114' title="bbox 1849 5421 3303 5494">
    <p class='ocr_par' dir='ltr' id='par_1_114' title="bbox 1849 5421 3303 5494">
     <span class='ocr_line' id='line_1_114' title="bbox 1849 5421 3303 5494; baseline -0.002 -18"><span class='ocrx_word' id='word_1_687' title='bbox 1849 5426 1934 5478; x_wconf 81' lang='grc'><strong>40.</strong></span> <span class='ocrx_word' id='word_1_688' title='bbox 1974 5424 2180 5479; x_wconf 76' lang='grc' dir='ltr'>ναίειίἱ.</span> <span class='ocrx_word' id='word_1_689' title='bbox 2207 5423 2418 5489; x_wconf 89' lang='lat' dir='ltr'><strong>Valens,</strong></span> <span class='ocrx_word' id='word_1_690' title='bbox 2446 5425 2537 5494; x_wconf 91' lang='lat' dir='ltr'><strong>qui</strong></span> <span class='ocrx_word' id='word_1_691' title='bbox 2567 5433 2620 5479; x_wconf 87' lang='lat' dir='ltr'><strong>et</strong></span> <span class='ocrx_word' id='word_1_692' title='bbox 2654 5425 2768 5494; x_wconf 89' lang='lat' dir='ltr'><strong>ipse</strong></span> <span class='ocrx_word' id='word_1_693' title='bbox 2803 5424 2857 5479; x_wconf 89' lang='lat' dir='ltr'><strong>in</strong></span> <span class='ocrx_word' id='word_1_694' title='bbox 2890 5423 3081 5477; x_wconf 84' lang='lat' dir='ltr'><strong>Arabia</strong></span> <span class='ocrx_word' id='word_1_695' title='bbox 3112 5421 3303 5489; x_wconf 77' lang='lat' dir='ltr'><strong>fuerat,</strong></span> 
     </span>
    </p>
   </div>
  </div>
