4088 6332
608 352 704 413 155

2070 354 2364 414 JOSEPPI

3667 353 3765 416 156

601 463 837 518 evirabat
889 477 980 516 eos
1017 463 1103 530 qui
1151 464 1214 516 ad
1257 479 1312 518 se
1334 465 1675 531 accedebant,
1711 465 2118 533 excidebatque,

2234 466 2533 534 γενόμενος,
2592 461 2862 531 εὐνούχιζε
2907 459 3028 522 τοὺς
3083 459 3396 528 προσιόντας
3452 459 3617 529 αὐτῷ,
3672 463 3766 514 καὶ

604 568 699 606 nec
739 551 897 605 Vetus
925 553 1318 605 Testamentum
1355 554 1680 608 admittebat.

668 642 755 693 41.
791 641 1097 694 Sabelliani.
1136 643 1359 704 Quidam
1395 642 1656 697 Sabellius
1697 642 2132 712 Pentapolitanus

593 738 712 791 tres
749 742 1003 795 personas
1045 728 1204 780 unius
1247 727 1543 782 Divinitatis
1583 744 1914 796 ntquaquam
1945 728 2135 780 admit-

605 828 736 878 lens,
765 815 1098 867 Divinitatem
1113 816 1317 868 Patrem
1341 833 1456 870 esse
1475 833 1537 870 ac
1554 816 1767 880 Filium,
1786 817 2132 884 eamdemque

603 907 949 971 compositam
985 905 1174 958 stolide
1205 906 1521 958 sustinebat.

670 995 757 1048 42.
792 994 1041 1060 Origem'i.
1066 993 1425 1062 Turpissimas
1448 995 1680 1047 actiones
1703 994 1999 1062 patrabant,
2033 1009 2132 1047 nec

605 1084 944 1136 sobrietatem
997 1083 1180 1136 colunt
1216 1083 1490 1136 abutentes
1537 1098 1714 1136 carne.
1759 1084 1826 1136 At
1858 1099 1964 1136 non
2007 1093 2132 1136 sunt

603 1171 689 1223 isti
712 1185 774 1222 cx
804 1171 1030 1238 Origene
1055 1169 1430 1234 Alexandrino,
1451 1171 1564 1224 sive
1586 1171 1923 1224 Adamantio.

668 1348 755 1398 45.
794 1345 1153 1413 Origcniastaz.
1188 1344 1281 1398 llic
1310 1357 1391 1398 est
1423 1345 1789 1408 Adamantius,
1821 1348 1911 1415 qui
1943 1362 2130 1416 corpo-

601 1449 719 1485 rum
757 1436 1192 1487 resurrectionem
1220 1434 1447 1488 nolebat.
1481 1435 1534 1486 lu
1568 1437 1844 1504 allegorias
1873 1439 2131 1493 absurdas

606 1523 907 1590 Scripturas
956 1523 1286 1576 deﬂectebat.
1336 1525 1407 1577 De
1437 1525 1614 1591 gentili
1668 1526 1997 1593 philosophia
2035 1542 2129 1578 ve-

603 1613 772 1672 niens,
801 1627 896 1664 nec
922 1612 1297 1665 ethuicismum
1325 1613 1594 1680 abjurans,
1620 1614 1868 1668 tredecim
1901 1615 2131 1672 haereses

604 1700 653 1750 in
675 1699 963 1752 Eeclesiam
988 1702 1205 1754 invexit.

670 1790 754 1841 44.
792 1788 1083 1844 I’aulliaui.
1123 1793 1321 1845 Paulus
1353 1791 1762 1854 Samosatenus,
1803 1793 1890 1861 qui
1940 1783 2128 1848 Antio-

603 1879 817 1930 cheusis
842 1880 1120 1947 episcopus
1140 1880 1259 1944 fuit,
1287 1881 1542 1935 Theodoti
1559 1892 1611 1936 et
1634 1884 1858 1936 Artemaa
1884 1883 2124 1936 haeresim

603 1969 894 2030 innovatis,
953 1969 1223 2022 Christum
1285 1972 1460 2024 aiebat
1523 1972 1784 2024 hominem
1837 1972 2126 2026 divinitatis

603 2059 802 2109 honore
847 2058 1177 2118 decoratum,
1221 2070 1494 2126 propterea
1544 2061 1683 2128 quod
1727 2059 1993 2125 Verbum,
2036 2061 2124 2114 Dei

606 2144 897 2211 Sapientia,
933 2146 983 2197 in
1027 2147 1139 2213 ipso
1180 2148 1514 2202 habitaverit.

670 2234 756 2287 45.
811 2235 1096 2287 Manichwi.
1150 2235 1326 2288 Manes
1386 2235 1545 2290 Persa
1605 2247 1788 2291 contra
1840 2238 2124 2292 Ecclesiam

602 2322 836 2372 emersit.
872 2320 984 2373 Duo
1035 2323 1211 2374 aiebat
1247 2325 1501 2390 principia
1529 2339 1674 2389 esse,
1712 2325 1906 2377 bonum
1940 2339 2128 2392 nempe

600 2423 653 2464 ct
687 2415 994 2480 malignum.
1052 2415 1379 2482 Repudiabat
1422 2431 1541 2469 eum
1587 2417 1675 2485 qui
1719 2417 1988 2483 legislator
2028 2415 2129 2469 fuit

603 2500 829 2565 Israelis,
861 2514 910 2555 et
935 2503 1101 2556 factor
1132 2506 1522 2559 universorum.
1550 2506 1704 2559 Astra
1729 2506 1954 2560 colebat.

670 2674 758 2725 46.
795 2672 1089 2727 Ilieracitte.
1115 2674 1171 2727 In
1199 2673 1400 2729 Leouto
1422 2676 1631 2746 Egypti
1658 2679 1737 2729 vir
1767 2678 1978 2743 quidam
2009 2679 2128 2732 Ilie-

603 2778 697 2814 rax
728 2765 942 2816 nomine
982 2766 1182 2825 suasit,
1213 2776 1267 2816 ut
1296 2782 1358 2818 ne
1402 2777 1700 2834 speraretur
1734 2770 1910 2822 carnis
1955 2785 2132 2822 resur-

603 2854 788 2905 rectio.
846 2852 1064 2920 Nuptias
1113 2857 1441 2923 repudiabat.
1499 2857 1683 2910 Laicos
1739 2859 1978 2911 homines
2024 2874 2126 2910 nou

602 2940 944 3004 suscipiebat.
1001 2940 1201 2995 Pueros
1257 2945 1474 2996 docebat
1509 2946 1704 2997 Christi
1752 2962 1970 3012 regnum
2021 2962 2128 2999 non

604 3027 840 3094 ingredi,
873 3044 934 3081 eo
965 3031 1102 3096 quod
1134 3034 1278 3084 nullo
1306 3035 1594 3086 certamine
1621 3035 1920 3101 pugnarint.

672 3119 758 3171 47.
791 3119 1074 3176 Meletiaui.
1115 3123 1169 3174 In
1210 3123 1435 3193 Egypto
1474 3125 1799 3194 fuitquidam
1828 3126 2123 3179 schismati-

604 3224 699 3260 cus
721 3208 977 3264 Meletius.
1038 3212 1085 3265 ls
1133 3213 1344 3265 nolebat
1384 3229 1537 3267 orare
1588 3231 1707 3267 cum
1750 3216 2129 3283 paenitentibus

603 3309 818 3367 propter
843 3301 1042 3368 lapsum
1069 3303 1120 3354 in
1147 3305 1532 3371 persecutione,
1558 3307 1647 3373 qui
1675 3321 1703 3358 a
1734 3308 1935 3376 synodo
1958 3308 2127 3362 susci-

605 3390 905 3454 piebautur,
933 3399 1092 3459 atque
1125 3408 1153 3445 a
1183 3393 1336 3446 Petro
1365 3395 1615 3464 episcopo
1637 3406 1691 3450 et
1721 3409 1970 3467 martyre.
2060 3446 2062 3451 .

676 3562 760 3614 48.
800 3563 1078 3616 Adamiani
1131 3567 1255 3619 nudi
1307 3577 1447 3621 stant
1495 3569 1545 3622 in
1594 3569 1922 3625 orationibus
1956 3587 2132 3628 mares

603 3665 753 3716 teque
795 3660 954 3719 atque
983 3653 1232 3707 mulieres
1256 3695 1268 3715 .
1304 3658 1613 3709 memoriam
1653 3659 1961 3715 refricantes
1988 3663 2134 3736 _sim-

605 3740 854 3806 plieitatis
889 3741 1076 3794 Adami
1111 3751 1163 3794 et
1201 3744 1339 3795 Erae.

671 3826 759 3879 49.
804 3824 1116 3881 Marianum.
1154 3827 1368 3881 Mariam
1416 3832 1478 3883 ad
1522 3833 1752 3886 divinam
1782 3837 2014 3889 evehunt
2045 3852 2128 3892 es.

605 3914 849 3976 Sentiat",
876 3914 1235 3983 allii-ruantque
1251 3933 1364 3970 eam
1390 3932 1716 3988 assumptam
1743 3924 1794 3977 in
1823 3927 2005 3989 caelos,
2025 3942 2135 3981 me-

607 4003 829 4053 moriam
862 4004 1000 4056 illius
1026 4003 1278 4058 facientes
1302 4008 1352 4058 in
1376 4009 1645 4062 oblatione
1675 4014 1848 4078 panis.

674 4091 760 4142 50.
807 4091 1088 4145 Mawliani
1122 4097 1328 4162 Operari
1363 4097 1576 4160 nolunt,
1609 4100 1699 4153 sed
1742 4103 1894 4155 aiunt
1936 4105 2135 4158 oratio-

610 4181 766 4233 nibus
789 4191 1044 4250 perpetuo
1077 4187 1392 4251 vacandum,
1415 4189 1539 4241 dum
1572 4190 1803 4249 laborem
1835 4194 2014 4248 odisse
2042 4195 2136 4250 de-

609 4271 890 4324 loc-tantur.

2230 557 2497 621 ἀπέτεμνε
2521 593 2535 615 ,
2567 551 2663 619 τὴν
2687 552 2925 604 Παλαιὰν
2946 550 3162 618 Γραφὴν
3193 548 3266 616 μὴ
3292 548 3592 616 δεχόμενος.

2301 642 2408 710 μα’.
2454 643 2776 696 Σαόέλλιοι.
2814 639 3093 700 Σαδέλλιός
3125 655 3202 699 τις
3242 639 3297 689 ὲν
3327 641 3394 705 τῇ
3441 637 3766 690 Πενταπόλει

2229 731 2485 794 γεγονὼς.
2529 730 2623 790 τὰς
2663 730 2808 796 τρεῖς
2859 726 3176 786 ὑποστάσεις
3221 724 3318 791 τῆς
3351 725 3475 792 μιᾶς
3507 722 3766 791 Θεότητος

2229 819 2324 868 οὐκ
2341 815 2752 880 ἀποδεξάμενος,
2772 814 3075 880 Υίοπάτορα
3104 811 3199 876 τὴν
3231 811 3490 880 Θεότητα,
3519 809 3615 861 καὶ
3643 811 3767 861 σύν-

2231 905 2349 956 θεον
2385 903 2727 972 παρεφρόνει.

2301 994 2403 1060 μβ’.
2445 968 2787 1058 Ὠρειτένιοι.
2823 990 3257 1057 Αίσχροποιοῦσι,
3298 990 3393 1043 καὶ
3427 989 3528 1058 τὴν
3555 992 3765 1059 σῶφρο-
3857 968 3860 970 Ὺ

2231 1081 2394 1148 σύνην
2421 1081 2479 1130 οὐ
2513 1079 2760 1147 τιμῶσιν,
2788 1077 3159 1145 ἀποχρώμενοι
3186 1079 3252 1146 τῇ
3289 1077 3467 1145 σαρκί.
3501 1078 3638 1131 Ἀλλ’
3664 1077 3766 1131 οῦκ

2229 1173 2364 1222 εἰσιν
2419 1163 2562 1220 οῦτοι
2640 1165 3022 1235 ’Δλεξανδρέως
3095 1167 3463 1236 Ὠρειγένους,
3521 1169 3612 1221 τοῦ
3671 1170 3765 1221 καὶ

2241 1259 2606 1327 Ἀδαμαντίου.

2299 1355 2407 1417 μγ’.
2457 1346 2923 1413 Ὠρειτενιασταί.
2951 1341 3114 1406 Οὗτός
3143 1349 3289 1399 ἐστιν
3317 1349 3344 1398 ό
3371 1347 3462 1398 καὶ
3501 1347 3764 1414 Ἀδαμάν-

2225 1454 2366 1502 τιος,
2423 1436 2684 1504 σωμάτων
2733 1435 3020 1488 ἀνάστασιν
3061 1435 3257 1487 ἀθετεῖ.
3303 1435 3392 1494 Et;
3442 1433 3765 1504 ἀλληγορίας

2235 1529 2464 1587 ἀτόπους
2492 1527 2587 1586 τὰς
2617 1525 2834 1595 Γραφάς
2887 1525 3126 1592 ἔτρεψεν.
3184 1525 3316 1576 Ἀπὸ
3355 1524 3450 1591 τῆς
3502 1524 3765 1592 Ἐλλήνων

2229 1617 2534 1684 φιλοσοφίας
2552 1615 2738 1676 ὲλθὼν,
2760 1614 2850 1666 τὸν
2861 1614 2915 1664 δὲ
2941 1614 3286 1682 Ἐλληνισμὸν
3310 1615 3407 1666 οὐκ
3426 1614 3761 1676 ἀποπτύσας,

2227 1705 2569 1773 τρισκαίδεκα
2598 1702 2833 1770 αἱρέσεις
2858 1703 2923 1769 τῇ
2957 1701 3244 1768 Ἐκκλησία
3275 1701 3623 1770 ἐπεισήγαγε.

2299 1795 2396 1860 μδ¹.
2422 1785 2770 1844 Παυλιανοί.
2819 1789 3022 1851 Παῦλος
3063 1789 3168 1841 ἀπὸ
3211 1789 3467 1857 Σαμοσᾶ,
3504 1790 3602 1856 τῆς
3643 1791 3762 1842 Ἀν-

2227 1884 2443 1948 τιοχέων
2495 1880 2776 1948 γενόμενος
2827 1879 3156 1939 ἐπίσκοπος,
3215 1878 3312 1947 τὴν
3366 1878 3614 1930 Θεοδότου
3664 1879 3762 1932 καὶ

2238 1971 2472 2039 ’Λρτεμᾱ
2522 1970 2726 2037 αἰρεσιν
2778 1968 3246 2032 ἀνανεωσάμενος,
3299 1966 3579 2030 ἄνθρωπον
3627 1965 3765 2019 Θεοῦ

2227 2063 2356 2127 τιμῇ
2398 2059 2750 2126 τετιμημένον
2781 2056 2869 2108 τὸν
2907 2056 3138 2124 Χριστὸν
3162 2094 3177 2119 ,
3208 2056 3293 2108 διὰ
3334 2057 3394 2109 τὸ
3433 2058 3522 2109 τὸν
3554 2058 3723 2126 Λόγον
3743 2100 3759 2125 ,

2226 2146 2321 2212 τὴν
2356 2144 2547 2210 Σοφίαν
2571 2143 2662 2194 τοῦ
2693 2142 2847 2202 Θεοῦ,
2873 2143 3147 2209 ἐνοικῆσαι
3177 2143 3252 2202 είς
3280 2143 3460 2208 αὐτὸν,
3494 2141 3634 2200 εἷπε.

2299 2232 2397 2300 με’.
2450 2231 2776 2297 Μανιχαῖοι.
2824 2229 2952 2281 Ἀπὸ
3001 2232 3097 2298 τῆς
3138 2231 3392 2296 Περσίδος
3440 2227 3591 2293 οὗτος
3622 2234 3762 2288 κατά

2226 2325 2320 2389 τῆς
2357 2321 2676 2387 Ἐκκλησίας
2694 2321 2951 2387 ἀνεφάνη,
2971 2320 3154 2386 Μάνης
3190 2320 3493 2388 λεγόμενος.
3525 2322 3625 2375 Δύο
3652 2342 3759 2394 φη·-

2230 2411 2310 2462 σὶν
2343 2411 2546 2478 ἀρχὰς,
2583 2408 2793 2477 ἀγαθήν
2838 2426 2893 2459 τε
2935 2410 3025 2459 καὶ
3059 2410 3230 2476 κακὴν
3269 2406 3426 2464 εἶναι.
3469 2413 3570 2463 Τὸν
3600 2431 3758 2482 νομο-

2227 2501 2381 2566 θέτην
2413 2501 2468 2550 ἑν
2497 2498 2572 2564 τῷ
2624 2496 2837 2565 Ἰσραὴλ
2871 2497 3126 2562 γεγονότα
3168 2498 3256 2550 καὶ
3287 2501 3512 2570 ποιητὴν
3545 2503 3760 2556 πάντων

2227 2587 2425 2639 ἀθετεῖ.
2463 2588 2666 2654 Ἀστρα
2693 2587 2922 2638 σέϐεται.

2299 2673 2413 2744 μς’.
2470 2675 2790 2741 ἰερακῖται.
2836 2676 2923 2727 Ἐν
2967 2674 3173 2744 Λεοντῷ
3219 2679 3282 2744 τῇ
3319 2679 3436 2729 κατ’
3469 2678 3756 2745 Αἴγυπτον,

2236 2763 2405 2836 Ἰέραξ
2437 2781 2516 2825 τις
2562 2765 2847 2831 λεγόμενος
2895 2762 3074 2816 ἔπειθε
3121 2765 3316 2831 σαρκὸς
3359 2765 3646 2820 ἀνάστασιν
3683 2771 3756 2841 μὴ

2227 2853 2481 2916 ἐλπίζειν.
2511 2853 2686 2920 Γάμον
2717 2853 2913 2918 ἡθέτει.
2948 2854 3250 2920 Κοσμικοὺς
3286 2857 3382 2908 οὐκ
3419 2858 3642 2926 ἐδέχετο.
3676 2860 3756 2912 “ra

2228 2945 2414 2994 παιδία
2444 2945 2522 3005 είς
2564 2944 2657 3012 τὴν
2689 2942 2919 3012 Χριστοῦ
2971 2941 3238 3011 βασιλείαν
3280 2945 3354 3014 μὴ
3399 2947 3758 3017 είσέρχεσθαι,

2152 3053 2193 3106 C
2226 3033 2343 3084 ἐπεὶ
2377 3033 2508 3101 μηδὲ
2537 3032 2792 3100 ήθλησαν.

2302 3123 2404 3191 με.
2447 3124 2808 3177 Μελετιανοί.
2867 3124 2955 3177 Ἐν
3000 3127 3254 3194 Αἰγύπτῳ
3303 3127 3645 3193 σχισματικός
3675 3141 3759 3183 τις

2230 3215 2413 3282 γέγονε
2454 3215 2676 3267 Μελίτον
2719 3214 3068 3285 [Μελέτιος],
3117 3216 3189 3284 μὴ
3226 3215 3605 3281 συνευξάμενος
3646 3213 3761 3274 τοῖς

2234 3305 2620 3373 μετανοήσασιν
2659 3304 2763 3356 ἀπὸ
2789 3305 2882 3355 τοῦ
2912 3304 3144 3373 διωγμοῦ
3169 3343 3184 3364 ,
3217 3305 3310 3357 καὶ
3343 3304 3570 3371 δεχθεῖσι
3608 3303 3760 3372 παρά

2228 3395 2325 3461 τῆς
2364 3393 2611 3455 συνόδου,
2661 3393 2752 3443 καὶ
2794 3391 2995 3463 Πέτρου
3038 3393 3130 3445 τοῦ
3171 3393 3462 3445 ἀποστόλου
3507 3391 3616 3460 (80)
3663 3392 3758 3444 καὶ

2234 3483 2522 3552 μάρτυρος,

2302 3578 2408 3638 μη’.
2453 3570 2770 3638 Ἀδαμιανοὶ
2800 3569 2992 3637 γυμνοὶ
3027 3572 3082 3622 ὲν
3107 3573 3223 3633 ταῖς
3251 3571 3433 3639 εὐχαῖς
3467 3568 3758 3637 παρίσταν-

2232 3677 2342 3719 ται,
2373 3660 2556 3727 ἀνδρες
2589 3659 2722 3726 όμοῦ
2757 3660 2850 3712 καὶ
2894 3665 3164 3725 γυναῖκες,
3203 3660 3298 3711 τοῦ
3341 3659 3508 3729 Ἀδὰμ
3534 3659 3625 3712 καὶ
3658 3659 3760 3726 τῆς

2234 3745 2375 3806 Εὔας
2409 3747 2505 3812 τῆς
2541 3745 2831 3813 ἁπλότητος
2865 3747 3305 3815 μνημονεύοντες.

2308 3835 2412 3900 μθ⁸.
2439 3835 2778 3902 Μαριαγῖται
2814 3837 2912 3902 τὴν
2957 3836 3168 3906 Μαρίαν
3193 3839 3269 3898 εἰς
3299 3835 3447 3888 θείαν
3465 3836 3645 3888 οὐσίαν
3671 3837 3762 3889 ἀν-

2236 3924 2476 3989 άγουσιν,
2526 3923 2617 3974 καί
2648 3940 2806 3991 φασιν
2837 3925 3002 3992 αὐτὴν
3045 3926 3122 3985 εἰς
3151 3925 3371 3992 οὐρανὸν
3405 3923 3758 3989 ἀνειλῆφθαι,

2239 4013 2454 4080 μνήμην
2481 4012 2645 4076 αὐτῆς
2674 4014 2729 4062 ὲν
2760 4012 2921 4080 ἄρτου
2953 4013 3201 4080 προθέσει
3231 4012 3558 4079 ποιούμενοι.

2304 4106 2364 4153 v'.
2409 4103 2814 4154 Μασαλλιανοί
2860 4101 3180 4170 ἐργάζεσθαι
3207 4101 3266 4153 οὐ
3309 4101 3600 4170 βούλονται,
3629 4101 3762 4155 ἀλλά

2238 4209 2399 4258 φασιν
2435 4192 2617 4261 εὐχαῖς
2651 4195 2729 4255 εἰς
2770 4194 2856 4246 ἀεὶ
2898 4194 3188 4256 διατελεῖν,
3228 4195 3504 4262 μισεργεῐν
3552 4192 3764 4260 ἀγαπή-

2239 4297 2442 4341 σαντες.

675 4359 761 4414 51.
795 4363 1097 4428 Αροειοιίτὶ.
1132 4363 1362 4418 Fuerunt
1415 4367 1465 4418 lii
1518 4369 1658 4421 circa
1701 4369 1970 4434 Pisidiam,
2025 4373 2126 4426 sibi

2295 4367 2390 4422 va'.
2435 4370 2836 4423 Ἀποστολικοὶ
2864 4412 2876 4432 ,
2929 4373 3054 4440 περὶ
3082 4371 3176 4436 τὴν
3207 4370 3444 4423 Πισιδίαν
3489 4363 3634 4424 οῦτοι
3675 4387 3763 4437 γεο

606 4454 873 4519 subjcctos
902 4453 1160 4507 duntaxat
1200 4455 1478 4525 recipiunt,
1509 4474 1628 4512 cum
1661 4461 1804 4513 nullo
1825 4463 1927 4516 alio
1948 4473 2127 4518 orant.

677 4631 758 4683 5‘2.
792 4632 1085 4683 ΑνεΙιοηιίεἰ
1117 4633 1441 4700 principatus
1471 4644 1522 4688 et
1553 4644 1837 4703 potestates
1870 4639 2130 4706 quasdam

610 4733 912 4784 recensent,
961 4723 1145 4790 hisque
1182 4724 1475 4784 subjiciunt
1517 4729 1672 4792 hujus
1706 4730 1865 4783 totius
1902 4731 2130 4784 universi

609 4813 1163 4877 administrationem,
1211 4814 1467 4883 aiuntque
1515 4814 1782 4870 Christum
1832 4820 2039 4872 venisse
2084 4821 2134 4873 in

609 4900 864 4967 judicium
891 4914 1076 4952 eorum
1111 4902 1607 4957 administrationis.

677 4992 762 5046 53.
808 4991 1053 5058 Angelici.
1108 4991 1498 5060 Superbissime
1536 4995 1810 5061 sapiebant
1858 4995 1932 5059 lii,
1982 4999 2134 5065 quasi

609 5097 756 5133 suam
804 5083 1066 5147 propriam
1126 5083 1414 5157 angelicam
1467 5085 1690 5137 classem
1739 5087 2022 5151 habentes,
2074 5103 2135 5141 ac

609 5171 956 5222 sectatoribus
982 5185 1163 5222 eorum
1188 5173 1552 5236 promittentes.

678 5260 761 5311 54.
813 5261 1058 5311 Αυάὲαηὶ.
1109 5261 1172 5314 Et
1219 5261 1270 5312 lii
1305 5263 1492 5316 scissio
1545 5265 1783 5329 qmedam
1827 5264 1942 5316 fuit.
1997 5265 2130 5318 Cum

611 5352 756 5417 laicis
793 5366 895 5403 non
928 5352 1181 5412 orabant,
1212 5352 1350 5418 virga
1386 5368 1413 5404 a
1451 5355 1640 5422 seipsis
1672 5365 1979 5422 separantes
2005 5371 2130 5418 eos,

676 5528 784 5601 (80)
815 5526 978 5579 Error
1006 5529 1210 5584 videtur
1241 5540 1412 5601 typog.
1446 5530 1539 5599 pr'o
1569 5534 1874 5594 ἐπισκόπου,
1908 5533 2125 5587 Alexan-

611 5598 762 5650 drino
793 5611 1000 5653 nempe.

2228 4457 2462 4523 γόνασιν,
2497 4458 2883 4522 ὑποτακτικοὺς
2920 4461 3073 4528 μόνον
3101 4461 3358 4528 δέχονται.
3392 4461 3521 4513 Μετ’
3552 4461 3762 4523 οὐδενὸς

2229 4548 2413 4616 ἑτέρου
2441 4549 2706 4617 εὔχονται.

2299 4636 2395 4704 νβ’.
2436 4640 2781 4704 Ἀρχοντικοὶ
2828 4640 3000 4708 ἀρχὰς
3032 4641 3125 4692 καὶ
3169 4638 3412 4703 ἔξουσίας
3447 4639 3597 4700 τινὰς
3625 4639 3764 4689 ἀπα-

2235 4725 2518 4794 ριθμοῦσι,
2580 4727 2669 4778 καὶ
2725 4727 2826 4778 ὑπὸ
2881 4729 3076 4790 ταύτας
3132 4728 3337 4780 τιθέασι
3385 4725 3481 4795 τὴν
3540 4727 3764 4778 καθόλου

2231 4817 2506 4884 διοίκησιν,
2539 4815 2762 4884 Χριστὸν
2794 4818 2849 4870 δὲ
2881 4820 2957 4878 εἰς
2985 4820 3082 4884 τὴν
3102 4818 3303 4868 τούτων
3330 4816 3429 4882 τῆς
3453 4814 3765 4883 διοικήσεως

2232 4905 2408 4974 κρίσιν
2435 4904 2591 4956 ίέναι.

2303 4993 2398 5061 νγ’.
2459 4995 2791 5062 Ἀγγελικοί.
2841 4995 2993 5062 Μέγα
3038 4997 3440 5065 πεφρονήκασιν
3487 4987 3661 5058 οὗτοι,
3692 4996 3764 5058 ὡς

2233 5084 2518 5153 ἀγγελικὴν
2546 5086 2677 5136 ἰδίαν
2719 5086 2865 5149 τάξιν
2893 5088 3122 5156 ἔχοντες,
3155 5091 3245 5141 καὶ
3269 5092 3378 5150 τοίς
3409 5091 3764 5159 συντεταγμέ-

2236 5194 2343 5236 νοις
2379 5178 2508 5245 (81).

2305 5265 2393 5319 νδῖ.
2419 5268 2712 5320 Αὺδιανοί.
2743 5269 2945 5337 Σχίσμα
2978 5270 3227 5335 γεγόνασι
3267 5271 3356 5323 καὶ
3385 5265 3543 5333 οῦτοι,
3576 5287 3762 5338 κοσμι-

2237 5357 2349 5416 κοῖς
2373 5356 2433 5406 οὐ
2474 5357 2865 5424 συνευχόμενοι.
2904 5358 3107 5427 Ῥάΰδῳ
3142 5358 3476 5426 διορύξαντες
3507 5359 3596 5425 ἀφ’
3638 5358 3762 5410 ἐαυ-

2300 5531 2407 5600 (81)
2437 5531 2591 5588 Deest
2619 5533 3044 5604 ὑπισχνούμενοι,
3078 5534 3153 5588 rel
3184 5533 3310 5603 quid
3341 5531 3467 5586 tale.
