4088 6332
139 319 229 401 157
1264 322 1626 382 LIBELLUS
1658 318 2143 387 MEMORIALIS.
2720 376 2726 383 .
3170 328 3267 392 158

134 431 234 485 τῶν
256 431 372 491 ταῖς
403 430 583 498 εὐχαῖς
614 432 735 492 τοὺς
772 430 844 500 μὴ
872 430 1210 491 κοινωνικοὺς
1255 430 1361 481 ἀπὸ
1392 434 1509 492 ταῖς
1541 432 1649 498 (82)
1676 436 1723 491 Α

1676 436 1723 491 Α
1749 434 1837 498 qui
1862 433 1911 485 in
1934 434 2261 485 orationibus
2285 448 2388 484 non
2413 432 2876 485 commnnicabant
2904 447 3102 486 secum.
3130 438 3268 504 Apo-

134 520 460 589 ἀττοκρύφοις
483 520 701 588 βιϐλίοις
722 520 1030 588 κέχρηνται,
1050 520 1143 585 καὶ
1168 519 1490 587 παραδόσεσι
1509 520 1652 582 ξέναι

1754 521 1966 587 crypliis
1996 530 2216 572 utuntur
2239 520 2408 583 libris,
2430 526 2483 573 et
2504 520 2771 573 inusitatis
2796 520 3129 576 documentis
3149 526 3269 591 qui-

135 608 238 659 τισὶ
263 607 357 658 τοῦ
391 608 614 676 ἰξάρχου
642 608 835 660 αὐτῶν.

744 608 835 659 ὦν.
1751 612 1968 665 busdam
1999 612 2231 665 auctoris
2258 613 2358 663 sui.

197 702 288 747 νεθ.
333 697 781 763 Μαρκελλιανοί.
818 695 1153 764 Μαρκέλλιός
1194 711 1277 758 τις
1319 696 1375 746 ιν
1419 694 1653 763 Ἀγκύρᾳ

1820 699 1907 751 55.
1944 698 2283 750 Marcelliani.
2319 698 2546 760 Quidam
2594 697 2891 752 Marcellius
2929 700 2977 751 in
3007 702 3131 753 urbe
3161 702 3270 753 An—

136 786 339 850 γεγόνει
364 786 462 853 τὴν
506 784 785 836 Σαϐιλλίου
828 784 980 847 δόξαν
1027 784 1261 851 φρονῶν,
1294 783 1653 835 ἀνυπόστατον

1750 802 1886 853 cyrn:
1911 788 2010 839 fuit
2029 802 2147 839 cum
2176 788 2406 839 Sabellio
2427 787 2681 846 sentiens.
2710 788 3025 856 imaginatus
3050 804 3268 855 persona

134 877 218 927 τὸν
238 876 331 927 τοῦ
356 874 486 927 Θιοῠ
505 876 693 941 Λόγον,
712 875 881 928 καὶτὸ
906 876 1091 939 ’Δγιον
1110 873 1323 941 Πνεῦμα
1341 875 1581 941 νομίσας.

197 962 299 1024 vc’.
362 964 657 1028 Ἀρειανοί.
694 964 897 1030 Ἀρειός
930 979 1013 1023 τις
1054 963 1271 1027 γέγονεν
1306 962 1363 1012 ὲν
1405 961 1650 1024 Ἀλεξαν-

131 1050 296 1119 δρείᾳ,
331 1050 423 1105 τὸν
452 1050 578 1101 Υίδν
614 1050 708 1101 τοῦ
746 1050 876 1101 Θεοῦ
920 1050 1131 1102 κτιστδν
1156 1050 1247 1099 καὶ
1284 1047 1339 1110 ἐξ
1366 1049 1462 1099 οὐκ
1490 1048 1651 1099 ὄντων

132 1139 402 1205 γεγονέναι
431 1139 671 1203 δοξάσας.

194 1225 285 1289 νζ.
329 1226 650 1294 Ἦμιάρειοι.
701 1226 787 1289 Ἐξ
824 1226 1109 1294 ’Δρειανῶν
1137 1222 1280 1279 οὗτοι
1320 1229 1648 1292 ἀπέσχισαν,

132 1316 465 1382 δμοιούσιον
486 1316 562 1382 τῷ
589 1314 705 1382 Θεῷ
727 1315 1015 1379 φάσκοντες
1039 1314 1127 1364 τὸν
1150 1314 1292 1377 Υίὺν,
1316 1314 1421 1365 τῶν
1451 1315 1652 1381 ’Δρεια-

132 1403 227 1455 νῶν
259 1404 416 1468 μόνον
449 1403 516 1454 τὸ
543 1403 741 1469 ὅμοιον
765 1397 900 1453 εἶναι
932 1402 1208 1467 λεγόντων.

193 1497 290 1558 νην,
344 1491 728 1543 “temtaret.
781 1490 1037 1551 ⁴π’ωιτεινός
1086 1506 1169 1549 τις
1219 1490 1432 1556 γέγονεν
1477 1491 1533 1539 ὲν
1583 1492 1647 1557 τῇ

134 1579 379 1646 Σειρμίῳ.
413 1580 490 1630 Tu
518 1578 723 1629 Παύλου
751 1578 843 1629 τοῦ
886 1578 1250 1644 Σαμωσατέως
1283 1578 1510 1641 δοξάζει,
1556 1577 1648 1628 ἀν-

134 1668 338 1735 θρωτοον
376 1666 624 1733 θιοφόρον
653 1666 821 1731 λέγων
850 1662 985 1717 εἶναι
1013 1666 1102 1717 τὸν
1131 1666 1376 1733 Χριστὸν.

193 1752 286 1806 νϐ’.
330 1724 619 1809 Ἀετιονίοί.
666 1724 864 1816 Ἀέτιός
900 1770 989 1815 τις
1030 1724 1194 1817 Κίλιξ.
1230 1756 1289 1806 τὸ
1328 1756 1498 1819 γένος,
1546 1754 1648 1805 τῶν
1680 1724 1719 1775 Β

146 1845 423 1912 Ἀρειανῶν
455 1845 735 1911 χωρισθεὶς
772 1845 950 1910 ὅμοιον
975 1843 1231 1909 λεγόντων
1258 1844 1331 1911 τῷ
1367 1845 1535 1910 Iluth
1561 1846 1648 1895 τὸν

135 1936 268 1997 Υἱδν,
292 1935 540 2001 ἀνόμοιον
562 1934 707 2002 αὐτῷ
734 1931 868 1985 εἶναι
888 1929 1027 1986 εἶπε.
1059 1935 1313 2001 Εὑνόμιος
1339 1936 1391 1986 δὲ
1415 1937 1645 2003 προέστη

138 2024 239 2092 μετ’
263 2023 430 2075 αὑτοῦ
459 2024 654 2090 ταύτης
685 2023 779 2088 τῆς
800 2023 1078 2091 αἱρέσεως,
1110 2025 1228 2075 ὅθεν
1261 2026 1352 2075 xui.
1380 2027 1651 2092 Εὐνομία-

135 2113 277 2164 νοίοί
317 2113 593 2178 ’Δνομίται
628 2111 933 2178 κέκληνται.

192 2201 251 2263 ξ’.
310 2201 606 2266 Ἀκρίαν-οἰ.
670 2201 870 2266 Ἀέριὸς
904 2217 985 2260 τις
1020 2202 1203 2265 γέγονε
1251 2202 1519 2263 Ποντικὸς,
1552 2204 1646 2267 τῆς

144 2292 415 2358 Ἀρειανῆς
462 2290 715 2357 αἱρέσεως
760 2288 851 2352 ὢν,
901 2289 1178 2351 ἀνεδόξασε
1218 2290 1272 2340 δὲ
1318 2292 1514 2353 αὐτοῖς,
1558 2294 1647 2342 xui.

134 2378 390 2445 ἔχωρίσθη
421 2377 511 2429 ἀπ’
542 2376 717 2427 αὐτῶν
752 2376 836 2427 διὰ
874 2376 1095 2427 τοιαῦτα
1118 2392 1131 2405 ·
1168 2377 1455 2427 ἐπίσκοπον
1487 2378 1646 2445 μηδὲν

133 2467 393 2532 διαφέρειν
432 2465 789 2531 πρεσὸυτέρου
819 2464 1005 2530 λέγων.
1038 2465 1305 2531 Τετράδας
1343 2464 1435 2515 καὶ
1471 2481 1648 2531 παρα-

135 2555 317 2612 σκευὰς
392 2555 461 2621 μὴ
503 2554 768 2622 προτιμᾷν
815 2553 920 2602 τῶν
964 2554 1020 2603 ὲν
1066 2552 1246 2614 ἄλλαις
1298 2554 1524 2623 ἡμέραις
1558 2573 1648 2623 νη-

138 2639 345 2702 στεύων,
374 2639 491 2689 τινά
520 2640 718 2706 σκηνὴν
748 2639 855 2705 (85)
883 2640 1141 2703 ὑπερεῖδε.

194 2723 282 2787 ξεί.
314 2725 755 2778 Μακεδονιανοί.
801 2727 1117 2787 Μακεδόνιὸς
1158 2745 1237 2788 τις
1278 2729 1333 2778 ὲν
1369 2730 1647 2781 Κωνσταν-

134 2814 420 2863 τινουπόλει
453 2814 676 2877 γίνεται,
708 2814 763 2863 τὸ
809 2800 1027 2876 Πνεῦμα
1051 2815 1108 2865 τὸ
1147 2817 1297 2881 ἅγιον
1326 2817 1527 2868 ἀθετῶν
1553 2820 1646 2885 τῆς

135 2901 210 2951 τοῦ
233 2901 363 2952 Θεοῦ
390 2903 595 2970 [ἰατρὸς
636 2903 726 2953 καὶ
748 2902 871 2953 Υἱοῦ
887 2903 1087 2963 οὐσίας.
1115 2904 1201 2953 Διὸ
1221 2905 1309 2955 xui.
1327 2908 1648 2971 Ηνευματο-

133 2990 290 3057 μάχοι
320 2992 608 3057 κέκληνται
636 2992 683 3043 oi
712 2992 947 3041 κοινωνοὶ
971 2992 1152 3043 αὑτοῦ.

194 3077 283 3144 ξβπ.
318 3079 891 3145 Ἀνθρωπομορςρῖται.
926 3076 1077 3131 Οὗτοι
1102 3081 1182 3141 είς
1203 3080 1297 3149 τὴν
1338 3080 1640 3149 Ἐλευθερο-

138 3168 321 3227 πάλεως
366 3166 734 3235 ἀναπεφῄνασι
771 3168 966 3235 χώραν,
996 3170 1054 3217 ὲν
1084 3163 1125 3233 ᾧ
1153 3172 1505 3222 ἑστιν.........
1542 3188 1643 3220 σω-

141 3253 341 3319 ματικὸν
362 3258 677 3321 χαρακτῆρα
704 3256 793 3304 xui.
821 3254 1025 3322 μορφὴν
1047 3256 1381 3323 ἀνθρωπίνην
1405 3257 1491 3305 τὸν
1514 3256 1641 3306 Θεὸν

137 3344 259 3411 ἔχειν
302 3343 441 3394 κατά
484 3342 579 3409 τὴν
624 3342 851 3409 ὓπαρξιν
894 3342 1051 3392 αὑτοῦ
1095 3344 1191 3409 τὴν
1236 3345 1399 3394 ἀΐδιον
1436 3343 1640 3407 λογιζό-

141 3451 289 3499 μενοι,
316 3435 391 3496 ὡς
421 3434 512 3485 καὶ
551 3433 807 3485 Ἰουδαίων
838 3434 886 3483 οί
910 3433 1014 3483 τῶν
1042 3433 1264 3501 Γραφῶν
1298 3433 1524 3501 ἀμύητοι
1554 3450 1640 3485 νε-

140 3524 392 3588 νοήκασιν.

194 3605 352 3662 Αὖται
382 3612 477 3677 μὲν
505 3608 596 3661 οὖν
628 3613 681 3661 αί
709 3612 843 3662 κατὰ
882 3615 976 3679 τῆς
1022 3612 1514 3679 ἀγίαςἙκκλησίας
1551 3614 1643 3662 ἑπ-

142 3702 414 3751 αναστᾶσαι
445 3700 724 3765 γεγόνασιν
754 3700 1003 3765 αἱρέσεις,
1032 3702 1125 3767 τῆς
1161 3700 1248 3751 τὸν
1276 3700 1469 3766 Κύριον
1492 3700 1641 3766 ἡμῶν

152 3787 332 3855 Ἰησοῦν
368 3788 614 3857 Χριστὸν,
657 3788 745 3838 τὸν
776 3787 838 3838 δι’
866 3781 924 3838 οὗ
969 3786 1035 3836 τὰ
1071 3787 1241 3839 πάντα
1286 3787 1512 3850 ἐγένετο,
1552 3789 1641 3837 xui.

141 3876 439 3943 γεννηθέντα
483 3878 543 3928 ὲκ
582 3875 793 3943 Μαρίας
841 3875 934 3942 τῆς
970 3874 1240 3942 Παρθένου
1268 3874 1403 3923 κατά
1447 3875 1638 3940 σάρκα,

146 3966 217 4014 xz".
239 3967 637 4033 ἐπιδημήσαντα
658 3968 720 4033 τῇ
752 3963 939 4015 ἑαυτοῦ
975 3963 1163 4025 κτίσει,
1198 3963 1355 4013 αὑτὸν
1401 3961 1532 4014 εἶναι
1555 3964 1642 4014 τὸν

144 4054 229 4117 πρὸ
254 4055 355 4105 τῶν
388 4054 593 4106 αἰώνων
627 4056 844 4104 συνόντα
866 4052 939 4120 τῷ
967 4051 1079 4119 Θεῷ
1113 4052 1202 4101 xui.
1239 4053 1423 4120 Πατρὶ,
1455 4069 1643 4119 γεννηο

145 4142 274 4193 θέντα
303 4123 364 4193 ἐκ
385 4144 480 4209 τῆς
500 4144 681 4202 οὐσίας
708 4142 798 4193 τοῦ
842 4142 1066 4208 ΙΙατρδς,
1107 4141 1196 4190 καὶ
1221 4140 1345 4191 ὄντα
1371 4141 1643 4207 δμοούσιον

145 4232 202 4296 τῷ
222 4232 331 4298 Θεῷ
365 4234 533 4299 Πατρὶ
566 4232 952 4300 παρειληφυίας
989 4232 1079 4281 xui.
1110 4230 1516 4298 παραδιδούσης,
1551 4231 1644 4281 σὺν

145 4320 201 4383 τῷ
240 4320 398 4386 Ἀγὶῳ
427 4320 715 4386 Πνεύματι.

1682 902 1691 911 -
1746 890 1931 929 carere
1971 877 2057 927 Dei
2092 876 2319 927 Verbum
2368 886 2527 941 atque
2562 875 2812 941 Spiritum
2842 888 3099 929 sanctum.

1816 965 1900 1017 56.
1930 964 2127 1015 Ariani.
2178 964 2401 1027 Quidam
2445 964 2602 1017 Arius
2655 964 2750 1017 fuit
2795 966 3144 1027 Alexandria,
3177 968 3267 1033 qui

1749 1054 2065 1120 Opinabatur
2087 1052 2277 1103 Filium
2306 1052 2394 1104 Dei
2420 1062 2716 1105 creaturam
2738 1067 2873 1113 esse,
2898 1061 3054 1119 atque
3075 1067 3137 1103 ex
3166 1068 3271 1105 non

1747 1128 2075 1196 exstantibus
2109 1141 2326 1193 factum.
3226 1188 3229 1189 ν

1818 1231 1901 1282 57.
1936 1228 2263 1281 Semiariani.
2305 1228 2384 1279 Ab
2414 1227 2624 1280 Arianis
2656 1228 2741 1279 isti
2772 1228 3054 1279 schismate
3081 1227 3270 1279 divulsi

1748 1329 1889 1381 sunt,
1934 1316 2149 1369 similent
2202 1326 2391 1367 natura
2433 1316 2537 1367 Deo
2593 1315 2729 1365 Patri
2778 1316 3011 1367 dicentes
3056 1314 3270 1377 Filium,

1751 1425 1910 1477 quum
1937 1407 2115 1458 Ariani
2146 1406 2385 1457 dicerent
2421 1405 2675 1457 duntaxat
2703 1419 2818 1456 esse
2856 1405 3095 1456 similem.

1812 1497 1905 1550 58.
1942 1495 2265 1548 Photiniuni.
2294 1495 2515 1557 Quidam
2542 1494 2799 1546 Photinus
2833 1494 2931 1545 fuit
2957 1494 3156 1554 Sirmii,
3181 1494 3269 1560 qui

1747 1601 1867 1639 cum
1894 1584 2057 1637 Paulo
2079 1585 2427 1635 Samosateno
2454 1585 2699 1649 opinione
2732 1582 3116 1644 conveniebat,
3145 1582 3269 1634 dum

1750 1673 1937 1724 asserit
1965 1670 2231 1723 Christum
2265 1670 2531 1721 hominem
2570 1686 2686 1722 esse
2720 1670 2993 1721 deiferum.

1817 1761 1902 1813 59.
1932 1760 2154 1811 Aetiani.
2189 1760 2370 1811 Aetius
2419 1773 2607 1825 genere
2637 1758 2792 1817 Cilix.
2847 1760 2911 1809 ab
2951 1758 3157 1809 Arianis
3184 1755 3269 1807 de-

1751 1850 1991 1901 sciscens
2038 1847 2125 1912 qui
2162 1846 2384 1897 similem
2415 1845 2661 1897 dicebant
2708 1845 2845 1895 l’atri
2895 1844 3104 1903 Filium,
3153 1858 3271 1894 eum

1746 1934 2060 1989 dissimilem
2106 1933 2221 1999 ejus
2255 1948 2370 1984 esse
2401 1932 2714 1984 aflirmahat.
2754 1932 2879 1984 Post
2913 1933 3058 1984 illum
3096 1930 3274 1983 Ειιηοο

1748 2023 1885 2077 mius
1917 2020 2126 2088 praefuit
2158 2021 2279 2071 huic
2311 2030 2467 2071 sectae
2496 2038 2507 2069 :
2539 2020 2881 2085 quamobrem
2904 2020 3062 2071 etiam
3098 2018 3272 2070 Euno-

1748 2110 1907 2162 miani
1934 2109 2196 2161 Anomitm
2232 2116 2509 2159 voeantur.

1815 2199 1900 2252 60.
1932 2200 2161 2252 Aeriani.
2200 2198 2322 2250 Fuit
2349 2198 2601 2250 Ponticus
2632 2198 2843 2263 quidam
2890 2196 3077 2248 Acrius
3109 2196 3270 2247 haere-

1746 2290 1881 2342 ticus
1901 2290 2127 2341 Arianus
2150 2307 2162 2339 :
2188 2287 2411 2340 subinde
2432 2287 2693 2338 contraria
2718 2286 2900 2344 sensit,
2924 2294 2974 2336 et
2991 2285 3273 2336 schismate

1756 2378 1821 2427 ab
1870 2378 1947 2429 eis
2006 2376 2197 2427 defecit
2233 2384 2445 2441 propter
2495 2374 2604 2424 haec
2652 2389 2663 2422 :
2707 2372 2918 2424 Dicebat
2972 2373 3270 2439 episcopum

1750 2464 1881 2515 nihil
1919 2479 1947 2515 a
1982 2466 2289 2532 presbytero
2316 2464 2545 2516 diﬂ‘erre.
2576 2461 2755 2512 Ferias
2780 2469 2995 2526 quartus
3019 2471 3067 2510 et
3098 2470 3273 2510 sextus

1754 2566 1857 2603 non
1892 2552 2241 2618 praeferendas
2268 2552 2484 2619 jejuniis
2521 2550 2743 2602 aliarum
2775 2549 3003 2601 dierum.
3036 2548 3269 2609 Quadra-

1752 2640 2005 2705 gesimam
2036 2640 2425 2691 contemnebat.

1812 2726 1898 2779 bl.
1941 2725 2317 2777 Macedoniani.
2365 2725 2487 2777 Fuit
2534 2720 2985 2787 Constantinopoli
3058 2718 3269 2786 quidam

1745 2816 2102 2879 Macedonius,
2137 2818 2227 2883 qui
2266 2814 2521 2882 Spiritum
2568 2820 2809 2867 sanetum
2845 2810 2989 2861 nullo
3026 2810 3141 2860 loco
3174 2809 3268 2858 ha-

1744 2906 1918 2966 bebat,
1944 2904 2305 2970 spoliabatque
2338 2902 2423 2953 Dei
2449 2902 2619 2954 Patris
2642 2916 2702 2952 ac
2734 2899 2846 2950 Filii
2874 2898 3121 2949 essentia.
3149 2895 3271 2961 Ejus

1672 3018 1712 3072 ρ
1745 3002 2021 3061 propterea
2055 3002 2329 3045 consortes
2366 2988 2817 3042 Pneumatomachi
2854 2988 3097 3039 audiunt.

1812 3083 1898 3136 6‘2.
1946 3082 2497 3149 Anthropomorphilw.
2547 3078 2609 3131 Hi
2651 3079 2750 3130 orti
2795 3085 2917 3129 sunt
2961 3077 3011 3125 in
3054 3074 3269 3139 regione

1744 3172 2299 3237 Eleutheropolitana,
2342 3170 2427 3221 ubi
2468 3178 2636 3220 est....
2680 3180 2983 3231 corporeum
3034 3162 3263 3229 speciem

1742 3260 2073 3325 formamque
2107 3260 2389 3310 humanam
2416 3256 2577 3307 Deum
2609 3256 2797 3307 habere
2814 3252 2985 3319 quoad
3013 3262 3265 3305 aeternam

1742 3345 1857 3411 ejus
1900 3342 2250 3397 substantiam
2291 3344 2388 3394 rati
2435 3350 2587 3404 sunt,
2622 3342 3068 3408 quemadmodum
3107 3339 3267 3389 etiam

1740 3443 2059 3501 putaverunt
2106 3448 2169 3486 ex
2224 3431 2419 3485 Iudaeis
2464 3432 2554 3498 qui
2608 3430 2999 3496 Scriptunrum
3053 3426 3269 3478 scientia

1744 3524 1929 3577 imbuti
1961 3538 2063 3575 non
2095 3532 2264 3573 erant.

1810 3611 1927 3664 Istae
1950 3620 2073 3663 sunt
2108 3596 2231 3679 ergo
2264 3613 2507 3671 hmrescs,
2539 3625 2654 3674 qua:
2683 3617 2863 3661 contra
2899 3612 3131 3665 sanctam
3174 3604 3258 3655 Ec-

1742 3700 1953 3751 clesiam
1979 3711 2177 3752 exortae
2206 3710 2345 3762 sunt,
2386 3714 2503 3766 qua:
2535 3697 2717 3749 didicit
2765 3704 2921 3761 atque
2960 3694 3111 3744 docet
3168 3689 3269 3741 Do-

1745 3788 1943 3839 minum
1987 3798 2230 3841 nostrum
2277 3789 2455 3840 Jesuni
2502 3787 2791 3840 Christum.
2831 3798 2921 3849 per
2960 3796 3115 3841 quem
3153 3793 3266 3829 om-

1743 3879 1826 3929 nia
1876 3878 2011 3931 facta
2060 3888 2206 3943 sunt,
2242 3881 2438 3946 quique
2482 3884 2633 3927 natus
2664 3889 2724 3925 ex
2760 3873 2919 3922 Maria
2956 3868 3168 3935 Virgine
3195 3875 3267 3917 est

1742 3966 2033 4019 secundum
2056 3982 2289 4024 carnem.
2309 3978 2464 4031 atque
2496 3965 2631 4015 inter
2656 3969 2948 4014 creaturam
2982 3972 3129 4011 suam
3158 3956 3267 4006 via-

1748 4066 1912 4109 torem
1948 4059 2084 4124 egit;
2130 4074 2249 4109 eum
2293 4058 2505 4122 inquam
2556 4068 2654 4103 una
2688 4068 2805 4103 cum
2849 4051 3045 4115 Spiritu
3080 4055 3267 4098 sancto

1742 4155 1863 4198 ante
1887 4146 2061 4197 omnia
2089 4146 2280 4198 smcula
2316 4145 2474 4195 Deum
2502 4156 2620 4193 cum
2659 4140 2813 4190 Patre
2847 4138 3028 4198 fuisse,
3066 4146 3256 4186 natum.

1743 4250 1844 4299 que
1876 4250 1936 4284 ex
1970 4245 2184 4299 paterna
2223 4232 2536 4295 substantia,
2574 4244 2796 4295 esseque
2839 4223 3266 4280 consubstantia-

1676 4318 1716 4367 D
1745 4323 1841 4372 lem
1871 4320 1977 4371 Deo
2004 4321 2163 4371 Patri.

146 4420 360 4481 ΚΕΦΔᾹ.
400 4426 574 4479 PMA’.
604 4458 667 4465 —
693 4427 853 4479 Ποῖαι
882 4429 1131 4493 αἱρέσεις
1158 4430 1311 4494 παρὰ
1350 4429 1639 4491 Ἰουδαίοις
1735 4428 1760 4482 ι

1735 4427 1884 4482 CAP.
1916 4428 2093 4483 CXLl.
2120 4457 2185 4466 —
2214 4427 2400 4490 Quales
2442 4438 2585 4478 secta:
2619 4440 2765 4491 penes
2803 4422 3010 4473 Judwos
3042 4421 3265 4484 fuerunt.

740 4498 1029 4561 γεγόνασι.

202 4602 509 4668 Φαρισαῖοι,
553 4602 963 4672 ἑρμηνευόμενοι
995 4604 1409 4669 κεχωρισμένοι
1432 4606 1463 4674 ἣ
1486 4604 1640 4672 ἀρω-

145 4690 404 4756 ρισμένοι.
453 4694 583 4759 Περὶ
616 4692 679 4744 τὰ
702 4691 1053 4759 φυλακτήρια,
1087 4693 1178 4742 xui.
1210 4692 1516 4761 καθαρμοὺς
1540 4711 1645 4745 σω-

153 4783 400 4845 ματικοὺς,
463 4784 553 4835 καὶ
616 4784 944 4852 βαπτισμοὺς
1005 4781 1200 4845 ξεστῶν
1252 4784 1341 4831 καὶ
1401 4784 1638 4835 πινάκων

149 4870 318 4935 male
326 4872 497 4935 μένοι.

208 4958 259 5022 β’.
280 4957 679 5023 Σαδδουκαῖοι,
727 4960 1135 5029 ἑρμηνευόμενοι
1166 4960 1394 5020 δίκαιοι,
1440 4959 1643 5026 νεκρῶν

152 5048 408 5097 ἀνάστασιν
461 5049 759 5115 ἀρνοῦνται,
813 5048 1067 5116 ἀγγέλους
1104 5046 1327 5100 εἶναιού
1381 5048 1642 5113 λέγουσιν,

154 5138 247 5187 οὑίὶ
273 5138 489 5206 Πνεῦμα
541 5140 712 5204 ᾰγιον,
743 5141 801 5191 οὺ
851 5138 1057 5206 πνεῦμα
1099 5140 1283 5201 ἀγίων.
1314 5139 1343 5207 ἢ
1376 5140 1506 5198 ὅλως
1553 5138 1644 5188 ἀν-

155 5226 369 5291 θρώπων,
402 5226 540 5295 μετά
568 5227 662 5293 τὴν
689 5230 791 5279 ἀπὸ
816 5228 903 5279 τοῦ
937 5227 1177 5295 σώματος
1205 5228 1394 5292 ἔξοδον,
1430 5228 1486 5278 οὐ
1527 5227 1645 5294 κρί-

158 5328 220 5361 σιν
243 5315 340 5365 τῶν
368 5314 763 5383 πεπραγμένων
785 5315 1104 5384 ἀνθρώποις.

211 5410 267 5467 γ’.
308 5404 614 5469 Ἐσσηνοὶ,
661 5404 899 5471 ἀκριϐεῖς
936 5406 1056 5474 περὶ
1101 5404 1167 5457 τὰ
1206 5404 1423 5473 νόμιμα,
1475 5406 1647 5473 γάμου

211 5554 304 5619 (8i)
334 5557 506 5612 Locus
541 5556 769 5609 vitiatus.

1812 4605 2082 4661 Pharisa’i,
2123 4603 2209 4668 qni
2240 4602 2650 4665 interpretantur
2676 4593 2887 4660 sejuncti
2919 4600 3009 4641 aut
3058 4606 3262 4655 separa-

1743 4697 1801 4747 ti.
1834 4694 2240 4759 Occupabantur
2280 4690 2504 4739 maxime
2540 4686 2677 4737 circa
2727 4680 3047 4751 phylacteria
3078 4690 3129 4731 et
3164 4694 3264 4745 pu-

1742 4782 2062 4837 rificationes
2101 4793 2406 4846 corporum,
2442 4785 2494 4828 et
2518 4774 2740 4827 lotiones
2780 4782 3061 4822 urceorum
3102 4775 3259 4831 atque

1742 4872 1997 4925 lancium.

1810 4961 1862 5011 ‘2.
1894 4959 2187 5018 Sadducwi,
2234 4956 2323 5021 qui
2368 4954 2527 5005 latine
2560 4958 2746 5003 sonant
2790 4948 2947 5003 Iusti,
3003 4941 3263 5005 negabant

1752 5058 2079 5100 mortuorum
2128 5044 2589 5099 resurrectionem,
2636 5038 2846 5102 angelos
2898 5046 3013 5083 esse
3063 5030 3266 5085 nolunt.

1755 5153 1924 5203 neque
1960 5136 2211 5201 Spiritum
2254 5141 2513 5188 sanctum,
2554 5140 2722 5192 neque
2772 5122 3013 5190 Spiritum
3056 5126 3266 5171 sancto-

1755 5242 1889 5287 rum,
1931 5234 2019 5275 aut
2050 5222 2265 5273 omnino
2304 5210 2599 5276 hominum,
2636 5228 2806 5277 neque
2839 5219 2953 5277 post
2981 5208 3174 5259 exitum
3205 5203 3267 5253 de

1751 5328 1971 5379 corpore
1994 5311 2106 5363 fore
2129 5308 2386 5375 judicium
2421 5308 2484 5357 de
2528 5306 2589 5355 iis
2617 5304 2792 5361 rebus.
2820 5314 2951 5365 quas
2980 5296 3265 5359 egerimus.

1823 5404 1873 5455 5.
1904 5400 2102 5462 Esseni,
2128 5396 2421 5464 scrupulosi
2448 5391 2727 5444 admodum
2750 5390 2887 5438 circa
2916 5383 3120 5451 legsliu,
3142 5382 3264 5435 οὓς·

1822 5554 1929 5620 (85)
1963 5553 2116 5603 Forte
2142 5548 2426 5617 νηστειῶν,
2456 5538 2899 5611 τεσσαρακοστήν.
