4088 6332
274 294 375 354 165

1411 289 1771 349 LIBELLUS
1811 289 2298 349 MEMORIALIS.

3345 291 3442 354 166

271 402 360 448 aui
391 400 440 449 οί
470 396 768 473 Φαρανῑιςαιί
794 395 896 464 ιτὴν
931 395 1242 464 κατοίκησιν
1274 396 1503 464 ἔχοντες,
1536 397 1627 449 καὶ
1656 398 1807 462 ἆγον-

1874 431 1883 456 ,
1912 407 1963 450 et
1998 397 2296 450 Pharanitue
2336 398 2424 465 qui
2471 395 2756 450 incolatum
2787 399 3007 462 habent,
3040 400 3344 469 (legumque
3374 404 3440 455 ad

279 501 359 535 cat
393 485 527 553 πρὸς
549 487 624 555 »τῇ
656 483 890 554 Ὲῳορᾲ
908 482 1165 554 θαλάσσῃ.
1215 483 1372 535 Ἀλλὰ
1417 485 1507 536 xal
1540 485 1572 551 ἡ
1607 484 1806 550 Συρία,

270 574 308 639 ὴ
339 573 648 639 Δαμασκὸς
699 571 753 624 δέ
784 574 929 623 ἐστιν
958 572 1114 640 αὓτη,
1167 573 1228 624 τὸ
1276 571 1426 636 ἔθνος
1471 572 1615 640 αὐτῷ
1667 573 1811 624 λελό-

268 661 580 726 γισται.Ἐκ
613 661 719 728 γὰρ
756 659 849 711 τοῦ
881 659 1182 726 οίκογενοῦς
1212 661 1393 724 αὐτοῦ,
1427 661 1517 712 τοῦ
1553 659 1807 728 Ἐλιέζερ,

269 748 332 810 ὲξ
361 743 530 817 οὗπερ
557 749 584 800 6
613 747 894 814 Δαμασκδς
919 747 1178 812 τίκτεται,
1203 750 1292 800 καὶ
1314 749 1448 818 αὑτὴ
1475 749 1806 802 συνίσταται.

358 840 489 890 Ἀπδ
514 839 569 890 δὲ
607 838 697 891 τοῦ
741 837 927 914 Ἠσαῦ,
957 837 1014 900 δς
1058 837 1275 904 ἔκγονος
1309 837 1402 890 τοῦ
1448 839 1690 907 Ἀδραὰμ
1720 854 1809 903 γε·

273 929 442 992 γάνει,
470 929 530 979 τὸ
571 929 859 995 Ἰδουμαίων
893 926 1037 988 ἔθνος
1064 927 1246 994 ἕτερον
1268 925 1632 993 ἀναφαίνεται,
1661 925 1688 976 ὃ
1719 927 1809 977 καὶ

269 1017 453 1085 Ἐδὼμ
484 1015 962 1086 προσαγορεύεται.
991 1017 1099 1068 υύκ
1129 1017 1324 1080 ἔξωθεν
1348 1017 1402 1067 δὲ
1430 1016 1538 1067 τῶν
1562 1015 1619 1077 ἐξ
1649 1016 1807 1067 αὐτοῦ

272 1106 488 1172 φύντων
522 1105 713 1168 ἐθνῶν,
742 1105 940 1157 οὐδὲτὸ
971 1105 1282 1158 Μωαϐιτῶν
1317 1108 1407 1157 καὶ
1451 1102 1808 1170 Ἀμμανιτῶν

269 1193 421 1254 ἔθνος
443 1192 774 1263 ἀριθμεῖται.
826 1193 918 1244 Ἐκ
946 1193 1050 1260 γὰρ
1077 1193 1168 1244 τοῦ
1197 1192 1315 1244 Λὼτ
1331 1187 1483 1243 ὀὗτοι
1511 1194 1806 1259 γενόμενοι,

267 1280 328 1340 δς
351 1276 419 1348 ἦν
447 1281 672 1348 ἀδελφοῦ
693 1280 894 1349 πατρὸς
914 1279 1073 1331 αὐτοῦ
1099 1280 1228 1342 υίὸς,
1244 1278 1388 1347 αὐτῷ
1408 1279 1563 1332 πάλιν
1588 1281 1809 1347 ἐπιγρά-

270 1385 484 1436 φοινται
518 1368 649 1437 (96).

268 1477 520 1528 ΚΕΦΔΛ.
557 1477 738 1530 I’MH'.
771 1506 838 1514 —
870 1477 1002 1528 Τίνα
1033 1474 1210 1543 ἐστίν,
1231 1475 1268 1527 ἀ
1306 1475 1750 1543 προεφήτευσεν
1775 1478 1808 1529 ὁ

721 1545 1060 1607 ἀπόστολος
1103 1542 1356 1606 Παῦλος.

340 1656 509 1708 Ὅσοι
563 1653 844 1707 θέλουσιν
883 1651 1140 1716 εὐσεϐῶς
1191 1652 1314 1719 ζῇν,
1360 1653 1805 1719 διωχθήσονται.

1915 502 2062 539 mare
2101 485 2358 539 Ilubrum.
2386 486 2523 550 Quin
2547 489 2703 540 etiam
2734 499 2785 542 et
2809 488 2983 557 Syria,
3018 489 3332 544 Damascena
3362 494 3441 544 vi-

1910 575 2118 636 delicet,
2163 587 2289 640 gens
2318 583 2416 636 est,
2463 589 2581 642 quae
2610 574 2914 628 Abrahamo
2945 587 3157 644 accepta
3199 579 3319 630 ferri
3349 579 3442 633 de-

1912 664 2015 716 bet.
2062 663 2263 715 Etenim
2290 679 2350 716 ex
2389 663 2502 730 ejus
2545 679 2702 717 verna
2736 664 2956 727 Eliezer,
2989 681 3049 718 ex
3088 682 3192 734 quo
3220 669 3441 723 Damas-

1911 771 2006 808 cus
2030 765 2305 816 natus-est,
2333 770 2393 808 ea
2418 771 2628 823 quoque
2649 770 2778 823 gens
2801 758 3058 825 originem
3087 761 3270 813 traxit.

1980 843 2060 894 Ab
2093 841 2231 894 Esau
2281 853 2475 906 autem,
2513 845 2600 911 qui
2655 860 2819 913 nepos
2858 847 3142 900 Ahrnhami
3177 850 3294 914 fuit,
3339 851 3440 903 alia

1874 974 1881 982 .
1911 937 2026 980 orta
2057 937 2137 980 est
2157 944 2284 996 gens
2308 928 2557 993 Idumam,
2584 947 2700 998 qua:
2727 934 2830 984 alio
2859 935 3115 987 vocabqu
3148 936 3310 989 Edom
3340 953 3438 1005 ap-

1911 1016 2150 1082 pellatur.
2193 1017 2372 1084 Neque
2402 1026 2573 1070 tamen
2618 1031 2763 1073 extra
2797 1037 3071 1074 numerum
3106 1027 3341 1090 gentium
3373 1028 3440 1077 ah

1909 1120 1972 1158 eo
2015 1105 2369 1158 derivatarum
2405 1108 2635 1173 putanda
2678 1121 2756 1161 est
2796 1126 2924 1176 gens
2967 1110 3243 1164 Moubitica
3278 1125 3440 1182 atque

1909 1197 2272 1249 Ammonitica.
2303 1197 2372 1248 Ex
2400 1197 2496 1248 Lot
2527 1213 2755 1265 namque
2780 1201 2862 1251 isti
2895 1203 3149 1268 progeniti
3180 1215 3319 1267 sunt,
3352 1208 3440 1273 qui

1910 1283 2009 1336 fuit
2051 1283 2187 1336 Illius
2228 1285 2407 1337 fratris
2454 1286 2590 1354 ejus.
2630 1287 2707 1338 Illi
2749 1289 2930 1356 itaque
2975 1292 3164 1343 merito
3214 1295 3441 1347 adscribi

1909 1368 2137 1435 possint.

1908 1475 2056 1527 CAP.
2082 1474 2346 1537 CXLVIII.
2376 1510 2439 1520 υ-
2469 1479 2593 1542 Qua’.
2613 1491 2729 1532 sunt
2761 1479 2917 1534 Pauli
2941 1488 3159 1550 apostoli
3178 1489 3439 1543 vaticinia.

1984 1645 2281 1714 Quicunque
2335 1648 2506 1700 volunt
2575 1651 2656 1716 pie
2697 1653 2873 1714 virere,
2915 1658 3310 1719 persecutionem
3347 1674 3438 1724 pa-

263 1745 404 1805 Kal,
421 1743 500 1806 ὡς
519 1745 628 1795 οὐκ
660 1741 965 1804 ἀνέξονται
996 1739 1099 1807 τῆς
1121 1741 1323 1809 ὑγιοῦς
1349 1742 1733 1804 διδασκαλίας
1761 1744 1807 1792 ol

1874 1738 1885 1756 '
1915 1740 2120 1792 tientur.
2155 1739 2233 1802 Et,
2260 1738 2375 1791 Non
2405 1742 2723 1795 sustinebunt
2756 1760 2934 1796 sanam
2960 1749 3248 1798 doctrinam
3273 1752 3440 1802 inuiti.

264 1834 508 1885 πολλοί.
555 1832 1097 1898 ἐπαναστήσονται
1137 1831 1204 1882 δὲ
1237 1831 1306 1897 τῇ
1341 1833 1534 1883 πίστει
1563 1832 1807 1896 πονηροὶ

1912 1827 2183 1896 Insurgeut
2210 1831 2342 1881 enim
2375 1841 2554 1882 contra
2582 1832 2733 1898 ﬁdem
2766 1835 2891 1884 ntali
2924 1838 3155 1887 homines
3182 1847 3227 1888 et
3255 1839 3440 1902 impos-

263 1922 566 1988 ἄνθρωποι
610 1920 706 1973 καί
733 1922 958 1987 γόητες,
993 1919 1334 1983 πλανῶντες
1359 1921 1453 1971 καὶ
1507 1919 1807 1985 πλανώμε-

1913 1928 2064 1976 tores.
2093 1921 2394 1984 decipientes
2422 1931 2467 1970 et
2509 1922 2722 1986 decepti,
2763 1923 2998 1975 habentes
3032 1926 3250 1991 formam
3273 1931 3440 1994 pieta-

263 2026 385 2070 νοι,
437 2011 678 2074 ἔχοντες
715 2009 828 2074 τὴν
852 2010 1159 2074 μόρφωσιν
1197 2005 1304 2072 τῆς
1348 2010 1670 2070 εὐσεϐείας,
1702 2009 1807 2072 τὴν

1911 2008 1994 2067 tis,
2045 2016 2096 2055 at
2148 2009 2246 2057 vim
2295 2008 2406 2072 ejus
2455 2009 2780 2074 abnegantes.
2832 2011 2912 2073 Et,
2956 2013 3166 2075 Oportet
3218 2019 3440 2080 primum

262 2097 334 2149 δὲ
361 2098 618 2163 δύναμιν
647 2095 833 2162 αὐτῆς
880 2096 1246 2162 ἀρνούμενοι.
1283 2096 1410 2159 Kal,
1435 2095 1520 2146 ὅτι
1556 2093 1669 2161 χρὴ
1697 2095 1807 2146 ἀπὸ

1910 2097 2223 2160 apostasiam
2262 2112 2292 2145 a
2330 2096 2432 2161 ﬁde
2466 2098 2650 2159 venire,
2675 2108 2721 2148 et
2748 2109 2865 2150 tunc
2895 2103 3105 2153 revelari
3133 2105 3301 2169 ﬁlium
3333 2107 3439 2157 ini-

262 2185 379 2250 τῆς
400 2185 655 2248 πίστεως
679 2183 1054 2237 ἀποστασίαν
1078 2181 1306 2248 πρῶτον
1325 2183 1538 2243 ἐλθεῖν,
1563 2182 1656 2233 καί
1684 2184 1807 2233 τότε

1907 2183 2120 2248 quitatis
2146 2183 2534 2235 Antic/tristunt.
2571 2186 2730 2246 Quem
2769 2187 3011 2240 Dominus
3036 2192 3306 2256 inter/iciet
3334 2196 3440 2260 spi-

263 2271 770 2340 ἀποκαλυφθῆναι
800 2273 905 2324 τὸν
930 2270 1061 2323 υίύν
1090 2268 1196 2335 τῆς
1224 2271 1491 2337 ἀνομίας,
1521 2270 1624 2321 τὸν
1651 2271 1807 2322 ἀντί-

1909 2272 2010 2320 ritu
2043 2272 2146 2322 oris
2173 2273 2273 2331 mi,
2298 2283 2344 2323 et
2378 2274 2680 2340 inefﬁcacem
2711 2277 2881 2327 reddet
2917 2282 3239 2344 apparitione
3263 2283 3439 2349 gloria;

263 2372 534 2424 χριστον.
571 2362 670 2410 “Or
698 2361 730 2411 ό
768 2358 977 2425 Κύριος
1016 2356 1222 2409 ἀνελεῖ
1254 2356 1332 2420 τῷ
1387 2358 1670 2424 πνεύματι
1705 2357 1807 2409 τοῦ

1905 2375 2031 2410 aute.
2071 2359 2149 2418 Et,
2202 2359 2419 2423 [inpleta
2453 2367 2710 2416 vocatione
2757 2368 2998 2432 gentium,
3029 2378 3146 2421 tunc
3174 2373 3441 2436 ipsummet

262 2449 560 2515 στόματος
619 2446 825 2510 αὐτοῦ,
861 2445 957 2499 καὶ
992 2444 1349 2521 καταργήσει
1394 2444 1464 2512 τῇ
1497 2447 1807 2513 ἐπιφανείᾳ

1907 2445 2151 2499 Ιδναείευι
2188 2450 2436 2502 salutaris
2475 2456 2749 2507 vocationis
2791 2456 3022 2521 futurum
3055 2474 3337 2527 compotem
3368 2465 3440 2516 ⁸⁸.

261 2538 378 2605 τῆς
407 2538 588 2603 δόξης
606 2537 806 2590 αὑτοῦ.
830 2538 958 2598 Kal,
981 2537 1067 2590 ὅτι
1087 2534 1193 2601 τῆς
1211 2535 1478 2602 κλήσεως
1501 2535 1617 2588 τῶν
1639 2536 1826 2588 ἐθνῶν
1864 2538 2298 2603 πληρουμένης,
2360 2542 2485 2593 τότε
2535 2543 2628 2593 καί
2669 2547 2700 2596 ό
2742 2544 2983 2612 Ἰσραὴλ
3022 2548 3128 2614 τῆς
3173 2552 3439 2620 κλήσεως

261 2630 380 2696 τῆς
408 2631 699 2698 σωτηρίου
728 2631 1023 2697 τεύξηται.

300 2743 553 2794 ΚΕΦΑΛ.
584 2740 840 2795 ΡΜΘ’.--
871 2745 1006 2796 Τίνα
1045 2742 1211 2795 ἐστίν
1247 2741 1284 2794 ἀ
1325 2743 1771 2809 προεφήτευσεν

623 2810 899 2875 Ἰωάννης
925 2813 955 2862 ό
986 2809 1444 2877 Εὺαγγελιστής.

1907 2741 2056 2793 CAP.
2108 2741 2332 2797 CXLIX.
2385 2775 2452 2784 —
2503 2747 2642 2827 Quae.
2679 2760 2797 2827 sum
2847 2750 3066 2807 Joannis
3098 2754 3439 2827 Et'angelistw

2538 2817 2803 2870 vaticinia.

368 2918 439 2977 Ως
471 2918 862 2986 ἀποστήσονται
900 2917 1082 2970 πολλοὶ
1118 2919 1215 2986 τῆς
1251 2918 1504 2981 πίστεως,
1531 2935 1802 2986 προεγνω-

1974 2917 2165 2972 Multos
2197 2920 2540 2974 desciturosa
2560 2923 2679 2984 Iide,
2705 2927 3055 2994 przecognitos
3082 2934 3219 2997 apud
3245 2933 3433 2999 Deum,

264 3006 460 3072 σμένοι
494 3009 644 3075 παρὰ
695 3007 773 3076 τῷ
804 3007 921 3076 Θεῷ
973 3009 1044 3077 μὴ
1097 3003 1234 3059 εἷναι
1279 3009 1376 3075 τῆς
1427 3008 1676 3070 πίστεως.
1720 3008 1805 3070 Ὠς

262 3095 631 3164 Ἀντίχριστος
654 3097 1333 3166 ὲλεύσεται,⁹Αντιχρίστων
1356 3097 1448 3150 καὶ
1475 3099 1580 3150 τῶν
1608 3097 1699 3150 νῦν
1728 3101 1808 3149 al-

266 3185 501 3252 ρετικῶν
543 3187 673 3253 παρ’
701 3177 860 3238 αὐτοῦ
897 3187 1262 3255 κεκλημένων,
1299 3188 1347 3239 οἳ
1384 3189 1473 3238 καί
1503 3190 1640 3239 εἰσιν
1665 3184 1807 3240 οὗτοι

265 3269 473 3321 πολλοί.
525 3272 631 3321 Καὶ
677 3273 734 3321 ἐν
765 3275 830 3339 τῇ
874 3273 1227 3340 Ἀποκαλύψει
1269 3274 1448 3335 αὐτοῦ,
1495 3277 1621 3342 περὶ
1670 3277 1807 3328 ἑπτὰ

266 3357 493 3424 πληγῶν
536 3361 909 3428 ἐπερχομένων
937 3362 1014 3429 τῷ
1049 3363 1234 3429 κόσμῳ
1265 3364 1366 3430 πρὸ
1409 3363 1506 3430 τῆς
1534 3364 1624 3414 τοῦ
1675 3366 1808 3431 Χρι-

267 3448 395 3498 στοῦ
435 3450 734 3517 παρουσίας
778 3452 999 3519 ἀκήκοε.
1034 3453 1138 3502 Καὶ
1184 3453 1256 3514 ὼς
1301 3456 1332 3521 ὴ
1377 3455 1662 3521 Ἐκκλησία
1705 3454 1806 3504 ὑπὸ

263 3537 359 3586 τοῦ
397 3536 705 3606 δράκοντος,
732 3539 758 3590 ὅ
799 3541 942 3590 ἐστιν
969 3541 998 3590 ὀ
1040 3539 1293 3602 διάϐολος,
1338 3544 1413 3602 είς
1445 3541 1539 3609 τὴν
1576 3542 1806 3610 ἐρημίαν

267 3624 712 3693 ἐκδιωχθήσεται,
749 3632 989 3695 ποταμὸν
1036 3631 1381 3698 ἐπιφέροντος
1427 3633 1585 3698 αὐτῇ.
1617 3634 1678 3681 ὲκ
1711 3631 1803 3682 τοῦ

267 3714 537 3780 στόματος
566 3715 730 3767 αὐτοῦ
762 3718 1138 3779 ἐπικλύζοντος
1165 3719 1349 3787 αὐτὴν,
1388 3719 1416 3769 ὃ
1451 3723 1540 3772 καὶ
1574 3719 1716 3770 ἔστιν
1744 3723 1804 3771 ὲκ

264 3804 363 3866 τῆς
418 3804 703 3868 αἱρέσεως,
769 3805 860 3856 καὶ
915 3806 1005 3857 τοῦ
1056 3807 1416 3874 Ἀντιχρίστου
1472 3809 1592 3858 κατ’
1639 3809 1803 3875 αὐτῆς

265 3890 442 3957 ὁρμή·
478 3891 568 3941 καὶ
601 3891 674 3951 ὡς
709 3892 906 3960 Κύριος
955 3893 1158 3958 ἀθρόως
1187 3893 1301 3960 ἥξει
1339 3894 1472 3960 μετὰ
1503 3893 1600 3959 τῆς
1640 3895 1803 3961 οὐρα-

266 3981 380 4030 νίου
415 3981 667 4048 στρατιᾶς
696 3981 879 4041 αὑτοῦ,
908 3981 1002 4050 τὴν
1030 3983 1302 4050 ἀναίρεσιν
1347 3984 1440 4050 τῆς
1493 3979 1800 4042 δυσσεϐείας

265 4071 606 4138 ποιούμενος,
651 4071 744 4123 καὶ
777 4072 873 4141 τὴν
912 4072 1178 4140 βασιλείαν
1208 4077 1313 4134 τοῖς
1345 4073 1514 4139 ἁγίοις
1548 4072 1642 4142 τὴν
1676 4070 1803 4123 αἰώ-

264 4177 377 4211 ww
400 4147 703 4222 ἀποδιδούς.

264 4268 513 4338 ΚΕΦΑΛ.
544 4268 669 4329 ΡΝ..
695 4296 763 4338 5-
786 4271 959 4338 Hdgor
985 4271 1183 4338 χρόνοι
1208 4241 1362 4323 είσὶν
1384 4271 1498 4323 ἀπὸ
1517 4271 1800 4338 γενέσεως
1825 4229 1878 4288 D

388 4337 617 4402 κόσμου
640 4375 654 4399 ,
685 4337 795 4402 ἓως
823 4335 893 4392 οὖ
925 4335 1323 4406 παραγέγονεν
1358 4343 1388 4391 ό
1415 4335 1683 4405 Χριστός.

345 4464 480 4516 Ἀπὸ
509 4465 601 4518 τοῦ
630 4464 796 4532 Ἀδὰμ
818 4466 918 4527 ἕως
951 4467 1069 4518 Νῶε
1091 4468 1180 4533 ἔτη
1207 4464 1384 4535 ,βσξβη
1419 4466 1544 4516 Ἀπὸ
1567 4465 1656 4516 τοῦ
1685 4465 1805 4516 Νῶε

263 4556 367 4614 ἕως
410 4554 655 4623 Ἀϐραὰμ
702 4554 793 4622 ἔτη
848 4554 981 4615 ,αιε’.
1020 4557 1146 4605 Ἀπὸ
1185 4555 1426 4623 Ἀϐραὰμ
1459 4556 1560 4616 ἕως
1595 4556 1802 4618 Ἐξόδου

263 4645 357 4709 ἔτη
397 4645 495 4698 υλ’.
565 4645 693 4696 Ἀπὸ
753 4645 958 4709 Ἐξόδου
1009 4645 1109 4705 ἕως
1152 4645 1362 4712 Κριτῶν
1411 4645 1503 4711 ἔτη
1538 4643 1634 4708 με.
1674 4644 1802 4695 Ἀπὸ

263 4734 483 4802 Κριτῶν
507 4735 606 4796 ἕως
661 4734 803 4786 Ἠλεὶ
829 4734 918 4786 καὶ
969 4733 1214 4802 Σαμουὴλ
1268 4733 1357 4800 ἐτη
1389 4731 1494 4797 υιί.
1541 4733 1667 4783 Ἀπὸ
1700 4734 1802 4784 Σα-

265 4822 440 4890 μουὴλ
473 4822 575 4884 ἕως
619 4825 791 4894 ἀρχῆς
829 4824 1096 4892 βασιλείας
1125 4825 1216 4890 ἔτη
1271 4826 1337 4888 Lf.
1379 4823 1661 4876 Βασιλειῶν
1694 4823 1796 4884 ἓως

262 4908 634 4977 αἰχμαλωσίας
688 4911 813 4963 λαοῦ
858 4910 951 4979 ἐτη
1002 4916 1107 4977 υιί.
1144 4911 1421 4972 Βασιλείας
1477 4910 1796 4963 Μακεδόνων

263 4998 354 5066 ἐτη
403 4996 452 5048 τ’
516 4998 617 5060 ἕως
674 5000 1188 5064 ὀκτωκαιδεκαετοῦς
1251 5003 1555 5053 Ὀκταουίου
1599 5001 1800 5067 Αὐγού-

267 5103 414 5139 στου.
462 5086 518 5137 Ὀ
548 5088 602 5138 δὲ
634 5089 832 5158 Κύριος
867 5092 1019 5159 ἡμῶν
1069 5090 1269 5160 Ἰησοῦς
1296 5092 1521 5157 Χριστὸς
1548 5093 1796 5153 γεννᾶται

265 5181 320 5229 ὲν
337 5177 579 5246 Βηθλεὲμ
605 5177 701 5244 τῆς
733 5179 1075 5244 Ἰουδαίας,,εν
1096 5182 1203 5234 ἔτει
1236 5187 1322 5246 μγ¹
1366 5181 1460 5247 τῆς
1493 5180 1814 5252 Ὀκταουίου¹

335 5358 381 5390 ⁸³
413 5354 568 5408 Rom.
600 5369 680 5407 ιι.

335 5509 448 5578 (96)
473 5506 900 5577 Ἐπιγράφοιντο,
931 5505 1011 5558 vel
1050 5506 1450 5574 ἐπιγράφονται.

1907 3011 2046 3076 quod
2094 3026 2156 3062 ex
2205 3011 2305 3063 title
2346 3026 2448 3062 non
2485 3013 2608 3064 sint.
2655 3013 2942 3069 Venturum
2993 3019 3380 3077 Antichristum
3419 3043 3435 3082 :

1905 3097 2247 3152 Antichristis
2283 3100 2484 3154 vocatis
2519 3102 2585 3153 ab
2630 3118 2692 3155 eo
2721 3106 2878 3156 etiam
2913 3107 3177 3163 hmretieis
3206 3128 3436 3178 prasen-

1906 3187 2068 3249 tibns,
2098 3189 2188 3254 qui
2222 3190 2432 3256 quidem
2471 3199 2593 3242 sunt
2626 3192 2791 3245 multi.
2826 3194 2882 3246 In
2923 3210 3018 3248 sua
3050 3213 3261 3267 quoque
3297 3203 3438 3269 Apo-

1906 3277 2100 3344 calypsi
2132 3279 2329 3331 audivit
2358 3279 2424 3332 de
2461 3288 2661 3347 septem
2699 3283 2865 3350 plagis
2901 3287 3097 3340 mundo
3121 3289 3432 3345 obventuris

1906 3374 2027 3415 ante
2059 3364 2254 3416 Christi
2299 3368 2601 3422 adventum.
2641 3367 2933 3422 Ecclesiam
2976 3389 3004 3424 a
3035 3375 3286 3438 dracone,
3319 3380 3435 3431 dia-

1907 3451 2026 3504 bolo
2055 3454 2275 3517 scilicet,
2305 3455 2354 3506 in
2409 3457 2671 3510 desertqu
2730 3463 3148 3525 persecutionem
3189 3467 3437 3532 laturam,

1907 3540 2214 3594 infundeute
2257 3543 2304 3596 ei
2345 3543 2539 3607 ﬂumen
2588 3562 2647 3598 cx
2681 3563 2772 3600 ore
2797 3564 2893 3601 suo
2920 3552 3058 3603 illam
3090 3553 3382 3609 inundante
3422 3573 3437 3610 :

1905 3629 2046 3694 quod
2083 3629 2253 3682 innuit
2296 3631 2545 3697 impetum
2577 3643 2757 3685 contra
2796 3637 2936 3688 illam
2963 3638 3028 3689 ah
3072 3639 3361 3694 Iueresihus
3384 3654 3436 3695 et

1904 3719 2230 3772 Antichristo
2257 3723 2673 3788 provenientem.
2703 3725 2981 3778 Dominum
3008 3733 3281 3794 repentino
3309 3749 3435 3783 vcn-

1907 3813 2079 3856 turum
2119 3821 2239 3858 eum
2282 3809 2482 3860 caalesti
2512 3810 2744 3861 exercitu
2784 3828 2900 3874 suo,
2930 3814 2993 3864 ad
3025 3815 3321 3868 faciendam
3355 3819 3432 3870 iu-

1904 3893 2258 3945 terneeionem
2290 3894 2593 3963 impietatis,
2618 3897 2958 3966 dandumque
2978 3906 3182 3957 sanctis
3210 3921 3431 3973 regnum

1904 3991 2100 4034 mternu
2109 3997 2158 4035 m

1972 4264 2121 4317 CAP.
2157 4265 2261 4318 CL.
2291 4295 2351 4306 -—
2399 4266 2532 4329 Quot
2582 4283 2705 4319 annt
2738 4278 2852 4318 sunt
2887 4284 2916 4319 a
2953 4277 3206 4320 creatione
3254 4271 3431 4321 mundi

2266 4352 2423 4401 usque
2453 4337 2519 4386 ad
2554 4338 2744 4386 Christi
2779 4341 3068 4388 adventum.

1971 4461 2049 4512 Ah
2083 4460 2247 4511 Adam
2281 4461 2344 4512 ad
2374 4459 2502 4524 Noe,
2535 4472 2660 4514 sunt
2694 4464 2817 4513 anni
2851 4475 3119 4515 unceun.‘
3152 4466 3192 4516 A
3225 4464 3332 4517 Noe
3367 4468 3429 4518 a-I

1899 4551 2189 4609 Abraham,
2230 4551 2350 4601 anni
2391 4566 2516 4601 uxv.
2548 4552 2625 4601 Ah
2649 4551 2917 4602 Abraham
2946 4553 3008 4603 ad
3037 4551 3271 4616 Exitum,
3304 4557 3428 4606 anni

1900 4655 2150 4694 ccccxxx.
2207 4640 2284 4691 Ab
2340 4640 2498 4691 Exitu
2535 4654 2700 4706 usque
2743 4639 2806 4692 ad
2844 4639 3076 4705 .Indices,
3127 4645 3251 4694 anni
3310 4659 3426 4697 xcv.

1906 4732 1986 4782 Ab
2018 4727 2294 4780 iudicibus
2329 4743 2496 4795 usque
2539 4729 2603 4780 ad
2645 4726 2755 4780 Ih-li
2801 4738 2853 4779 et
2895 4727 3130 4790 Samuel,
3171 4732 3291 4782 anni
3339 4748 3428 4786 κο.

1905 4821 1984 4871 Ah
2036 4817 2249 4870 Samuel
2301 4833 2469 4886 usque
2499 4817 2561 4870 ad
2610 4818 2756 4869 initia
2807 4818 2974 4885 regni,
3007 4820 3130 4870 anni
3180 4825 3426 4874 xc.Anni

1903 4925 2184 4980 regnorum
2218 4925 2383 4976 usque
2420 4909 2481 4962 ad
2519 4908 2874 4976 captivitatem
2915 4909 3109 4976 populi.
3154 4921 3280 4963 sunt
3339 4927 3425 4964 xu.

1906 5001 2074 5067 Ilegni
2112 5001 2478 5062 Macedonum,
2515 4999 2635 5051 anni
2698 5013 2808 5061 ccc,
2852 5014 3020 5067 usque
3061 5002 3123 5052 ad
3163 5002 3424 5053 decimum

1901 5100 2144 5144 octavum
2177 5104 2373 5141 annum
2407 5088 2607 5140 Octavii
2645 5087 2885 5153 Augusti.
2920 5089 2985 5139 At
3030 5087 3283 5140 Dominus
3332 5105 3422 5138 nn-

1903 5190 2012 5234 stcr
2043 5179 2196 5233 .Icsus
2225 5178 2468 5231 Christus
2505 5176 2741 5230 nascitur
2783 5175 2832 5227 in
2868 5175 3166 5230 Bethlehcm
3208 5176 3424 5238 ludam,
