4088 6332
259 252 366 316 169

1357 268 1710 328 LIBELLUS
1749 272 2229 332 MEMORIALIS.

3264 271 3358 331 ιτο

255 362 510 425 γωνιαῖον,
539 331 766 429 εντὶμον,
821 363 1078 432 θεμέλιον.
1118 367 1222 420 Καὶ
1269 369 1421 422 πάλιν
1450 370 1560 432 φῶς
1589 371 1746 424 αὐτὸν
1775 383 1819 434 Α
1848 390 1869 428 n

1745 393 1746 402 η
1775 383 1819 434 Λ
1848 387 2099 429 mentum.
2131 380 2300 444 Atque
2328 377 2516 432 iterum
2543 379 2712 432 lucem
2741 377 2884 429 illum
2911 376 3135 444 appellat
3163 394 3176 428 :
3229 376 3359 429 Illu-

254 450 420 510 καλεῖ,
450 449 688 508 Φωτίζου
708 451 896 518 λέγων,
926 454 1302 524 Ἰερουσαλήμ
1321 473 1332 486 ·
1358 459 1482 523 ἥκει
1516 459 1621 526 γὰρ
1642 474 1754 512 σου

253 535 323 586 τὸ
346 534 471 602 φῶς,
510 537 607 588 καὶ
631 539 673 603 οἱ
724 538 866 602 δόξα
893 544 1102 606 Κυρίου
1140 543 1232 594 ἐπὶ
1264 545 1336 595 σὲ
1385 547 1753 599 ἁνατέταλκε.

257 623 365 672 Καὶ
391 624 538 674 πάλιν
583 626 802 693 Σωτῆρα.
827 630 983 680 αὑτὸν
1009 631 1284 698 ὀνομάζει,
1309 632 1538 700 Εῐὲιατε,
1564 636 1754 703 λέγων,

259 709 342 775 ΤιῙ
371 711 595 777 θυγατρὶ
624 712 770 766 Σιών
787 730 800 744 ·
840 716 976 768 Ἰδοὺ
1000 721 1030 768 ὀ
1055 719 1244 784 Σωτήρ
1263 735 1357 773 σοι
1384 723 1755 790 ποραγέγονε.

253 795 363 846 Καὶ
390 796 511 848 Θεδν
567 799 726 850 αὑτὸν
778 803 1131 870 ἀνακηρύττει
1184 806 1351 871 λέγων
1398 811 1512 869 ταῖς
1549 810 1759 863 πόλεσιν

264 884 424 936 Ἰούδα
443 901 459 917 ο
506 886 661 938 Ἰδοὺ
685 889 718 940 ὁ
750 891 887 953 Θεὸς
909 890 1090 956 ὑμῶν,
1127 892 1249 944 ιδοὺ
1301 896 1508 960 Κύριος
1535 896 1760 962 ἔρχεται

250 973 327 1022 ἐν
357 973 541 1039 κράτει
577 977 804 1042 ἰσχύος,
847 981 941 1036 καὶ
981 980 1049 1032 τὸ
1089 981 1260 1048 ἔργον
1308 983 1560 1035 ἑκάστου
1590 989 1674 1048 εις
1700 987 1759 1038 τὸ

251 1065 561 1124 πρόσωπον
589 1065 791 1116 αὑτοῦ.
889 1105 892 1108 .
1640 1096 1650 1108 -

333 1150 600 1218 Ἱερεμίας
654 1154 710 1205 δὲ
760 1155 1021 1208 Ἰωσεδὲκ
1052 1157 1230 1220 αὑτὸν,
1288 1161 1314 1210 ὅ
1347 1162 1482 1222 ἐστι,
1524 1163 1656 1228 Θεὸς
1688 1164 1762 1214 δί-

251 1253 442 1302 καιος,
503 1240 779 1293 καλεῖσθαι
827 1244 1202 1310 προηγόρευε.·’
1248 1248 1339 1298 καὶ
1395 1248 1552 1300 Δαδὶδ
1606 1251 1762 1300 αὑτὸν

249 1328 488 1392 προεῖπε,
543 1327 679 1395 πρὸς
723 1331 1063 1399 ἐπιστρέφειν
1106 1337 1197 1384 καὶ
1225 1334 1481 1396 σώζεσθαι
1521 1339 1610 1390 τὸν
1645 1340 1764 1390 λαόν

247 1427 398 1478 φησι.

338 1503 596 1569 Ἰεζεκιὴλ
622 1506 699 1568 δὲ,
722 1508 851 1559 Θεὸν
871 1509 1155 1576 ἐρχόμενον
1183 1511 1340 1561 αὐτὸν
1365 1512 1441 1572 εἰς
1463 1512 1521 1563 τὸ
1551 1515 1766 1582 ποιμαί-

253 1604 362 1638 νειν
405 1593 493 1643 καὶ
555 1596 745 1655 σώζειν
778 1595 846 1647 τὰ
887 1598 1192 1650 ἀπολωλότα
1233 1601 1473 1666 πρόϐατα
1521 1603 1612 1654 τοῦ
1641 1604 1766 1655 λαοῦ

253 1683 544 1747 προλέγων,
575 1683 736 1734 Δαϐὶδ
766 1685 958 1751 ὁμοίως
986 1687 1236 1754 κέκληκε.

315 1770 420 1819 Καὶ
443 1770 684 1834 Δανιὴλ,
719 1773 791 1831 ὡς
829 1773 951 1824 Υίὺν
974 1773 1257 1840 ἀνθρώπου
1279 1777 1369 1827 ἐπὶ
1397 1778 1454 1828 τὸ
1485 1779 1675 1844 κρίνειν
1702 1779 1763 1830 τὰ

249 1857 424 1907 πάντα
452 1859 741 1926 ἐρχόμενον
772 1861 928 1911 αὐτὸν
953 1862 1071 1929 ὁρᾷ.

325 1945 498 2010 Ὠσηὲ
527 1946 613 2009 δὲ,
645 1946 736 1997 τὸν
757 1948 832 2007 είς
853 1947 1016 2000 τύπον
1039 1949 1129 2000 τοῦ
1155 1951 1396 2017 Σωτῆρος
1419 1953 1480 2002 ὲκ
1509 1953 1601 2017 τῆς
1634 1969 1763 2018 πορ-

245 2036 506 2103 νευσάσης
529 2038 843 2103 συναγωγῆς
862 2039 972 2089 υἱὸν
999 2040 1143 2105 αὖτῴ
1158 2042 1483 2106 τικτόμενον,
1511 2041 1758 2108 Ἰεσραηλ,

241 2125 272 2176 ὃ
296 2126 434 2187 ἐστι,
461 2125 654 2190 σπορὰ
685 2123 850 2186 Θεοῦ,
879 2125 1367 2193 προσαγορεύεσθαι
1393 2125 1679 2176 κελεύεται.

309 2215 563 2280 Μιχαίας
625 2214 682 2265 δὲ
743 2212 1075 2281 γεννώμενον
1123 2215 1281 2275 αὑτὸν
1326 2216 1382 2265 έν
1412 2215 1474 2280 τῇ
1524 2211 1761 2278 Βηθλεὲμ

240 2301 554 2367 προλέγων,
593 2301 914 2370 Ἦγούμενον
949 2301 1244 2368 ὠνόμασεν,
1301 2299 1485 2368 ἔχοντα
1529 2300 1623 2367 τὴν
1666 2301 1764 2366 πρὸ

237 2390 453 2441 αἰώνων
482 2389 675 2452 ἔξοδον.
1704 2459 1710 2466 _

311 2478 423 2529 Καὶ
441 2478 734 2544 Ζαχαρίας
772 2481 949 2541 παλιν,
994 2479 1084 2530 τὸν
1107 2479 1389 2546 ἐρχόμενον
1420 2477 1637 2544 Σωτῆρα
1670 2475 1761 2527 τοῦ

235 2565 397 2631 λαοῦ,
458 2567 740 2634 Ἀνατολὴν
770 2566 912 2634 ἔχειν
939 2566 1106 2633 ὄνομα
1157 2567 1287 2633 ἔφη·
1319 2566 1408 2616 καὶ
1452 2565 1635 2631 νομέα,
1670 2565 1762 2614 καὶ

234 2657 374 2708 Θεοῦ
425 2656 694 2724 σύμφυλον
726 2656 889 2723 ἄνδρα
939 2655 1093 2706 αὑτὸν
1128 2655 1292 2716 καλεῖ,
1351 2653 1615 2720 ῥομφαίας
1646 2653 1760 2702 κατ’

233 2743 406 2795 αὐτοῦ
442 2743 806 2811 ἐγειρομένης.
847 2759 853 2764 ‘

319 2831 554 2897 Ἰησοῦν
589 2831 645 2882 δὲ
703 2830 864 2882 αὐτὸν
913 2831 1132 2898 Σωτῆρα
1188 2829 1384 2897 κόσμου
1432 2828 1757 2894 τικτόμενον,

232 2922 508 2988 Γαϐριὴλ
545 2923 572 2973 ὁ
611 2921 834 2987 ἄγγελος
881 2919 1352 2987 εὐαγγελιζόμενος
1379 2918 1473 2987 τὴν
1513 2919 1758 2986 γέννησιν

231 3013 429 3074 αὐτοῦ,
461 3012 589 3080 πρὸς
613 3013 710 3080 τὴν
757 3010 1021 3079 Παρθένον
1063 3011 1335 3063 καλεῖσθαι
1365 3012 1518 3078 μόνος
1540 3009 1752 3076 ἔφησεν.

233 3099 419 3170 Ὅπερ
438 3101 602 3168 ὄνομα
624 3100 940 3169 ἐσημαίνετο
967 3102 1022 3150 ὲν
1055 3100 1126 3166 τῷ
1155 3099 1392 3166 μυστικῷ
1422 3101 1514 3149 καὶ
1541 3099 1759 3166 ἀρρήτῳ

229 3191 481 3258 ὀνόματι,
537 3188 611 3254 τῷ
639 3191 695 3238 ὲν
717 3191 782 3256 τῇ
834 3190 1064 3256 στεφάνῃ
1095 3189 1192 3255 τῆς
1221 3189 1367 3254 ἱερᾶς
1385 3186 1610 3239 κιϐωτοῦ
1639 3189 1748 3237 ἐπι⁴

228 3278 600 3348 γεγραμμένῳ
618 3292 633 3307 ⁶
666 3275 753 3329 διὰ
777 3276 886 3339 τοῦ,
907 3276 1090 3330 τὸηίὼδ
1112 3277 1203 3328 καὶ
1226 3276 1318 3342 ἣδ,
1352 3275 1756 3343 σημαινομένου,

229 3373 262 3423 ὃ
290 3374 431 3434 ἐστι,
485 3369 701 3421 δέκατον
742 3367 834 3419 καὶ
883 3368 1081 3434 ὃγδοον,
1127 3368 1306 3434 σαφῶς
1337 3366 1757 3434 ὑποδηλουμένου

229 3459 327 3510 τοῦ
354 3459 512 3524 ἁγίου
552 3456 740 3527 Ἰησοῦ,
769 3458 857 3509 τοῦ
892 3456 1092 3526 Κυρίου
1117 3458 1210 3524 τῆς
1240 3455 1389 3522 δόξης
1410 3455 1679 3523 ὀνόματος.

230 3590 483 3641 ΚΕΦᾹΔ.
514 3589 660 3639 PNB’
684 3614 748 3624 —
770 3590 837 3640 At
861 3588 1003 3640 δέκα
1039 3589 1363 3655 ἐπιφάνειαι
1390 3587 1497 3656 (98)
1524 3587 1623 3639 τοῦ
1649 3591 1760 3656 Κρ-

300 3660 435 3720 ριου
468 3657 590 3718 τοῖς
624 3657 792 3717 ἰδίοις
823 3659 1143 3720 γενόμεναι,
1167 3657 1311 3721 μετὰ
1341 3657 1404 3707 τὸ
1427 3655 1493 3706 ἐκ
1539 3655 1760 3718 νεκρῶν

301 3726 490 3776 αὑτὸν
515 3723 834 3790 ἐγερθῆναι.
936 3747 938 3749 -

305 3857 524 3926 Πρῶτον
860 3853 941 3922 ’ἦν
968 3855 1177 3922 Μαρίαν
1206 3856 1261 3905 ὲν
1289 3853 1364 3922 τῷ
1395 3857 1652 3923 μνημείῳ.

304 3949 370 4016 βπ
406 3947 491 4013 τῷ
522 3945 683 4014 Κηφᾷ
709 3947 871 4012 μόνῳ,
904 3945 975 4004 ὼς
1003 3941 1091 3995 καὶ
1116 3948 1142 3995 ὁ
1175 3944 1373 4004 Παῦλος
1396 3943 1495 4012 ἔφη
1517 3961 1530 3975 ο
1562 3946 1757 3998 Ἐπει-

228 4055 304 4090 ta
332 4038 498 4103 ὤφθη
531 4033 720 4102 Κηφᾷ.

303 4127 374 4193 γ’.
408 4126 525 4178 Τῶν
549 4126 724 4194 θυρῶν
765 4125 1175 4194 κεκλεισμένων,
1209 4126 1314 4182 τοῖς
1347 4122 1602 4191 μαθηταῖς
1628 4162 1642 4186 ,
1666 4122 1756 4175 τοῦ

227 4218 407 4285 Θωμᾶ
435 4216 509 4284 μὴ
529 4200 809 4283 παρόντος,
845 4218 907 4282 τῇ
943 4216 1036 4282 μιᾷ
1061 4214 1166 4264 τῶν
1199 4213 1497 4264 Σαὸὅάτων.

1855 467 2071 529 minare,
2108 468 2368 533 inquiens,
2403 465 2725 529 Jerusalem;
2749 469 2876 518 venit
2903 468 3036 518 enim
3065 466 3155 518 lux
3186 478 3293 524 tua.
3316 476 3363 518 et

1853 555 2019 621 gloria
2059 555 2260 607 Domini
2297 571 2444 622 super
2477 565 2522 608 te
2554 565 2732 608 exorta
2765 566 2839 608 est
2857 557 2921 609 ’⁵.
2956 555 3073 608 Alio
3106 557 3219 608 ioco
3253 556 3368 608 Sal-

1857 655 2085 695 vatorcm
2141 643 2284 694 illum
2336 643 2593 706 nominat,
2648 642 2844 704 Dicite,
2913 642 3192 708 inquiens,
3242 643 3368 708 ﬁlice

1855 730 2001 791 Sion,
2034 735 2160 783 Ecce
2195 731 2430 784 Salvator
2462 743 2576 783 tuus
2604 732 2831 782 adest".
2867 731 3003 794 Quin
3040 742 3092 784 et
3122 732 3281 783 Deum
3308 733 3370 782 il-

1857 820 1960 871 lum
2008 822 2320 888 deprasdicat
2362 822 2538 874 dicens
2591 820 2807 872 urbibus
2856 817 3031 871 Juda:
3067 819 3196 872 Ecce
3234 819 3369 872 Deus

1857 919 2034 967 vester,
2079 925 2188 961 ecce
2221 911 2467 962 Dominus
2499 911 2628 961 venit
2674 909 2725 958 in
2771 917 3020 973 potestate
3061 909 3274 970 roboris,
3321 918 3369 960 ct

1858 1012 1978 1060 opus
2002 997 2244 1064 cujusque
2267 1000 2316 1049 in
2350 998 2529 1064 faciem
2562 997 2668 1063 ejus
2691 996 2753 1048 ³⁸.

1926 1158 2172 1211 Jercmms
2204 1174 2326 1210 vero
2351 1159 2652 1212 Josedecum
2675 1162 2715 1191 ⁸⁷
2738 1161 2908 1225 illum,
2936 1161 3074 1228 quod
3098 1169 3198 1229 est,
3230 1161 3370 1214 Deus

1855 1245 2047 1312 justus,
2081 1248 2367 1300 vocandum
2400 1249 2658 1315 praedixit.
2691 1249 2825 1313 Quin
2857 1259 2908 1302 ct
2933 1249 3181 1302 Davidem
3220 1249 3366 1302 illum

1860 1338 2270 1402 pramoniinavit,
2302 1338 2363 1389 ad
2388 1339 2796 1391 convertendum
2827 1348 2880 1392 et
2932 1338 3240 1390 salvandum
3275 1352 3369 1405 po-

1861 1425 2059 1488 putum.

1930 1510 2156 1562 Ezechiel
2187 1520 2383 1576 autem,
2417 1513 2587 1578 ipsum
2625 1514 2786 1565 Deum
2841 1513 3138 1564 venientem
3173 1515 3236 1566 ad
3276 1529 3369 1580 pa-

1863 1600 2106 1650 scendum
2149 1611 2200 1652 et
2230 1601 2537 1652 salvandum
2583 1616 2713 1654 oves
2758 1602 3074 1668 populiqute
3107 1603 3373 1669 perierant.

1796 1692 1832 1742 Β
1861 1687 2162 1750 praedicens,
2199 1687 2441 1741 Davidem
2483 1690 2726 1742 similiter
2753 1690 3045 1744 vocavit”.

1926 1771 2108 1824 Daniel
2147 1789 2378 1842 quoque,
2420 1777 2559 1829 videt
2589 1778 2733 1830 illum
2781 1787 3026 1845 tanquam
3058 1780 3241 1832 Filium
3274 1781 3369 1830 ho-

1860 1860 2012 1912 minis
2043 1854 2329 1914 venientem
2358 1865 2418 1916 ad
2452 1866 2795 1930 iudicandum
2834 1868 3029 1918 omnia.

1929 1945 2049 1995 Osee
2081 1960 2218 2009 vero,
2257 1947 2416 1999 lilium
2447 1951 2547 2000 sibi
2578 1961 2759 2002 natum
2796 1952 2846 2002 in
2877 1962 3055 2018 typum
3080 1953 3369 2009 Salvatoris

1857 2045 1920 2082 ex
1969 2032 2258 2088 l'ornicante
2313 2051 2597 2104 synagoga,
2652 2055 2842 2093 vocare
2880 2042 3092 2108 jubetur
3133 2043 3370 2110 Jesrael,

1861 2123 1994 2187 quod
2027 2124 2309 2189 signiﬁcat,
2337 2142 2502 2179 semen
2533 2128 2649 2181 Dei.

1931 2208 2172 2263 Micltazas
2217 2223 2392 2266 autem
2429 2218 2743 2271 \‘aticinatus
2783 2234 2903 2270 cum
2945 2222 3270 2273 nasciturum
3314 2225 3367 2274 in

1861 2295 2181 2362 Bethlehem,
2232 2301 2424 2355 Ducem
2466 2307 2806 2373 nuneupavit,
2848 2308 3122 2361 habentem
3163 2324 3373 2376 proces-

1861 2387 2060 2439 sionem
2089 2399 2209 2441 ante
2245 2393 2456 2444 saecula.

1930 2475 1989 2527 Et
2019 2475 2300 2532 Zacharias
2334 2483 2561 2546 ibidem,
2593 2485 2884 2539 venientem
2918 2487 3244 2541 Salvatorem
3277 2503 3371 2556 po—

1861 2565 1988 2631 puli,
2031 2565 2295 2633 Orientem
2329 2573 2522 2625 habere
2557 2590 2747 2627 nomen
2798 2576 2962 2640 dixit;
2995 2586 3044 2630 et
3088 2588 3370 2645 pastm'em,

1859 2661 1910 2704 et
1936 2652 2024 2704 Dei
2067 2657 2413 2712 contribulem
2454 2661 2720 2714 ho:.nnem
2745 2665 2915 2731 ipsum
2948 2667 3195 2733 appellat,
3227 2668 3375 2733 phra-

1860 2756 1974 2793 mea
1999 2743 2254 2798 adversus
2280 2761 2398 2798 eum
2425 2749 2673 2801 excitata.

1925 2828 2104 2882 Iesum
2131 2847 2287 2899 porro
2309 2834 2452 2886 illum
2477 2835 2798 2889 Salvatorem
2821 2839 2998 2890 mundi
3022 2842 3371 2901 nasciturum,

1860 2917 2065 2972 Gabriel
2093 2923 2308 2984 angelus
2331 2926 2418 2988 qui
2439 2925 2700 2976 nuntiavit
2721 2926 3044 2978 nativitatem
3075 2927 3212 2993 ejus,
3235 2927 3374 2994 apud

1858 3005 2124 3073 Virginem
2168 3008 2310 3059 solus
2362 3010 2535 3061 vocari
2571 3013 2818 3063 asseruit.
2864 3012 3012 3075 Quod
3063 3027 3252 3064 nomen
3301 3013 3375 3063 in-

1856 3096 2114 3149 nuebatur
2139 3097 2362 3165 mystico
2386 3109 2544 3166 atque
2567 3100 2816 3153 ineffabili
2852 3103 3067 3155 nomine
3100 3101 3208 3166 illo,
3233 3104 3373 3168 quod

1856 3185 2169 3255 inscriptum
2206 3199 2318 3240 erat
2344 3203 2552 3243 corona:
2577 3205 2714 3244 arcte
2741 3171 2950 3254 sacrae;
2984 3208 3074 3261 per
3105 3193 3374 3261 signiﬁca-

1856 3280 2051 3332 tionem
2072 3280 2168 3346 jod
2189 3290 2240 3334 et
2255 3280 2370 3346 hed,
2403 3282 2452 3334 id
2480 3293 2560 3335 est
2593 3297 2682 3349 per
2708 3283 2969 3336 decimum
2999 3284 3312 3338 elementum
3335 3283 3376 3336 Ι.

1854 3377 1908 3421 et
1929 3378 2170 3421 octavum
2197 3368 2260 3421 Η.
2290 3369 2626 3422 subindicato
2655 3369 2922 3437 sapienter
2950 3370 3163 3423 nomine
3191 3379 3375 3422 saneto

1797 3451 1802 3457 ’
1852 3456 1999 3520 Jesu,
2028 3457 2231 3510 Domini
2257 3456 2452 3526 gloriae.

1853 3587 1999 3641 CAP.
2061 3586 2211 3639 CLII.
2267 3615 2336 3629 -—
2390 3587 2570 3640 Decem
2626 3589 2968 3655 apparitiones
3004 3585 3214 3638 Domini
3264 3586 3373 3636 suis

2039 3655 2210 3721 facte,
2242 3663 2509 3721 postquam
2537 3656 2625 3707 ille
2659 3671 2685 3707 e
2714 3657 2925 3706 mortuis
2949 3654 3191 3705 surrexit.

1923 3845 2098 3899 Primo
2123 3843 2298 3900 Maria:
2319 3853 2371 3899 et
2392 3845 2550 3899 sociis
2577 3845 2640 3897 ad
2670 3854 3087 3898 monumentum.

1919 3937 1973 3988 2.
2002 3936 2189 4004 Cepha:
2219 3935 2335 4000 soli,
2373 3946 2430 3988 ut
2475 3942 2528 3988 et
2560 3933 2753 3990 Paulus
2799 3937 3038 4004 perhibet
3084 3939 3326 4008 inquiens
3354 3957 3373 3998 ς

1855 4027 2049 4081 Deinde
2069 4029 2204 4081 visus
2228 4037 2301 4079 est
2334 4027 2537 4095 (Iephte.

1930 4122 1981 4172 5.
2011 4120 2218 4173 Clausis
2245 4119 2424 4186 januis
2469 4119 2614 4171 visus
2643 4128 2724 4173 est
2767 4118 3058 4188 discipulis,
3092 4135 3195 4173 non
3237 4135 3375 4189 pne-

1855 4221 2001 4261 sente
2027 4208 2252 4271 Thoma,
2279 4208 2402 4260 feria
2437 4208 2605 4275 prima
2639 4207 3002 4262 hebdomadaa.

301 4274 368 4356 8".
402 4274 521 4363 οἷς
552 4274 674 4366 περὶ
695 4274 1207 4376 Κλεόπαίν-άπιοῦσιν
1245 4304 1322 4361 εἰς
1375 4299 1468 4368 τὴν
1506 4298 1747 4367 Ἐμμαὼ,
1786 4274 1829 4327 D

1786 4274 1829 4327 Ῑ)
1925 4299 1977 4347 4.
2029 4297 2093 4349 Iis
2131 4298 2220 4362 qui
2262 4312 2380 4348 eum
2414 4274 2646 4365 CleOpha
2686 4298 2901 4350 abibant
2944 4299 3015 4363 in;
3041 4296 3280 4361 Emmao,
3324 4299 3375 4351 in

230 4398 289 4445 ἐν
310 4397 379 4462 τῇ
411 4393 592 4444 κλάσει
611 4393 700 4442 τοῦ
723 4393 903 4458 ἄρτου.

303 4485 363 4535 ε’.
394 4482 656 4548 Παρόντος
681 4480 770 4530 τοῦ
799 4479 984 4545 Θωμᾶ,
1020 4481 1110 4529 καὶ
1142 4477 1246 4527 τῶν
1261 4475 1454 4527 λοιπῶν
1484 4475 1751 4544 μαθητῶν,

225 4575 317 4625 ὅτε
347 4571 553 4623 καὶτὸν
576 4570 771 4634 Θωμᾶν
808 4568 983 4620 ἐκάλει
1034 4567 1126 4629 τὰς
1153 4569 1335 4636 χεῖρας
1385 4568 1474 4618 καὶ
1523 4566 1753 4633 πλευράν

227 4662 615 4731 ιξπῄιιιφὴσιιντα
640 4659 768 4730 (99).

301 4756 379 4813 ς’.
427 4751 512 4800 Ἐν
538 4754 602 4816 τῇ
655 4749 870 4817 Γαλιλίᾳ
898 4749 991 4816 τῆς
1035 4746 1299 4816 θαλάσσης
1346 4746 1673 4823 Τιϐεριάδος,
1701 4748 1755 4796 ἐν

225 4846 291 4911 τῇ
320 4842 469 4906 ἄγρᾳ
500 4840 604 4890 τῶν
638 4846 748 4908 ρνγ’
785 4837 993 4906 ἰχθύων.

295 4931 365 4991 ζ’.
397 4928 519 4986 Τοῖς
555 4929 919 4988 πεντακοσίοις
944 4927 1177 4993 ἐφάπαξ,
1207 4926 1343 4976 κατὰ
1366 4924 1452 4975 τὸν
1481 4924 1705 4974 Παῦλον.

295 5017 394 5088 ίην.
427 5013 509 5076 Τῷ
546 5015 797 5079 Ἰακώϐῳ,
819 5015 966 5066 κατὰ
993 5015 1095 5066 τὸν
1112 5015 1293 5066 αὺτὸν
1318 5013 1572 5063 Παῦλον.
1602 5011 1719 5080 (·Ι).]

1856 4386 2108 4439 fraetione
2138 4385 2307 4451 panis.

1929 4474 1981 4525 5.
2018 4472 2219 4524 Thoma
2245 4479 2519 4539 praesente,
2542 4486 2602 4524 ac
2619 4472 2835 4538 reliquis
2857 4473 3147 4541 discipulis,
3167 4485 3377 4541 quando

1859 4578 2069 4632 quoque
2108 4560 2368 4614 Thomam
2402 4564 2626 4625 vocavit,
2674 4573 2732 4616 ut
2769 4579 2957 4616 manus
3006 4573 3056 4617 et
3090 4565 3226 4617 latus
3267 4566 3378 4632 pal—

1858 4664 2023 4724 paret.

1918 4745 1967 4797 6.
2005 4744 2062 4797 In
2090 4743 2303 4797 Galilma
2336 4743 2498 4796 maris
2539 4741 2856 4805 Tiberiadis,
2901 4745 2952 4797 in
2990 4755 3204 4810 captura
3253 4763 3374 4799 cun

1852 4833 2094 4901 piscium.

1921 4924 1969 4976 7.
2008 4923 2317 4990 Quingentis
2345 4923 2524 4987 simul,
2561 4924 2856 4976 secundum
2891 4925 3134 4977 Paulum.

1919 5011 1992 5081 [8.
2029 5013 2242 5074 Jacobo,
2272 5015 2543 5066 secundum
2574 5015 2802 5066 eumdem
2840 5012 3107 5078 Paulum]

299 5194 350 5224 ἰ
391 5187 472 5239 lsa
502 5200 584 5238 1.x.
617 5185 667 5236 1.
741 5185 785 5215 ’⁵
817 5183 917 5237 lsa.
953 5199 1079 5246 an,
1130 5184 1210 5235 12.
1254 5174 1327 5213 ’⁸⁸
1362 5180 1462 5231 lsa.
1491 5197 1574 5243 χι,
1612 5181 1645 5233 9
1673 5198 1805 5250 seqq.
1878 5186 1913 5215 ’τ

1401 5197 1462 5231 sa.
1491 5197 1574 5243 XL,
1612 5181 1645 5233 9
1673 5198 1805 5250 seqq.
1878 5186 1919 5215 ’7
1959 5185 2152 5237 Jerem.
2187 5200 2369 5245 xxxiii,
2403 5185 2453 5236 6.
2530 5187 2572 5216 ’⁸
2608 5188 2796 5238 Επλοὶι.
2841 5198 3015 5244 xxxiv,

291 5345 408 5413 (98)
429 5338 725 5413 Photiusﬁin
749 5338 1215 5413 _Amphi_lochianis,
1235 5337 1484 5402 interrog.
1513 5334 1630 5399 HG,
1659 5351 1750 5388 un-

222 5406 406 5467 decies
431 5413 603 5462 visum
636 5406 906 5458 Christum
930 5406 1100 5458 docet.

288 5482 405 5549 (99)
448 5478 603 5529 Forte
622 5473 1021 5542 ψηλαφήσοντα.

420 5573 686 5629 PsTROL.
731 5565 844 5627 Gn.
892 5565 1038 5626 CVI.

1923 5339 1996 5406 (1)
2025 5339 2150 5402 Quae
2193 5340 2278 5406 hic
2322 5340 2529 5391 uncinis
2575 5337 2914 5406 includuntur
2939 5331 3121 5406 Latine
3165 5341 3373 5406 exstant

1852 5406 1901 5454 in
1933 5400 2172 5458 rersione
2196 5405 2439 5459 Fabricii.
2468 5407 2646 5458 Grrcca
2673 5402 2891 5470 proinde
2915 5400 3222 5453 exciderunt
3248 5403 3371 5453 vitio

1851 5481 2024 5539 typOg.

2939 5562 2974 5620 6
