4088 6332
194 337 3345 408 5W

1455 534 1624 580 ANNO
1649 533 1883 592 ,noutNt
1928 533 2035 578 cur

250 713 1607 900 NICEPHOBUS
1733 704 3253 888 PHILOSOPHUS

1504 1017 2006 1111 NOTITIA

1123 1210 1314 1273 (Ouum.
1352 1210 1420 1261 De
1458 1207 1635 1270 Script.
1673 1204 1842 1257 eccles.
1880 1212 1995 1255 tom.
2023 1205 2086 1267 ll,
2120 1218 2230 1268 pag.
2266 1202 2397 1265 t02.)

231 1502 564 1573 Nicephorus
594 1505 947 1574 phil030phus
986 1511 1043 1559 et
1065 1512 1249 1559 orator
1268 1502 1589 1572 patriarcha:
1624 1500 2229 1579 Constantinopolitani,
2268 1501 2371 1555 sub
2408 1500 2643 1556 Antonio
2681 1499 2881 1556 Caulea
2911 1486 3155 1564 ejusdem
3204 1501 3350 1555 sedis
3462 1526 3465 1528 ·

171 1590 566 1658 archiepiscopo
604 1600 659 1643 et
681 1590 986 1658 patriarcha
1014 1590 1222 1653 vivens,
1264 1589 1349 1643 his
1383 1582 1571 1643 iisdem
1624 1588 1951 1656 tempoi-ibus
1984 1588 2261 1655 aliquanto
2307 1597 2429 1655 post
2452 1602 2544 1641 an.
2589 1588 2695 1641 830
2742 1587 2948 1651 ﬂoruit,
3016 1586 3349 1654 scripsitque

174 1673 468 1727 Orationem
499 1674 763 1741 funebrem
794 1690 889 1729 seu
914 1673 1293 1727 Narrationem
1321 1674 1745 1727 encomiasticam
1787 1672 1918 1726 Vita:
1939 1675 2105 1727 sancti
2138 1673 2355 1725 Antonii
2378 1681 2715 1742 cognomento
2756 1673 2986 1733 Caulew,
3038 1672 3354 1737 patriarcha:

170 1757 751 1829 Coustantinopalitani,
782 1764 874 1830 qui
908 1777 1051 1815 anno
1078 1760 1277 1815 Christi
1306 1760 1431 1825 891,
1459 1760 1556 1823 διώ⁴
1578 1759 1886 1826 imperatore
1913 1756 2075 1809 leone
2103 1754 2417 1823 Philosophe
2447 1771 2537 1808 seu
2562 1755 2824 1823 Sapiente,
2860 1754 2946 1807 die
2976 1755 3041 1806 12
3071 1754 3349 1807 Februarii

172 1856 409 1900 mortuus
438 1856 537 1901 est.
569 1845 758 1901 Exstat
801 1849 915 1902 haec
959 1848 1145 1902 Oratio
1178 1863 1274 1901 seu
1313 1847 1433 1900 Vita
1472 1847 1614 1916 apud
1653 1843 2003 1898 Laurentium
2032 1842 2270 1907 Surium,
2323 1850 2382 1895 ut
2425 1851 2478 1895 et
2525 1840 2667 1910 apud
2715 1839 2978 1894 Joannem
3036 1840 3353 1894 Bollandum

174 1943 325 2000 atque
356 1932 780 1994 Henschenium.
818 1934 871 1986 in
912 1934 1055 1987 Actis
1096 1932 1406 1987 Sanctorum
1433 1934 1500 1986 ad
1532 1932 1675 1995 diem
1727 1933 1797 1986 12η
1818 1932 2122 1995 Februarii,
2176 1931 2270 1985 sed
2310 1930 2601 1999 utrobique
2650 1929 2837 1985 Latine
2890 1939 3118 1984 tantum.
3159 1929 3356 1982 Eailctn

174 2026 340 2070 autem
382 2017 568 2071 Oratio
608 2033 704 2072 seu
754 2018 871 2072 Vita
898 2024 1077 2075 exstat
1103 2018 1289 2073 Graece
1318 2018 1708 2085 manuscripts,
1764 2020 1818 2073 in
1851 2019 2179 2073 bibliotheca
2224 2016 2470 2071 Caesarea
2521 2017 2949 2082 Vindoboncnsl,
2989 2017 3130 2070 inter
3163 2033 3357 2069 tnunu-

172 2105 400 2172 scriptos
429 2104 647 2159 codices
677 2108 966 2163 historicos
996 2106 1234 2171 Graecos,
1264 2108 1387 2160 cod.
1437 2105 1525 2167 XI,
1556 2122 1707 2160 num.
1734 2106 1823 2168 ‘20,
1868 2116 1921 2159 et
1954 2105 2170 2173 quidem
2215 2120 2248 2158 a
2278 2103 2407 2157 l'olio
2436 2102 2526 2169 95,
2576 2117 2695 2173 pag.
2745 2103 2799 2166 2,
2830 2103 2939 2157 col.
2977 2102 3034 2166 2,
3082 2118 3253 2170 usque
3291 2106 3355 2156 ad

174 2189 257 2242 l'ol.
294 2192 420 2252 109,
456 2206 578 2263 pag.
606 2192 661 2254 2,
692 2194 889 2248 colum.
929 2210 967 2255 t,
1002 2202 1059 2246 ιιι
1095 2193 1253 2247 habet
1279 2192 1471 2246 Petrus
1519 2192 1840 2246 Lambecius
1882 2192 2019 2245 libro
2066 2206 2160 2245 vm
2201 2190 2726 2245 commentariorum
2780 2180 2938 2259 .tujus
2992 2188 3353 2249 bibliotheca',

172 2292 216 2343 p.
246 2277 334 2342 83,
366 2278 525 2345 cujus
552 2280 742 2334 titulus
774 2290 827 2333 et
870 2281 1197 2349 principium
1236 2298 1249 2332 :
1305 2279 1620 2348 Νικηφόρου
1670 2276 1764 2331 τοῦ

1740 2276 2215 2347 ῢμακαριωτάτου
2263 2276 2550 2345 φιλοσόφου
2599 2276 2688 2329 καὶ
2743 2276 2990 2348 ῥήτορος,
3039 2277 3354 2342 Ἐπιτὰφιον

171 2364 277 2429 ἦτοι
310 2364 427 2432 βίος
453 2366 714 2433 ἐγκωμίῳ
767 2367 1254 2435 συμπεπλεγμένος
1284 2367 1363 2427 εἰς
1389 2367 1480 2418 τὸν
1528 2366 1705 2435 μέγαν
1756 2365 1810 2415 ὲν
1844 2363 2189 2434 ἀρχιερεῦσιν
2217 2362 2376 2425 Θεοῦ,
2424 2362 2517 2415 καὶ
2547 2361 2858 2430 θαυμαστὸν
2896 2366 2954 2416 ὲν
2983 2363 3350 2433 πατριάρχης

181 2451 475 2503 Ἀντώνιον.
512 2453 623 2504 Οὐκ
651 2448 717 2523 ἦν
743 2455 850 2523 ἄρα
873 2455 979 2506 τῶν
1006 2455 1383 2523 προλαϐόντων
1410 2452 1588 2505 καλῶν
1617 2455 1696 2514 εἰς
1719 2451 1795 2502 πίε

1742 2451 1917 2510 πίστιν,
1954 2460 2059 2502 etc.
2096 2448 2149 2502 Id
2179 2456 2263 2502 est
2300 2466 2313 2502 :
2351 2446 2636 2515 Nicephori
2664 2448 2953 2501 beatissimi
2981 2450 3275 2519 philosophi
3306 2459 3356 2505 rt

170 2539 391 2610 aratoris
425 2536 609 2591 Oratio
638 2538 870 2605 funebris
912 2541 1014 2593 sive
1054 2538 1172 2591 Vita
1203 2523 1320 2593 cum
1349 2539 1581 2591 encomio
1611 2537 1910 2604 conjuncta,
1939 2540 1993 2587 in
2025 2550 2270 2603 magnum
2298 2533 2394 2588 Dei
2433 2536 2876 2604 archiepiscopum
2909 2546 2957 2590 et
2988 2538 3355 2589 admirabilem

170 2624 214 2672 in
252 2624 573 2688 patriarchis
608 2625 909 2688 Antonium,
938 2634 1043 2679 etc.
1077 2624 1295 2677 Minime
1325 2632 1505 2678 autem
1540 2610 1950 2677 coul‘uiidendus
1976 2632 2055 2675 est
2079 2622 2167 2675 hic
2192 2620 2529 2690 Nicephorus
2560 2622 2913 2691 philosophus
2945 2632 2996 2677 et
3027 2625 3211 2677 rhetor
3230 2639 3354 2677 cum

171 2705 465 2775 Nicephoro
492 2709 760 2779 Gregora.
803 2711 1027 2779 integris
1050 2711 1258 2777 aliquot
1287 2709 1501 2764 saeculis
1528 2708 1850 2771 recentiore,
1877 2707 2287 2773 quiJlistoriam
2323 2704 2479 2761 suam
2510 2707 2885 2778 Byzantinam,
2920 2724 3094 2778 usque
3139 2711 3205 2763 ad
3238 2700 3357 2763 obi-

170 2804 271 2845 tum
309 2795 444 2863 imp.
481 2797 775 2851 Andronici
810 2796 1071 2862 iunioris,
1106 2798 1219 2852 sive
1244 2798 1308 2850 ad
1342 2812 1538 2851 annum
1581 2795 1784 2850 Christi
1835 2795 1962 2849 15M
2003 2794 2272 2862 perduxit.
2327 2791 2463 2847 Nam
2496 2797 2545 2848 et
2570 2794 2635 2848 de
2661 2809 2725 2848 eo
2750 2795 2829 2848 vir
2866 2793 3218 2849 doctissimus
3249 2795 3357 2849 Leo

172 2881 395 2934 Allatius
423 2883 474 2934 in
522 2882 767 2936 Diatriba
797 2885 860 2938 de
886 2883 1202 2953 Symeonum
1244 2886 1475 2951 scriptis,
1502 2899 1624 2953 pag.
1674 2882 1763 2947 87,
1796 2880 1978 2944 refert,
2015 2878 2157 2949 quod
2199 2878 2370 2933 Vitam
2398 2879 2627 2947 ejusdem
2678 2878 2735 2933 S.
2783 2882 2999 2934 Antonii
3038 2884 3356 2949 patriarcha:

170 2966 466 3033 scripserit,
503 2968 660 3035 cujus
705 2970 918 3023 titulum
951 2979 1003 3023 et
1036 2971 1356 3040 principium
1392 2970 1466 3025 ibi
1506 2971 1609 3024 hoc
1648 2969 1807 3023 modo
1849 2965 2067 3020 exhibet
2107 2982 2120 3018 :
2163 2964 2451 3034 Nicephori
2497 2965 2747 3034 Gregoraa
2777 2966 2899 3029 Bia;
2942 2968 3035 3019 τοῦ
3082 2971 3140 3020 ὲν
3183 2970 3358 3035 ἁγίοις

168 3053 498 3120 πατριάρχου
529 3055 1161 3121 Κωνσταντινουπόλεως,
1206 3056 1488 3110 Ἀντωνίου
1547 3055 1639 3108 τοῦ
1673 3056 1770 3122 τὴν
1806 3051 1970 3122 μονὴν
1994 3049 2087 3102 τοῦ
2118 3049 2342 3113 Καλέως
2384 3051 2813 3121 συστησαμένου.
2849 3053 2911 3106 Εἰ
2940 3053 2997 3106 δὲ
3036 3054 3127 3107 καὶ
3158 3055 3357 3124 θνητὴν

168 3134 335 3203 ψυχὴν
356 3139 385 3187 ό
412 3138 621 3205 χρόνος,
647 3142 738 3192 καὶ
765 3141 979 3193 πάντων
1003 3144 1117 3194 ἐστὶ
1140 3144 1320 3211 πατὴρ
1346 3144 1516 3195 ὁπόσα,
1551 3142 1724 3210 φθορὰ
1749 3158 1782 3193 κ

1749 3141 1842 3193 καὶ
1870 3138 2082 3205 γένεσις
2126 3137 2332 3206 βόσκει,
2360 3146 2465 3193 etc.
2509 3138 2661 3205 Quod
2693 3155 2856 3208 porro
2880 3142 2945 3195 ad
2985 3139 3350 3210 Nicephorum

170 3218 436 3275 Orationis
481 3240 572 3276 seu
609 3223 740 3279 Vita:
786 3227 944 3280 istius
980 3229 1297 3296 scriptorem
1334 3230 1545 3292 attinet,
1585 3230 1673 3281 ille
1713 3227 1815 3280 sub
1861 3227 2038 3279 Leone
2072 3224 2326 3293 Sapiente
2388 3226 2714 3294 imperatore
2768 3229 2920 3293 vixit,
2965 3240 3025 3282 ut
3058 3230 3173 3299 ipse
3203 3230 3350 3285 clare

170 3305 288 3364 satis
319 3308 545 3371 inJicat,
579 3309 709 3361 dum
742 3311 943 3364 diserte
976 3314 1090 3367 ait:
1131 3313 1503 3382 Pterarumque
1534 3329 1705 3366 rerum
1734 3312 1796 3365 de
1829 3310 1887 3365 S.
1918 3312 2145 3365 Antonio
2169 3311 2475 3379 patriarcha
2502 3313 2891 3366 narrandarum
2920 3317 3227 3384 magistram
3259 3317 3359 3370 sibi

171 3405 262 3443 non
285 3393 452 3444 multo
488 3404 606 3447 ante
635 3405 860 3463 tempore
882 3398 1042 3463 fuisse
1088 3401 1257 3466 ipsam
1286 3401 1652 3467 inspectionem
1694 3407 1741 3451 et
1771 3394 2169 3465 experientiam;
2204 3395 2379 3449 Verba
2429 3397 2549 3465 ejus
2586 3397 2772 3452 Graeca
2806 3400 2919 3455 haec
2953 3412 3101 3464 sunt,
3125 3402 3219 3452 καὶ
3247 3402 3355 3454 τῶν

172 3477 257 3540 μὲν
290 3472 593 3531 ἀνελίττειιῖ
615 3482 718 3548 τὴν
748 3483 989 3551 μνήμην,
1024 3478 1097 3537 ὧν
1125 3484 1247 3553 ὄψις
1293 3502 1383 3553 μοι
1418 3486 1512 3538 καὶ
1549 3488 1711 3555 πεῖρα
1741 3486 1953 3552 χρόνοις
1981 3486 2040 3538 οὐ
2095 3488 2310 3553 συχνοῖς
2346 3485 2663 3548 διδάσκαλος
2696 3483 2782 3556 ἦν,
2817 3497 2922 3541 etc.
2957 3489 3027 3542 De
3058 3489 3359 3557 Nicephoro

171 3563 267 3612 isto
298 3564 632 3633 philosopho
665 3574 719 3621 et
745 3577 986 3631 oratore,
1018 3570 1289 3624 Gerardus
1317 3568 1557 3625 Joannes
1580 3570 1804 3625 Vossius
1835 3572 1973 3625 libro
2020 3587 2058 3625 tt
2084 3572 2161 3624 De
2202 3574 2466 3626 historicis
2497 3573 2715 3638 Cra-cis,
2753 3590 2873 3643 cap.
2912 3575 3005 3639 26,
3044 3577 3132 3629 ubi
3148 3593 3357 3659 perpe-

169 3667 271 3704 ram
304 3654 505 3721 legitur
529 3654 586 3708 S.
624 3659 915 3711 Antonium
938 3658 1189 3713 Cauleam
1222 3659 1423 3714 obiisse
1456 3676 1545 3715 au.
1592 3660 1793 3714 Christi
1818 3657 1941 3724 901,
1966 3672 2064 3727 pro
2092 3657 2212 3713 891.
2241 3657 2556 3713 Guillelmus
2592 3658 2841 3715 Cavusin
2872 3660 3111 3715 Historia
3138 3654 3358 3731 scripto-

168 3751 271 3787 ram
305 3737 578 3805 Ecclesitz,
612 3746 678 3793 ad
708 3757 909 3796 annum
932 3744 1054 3804 895,
1088 3760 1207 3813 pag.
1233 3746 1354 3799 569.
1386 3744 1580 3801 Petrus
1608 3744 1949 3811 Lambecius,
1975 3761 2134 3815 quem
2165 3745 2704 3823 hic‘exscripsimus,
2740 3750 2836 3804 lib.
2875 3766 2969 3804 vnt
3014 3749 3357 3805 Commenta-

169 3822 357 3874 riorum
398 3823 735 3879 bibliothecae
781 3828 1039 3881 Caesarea:
1069 3828 1525 3894 Vindobonensis,
1553 3831 1715 3898 p.83,
1745 3842 1801 3887 et
1822 3832 1878 3885 in
1904 3822 2280 3900 indicibus,fp.
2320 3832 2423 3886 562
2454 3842 2507 3887 et
2536 3834 2661 3888 578.

172 3994 3271 4027 ..________________________,______________________

911 4154 1676 4268 NICEPHORI
1757 4156 2600 4269 PHILOSOPHI

499 4380 776 4468 VITA
845 4384 937 4469 S.
1013 4382 1513 4473 ANTONII
1590 4380 2401 4476 COGNOMENTO
2473 4390 2995 4481 CAULE/E.

1441 4573 1937 4636 PATRIARCHJE
1976 4577 2081 4638 CP.

988 4719 1129 4781 (Acta
1161 4719 1255 4768 SS.
1291 4718 1532 4782 Bolland.,
1564 4719 1820 4771 Februarii
1846 4728 1962 4773 tom.
1992 4726 2050 4784 ll,
2083 4726 2164 4776 die
2186 4727 2271 4789 12,
2304 4743 2351 4791 p.
2387 4730 2519 4795 621.)

954 5028 1883 5123 COMMENTARIUS
1960 5039 2539 5132 PREVIUS.

223 5336 269 5393 1.
319 5336 557 5429 Bulotus
600 5350 650 5387 ιιι
687 5338 920 5429 coalitum
956 5345 1164 5429 tabulas
1208 5355 1285 5399 est
1310 5348 1448 5414 apud
1478 5348 1697 5406 Latinos
1803 5348 2045 5407 Ecclesiae
2078 5353 2687 5424 Constantinopolitanae
2714 5364 2978 5429 praesedit.
3006 5344 3077 5420 De
3104 5382 3167 5421 eo
3200 5368 3338 5421 Mar-

166 5440 296 5520 sque
341 5443 411 5520 ac
445 5427 672 5520 ﬁrwcos
703 5428 997 5520 Antonius,
1033 5426 1390 5503 cognomento
1447 5440 1697 5507 Cauleas,
1804 5452 1961 5512 tyrot.
1997 5442 2300 5497 Romanum
2342 5460 2357 5499 :
2402 5463 2419 5497 ι
2474 5426 2935 5520 Constantinopoli
2996 5454 3055 5508 S.
3120 5458 3336 5514 Antonii

170 5514 246 5580 qui
272 5517 373 5571 sub
422 5517 639 5571 exitum
669 5516 792 5571 noni
825 5532 856 5572 a
885 5520 1082 5577 Christi
1115 5524 1484 5585 incarnatione
1514 5533 1695 5586 saeculi
1800 5548 1885 5603 ep.
1923 5540 2162 5604 tempore
2189 5532 2383 5591 Leonis
2420 5533 2485 5590 Vl
2533 5536 2688 5609 imp.,
2737 5559 2756 5593 ι
2809 5514 2927 5613 ejus
2974 5534 3181 5616 nempe,
3235 5549 3331 5617 qui
