4088 6332
720 408 817 470 179

1714 410 1742 489 ’,
1835 415 2238 474 NICEPHORI
2275 416 2749 478 PHILOSOPHI.

3732 416 3832 481 180

715 514 910 568 Basilio
925 511 1207 567 Macedone
1227 517 1453 583 genitus,
1482 515 1718 583 Sapiens,
1741 533 1830 571 seu
1860 519 2220 584 Philosophus,
2250 520 2296 578 Α
2316 522 2534 597 vulnus
2554 524 2706 577 annis
2736 540 2749 573 :
2781 537 2904 592 ergo
2939 522 2988 576 id
3020 523 3095 576 illi
3118 524 3372 578 inflictum
3419 531 3534 578 erat
3563 539 3650 579 an.
3682 526 3835 580 MOI:

713 613 793 652 est
823 599 1134 666 appellatus.
1167 599 1380 652 Antonii
1432 603 1667 668 ejusdem
1702 605 2006 656 memoriam
2049 606 2118 657 ita
2171 604 2222 657 in

716 692 892 741 Addit.
942 690 1004 740 ad
1043 687 1342 741 Usuardum
1375 690 1649 741 annotavit
1687 689 1925 744 Molanus
1961 710 1974 743 :
2026 709 2043 741 ι
2096 692 2222 744 Item

712 778 1166 844 Constantinopoli
1202 777 1260 831 S.
1311 779 1546 840 Antonii,
1590 779 1762 842 magni
1800 779 1937 831 inter
1970 779 2058 832 Dei
2092 795 2222 847 pon-

713 870 892 920 tilices.
921 878 972 920 et
1008 867 1331 919 admirabilis
1381 869 1517 919 inter
1561 867 1912 933 patriarchas.
1947 886 1965 919 ι
2002 867 2224 922 I’rasiere

713 954 903 1007 Menma
941 955 1023 1007 his
1080 956 1299 1007 verbis:
1348 973 1366 1004 ι
1410 954 1602 1006 Eodem
1664 955 1746 1007 die
1792 955 1881 1023 (12
1927 953 2223 1023 Februarii)

712 1042 963 1093 memoria
1007 1040 1064 1093 S.
1098 1039 1158 1093 P.
1198 1040 1262 1119 Νζ
1297 1040 1512 1093 Antonii
1542 1043 1923 1110 archiepisc0pi
1966 1043 2225 1097 Constan-

713 1132 1030 1197 tinopoleos,
1067 1149 1084 1180 ι
1119 1130 1407 1183 adnectunt
1436 1131 1688 1199 elogium,
1714 1132 1779 1184 de
1801 1148 1904 1199 quo
1930 1131 2085 1186 infra.

776 1218 828 1271 2.
861 1218 1132 1286 Philippus
1169 1218 1442 1273 Ferrarius
1472 1222 1523 1272 in
1558 1221 1785 1287 generali
1811 1221 2060 1289 Catalogo
2101 1237 2224 1275 san-

709 1318 935 1370 ctorum,
979 1310 1068 1376 qui
1115 1311 1304 1363 desunt
1332 1310 1706 1379 Martyrologio
1752 1309 2010 1374 Romano,
2063 1313 2126 1364 ad
2161 1312 2216 1365 11

708 1395 980 1448 Februarii
1034 1398 1090 1449 S.
1142 1398 1431 1450 Antonium
1482 1399 1773 1466 inscripsit,
1818 1415 1883 1453 ex
1930 1399 2223 1469 Menologio

709 1481 1033 1545 Graecorum,
1068 1491 1124 1535 ut
1155 1484 1205 1535 in
1227 1483 1602 1538 Notationibus
1629 1486 1923 1553 profitetur.
1954 1487 2055 1539 Sed
2086 1492 2224 1555 quo?

708 1569 820 1622 Non
859 1586 921 1625 eo
976 1584 1118 1625 certe
1156 1575 1296 1639 quod
1357 1571 1518 1626 Henr.
1569 1573 1815 1628 Canisius
1864 1575 2028 1629 edidit
2063 1594 2076 1629 :
2112 1591 2220 1631 non

709 1659 891 1710 Graeco
922 1661 1063 1725 quod
1103 1659 1337 1744 Ven.etiis
1377 1676 1630 1716 excusum
1665 1680 1676 1714 :
1711 1677 1815 1716 non
1854 1665 1994 1731 quod
2042 1664 2221 1719 Basilii

708 1747 1007 1800 Macedonis
1034 1748 1186 1815 jussu
1227 1750 1602 1802 concinnatum
1633 1752 1895 1804 asservari
1916 1751 2120 1806 Poma:
2145 1753 2222 1806 fe-

2322 609 2382 661 51
2414 611 2568 674 Maii;
2603 615 2652 664 in
2703 627 2823 665 eum
2870 614 3009 666 enim
3045 613 3182 666 diem
3231 615 3542 667 Pentecoste
3572 615 3660 668 illo
3699 629 3840 669 anno

2320 697 2504 752 incidit
2533 717 2544 752 :
2578 715 2680 754 non
2726 701 2889 755 multo
2911 702 3086 770 igitur
3127 712 3248 755 ante
3278 701 3528 766 Antonio,
3565 703 3733 770 pridie
3760 705 3835 756 ld.

2322 785 2590 841 Februarii
2620 791 2902 850 exstincto,
2946 801 3276 843 successerat
3324 790 3590 844 Nicotaus.
3636 789 3836 845 Verum

2319 876 2417 928 etsi
2447 877 2624 943 paucis
2645 878 2819 932 verbis
2844 880 3119 944 perstricta
3141 889 3288 943 sunt,
3309 895 3426 947 quae
3451 881 3524 932 illi
3551 881 3838 948 scriptores
3891 928 3899 933 .

2318 963 2674 1030 interjiciunt,
2719 967 2956 1031 pluribus
2981 978 3151 1020 tamen
3173 978 3316 1036 gesta
3350 978 3476 1022 sunt
3508 970 3696 1035 annis;
3727 985 3838 1038 quo

2320 1054 2569 1106 nimirum
2594 1063 2744 1122 pacto
2771 1063 2889 1122 post
2921 1054 3414 1124 S.‘Theophanonis
3447 1059 3629 1124 primae
3656 1049 3839 1111 uxoris

2321 1141 2542 1205 obitum,
2567 1141 2846 1196 secundam
2866 1143 2983 1196 dein
3007 1151 3058 1196 et
3081 1145 3286 1196 tertiam
3315 1145 3524 1197 duxerit
3541 1145 3663 1207 Leo,
3681 1155 3841 1214 atque

2321 1228 2659 1296 imperatorio
2686 1228 2982 1283 diademate
3017 1230 3206 1297 insigni
3239 1231 3356 1282 erit.

2388 1315 2440 1368 5.
2483 1315 2806 1370 Retractavit
2841 1317 2978 1384 quod
3010 1316 3074 1369 ad
3108 1316 3531 1385 Martyrologium
3561 1326 3841 1371 annotarat

2323 1403 2579 1458 Baronius
2605 1413 2643 1456 ι.
2691 1403 2753 1459 X.
2787 1405 2979 1458 Annal.
3015 1405 3101 1458 ubi
3147 1405 3211 1458 ad
3256 1410 3380 1457 anu.
3414 1405 3534 1467 890,
3556 1412 3616 1458 ‘u.
3651 1406 3734 1467 15,
3766 1408 3840 1460 ita

2319 1494 2532 1561 scripsit
2572 1510 2585 1546 :
2620 1511 2638 1544 ι
2680 1492 2791 1548 Hoc
2827 1508 2965 1547 anno
2999 1494 3218 1546 moritur
3243 1493 3502 1547 Antonius
3544 1496 3840 1561 patriarcha

2317 1580 2970 1648 Constantinopolitanus,
3015 1581 3100 1634 ubi
3153 1590 3354 1633 tantum
3389 1596 3555 1634 annos
3591 1585 3725 1636 duos
3751 1597 3840 1635 se-

2319 1671 2502 1722 disset.
2538 1668 2611 1721 Ita
2641 1668 2692 1720 in
2720 1669 2868 1722 Serie
2911 1668 3324 1736 patriarcharum
3356 1667 3839 1737 Constantinopoli.

2323 1767 2563 1811 tanorum
2604 1758 2656 1810 in
2696 1755 2930 1823 Corpore
2960 1756 3101 1810 Juris
3130 1757 3350 1808 intexta.
3393 1773 3408 1805 ι
3438 1759 3506 1808 'At
3545 1771 3660 1823 quae
3696 1758 3744 1807 in
3777 1771 3840 1809 ea

709 1846 849 1898 runt,
886 1851 1003 1888 cum
1064 1838 1126 1889 ad
1192 1838 1369 1905 plures
1419 1853 1587 1892 annos
1636 1849 1904 1907 superstes
1948 1839 2220 1895 Macedoni
2253 1814 2293 1867 Β
2323 1844 2470 1897 Serie
2499 1846 2782 1898 traduntur
2809 1843 2873 1897 de
2903 1844 3057 1897 annis
3090 1845 3530 1912 patriarcharum,
3581 1846 3669 1912 qui
3702 1853 3840 1896 tem-

704 1925 965 1977 Antonius
998 1924 1175 1978 fuerit.
1197 1927 1307 1978 Alia
1339 1937 1522 1994 peccat
1553 1930 1604 1980 in
1633 1928 1821 1982 iisdem
1843 1927 2219 1986 Notationibus

707 2012 996 2075 Ferrarius,
1028 2016 1148 2067 dum
1197 2030 1316 2068 eum
1366 2017 1438 2068 ait
1473 2036 1489 2067 ι
1556 2017 1731 2070 Plotio
1776 2021 2118 2074 schismatico
2169 2029 2224 2074 et

710 2105 956 2155 Ineretieo
986 2105 1327 2171 subrogatum
1363 2107 1460 2159 sub
1489 2107 1662 2161 Leone
1691 2107 1755 2161 IV
1800 2110 1928 2177 imp.
1965 2129 1984 2160 ι
2022 2110 2221 2179 Copro—

708 2191 850 2258 nymi
885 2190 1021 2242 illius
1064 2190 1163 2243 fuit
1197 2192 1302 2244 Leo
1345 2191 1412 2244 IV
1451 2204 1608 2262 atque
1651 2195 1805 2250 annis
1834 2206 2043 2251 centum
2077 2198 2223 2265 prior

705 2279 955 2341 Antonio,
981 2281 1072 2344 qui
1095 2280 1267 2332 Leone
1288 2279 1349 2332 VI
1381 2282 1812 2348 imperante,n0n
1830 2285 2016 2340 Photio
2043 2288 2219 2356 (quem

705 2367 952 2419 mendose
997 2365 1220 2418 Plotium
1252 2372 1426 2435 vocat)
1473 2370 1563 2423 sed
1601 2370 1657 2423 S.
1701 2371 1988 2441 Stephano,
2033 2375 2221 2429 Leonis

705 2457 1041 2524 imperatoris
1073 2458 1221 2509 fratri
1256 2459 1527 2513 suffectus.

772 2548 823 2598 5.
851 2549 1000 2599 Anno
1034 2548 1219 2600 Leonis
1269 2549 1441 2611 tertio,
1477 2551 1563 2617 qui
1597 2559 1709 2604 erat
1728 2567 1863 2614 arte,
1894 2568 2049 2622 quam
2083 2570 2222 2609 nunc

705 2636 888 2688 Latina
938 2636 1165 2688 Ecclesia
1208 2647 1459 2704 usurpat,
1510 2640 1654 2701 1588,
1697 2639 1761 2691 ad
1811 2642 2219 2707 patriarchatum

703 2729 915 2774 evectus
956 2721 1214 2774 Antonius
1254 2734 1353 2775 est.
1396 2726 1466 2775 Ita
1495 2724 1764 2780 Crdrenus
1900 2729 2222 2796 Compendio

708 2814 1042 2866 historiarum
1081 2830 1093 2864 :
1143 2835 1160 2864 ι
1201 2816 1351 2867 Anno
1403 2817 1698 2884 insequenti
1745 2821 1908 2887 (ante
1973 2823 2222 2877 retulerat

706 2915 788 2953 tes
820 2913 994 2968 gestas
1036 2903 1112 2970 τῷ
1155 2905 1387 2972 δευτέρῳ
1414 2907 1517 2957 ἔτει
1552 2908 1645 2972 τῆς
1686 2908 1952 2976 βασιλείας
1981 2907 2218 2974 Λέοντος,

703 3003 842 3040 anno
885 2993 1118 3047 secmido
1167 2993 1373 3061 imperii
1422 2994 1651 3063 Leonis)
1707 2999 2000 3072 insequenti
2040 3001 2217 3070 igitur,

2323 1947 2447 2000 pore
2499 1931 2688 1985 Leonis
2735 1947 2848 1985 eam
2899 1933 3130 1984 rexeriut
3173 1930 3482 1991 Ecclesium,
3534 1931 3669 1984 haud
3707 1933 3842 1982 satis

2319 2028 2438 2088 apte
2466 2020 2685 2072 invicem
2725 2029 3044 2087 congruunt.
3097 2017 3297 2070 Dicitur
3347 2019 3486 2069 enim
3538 2018 3840 2083 Stephanus

2320 2107 2523 2159 sedisse
2576 2121 2744 2158 annos
2775 2107 2826 2158 ὅ.
2892 2123 2910 2155 t
2964 2104 3226 2157 Antonius
3253 2105 3308 2165 2,
3358 2103 3606 2156 Nicolaus
3660 2103 3842 2172 Myszio

2319 2208 2412 2246 cus
2440 2193 2522 2252 11,
2554 2207 2616 2244 eo
2663 2192 2829 2259 ejecto
2867 2191 3180 2259 Euthymius
3225 2206 3394 2243 annos
3441 2191 3493 2252 5,
3549 2205 3753 2242 menses
3783 2190 3839 2248 6,

2319 2281 2640 2346 tandemque
2671 2289 2877 2331 mortuo
2906 2279 3098 2339 Leone,
3128 2281 3279 2345 pulso
3298 2279 3603 2347 Euthymio,
3625 2279 3842 2330 restitu-

2323 2378 2406 2421 tus
2433 2368 2700 2421 Nicolaus.
2742 2369 2944 2420 AnnoI
2983 2366 3195 2428 Leonis,
3227 2368 3425 2420 Christi
3485 2367 3635 2430 I586,
3669 2368 3717 2417 in
3750 2381 3842 2419 so-

2319 2453 2447 2506 lium
2477 2453 2823 2521 patriarchale
2853 2463 3065 2506 evectus
3085 2464 3166 2506 est
3191 2453 3509 2520 Stephanus,
3536 2453 3844 2517 exturbato,
3937 2501 3942 2504 .

2318 2543 2407 2611 qui
2447 2557 2709 2610 nunquam
2752 2542 2800 2595 id
2846 2543 3074 2611 legitime
3108 2543 3428 2600 obtinuerat,
3478 2541 3667 2593 Photio
3700 2560 3713 2593 :
3744 2542 3845 2594 de-

2318 2631 2478 2685 cessit
2503 2629 2800 2698 Stephanus
2838 2633 2992 2700 tertio
3018 2640 3137 2698 post
3161 2645 3322 2691 anno,
3353 2631 3504 2684 1388.
3541 2632 3831 2692 Antonius,

2319 2720 2362 2774 si
2392 2720 2524 2773 duos
2550 2719 2804 2772 duntaxat
2848 2718 2985 2772 sedit
3011 2733 3199 2782 annos,
3240 2719 3436 2772 obiisse
3471 2719 3724 2772 dicendus
3753 2728 3842 2772 est

2321 2808 2472 2871 I590,
2506 2808 2581 2861 uti
2612 2806 2870 2860 Baronius
2906 2807 3088 2860 statuit
3122 2825 3134 2857 :
3170 2821 3294 2875 ergo
3336 2805 3461 2859 1401
3516 2808 3714 2874 ejectus
3743 2805 3843 2859 Ni-

2319 2897 2519 2958 colaus,
2560 2911 2681 2950 cum
2725 2897 2944 2950 sedisset
2982 2910 3150 2949 annos
3182 2896 3266 2948 11.
3317 2897 3594 2963 Sequetur,
3641 2897 3843 2966 Euthy-

2321 2987 2485 3038 mium
2512 2985 2598 3039 cui
2627 2986 2659 3039 5
2686 2985 2824 3038 sedis
2846 2985 2993 3046 anni,
3019 2999 3226 3038 menses
3255 2985 3308 3047 6,
3343 2986 3662 3048 tribuuntur,
3695 3000 3844 3040 anno

704 3077 814 3130 sive
841 3081 990 3131 tertio
1015 3081 1220 3146 imperii
1244 3082 1359 3148 ejus
1389 3099 1550 3146 anno,
1574 3084 2222 3156 Stephanusimperatoris
2246 3095 2288 3156 (ζ
2321 3074 2420 3127 906
2458 3073 2662 3141 [misum
2698 3088 2834 3135 esse:
2881 3074 3020 3140 fl“0d
3065 3073 3276 3125 demum
3327 3074 3421 3126 9“
3457 3074 3667 3140 δεοίάίῑο
3715 3089 3841 3129 cum

706 3166 864 3218 frater
893 3183 953 3220 ac
995 3172 1294 3236 patriarcha
1333 3175 1562 3225 excessit
1600 3189 1627 3224 e
1657 3175 1784 3226 vita.
1816 3175 1868 3226 In
1904 3176 2016 3242 ejus
2046 3177 2216 3230 locum

703 3257 977 3310 ordinatus
1039 3268 1118 3311 est
1169 3260 1470 3326 patriarcha
1530 3262 1824 3327 Antonius,
1872 3275 2220 3333 cognomento

703 3346 944 3398 Cauleas.
983 3367 999 3397 ι
1027 3348 1271 3401 Mendose
1297 3351 1394 3404 ista
1420 3353 1470 3403 in
1501 3349 1816 3418 Curopalale
1844 3355 1996 3406 vertit
2024 3354 2223 3409 Gabios

707 3436 786 3488 his
822 3438 995 3489 verbis
1026 3453 1038 3488 :
1075 3457 1092 3488 ‹
1132 3439 1432 3506 Insequenti
1479 3455 1618 3493 anno
1665 3440 1960 3508 Stephanus
1993 3444 2220 3510 impera-

705 3526 835 3576 toris
874 3525 1051 3588 frater,
1099 3536 1151 3577 et
1195 3528 1493 3592 patriarcha
1533 3539 1869 3582 excesserunt
1912 3545 1941 3583 e
1987 3532 2092 3583 vita
2127 3546 2139 3580 :
2170 3531 2222 3583 in

703 3616 855 3680 cujus
909 3617 1081 3668 locum
1131 3617 1382 3670 suffectus
1441 3628 1518 3670 est
1561 3620 1820 3671 Antonius
1874 3629 2224 3688 cognomento

704 3707 944 3758 Cauleas.
982 3723 998 3753 ι
1033 3706 1212 3758 Graece
1238 3715 1288 3757 et
1327 3707 1412 3758 hic
1452 3707 1695 3767 Καυλέας
1738 3709 2029 3772 appellatur
2067 3723 2096 3759 a
2129 3708 2225 3760 Ce-

705 3795 864 3844 dreno
895 3807 956 3844 ac.
996 3791 1198 3843 Zonara
1229 3800 1279 3844 et
1310 3792 1360 3843 in
1396 3793 1544 3846 Serie
1591 3774 1958 3859 episcoporum
1988 3792 2222 3861 Byzantii

706 3883 776 3932 lih
827 3898 897 3934 iv.
925 3881 1068 3934 Iuris
1091 3881 1426 3944 Grmcorum;
1455 3891 1506 3932 et
1536 3881 1835 3948 Stephanus
1865 3881 2027 3934 frater
2062 3883 2224 3949 impe-

704 3972 893 4022 ratoris
915 4009 928 4031 ,
974 3971 1110 4022 idem
1161 3981 1213 4022 et
1255 3971 1552 4037 patriarcha
1590 3981 1735 4033 erat,
1768 3972 1842 4024 uti
1873 3971 1983 4037 ipse
2015 3987 2224 4038 quoque

704 4060 1045 4126 Curopalaies
1094 4058 1250 4125 paulo
1289 4068 1412 4112 ante
1451 4060 1736 4122 retulerat;
1778 4070 1828 4112 et
1861 4060 1995 4127 apud
2029 4061 2222 4113 Cedre-

707 4164 829 4199 num
861 4160 940 4200 est
973 4149 1194 4199 ἀπέλιπε
1220 4148 1497 4219 umquam
1521 4151 1731 4201 excessit
1758 4167 1784 4201 e
1813 4151 1949 4211 vita;
1981 4164 2083 4202 non
2126 4165 2222 4202 au-

708 4247 808 4285 tem
867 4245 1201 4287 excesserunt.
1260 4236 1496 4289 Mortuus
1544 4239 1752 4288 videtur
1799 4237 2097 4302 Stephanus
2140 4239 2224 4289 die

711 4325 772 4375 17
807 4325 948 4387 Maii,
993 4341 1097 4391 quo
1126 4341 1152 4377 a
1201 4325 1397 4378 Grzecis
1437 4326 1536 4377 coli
1569 4326 1752 4378 scribit
1790 4325 2044 4380 Baronius
2092 4335 2130 4378 t.
2155 4325 2220 4377 Χ.

707 4413 894 4462 Annal.
928 4414 990 4463 ad
1026 4430 1113 4463 an.
1146 4413 1264 4474 888,
1302 4431 1352 4464 ιι.
1388 4414 1436 4465 8.

777 4501 831 4549 4.
873 4500 979 4550 Non
1013 4505 1140 4552 sats
1173 4501 1446 4566 perspicue
1486 4499 1710 4550 traditur
1737 4515 1841 4565 quo
1872 4514 2010 4551 anno
2044 4499 2226 4552 deces-

710 4586 834 4635 seiit
864 4586 914 4635 Β.
957 4587 1238 4644 Antonius,
1291 4596 1379 4635 aut
1413 4594 1611 4651 quanto
1655 4592 1888 4649 tempore
1936 4585 2224 4636 Ecclesiam

711 4674 849 4723 illam
890 4673 1291 4724 administrarit.
1342 4673 1596 4724 liaronius
1646 4674 1696 4723 in
1743 4675 1935 4724 Annot.
1983 4673 2047 4724 ad
2086 4672 2224 4725 Mar-

710 4761 862 4826 tyrul.
922 4769 972 4810 et
1022 4759 1269 4821 Vossius,
1324 4759 1412 4809 lib.
1463 4773 1519 4819 ιι,
1563 4759 1632 4808 De
1690 4758 1958 4810 Historicis
2013 4757 2224 4822 Grazcis,

711 4862 824 4912 cap.
857 4846 943 4906 26,
977 4848 1215 4898 scribunt
1246 4862 1385 4897 anno
1414 4847 1539 4898 1101
1577 4844 1795 4898 obiisse.
1829 4845 2082 4898 Videntur
2109 4863 2225 4899 eam

710 4939 1013 5002 opinionem
1057 4938 1298 4989 hausisse
1330 4951 1399 4998 ex
1439 4937 1772 5002 Curopalate,
1823 4937 1910 5003 qui
1949 4945 2225 5003 postquam

713 5027 924 5092 scripsit
965 5045 980 5073 ι
1023 5028 1124 5077 vita
1158 5025 1339 5077 functo
1383 5026 1679 5091 patriarcha
1713 5026 1962 5084 Antonio,
1997 5026 2230 5079 declara-

714 5123 821 5162 tum
866 5112 1135 5165 Nicolaum
1180 5112 1492 5180 Mysticum;
1534 5129 1550 5160 ι
1591 5112 1641 5163 in
1680 5114 1860 5164 eadem
1908 5115 2092 5180 pagina
2122 5114 2227 5180 (uti

715 5211 764 5252 et
795 5200 1085 5263 Cedrenus,
1115 5217 1268 5264 quem
1300 5211 1552 5268 perpetuo
1583 5201 1856 5269 sequitur)
1888 5213 2084 5263 narrat,
2132 5203 2229 5252 itii-

718 5300 1010 5356 peratorem
1045 5290 1325 5351 Leonem,
1373 5291 1458 5343 die
1526 5292 1866 5344 Peuteeostes
1927 5292 1977 5340 in
2034 5292 2229 5356 templo

720 5387 774 5433 S.
800 5383 970 5443 Mucii,
994 5382 1128 5433 fuste
1141 5383 1206 5433 ab
1230 5380 1442 5433 homine
1460 5381 1662 5432 nefario
1678 5381 1838 5433 fuisse
1864 5380 2229 5446 vulneratum;

718 5480 874 5536 atque.
905 5472 948 5520 ei
973 5487 999 5520 a
1029 5472 1195 5521 Mario
1228 5469 1483 5522 monacho
1508 5470 1834 5535 praedictum,
1855 5469 2031 5519 decem
2061 5471 2230 5522 adhuc

720 5576 886 5613 annos
919 5561 1200 5613 victurum.
1245 5562 1313 5612 Ita
1357 5562 1496 5611 enim
1531 5558 1737 5611 videtur
1779 5558 1896 5624 quis
1932 5558 2228 5611 ratiorinari

725 5668 894 5724 posse.
913 5652 1053 5706 Obiit
1083 5653 1188 5706 Leo
1205 5669 1291 5706 an.
1315 5653 1404 5706 Hi
1421 5653 1467 5718 I,
1488 5651 1663 5705 decem
1682 5649 1940 5728 postillud
1961 5658 2228 5716 acceptum

2260 4401 2299 4452 Ι)
2330 4407 2565 4460 Zonaras
2610 4416 2662 4458 et
2717 4406 2988 4459 Cedrenus
3037 4405 3273 4458 scribunt

2323 3162 2498 3216 Leone
2550 3171 2792 3224 mortuo,
2845 3162 3124 3229 imperium
3176 3162 3461 3230 capessivit
3516 3163 3841 3217 Alexander.

2322 3253 2519 3308 Desunt
2547 3256 2702 3322 igitur
2731 3269 2951 3306 numero
2983 3269 3240 3306 annorum
3276 3255 3490 3307 Antonii
3532 3255 3654 3307 anni
3682 3256 3847 3322 quin-

2321 3358 2422 3409 que
2463 3351 2515 3396 et
2543 3357 2750 3396 menses
2781 3342 2981 3406 aliquot
3017 3360 3029 3393 :
3064 3358 3234 3410 neque
3267 3344 3408 3395 enim
3440 3344 3643 3410 uspiam
3673 3343 3847 3395 inter-

2323 3433 2468 3499 regni
2497 3433 2691 3484 mentio
2720 3431 2794 3494 fit,
2821 3433 2948 3499 quin
2974 3446 3178 3498 semper
3208 3447 3310 3485 uno
3338 3442 3546 3486 mortuo
3571 3442 3660 3485 aut
3686 3433 3850 3501 pulso

2322 3525 2455 3576 alter
2479 3531 2689 3576 creatus
2721 3522 2788 3575 sit
2812 3522 3131 3590 patriarcha.
3824 3535 3826 3537 ‘

2392 3612 2441 3667 6.
2487 3611 2654 3666 Aliter
2703 3612 2922 3678 patescit
2967 3626 3134 3675 error,
3180 3612 3222 3664 si
3275 3611 3345 3663 ita
3393 3612 3777 3680 argumenteris
3829 3632 3846 3667 :

2323 3701 2511 3752 Pulsus
2559 3707 2638 3752 est
2697 3698 3011 3765 Euthymius
3043 3713 3182 3750 anno
3237 3699 3359 3760 911,
3423 3714 3602 3752 mense
3655 3698 3848 3764 Junio,

2323 3796 2532 3840 mortuo
2562 3785 2757 3840 Leone.
2789 3786 2889 3839 Sed
2928 3796 3040 3839 erat
3069 3799 3241 3854 autem
3268 3802 3434 3840 annos
3456 3788 3508 3850 5,
3549 3803 3754 3842 menses
3789 3791 3849 3853 6,

2322 3876 2388 3928 ab
2417 3873 2572 3928 initio
2603 3890 2790 3944 nempe
2827 3875 2951 3927 anni
2997 3875 3117 3928 906.
3157 3875 3293 3944 Ergo
3325 3885 3449 3930 tunc
3478 3879 3702 3944 primum
3734 3877 3855 3944 eje-

2321 3974 2439 4017 cius
2466 3970 2582 4018 erat
2625 3961 2902 4025 Nieolaus,
2929 3973 3232 4027 postquam
3287 3978 3452 4016 annos
3489 3964 3548 4015 11
3593 3963 3853 4018 Ecclesia:

2325 4051 2637 4120 praefuisset,
2681 4052 2747 4105 ab
2797 4052 2918 4103 anni
2963 4051 3065 4103 895
3100 4042 3414 4113 Februario,
3467 4053 3618 4114 cujus
3665 4052 3747 4103 die
3781 4055 3856 4105 12

2323 4143 2528 4197 obierat
2565 4142 2816 4197 decessor
2860 4141 2974 4209 ejus
3021 4139 3302 4194 Antonius.
3338 4138 3568 4207 Denique
3597 4156 3715 4192 cum
3749 4156 3852 4196 an.

2323 4232 2443 4295 912,
2469 4232 2765 4284 exstinctus
2791 4241 2871 4284 est
2903 4231 3220 4291 Alexander,
3247 4228 3624 4281 Constantinus
3653 4227 3859 4283 Leonis

2327 4319 2465 4370 filius
2497 4317 2781 4385 septimum
2825 4318 2933 4385 jam
2986 4333 3182 4369 annum
3235 4318 3406 4368 aetatis
3451 4317 3713 4391 explebat,
3767 4319 3858 4370 uti

3332 4422 3343 4456 :
3399 4420 3553 4472 quem
3626 4406 3861 4472 proinde

2326 4508 2505 4551 aestate
2533 4498 2656 4551 anni
2686 4497 2786 4550 905
2816 4506 2996 4549 natum
3029 4496 3192 4548 fuisse
3234 4503 3458 4562 oportet.
3490 4496 3645 4562 Atqui
3684 4511 3811 4548 eum
3837 4536 3856 4559 ,

2326 4594 2457 4638 teste
2485 4583 2746 4646 Cedreno,
2783 4583 3068 4649 baptizatit
3096 4583 3148 4634 in
3181 4583 3386 4635 Sanctae
3419 4583 3628 4647 Sophia:
3651 4584 3861 4649 templo

2326 4676 2592 4730 Nicolans.
2627 4675 2750 4728 Dein
2784 4675 2916 4727 idem
2951 4676 3277 4742 imperatori,
3308 4675 3428 4740 quia
3460 4674 3623 4736 Zoen,
3650 4688 3766 4740 qua:
3799 4677 3860 4728 ei

2327 4780 2424 4819 nec
2459 4763 2680 4816 necdum
2731 4763 2883 4814 thoro
2910 4762 3091 4828 juncta
3153 4760 3315 4812 ﬁlium
3347 4761 3491 4812 illum
3536 4771 3818 4828 pepererat
3842 4803 3861 4828 ,

2327 4855 2425 4907 sibi
2456 4863 2694 4920 quartam
2719 4853 2827 4917 jam
2867 4851 3143 4918 conjugem
3195 4849 3516 4915 eopulasset,
3550 4859 3704 4915 atque
3731 4852 3858 4905 Au-
3936 4883 3945 4890 -

2328 4951 2532 5007 gustam
2556 4949 2878 5002 coronasset,
2905 4942 3068 4991 sacris
3093 4939 3361 4990 interdixit
3389 4937 3666 5001 Nicolaus;
3693 4956 3862 4992 cum-

2328 5045 2432 5097 que
2471 5031 2676 5082 exorai-i
2724 5044 2800 5089 se,
2853 5039 2908 5081 ut
2950 5044 3068 5080 eum
3104 5030 3151 5078 in
3195 5028 3480 5078 Eeclesiam
3523 5029 3860 5093 admitteret,

2329 5119 2486 5171 nullis
2513 5119 2754 5184 precibus
2796 5127 3079 5183 pateretur,
3115 5115 3226 5180 ipse
3249 5129 3276 5166 e
3302 5114 3548 5166 cathedra
3571 5117 3867 5172 submotus

2328 5208 2476 5259 initio
2517 5208 2641 5258 anni
2689 5208 2809 5269 906,
2857 5221 2974 5264 cum
3026 5205 3249 5257 sedisset
3287 5218 3454 5256 annos
3494 5205 3576 5266 11,
3614 5205 3679 5255 ab
3705 5220 3868 5259 anno

2328 5311 2515 5361 nempe
2530 5296 2647 5359 895,
2671 5312 2774 5363 quo
2794 5297 2987 5349 obiisse
3011 5293 3292 5348 Antonium
3316 5303 3540 5360 oportet,
3570 5302 3864 5359 postquam

2330 5384 2614 5438 Ecclesiam
2647 5387 2989 5453 gubernasset
3028 5398 3196 5435 annos
3226 5384 3279 5445 7,
3311 5383 3401 5449 qui
3434 5397 3593 5444 anno,
3627 5390 3680 5433 ut
3705 5383 3868 5435 dixi-

2331 5490 2466 5536 mus,
2500 5475 2597 5528 888
2627 5473 2892 5541 Stephano
2925 5475 3094 5524 fuerat
3125 5473 3396 5524 suffectus.

2402 5563 2449 5613 7.
2490 5563 2759 5616 Cedrenus
2787 5573 2837 5614 et
2868 5562 3209 5628 Curopalates
3247 5561 3418 5613 solum
3465 5570 3701 5622 narrant,
3735 5561 3870 5615 An-

2333 5655 2477 5707 tonio
2524 5666 2732 5707 mortuo
2777 5653 3103 5720 designatum
3151 5651 3508 5719 patriarcbam
3566 5651 3866 5713 Nicolaum
