4088 6332
228 380 313 444 1θῖ

957 387 1128 445 VITA
1167 388 1227 446 S.
1267 388 1573 449 ANTONII
1611 392 1913 451 CAULE/E
1950 394 2435 454 PATRIARCH/E
2473 399 2579 458 CP.

3254 398 3352 458 182

224 490 506 558 Mysticum,
557 498 681 556 quot
716 489 801 542 ille
831 490 1027 565 sederit
1072 507 1227 546 annis
1259 508 1361 545 non
1396 496 1721 561 exprimunt.
1752 499 1800 555 Α
1890 497 1942 549 8.
1980 497 2126 549 Edita
2174 508 2255 549 est
2294 514 2321 550 a
2368 499 2659 566 Lipomano
2693 511 2820 554 tom.
2852 500 2913 562 V,
2954 500 3025 554 De
3062 500 3188 554 Vitis
3227 502 3301 555 SS
3330 545 3348 571 ,

224 578 547 644 Expressisse
571 577 617 629 id
640 577 873 631 Zonaras
903 579 1125 642 videtur,
1150 582 1239 633 sed
1267 580 1472 633 incuria
1501 582 1721 643 librarii,

224 665 291 714 vel
322 664 513 716 codicis
542 664 746 729 antiqui
790 664 939 723 vitio.
971 664 1022 716 id
1066 665 1117 716 in
1151 665 1304 737 editis
1335 668 1726 735 exemplaribus

222 750 485 801 omissum.
537 748 716 802 Graece
768 749 839 802 ita
887 749 1131 803 habetur.
1162 751 1264 803 Τοῦ
1300 753 1404 825 γὰρ
1445 754 1723 806 Ἀντωνίου

222 837 379 903 θρόνῳ
419 837 512 903 τῆς
540 837 1140 900 Κωνσταντινουτιόλεακ
1168 839 1515 907 ὲπιζήσαντος
1538 842 1721 910 iam...

223 927 303 975 ml.
340 926 690 991 μεταθεμένου
731 925 827 993 τὴν
884 925 1047 995 ζωὴν,
1092 928 1120 979 ὁ
1160 929 1425 990 Μυστικὸς
1469 929 1726 991 Νικόλαος

224 1015 537 1081 πατριάρχης
562 1016 1007 1082 ἐκεχειροτόνητο.
1040 1014 1265 1069 Wolﬁus
1295 1018 1451 1069 vertit
1479 1035 1491 1070 :
1535 1037 1552 1066 ι
1590 1018 1721 1072 Nam

221 1116 328 1151 cum
371 1100 629 1154 Antonius
676 1102 811 1154 Sede
864 1102 1449 1170 Constantinopolitano
1501 1107 1719 1160 annis...

220 1188 490 1255 gubernata
514 1190 853 1253 decessisset,
883 1188 1391 1261 MysticusNicolaus
1424 1196 1722 1261 patriarcha

219 1286 290 1328 est
317 1278 633 1349 designatus.
674 1297 691 1328 ι
733 1278 881 1341 Quod
922 1290 1099 1332 autem
1149 1281 1201 1333 in
1254 1282 1412 1335 citata
1440 1281 1589 1335 Serie
1625 1298 1721 1351 pa-

220 1364 553 1415 triarcharum
575 1366 945 1419 cantendimus
980 1368 1154 1421 inesse
1186 1370 1565 1433 mendum,.ita
1596 1386 1725 1425 con-

218 1452 388 1516 tigisse
418 1452 621 1505 videtur
665 1454 806 1521 quod
842 1469 935 1523 pro
970 1457 1011 1517 ζ’
1045 1458 1113 1508 sit
1144 1456 1191 1525 β’
1217 1458 1481 1524 positum;
1507 1461 1587 1512 vel
1628 1476 1723 1528 pro

216 1539 317 1598 Illi,
347 1542 535 1605 solum,
569 1542 663 1594 M.
686 1542 817 1595 Cum
854 1544 1084 1610 alioquin
1117 1555 1301 1598 auctor
1330 1546 1547 1600 forsitan
1581 1559 1722 1603 recte

214 1630 471 1699 scripserit
518 1646 531 1682 :
576 1629 855 1691 Ἀντὼνως
903 1633 933 1683 ὁ
974 1633 1238 1697 Καυλέας,
1288 1635 1378 1686 ἐπὶ
1421 1634 1511 1687 τοῦ
1558 1638 1719 1689 αὑτοῦ

214 1716 419 1777 Λέοντος
443 1718 520 1769 ἔτι
539 1717 583 1779 ζ’
607 1719 686 1771 vel
712 1719 800 1786 ἐτη
830 1721 933 1771 Πιι.
966 1720 1231 1777 Antonius
1258 1722 1503 1788 Cauleas,
1533 1727 1717 1780 eodem

214 1801 376 1857 Leone
411 1806 716 1873 imperante,
750 1822 916 1861 annos
946 1809 996 1862 6.

1825 598 1885 635 ac
1910 585 2028 635 dein
2068 600 2095 635 a
2127 584 2304 645 Surio,
2342 604 2359 634 ι
2392 585 2690 654 Nicephori,
2727 590 3017 642 beatissimi
3047 591 3348 659 philosophi

1824 680 1872 722 ct
1898 672 2143 733 oratoris,
2175 673 2357 726 Oratio
2384 674 2637 739 funebris,
2679 691 2766 729 seu
2808 678 2923 729 Vita
2952 679 3193 731 encomio
3218 696 3342 732 con-

1825 765 1986 820 texta,
2014 760 2187 825 magni
2220 760 2355 811 inter
2386 760 2473 812 Dei
2510 762 2787 827 pontifices
2827 774 2878 814 et
2908 764 3237 817 admirabilis
3265 767 3349 817 in-

1824 854 1901 896 ter
1924 846 2247 911 patriarchas
2288 848 2518 899 Antonii.
2560 849 2728 913 Quam
2760 860 2811 903 et
2852 868 2949 904 nos
2983 853 3105 905 inde
3142 853 3224 905 hic
3253 854 3351 906 da-

1825 947 1959 985 mus.
1993 934 2122 997 Quis
2154 936 2239 987 ille
2284 934 2609 1002 Nicephorus
2648 937 2823 999 fuerit,
2869 948 2922 990 et
2953 954 3078 992 num
3112 941 3211 992 alia
3236 942 3348 991 edi-

1823 1022 1957 1073 derit
1984 1037 2169 1088 opera,
2220 1039 2479 1087 nusquam
2511 1026 2755 1093 leginr-zs.
2798 1025 3013 1079 Vixisse
3046 1030 3143 1079 sub
3174 1028 3349 1079 Leone

1822 1092 2066 1176 sapiente
2090 1111 2241 1178 imp.,
2274 1114 2370 1165 sub
2395 1127 2501 1179 quo
2525 1092 2579 1165 et
2602 1116 2879 1179 Antonius,
2907 1130 2971 1168 ex
2999 1116 3109 1183 ipsa
3140 1127 3346 1170 constat

1822 1200 2083 1251 oratione.

1890 1288 1941 1340 9.
1978 1284 2107 1339 Vita:
2137 1285 2192 1339 S.
2227 1287 2442 1341 Antonii
2469 1289 2865 1357 compendium,
2898 1306 2963 1344 ex
3010 1292 3193 1345 eadem
3218 1307 3344 1344 con-

1822 1376 2092 1428 cinnatum
2128 1378 2387 1440 oratione,
2418 1385 2593 1432 exstat
2622 1380 2673 1430 in
2708 1378 2943 1445 Menaeis,
2974 1382 3028 1432 in
3054 1396 3161 1449 quo
3188 1381 3349 1433 fuisse

1820 1464 1936 1531 ejus
1961 1466 2175 1519 nomine
2200 1468 2579 1521 monasterium
2621 1468 2836 1535 aliquod
2866 1469 3152 1530 indicatur,
3186 1471 3252 1524 ab
3284 1485 3349 1523 eo

1821 1552 2065 1607 fortassis
2098 1554 2393 1619 conditum,
2434 1564 2525 1609 aut
2572 1556 2623 1608 in
2663 1570 2768 1623 quo
2817 1556 2931 1623 ipse
2978 1559 3347 1612 monachicum

1822 1642 2054 1693 habitum
2101 1641 2230 1694 olim
2274 1652 2603 1711 susceperat.
2638 1642 2711 1696 Ita
2748 1644 2946 1696 habent
2972 1642 3167 1697 Henna
3198 1662 3213 1697 :
3246 1647 3347 1697 Te-

1820 1725 1987 1777 λεῖται
2019 1727 2072 1779 δὲ
2094 1728 2125 1795 ή
2150 1727 2313 1778 αὑτοῦ
2338 1727 2587 1791 σύνταξις
2622 1731 2763 1797 ιντῇ
2794 1730 3131 1800 αὺτοῦ-μονῇ.
3168 1748 3187 1781 r
3221 1730 3350 1794 Agi-

1820 1825 1904 1867 tur
1932 1818 2047 1883 ejus
2080 1820 2516 1872 eomtnemoratio
2540 1818 2593 1871 in
2627 1819 2800 1887 ipsius
2826 1821 3168 1874 monasterio.
3206 1834 3227 1871 ι

1044 2025 3319 2050 mw

695 2177 1141 2269 ORATIO
1223 2182 1341 2267 IN
1415 2183 1505 2269 S.
1577 2181 2203 2270 ANTONIUM
2280 2186 2809 2275 CAULEAM

891 2404 1656 2519 NICEPHOBI
1743 2410 2625 2523 PHILOSOPHI.

482 2750 838 2804 EXORDIUM
878 2750 963 2805 AC
1000 2751 1420 2809 PBOPOSITIO.

268 2904 311 2954 l.
349 2900 482 2954 Fieri
512 2916 637 2971 ergo
668 2916 772 2954 non
822 2912 1047 2969 poterat,
1094 2912 1151 2955 ut
1186 2920 1370 2957 eorum
1402 2906 1494 2974 qui
1524 2904 1574 2959 in
1611 2907 1711 2962 ﬁde

210 2996 336 3057 prius
386 2992 623 3058 praeclari
669 2992 1009 3054 exstiterunt,
1068 3007 1171 3044 non
1227 3010 1414 3048 rursus
1473 3006 1704 3063 tempus,

208 3080 391 3132 etiamsi
434 3079 698 3133 videretur
723 3080 1091 3145 consenuisse,
1121 3079 1280 3135 {cetus
1327 3083 1526 3137 similes
1554 3084 1708 3137 aﬂ'er-

209 3170 301 3223 ret,
327 3174 375 3217 et
404 3178 495 3232 per
523 3173 819 3218 extremum
847 3174 1074 3233 partum,
1108 3168 1267 3221 rebus
1293 3169 1423 3236 ipsis
1453 3180 1507 3223 et
1529 3171 1703 3235 factis,

209 3254 588 3316 praecedentium
635 3252 903 3307 fructuum
950 3256 1323 3322 comprobaret
1373 3258 1707 3312 admirabili-

208 3347 362 3394 tatem.
390 3340 522 3394 Cum
563 3341 709 3393 enim
748 3343 898 3394 ﬁctor
936 3344 1004 3395 ab
1033 3343 1184 3397 initio
1214 3344 1498 3400 humanam
1546 3348 1709 3401 fabri-

207 3438 334 3481 catus
360 3437 495 3481 esset
529 3438 793 3494 naturam,
814 3439 869 3483 et
896 3431 1155 3485 bonorum
1184 3434 1445 3489 seminum
1483 3437 1529 3489 ei
1564 3438 1705 3489 indi-

204 3520 346 3571 tlisset
369 3519 668 3582 materiam,
700 3534 804 3571 non
829 3520 951 3573 sivit
983 3531 1040 3573 ut
1065 3536 1127 3575 ea
1162 3539 1283 3576 cum
1319 3534 1552 3592 tempore
1576 3543 1705 3580 con-

205 3617 497 3671 senesceret,
548 3609 640 3663 sed
666 3618 722 3663 ut
766 3610 816 3662 in
862 3610 977 3664 dies
1025 3613 1419 3677 repubesceret,
1464 3624 1516 3667 et
1546 3614 1706 3669 ferret

205 3693 341 3749 iustus
384 3712 667 3763 germanos
714 3700 1157 3765 pracedentibus,
1212 3718 1454 3769 superna:
1504 3721 1703 3771 c0gna~

204 3778 339 3828 tionis
368 3778 583 3831 minime
621 3780 963 3835 adulteratam
996 3786 1324 3840 nobilitatem
1354 3790 1407 3841 in
1440 3804 1498 3841 se
1530 3790 1705 3843 feren-

204 3872 283 3915 tes.
316 3864 487 3921 Virtus
510 3868 653 3921 enim
688 3885 791 3923 non
823 3873 1019 3940 accipit
1070 3876 1460 3930 dimensionem
1510 3894 1573 3931 ex
1615 3894 1699 3943 eo,

202 3953 319 4016 quod
354 3966 430 4009 est
458 3965 698 4025 tempore
730 3962 996 4027 posterius
1026 3972 1118 4016 aut
1156 3965 1322 4032 prius,
1361 3968 1451 4019 sed
1478 3983 1542 4021 ex
1571 3984 1703 4035 pura

200 4049 242 4092 et
262 4042 555 4114 incorrupta
585 4059 757 4102 mente
792 4064 1002 4113 eorum,
1046 4054 1138 4119 qui
1182 4069 1238 4107 se
1270 4063 1411 4109 recte
1458 4067 1651 4125 gerunt
1684 4079 1697 4113 :

201 4132 433 4193 quomodo
462 4133 528 4195 is,
566 4135 659 4201 qui
705 4152 845 4189 nunc
877 4142 1118 4193 aratione
1152 4142 1450 4197 laudandus
1477 4154 1558 4197 est
1583 4162 1703 4214 pro-

200 4219 395 4282 positus,
423 4222 512 4290 qui
536 4224 860 4290 quotidianis
882 4229 1277 4284 accessionibus
1299 4233 1539 4286 ascendit
1564 4245 1702 4291 totas

201 4306 342 4359 scalas
372 4310 646 4371 virtutum,
682 4322 732 4365 et
764 4316 1000 4377 pervenit
1035 4318 1098 4369 ad
1128 4334 1418 4374 summum.

251 4392 295 4441 Ξ.
329 4392 424 4446 Sed
468 4406 699 4460 oportet,
749 4401 891 4462 huic,
940 4404 1029 4469 qui
1088 4420 1178 4472 per
1218 4414 1381 4460 totam
1415 4411 1575 4463 vitam
1641 4412 1691 4464 in

198 4478 365 4533 virtute
398 4497 455 4535 se
483 4489 741 4546 exercuit,
774 4506 865 4541 eos
890 4494 979 4557 qui
1018 4508 1110 4559 per
1142 4504 1303 4545 totam
1335 4498 1495 4549 vitam
1530 4500 1583 4551 in
1614 4502 1694 4553 di~

198 4568 321 4618 cendi
344 4568 593 4623 facultate
624 4576 854 4627 studium
890 4590 1196 4643 posuerunt,
1232 4591 1517 4638 contexere
1544 4603 1693 4642 coro-

199 4669 312 4719 nam,
344 4661 426 4725 qni
465 4660 680 4728 quidem
714 4674 839 4716 sunt
868 4666 1048 4732 lingua
1079 4669 1202 4721 boni
1250 4680 1302 4722 et
1334 4682 1575 4738 potentes
1602 4695 1616 4741 ;
1640 4687 1693 4730 et

199 4742 416 4798 admirari
458 4764 543 4801 res
577 4751 832 4815 prmclare
866 4764 919 4805 et
962 4765 1106 4807 recte
1151 4756 1216 4809 ab
1252 4772 1315 4810 eo
1362 4769 1570 4827 gestas;
1608 4779 1690 4817 me

197 4838 337 4883 autem
369 4837 578 4889 silentio
609 4839 762 4909 longo
791 4856 850 4894 os
878 4858 1052 4895 meum
1084 4847 1457 4913 comprimere,
1498 4861 1551 4903 et
1591 4854 1689 4905 lin-

200 4932 323 4980 gnam
352 4922 561 4977 vinculo
578 4928 851 4992 continere
877 4947 890 4982 :
918 4940 971 4982 et
1000 4931 1125 4983 dum
1157 4934 1489 4989 aliioratoris
1513 4940 1687 4993 otlicio

199 4999 529 5070 iungerentur,
562 5028 643 5066 me
674 5014 725 5066 in
750 5030 1027 5069 numerum
1058 5020 1241 5071 relerri
1268 5025 1569 5077 auditorum
1594 5046 1607 5090 ;
1636 5037 1687 5080 et

198 5103 342 5143 eorum
391 5098 602 5161 quidem
639 5105 906 5157 revolvere
951 5108 1281 5173 memoriam,
1338 5126 1561 5177 quorum
1600 5116 1680 5166 in-

199 5183 360 5242 spectio
381 5193 429 5236 et
446 5190 773 5253 experientia
796 5194 890 5260 (l),
915 5208 1019 5246 non
1043 5196 1199 5264 longo
1222 5198 1416 5252 abhinc
1445 5211 1683 5269 tempore

200 5277 367 5331 poterat
403 5290 521 5327 esse
570 5282 853 5345 magistra,
904 5295 962 5337 ut
1016 5286 1219 5337 veritati
1255 5302 1460 5352 possem
1503 5308 1680 5347 verum

201 5368 240 5410 et
277 5362 469 5417 ﬁrmum
528 5365 667 5418 ferre
723 5373 1114 5437 testimonium;
1168 5392 1349 5430 eorum
1387 5396 1511 5434 vero
1564 5400 1683 5452 quae

1816 2752 2133 2823 ignorantur
2168 2758 2474 2811 narratione
2502 2774 2597 2825 per
2616 2761 2912 2814 orationem
2936 2765 3206 2832 percipere
3249 2783 3341 2822 co-

1815 2849 2106 2916 gnitionem
2136 2865 2147 2898 :
2182 2863 2287 2900 non
2318 2857 2488 2899 autem
2534 2850 2709 2918 lingua
2734 2851 3017 2917 inerudita,
3046 2864 3097 2907 et
3125 2858 3340 2925 argritu-

1812 2936 1953 2988 dinis
1988 2936 2153 2987 animi
2202 2936 2343 2989 nube
2395 2937 2619 2990 confusa
2672 2949 2868 3001 mente,
2918 2945 3130 3009 aggredi
3186 2955 3341 2998 tanta:

1810 3024 1885 3075 rei
1917 3023 2357 3090 magnitudinem,
2398 3026 2670 3076 timentem
2695 3027 3021 3091 periculum,
3058 3033 3195 3097 quod
3238 3035 3338 3086 im-

1811 3113 1974 3165 minet
2005 3114 2093 3174 iis,
2126 3115 2216 3181 qui
2256 3115 2555 3181 suscipiunt
2592 3130 2652 3167 ea
2685 3131 2802 3183 qua:
2827 3128 2954 3169 sunt
2980 3134 3139 3186 supra
3170 3122 3333 3177 vires.

1807 3202 2004 3256 Natura
2028 3204 2171 3261 enim
2205 3205 2273 3263 ita
2306 3215 2387 3263 est
2414 3214 2805 3272 comparatum,
2839 3216 2898 3260 ut
2932 3211 3090 3262 verba
3122 3226 3206 3264 res
3232 3228 3336 3265 non

1806 3294 2007 3360 possint
2043 3294 2287 3359 assequi.
2328 3294 2425 3347 llic
2458 3306 2633 3345 autem
2667 3310 2829 3357 nunc,
2857 3296 2945 3348 ubi
2994 3308 3046 3350 et
3089 3299 3338 3368 longissi-

1808 3395 1949 3432 mum
1985 3388 2193 3447 tempus
2220 3382 2519 3433 dimensum
2564 3390 2645 3434 est
2676 3383 2945 3447 virtutem,
2983 3396 3034 3439 et
3060 3388 3338 3442 ﬂoridissi-

1806 3485 1949 3521 mum
1993 3480 2201 3537 pratum
2260 3472 2539 3524 imitantur
2585 3482 2723 3526 recte
2776 3474 2936 3537 facta,
2979 3492 3098 3528 cum
3156 3478 3335 3529 omnia

1805 3562 2035 3607 tractare
2074 3556 2221 3607 nulla
2270 3555 2474 3623 possint
2523 3560 2769 3621 ratione,
2804 3561 2998 3611 merito
3047 3559 3333 3627 refugiunt.

1806 3641 1986 3708 Neque
2016 3642 2155 3693 enim
2178 3656 2334 3694 suum
2365 3644 2657 3709 ingenium,
2691 3659 2789 3697 nec
2817 3659 2995 3698 rerum
3029 3648 3335 3715 ignorantes

1805 3730 2246 3797 magnitudinem,
2296 3740 2573 3798 sperantes
2621 3742 2795 3785 tamen
2827 3750 2885 3788 se
2923 3737 3099 3803 potius
3136 3738 3333 3805 aliquid

1803 3824 2138 3881 accepturos,
2167 3830 2325 3884 quam
2362 3817 2602 3880 daturos,
2646 3820 2955 3875 existimant
2993 3839 3049 3875 se
3078 3825 3332 3899 virtutum

1803 3903 2337 3968 magnitudinezesse
2365 3920 2516 3955 suam
2556 3907 2823 3959 celaturus
2857 3908 3273 3963 imbecillitatem
3313 3930 3327 3965 :

1802 3992 2067 4043 neminem
2101 3992 2241 4045 enim
2269 3992 2510 4059 judicare
2535 3994 2822 4057 orationes,
2866 4000 3220 4065 stupefactum
3250 4016 3332 4053 re-

1804 4095 1921 4131 rum
1952 4080 2333 4134 admiratione.
2359 4082 2715 4144 Quamobrem
2750 4095 2967 4151 sperant
2999 4086 3134 4149 fore,
3170 4100 3225 4139 ut
3253 4089 3328 4151 si—

1801 4173 1910 4222 mul
1937 4180 1991 4223 et
2024 4170 2250 4232 lateant,
2269 4181 2322 4224 et
2349 4172 2720 4238 praedicentur,
2750 4173 2875 4223 dum
2906 4184 3117 4241 propter
3140 4176 3327 4227 horum

1801 4261 2189 4313 connexionem
2232 4261 2497 4313 habentur
2529 4261 2580 4311 in
2628 4260 3000 4313 admiratione.
3043 4262 3146 4314 Sed
3192 4279 3329 4329 quo-

1728 4344 1771 4397 D
1798 4350 1941 4399 niam
1968 4350 2180 4411 mentis,
2212 4366 2329 4417 quae
2352 4352 2488 4401 inter
2518 4365 2703 4403 omnes
2724 4352 3076 4417 principatum
3101 4352 3325 4416 obtinet,

1800 4437 1961 4490 vincit
2016 4437 2299 4498 sententia,
2345 4453 2460 4501 qute
2509 4448 2626 4504 post
2655 4441 2938 4504 exsequias
2971 4450 3151 4493 censet
3181 4442 3327 4507 justa

1800 4522 1939 4576 Patri
1971 4539 2090 4577 esse
2124 4524 2425 4586 tribuenda,
2465 4525 2553 4590 jus
2581 4525 2633 4575 in
2667 4526 2893 4575 dicendo
2912 4527 3095 4593 gratia:
3119 4530 3327 4579 univer—

1799 4629 1916 4665 sum
1951 4615 2337 4680 permittentes,
2384 4614 2541 4678 (qum,
2590 4614 2687 4665 etsi
2746 4628 2963 4666 necesse
3004 4615 3069 4667 sit
3119 4617 3180 4668 ad
3221 4633 3323 4669 non

1795 4702 2025 4766 assequi,
2070 4702 2293 4751 omnino
2335 4702 2473 4767 quod
2522 4701 2697 4754 deficit
2742 4702 2990 4767 adjiciet,
3028 4705 3107 4755 vel
3150 4707 3322 4771 potius

1790 4787 2019 4839 orationi
2070 4788 2330 4854 integram
2388 4790 2641 4855 prmbebit
2703 4790 3113 4856 correctionem)
3176 4808 3324 4843 acce-

1789 4878 1961 4929 dimus
1997 4877 2059 4929 ad
2101 4878 2486 4939 narrationem,
2522 4876 2682 4929 veluti
2704 4876 2973 4942 quoddam
3011 4876 3321 4931 fundamen—

1790 4976 1899 5017 tum
1922 4966 2147 5031 patriam
2178 4965 2349 5030 primo
2386 4964 2501 5016 loco
2540 4970 2817 5029 ponentes.

2411 5071 2633 5127 CAPUT
2668 5073 2709 5126 1.

1826 5184 2003 5239 Sancti
2028 5188 2243 5241 Antonii
2276 5196 2445 5251 ortus,
2474 5189 2754 5250 institutio,
2787 5189 2891 5240 vita
2930 5188 3247 5240 monachica.

1850 5302 1901 5352 5.
1934 5303 2034 5354 Sed
2064 5305 2249 5369 patria:
2278 5313 2328 5355 et
2359 5302 2622 5369 majorum
2653 5287 2845 5355 noilem
2880 5303 3055 5355 facere
3087 5303 3314 5353 mentio-

1792 5405 1912 5442 nem
1946 5408 1957 5442 :
1987 5393 2239 5459 quoniam
2273 5408 2369 5446 nec
2398 5392 2596 5459 aliquid
2623 5405 2830 5454 eorum,
2857 5407 2974 5459 quas
2998 5392 3061 5443 ad
3100 5406 3311 5445 carnem

247 5532 1079 5639 si)giae“paelehqpoﬂtempore
1134 5551 1403 5620 scripserit
1461 5554 1597 5609 hanc
1636 5561 1929 5615 orationem
1976 5559 2349 5630 Nicephorus;
2387 5580 2506 5621 cum
2540 5583 2727 5639 nempe
2772 5568 2915 5623 haud
2978 5568 3180 5637 pridem
3235 5566 3313 5621 vi-

200 5612 290 5656 vere
316 5605 571 5664 Antonius
599 5605 859 5667 desiisset.
