4088 6332
730 364 827 426 183

1857 376 2252 435 NICEPHORI
2297 379 2741 437 PHILOSOPHI

3748 379 3847 442 184

728 473 1008 537 pertinent,
1035 474 1233 527 caelesti
1258 475 1329 527 illi
1352 485 1401 528 et
1418 479 1594 530 carnis
1615 482 1995 547 propemodum
2020 484 2241 548 experti,
2274 489 2315 543 Α
2343 486 2461 537 dam
2490 486 2844 553 possessione,
2897 499 3012 551 qua:
3043 499 3145 536 non
3180 487 3403 537 multum
3437 487 3617 540 aberat
3652 504 3681 540 a
3719 491 3853 541 civi-

728 567 781 610 et
807 560 896 625 qui
922 560 1087 613 solam
1126 574 1344 617 noverat
1375 565 1596 631 patriam
1628 582 1913 634 supernam
1952 569 2240 630 civitatem,

730 645 783 696 in
811 662 966 711 quam
1001 649 1139 700 cives
1171 650 1563 713 adsciscuntur,
1596 654 1687 719 qui
1724 663 1850 706 sunt
1879 656 2088 708 virtutis
2117 672 2245 723 ope-

730 743 952 796 ratores,
1011 737 1209 790 scimus
1270 738 1433 791 fuisse
1490 742 1783 806 pr0prium.
1826 742 1925 795 Sed
1989 746 2240 811 quoniam

730 836 871 881 eum,
899 823 987 889 qui
1016 832 1229 890 propter
1285 841 1377 877 nos
1412 842 1600 879 massae
1648 838 1838 882 nostra:
1888 833 2244 899 asSirmptiOnc

732 909 900 962 factus
933 921 1015 962 est
1048 912 1185 963 sicut
1218 927 1335 974 nos,
1368 915 1603 967 universi
1640 917 1881 982 Opificem
1925 918 2165 971 videmus
2195 929 2247 969 et

732 996 1033 1068 Dominum,
1057 1000 1334 1053 admisisse
1358 1002 1579 1067 patriam
1607 1011 1657 1054 et
1685 984 1929 1069 majores,
1952 1014 2003 1057 et
2035 1006 2246 1058 humilis

735 1083 1037 1138 Bethlehem
1080 1089 1495 1155 magnitudinem
1526 1090 1669 1141 omni
1718 1090 1896 1154 lingua
1939 1093 2244 1158 praadicari;

734 1187 830 1224 nec
858 1173 908 1223 in
935 1184 1119 1226 saneto
1144 1189 1358 1241 quoque
1386 1175 1639 1229 Pontifiee
1668 1175 1745 1230 fas
1776 1193 1892 1231 esse
1928 1181 2084 1232 statui
2116 1196 2248 1247 prte-

735 1262 1024 1316 termittere
1069 1280 1082 1314 :
1136 1262 1224 1314 sed
1258 1267 1309 1315 in
1346 1279 1408 1316 eo
1444 1265 1620 1330 potius
1664 1264 1898 1333 jucunde
1956 1267 2245 1331 immorari,

736 1348 1001 1402 reddendo
1030 1350 1421 1416 quodammodo
1454 1353 1675 1418 gratiam
1729 1353 2115 1407 alimentorum.
2148 1355 2249 1409 Sed

737 1437 791 1489 in
816 1422 940 1489 aliis
970 1436 1181 1503 quidem
1216 1437 1445 1492 fortasse
1480 1440 1646 1506 patria
1679 1450 1731 1493 et
1756 1456 1920 1508 genus
1955 1444 2250 1511 proposita,

738 1523 949 1576 laudem
979 1540 1040 1577 ex
1091 1534 1203 1578 arte
1251 1527 1504 1591 afferunt;
1536 1528 1588 1580 in
1632 1543 1695 1581 eo
1740 1539 1939 1594 autem,
1970 1531 2033 1584 de
2065 1547 2172 1599 quo
2199 1533 2249 1584 in

738 1614 1016 1680 praesentia
1061 1616 1290 1682 agimus,
1346 1626 1529 1683 partus
1569 1618 1744 1684 potius
1800 1619 1896 1682 iis,
1949 1633 2010 1671 ex
2062 1620 2252 1687 quibus

740 1708 890 1754 ortus
920 1712 1019 1762 est,
1052 1702 1213 1753 donat
1257 1703 1477 1769 gloriam
1528 1704 1899 1767 immortalem,
1934 1705 2139 1760 inferne
2171 1722 2254 1759 re-

741 1791 956 1843 mittens
1006 1789 1357 1857 spleudorem.
1413 1793 1655 1845 similiter
1690 1793 1944 1847 solarium
1990 1795 2252 1848 radiorum
2287 1769 2327 1821 Β

738 1879 1273 1933 reverberationibus.
1330 1879 1505 1933 Patria
1554 1896 1699 1948 ergo,
1732 1896 1848 1948 qua:
1875 1883 1943 1935 sit
1989 1899 2113 1942 una,
2149 1898 2254 1935 non

674 2004 677 2007 -
744 1976 915 2035 potest
946 1967 1188 2021 inveniri.
1222 1967 1353 2020 Nam
1399 1970 1521 2021 Asia
1562 1970 1774 2037 quidem
1804 1979 1855 2023 et
1884 1972 2094 2038 Europa
2145 1972 2256 2037 glo-

746 2058 879 2109 riam
911 2058 1047 2109 inter
1082 2072 1138 2109 se
1179 2058 1401 2124 partitur
1429 2074 1443 2110 :
1476 2058 1583 2110 hsec
1613 2060 1823 2126 quidem
1853 2068 2067 2127 propter
2094 2061 2260 2112 Thra-

744 2144 903 2209 ciam,
933 2144 1020 2196 illa
1048 2156 1177 2197 vero
1215 2152 1427 2212 propter
1462 2143 1768 2213 Phrygiam,
1808 2147 1925 2211 ejus
1956 2154 2129 2199 ortum
2157 2147 2257 2200 sibi

749 2232 1090 2284 \indicantes.
1125 2232 1256 2285 Cum
1301 2247 1387 2285 res
1415 2242 1589 2284 autem
1626 2234 1691 2284 sit
1735 2233 1868 2285 inter
1900 2248 1991 2286 eos
2042 2244 2260 2286 contro-

648 2354 657 2363 ι
747 2336 921 2383 versa,
968 2328 1184 2390 apparet
1228 2320 1334 2372 alia
1394 2323 1549 2372 tertia
1601 2322 1794 2388 patria,
1842 2337 2028 2389 nempe
2080 2323 2259 2388 regina

750 2414 985 2477 urbium,
1016 2428 1133 2481 quae
1180 2412 1337 2464 etiam
1382 2426 1503 2463 eum
1550 2412 1701 2476 aluit,
1732 2412 1874 2465 ulnis
1918 2414 2031 2466 suis
2060 2413 2299 2477 ample--

749 2515 920 2563 ctens,
968 2516 1030 2554 ex
1066 2514 1170 2567 quo
1205 2499 1314 2553 fere
1355 2515 1383 2552 a
1410 2499 1701 2566 puerilibus
1732 2499 1911 2553 fasciis
1939 2496 2058 2553 eum
2092 2502 2260 2552 evolvi

752 2591 991 2658 contigit,
1037 2599 1093 2641 ut
1125 2589 1212 2655 qui
1254 2588 1302 2640 ei
1350 2599 1529 2655 postea
1565 2586 1777 2640 futurus
1821 2598 1961 2639 esset
2003 2589 2164 2641 decus
2211 2597 2264 2641 et

751 2688 1141 2731 ornamentum.
1173 2676 1235 2728 Et
1264 2676 1374 2729 haec
1401 2676 1635 2742 quidem,
1667 2683 1844 2743 utpote
1870 2686 2046 2743 caput,
2082 2676 2130 2728 ei
2182 2676 2264 2729 fa-

753 2768 851 2820 cile
878 2773 930 2818 ct
954 2774 1194 2833 prompto
1223 2767 1401 2817 animo
1431 2766 1586 2829 cedit,
1619 2780 1835 2832 sperans
1866 2766 1977 2834 fore
2030 2774 2087 2817 ut
2118 2766 2263 2819 frua-

754 2865 841 2907 tur
868 2854 1054 2922 gloria.
1101 2855 1223 2906 Asia
1272 2862 1397 2906 vero
1427 2868 1563 2921 :egre
1612 2852 1712 2905 fert
1760 2854 2117 2919 quidem,sed
2159 2870 2262 2908 non

754 2957 919 3009 usque
948 2942 1011 2993 ad
1061 2929 1457 2994 immoderatam
1511 2940 1678 2993 fertur
1728 2941 2116 2994 contentionem
2154 2959 2168 2993 :
2207 2958 2266 2995 se

2346 583 2469 635 tate,
2506 575 2556 625 in
2587 590 2693 640 qua
2747 573 3071 634 habitabant,
3108 575 3339 626 urbanos
3372 577 3653 639 tumultus,
3693 586 3747 628 et
3775 577 3852 643 (Ξ)

2344 660 2830 722 leonomachorum,
2856 652 2971 725 qua:
3014 670 3138 711 tunc
3179 658 3429 724 vigebat,,
3463 660 3661 711 rabiem
3692 661 3856 712 decli-

2344 755 2546 806 nantes,
2597 745 2646 795 iu
2671 746 2837 797 lucem
2887 744 3085 804 editus,
3132 744 3300 809 magis
3345 742 3537 809 pietate
3586 744 3852 808 alebatur,

2341 848 2497 900 quam
2533 833 2687 884 lacte.
2732 833 2860 883 Cum
2893 840 3064 882 autem
3096 830 3203 895 jam
3247 830 3531 897 incepisset
3570 831 3853 894 balbutire,

2344 920 2647 987 parentibus
2673 918 2961 986 jucundam
3006 917 3250 968 exhibuit
3281 917 3704 969 admirationem.
3734 917 3859 969 Bal-

2346 1007 2562 1059 butienti
2597 1008 2735 1059 enim
2770 1006 2957 1073 lingua
3003 1005 3133 1056 nihil
3165 1003 3272 1057 fere
3305 994 3445 1057 aliud
3471 1005 3734 1070 prazbebat
3778 1006 3860 1056 lo-

2344 1092 2633 1161 quendum,
2687 1092 2785 1145 nisi
2842 1105 3170 1159 quaecunque
3230 1098 3383 1143 erant
3436 1092 3643 1159 mystici
3689 1095 3857 1145 nostri

2345 1181 2536 1243 cultus,
2570 1189 2827 1246 quantum
2859 1194 2887 1231 a
2934 1178 3091 1237 molli.
3137 1187 3188 1231 et
3222 1187 3400 1231 tenera
3472 1179 3621 1244 pueri
3667 1188 3859 1230 natura

2346 1276 2517 1336 potest
2543 1267 2761 1335 exprimi
2783 1275 2834 1318 et
2854 1282 2882 1318 e
2909 1266 3070 1319 labris
3090 1266 3331 1333 progredi
3373 1284 3385 1317 :
3411 1276 3457 1319 et
3481 1268 3578 1319 hoc
3600 1267 3857 1333 paulatim

2346 1370 2590 1410 crescens
2639 1369 2760 1408 cum
2812 1364 3099 1421 augmento
3155 1354 3431 1421 corporis,
3484 1354 3643 1407 simul
3697 1356 3861 1406 etiam

2345 1453 2672 1499 crescentem
2700 1443 2928 1495 habebat
2967 1442 3371 1494 admirationem
3405 1457 3418 1493 :
3449 1450 3503 1493 et
3550 1442 3863 1511 quicunque

2348 1535 2398 1587 id
2436 1533 2667 1597 videbat,
2702 1540 2814 1584 erat
2842 1532 3095 1598 propheta
3129 1530 3310 1583 futuri.

2415 1622 2467 1677 5.
2499 1619 2630 1672 Cum
2682 1617 2746 1671 ad
2780 1618 3023 1686 quintum
3066 1625 3239 1670 autem
3271 1632 3466 1670 annum
3504 1616 3856 1684 pervenisset,

2353 1709 2668 1777 Litterarum
2705 1707 2898 1775 figuras
2930 1705 3116 1759 doctus
3160 1720 3189 1757 a
3227 1714 3411 1758 saneto
3437 1705 3633 1773 Spiritu
3666 1706 3862 1773 (neque

2354 1797 2493 1848 enim
2524 1795 2703 1848 venire
2742 1794 2807 1845 ad
2847 1793 2953 1845 ludi
2976 1794 3308 1861 magistrum,
3337 1808 3620 1861 puerorum
3653 1794 3864 1848 irrisio-

2354 1899 2446 1936 ncs
2470 1894 2521 1937 et
2551 1883 2682 1935 alias
2720 1881 2951 1950 pueriles
2972 1878 3196 1950 ineptias
3222 1882 3509 1943 declinans.
3538 1885 3588 1935 in
3622 1883 3862 1936 animum

2355 1972 2584 2040 induxit)
2615 1986 2800 2025 omnes
2841 1986 3021 2024 sacras
3048 1972 3331 2034 orationes,
3369 1972 3595 2024 maxime
3619 1987 3735 2039 quae
3755 1987 3867 2024 nou

2357 2062 2591 2129 mystica:
2622 2076 2686 2113 ac:
2709 2069 2912 2114 secreto
2946 2048 3187 2125 prolatae,
3233 2061 3455 2113 sacrifici
3508 2076 3633 2113 voce
3677 2076 3869 2127 perve-

2357 2150 2513 2201 niunt
2544 2147 2610 2200 ad
2658 2160 3051 2215 aureseorum,
3090 2146 3179 2213 qui
3237 2145 3549 2211 initiantur,
3596 2149 3870 2216 ingeniose

2358 2234 2658 2285 memoriter
2704 2234 3083 2299 pronuntians;
3112 2233 3175 2285 de
3209 2241 3399 2285 caetero
3428 2234 3583 2286 etiam
3614 2250 3697 2286 res
3722 2236 3871 2302 ipsas

2358 2322 2665 2374 imitabatur
2684 2335 2747 2374 ac
2776 2322 3205 2397 repraesentabat,
3238 2336 3432 2389 panem
3469 2334 3873 2389 proponens,,et

2359 2424 2518 2462 manu
2548 2418 2733 2462 tenens
2759 2408 3085 2461 thuribulum
3122 2425 3136 2459 :
3167 2410 3383 2476 perinde
3408 2424 3469 2462 ac
3496 2412 3541 2462 si
3576 2426 3679 2463 non
3708 2412 3873 2464 susti-

2360 2509 2509 2551 neret
2532 2512 2681 2551 sacra
2710 2498 2907 2559 anima,
2936 2512 3043 2565 quo
3084 2499 3263 2551 minus
3291 2499 3447 2551 etiam
3479 2500 3529 2551 in
3567 2500 3870 2569 imperfecta

2358 2595 2509 2639 aetate
2547 2592 2858 2652 operaretur
2898 2600 2982 2637 res
3009 2584 3233 2645 divinas,
3268 2595 3321 2637 et
3347 2595 3467 2639 ante
3511 2597 3715 2656 tempus
3739 2604 3875 2655 .per-

2360 2673 2601 2726 fectionis
2620 2688 2681 2725 ea
2716 2687 2833 2739 qua:
2855 2670 2919 2724 ad
2948 2671 3318 2739 perfectionem
3350 2675 3621 2742 pertinent
3644 2676 3872 2729 inchoa-

2361 2770 2481 2815 ret:
2529 2770 2581 2814 et
2617 2758 2961 2813 sacrosancto
3004 2775 3168 2826 puero
3212 2775 3306 2827 pro
3348 2761 3534 2828 quovis
3580 2762 3701 2813 ludo
3752 2773 3875 2813 erat

2360 2862 2493 2915 opus
2521 2857 2572 2901 et
2594 2847 2848 2907 studium,
2881 2862 3065 2913 parum
3093 2848 3303 2914 quidem
3335 2858 3552 2901 matrem
3577 2847 3874 2911 comitanti,

2363 2950 2550 3003 magna
2584 2944 2756 2988 autem
2790 2948 2853 2989 ex
2907 2945 3053 3002 parte
3100 2935 3150 2987 in
3198 2936 3279 2987 his
3326 2950 3563 2988 seorsum
3593 2946 3874 3003 occupato.

754 3032 946 3097 regina:
972 3037 1145 3083 autem
1170 3029 1506 3091 submittens,
1531 3038 1582 3081 et
1604 3028 1859 3095 majorum
1883 3028 1999 3095 ejus
2020 3039 2261 3083 contenta
2291 3047 2335 3107 ρ
2364 3024 2646 3091 Postquam
2675 3038 2798 3077 vero
2840 3023 2926 3076 illa
2965 3024 3030 3076 ad
3065 3023 3291 3087 beatam,
3324 3032 3378 3077 et
3414 3038 3530 3091 qua:
3576 3039 3875 3091 numquam

755 3116 942 3185 gloria,
982 3132 1010 3170 a
1052 3118 1246 3184 quibus
1298 3127 1422 3170 sunt
1470 3117 1592 3170 huic
1642 3116 1814 3189 fontes
1865 3119 2262 3186 generationis:

754 3222 887 3274 quos
920 3223 1084 3274 genus
1122 3207 1370 3261 ducentes
1404 3222 1465 3258 ex
1513 3204 1763 3274 Phrygia,
1806 3217 2017 3275 propter
2048 3222 2265 3262 munera

756 3293 1113 3359 imperatoria,
1148 3307 1264 3359 quae
1294 3292 1541 3344 obierunt
1573 3292 1626 3344 in
1658 3295 1894 3346 exercitu
1918 3294 2265 3361 imperatoris,

756 3382 941 3435 habuit
976 3382 1153 3449 regina
1185 3383 1394 3434 urbium
1445 3381 1787 3440 habitatores,
1846 3382 2026 3437 animo
2055 3385 2266 3451 quidem

757 3470 944 3531 fortes,
975 3468 1138 3523 fortes
1166 3478 1338 3521 autem
1378 3483 1619 3535 corpore,
1655 3477 1708 3523 et
1736 3470 1849 3536 ejus
1868 3511 1882 3534 ,
1912 3472 2004 3539 qui
2034 3486 2098 3524 ex
2141 3471 2270 3539 ipsis

756 3565 873 3611 erat
899 3557 1209 3626 gignendus,
1256 3556 1401 3623 prius
1434 3557 1485 3608 in
1514 3571 1571 3609 se
1597 3548 1958 3613 describentes
2008 3558 2270 3613 fortitudi-

759 3660 878 3699 nem
906 3654 1086 3698 contra
1115 3645 1239 3698 vitia
1266 3652 1317 3698 et
1339 3646 1715 3699 constantiam.

829 3734 882 3787 4.
910 3734 949 3783 Α
983 3734 1176 3799 quibus
1197 3740 1346 3787 ortus
1375 3733 1534 3799 hujus
1558 3743 1703 3800 pater
1727 3735 1793 3788 ab
1814 3736 1942 3803 ipsis
1969 3739 2271 3803 parentibus

760 3822 825 3873 ab
859 3820 1069 3873 ineunte
1097 3828 1268 3881 aetate,
1324 3809 1577 3885 tanquam
1612 3821 1842 3886 Samuel,
1874 3832 1927 3875 et
1958 3823 2139 3876 habitu
2179 3823 2271 3877 Dei

764 3907 893 3960 sorti
920 3906 1193 3979 dedicatur
1221 3916 1272 3959 et
1292 3921 1350 3959 re
1376 3906 1487 3974 ipsa
1517 3924 1529 3959 :
1555 3917 1607 3959 et
1636 3908 1700 3961 ad
1738 3909 1946 3975 generis
1974 3910 2271 3963 successio-

764 4005 884 4043 nem
917 3990 1026 4055 lege
1058 3990 1380 4042 matrimonii
1413 3990 1752 4059 conjungitur
1776 3994 2003 4054 mulieri,
2042 3994 2273 4048 honesta

764 4078 972 4147 quidem
1000 4078 1198 4140 animo,
1222 4078 1457 4131 honesta:
1490 4095 1610 4131 vero
1655 4081 1901 4139 omnibus
1932 4083 2190 4142 moribus.
2221 4092 2273 4136 et

762 4165 1005 4230 corporis
1057 4164 1233 4232 specie
1300 4180 1401 4227 non
1458 4166 1703 4220 afferente
1747 4168 1973 4222 dedecus
2013 4170 2269 4223 nobilitati

764 4250 957 4302 anima:
987 4267 999 4301 :
1041 4259 1093 4303 et
1113 4264 1250 4317 quae,
1289 4259 1345 4303 ut
1377 4252 1540 4303 semel
1574 4252 1765 4313 dicam,
1801 4254 1962 4305 animi
1989 4263 2041 4306 et
2087 4269 2273 4322 corpo-

2364 3117 2613 3176 senescit,
2658 3116 2901 3184 migravit
2931 3116 3309 3177 haereditatcm,
3344 3130 3465 3168 eum
3510 3124 3654 3181 patre
3692 3130 3880 3168 versa-

2364 3206 2517 3257 batur
2536 3214 2683 3265 tunc,
2719 3220 2775 3257 se
2801 3218 3053 3257 exercens
3080 3202 3130 3253 in
3154 3187 3601 3267 sacris—discendis
3630 3201 3877 3269 psalmis.

2366 3294 2563 3361 Ingenii
2643 3301 2818 3345 autem
2869 3291 3152 3353 felicitate,
3204 3290 3599 3357 intelligentiam
3661 3292 3878 3357 quidem

2364 3398 2523 3449 quam
2554 3397 2645 3448 pro
2667 3392 2817 3433 a‘tate
2843 3381 3118 3447 majorem,
3142 3380 3480 3431 maturiorem
3509 3387 3681 3429 autem
3713 3391 3879 3441 quam

2367 3483 2462 3537 pro
2513 3477 2745 3535 tempore
2796 3466 2964 3519 astatis
3022 3467 3176 3518 dabat
3231 3464 3565 3532 spectandam
3619 3471 3882 3514 staturam

2366 3556 2623 3624 corporis,
2678 3563 2908 3607 mentem
2940 3570 3063 3606 vero
3101 3554 3236 3620 ejus.
3274 3553 3413 3620 quod
3468 3562 3550 3603 est
3587 3554 3782 3602 bonum
3825 3561 3884 3602 et

2369 3643 2669 3705 honestum,
2717 3641 3043 3707 capaciorem
3074 3653 3230 3705 quam
3280 3643 3533 3704 quantum
3593 3644 3886 3688 consenta—

2368 3744 2525 3781 neum
2599 3737 2741 3782 esset
2817 3730 3096 3793 utrumqhe
3151 3726 3425 3778 admittere
3498 3723 3885 3777 dimensionem

2368 3814 2639 3884 temporis.

2437 3907 2486 3957 6.
2524 3905 2654 3957 Hinc
2679 3919 2799 3959 cum
2822 3904 2884 3957 ad
2904 3918 3096 3955 annum
3130 3904 3451 3971 pervenisset
3480 3900 3885 3961 duodecimum,

2368 3993 2432 4046 ad
2477 4008 2559 4045 res
2606 3992 2911 4058 diligentius
2951 3990 3361 4042 considerandas
3410 3987 3787 4053 se'applicans,
3829 3986 3887 4047 (ο

2371 4091 2597 4134 mentem
2650 4078 2925 4137 stabilem!
2957 4091 2988 4130 ο
3036 4076 3233 4129 bonum
3282 4075 3667 4143 propositum!)
3711 4090 3885 4142 genus

2372 4170 2489 4221 vita:
2529 4168 2776 4221 discrevit
2811 4174 2862 4220 et
2896 4166 3053 4235 elegit
3090 4181 3102 4219 :
3138 4165 3361 4232 aliisque
3406 4163 3630 4230 rejectis,
3662 4162 3725 4213 ad
3759 4176 3883 4240 nio-7

2372 4258 2626 4309 naslicam
2653 4256 2889 4317 intuens,
2916 4252 3169 4321 ﬂagrabat
3189 4252 3491 4319 cupiditate.
3514 4248 3704 4301 Rerum
3734 4250 3883 4299 enim

766 4336 841 4389 ris
864 4336 1096 4396 dotibus,
1127 4336 1337 4391 marito.
1368 4336 1456 4402 qui
1502 4345 1619 4389 erat
1655 4337 1707 4390 in
1758 4339 1997 4405 utrisque.
2027 4340 2267 4409 insignis,
2300 4331 2343 4388 Ι)
2374 4342 2632 4411 principia
2669 4355 2698 4393 a
2727 4340 2835 4393 fine
2871 4340 3151 4407 dijudicata
3185 4340 3419 4406 praebent
3452 4347 3612 4388 tutam
3665 4335 3889 4388 electio-

770 4423 911 4475 nulla
943 4422 994 4475 in
1025 4437 1081 4475 re
1109 4432 1223 4474 erat
1269 4422 1490 4474 inferior
1531 4437 1545 4473 :
1577 4423 1666 4476 sed
1698 4431 1811 4476 erat
1858 4425 1972 4492 biga
2030 4427 2269 4494 insignis,

771 4511 885 4577 higa
911 4511 1228 4572 veneranda,
1269 4511 1386 4578 biga
1428 4526 1542 4578 qua:
1578 4511 1727 4563 beata
1757 4514 2071 4570 censebatur
2101 4533 2111 4565 :
2144 4530 2272 4567 cuu-

764 4596 994 4663 jugium,
1052 4595 1192 4660 quod
1245 4586 1527 4648 multorum
1576 4598 1759 4649 oculos
1810 4599 2147 4649 convertebat
2208 4600 2273 4651 ad

772 4683 1207 4747 admirationem;
1261 4698 1447 4750 parum
1497 4684 1705 4749 quidem
1770 4686 1935 4747 carni,
1990 4686 2272 4751 plurimum

771 4781 951 4821 autem
972 4770 1076 4822 Deo
1105 4772 1307 4831 vivens,
1338 4780 1391 4823 et
1420 4770 1483 4821 iis
1507 4784 1624 4835 quia
1647 4784 1767 4821 vere
1793 4772 1857 4822 ad
1892 4771 2050 4824 Deum
2080 4773 2273 4835 ferunt,

773 4857 926 4910 factis
954 4866 1006 4910 et
1035 4858 1191 4909 rectis
1219 4858 1517 4910 actionibus
1541 4875 1553 4908 :
1584 4872 1678 4924 pro
1704 4857 1895 4924 quibus
1936 4866 1988 4909 et
2020 4875 2111 4926 per
2139 4876 2275 4926 quae,

776 4957 1022 5012 tanquam
1071 4944 1280 5011 aliquod
1323 4948 1595 5011 praemium
1644 4947 1876 5008 virtutis,
1926 4946 2125 5015 dignati
2157 4956 2281 5000 sunt

778 5049 985 5088 sacrum
1026 5033 1259 5088 fructum
1292 5035 1606 5101 producere.
1635 5036 1733 5098 Qui
1786 5035 1837 5088 in
1884 5046 2115 5088 materna
2145 5052 2277 5103 qua-

851 5169 925 5235 (2)
957 5166 1421 5235 lconomachorum
1455 5167 1625 5220 rabies
1655 5168 1880 5233 primum
1903 5183 1929 5218 a
1952 5168 2281 5221 Lconelsau-

783 5240 892 5289 rico
939 5236 1062 5303 imp.
1091 5234 1343 5303 an.7Chr.
1374 5235 1495 5297 726,
1528 5235 1729 5303 imperii
1777 5235 1858 5303 sui
1892 5235 1943 5293 9,
1990 5238 2276 5303 suscitata;

781 5322 869 5355 an.
901 5301 1027 5363 78f,
1045 5303 1142 5354 sub
1165 5302 1509 5353 Constantino
1538 5312 1587 5352 et
1615 5302 1775 5361 lrene,
1798 5302 2066 5353 adnitente
2096 5301 2153 5354 S.
2180 5303 2280 5354 Ta—

781 5372 920 5423 rasiu
950 5368 1267 5437 patriarcha,
1312 5383 1577 5433 repressa:
1607 5370 1815 5437 domum
1851 5384 1936 5421 an.
1963 5371 2079 5431 8I3,
2115 5371 2280 5436 impe-

784 5435 1161 5488 rante'Leone
1222 5438 1447 5487 Arn-eno
1507 5435 1805 5493 recruduit,
1870 5435 2282 5502 sa'viitquc'sub

785 5504 1033 5554 Michaele
1087 5502 1265 5560 Balbo,
1296 5512 1347 5552 et
1373 5504 1525 5565 hujus
1571 5502 1675 5553 lilio
1707 5503 2028 5567 'I‘heuphilo;
2072 5505 2279 5568 penitus

788 5570 1036 5623 restincta
1075 5569 1320 5622 Micliaclc
1353 5570 1468 5631 lll,
1496 5580 1546 5621 ct
1590 5570 1642 5621 S.
1678 5569 1945 5621 'fhcodora
1983 5583 2143 5621 tltult'c
2182 5572 2279 5620 im-

2380 4447 2495 4485 nem
2523 4431 2637 4498 ejus
2660 4430 2799 4497 quod
2830 4437 2911 4482 est
2938 4429 3148 4482 melius.
3184 4428 3298 4495 Non
3330 4428 3469 4478 enim
3497 4426 3636 4491 quod
3662 4438 3890 4492 proper-

2379 4521 2520 4572 tione
2538 4519 2675 4571 aetati
2704 4517 3063 4584 responderet,
3086 4514 3369 4583 procedens
3388 4516 3567 4567 habuit
3591 4513 3851 4581 judicium
3876 4530 3891 4564 :

2379 4608 2470 4659 sed
2508 4608 2558 4659 in
2594 4606 2811 4673 juvenili
2859 4618 3081 4671 corpore
3118 4619 3299 4657 canam
3342 4602 3649 4656 ostendebat
3693 4601 3893 4651 intelli-

2380 4693 2628 4757 gentiam,
2657 4703 2749 4758 per
2764 4704 2823 4743 ea
2845 4703 2962 4756 quae
2976 4690 3306 4755 operabatur,
3333 4702 3481 4739 suam
3501 4700 3615 4737 cum
3637 4698 3721 4744 eo,
3739 4687 3891 4749 qlmd

2376 4788 2455 4830 est
2488 4779 2681 4830 bonum
2723 4786 2775 4830 et
2805 4778 3104 4836 honestum,
3142 4776 3378 4826 indicans
3412 4772 3841 4839 coniunctionem
3875 4790 3889 4825 :

2378 4876 2429 4917 et
2460 4866 2543 4923 iis,
2582 4865 2644 4915 ad
2684 4878 2801 4931 qua!
2850 4878 2908 4915 se
2952 4862 3283 4925 extendebat,
3342 4860 3667 4927 significabat
3712 4861 3896 4912 incor-

2379 4961 2546 5019 ruptae
2601 4952 2789 5006 mentis
2840 4950 3175 5002 stabilitatem
3224 4967 3236 5001 :
3286 4948 3610 5015 et-gloriam
3670 4949 3891 5015 quidem

2379 5039 2698 5104 despiciens,
2740 5050 2991 5104 respuens
3025 5044 3200 5088 autem
3250 5034 3503 5102 quidquid
3556 5050 3659 5088 non
3684 5036 3785 5087 fert
3818 5036 3891 5087 ad

2380 5172 2705 5238 perantibus,
2779 5173 2866 5238 qui
2919 5171 3102 5237 Remp.
3146 5177 3233 5224 a’n.
3294 5169 3885 5238 8£l,__c:ipessive_runt.

2384 5234 2453 5289 irti
2510 5241 2564 5290 ll
2626 5234 2897 5290 Febrfad
2957 5240 3013 5291 ὃ.
3054 5234 3357 5300 ξΤὴθοιιυΓω
3409 5234 3578 5288 Vitam
3634 5235 3887 5288 diximus.

2380 5305 2511 5357 Cum
2542 5315 2715 5357 autem
2748 5304 2916 5358 factus
2949 5307 3003 5356 flt
3033 5305 3329 5371 patriarcha
3361 5305 3723 5355 Antonius‘an.
3754 5302 3886 5371 888,

2383 5375 2530 5424 senili
2556 5374 2661 5439 jaru
2705 5373 2782 5437 (ut
2822 5372 3013 5423 Menam
3034 5370 3259 5437 habent)
3298 5382 3475 5439 aetate,
3508 5370 3894 5439 sexagenarius

2385 5436 2643 5500 fortasSis,
2677 5436 2914 5503 sequitur
2945 5439 3081 5505 circa
3121 5436 3263 5489 initia
3296 5437 3571 5505 Theophili
3604 5436 3729 5503 imp.
3785 5450 3891 5487 na-

2386 5516 2490 5558 tum
2522 5508 2682 5560 fuisse
2712 5521 2849 5557 anno
2884 5504 3005 5567 8‘28,
3041 5515 3126 5556 aut
3161 5506 3418 5572 sequenti.
