4088 6332
136 332 225 397 1’85

867 336 1032 396 VITA
1069 340 1127 395 S.
1169 338 1473 395 ANTONII
1510 338 1811 396 CAULEEE
1843 342 2473 403 PATRIARCH/ECP.

3147 342 3243 401 18f:

135 448 309 508 Deum,
358 444 515 512 elegit
564 458 699 507 eam,
732 459 849 512 qua
877 444 977 497 fert
1024 446 1087 497 ad
1128 446 1321 511 ipsum,
1391 460 1632 513 asperam
1666 456 1705 503 Α
1736 450 1875 503 dedit
1918 452 2137 513 aditum,
2169 460 2227 503 ut
2276 452 2367 518 qui
2406 458 2657 518 tanquam
2708 450 2858 504 freno
2906 452 3084 519 aliquo
3128 467 3241 504 ean.

133 536 355 603 quidem,
385 534 474 587 sed
500 522 861 601 iquaestuosa'm
896 535 1052 597 viam,
1086 543 1137 586 et
1172 540 1289 600 qlia:
1316 535 1426 586 sola
1462 544 1635 600 petest

134 628 292 678 honos
325 631 648 677 mercatores
679 622 1040 675 transmittere
1069 622 1132 674 ad
1179 623 1318 674 illam
1361 636 1483 674 vere
1513 636 1633 688 pre-

135 716 314 765 tiosam
370 712 727 781 margaritam.
782 711 994 764 Sciebat
1039 710 1179 775 enim
1231 710 1408 761 divino
1455 724 1634 761 amore

134 802 272 868 prius
302 814 451 868 capta
485 799 685 861 anima,
719 798 783 851 ad
813 798 863 851 id
889 799 1081 862 solum,
1113 798 1253 864 quod
1283 797 1631 860 desideratur,

133 892 342 941 omnino
390 890 724 951 contendere,
773 896 827 938 et
875 886 1053 939 omnia
1082 886 1212 937 nihil
1250 886 1460 945 ducere,
1518 900 1635 953 qua“.

138 960 259 1028 nihil
290 975 485 1028 faciunt
513 976 577 1027 ad
608 975 659 1027 id
693 975 833 1043 quod
867 975 1141 1041 quaeritur.
1175 972 1323 1035 Quod
1362 974 1500 1024 enim
1524 981 1633 1025 toto

136 1068 304 1118 animo
331 1065 554 1117 electum
587 1071 667 1117 est
695 1063 759 1115 ad
789 1062 1212 1129 acquisitionem,
1240 1070 1319 1123 est
1342 1062 1545 1113 firmum
1574 1077 1636 1116 ac

136 1151 316 1204 stabile
341 1167 355 1201 :
384 1151 524 1218 quod
552 1159 725 1203 autem
754 1156 834 1201 est
856 1149 1076 1201 firmiter
1099 1148 1440 1215 acquisitum,
1468 1164 1635 1213 prom-

136 1248 271 1304 ptum
300 1245 382 1290 est
407 1238 470 1287 ad
499 1227 947 1289 conservandum:
975 1235 1075 1299 Qui
1109 1237 1249 1289 enim
1280 1239 1441 1291 semel
1468 1237 1637 1290 fuerat

138 1326 375 1375 incitatus
397 1323 458 1374 ad
491 1322 542 1374 id
574 1323 716 1389 quod
745 1330 822 1374 est
843 1322 1142 1384 honestum,
1174 1333 1421 1389 tanquam
1447 1326 1514 1377 ab
1541 1325 1635 1376 ali-

136 1425 231 1476 quo
261 1423 475 1461 carcere
500 1424 530 1461 a
552 1408 746 1462 virtute
772 1417 1067 1476 parentum,
1101 1418 1351 1477 perpetuo
1372 1410 1636 1465 ferebatur

136 1502 341 1568 impetu.
382 1500 541 1553 Deum
574 1516 833 1565 quaerens,
863 1510 915 1552 et
936 1501 999 1553 ad
1024 1504 1193 1568 ipsum
1224 1503 1564 1555 contendens.

200 1587 247 1656 7.
285 1585 481 1639 Dehinc
505 1586 785 1639 deducitur
805 1586 868 1637 ad
890 1588 1059 1638 virum
1089 1596 1353 1643 sanctum,
1384 1588 1472 1654 qui
1508 1602 1635 1655 prte-

136 1681 235 1722 erat
258 1684 413 1723 sacro
436 1671 783 1733 monasterio,
810 1679 861 1723 ct
883 1679 1001 1742 erat
1024 1672 1246 1740 insignis
1278 1673 1467 1725 virtute
1500 1692 1512 1727 :
1550 1674 1634 1726 cui

1740 538 2031 604 repelleret.
2067 545 2118 589 et
2142 538 2362 604 pulchre
2385 530 2666 613 veheretur
2693 547 2746 590 et
2785 538 3013 591 ferretur
3042 540 3105 591 ad
3145 540 3247 590 vir-

1738 633 1921 678 lutem.
1955 624 2133 692 Neque
2158 626 2374 677 omnino
2402 626 2600 692 aliquid
2631 625 2849 678 indulsit
2880 627 3177 693 cupiditati,
3219 642 3248 677 a

1738 712 1963 778 proximi
2012 720 2064 763 et
2107 712 2179 764 rei
2210 720 2399 763 creata:
2433 712 2692 763 charitate
2722 699 3003 763 traducens
3032 711 3094 763 ad
3126 709 3251 764 effe-

1736 808 1956 859 ctorem,
1993 799 2133 866 quod
2168 799 2379 864 quidem
2412 808 2493 851 est
2525 798 2768 850 ultimum
2816 799 3269 867 expetendorum,

1736 897 1787 940 et
1844 888 2072 955 primum
2128 876 2618 940 desiderandorum.
2680 887 2780 938 Per
2836 889 2974 940 hanc
3036 888 3253 941 minime

1738 976 2082 1028 adulteratam
2134 976 2491 1028 conservabat
2527 975 2912 1038 liberalitatem,
2939 977 3004 1028 ab
3040 976 3253 1029 ineunte

1737 1072 1890 1116 aetate
1948 1064 2207 1130 repellens
2254 1063 2579 1116 contrariam
2623 1064 2739 1131 ejus
2784 1062 3108 1115 allec-tionem
3155 1071 3253 1115 τρι

1737 1164 1860 1202 cum
1906 1149 1971 1201 ab
2003 1164 2062 1201 ea
2110 1149 2443 1202 conciliatam
2495 1165 2678 1203 secum
2710 1143 3033 1203 habitantem
3067 1152 3254 1216 aequi-

1738 1238 1919 1291 siisset
1967 1237 2508 1298 commiseratiOuem,
2542 1236 2630 1289 Dei
2683 1238 2902 1291 omnino
2952 1237 3120 1291 factus
3149 1246 3249 1291 est.

1740 1326 1831 1378 Sic
1866 1340 1992 1393 ergo
2022 1340 2081 1378 se
2104 1370 2107 1374 .
2129 1334 2267 1377 recte
2293 1339 2480 1393 gerens
2514 1327 2580 1377 ab
2612 1326 2827 1377 ineunte
2847 1335 3020 1389 aetate,
3052 1334 3165 1378 erat
3200 1326 3249 1377 in

1738 1427 1828 1466 ore
1856 1406 2115 1474 omnium,
2142 1424 2195 1464 et
2223 1412 2564 1465 convertebat
2585 1413 2648 1465 ad
2682 1428 2738 1466 se
2766 1415 3005 1465 omnium
3048 1414 3250 1466 oculos.

1807 1500 1858 1553 9.
1883 1499 2000 1553 Jam
2030 1510 2205 1553 autem
2229 1501 2281 1553 in
2307 1502 2456 1569 genis
2485 1501 2702 1555 florente
2729 1501 2979 1568 lanugine
3005 1509 3061 1553 et
3092 1515 3250 1553 coro—

1740 1595 1901 1640 nante
1930 1588 2132 1639 vultum
2164 1589 2379 1654 plenum
2410 1590 2601 1657 gratia.
2639 1602 2755 1656 quae
2796 1589 2846 1639 in
2895 1585 3097 1655 agendo
3134 1601 3254 1638 ver-

1741 1682 1907 1733 satur,
1956 1671 2304 1739 philosophia:
2350 1684 2560 1739 pratum
2618 1674 2670 1726 in
2727 1689 2791 1726 eo
2842 1674 2998 1727 simul
3036 1672 3255 1740 pulchre

138 1774 368 1827 magnam
397 1760 705 1826 acquirebat
732 1760 953 1828 gloriam
994 1762 1135 1814 actio
1162 1770 1215 1813 et
1244 1763 1634 1828 contemplatio,
1665 1747 1706 1800 Β
1735 1760 1969 1823 florebat,
1998 1770 2051 1813 et
2096 1762 2147 1812 in
2176 1760 2333 1813 corde
2361 1761 2647 1827 disponens
2689 1758 3051 1822 escensiones,
3080 1758 3253 1823 perfe-

138 1862 242 1913 qua
265 1849 507 1915 corporis
552 1856 605 1924 et
650 1849 839 1899 animae
882 1855 1056 1900 motus
1092 1847 1493 1924 dispertiebant.
1536 1846 1637 1913 Qui

142 1949 247 1985 cum
277 1947 400 1985 eum
426 1935 603 1985 statim
638 1933 737 1985 sibi
768 1932 1149 2000 coniunxisset,
1178 1941 1252 1997 et,
1287 1924 1484 2001 utquae
1521 1950 1638 1988 esse

139 2030 294 2085 potest
334 2023 385 2071 in
414 2022 627 2087 juvene,
664 2021 912 2073 virtutem
958 2021 1287 2087 praevideret,
1344 2037 1467 2075 eum
1538 2030 1639 2085 tra-

138 2110 272 2159 duxit
311 2108 380 2160 ad
414 2121 568 2160 suum
624 2110 863 2161 habitum
915 2118 967 2162 et
1011 2109 1263 2162 amictum
1317 2126 1332 2164 :
1385 2122 1634 2179 tanquam

139 2197 352 2263 quadam
368 2199 546 2251 tabula
568 2200 615 2250 ei
641 2201 753 2251 suis
775 2200 1060 2266 propositis
1081 2200 1387 2263 virtutibus,
1410 2216 1638 2271 eumque

141 2301 225 2337 suo
247 2287 489 2352 exemplo
512 2284 827 2351 informans,
858 2287 996 2341 facto
1019 2290 1193 2355 potius
1218 2305 1373 2357 quam
1394 2305 1639 2344 sermone

139 2374 224 2425 fuit
247 2375 293 2426 ei
323 2376 510 2428 doctor
547 2376 802 2447 bonarum
830 2377 1251 2446 disciplinarum.
1281 2380 1323 2430 Δ
1355 2394 1464 2448 quo
1491 2370 1675 2434 exer-V'

138 2470 313 2518 citatus
355 2467 405 2518 in
432 2467 561 2520 orbe
599 2449 1027 2543 disciplinarum,
1051 2469 1265 2539 attraxit
1289 2470 1443 2523 dulce
1474 2469 1641 2524 fluen-

138 2568 233 2607 tum
278 2557 572 2609 divinarum
622 2554 1043 2625 Scripturarum,
1093 2568 1323 2612 externa:
1368 2560 1640 2613 ebrietatis

137 2645 393 2713 crapulam
443 2646 701 2714 repellens
749 2647 842 2699 illo
876 2648 1219 2705 institutore:
1251 2656 1304 2700 et
1348 2648 1412 2700 de
1450 2658 1640 2701 caetero

139 2748 395 2801 nunquam
423 2748 733 2812 conversus,
759 2734 997 2787 admovet
1040 2744 1456 2812 manur‘aratro
1487 2751 1645 2788 exer-

139 2820 410 2881 citationis,
460 2808 755 2887 profundos
797 2818 1145 2893 proscindens
1184 2808 1363 2873 sulcos
1408 2821 1638 2886 virtutis,

141 2916 181 2957 et
219 2908 281 2983 ad
310 2906 523 2962 fructus
551 2906 801 2962 ferendos
834 2918 972 2975 recte
995 2922 1313 2976 praeparans.
1346 2909 1413 2961 Et
1460 2919 1644 2974 noctes

1734 1851 1899 1902 ctiore
1948 1850 2173 1903 consilio
2229 1848 2541 1916 perfectiora
2612 1850 3019 1919 aggreiliebatur
3071 1862 3251 1916 opera.
3346 1856 3349 1859 ‘

1730 1936 2082 2005 Consultabat
2132 1952 2279 2008 vero,
2334 1953 2439 1991 non
2491 1937 2669 1991 divina
2708 1952 2878 1999 musa,
2910 1951 3017 1989 non
3061 1937 3253 1989 Demo-

1735 2024 1945 2077 sthenis
1992 2033 2148 2076 utens
2221 2026 2595 2089 vehementia;
2653 2025 2745 2077 sed
2793 2024 2970 2077 divina
3021 2024 3249 2090 quadam

1733 2110 2012 2178 prudentia
2049 2121 2103 2163 et
2140 2111 2408 2165 hominem
2436 2112 2742 2179 superabat,
2774 2122 2825 2165 et
2876 2112 3071 2178 ubique
3105 2098 3252 2164 iure-

1736 2199 1913 2251 niebat
1953 2199 2641 2266 magnampossessionem,
2685 2214 2820 2260 rem,
2852 2200 3090 2267 inquam,
3116 2198 3253 2250 divi-
3306 2219 3311 2226 ·

1735 2302 1879 2351 nam,
1907 2302 2095 2356 nempe
2119 2292 2234 2355 qua:
2264 2288 2392 2341 deos
2421 2287 2545 2341 facit
2571 2289 2901 2351 charitatem,
2968 2288 3046 2339 vel
3075 2287 3250 2354 potius

1736 2388 1896 2442 quam
1940 2374 2168 2427 habebat
2214 2373 2509 2441 proferens.
2561 2375 2626 2425 ad
2680 2388 2898 2440 scopum
2949 2372 3248 2435 ferebatur,

1736 2464 1989 2534 negotiali
2022 2464 2095 2532 (3)
2145 2462 2489 2530 Hermogenis
2521 2472 2633 2513 arte
2671 2461 2802 2513 nihil
2858 2461 3119 2527 indigens.
3153 2459 3251 2511 Per

1739 2556 1875 2612 hanc
1907 2554 1955 2607 ei
1985 2555 2170 2607 aderat
2215 2567 2421 2623 morum
2454 2552 2643 2604 lenitas
2663 2559 2716 2604 et
2741 2551 3053 2609 moderatio,
3081 2549 3269 2632 gravi;

1737 2652 1842 2705 tas,
1897 2641 2265 2711 mansuetudo,
2318 2639 2651 2707 simplicitas,
2702 2637 2957 2697 suavitas,
2992 2638 3251 2702 serpentis

1740 2729 2018 2799 prudentia
2047 2736 2439 2799 contemperata
2476 2724 2738 2778 columba:
2766 2723 3087 2776 sinceritate.
3117 2720 3246 2773 llinc

1738 2800 1898 2873 etiam
1928 2818 2105 2881 fiebat,
2139 2823 2195 2868 ut
2220 2815 2380 2868 sciret
2405 2825 2705 2867 mensuram
2732 2813 2996 2867 sermonis
3020 2820 3072 2864 et
3092 2812 3251 2864 silen-

1742 2910 1821 2973 tii,
1847 2917 1900 2962 et
1936 2914 2140 2960 motum
2188 2919 2396 2967 manus,
2432 2910 2483 2955 et
2518 2916 2753 2971 gressum
2780 2900 2949 2967 pedis,
2982 2908 3036 2953 et
3066 2908 3253 2967 gustus

143 2996 343 3060 quidem
360 2984 645 3049 'habebant
671 2996 904 3065 linguam
934 2995 1180 3067 precibus
1201 3003 1254 3047 et
1294 2994 1506 3081 hymnis
1548 3011 1639 3048 va-
1669 3027 1712 3083 α
1741 3011 1974 3059 cantum,
2000 3002 2053 3049 et
2079 2994 2366 3047 terminum
2398 2990 2566 3054 visus,
2606 2997 2660 3041 et
2691 2987 2948 3041 anmssim
2978 2985 3249 3083 odoratus,

142 3094 352 3149 cantem,
410 3092 468 3137 et
496 3085 796 3137 divinarum
855 3098 1032 3137 rerum
1107 3083 1469 3148 meditationi;
1526 3084 1641 3138 dics

146 3178 299 3224 autem
347 3186 542 3224 manus
573 3172 914 3241 vehementer
961 3172 1309 3225 inservientes
1340 3172 1425 3246 piis
1450 3173 1537 3239 qui
1564 3173 1639 3225 si-

146 3259 234 3309 mul
261 3274 377 3311 cum
427 3274 493 3312 eo
539 3259 946 3329 exercebantur.
984 3262 1179 3327 Aperte
1219 3262 1359 3313 enim
1419 3261 1636 3327 sciebat,

143 3346 264 3414 quod
296 3346 385 3401 alii
409 3347 620 3401 labores
650 3362 899 3415 magnum
930 3349 1166 3415 quidem,
1208 3343 1417 3416 (quidni
1441 3350 1637 3416 enim?)

146 3437 220 3487 sed
248 3452 348 3489 non
387 3425 825 3489 tantum‘lucrum
858 3436 1125 3505 prebeat;
1172 3436 1262 3502 qui
1305 3432 1480 3488 autem
1512 3452 1640 3490 con-

147 3524 364 3577 feruntur
409 3525 478 3577 ad
524 3524 777 3591 proximo
814 3522 1233 3586 deserviendum,
1295 3524 1636 3591 multiplicem

148 3610 353 3664 fructum
394 3612 647 3677 ferentes,
683 3612 823 3679 quod
856 3626 887 3665 a
909 3610 1016 3666 Deo
1038 3612 1219 3665 datum
1247 3620 1327 3667 cst
1355 3613 1639 3680 unicuique

147 3702 397 3761 talentum,
444 3684 813 3768 multiplicant,
846 3702 999 3770 cujus
1036 3706 1243 3756 summa
1279 3712 1360 3757 est
1386 3703 1636 3768 charitas,

147 3805 242 3852 qua:
274 3798 354 3841 est
390 3786 517 3850 fons.
541 3788 798 3841 bonorum
832 3806 844 3841 :
869 3803 898 3840 a
928 3804 1034 3857 quo
1064 3791 1156 3857 qui
1180 3791 1363 3844 sordes
1383 3793 1638 3860 abstergit

149 3876 269 3928 rivus
296 3874 585 3953 profluens,
618 3874 923 3942 splendidos
962 3876 1233 3942 splendide
1270 3874 1375 3934 Deo
1400 3878 1558 3950 sistit,
1585 3879 1636 3932 id
1689 3876 1693 3878 ν

148 3964 264 4028 quod
291 3971 372 4018 est
390 3962 456 4015 ad
499 3962 617 4028 eius
647 3962 951 4030 imaginem,
982 3962 1159 4016 divina
1194 3964 1488 4018 imitatione
1544 3982 1637 4035 per

148 4054 641 4106 commiserationem
677 4054 1009 4121 describens
1076 4056 1379 4111 indelebile.
1432 4057 1637 4126 Optime
1664 4118 1678 4122 _

149 4140 265 4191 enim
294 4140 430 4207 apud
460 4148 519 4193 se
545 4148 596 4192 et
628 4141 1012 4207 sapientissime
1051 4143 1311 4204 dividens,
1344 4145 1477 4198 hanc
1512 4148 1638 4198 cha-

152 4227 327 4297 ritatetn
385 4242 479 4294 per
532 4234 694 4281 totam
753 4228 914 4280 vitam
948 4228 1213 4303 ’ailliibuit
1257 4233 1491 4297 sociam,
1537 4225 1635 4299 per

1740 3098 1791 3159 et
1828 3084 2125 3141 cautionem
2182 3081 2395 3156 audi-tus
2428 3096 2443 3133 :
2479 3087 2539 3132 ut
2575 3078 2629 3130 in
2692 3092 2823 3145 pura
2866 3085 2919 3131 et
2961 3074 3251 3132 secundum

1738 3188 1979 3232 naturain
2025 3173 2233 3243 specula
2286 3177 2523 3224 maneret
2552 3168 2775 3231 anima,
2828 3174 2883 3219 et
2931 3179 3037 3218 non
3082 3170 3249 3225 mers,

1737 3279 1923 3332 nempe
1956 3263 2000 3316 is
2036 3262 2128 3329 qui
2160 3274 2261 3314 suo
2291 3259 2458 3312 utitur
2486 3256 2728 3317 arbitrio,
2762 3268 2857 3322 per
2900 3252 3158 3305 fenestras
3182 3253 3246 3301 al

1737 3352 1905 3419 ipsam
1938 3349 2159 3401 latenter
2189 3345 2533 3405 ascenderet,
2564 3350 2622 3394 ut
2645 3348 2727 3394 est
2760 3341 2810 3393 in
2836 3336 3151 3405 proverbio.
3189 3333 3253 3386 Et

1736 3440 1801 3493 de
1826 3448 2016 3491 caetero
2043 3447 2207 3489 unum
2238 3444 2352 3486 erat
2378 3432 2425 3484 ei
2455 3430 2710 3492 studium,
2744 3437 2801 3480 ut
2833 3440 3048 3479 carnem
3079 3423 3253 3477 eﬂice-

1736 3534 1816 3579 ret
1859 3514 2059 3579 Servire
2084 3520 2316 3590 spiritui,
2349 3528 2403 3572 et
2442 3516 2626 3570 venari
2668 3515 2810 3568 feras
2841 3514 3249 3580 cogitationum,

1734 3622 1788 3667 et
1822 3590 1978 3677 antra
2008 3621 2296 3677 repurgare
2323 3603 2766 3674 investigantibus
2795 3603 2989 3656 mentis
3019 3600 3266 3654 notioni-‘

1735 3698 1857 3759 bus,
1890 3696 2085 3765 sobriis
2113 3704 2165 3747 et
2182 3690 2549 3761 vigilantibus,
2590 3690 2753 3743 veluti
2784 3687 3028 3752 canibus,
3060 3685 3251 3739 mentis

1735 3786 1998 3843 celeribus
2021 3785 2087 3836 ad
2120 3782 2335 3836 meliora
2364 3779 2709 3832 motionibus.

1804 3875 1888 3930 10.
1908 3872 2263 3940 Quamobrem
2281 3869 2413 3922 nihil
2433 3882 2681 3936 magnum
2699 3862 3249 3924 existimabateorum,

1734 3980 1853 4035 qua:
1880 3970 2119 4016 annuunt
2148 3959 2213 4011 ad
2245 3957 2545 4018 interitum,
2576 3962 2628 4007 et
2660 3953 2857 4029 quibus
2881 3951 3125 4004 innatum
3149 3957 3247 4009 est,

1737 4062 1793 4106 ut
1825 4061 2060 4118 tempore
2104 4046 2345 4100 ditiiuant
2372 4084 2389 4109 ,
2440 4058 2544 4097 non
2581 4042 2823 4111 gloriam,
2857 4054 2963 4094 non
3012 4038 3246 4093 divitias.

1734 4121 1852 4195 non
1890 4142 2076 4207 ipsam,
2122 4150 2244 4204 quae
2277 4146 2359 4189 est
2390 4134 2445 4187 in
2480 4132 2737 4194 dicendo,
2769 4128 3113 4205 sapientiam;
3156 4126 3246 4178 sed

1674 4218 1678 4222 Δ
1712 4233 1921 4284 κυρίως
1954 4229 2179 4282 habebat
2204 4225 2438 4287 divitias,
2470 4236 2656 4290 nempe
2687 4222 2931 4273 virtutem
2976 4224 3029 4269 et
3065 4229 3246 4269 veram

148 4330 279 4378 quam
320 4318 499 4369 anima
530 4332 559 4369 a
584 4317 925 4371 sensibilibus
970 4317 1208 4383 evolans,
1234 4319 1528 4392 revertitur
1570 4310 1711 4373 adi)
1735 4316 2110 4384 cognitionem,
2159 4328 2317 4381 quam
2349 4328 2406 4366 re
2448 4313 2559 4379 ipsa
2610 4307 2900 4369 conciliare
2934 4306 3102 4360 solum
3148 4304 3251 4392 scit

149 4402 347 4464 primam.
370 4402 703 4468 dignitatem.

197 4489 243 4541 8.
276 4490 420 4543 Hanc
449 4491 652 4543 ﬁrmam
677 4492 855 4559 posuit
880 4493 1069 4547 basim.
1107 4493 1277 4561 Super
1300 4509 1415 4548 eam
1444 4496 1634 4552 domus

150 4577 331 4629 virtutis
367 4578 559 4630 stabile
585 4586 639 4629 et
673 4577 885 4631 firmum
915 4579 1048 4648 jeeit
1080 4579 1504 4635 fundamentum.
1536 4582 1635 4636 Per

150 4678 239 4715 eam
284 4680 454 4734 neque
483 4681 631 4719 vana:
678 4666 858 4735 gloriae
915 4669 1130 4723 admisit
1180 4671 1482 4739 vestigium.
1543 4674 1675 4725 Sui/

151 4753 263 4801 enim
299 4753 467 4817 ipsius
519 4768 749 4807 amorem
805 4755 938 4809 solet
975 4756 1075 4809 hoc
1113 4752 1311 4811 'vitium
1359 4758 1631 4824 consequi,

152 4833 255 4888 Nam
279 4842 421 4905 quod
468 4842 785 4910 tenetur,sui
807 4843 973 4909 ipsius
1010 4859 1208 4908 amore,
1237 4846 1453 4899 omnino
1474 4848 1630 4900 etiam

153 4932 327 4979 tenetur
356 4928 540 5003 gloriae
591 4931 923 5005 cupiditate:
962 4933 1045 4987 sui
1092 4942 1265 4986 autem
1300 4950 1481 4987 amore
1527 4928 1630 4987 non

156 5022 352 5077 tenetur,
384 5018 477 5084 qui
503 5018 693 5072 fratres
718 5019 906 5088 diligit.
936 5020 1027 5073 Est
1051 5037 1177 5088 ergo
1207 5022 1330 5073 vitio
1364 5023 1629 5089 superius.

155 5102 266 5164 quod
285 5104 445 5155 servit
466 5119 556 5171 per
590 5107 923 5170 charitatem,
953 5117 1004 5159 et
1030 5108 1079 5159 in
1105 5109 1410 5161 servitutem
1444 5109 1632 5174 redigit

158 5184 282 5250 feras,
327 5204 449 5255 qua!
482 5191 627 5245 intus
677 5204 823 5256 sunt,
882 5196 1101 5255 bestias,
1151 5195 1336 5258 animi,
1392 5196 1630 5263 inquam,

157 5263 574 5339 perturbationum
624 5278 853 5356 furiosos
900 5283 1164 5351 impetus:
1200 5299 1368 5353 neque
1397 5286 1488 5338 ulli
1543 5286 1633 5339 irae

210 5468 272 5545 β)
300 5468 656 5545 Hermogenes
702 5469 980 5545 Tarsensis
1013 5477 1139 5529 clari
1188 5476 1420 5530 nominis
1450 5477 1631 5530 rhetor

165 5531 264 5598 fuit,
289 5539 435 5608 cujus
462 5531 621 5611 variae
646 5549 855 5595 exstant
870 5542 1123 5598 Oratoriae
1152 5545 1529 5610 institutiones,
1562 5548 1626 5599 de

1732 4400 2091 4471 philosophia.
2111 4400 2322 4453 Sciebat
2342 4397 2503 4457 enim,
2527 4394 2667 4463 quod
2690 4393 2899 4447 etiamsi
2918 4390 3245 4461 philosophia

1732 4491 1801 4545 sit
1867 4504 2050 4544 eorum
2100 4503 2217 4556 qua:
2272 4493 2399 4539 sunt
2448 4483 2713 4551 cognitio,
2770 4483 2907 4536 actio
2941 4494 3114 4535 tamen
3166 4485 3247 4530 est

1732 4580 1983 4634 assensus
2012 4592 2149 4630 vera:
2173 4572 2659 4641 contemplationis.
2697 4572 2771 4625 Ex
2802 4569 3244 4636 contemplatione
3294 4596 3299 4599 ε

1729 4676 1904 4719 autem
1960 4657 2141 4717 eorum
2202 4677 2321 4729 qua:
2374 4670 2517 4724 sunt,
2552 4660 2812 4729 exquisita
2862 4657 3238 4711 consideratio.

1729 4754 1948 4807 Aetione
1968 4746 2093 4821 ergo
2111 4753 2318 4805 videtur
2339 4766 2521 4805 veram
2541 4748 2812 4817 acquirere
2830 4746 3241 4815 philosophiam.

1722 4842 1873 4896 Talis
1897 4850 2009 4895 erat
2055 4841 2265 4907 quidem
2298 4855 2463 4892 novus
2492 4837 2687 4905 Joseph
2735 4838 2915 4905 regula
2945 4845 3240 4904 temperau-

1730 4932 1818 4985 tite
1847 4948 1862 4984 :
1892 4932 1984 4999 qui
2033 4930 2286 4981 adversus
2332 4928 2457 4978 vitia
2496 4935 2550 4979 et
2586 4926 2852 4980 daemones
2881 4928 3023 4979 clara
3072 4925 3239 4977 erexit

1730 5027 1924 5085 tropaea
1964 5025 2056 5068 :et
2106 5015 2206 5069 fuit
2250 5015 2460 5083 quidem
2517 5016 2628 5083 ipse
2673 5015 2985 5083 praeclarus,
3046 5010 3240 5064 multos

1730 5113 1903 5157 autem
1966 5104 2323 5173 pnecluriores
2371 5104 2593 5157 reddidit
2644 5116 2743 5155 suo
2792 5103 3050 5169 exemplo.
3100 5096 3236 5161 Quid

1730 5191 1859 5244 mihi
1916 5190 2201 5244 Socratica:
2249 5192 2314 5242 ad
2350 5191 2461 5243 haec
2512 5188 2924 5253 admonitiones,
2963 5195 3054 5240 aut
3096 5186 3239 5253 leges

1729 5278 2031 5341 Platonicae,
2062 5289 2154 5330 aut
2175 5278 2414 5330 universa
2451 5276 2620 5330 virtus
2645 5277 2938 5347 gentilium,
2974 5288 3092 5341 quae
3118 5274 3238 5328 lit-ta

1729 5474 2000 5542 petitione,
2056 5472 2120 5528 de
2163 5474 2485 5539 inventione,
2540 5473 2724 5529 formis
2774 5472 3002 5537 dicendi,
3056 5473 3235 5541 gravi-

1733 5553 1855 5607 tate,
1884 5551 1984 5596 etc.
