4088 6332
743 411 834 472 187

1869 417 1916 472 N
1925 417 2272 476 ICEPHORI
2312 420 2761 480 PHILOSOPHI

3779 423 3884 484 188

739 543 913 607 specie
964 542 1280 594 exercetur?
1323 541 1454 606 Quis
1487 541 1647 596 Solon
1683 544 1855 613 legum
1904 547 2152 608 decretis,
2197 557 2253 600 ut
2283 535 2317 585 Α

2356 543 2458 579 non
2490 538 2691 595 pateret
2738 529 2911 582 aditus
2963 537 3173 598 propter
3203 530 3552 598 asperitatem,
3596 547 3609 582 :
3648 531 3788 585 adeo
3818 539 3884 586 ut

742 631 863 680 hinc
897 628 1112 682 monitis
1165 631 1350 683 activa:
1397 632 1767 700 philosopltiaz,
1803 648 1921 699 qua:
1970 649 2026 686 re
2054 635 2162 701 ipsa
2206 642 2259 688 et

741 718 896 771 factis
930 719 1237 784 loquuntur,
1270 722 1486 772 deduxit
1515 723 1756 774 homines
1788 723 1851 774 ad
1888 724 2103 776 meliora
2138 735 2257 777 stu-

738 808 860 857 dia?
885 809 1011 870 Quis
1039 807 1372 874 Epimenides
1405 810 1455 860 in
1479 812 1635 862 rebus
1659 812 1850 864 divinis
1868 812 1998 864 adeo
2022 814 2253 878 sapiens,

739 898 854 947 vita:
887 897 1078 948 divina:
1108 897 1287 949 multis
1322 896 1420 949 fuit
1450 899 1694 951 occasio?
1722 898 1821 951 Per
1858 916 2013 968 quem
2043 900 2257 953 fuerunt

737 987 949 1052 quidem
1005 997 1172 1038 morte
1229 985 1612 1066 allecta‘vitia,
1676 999 1892 1054 purgata
1949 1006 2125 1042 autctn
2160 991 2258 1043 fuit

736 1074 908 1124 anima
965 1081 1014 1125 et
1062 1090 1276 1140 corpus,
1338 1075 1770 1144 resplenduitque
1811 1078 1914 1128 vita
1971 1080 2148 1144 quieta
2202 1089 2255 1132 et

740 1173 936 1214 temota
991 1178 1018 1214 a
1077 1164 1353 1230 negotiis:
1399 1165 1448 1214 in
1500 1181 1605 1230 quo
1658 1177 1710 1217 et
1748 1166 1837 1217 ira:
1896 1167 2256 1221 fabricabatur

737 1268 937 1314 cantus,
991 1262 1042 1304 et
1077 1252 1282 1303 frenum
1319 1253 1530 1319 linguai,
1560 1265 1607 1306 et
1632 1255 1859 1321 partium
1891 1257 2077 1309 anima:
2100 1274 2256 1310 exer-

735 1340 955 1390 cebatur
988 1349 1300 1393 concentus.
1326 1340 1398 1392 Ex
1424 1344 1638 1408 quibus,
1663 1353 1716 1395 et
1753 1359 1843 1409 per
1868 1360 2003 1410 quae,
2038 1347 2256 1412 pulchre

735 1427 1057 1478 elliciebatur
1102 1442 1263 1479 unum
1296 1442 1498 1496 genus;
1531 1430 1670 1496 quod
1704 1430 1935 1498 antiqua:
1964 1434 2257 1499 pulchritu-

737 1515 875 1565 diuis
902 1514 1108 1567 divinos
1137 1514 1409 1566 emittebat
1435 1514 1762 1581 splendores.

1323 1645 1543 1700 CAPUT
1578 1645 1638 1698 Il.

737 1757 914 1810 Sttnrti
939 1759 1145 1808 Antonii
1177 1760 1512 1810 sacerdotium
1540 1777 1556 1812 :
1581 1761 1884 1826 prwfectura
1913 1766 2212 1815 monasterii
2238 1782 2255 1817 :

805 1827 1068 1877 nrwclara:
1098 1828 1146 1876 in
1187 1827 1278 1878 hoc
1318 1845 1521 1880 munere
1563 1832 1772 1882 virtutes
1807 1847 1822 1881 :

805 1896 1044 1945 c/tisnms.

805 2026 885 2077 ll.
918 2025 1048 2091 Ctnn
1094 2039 1269 2077 autem
1325 2026 1640 2092 procedente
1689 2035 1922 2094 tempore
1953 2030 2016 2082 ad
2052 2030 2252 2082 virilem

734 2111 1065 2176 pervenisset
1121 2119 1348 2173 aetatem,
1382 2121 1433 2162 et
1463 2112 1671 2166 virilius
1713 2116 1934 2166 activam
1987 2129 2257 2170 exerceret

738 2197 1152 2264 philosophiam,
1194 2199 1346 2251 lactus
1373 2199 1488 2265 ejus
1521 2210 1809 2267 praeceptor
1838 2213 2052 2269 propter
2085 2206 2255 2257 incor-

735 2301 952 2351 poream
989 2287 1148 2338 vitam
1182 2287 1232 2338 in
1265 2287 1362 2339 viri
1412 2303 1648 2353 corpore,
1678 2299 1729 2341 et
1761 2300 2010 2358 tanquam
2043 2297 2252 2361 propria

734 2373 964 2440 glorians
993 2388 1113 2426 eum
1144 2375 1288 2428 ducit
1315 2375 1382 2428 ad
1412 2376 1582 2438 illum,
1613 2378 1702 2444 qui
1738 2389 1860 2432 tunc
1899 2382 2109 2434 tenebat
2143 2384 2253 2436 cla-

732 2476 856 2514 vum
891 2461 965 2529 (ti)
1010 2462 1361 2530 pontiﬁcalem
1395 2465 1627 2516 civitatis
1664 2467 1837 2533 regi-.e,
1872 2477 1926 2520 ut
1955 2468 2256 2522 initiaretur

733 2551 1024 2604 chrismate
1057 2552 1389 2621 presbyterii.
1432 2555 1531 2617 Qui
1582 2570 1686 2608 non
1736 2557 1905 2608 solum
1936 2573 2030 2624 per
2060 2561 2253 2626 gradus

734 2640 1078 2694 intermedios
1107 2657 1226 2693 eum
1258 2642 1475 2696 deduxit
1515 2645 1578 2696 ad
1607 2646 1971 2698 indumentum
2005 2649 2254 2701 sacerdo-

732 2729 812 2789 tii,
868 2729 957 2780 sed
993 2730 1136 2783 illius
1172 2731 1477 2785 testimonio
1515 2749 1633 2785 eum
1668 2736 1822 2786 etiam
1881 2737 2169 2800 ordinavit,
2197 2747 2254 2790 ut

731 2824 979 2880 praeesset
1017 2819 1341 2871 monasterio
1375 2839 1386 2872 :
1423 2830 1474 2872 et
1501 2823 1562 2874 de
1590 2833 1780 2875 caetero
1823 2840 1958 2876 novo
1986 2825 2116 2880 Mosi
2145 2838 2253 2881 tra-

731 2905 876 2956 ditur
910 2907 1091 2973 populi
1149 2909 1334 2970 rectio,
1380 2919 1436 2961 ut
1462 2913 1551 2977 qui
1586 2926 1744 2978 parva
1787 2914 2116 2982 philosophia
2144 2918 2254 2968 col-

732 2995 917 3063 legerit
947 2999 1165 3050 multam
1196 2999 1413 3066 pulchre
1446 3003 1694 3068 pascendi
1731 3004 1994 3069 peritiam.
2030 3004 2254 3062 Virtutis

730 3084 872 3135 enim
912 3072 1180 3139 statuebat
1212 3088 1589 3153 perfectionem
1620 3106 1721 3143 non
1745 3093 1918 3148 solum
1951 3095 2002 3145 in
2032 3108 2095 3147 eo
2132 3111 2251 3150 esse

730 3173 912 3232 sitam,
946 3183 1004 3226 ut
1045 3176 1159 3242 ipse
1192 3188 1250 3250 se
1301 3186 1443 3231 recte
1480 3193 1713 3245 gereret;
1742 3183 1831 3234 sed
1883 3193 1940 3235 ut
1990 3185 2145 3237 etiam
2184 3202 2246 3239 ex
2275 3157 2317 3214 (δ

729 3261 956 3326 quadam
1009 3264 1360 3317 redundantia
1415 3275 1554 3319 esset
1600 3269 1845 3322 omnibus
1900 3271 2097 3338 regula.
2134 3271 2247 3325 Non

729 3359 851 3402 sunt
873 3350 1013 3402 enim
1070 3360 1175 3403 tam
1214 3367 1424 3405 sonora:
1477 3355 1614 3407 tubae
1643 3371 1709 3408 eo
1735 3366 1968 3424 tempore
2006 3374 2113 3426 quo
2147 3369 2251 3414 stat

731 3439 990 3491 instructa
1023 3441 1185 3505 acies,
1221 3441 1285 3492 ad
1317 3442 1513 3496 milites
1543 3444 1607 3495 ad
1660 3460 1884 3512 pugnum
1917 3448 2247 3511 excitandos,

728 3537 786 3578 ut
816 3527 1029 3580 virtutis
1071 3530 1292 3583 sudores
1331 3545 1423 3583 eos
1457 3532 1546 3598 qui
1581 3540 1707 3585 sunt
1750 3535 1971 3602 subjecti
2018 3538 2251 3589 excitant

725 3614 788 3664 ad
821 3613 936 3665 acie
957 3616 1350 3666 decernendum
1381 3617 1637 3670 adversus
1667 3617 1931 3680 inimicos,
1967 3620 2056 3686 qui
2085 3622 2251 3686 perci-

726 3703 944 3767 piuntur
992 3702 1358 3770 intelligentia.
1407 3701 1472 3755 Et
1515 3705 1790 3772 quomodo
1845 3706 1948 3760 dux
1983 3711 2250 3761 exercitus

725 3791 983 3842 adverSus
1019 3789 1196 3845 hostes
1228 3807 1440 3846 omnem
1474 3803 1647 3846 movet
1674 3795 1863 3856 aciem,
1896 3797 2107 3863 quando
2141 3800 2250 3864 ipse

726 3893 955 3946 pugnam
1007 3881 1295 3947 inceperit,
1330 3882 1484 3935 factis
1531 3897 1657 3936 suos
1702 3885 1942 3938 excitans
1973 3886 2036 3938 ad
2082 3889 2249 3941 virtu-

727 3972 871 4027 tem;
903 3964 971 4014 ita
1011 3965 1167 4016 etiam
1209 3966 1300 4034 qui
1339 3975 1465 4019 sunt
1496 3968 1758 4020 exercitus
1796 3968 1957 4022 duces
1996 3972 2249 4028 adversus

725 4053 875 4117 vitia,
906 4066 1025 4104 cum
1060 4051 1259 4107 fuerint
1291 4056 1520 4110 redimiti
1550 4055 1817 4124 praeclaris
1847 4061 2060 4113 coronis
2090 4061 2250 4116 victo-

725 4141 836 4202 riae,
865 4139 1166 4193 efﬁciuntur
1191 4141 1442 4197 omnibus
1472 4142 1653 4198 efﬁcax
1684 4145 1993 4199 admonitio.

796 4227 880 4279 l2.
918 4228 1050 4280 Hinc
1080 4237 1193 4281 erat
1237 4229 1282 4281 ei
1311 4240 1565 4298 perpetua
1612 4235 1993 4300 propemodum
2047 4234 2245 4301 inedia,

724 4329 776 4369 et
811 4317 1009 4383 vigilia,
1051 4328 1100 4369 et
1129 4333 1248 4384 qua
1275 4334 1552 4387 nunquam
1588 4322 2036 4376 lntermittcbatur
2059 4337 2246 4392 proca.

2357 629 2497 670 esset
2528 618 2742 685 quidam
2775 633 2867 685 per
2894 620 3071 671 omnia
3101 620 3360 671 honorum
3391 628 3681 674 concentus
3705 618 3884 672 admi-

2356 705 2559 758 rabilis.
2598 705 2914 772 Licebatque
2945 708 3120 759 videre
3152 707 3280 775 (illic
3307 707 3447 760 enim
3474 722 3584 759 mea
3628 715 3885 761 versatur

2357 795 2624 862 cogitatio)
2653 803 2886 862 tempore
2911 796 3073 848 divini
3098 797 3331 871 mysterii
3363 805 3588 849 stantem
3622 798 3882 849 sacerdo-

2359 895 2457 935 tetn
2500 895 2620 936 ante
2659 885 2900 937 ordinem
2966 886 3340 947 monasticam,
3392 901 3499 937 non
3536 900 3690 939 secus
3708 895 3884 952 atque

2358 969 2657 1023 Samuelem
2698 973 2844 1024 illum
2894 974 3078 1025 scribit
3109 976 3296 1035 oratio,
3331 982 3604 1040 totumque
3644 973 3752 1025 Deo
3799 973 3881 1024 af-

2350 1061 2515 1112 ﬁxum
2544 1069 2592 1112 et
2623 1055 2894 1124 tribunali,
2921 1071 2973 1114 et
3001 1077 3117 1114 cum
3150 1047 3255 1115 Deo
3287 1074 3581 1114 versantem
3615 1050 3882 1114 immacu-

2357 1147 2476 1200 latis
2504 1148 2694 1215 mentis
2728 1150 3194 1216 applicationibus,
3233 1160 3286 1204 et
3327 1151 3517 1204 divinis
3543 1150 3880 1216 contempla--

2356 1232 2591 1284 tionibus
2657 1234 2899 1286 elfectnm
2960 1244 3126 1288 totum
3204 1237 3474 1300 divinum,
3544 1245 3595 1288 et
3650 1237 3880 1304 pulchra

2357 1331 2616 1373 mutatum
2672 1323 2998 1376 alteratione.
3049 1323 3174 1376 Mihi
3229 1339 3357 1378 vero
3406 1326 3649 1377 videntur
3680 1324 3881 1375 divina:

2355 1425 2567 1477 quoque
2604 1411 2828 1465 virtutes
2883 1427 3002 1466 eum
3055 1411 3465 1475 circumsistere,
3521 1421 3574 1465 et
3619 1411 3666 1464 ei
3714 1409 3882 1462 mini-

2357 1497 2608 1552 strare.0
2629 1500 2865 1552 divinum
2897 1501 3219 1554 sacriﬁcium
3246 1501 3304 1554 lo
3321 1499 3610 1569 perfectum
3640 1496 3882 1552 eﬂlciens

2356 1589 2699 1655 mysterium!
2732 1604 2762 1642 o
2809 1591 2934 1651 vita,
2977 1607 3093 1658 quae
3131 1593 3197 1644 ab
3225 1606 3289 1643 eo
3328 1589 3648 1658 tdegebatur,
3698 1587 3792 1655 qui
3823 1586 3882 1638 in

2356 1693 2579 1745 corpore
2601 1687 2713 1730 erat
2753 1688 3002 1746 tanquam
3037 1680 3402 1745 incorporeus.

2427 1768 2509 1819 15.
2554 1767 2671 1819 Haec
2716 1768 2900 1820 videns
2939 1770 3052 1848 ejus
3100 1778 3248 1834 pater
3294 1766 3582 1820 secundum
3636 1778 3882 1825 carnem,

1867 1834 2030 1896 Pa"is
2075 1851 2252 1884 "“ma’
2283 1847 2327 1905 Β
2357 1856 2670 1909 desideravit
2709 1866 2914 1909 mutare
2941 1834 3080 1934 in;
3124 1858 3382 1920 habitum,
3423 1863 3473 1907 et
3502 1854 3881 1906 indumentum

2359 1946 2574 1997 induere
2605 1947 2977 1998 tnonasticum.
3013 1946 3138 1998 Nam
3181 1948 3319 2014 quod
3367 1945 3431 1999 ad
3462 1945 3672 1997 virtutis
3708 1942 3878 1994 ratio-

2355 2047 2472 2083 nem
2511 2032 2726 2090 attinet,
2774 2033 2819 2084 ci
2855 2032 2960 2084 fere
3010 2035 3139 2084 nihil
3171 2034 3367 2094 deerat,
3412 2043 3469 2084 ut
3500 2031 3653 2098 cujus
3693 2045 3723 2081 a
3764 2043 3884 2080 tne-

2358 2119 2471 2171 liori
2508 2121 2832 2173 institutione
2861 2130 2967 2173 tota
3000 2123 3100 2174 vita
3136 2122 3401 2187 penderet.
3440 2121 3599 2187 quue
3637 2132 3742 2170 non
3785 2132 3884 2183 per

2355 2208 2510 2258 aliam
2543 2223 2776 2266 manum,
2805 2208 2894 2259 sed
2923 2223 3014 2274 per
3043 2208 3182 2260 illam
3213 2222 3412 2263 sacram
3447 2220 3683 2267 manum,
3719 2203 3884 2268 cujus

2355 2296 2463 2363 ipse
2494 2295 2662 2348 fuerat
2693 2296 2945 2359 raricola,
2978 2297 3114 2349 hanc
3140 2311 3350 2364 quoque
3375 2296 3592 2362 gratiam
3625 2292 3886 2360 cupiebat

2354 2387 2611 2452 accipere.
2639 2384 2741 2438 Pro
2775 2386 3021 2439 omnibus
3053 2385 3320 2438 alimentis
3348 2382 3668 2450 postulabat,
3698 2391 3754 2433 ut
3782 2378 3884 2431 filii
3909 2427 3912 2431 ,

2354 2491 2512 2527 manu
2537 2475 2855 2539 initiaretur,
2880 2484 2932 2528 et
2954 2485 3101 2528 suam
3134 2474 3337 2528 vivendi
3367 2474 3590 2525 formam
3623 2477 3880 2522 mutaret.

2355 2564 2645 2633 Regenerat
2678 2579 2802 2633 ergo
2825 2579 2966 2627 eum,
2992 2563 3080 2632 qui
3111 2572 3359 2631 genuerat
3385 2580 3397 2614 :
3427 2570 3478 2614 et
3505 2561 3573 2621 ei,
3605 2558 3691 2627 qui
3720 2569 3880 2611 ortus
3939 2631 3946 2634 .

2352 2655 2590 2718 COrporis
2631 2653 2826 2707 fontem
2875 2653 3203 2722 prabuerat,
3254 2651 3443 2703 animae
3488 2648 3626 2700 filius
3680 2660 3877 2714 puram

2351 2739 2508 2794 eilicit
2541 2742 3011 2808 regenerationem.
3042 2737 3103 2791 Et
3136 2754 3255 2791 cum
3289 2738 3490 2804 aliquot
3521 2749 3687 2786 annos
3720 2732 3881 2785 forti-

2353 2840 2430 2884 ter
2455 2831 2637 2899 jugum
2683 2809 2934 2884 traxisset
2979 2828 3351 2883 monasticum.
3383 2825 3593 2894 plenum
3628 2823 3838 2875 dierum
3862 2859 3881 2883 ,

2351 2920 2564 2987 plenum
2598 2919 2868 2980 virtutum,
2897 2919 3103 2984 plenum
3136 2917 3447 2983 gratiarum,
3484 2921 3730 2980 tanquam
3756 2925 3882 2961 ma-

2352 3015 2528 3058 turum
2569 3006 2798 3073 aliquem
2846 3005 3099 3066 fructum,
3144 3003 3196 3055 in
3231 3002 3464 3054 cuzlestia
3507 3001 3718 3060 horrea,
3751 3013 3882 3051 cum

2352 3096 2648 3149 advenisset
2683 3105 2907 3162 tempus,
2940 3110 3059 3147 cum
3088 3095 3219 3146 bona
3250 3107 3341 3160 spe
3363 3091 3695 3154 transmittit,
3725 3089 3883 3142 labo-

2349 3201 2466 3238 rum
2493 3185 2677 3251 dignas
2705 3198 2930 3237 coronas
2953 3191 3311 3250 accepturum.
3343 3179 3511 3247 Atque
3538 3179 3615 3231 sic
3656 3176 3880 3249 quidep

2349 3271 2730 3324 admirabiliter
2780 3286 2863 3324 res
2911 3270 3028 3338 ejus
3071 3285 3127 3323 se
3183 3269 3468 3321 habebant.
3515 3265 3693 3334 Neque
3729 3265 3880 3317 enim

2299 3363 2303 3367 ’
2350 3359 2462 3410 ﬁeri
2495 3367 2690 3426 potest,
2717 3367 2776 3411 ut
2797 3361 2972 3414 omnia
2996 3350 3480 3409 describat"oratio.

2423 3447 2502 3498 M.
2539 3445 2782 3500 Oblatum
2822 3455 3002 3497 autem
3032 3449 3510 3529 tempus‘lanquam
3546 3439 3751 3492 lucrum
3784 3437 3895 3489 ac~'

2350 3537 2572 3604 cipiens,
2604 3535 2962 3590 misericordis
2985 3532 3173 3598 animi,
3196 3531 3337 3601 quod
3360 3533 3465 3598 jam
3484 3530 3572 3583 diu
3595 3537 3715 3580 ante
3737 3541 3881 3579 con-

2350 3636 2581 3694 ceperat,
2619 3626 2793 3679 fontes
2835 3626 3060 3693 aperuit,
3089 3633 3141 3677 et
3169 3624 3310 3676 rivos
3357 3620 3533 3673 emisit
3566 3616 3882 3669 misericor-

2351 3714 2470 3776 diae,
2540 3715 2806 3766 solventes
2850 3712 3146 3778 squalorem
3188 3722 3500 3776 pauperum,
3555 3717 3881 3771 expromens

2350 3802 2582 3867 quidem,
2626 3803 2670 3853 si
2700 3801 2825 3869 quid
2869 3800 3209 3861 redundabat,
3236 3798 3298 3848 ad
3337 3798 3543 3848 illorum
3577 3807 3748 3858 usum,
3778 3806 3883 3844 ex-

2349 3905 2598 3958 promens
2639 3899 2812 3942 autem
2853 3888 3013 3941 multa
3048 3900 3257 3955 quoque
3284 3900 3345 3936 ex
3386 3879 3720 3935 necessariis.
3751 3878 3876 3932 Non

2348 3981 2490 4030 enim
2540 3980 2593 4030 in
2635 3967 2734 4039 iis,
2761 3994 2878 4045 qua:
2911 3978 3237 4038 redundant,
3265 3973 3656 4040 impertiendis,
3685 3970 3776 4023 sed
3818 3970 3875 4022 in

2350 4067 2414 4122 iis
2456 4069 2613 4120 ctiam
2649 4082 2765 4134 quae
2798 4068 3004 4126 desunt,
3033 4066 3119 4117 ille
3146 4078 3320 4116 veram
3361 4062 3624 4116 statuebat
3657 4061 3878 4112 miseri-

2346 4159 2600 4211 cordiam.
2634 4157 2693 4210 Et
2721 4153 3020 4210 communis
3047 4156 3203 4207 simul
3232 4155 3497 4222 proposita
3527 4161 3641 4206 erat
3669 4150 3879 4204 utilitas

2346 4247 2598 4299 divitibus
2620 4254 2672 4298 et
2698 4246 3017 4312 pauperibus
3051 4261 3064 4296 :
3104 4244 3188 4295 his
3226 4241 3487 4309 siquidem
3512 4241 3720 4292 solvens
3752 4238 3878 4290 ino-

2346 4338 2508 4403 piam,
2555 4337 2673 4388 illos
2703 4344 2876 4386 autem
2907 4333 3138 4399 eripiens
3167 4333 3232 4384 ab
3267 4330 3485 4391 invidia,
3515 4342 3632 4394 quae
3664 4336 3745 4379 est
3779 4341 3876 4378 re-

726 4406 800 4457 tio
843 4424 855 4457 :
890 4420 951 4457 ex
987 4406 1179 4472 quibus
1203 4395 1270 4459 et
1301 4421 1395 4474 per
1445 4423 1563 4476 quae
1589 4420 1702 4463 erat
1737 4413 1973 4478 Corporis
2008 4427 2244 4467 ntaccra-
2269 4447 2321 4505 Β
2347 4395 2512 4491 posita
2541 4423 2628 4484 iis,
2659 4422 2748 4486 qui
2786 4421 2928 4471 nulla
2966 4395 3244 4470 moventur
3275 4415 3636 4469 misericordia
3670 4431 3682 4466 :
3719 4427 3877 4466 com-

729 4495 821 4555 tio,
852 4506 901 4546 et
937 4495 987 4546 in
1012 4509 1172 4548 carne
1199 4496 1303 4549 vlta
1351 4498 1529 4551 carnis
1554 4512 1764 4567 expers,
1794 4511 1845 4554 et
1891 4503 2246 4570 tranquillitas

725 4585 1130 4650 COgitationum.
1168 4587 1301 4639 Hinc
1349 4602 1553 4651 eorum,
1606 4601 1726 4655 qua
1779 4589 2075 4655 oportebat,
2130 4599 2247 4645 erat

725 4677 933 4725 sincera
960 4657 1274 4742 disceptatio
1319 4687 1373 4728 et
1403 4676 1686 4742 judicium,
1716 4684 1768 4730 et
1809 4677 2046 4731 omnium
2087 4677 2246 4733 simul

724 4764 1052 4828 voluptatum
1087 4766 1440 4832 contemptio,
1471 4776 1523 4819 et
1558 4769 1761 4836 byemis
1790 4781 1851 4822 ac
1877 4770 2078 4824 :rstatis
2111 4776 2244 4824 tem—

724 4870 848 4915 pore
889 4869 1081 4919 corpus
1138 4872 1291 4907 suum
1345 4870 1448 4908 una
1499 4855 1717 4909 amicire
1747 4857 1944 4920 tunica,
1991 4857 2244 4927 humique

720 4943 954 5000 cubatio,
992 4952 1041 4992 et
1067 4959 1245 4994 mensa
1282 4946 1423 4995 nullo
1460 4955 1714 5011 apparatu
1743 4946 2019 5009 instructa,
2047 4959 2104 4999 ut
2128 4959 2246 5014 qua

723 5048 854 5096 [tunc
903 5041 952 5082 et
985 5033 1514 5108 υιοτὶὺυξρχςίνρτει
1544 5037 1945 5089 exercitatorem
1981 5051 2155 5099 :.non,
2188 5047 2245 5089 ut

727 5120 926 5183 multis,
963 5123 1024 5172 ad
1056 5124 1258 5188 aliquot
1291 5138 1474 5185 annos,
1507 5126 1595 5176 sed
1639 5140 1666 5176 a
1699 5127 1894 5179 teneris
1924 5128 2241 5192 unguiculis,

723 5225 748 5258 a
793 5199 958 5274 prima
1010 5212 1222 5264 ineunte
1255 5223 1404 5266 aetate
1438 5213 1682 5280 perducta
1718 5230 1884 5281 usque
1910 5216 1975 5267 ad
2005 5216 2241 5268 ultimam

722 5309 770 5348 et
819 5301 1058 5353 senilem.
1103 5302 1235 5355 llinc
1260 5314 1371 5356 erat
1410 5306 1691 5359 austeritas
1730 5315 2019 5374 temperata
2067 5308 2245 5360 suavi-

724 5397 848 5448 tate,
900 5399 949 5439 et
994 5391 1207 5443 lenitate
1235 5395 1524 5458 asperitas;
1569 5408 1626 5447 ut
1680 5413 1846 5461 neque
1899 5398 2243 5462 reprehensio

725 5488 865 5528 esset
898 5480 1096 5531 inutilis
1127 5485 1742 5548 pt-Opterausteritatem,
1766 5502 1932 5552 neque
1955 5486 2243 5554 disciplina:

795 5610 869 5670 (ἱ)
911 5609 954 5660 Is
988 5612 1192 5663 videtur
1223 5614 1278 5664 S.
1315 5617 1544 5681 lgnalius
1573 5616 1753 5676 fuisse,
1791 5625 1880 5667 aut
1915 5615 2029 5681 ejus
2057 5617 2245 5669 fortas-

729 5696 800 5730 sis
835 5683 1077 5733 decessor
1115 5681 1166 5734 S.
1206 5682 1521 5751 .‘lcthodius,
1559 5686 1600 5738 si
1633 5688 1806 5740 senior
1830 5701 1985 5752 quant
2010 5688 2242 5754 conjeci-

2348 4510 2522 4563 munis
2553 4510 2872 4570 benefactor,
2897 4508 3195 4560 communis
3218 4518 3454 4568 curator,
3473 4505 3875 4572 magistratibus

2345 4608 2396 4653 et
2431 4602 2668 4668 privatis,
2711 4599 2945 4652 omnium
2978 4606 3180 4650 mentes
3211 4611 3309 4649 suo
3335 4597 3573 4661 exemplo
3605 4592 3874 4646 transfor-

2347 4704 2500 4744 mans
2524 4701 2574 4742 et
2599 4703 2922 4756 componens
2944 4689 3007 4740 ad
3032 4687 3271 4748 meliora,
3300 4700 3482 4753 parum
3505 4684 3718 4750 quidem
3751 4698 3876 4734 ver-

2346 4778 2448 4841 bis,
2484 4777 2634 4830 laetis
2665 4791 2788 4828 vero
2825 4776 3111 4843 plurimum
3152 4787 3445 4841 provocans
3496 4771 3559 4823 ad
3594 4770 3869 4832 virtutem.

2349 4867 2495 4920 Unde
2527 4868 2686 4920 etiam
2729 4874 2843 4918 erat
2895 4866 3212 4918 reverendus
3258 4861 3672 4929 magistratibus,
3715 4875 3869 4912 reve-

2347 4955 2542 5007 rendus
2583 4956 2648 5007 iis
2694 4954 2783 5021 qui
2838 4963 2987 5006 erant
3034 4953 3084 5004 in
3125 4952 3486 5016 dignitatibus,
3539 4960 3697 5017 atque
3735 4949 3874 5016 ipsis

2346 5046 2475 5097 adeo
2506 5043 2909 5112 imperatoribus
2938 5062 2951 5096 :
2978 5054 3220 5111 recteque
3243 5044 3289 5094 ei
3313 5041 3624 5108 procedebat
3649 5042 3872 5092 univer-

2346 5151 2460 5190 sum
2493 5150 2624 5201 opus
2648 5133 3140 5195 administrationis,
3175 5133 3383 5184 neruine
3413 5137 3750 5196 repugnante.
3786 5126 3869 5180 Ex

2347 5224 2429 5278 his
2458 5236 2632 5276 autem
2662 5237 2765 5274 non
2796 5231 2907 5275 erat
2936 5221 3261 5285 inet-edibile,
3289 5219 3428 5286 quod
3453 5217 3590 5270 Deus
3619 5217 3683 5268 ad
3714 5233 3870 5269 com-

2347 5329 2555 5365 munem
2604 5313 2878 5365 utilitatem
2931 5313 3090 5364 mnlta
3138 5324 3346 5378 quoque
3377 5325 3470 5376 per
3515 5310 3684 5377 ipsum
3738 5306 3870 5360 fecit

2345 5402 2700 5463 admirabilia,
2749 5403 2953 5454 etiamsi
3002 5411 3259 5468 quantum
3306 5414 3398 5467 per
3452 5399 3700 5450 virtutem
3748 5404 3867 5448 erat.

2345 5500 2533 5558 potens
2560 5489 2731 5543 facere
2763 5492 3035 5553 miracula,
3076 5497 3278 5542 tantum
3306 5498 3359 5541 ut
3391 5503 3451 5542 ea
3482 5488 3678 5541 celaret
3703 5493 3755 5537 et
3780 5494 3868 5537 te-

2347 5637 2464 5673 tnus
2498 5620 2595 5672 fuit
2625 5621 2904 5674 Antonius.
2931 5618 3168 5672 Tradunt
3201 5629 3376 5676 autem
3405 5618 3604 5674 Menam
3639 5618 3864 5672 invitum

2346 5690 2512 5743 fuisse
2544 5691 2841 5744 sacerdotio
2872 5691 3153 5743 initiatum.
