4088 6332
210 416 292 480 1&9

918 416 1085 477 VITA
1121 417 1180 476 s.
1218 415 1524 474 ANTONII
1558 414 1864 474 causae
1902 415 2388 475 parsimonia
2427 393 2532 476 cr.

3206 417 3309 480 190

207 534 346 594 geret,
381 510 752 593 nonnunquam
801 540 920 580 cum
968 510 1210 592 fecisset,
1244 525 1606 595 mnigmatibus
1635 534 1686 577 et
1715 531 1757 584 Α
1788 540 1909 576 cum
1948 524 2299 578 transmiserit
2341 533 2746 579 sacrosanctum
2785 511 2977 587 virum,
3009 525 3097 593 qui
3135 525 3201 577 ab
3227 527 3310 576 in-

209 613 383 665 umbris
409 621 798 681 assequeretur.
829 614 927 668 Sed
958 617 1095 684 quod
1132 615 1194 668 ad
1224 616 1506 668 multorum
1547 615 1689 665 venit

207 703 550 770 cognitionem,
614 713 667 756 et
712 702 907 758 factum
956 718 1074 758 esse
1129 704 1382 767 creditur,
1444 703 1686 770 persequi

208 792 396 845 trnlabil
417 792 609 844 oratio.

263 881 331 932 f5.
353 879 573 932 Noiebat
596 895 698 933 una
721 880 950 942 civitate,
973 882 1069 934 etsi
1092 881 1160 934 sit
1185 889 1288 932 tam
1313 895 1520 952 magna,
1541 894 1687 931 suam

206 966 538 1018 circumscribi
592 969 1109 1022 commiserationem
1147 983 1160 1019 :
1197 967 1286 1019 sed
1342 967 1406 1017 ad
1439 976 1687 1032 quantam

205 1056 266 1107 sol
303 1056 504 1119 aspicit,
555 1071 670 1108 eam
711 1056 1059 1109 contendebat
1085 1055 1387 1118 extendere.
1421 1054 1548 1105 Hinc
1577 1069 1689 1105 ma-

208 1158 288 1193 nus
314 1143 558 1195 seatentis
589 1143 950 1210 misericordia
988 1143 1270 1210 participes
1300 1150 1450 1194 erant
1485 1140 1690 1208 Scythze

208 1241 246 1282 et
271 1229 521 1294 Thraces,
570 1242 624 1285 et
654 1247 772 1286 cum
820 1233 937 1286 aliis
966 1233 1090 1300 Mysi
1131 1246 1340 1299 quoque
1360 1232 1448 1297 qui
1482 1239 1604 1284 sunt
1637 1231 1686 1282 in

209 1321 327 1378 Asia.
355 1317 485 1384 Quin
513 1321 671 1373 etiam
717 1337 836 1375 cum
867 1323 930 1375 ad
959 1336 1071 1382 eos,
1106 1321 1196 1388 qui
1225 1321 1608 1374 exercebantur
1637 1320 1686 1369 in

210 1407 428 1476 Olympo,
465 1410 658 1476 quibus
714 1411 944 1463 studium
993 1418 1108 1462 erat
1153 1423 1210 1462 se
1252 1408 1458 1460 fortiter
1510 1421 1690 1474 gerere

211 1499 432 1550 adversus
472 1499 594 1551 vitia
635 1507 686 1552 et
717 1501 1000 1560 daemones,
1040 1498 1320 1565 aliquando
1357 1495 1687 1557 transiisset,

209 1594 250 1636 et
299 1585 541 1653 quidquid
598 1588 712 1639 auri
765 1589 988 1640 habebat
1043 1587 1092 1640 in
1150 1587 1413 1646 manibus,
1469 1587 1518 1636 in
1561 1599 1689 1637 usus

208 1686 365 1726 eorum
392 1676 844 1744 consumpsisset,
900 1691 1138 1730 reversus
1177 1679 1342 1728 estad
1397 1675 1686 1736 civitatem,

208 1763 325 1828 apud
352 1780 404 1817 se
439 1766 643 1833 agitans
673 1775 723 1819 et
770 1767 998 1831 undique
1030 1765 1389 1824 considerans,
1425 1763 1684 1814 undenam

1792 612 1956 664 fantia
1987 612 2050 664 ad
2087 611 2252 664 Deum
2303 614 2607 672 vocabatur,
2646 629 2788 676 eum,
2844 613 3079 681 inquam,
3113 615 3200 681 qui
3246 629 3309 666 ex

1787 715 1983 753 corona
2031 701 2335 755 nominatus
2383 703 2482 754 fuit
2514 703 2587 772 (5i
2649 703 2985 770 Stephanus,
3021 703 3068 755 ei
3121 705 3207 770 qui
3247 719 3310 755 ex

1789 787 1966 840 fasciis
2009 798 2088 841 est
2136 801 2525 853 sacrosanctus,
2566 800 2905 842 sacrosancte
2934 790 3306 856 conjungatur,

1786 877 1878 942 qui
1930 891 1992 928 ex
2041 876 2179 928 illius
2222 878 2515 944 privatione
2539 880 2604 930 ab
2642 893 2700 929 ea
2723 887 2996 945 acceptum
3030 892 3308 930 mterorem

1789 964 1971 1015 solvet.
2026 963 2159 1017 Cum
2201 964 2379 1031 itaque
2425 967 2730 1018 advenisset
2781 974 3009 1032 tempus,
3057 979 3161 1032 quo
3200 966 3310 1015 haec

1788 1052 1898 1102 fieri
1939 1050 2235 1117 Oportebat,
2277 1051 2530 1118 suffragia
2561 1051 2788 1104 universi
2813 1060 2979 1102 coetus
3004 1051 3308 1117 pontificum

1786 1149 1834 1192 et
1872 1140 2225 1201 sacerdotum,
2254 1147 2305 1190 et
2330 1153 2512 1190 eorum
2555 1139 2642 1205 qui
2671 1141 2830 1190 vitam
2875 1138 3094 1204 agebant
3123 1152 3308 1190 mona-

1788 1228 1997 1287 sticam,
2022 1235 2074 1278 et
2099 1226 2265 1292 ipsius
2291 1240 2496 1293 quoque
2516 1224 2761 1288 Senatus,
2785 1225 2848 1276 ad
2867 1225 3077 1292 dignum
3103 1238 3311 1291 sponsae

1787 1313 1986 1366 Christi
2025 1315 2272 1369 Ecclesia:
2301 1306 2553 1381 sponsum
2592 1313 2912 1365 ferebantur.
2948 1313 3054 1365 l’loc
3101 1328 3310 1380 quoque

1788 1418 2012 1472 magnus
2055 1403 2238 1458 videns
2287 1404 2592 1471 imperator,
2647 1401 2697 1453 in
2729 1417 2936 1456 omnem
2967 1413 3161 1468 partem
3204 1403 3305 1454 cir-

1787 1491 2087 1545 cumferens
2117 1492 2300 1544 oculos
2329 1490 2680 1559 cogitationis,
2705 1504 2908 1556 semper
2924 1504 3104 1540 curam
3126 1503 3311 1557 gerens

1786 1581 1902 1648 ejus
1955 1582 2094 1648 quod
2141 1582 2383 1649 urgebat,
2444 1589 2499 1632 ut
2553 1579 2640 1647 qui
2682 1578 2899 1647 pulchre
2935 1578 3093 1630 sciret
3134 1578 3308 1630 metiri

1788 1669 2135 1734 praeteritum,
2184 1678 2234 1720 et
2281 1668 2330 1718 id
2381 1667 2520 1733 quod
2551 1667 2718 1727 adest,
2745 1665 3093 1728 considerare,
3126 1675 3177 1717 et
3219 1681 3311 1730 per

1777 1741 2073 1823 utrumque
2114 1757 2178 1808 de
2229 1755 2406 1807 futuro
2459 1762 2655 1806 certam
2719 1754 2889 1806 facere
2932 1754 3309 1819 cunjectnram,

210 1865 370 1903 rursus
414 1832 634 1918 vectigal
686 1860 1013 1919 compararet
1068 1850 1404 1918 pauperibus.
1453 1847 1551 1900 Sed
1586 1862 1688 1900 non
1723 1832 1762 1884 Β
1792 1843 2124 1896 confirmavit
2160 1843 2504 1904 electionem;
2535 1843 2614 1894 vel
2640 1841 2814 1907 potius
2848 1841 2982 1892 Deus
3015 1855 3105 1906 per
3135 1841 3306 1908 ipsmn

207 1940 311 1992 sivit
335 1955 443 1992 eum
479 1939 620 1995 Deus
651 1941 739 1994 diu
770 1957 885 1995 esse
915 1939 1072 1992 anxio
1114 1939 1312 1991 animo.
1349 1937 1474 1988 Rem
1514 1945 1692 1988 autem

207 2028 330 2090 facit,
351 2038 404 2080 ut
430 2029 577 2089 sole-t,
604 2029 988 2090 admirabilem,
1010 2036 1203 2080 etcum
1234 2027 1422 2078 liberat
1447 2040 1475 2076 a
1498 2025 1694 2078 sollici-

206 2118 377 2169 tudine.
396 2117 616 2182 Quidam
647 2119 786 2170 enim
813 2119 1036 2185 ignotus,
1063 2117 1219 2169 simul
1244 2125 1400 2182 atque
1429 2109 1696 2180 ingressus

203 2216 278 2258 est
297 2207 570 2270 civitatem,
607 2209 716 2261 sive
749 2209 923 2268 homo,
961 2209 1069 2259 sive
1102 2206 1318 2273 angelus
1350 2204 1439 2270 qui
1472 2203 1692 2254 formam

205 2296 409 2348 hominis
450 2308 775 2362 susceperat,
839 2295 1132 2348 transeunti
1182 2309 1274 2360 per
1321 2295 1579 2360 porticum
1631 2307 1691 2343 ex

205 2384 408 2452 quodam
456 2385 734 2451 angiportu
787 2384 1063 2443 accedens,
1111 2384 1157 2436 ei
1187 2383 1344 2435 tradit
1377 2382 1490 2434 auri
1525 2382 1693 2433 mani-

205 2475 397 2539 pulum;
422 2482 471 2538 et_
514 2487 634 2524 cum
672 2472 890 2524 dixisset
919 2488 932 2522 τ
965 2467 1174 2537 Accipe,
1201 2470 1339 2537 quod
1378 2471 1611 2522 insumus
1642 2469 1692 2520 in

205 2575 318 2612 usus
350 2575 543 2623 eorum,
574 2574 802 2627 quorum
834 2574 1014 2612 curam
1040 2559 1200 2627 geris,
1223 2557 1366 2611 dicto
1397 2560 1554 2609 citius
1575 2571 1696 2609 evo-

206 2648 316 2700 lavit
345 2658 390 2700 et
417 2651 648 2701 recessit.
678 2648 743 2700 Et
771 2663 954 2701 manus
987 2647 1197 2714 quidem
1230 2646 1455 2698 habebat
1479 2661 1690 2708 aurum,

205 2728 323 2790 oculi
347 2749 509 2789 autem
541 2752 646 2790 non
675 2745 916 2806 poterant
943 2736 1151 2802 assequi
1181 2750 1301 2787 eum
1334 2735 1422 2801 qui
1452 2735 1690 2800 praebue-

205 2835 295 2878 rat.
327 2825 428 2878 Hoc
460 2841 559 2878 non
593 2834 674 2878 est
705 2825 816 2877 leve
859 2825 1066 2892 signum
1102 2823 1243 2876 illius
1273 2837 1392 2875 eum
1433 2821 1540 2873 Deo
1569 2835 1693 2873 con-

201 2914 466 2980 junctionis
495 2926 509 2964 :
548 2914 648 2966 hoc
674 2921 756 2966 est
784 2927 887 2964 non
925 2909 1035 2964 lev'e
1065 2911 1317 2963 indicium
1348 2909 1487 2961 illius
1519 2910 1691 2975 magni

203 3009 248 3052 et
269 2999 447 3052 excelsi
471 2999 638 3051 animi
668 3015 681 3051 :
714 2999 815 3052 hoc
852 2999 1072 3051 Abrahae
1103 2997 1482 3050 benedictionis
1513 2995 1694 3047 habuit

207 3085 692 3151 multiplicationem,
726 3082 866 3149 quod
906 3082 1002 3134 fuit
1032 3080 1279 3148 hospitali
1309 3080 1537 3131 dextera:
1557 3077 1695 3129 velut

203 3174 417 3241 quadam
451 3173 721 3226 sementis.
746 3172 966 3239 Propter
992 3172 1102 3222 haec
1132 3172 1264 3247 bona
1306 3181 1528 3236 magnus
1556 3172 1696 3219 recte

204 3277 254 3315 se
274 3264 420 3330 gessit
454 3264 734 3314 Antonius.
782 3261 901 3313 Haec
928 3260 1103 3312 manui
1139 3273 1427 3326 pauperum
1457 3256 1693 3317 amanti,

208 3368 262 3404 ne
295 3352 623 3419 suppeditans
668 3358 863 3417 egeret,
909 3348 1006 3400 fuit
1055 3350 1289 3400 occasio.
1318 3344 1450 3397 Cum
1499 3358 1602 3412 qua
1641 3357 1698 3395 re

205 3440 354 3494 CttBsi
382 3441 589 3508 quidem
624 3438 770 3490 illius
799 3435 922 3505 Lydi
949 3436 1188 3497 felicitas,
1226 3441 1278 3487 et
1303 3433 1450 3486 aurei
1484 3433 1695 3496 lateres,

207 3544 355 3597 neque
382 3527 555 3583 fabula
592 3527 742 3581 Midas
772 3534 938 3594 potest
961 3525 1214 3578 conferri.

755 3632 974 3688 CAPUT
1026 3632 1119 3685 111.

206 3740 361 3794 Sancti
410 3743 621 3793 Antonii
676 3743 1087 3807 patriarchatus,
1145 3743 1199 3794 in
1245 3758 1301 3794 eo
1333 3743 1549 3794 labores.
1598 3742 1698 3794 Leo

641 3811 917 3874 imperator
970 3809 1234 3859 laudatus.

266 3941 340 3994 16.
379 3940 509 3993 Eum
542 3950 743 4002 autem,
770 3953 890 3991 cum
921 3939 972 3990 in
1001 3937 1081 3991 his
1111 3945 1273 4000 esset,
1305 3937 1594 4005 aspiciebat
1627 3938 1700 3991 ci-

209 4031 344 4093 vitas,
366 4041 412 4082 et
433 4031 688 4081 virtutum
713 4043 816 4082 non
833 4028 1037 4082 celabat
1062 4028 1505 4095 magnitudinem;
1533 4042 1702 4094 neque

209 4120 385 4188 egregia
420 4120 558 4172 facta
587 4125 741 4170 terra:
789 4117 1098 4179 mandabat;
1132 4115 1268 4168 fama
1305 4131 1428 4167 vero
1472 4116 1700 4182 excipie-

211 4211 284 4262 bat
308 4228 320 4262 :
343 4221 390 4262 et
424 4210 546 4261 licet
576 4222 680 4261 non
710 4207 935 4268 adesset,
962 4221 1083 4259 eum
1108 4206 1355 4259 omnibus
1390 4207 1518 4272 ipsis
1547 4204 1700 4260 factis

207 4299 508 4359 ostendebat,
529 4306 584 4350 et
600 4297 976 4364 prOpemodum
993 4309 1246 4362 responsa
1270 4297 1335 4348 ab
1351 4310 1442 4347 ore
1463 4296 1697 4345 omnium
1723 4339 1728 4343 .

1794 1933 2092 1999 obsignavit
2137 1932 2441 1983 universum
2477 1947 2489 1979 :
2523 1939 2573 1981 et
2606 1938 2853 1996 tanquam
2885 1929 3183 1994 quempiam
3233 1927 3308 1977 vi-

1795 2021 2014 2072 ctoriam
2075 2028 2414 2071 consecutum
2489 2019 2737 2070 athletam
2807 2017 3171 2068 transmittens
3241 2015 3307 2066 ad

1794 2109 2107 2176 Olympiam,
2161 2107 2332 2160 evehit
2388 2107 2451 2158 ad
2480 2107 2653 2158 sedem
2703 2104 3071 2170 pontificalem,
3107 2102 3307 2168 majora

1795 2197 2093 2248 habiturum
2133 2194 2450 2255 certamina,
2487 2203 2538 2245 et
2564 2208 2785 2246 coronas
2817 2192 3197 2258 prieclariores.

1862 2285 1950 2336 17.
1986 2285 2051 2348 Et
2075 2285 2319 2350 deinceps
2355 2283 2578 2334 habebat
2612 2296 2806 2348 sponsa
2833 2279 3024 2333 Christi
3048 2294 3190 2340 eum,
3220 2279 3306 2343 qui

1795 2379 1934 2421 recte
1973 2371 2182 2422 tenebat
2210 2369 2349 2435 leges
2372 2368 2671 2430 sacerdotii,
2704 2379 2754 2419 et
2783 2367 2985 2418 vivebat
3028 2367 3134 2433 spei
3174 2367 3310 2417 indi—

1793 2459 2056 2524 gentium,
2088 2467 2138 2508 et
2177 2457 2383 2509 abunde
2429 2456 2737 2507 eﬂundebat
2787 2455 3224 2513 misericordiam.
3260 2463 3312 2505 et

1793 2555 1905 2598 erat
1943 2545 2188 2597 manibus
2236 2558 2523 2611 pauperum
2560 2542 2860 2608 propositus
2897 2557 2908 2591 ε
2938 2540 3027 2607 qui
3068 2541 3120 2591 in
3152 2540 3310 2592 rebus

1792 2633 2007 2691 divinis,
2040 2632 2297 2695 initiabat,
2327 2640 2378 2683 et
2409 2631 2492 2691 iis,
2527 2631 2616 2697 qui
2649 2629 3006 2689 initiabantur,
3047 2627 3316 2692 exemplar

1793 2721 2024 2780 virtutis,
2062 2720 2344 2784 imaginem
2394 2717 2737 2775 fortitudinis.
2779 2717 3123 2769 simmacrum
3172 2724 3309 2765 tern-

1793 2808 2044 2874 perantite
2071 2818 2122 2858 et
2148 2806 2370 2872 justitia:
2397 2805 2704 2858 ostendebat
2731 2803 2961 2870 regulam
2996 2819 3008 2853 :
3033 2801 3121 2868 qui
3150 2802 3308 2852 vitam

1793 2897 1982 2963 magis,
2014 2898 2171 2961 quam
2212 2895 2466 2960 linguam,
2516 2892 2814 2960 proferebat
2845 2890 3169 2958 magistram.
3207 2887 3308 2940 Sed

1794 2999 1898 3035 non
1934 2983 2030 3035 fuit
2072 2993 2352 3034 contentus
2379 2982 2464 3040 iis,
2499 2996 2615 3048 quae
2657 2987 3035 3048 praecesserunt
3065 2996 3078 3030 :
3115 2992 3214 3030 non
3245 2979 3312 3029 ad

1794 3071 2143 3124 relaxationes
2169 3071 2391 3136 aspexit,
2423 3077 2478 3119 ut
2505 3069 2695 3136 aliquis
2726 3067 2895 3131 alius;
2925 3081 3092 3132 neque
3126 3080 3312 3132 peper-

1793 3160 1866 3212 cit
1890 3160 2147 3212 senectuti
2179 3175 2191 3209 :
2221 3157 2312 3209 sed
2345 3157 2566 3208 sudores
2605 3154 2956 3208 succedebant
3000 3152 3307 3210 sudoribus,

1793 3257 1845 3300 et
1887 3247 2096 3299 labores
2135 3245 2428 3305 laboribus,
2470 3252 2521 3295 et
2567 3243 2765 3295 sanctis
2793 3241 2935 3294 curis
2968 3256 3109 3293 curae
3142 3239 3309 3304 magis

1794 3345 2026 3388 sanctas:
2063 3341 2114 3385 et
2165 3331 2382 3398 perinde
2428 3345 2489 3382 ac
2542 3331 2713 3382 alatus
2769 3329 3068 3395 quispiam,
3117 3325 3311 3376 virtute

1793 3425 1958 3478 sancti
1992 3421 2255 3490 Spiritus,
2294 3421 2344 3472 in
2384 3419 2457 3486 (6)
2491 3419 2641 3472 senili
2692 3431 2914 3484 corpore
2957 3415 3182 3468 assumit
3234 3414 3313 3465 vi-

1707 3550 1710 3552 -
1796 3520 2000 3577 gentem
2029 3511 2188 3562 animi
2229 3509 2575 3566 alacritatem,
2614 3514 2665 3558 et
2691 3520 2871 3558 omnes
2899 3504 3093 3555 Christi
3126 3502 3311 3554 Eccle-

1794 3602 1921 3662 sias,
1947 3611 2054 3650 tum
2103 3598 2351 3664 precibus
2397 3597 2557 3648 Deum
2601 3596 2836 3660 plaeans,
2882 3603 2994 3647 tum
3043 3609 3165 3655 eas,
3196 3608 3313 3659 quae

1795 3697 2026 3752 tempore
2066 3670 2462 3746 laboraverant,
2493 3694 2546 3734 et
2594 3682 2730 3734 male
2759 3691 2910 3734 erant
2958 3680 3176 3739 affectae,
3216 3694 3315 3746 pro

1796 3777 1993 3827 viribus
2027 3788 2275 3826 recreans
2297 3772 2373 3841 (7)
2412 3789 2425 3823 :
2456 3772 2624 3838 iisque
2658 3771 2744 3837 qui
2787 3786 2814 3821 e
2840 3779 3085 3837 suggestu
3115 3771 3164 3820 in
3195 3769 3312 3819 ino-

1795 3863 1931 3928 piam
1974 3862 2274 3913 deciderant
2321 3859 2548 3925 c0piosis
2581 3872 2898 3910 succurrens
2939 3856 3315 3929 suppeditati?-

1795 3949 1972 4012 nibus,
2003 3956 2056 4000 et
2084 3948 2403 4015 quotidianis
2435 3946 2778 4013 proventibus
2806 3945 3126 3997 distribuens
3174 3945 3311 3995 elee-

1799 4051 2070 4106 mosynam
2105 4035 2579 4090 innumerabilibus
2600 4035 2940 4100 pauperibus.
2958 4032 3314 4095 Quamobrem

1797 4138 1848 4180 et
1883 4127 1972 4193 qui
2022 4126 2290 4178 laborabat
2344 4124 2540 4189 inopia,
2591 4124 2764 4174 laetum
2816 4123 2952 4173 diem
3008 4121 3214 4185 agebat,
3261 4128 3314 4172 et

1801 4222 1994 4284 hospes
2022 4215 2436 4268 obliviscebatur
2458 4213 2657 4279 patriae,
2685 4222 2732 4264 et
2756 4211 3024 4277 orphanus
3051 4209 3311 4279 laeryma-

1799 4305 1972 4364 batur,
2007 4313 2059 4356 et
2087 4302 2354 4355 viduitatis
2387 4300 2607 4353 ferream
2655 4299 2920 4353 fornacem
2947 4298 3316 4364 exstinguebat

209 4385 498 4442 excidentia,
530 4384 767 4436 futurum
797 4391 1042 4461 tanquam
1067 4397 1300 4449 praesens
1321 4383 1694 4447 praedicabant.
1731 4407 1773 4459 υ
1799 4391 1975 4453 “dua,
2013 4390 2144 4453 Quis
2192 4401 2389 4441 tamam
2441 4405 2532 4442 cur

1731 4391 1975 4459 pyidua.
2013 4390 2144 4453 Quis
2192 4401 2389 4441 tantam
2441 4405 2622 4442 curam
2683 4389 2846 4456 gessit
2890 4386 3139 4452 justitiaa?
3186 4384 3319 4447 Quis

211 4471 313 4526 Hec
347 4463 670 4526 canebantur
707 4472 758 4522 in
791 4471 968 4522 multis
1014 4471 1341 4532 civitatibus,
1377 4472 1701 4524 canebantur

211 4565 254 4614 in
277 4565 426 4631 agris,
459 4563 770 4616 dicebantur
795 4561 846 4612 in
877 4560 1165 4619 montibus,
1192 4560 1242 4610 in
1274 4561 1459 4624 antris,
1494 4562 1542 4611 in
1574 4577 1703 4629 gen-

212 4656 350 4708 tibus.
398 4657 495 4708 Per
539 4667 724 4707 omnes
761 4652 898 4706 enim
945 4653 1262 4720 pervadebat
1292 4654 1621 4715 miraculum,
1651 4666 1702 4708 et

210 4756 303 4796 erat
323 4745 617 4798 communis
643 4743 787 4796 orbis
815 4753 966 4796 terra:
993 4744 1246 4810 narratio.
1290 4743 1407 4796 Haec
1457 4743 1703 4797 Ecclesiae

211 4830 379 4884 Christi
413 4849 624 4900 sponsas
673 4834 951 4886 movebant
982 4847 1238 4895 amorem,
1279 4828 1596 4902 ardebatque
1629 4834 1701 4886 si-

214 4921 326 4974 tiens
360 4937 501 4981 cum,
559 4938 714 4990 quem
763 4922 1030 4988 diligebat,
1086 4931 1138 4972 et
1187 4923 1453 4984 qumrebat
1498 4934 1703 4990 tempus

213 5010 594 5073 conjunctionis,
638 5018 690 5062 et
723 5009 1011 5076 przevidens
1064 5019 1270 5074 tempus
1302 5009 1700 5074 desponsionis,

213 5109 286 5163 spe
314 5096 446 5148 dulei
468 5096 701 5162 jucunde
734 5097 1039 5149 ducebatur.
1075 5094 1285 5146 Sciebat
1318 5096 1455 5147 enim
1485 5097 1598 5150 fore
1648 5105 1703 5149 ut

215 5185 526 5250 praecedentis
553 5185 732 5249 sponsi
771 5185 1022 5251 dignitate
1057 5182 1273 5233 minime
1303 5183 1543 5236 viduetur
1569 5203 1581 5238 :
1612 5188 1702 5238 sed

267 5314 333 5382 (5‘)
368 5315 458 5368 llic
487 5324 590 5382 est.
619 5314 682 5366 de
711 5330 815 5381 quo
865 5325 986 5368 ante
1035 5316 1256 5374 dictum,
1298 5313 1354 5382 S.
1405 5313 1703 5381 Stephanus

216 5386 510 5445 patriarcha,
562 5381 740 5434 Basilii
776 5382 1075 5434 Macedonis
1129 5383 1251 5447 imp.
1310 5381 1469 5438 ﬁlius,
1511 5383 1701 5435 Leonis

215 5449 370 5518 frater,
415 5453 503 5518 qui
555 5451 744 5503 colitur
789 5450 850 5518 Π
894 5451 1032 5512 Maii,
1082 5464 1189 5516 quo
1239 5459 1498 5513 mortuus,
1548 5453 1702 5503 tertio

216 5533 333 5571 anno
361 5517 573 5580 Lebnis,
598 5518 723 5569 Chr.
754 5517 873 5568 888.

241 5587 331 5657 0(6)
361 5587 489 5638 l’linc
536 5593 696 5652 patet,
740 5586 1079 5657 quodantca
1112 5587 1366 5657 diximus,
1421 5599 1702 5653 sexagena-

218 5653 350 5718 rium,
382 5665 476 5708 aut
506 5669 612 5708 non
648 5653 810 5707 multo
836 5653 1087 5706 minorem
1123 5655 1305 5708 fuisse.

1801 4480 1991 4548 injuria
2023 4479 2226 4533 affectis
2256 4480 2421 4545 magis
2469 4478 2562 4528 fuit
2611 4476 2899 4529 salutaris?
2928 4475 3057 4537 Quis
3102 4488 3310 4531 eorum,

1799 4572 1888 4638 qui
1939 4571 2184 4638 injuriam
2219 4569 2496 4628 faciebant,
2545 4568 2620 4619 sic
2667 4565 2999 4633 propulsavit
3051 4560 3314 4629 impetus?

1801 4661 1928 4723 Quis
1970 4661 2088 4712 lites
2109 4658 2447 4724 composuit?
2475 4656 2604 4719 Quis
2636 4657 2793 4709 niinis
2831 4663 3063 4707 erectum
3090 4653 3317 4704 detraxit

1801 4747 2181 4813 supercilium?
2214 4746 2345 4809 Quis
2380 4745 2666 4813 superbum
2711 4752 2761 4796 et
2811 4749 3146 4806 arrogantem
3203 4739 3317 4789 ani—

1801 4851 1942 4888 mum
1989 4835 2221 4887 traduxit
2256 4835 2322 4886 ad
2370 4831 2825 4885 moderationem?
2880 4827 3073 4880 Omnia
3122 4837 3174 4878 et
3230 4839 3318 4890 per

1801 4923 1978 4976 omnia
2035 4923 2144 4989 ipse
2193 4937 2290 4974 suo
2335 4920 2575 4986 exemplo
2625 4917 3018 4984 complanabat,
3082 4915 3311 4966 salutare

1801 5012 2240 5064 medicamentum
2281 5007 2497 5059 effr-ctus
2531 5006 2730 5059 morbis
2781 5005 2989 5056 animae.
3046 5003 3143 5053 Sed
3199 5003 3316 5064 qus

1803 5117 1866 5155 ex
1897 5099 2219 5168 pauperibus
2247 5113 2367 5149 cum
2409 5099 2722 5163 aspersisset
2753 5095 2994 5162 laerymis
3027 5092 3193 5143 forum
3225 5088 3312 5152 jn-

1800 5189 2008 5249 tlieiale,
2051 5195 2108 5239 ut
2155 5187 2242 5255 jus
2293 5201 2446 5239 suum
2496 5185 2777 5243 obtineret,
2839 5197 2956 5234 eum
3010 5187 3314 5246 paupertate

1837 5313 1945 5382 ’(7)
1982 5315 2174 5367 Menma
2204 5314 2269 5363 ita
2297 5311 2489 5382 habent
2528 5327 2540 5359 :
2573 5311 2699 5382 _Ka‘-._
2718 5313 2826 5382 eoi;
2867 5308 3063 5382 ἀπορίᾳ
3099 5321 3312 5382 mf]?-

1806 5373 1978 5450 μέθοίς
2022 5383 2126 5431 τῶν
2158 5378 2444 5450 κληριδεῶν,
2503 5378 2594 5450 καῇ
2634 5378 2740 5426 τῶν
2784 5376 3084 5450 ἀναγκαίιιξν
3128 5373 3315 5449 ἐειδεῷς

1801 5441 2028 5518 ἔχουσιν,
2049 5441 2391 5518 ἀφθόνῳ-’ὠν
2419 5446 2692 5518 χρ-ιμάῖων
2723 5445 2968 5510 χορηγίᾳ,
3004 5441 3316 5518 viri-mpm”)-

1803 5510 1898 5570 σᾶν
1943 5510 2166 5583 ἀπορίάν
2215 5510 2704 5575 διέλυεοωιηορὶαηι
2745 5526 2935 5577 quoque
2992 5510 3311 5583 clericorum,

1800 5589 1886 5652 qui
1928 5576 2216 5636 necessariis
2256 5599 2450 5648 quoque
2485 5582 2627 5652 rebus
2657 5576 3079 5652 destituebtmlnr,
3111 5576 3316 5628 liberali

1801 5648 2127 5721 pecuniarum
2159 5652 2449 5718 erogatione
2488 5648 2795 5702 sublet'abnt.
