4088 6332
659 291 757 356 191

1799 286 2205 346 NICEPHORI
2247 286 2694 363 PHILOSOP‘HI

3737 282 3838 345 192

658 400 807 460 abiit,
858 395 1059 450 deflens
1090 382 1235 463 quod
1272 395 1359 463 jus
1394 409 1548 448 suum
1591 410 1694 448 non
1727 403 1909 463 posset
1938 381 2192 461 assequi?
2218 390 2263 449 Α
2293 406 2519 446 mentem
2540 391 2834 462 l)sedatam
2857 394 3297 453 immutarunt,et
3318 391 3835 462 lacrymasomnium

658 486 915 549 Quaenam
937 493 1117 535 autem
1159 484 1335 545 vidua,
1369 484 1488 551 quis
1520 484 1815 551 orphanus,
1848 483 1891 535 si
1926 484 2199 533 Venissent

661 576 712 624 in
757 574 923 640 ipsius
958 582 1325 639 conspectum,
1374 581 1467 623 aut
1527 557 1695 638 ipsam
1748 579 1930 637 postea
1985 568 2198 620 deﬂevit

661 661 971 718 orbitatem,
1013 670 1235 713 aut.non
1270 660 1473 713 levatus
1512 660 1612 712 fuit
1643 658 1983 712 calamitate?
2012 656 2200 709 Omni-

662 752 765 803 bus
793 752 977 803 aderat
1023 764 1119 802 sua
1153 751 1513 817 providentia,
1548 748 1769 810 malum,
1809 745 1951 814 quod
1985 746 2201 799 unicui-

663 856 767 908 que
803 840 1055 893 aﬂ‘erebat
1106 840 1433 901 molestiam,
1461 839 1574 890 suis
1615 837 1866 889 auferens
1906 834 2200 898 beneficiis,

667 934 847 986 verbis
879 932 1189 993 consolans,
1226 945 1360 983 auro
1408 944 1559 996 opem
1594 927 1793 990 ferens,
1826 936 2008 994 tegens
2038 926 2203 979 vesti-

666 1024 786 1075 bus.
827 1020 1088 1074 Videbam
1137 1020 1295 1073 etiam
1324 1018 1565 1086 quadam
1616 1033 1777 1085 supra
1826 1017 2089 1070 rationem
2149 1016 2205 1067 in

668 1113 785 1180 ipso
810 1112 1114 1170 convenire,
1146 1125 1264 1177 qua
1298 1108 1591 1162 secundum
1627 1116 1873 1159 naturam
1918 1120 2021 1156 non
2074 1119 2203 1156 con-

668 1202 921 1266 veniunt;
960 1200 1327 1253 austeritatem
1360 1209 1408 1250 ct
1463 1199 1807 1261 suavitatem,
1854 1196 2206 1249 humilitatem

670 1300 724 1344 et
773 1291 1112 1358 gravitatem,
1159 1289 1498 1349 severitatem
1532 1296 1585 1341 et
1629 1287 1921 1341 leuitatem.
1971 1284 2207 1350 Quorum

673 1381 775 1433 alia
809 1380 1021 1447 quidem
1063 1379 1365 1446 applicabat
1394 1379 1481 1439 iis,
1526 1377 1721 1442 quibus
1744 1378 1824 1428 vis
1855 1376 2209 1439 afferebatur;

675 1471 778 1523 alia
819 1481 997 1522 autem
1043 1471 1128 1530 iis,
1155 1471 1244 1537 qui
1272 1470 1379 1521 vim
1406 1467 1698 1521 afferebant
1733 1486 1745 1520 :
1782 1474 1837 1519 et
1862 1466 1966 1520 alia
1995 1466 2209 1533 quidem

677 1568 829 1612 erant
864 1561 1281 1621 medicamenta,
1320 1574 1437 1627 qua
1472 1557 1777 1625 superbiam
1806 1565 1859 1610 et
1882 1554 2077 1609 fastum
2116 1554 2211 1610 de-

679 1650 962 1703 trahebant
1006 1664 1215 1713 eorum,
1253 1650 1345 1718 qui
1376 1650 1630 1702 adversus
1664 1649 1967 1714 proximum
2006 1646 2212 1699 attolle-

678 1740 809 1792 bant
836 1740 1184 1805 supercilium
1210 1757 1224 1805 ;
1255 1741 1359 1793 alia
1398 1753 1577 1793 autem
1627 1738 1944 1792 recreabant
1975 1738 2048 1801 id,
2072 1736 2215 1805 quod

679 1839 793 1883 erat
820 1830 1092 1884 afflictum.
2195 1883 2198 1889 ,

756 1922 837 1974 l8.
876 1921 967 1974 llis
1001 1921 1252 1974 Ecclesia:
1274 1929 1447 1975 catus
1475 1922 1856 1975 tradudebatur
1884 1921 1949 1975 ad
1972 1921 2215 1985 meliora,

685 2011 930 2078 Deusque
978 2004 1260 2080 propitius,
1311 2022 1361 2065 et
1395 2028 1618 2080 magnus
1651 2013 1940 2079 imperator
1986 2012 2221 2080 gaudens

686 2103 1065 2155 delectabatur.
1123 2103 1422 2170 lncorrnpti
1453 2118 1577 2155 vero
1619 2102 1782 2155 animi
1816 2103 1997 2155 videns
2027 2104 2076 2155 in
2111 2102 2223 2156 suf-

688 2193 1165 2261 fragiojudicinm,
1193 2193 1337 2259 quod
1380 2194 1430 2245 in
1468 2194 1625 2247 rebus
1650 2195 1780 2262 ipsis
1819 2192 1930 2247 falli
1963 2210 2066 2247 non
2098 2209 2221 2261 pos-

687 2294 790 2347 set,
816 2300 935 2336 cum
959 2300 1051 2352 per
1082 2286 1256 2352 ipsum
1287 2286 1565 2339 statuisset
1589 2296 1743 2338 vetus
1769 2283 2021 2339 Ecclesia
2045 2285 2221 2346 ulcus,

687 2390 781 2429 seu
818 2375 891 2446 (8)
924 2376 1174 2436 schisma.
1216 2378 1277 2429 ad
1311 2378 1611 2430 cicatricem
1646 2376 1929 2439 deducere,
1962 2377 2014 2429 in
2056 2392 2222 2429 unum

688 2466 827 2532 cogit
861 2467 1137 2519 orientalia
1169 2478 1222 2521 et
1247 2470 1319 2535 (9)
1353 2468 1707 2522 occidentalia
1747 2486 1759 2521 :
1794 2478 1848 2521 et
1889 2484 2012 2522 cum
2047 2469 2221 2537 philo-

693 2647 897 2713 profert
930 2649 1240 2709 salutarem,
1275 2658 1327 2702 et
1355 2650 1498 2714 justa
1533 2650 1902 2716 persuasione,
1927 2651 2047 2703 lato
2077 2653 2226 2704 vultu

693 2745 744 2788 et
784 2737 1078 2790 ridentibus
1124 2738 1297 2791 oculis
1350 2738 1513 2791 solvit
1544 2738 1899 2803 offensiones,
1928 2748 1981 2791 et
2023 2754 2082 2792 re
2116 2740 2228 2807 ipsa

694 2826 946 2889 ostendit,
976 2836 1236 2895 quantum
1272 2827 1487 2881 intersit
1517 2829 1654 2882 inter
1690 2843 1869 2898 regem
1904 2829 1957 2882 in
1986 2829 2228 2883 doctrina

695 2916 999 2981 educatum,
1049 2928 1102 2970 et
1135 2924 1450 2984 potestatem
1500 2931 1617 2985 qua
1644 2918 1760 2983 ejus
1796 2934 1901 2971 non
1947 2926 2028 2970 est
2060 2918 2229 2986 parti-

2304 492 2694 551 represseruut,
2734 482 2868 537 fusis
2910 483 3288 536 misericordiae
3332 482 3605 551 lacrymis,
3653 489 3708 535 et
3740 498 3835 535 sua

2301 576 2353 625 in
2388 589 2500 634 eos,
2528 576 2616 641 qui
2645 584 2800 626 erant
2841 574 3083 642 ejusdem
3116 573 3345 641 generis,
3388 572 3786 633 misericordias-
3809 587 3841 625 e

2302 681 2361 717 sn
2372 666 2511 733 peris
2533 666 2765 717 divinam
2786 673 3122 717 attraxerunt
3141 662 3587 726 misericordiam,
3614 670 3666 714 et
3687 670 3844 715 terra

2303 755 2516 812 faciem.
2549 770 2667 819 qua
2709 755 2957 821 squalore
2981 763 3034 807 ct
3056 752 3296 807 siccitate
3326 752 3598 815 interibat,
3630 750 3846 804 divinas

2304 846 2674 899 miserationes
2703 854 2991 912 coegerunt
3018 858 3293 895 renovare.

2376 937 2457 991 19.
2486 936 2610 990 Hac
2629 946 2754 989 sunt
2782 934 3162 1003 philosophica
3185 933 3379 986 mentis
3408 932 3545 985 facta
3564 931 3843 996 praeclara,

2305 1040 2425 1093 qua
2459 1032 2585 1077 sunt
2609 1039 2862 1093 germana
2896 1023 3053 1077 factis
3088 1022 3252 1075 Mosis
3290 1030 3344 1076 et
3380 1020 3631 1083 Aaronis,
3660 1018 3850 1073 confc-

2308 1114 2472 1167 renda
2530 1128 2651 1167 cum
2708 1113 2863 1166 factis
2922 1113 3048 1165 Elia
3082 1122 3135 1165 et
3174 1111 3382 1174 Elisai,
3438 1109 3637 1163 similia
3692 1107 3853 1163 factis

2312 1206 2523 1259 Davidis
2548 1198 2610 1258 'et
2641 1204 2930 1257 Samuelis.
2986 1203 3230 1271 Magnum
3258 1202 3403 1256 illius
3438 1200 3652 1254 virtutis
3708 1198 3856 1251 indi—

2310 1297 2475 1356 cium,
2526 1296 2670 1363 quod
2707 1304 2834 1349 tunc
2881 1310 3061 1348 curam
3116 1293 3405 1346 sustineret
3459 1290 3851 1360 pontiﬁcalem,

2310 1386 2524 1453 quando
2565 1386 2852 1453 imperator
2886 1398 2916 1437 α
2946 1385 3127 1452 pueris
3162 1384 3305 1436 laute
3341 1379 3852 1449 nutritusjustitia,

2313 1490 2419 1527 non
2447 1490 2502 1527 se
2533 1476 2667 1527 dans
2715 1474 3101 1542 voluptatibus,
3146 1467 3257 1526 non
3302 1488 3557 1526 recusans
3599 1474 3856 1534 labores,

2316 1578 2545 1632 quorum
2574 1563 2780 1633 fructus
2810 1564 3076 1617 sinceram
3109 1562 3338 1617 afferunt
3361 1563 3685 1630 voluptatem
3712 1580 3727 1625 ;
3761 1563 3858 1616 sed

2248 1693 2289 1749 Β
2318 1668 2373 1707 se
2412 1654 2670 1707 doctrinae
2712 1653 2966 1707 dedicans
3008 1662 3061 1707 et
3088 1653 3425 1720 eloquentia,
3463 1652 3857 1721 philosophiam

2325 1745 2514 1811 magis,
2540 1759 2699 1812 quam
2735 1745 2836 1797 alia
2866 1745 3025 1805 bona,
3056 1753 3113 1796 ut
3137 1759 3254 1811 qua
3281 1753 3499 1811 propter
3530 1743 3698 1811 ipsam
3724 1758 3864 1804 con-

2322 1835 2584 1898 ferantur,
2636 1835 2934 1900 eligendam
2983 1850 3100 1887 esse
3149 1835 3390 1897 ducens,
3445 1834 3863 1887 concionantem

2324 1926 2570 1978 movebat
2621 1926 2893 1993 linguam,
2943 1938 3061 1992 qua
3108 1923 3458 1988 profundebat
3488 1912 3647 1976 verba
3700 1922 3869 1975 melle

2325 2017 2613 2073 suaviora,
2668 2016 2864 2068 similia
2918 2015 3097 2067 verbis
3153 2014 3482 2077 Salomonis,
3539 2012 3868 2067 conferenda

2326 2121 2446 2159 cum
2473 2104 2705 2158 Davidis.
2746 2102 2862 2168 Quo
2904 2112 3145 2171 tempore
3180 2104 3349 2171 magis
3380 2103 3681 2171 apponebat
3709 2118 3870 2154 men-

2328 2211 2440 2249 sam
2474 2195 2757 2247 verborum
2800 2210 2957 2262 quam
3007 2194 3275 2256 ciborum,
3319 2203 3371 2246 et
3399 2194 3703 2262 dogmatum
3747 2201 3872 2245 tan-

2327 2300 2487 2354 quam
2515 2300 2580 2336 ex
2612 2283 2756 2337 fonte
2803 2285 2983 2351 aliquo
3016 2283 3272 2337 fluentum
3319 2283 3533 2349 cepiose
3563 2282 3873 2347 emittebat,

2328 2389 2382 2429 et
2420 2375 2714 2442 Scriptura
2746 2375 3126 2442 profunditatis
3149 2374 3283 2427 citra
3315 2373 3661 2426 oﬂ‘ensionem
3693 2372 3874 2424 latens

2253 2506 2277 2542 λ.
2330 2481 2523 2519 sensus
2551 2467 2618 2518 ab
2648 2479 2712 2518 eo
2747 2465 3191 2538 investigabatur,_
3208 2472 3261 2517 et
3297 2466 3578 2517 universus
3600 2462 3873 2515 bonorum

692 2558 893 2625 sophia
942 2557 1122 2610 florem
1158 2568 1271 2610 arte
1306 2559 1517 2612 dicendi
1559 2546 1935 2627 temperasset,
1986 2560 2224 2628 linguam
2268 2546 2275 2551 Χ

2330 2555 2529 2627 chorus
2558 2564 2764 2623 poterat
2789 2555 2931 2623 loqui
2962 2556 3145 2609 libere.

2404 2647 2492 2700 20.
2531 2647 2664 2700 Cum
2714 2647 2766 2698 in
2803 2644 2885 2699 his
2936 2654 3077 2699 esset
3124 2646 3286 2698 homo
3318 2644 3445 2706 Dei,
3491 2653 3544 2696 et
3575 2644 3875 2712 ﬂorentem

2332 2739 2632 2793 doctrinam
2674 2736 2876 2790 videret
2913 2751 3047 2803 cum
3085 2735 3373 2790 virtutibus
3422 2736 3476 2788 in
3529 2735 3880 2802 imperatoris

2334 2832 2535 2893 anima,
2568 2844 2687 2897 qua
2717 2827 2937 2894 juvenili
2986 2826 3234 2881 utebatur
3279 2840 3523 2894 corpore,
3565 2834 3617 2880 et
3648 2826 3879 2893 vestigia

2336 2920 2574 2987 antiquae
2593 2918 2883 2980 felicitatis,
2911 2926 2965 2971 et
2992 2918 3303 2970 universum
3335 2916 3498 2969 alium
3533 2931 3882 2984 consequen-

698 3022 855 3073 ceps;
902 3016 1030 3060 tunc
1062 3007 1292 3060 maxime
1328 3017 1627 3076 temperans
1673 3009 1940 3061 viventem
1982 3007 2233 3062 Ecclesia
2261 3016 2304 3071 (ι
2337 3017 2441 3064 tem
2481 3017 2677 3064 statum
2727 3017 2832 3061 tam
2867 3007 3099 3070 civilem,
3146 3022 3305 3074 quam
3353 3005 3767 3064 aconomicum,
3822 3016 3884 3059 ct

700 3105 958 3150 craterem
989 3096 1040 3149 in
1072 3098 1341 3164 pontifice,
1367 3099 1457 3163 qui
1488 3113 1726 3151 mensam
1751 3099 2028 3166 proposuit
2050 3102 2235 3153 activa

703 3186 1052 3251 philosophia
1091 3184 1246 3237 bonis
1272 3184 1469 3237 lautam
1514 3193 1567 3237 et
1611 3184 1880 3247 refertam,
1908 3185 2237 3253 deeebatque

704 3284 756 3326 et
789 3273 1129 3338 imperatoris
1179 3274 1510 3341 philosophi,
1554 3283 1606 3345 et
1634 3274 1900 3342 pontificis
1932 3275 1981 3326 in
2034 3275 2240 3343 agendo

710 3364 964 3418 industrii
999 3364 1131 3417 illud
1164 3377 1416 3431 magnum
1441 3372 1493 3416 et
1523 3363 1841 3416 admirabile
1872 3379 2008 3432 opus
2039 3380 2159 3417 esse
2186 3375 2258 3419 et-

709 3457 967 3515 studium,
1020 3469 1117 3523 per
1159 3470 1276 3521 qua
1323 3463 1404 3507 est
1453 3453 1823 3521 incorruptum
1867 3452 2152 3519 judicium;
2189 3464 2244 3508 et

711 3548 942 3600 tribunal
997 3545 1305 3598 muneribus
1356 3544 1717 3612 impollutum,
1770 3552 1822 3596 et
1866 3546 2239 3597 eontinnorum

706 3637 1033 3705 judiciorttm
1075 3635 1288 3701 sapiens
1320 3634 1643 3701 excogitatio
1675 3652 1688 3687 :
1722 3649 1815 3701 per
1857 3650 1975 3700 qua
1996 3645 2047 3686 et
2082 3635 2246 3687 libere

711 3725 945 3790 loquitur
971 3732 1022 3775 et
1054 3723 1131 3774 sic
1169 3722 1305 3789 gerit
1331 3720 1560 3787 justitia,
1597 3729 1649 3771 et
1694 3721 1868 3773 locum
1910 3736 2011 3773 non
2045 3723 2246 3777 invenit

712 3809 1018 3864 adversaria
1055 3824 1065 3857 :
1107 3822 1198 3874 per
1224 3822 1345 3874 qua
1369 3815 1423 3860 et
1456 3806 1678 3874 reprimi
1706 3818 1954 3875 poterant
1979 3811 2247 3876 orphano-

713 3915 832 3953 rutn
895 3900 1157 3966 lacryma,
1201 3897 1539 3965 gemitusque
1595 3897 1905 3957 viduarum,
1967 3900 2250 3966 omnisque

717 3988 963 4055 maligna
990 3996 1044 4039 et
1087 3986 1284 4039 dolosa
1315 3985 1733 4039 machinationis
1766 3986 1890 4040 nodi
1928 3987 2166 4051 dissolvi,
2199 4001 2251 4041 et

716 4078 824 4131 dux
861 4076 1131 4129 exercitus
1184 4075 1468 4143 imperium
1505 4075 1751 4143 accipere
1776 4075 2052 4142 pramium
2085 4078 2249 4130 virtu-

717 4168 809 4231 tis,
842 4176 894 4221 et
937 4181 968 4220 e
1030 4168 1167 4233 turpi
1226 4166 1375 4219 luero
1443 4180 1660 4218 manum
1709 4166 1949 4235 praebere
1999 4169 2248 4220 mundam

720 4258 1025 4312 communia
1053 4266 1105 4309 et
1136 4256 1345 4323 publica
1369 4272 1383 4320 ;
1406 4263 1459 4308 et
1478 4255 1629 4309 dives
1654 4271 1757 4307 non
1791 4256 2057 4309 sustinere
2085 4257 2252 4310 bono-

2336 3111 2670 3168 quacunque
2696 3097 2760 3149 de
2792 3095 2997 3163 judicio
3027 3109 3205 3148 rerum
3242 3094 3420 3147 habita
3443 3093 3634 3155 oratio,
3663 3108 3880 3146 morum

2338 3190 2524 3243 tribuit
2579 3186 2894 3254 disciplina,
2929 3186 3124 3254 gaudio
3172 3193 3317 3238 totus
3369 3182 3784 3245 diﬂ‘undebatur,
3826 3193 3885 3236 et

2340 3280 2506 3334 Deum
2556 3278 2828 3342 laudabat,
2856 3292 2964 3331 rem
3012 3291 3127 3329 eam
3157 3275 3359 3329 ducens
3390 3274 3725 3329 occasionem
3756 3287 3887 3341 gra-

2339 3370 2537 3423 tiarum
2580 3368 2830 3433 actionis,
2852 3376 2905 3420 et
2934 3366 3118 3420 dicens
3143 3380 3201 3420 se
3231 3365 3298 3418 ah
3336 3366 3658 3431 imperatore
3691 3363 3888 3415 luben-

2342 3469 2423 3513 ter
2461 3457 2738 3527 superari;
2765 3457 2855 3526 qui
2885 3459 2984 3510 etsi
3019 3454 3306 3508 mundanis
3332 3455 3590 3507 obruatur
3619 3452 3890 3505 sollicitu-

2342 3548 2579 3610 dinibus,
2619 3546 2924 3599 accuratius
2959 3553 3138 3597 tamen
3173 3558 3259 3596 res
3285 3542 3614 3609 assequitur,
3650 3556 3813 3608 quam
3850 3541 3889 3593 ii

2342 3636 2435 3704 qui
2468 3636 2520 3688 in
2547 3633 2918 3702 spiritualihus
2949 3633 3111 3685 rebus
3140 3640 3559 3691 consenuerunt,
3590 3636 3699 3682 tum
3734 3628 3891 3697 inge-

2348 3727 2420 3779 nii
2464 3725 2737 3788 felicitate,
2787 3734 2899 3777 tum
2946 3721 3159 3776 dicendi
3194 3720 3449 3774 facultate
3490 3727 3584 3772 :et
3612 3733 3731 3772 cum
3764 3720 3893 3773 aliis

2346 3830 2407 3867 ea
2437 3826 2652 3881 quoque
2674 3811 2916 3879 apprime
2942 3809 3079 3863 sciat
3100 3822 3215 3877 qua
3234 3808 3503 3878 pertinent
3530 3807 3593 3859 ad
3626 3807 3892 3869 animam,

2351 3913 2603 3968 tanquam
2654 3900 2743 3966 qui
2797 3914 2902 3951 non
2966 3898 3139 3951 solum
3192 3896 3530 3965 corporibus,
3583 3897 3675 3948 sed
3724 3898 3892 3948 etiam

2350 3993 2544 4045 animis
2574 3992 2798 4057 imperet
2832 3987 3050 4041 solertia
3077 3986 3275 4056 ingenii
3311 3995 3364 4039 et
3400 3986 3594 4038 mentis
3618 3986 3893 4038 acumine.

2418 4081 2507 4135 21.
2550 4079 2699 4134 Unde
2730 4078 2889 4131 etiam
2926 4086 3177 4144 tanquam
3213 4076 3295 4129 sui
3328 4075 3527 4140 pudore
3560 4074 3781 4127 aﬂ‘ectus
3813 4074 3898 4125 vir

2352 4173 2439 4224 ille
2470 4170 2835 4233 admirabilis,
2888 4183 3099 4221 omnem
3133 4167 3214 4219 sui
3253 4180 3441 4219 curam
3474 4164 3800 4230 despiciebat
3841 4164 3896 4215 in

2354 4270 2507 4314 atate
2546 4260 2635 4311 illa
2678 4238 2855 4319 senili,
2904 4270 3100 4323 corpus
3132 4254 3354 4305 omnino
3396 4251 3694 4319 negligens,
3738 4256 3792 4303 et
3834 4265 3897 4303 ea

722 4366 839 4403 rum
875 4348 1309 4415 publicationem,
1355 4356 1405 4399 et
1446 4360 1646 4414 pauper
1695 4347 1840 4399 nulla
1880 4345 2016 4400 allici
2060 4356 2251 4400 contu-
2286 4326 2332 4383 D
2357 4350 2553 4418 quibus
2583 4346 2785 4401 sciebat
2821 4345 2870 4398 id
2905 4343 3153 4405 recreari,
3193 4353 3245 4394 et
3277 4356 3393 4408 qua
3424 4340 3487 4394 ad
3521 4353 3676 4407 opem
3718 4338 3900 4392 feren-

723 4442 911 4502 ntelia;
941 4449 993 4493 et
1020 4439 1253 4506 agricola
1278 4439 1456 4491 sulcos
1484 4436 1721 4505 jucunde
1744 4437 2112 4503 proscindere,
2140 4453 2244 4490 non

727 4534 919 4585 timens
937 4530 1275 4597 vectigalium
1293 4527 1685 4582 exsolutionem
1715 4527 1848 4595 agri,
1874 4526 2028 4593 cujus
2052 4524 2255 4582 fructus

728 4639 831 4675 non
864 4621 1117 4687 percepit.
1155 4620 1351 4673 florum
1389 4634 1578 4671 manus
1611 4618 1664 4670 in
1703 4617 1897 4679 calum
1924 4626 2176 4677 extensa,
2204 4625 2257 4671 et

728 4714 824 4764 rivi
866 4712 1217 4779 laerymarum
1248 4709 1427 4762 emissi
1462 4723 1526 4760 ex
1566 4708 1756 4769 oculis,
1790 4708 1955 4760 Deum
1992 4708 2099 4773 jam
2132 4709 2256 4761 olim

732 4802 1089 4867 placaverunt,
1120 4809 1171 4850 et
1195 4814 1373 4866 quam,
1402 4798 1493 4867 qui
1518 4797 1594 4851 eis
1614 4798 2032 4863 erantsubjeeti,
2062 4798 2259 4865 justam

735 4890 865 4941 iram
904 4890 955 4941 in
1009 4903 1066 4942 se
1113 4890 1225 4942 suis
1276 4889 1509 4955 peccatis
1549 4896 1994 4956 provocaverant,
2034 4901 2149 4939 eam
2189 4888 2261 4939 la-

734 4993 1036 5046 crymarum
1081 4977 1316 5030 'ﬂttentis
1374 4976 1438 5043 (Ο
1503 4979 1783 5047 benignam
1842 4986 1894 5031 et
1947 4977 2261 5032 clementem

809 5113 878 5179 (8)
915 5113 1157 5166 Scbi-ma
1203 5127 1229 5163 a
1289 5111 1798 5163 Photiovinvectum
1854 5111 2123 5179 intelligit.
2181 5110 2265 5165 Nil

744 5182 933 5233 mirum
963 5180 1251 5233 desiderari
1290 5181 1446 5244 hujus
1476 5195 1627 5233 conc.
1671 5180 1829 5237 Acta,
1864 5192 1891 5228 a
1928 5177 2148 5234 Gracis.
2180 5196 2267 5232 re-

743 5250 1085 5301 crudescente
1109 5258 1226 5316 post
1254 5249 1465 5316 longum
1492 5259 1700 5315 tempus
1723 5248 2029 5316 schismate,
2056 5249 2268 5312 penitus

746 5335 922 5370 erasa.
954 5313 1168 5371 Minime
1190 5313 1409 5369 dubium
1441 5326 1542 5377 est,
1578 5313 1628 5367 in
1663 5318 1763 5368 hoc
1785 5313 1972 5367 concil.
1995 5316 2265 5379 damnata,

750 5388 826 5436 \‘t'l
896 5386 1210 5448 etueuilata,
1273 5400 1390 5449 qua:
1442 5384 1493 5436 in
1555 5382 2007 5449 Constantinopol.
2043 5386 2271 5448 pseudo-

751 5454 946 5506 concil‘.
982 5467 1101 5519 post
1158 5464 1379 5506 mortem
1414 5453 1470 5505 S.
1520 5453 1705 5521 lgnatii
1754 5452 1955 5513 habito,
2011 5461 2153 5520 gesta
2208 5467 2271 5506 ac

754 5533 944 5576 statuta
979 5534 1143 5575 erant.

825 5595 899 5661 (tl)
940 5591 1049 5644 Non
1078 5594 1304 5646 arbitror
1333 5591 1548 5647 Latinos
1582 5592 1742 5660 cpisc.
1772 5604 1835 5644 co
1865 5596 2129 5654 evocatos,
2171 5589 2270 5644 nisi

2358 4441 2477 4495 dam
2503 4438 2692 4493 anima
2712 4436 2764 4489 in
2788 4434 3171 4489 certaminibus
3191 4431 3425 4495 virtutis,
3449 4444 3645 4498 corpus
3676 4429 3904 4482 minime

2360 4531 2631 4585 laderent.
2664 4526 3023 4592 Quamobrem
3046 4524 3099 4576 in
3128 4524 3286 4591 longa
3322 4508 3520 4583 inedia,
3553 4527 3606 4574 et
3629 4520 3901 4591 vincendo

2362 4622 2571 4675 dolores
2623 4618 2903 4686 corporis,
2954 4613 3283 4683 suscipiebat
3318 4611 3551 4672 labores,
3612 4609 3703 4677 qui
3756 4614 3905 4663 vires

2366 4709 2607 4778 corporis
2636 4708 2995 4775 superabant;
3030 4703 3172 4774 quod
3203 4701 3414 4770 quidem
3435 4708 3528 4775 _est
3566 4709 3771 4752 natura
3802 4699 3907 4751 ini-

2366 4802 2586 4861 micum,
2612 4807 2663 4850 et
2687 4796 2827 4864 quod
2858 4790 3135 4846 aversatur
3167 4806 3256 4845 ars
3286 4790 3584 4843 medicina.
3620 4788 3731 4842 Etsi
3758 4799 3907 4843 esset

2368 4892 2484 4958 ejus
2524 4904 2719 4957 corpus
2748 4884 2976 4940 calidius
3010 4882 3417 4950 temperatione,
3454 4888 3508 4931 et
3556 4877 3902 4945 signiﬁcaret,

2371 4997 2476 5037 non
2502 4995 2621 5034 esse
2641 4979 2689 5034 ei
2716 4986 2897 5046 aptum
2920 4974 3059 5045 quod
3086 4973 3297 5038 deﬁcit,
3331 4986 3399 5025 ne
3426 4969 3699 5022 videretur
3724 4977 3904 5023 tamen

2374 5113 2417 5165 si
2446 5096 2537 5179 qui
2567 5106 3031 5179 Constantinopol.
3056 5104 3309 5179 imperat.
3341 5097 3759 5179 subjectiﬂraut.
3792 5098 3905 5179 A11.-

2374 5166 2585 5233 fuernnt
2628 5187 2801 5230 tamen
2858 5166 3101 5246 fortassis
3142 5166 3391 5246 aliqni__a
3442 5166 3904 5246 po'ntiﬁcejlegrfti,

2374 5246 2807 5314 quandoquidem
2840 5254 2995 5314 antea
3030 5244 3097 5314 ab
3129 5255 3193 5293 eo
3230 5234 3470 5314 petiisset
3502 5234 3631 5314 _Leo,
3669 5236 3845 5314 utqui
3879 5249 3907 5286 a

2376 5304 2567 5370 Photio
2611 5304 3152 5383 pseudo-patriarcha
3197 5308 3367 5383 sacris
3401 5304 3595 5357 initiati
3628 5304 3908 5356 ordinibus

2376 5394 2549 5447 erant,
2580 5375 2822 5447 interque
2850 5375 2943 5434 eos
2970 5379 3275 5449 Stephanus
3308 5375 3469 5449 frater
3501 5383 3910 5449 suus,__munere

2378 5441 2925 5521 fungi'suogpossent.
2955 5441 3092 5521 _Qui_
3120 5446 3206 5521 hic
3246 5441 3604 5499 occidentales
3636 5441 3905 5500 dicuntur,

2379 5514 2504 5579 sunt
2533 5521 2624 5591 qui
2659 5514 2925 5587 Europam
2955 5514 3281 5571 incolebant.
