4088 6332
756 227 856 291 195

1870 215 2273 278 NICEPHORI
2313 213 2755 274 PHILOSOPHI

3775 203 3875 268 196

750 347 895 399 spem
932 325 1135 382 accedit
1180 327 1243 379 ad
1274 325 1523 387 loculum,
1565 323 1844 389 conﬁtens,
1873 334 1926 378 et
1960 323 2268 377 beneﬁcium
2299 324 2348 383 Α
2375 323 2426 374 in
2449 321 2564 388 ejus
2593 319 2984 374 dormitionem.
3013 313 3138 381 Quae
3179 323 3350 368 autem
3385 313 3436 365 in
3470 312 3713 366 oratione
3744 325 3771 362 a
3798 327 3881 366 me

750 421 893 473 clara
927 432 1054 469 voce
1078 416 1389 482 praedicans.

819 505 908 557 27.
946 505 1078 556 Cum
1125 517 1251 555 vero
1292 516 1450 569 capsa
1495 500 1756 568 pontiﬁcis
1801 507 1988 553 octavo
2038 499 2121 551 die
2159 507 2275 565 post

751 593 894 661 justa
919 591 1076 650 facta.
1102 590 1350 657 quoniam
1381 603 1483 640 non
1513 597 1651 641 recte
1675 602 1732 641 se
1757 589 1948 640 habere
1976 587 2269 644 videbatur,

755 689 1050 731 mutaretur
1079 678 1128 728 in
1176 677 1464 738 meliorem,
1511 691 1680 729 novus
1723 675 1936 742 quidam
1969 681 2022 727 et
2053 672 2274 740 insignis

759 769 888 818 odor
907 765 1157 832 unguenti
1179 763 1540 825 sacratissimi,
1568 763 1800 829 implevit
1827 777 2039 815 sensum
2064 777 2271 820 eorum,

757 855 841 920 qui
886 853 1119 912 aderant,
1156 852 1307 904 tacite
1353 851 1622 901 honorans
1655 839 1904 916 eum'qui
1947 849 2174 916 jacebat,
2224 857 2276 901 et

755 944 1058 994 describens
1107 954 1246 1001 eam,
1291 954 1407 1004 qua:
1442 938 1796 990 intercedebat
1838 953 1956 990 cum
1988 937 2113 998 Deo,
2142 952 2268 990 con-

752 1027 1072 1095 iunctionem
1105 1034 1154 1077 et
1184 1023 1614 1076 familiaritatem.
1647 1021 1776 1074 Nam
1807 1023 1894 1088 qui
1921 1022 2055 1074 hanc
2079 1037 2274 1074 carun-

754 1115 890 1175 cula,
927 1099 1160 1179 iniquam
1195 1111 1334 1164 cadit
1360 1111 1625 1171 interitus,
1665 1110 1937 1177 Christum
1974 1110 2278 1175 magniﬁca-

752 1217 918 1264 vcrat,
973 1210 1023 1252 et
1081 1201 1334 1266 mysticus
1380 1199 1587 1264 quidam
1639 1197 1806 1250 bonus
1851 1197 1981 1248 odor
2013 1197 2061 1248 ei
2109 1197 2279 1257 fuerat

755 1299 1018 1347 ostensus,
1048 1295 1105 1338 ut
1141 1286 1284 1352 prius
1328 1283 1639 1336 describitur
1671 1283 1974 1350 apostolicis
2001 1283 2276 1349 Leloquiis;

756 1377 944 1428 merito
976 1374 1133 1425 etiam
1165 1373 1410 1438 dignatur
1451 1373 1638 1438 gratia,
1674 1385 1792 1438 quae
1829 1371 1994 1437 spirat
2037 1386 2277 1438 unguen-

756 1475 889 1524 tum,
949 1463 1191 1514 virtutem
1253 1461 1599 1512 immortalem
1652 1461 1966 1527 praedicante
2019 1459 2279 1526 operatio-

757 1565 898 1602 nem.

822 1637 911 1692 28.
951 1635 1131 1687 Nonus
1187 1643 1360 1686 autem
1401 1632 1820 1700 magniﬁcentius
1852 1634 2077 1700 prmbuit
2116 1634 2272 1686 mira-
2309 1632 2348 1683 B

756 1726 953 1786 culum,
997 1724 1061 1776 ad
1101 1724 1413 1790 beneficium
1458 1737 1767 1788 pauperum,
1818 1723 1908 1790 qui
1956 1724 2022 1775 ab
2071 1723 2184 1789 ipso
2214 1724 2278 1774 de

756 1813 906 1861 more
957 1809 1249 1870 alebantur,
1298 1808 1374 1859 vel
1423 1809 1594 1874 potius
1627 1823 1653 1859 a
1685 1809 1788 1860 Deo
1821 1823 1913 1875 per
1951 1809 2146 1876 ipsum,
2189 1810 2276 1876 qui

756 1899 911 1950 etiam
947 1912 1037 1962 per
1066 1897 1255 1947 Mosem
1283 1896 1331 1946 in
1365 1897 1572 1947 deserto
1599 1895 1909 1946 alimentum
1943 1896 2075 1962 pluit
2105 1895 2274 1947 admi-
2314 1938 2318 1943 .

756 1985 958 2036 rabile:
991 1993 1040 2035 et
1085 1985 1252 2035 viduae
1301 1983 1664 2049 Sarephtante,
1714 1983 1940 2034 adventu
1983 1984 2276 2052 prophetae,

756 2085 975 2138 parvum
1009 2069 1376 2135 multiplicavit
1421 2070 1669 2122 viaticum
1705 2069 1980 2136 :quinque
2025 2083 2150 2122 vero
2191 2083 2278 2135 pa-

757 2161 934 2222 nibus,
996 2158 1229 2224 quinque
1285 2157 1482 2218 millia;
1521 2166 1574 2208 et
1619 2171 1805 2210 rursus
1860 2166 2092 2222 septem,
2151 2158 2282 2208 aluit

757 2255 985 2312 quatuor
1011 2245 1198 2305 millia,
1230 2253 1282 2295 et
1325 2251 1497 2295 certos
1528 2252 1708 2304 testes,
1753 2257 1869 2309 quae
1898 2243 2121 2295 satietati
2155 2244 2278 2294 reli-

758 2337 1002 2401 quiarum
1028 2347 1186 2398 super
1213 2332 1670 2397 fueruntsportas,
1701 2332 1941 2398 praebuit.
1969 2331 2280 2382 Mira‘culum

759 2431 934 2473 autem
968 2430 1081 2473 erat
1105 2421 1189 2472 hic
1215 2434 1426 2487 quoque
1453 2419 1868 2472 additamentum
1901 2420 2166 2481 ciborum,
2194 2420 2284 2487 qui

760 2508 1147 2561 distribuuntur
1177 2509 1516 2575 pauperibus.
1553 2506 1603 2560 Id
1631 2523 1755 2560 vero
1783 2516 1896 2560 erat
1919 2508 2069 2576 panis
2092 2519 2140 2560 et
2167 2507 2282 2559 fru-

759 2607 994 2650 mentum
1039 2609 1266 2659 coctum,
1302 2613 1402 2649 non
1462 2611 1683 2649 numero
1728 2597 1940 2664 quidem
1978 2596 2282 2660 indeﬁnito,

759 2687 850 2740 sed
882 2697 1138 2754 quantum
1189 2686 1398 2738 deﬁnita
1453 2701 1696 2738 mensura
1756 2685 2142 2740 distributionis
2197 2700 2285 2739 so-

760 2775 901 2828 lebat
955 2775 1194 2826 sullicere
1233 2775 1374 2825 mille
1420 2775 1718 2827 animabus.
1768 2773 1905 2837 Quin
1947 2776 2104 2827 etiam
2135 2781 2287 2826 erant

2372 421 2495 464 sunt
2528 409 2898 476 pratermissa,
2933 408 2984 459 in
3008 405 3238 472 juvenili
3269 404 3382 471 ejus
3424 411 3574 456 :etate
3604 401 3740 453 facta
3780 401 3880 453 mi-

2376 499 2575 557 racula,
2610 513 2672 550 ea
2701 496 2932 548 narrabo
2962 503 3223 562 repetens.

2440 588 2524 641 50.
2558 589 2688 640 Cum
2716 586 2840 638 olim
2879 593 3022 638 esset
3050 591 3202 636 state
3238 579 3465 647 juvenis,
3507 586 3556 631 ct
3585 578 3880 630 Davidieam

2371 678 2605 746 pulsaret
2627 676 2883 729 citharam
2909 674 2961 727 in
2990 672 3188 740 templo
3211 670 3320 723 Divi
3337 667 3599 722 Theodori
3619 666 3880 734 Martyris,

2373 766 2510 832 quod
2543 773 2658 818 erat
2688 765 2846 818 situm
2885 777 3043 830 super
3087 760 3347 828 quoddam
3395 759 3772 817 cremetcrium,
3833 756 3882 804 in

2374 855 2512 922 quod
2541 854 2950 922 projiciebantur
2967 851 3219 903 cadavera
3243 848 3737 906 condemnatorum,
3761 843 3885 894 viuit

2373 942 2627 1008 quosdam
2691 942 2824 993 duos
2891 945 3102 1006 aspectu
3166 935 3446 996 deformes,
3498 934 3685 1000 (solent
3743 929 3883 982 enim

2371 1030 2658 1098 plurimum
2699 1028 2848 1099 tales,
2893 1026 3076 1092 quales
3129 1033 3276 1084 sunt,
3325 1021 3595 1089 apparere)
3640 1019 3778 1085 apud
3831 1031 3888 1068 se

2375 1117 2628 1168 iracunde
2657 1115 2894 1168 dicentes
2928 1131 2940 1164 :
2972 1113 3235 1164 Abeamus
3264 1110 3404 1162 hinc.
3443 1107 3703 1160 Prses-eote
3745 1105 3884 1156 enim

2375 1200 2746 1265 adolescente,
2779 1216 2886 1254 non
2936 1200 3314 1253 sustinebimus
3362 1197 3450 1250 hic
3507 1207 3738 1248 manere.
3785 1191 3886 1255 Qui

2374 1293 2584 1361 quidem
2618 1301 2831 1377 repente
2853 1287 3202 1353 aufttgientes,
3245 1283 3402 1337 simul
3441 1299 3560 1336 cum
3596 1283 3692 1334 hoc
3726 1281 3887 1333 verbo

2373 1363 2718 1436 evanuerunt.
2777 1363 2886 1430 Hoc
2931 1377 3164 1430 ostendit
3209 1381 3539 1442 potestatem,
3589 1387 3705 1438 quae
3737 1371 3888 1437 prius

2377 1479 2563 1525 sancto
2590 1473 2647 1521 in
2671 1484 2761 1522 eos
2785 1469 2908 1520 data
2941 1467 3129 1519 fuerat.

2445 1559 2533 1610 3|.
2565 1559 2676 1610 Hoc
2706 1570 2917 1623 quoque
2976 1552 3264 1608 secundum
3306 1548 3693 1610 conscribatur,
3743 1545 3885 1612 quod

2378 1647 2689 1715 praecedenti
2721 1644 2819 1697 fuit
2843 1643 3045 1710 aequale
3076 1649 3326 1706 tempore.
3363 1637 3548 1691 Mulier
3571 1635 3809 1695 illustris.
3833 1635 3885 1686 in

2377 1752 2513 1803 equo
2542 1734 2806 1788 transiens
2836 1747 2926 1799 per
2955 1730 3330 1782 monasterium
3371 1741 3490 1779 cum
3530 1726 3727 1778 mundo
3769 1738 3890 1774 mu-

2381 1824 2548 1884 liebri,
2581 1837 2743 1889 prope
2769 1820 2932 1873 fracta
2955 1819 3163 1885 delapsa
3188 1825 3269 1869 est
3290 1815 3342 1867 in
3371 1825 3583 1866 terram.
3612 1812 3739 1864 Nam
3765 1825 3887 1864 cum

2377 1912 2584 1964 divinus
2616 1909 2874 1961 Antonius
2906 1915 3031 1960 tunc
3072 1914 3210 1958 esset
3239 1905 3376 1956 inter
3407 1902 3791 1961 adolescentes,
3836 1907 3891 1950 et

2381 2000 2664 2066 improviso
2694 2006 2835 2050 esset
2863 2011 2892 2048 e
2923 2005 3074 2063 porta
3101 2006 3366 2060 egressus,
3417 1989 3636 2056 contigit
3671 2001 3886 2040 currum

2379 2089 2599 2159 repente
2622 2083 2949 2145 conturbari,
3002 2081 3140 2148 quod
3193 2093 3254 2130 ex
3294 2079 3400 2130 alto
3431 2079 3674 2130 deorsum
3708 2076 3890 2127 detur-

2381 2176 2574 2237 basset,
2609 2174 2706 2228 nisi
2754 2186 2871 2224 cam
2910 2176 3332 2230 eonservasscnt,
3357 2167 3446 2232 qui
3480 2164 3735 2231 eumipsa
3773 2177 3891 2214 am-

2380 2263 2648 2316 bulabant.
2673 2261 2761 2314 llla
2791 2268 2966 2313 autem
2995 2258 3309 2312 conturbata
3344 2270 3407 2308 eo
3427 2254 3567 2322 quod
3599 2252 3888 2311 acciderat,

2382 2349 2736 2401 venerandum
2810 2346 3178 2400 ludificabatur
3224 2344 3487 2404 habitum,
3538 2349 3594 2393 ut
3644 2340 3693 2392 in
3733 2338 3892 2390 rebus

2384 2434 2689 2500 hujusmodi
2717 2433 2910 2496 solent,
2935 2433 3024 2498 qui
3059 2440 3184 2484 sunt
3209 2430 3382 2497 pusilli
3409 2437 3462 2481 et
3489 2426 3675 2494 abjecti
3703 2423 3889 2476 animi.

2383 2520 2478 2572 Cui
2507 2520 2640 2572 dixit
2665 2520 2708 2570 is
2728 2517 2818 2586 qui
2842 2525 2954 2569 erat
2980 2515 3241 2585 perfectus
3264 2517 3314 2567 in
3341 2514 3617 2581 juventute
3650 2511 3891 2572 :Mulier,

2383 2608 2490 2661 noli
2517 2623 2635 2660 eum
2676 2607 2942 2658 incessere
2973 2605 3291 2666 maledictis;
3325 2601 3456 2653 meis
3483 2599 3619 2652 enim
3645 2597 3895 2650 manibus

2383 2698 2565 2751 venies
2590 2697 2652 2749 ad
2681 2697 2821 2748 hunc
2846 2695 3098 2747 habitum.
3126 2691 3245 2744 ﬂare
3274 2691 3406 2744 dixit
3427 2700 3673 2749 sanctus;
3697 2694 3892 2738 etcum

2384 2785 2535 2838 multi
2589 2784 2713 2836 anni
2783 2783 3182 2849 prmteriissent,
3240 2780 3302 2832 ad
3361 2778 3599 2830 ein-ctum
3655 2774 3898 2844 pervenit

763 2876 948 2913 omnes
995 2861 1186 2913 θεειίεη)
1217 2874 1496 2920 mulsum»
1548 2849 1675 2926 qua!
1704 2860 1977 2922 δοιθῦδηιι
2011 2859 2164 2911 iidem
2195 2872 2285 2911 θο-
2312 2909 2352 2963 c
2386 2872 2675 2938 praedictio,
2720 2883 2844 2922 cum
2874 2869 2985 2936 ipse
3023 2868 3230 2934 quidem
3274 2867 3463 2917 beatus
3506 2865 3690 2917 horum
3752 2870 3898 2915 esset

765 2951 910 3017 phini
952 2950 1041 3015 qui
1095 2955 1428 3015 acceperunt,
1483 2948 1678 2999 eaedem
1734 2962 1920 2999 manus
1971 2961 2153 2999 eorum
2194 2948 2282 3014 qui

767 3039 1156 3089 ministrabant.
1195 3036 1256 3086 Et
1293 3051 1544 3086 numerus
1573 3035 1782 3099 quidem
1815 3034 1911 3086 fuit
1937 3045 2286 3100 consumptus

768 3140 973 3184 eorum,
1023 3125 1109 3189 qui
1159 3131 1385 3175 tesseras
1427 3123 1665 3172 ferebant
1712 3122 1973 3186 manibus,
2007 3123 2101 3187 (iis
2146 3121 2288 3175 enim

769 3215 915 3281 prius
943 3211 1255 3273 distributis,
1287 3211 1660 3263 numerabatur
1685 3211 1825 3262 mille
1853 3210 2124 3264 hominum
2152 3210 2288 3262 mul-

768 3302 971 3369 titudo)
1014 3311 1378 3353 remanserunt
1407 3308 1582 3352 autem
1614 3310 1719 3353 tres
1755 3299 1988 3368 cophini,
2013 3301 2103 3367 qui
2133 3300 2291 3352 suffe-

771 3403 957 3444 cerunt
989 3391 1323 3456 pauperibus,
1355 3390 1442 3456 qui
1467 3397 1724 3441 venerunt
1752 3391 1951 3456 absque
1985 3389 2219 3441 tesseris.

840 3479 927 3530 29.
966 3478 1272 3542 Cujusmodi
1325 3487 1498 3528 autem
1556 3477 1652 3528 fuit
1699 3478 1750 3528 id
1782 3477 2115 3537 miraculum,
2151 3475 2290 3541 quod

776 3564 973 3616 factum
1009 3573 1088 3614 est
1117 3563 1166 3612 in
1215 3561 1435 3613 Leonem
1472 3563 1768 3628 patricium,
1797 3563 1886 3628 qui
1913 3571 2131 3629 praerat
2159 3563 2293 3613 mili-

777 3653 978 3704 tat-ibus
1013 3652 1268 3711 numeris,
1292 3653 1495 3704 dicatur
1517 3665 1544 3702 a
1591 3650 1759 3703 nobis.
1797 3648 1888 3702 Vir
1917 3650 2001 3702 ille
2028 3649 2306 3702 laborabat

776 3738 1077 3791 tliﬂicultate
1109 3739 1389 3800 anhelitus,
1418 3742 1557 3806 quod
1590 3737 1787 3800 causis,
1812 3753 1927 3804 quae
1957 3737 2290 3802 afﬂuxerunt,

776 3828 1041 3881 obstructa
1070 3836 1248 3879 essent
1283 3828 1654 3889 instrumenta,
1688 3834 1741 3880 et
1765 3828 2030 3881 anhelitus
2073 3829 2293 3881 liberum

777 3927 884 3965 non
912 3913 1125 3964 haberet
1159 3921 1405 3966 meatum.
1436 3913 1538 3976 Qui
1567 3928 1685 3967 cum
1725 3913 1856 3966 adeo
1890 3913 2115 3981 graviter
2152 3915 2296 3966 obsi-

777 3998 1008 4060 deretur,
1029 4005 1342 4066 tenuemque
1359 4009 1410 4051 et
1427 4001 1937 4061 imbecillamvocem
1958 4001 2155 4062 ederet,
2184 4000 2298 4052 ade-

776 4094 894 4136 rant
920 4087 1126 4152 quidem
1157 4088 1245 4152 qui
1280 4088 1340 4139 ad
1363 4102 1481 4140 eum
1515 4102 1704 4154 genere
1732 4088 2042 4150 attinebant,
2075 4088 2298 4139 maxime

2385 2959 2601 3018 oblitus,
2645 2956 2832 3009 mulier
2869 2970 3002 3008 vero
3050 2955 3097 3006 ei
3148 2961 3444 3005 revocasset
3477 2952 3528 3002 in
3561 2950 3894 3011 memoriam,

2386 3054 2439 3099 et
2460 3045 2748 3112 aperuisset
2764 3059 2883 3095 eum
2901 3058 3038 3105 esse,
3057 3041 3145 3108 qui
3164 3041 3275 3093 haec
3295 3049 3419 3093 tunc
3441 3040 3486 3091 ei
3511 3041 3896 3091 denuntiasset.

2963 3139 3294 3221 carur’v.

2388 3280 2604 3334 Sanctus
2641 3281 2891 3332 Antonius
2951 3296 3064 3331 cum
3115 3279 3358 3331 veteribus
3395 3277 3490 3331 SS.
3531 3285 3854 3344 comparatus
3881 3290 3902 3328 :

2824 3349 3084 3400 invocatus
3115 3347 3178 3397 ab
3215 3349 3452 3398 Auctore.

2459 3480 2546 3529 '52.
2600 3476 2719 3529 Haec
2750 3487 3048 3530 sanctorum
3086 3477 3246 3540 Deus,
3303 3477 3393 3543 qui
3444 3477 3620 3529 omnia
3675 3476 3906 3535 facit‘et

2393 3563 2758 3627 transformat,
2805 3564 2895 3631 qui
2938 3563 3028 3617 dat
3072 3565 3374 3617 alimentum
3413 3567 3554 3616 omni
3601 3565 3767 3624 carni,
3808 3567 3905 3630 qui

2393 3653 2560 3719 aperit
2586 3667 2824 3714 manum,
2846 3660 2898 3704 et
2922 3653 3101 3719 implet
3126 3667 3279 3705 onme
3294 3653 3485 3704 animal
3504 3653 3868 3705 benedictione
3889 3668 3903 3714 ;

2391 3741 2482 3808 qui
2512 3740 2767 3808 gloriﬁcat
2799 3757 2910 3803 eos,
2942 3742 3030 3809 qui
3067 3741 3237 3808 ipsum
3265 3737 3579 3809 gloriﬁcant,
3610 3749 3659 3791 et
3690 3748 3770 3791 est
3800 3741 3907 3791 mi-

2395 3828 2577 3881 rabilis
2625 3830 2676 3881 in
2718 3832 2917 3882 sanctis
2954 3831 3086 3883 suis.
3137 3827 3236 3881 Sed
3271 3829 3518 3894 quoniam
3554 3827 3696 3879 brevi
3737 3817 3910 3881 calice

2397 3915 2654 3968 orationis
2689 3927 2936 3982 tanquam
2973 3930 3162 3982 magno
3196 3915 3350 3974 mari,
3385 3913 3706 3966 admirabilis
3735 3913 3910 3964 Anto—

2397 4003 2505 4066 nii,
2552 4012 2603 4056 et
2648 4005 2821 4070 magni
2864 4005 3011 4073 inter
3062 4004 3405 4070 patriarchas,
3456 4017 3669 4069 parvam
3741 4003 3910 4054 vitam

2397 4090 2690 4150 hausimus,
2719 4106 2812 4158 age
2837 4107 2898 4144 ex
2926 4093 3196 4145 doctorum
3225 4095 3614 4159 comparatione
3636 4091 3914 4145 discamus

777 4175 1035 4239 ejulantcs
1089 4176 1205 4241 (eos
1228 4176 1388 4239 enim,
1425 4177 1513 4242 qui
1550 4185 1674 4229 sunt
1697 4175 1858 4241 gloria
1881 4175 2131 4242 insignes,
2160 4190 2298 4228 mors
2325 4184 2374 4242 D
2401 4165 2738 4246 discipulum.
2804 4181 2968 4232 Adam
3019 4181 3240 4232 habetur
3290 4181 3340 4231 in
3407 4180 3782 4241 admiratione,
3853 4189 3914 4232 ut

781 4263 946 4326 magis
977 4263 1260 4327 exagitat);
1299 4263 1344 4315 ei
1368 4275 1542 4313 antem
1575 4277 1832 4329 nusquam
1856 4274 1967 4315 erat
1995 4263 2164 4315 morbi
2207 4277 2293 4315 so-

783 4351 931 4406 lutio,
977 4351 1076 4401 nisi
1109 4365 1136 4399 a
1184 4354 1294 4402 solo
1322 4354 1498 4405 divino
1526 4352 1763 4405 Pastore.
1803 4354 2016 4406 Accedit
2057 4353 2197 4407 enim
2230 4353 2294 4405 ad

782 4451 899 4486 eum
945 4437 1310 4498 dormientem,
1341 4449 1392 4490 et
1438 4456 1555 4492 cum
1595 4455 1714 4492 eum
1751 4457 1778 4493 e
1810 4441 1945 4494 lecto
1976 4443 2292 4500 excitasset,

784 4525 1007 4588 νομῆι,
1057 4527 1497 4590 quemadmodum
1546 4529 1760 4580 morbus
1813 4545 1869 4582 se
1908 4531 2144 4584 haberet.
2194 4529 2294 4592 Qui

786 4620 1000 4676 tangens
1057 4622 1212 4678 caput
1265 4623 1315 4665 et
1363 4615 1676 4672 membrum,
1723 4618 1861 4680 quod
1902 4617 2140 4679 dolebat,
2193 4629 2294 4667 non

787 4697 1080 4750 i’.canicum
1117 4703 1424 4766 remedium,
1453 4717 1620 4770 neque
1650 4704 2030 4756 medicamenta
2054 4703 2298 4755 Chironis

786 4789 893 4837 suis
941 4789 1236 4852 applicabat
1284 4793 1547 4850 manibus,
1581 4791 1737 4858 (nam
1769 4805 1939 4856 neque
1978 4792 2094 4842 aliis
2120 4799 2201 4842 est
2233 4805 2298 4842 ex

788 4875 870 4925 liis
923 4874 1081 4924 rebus
1135 4878 1514 4944 curatio).sed
1571 4896 1688 4933 cum
1739 4881 2066 4932 adhibuisset
2119 4895 2297 4946 preces

791 4963 974 5013 morbo
1014 4965 1407 5027 convenientes,
1442 4975 1494 5020 et
1527 4969 1991 5036 incomparabilem
2040 4971 2295 5021 malorum

791 5057 1094 5100 nostrorum
1155 5059 1450 5102 curatorem
1517 5054 1782 5106 Christum
1839 5056 2150 5119 invocasset,
2215 5057 2299 5108 ille

787 5136 994 5200 quidem
1037 5137 1290 5188 liberatur
1319 5151 1347 5188 a
1381 5140 1526 5205 gravi
1555 5143 1765 5205 morbo;
1799 5159 1954 5196 verus
1998 5154 2170 5196 autem
2203 5144 2300 5196 fuit

789 5238 1001 5287 precum
1030 5233 1290 5278 eventus:
1323 5226 1562 5294 protinus
1592 5229 1728 5278 enim
1776 5232 2062 5292 convaluit,
2102 5234 2299 5299 absque

792 5309 1165 5377 impedimento
1205 5315 1515 5367 miraculum
1561 5317 1822 5382 aperiens,
1861 5327 1912 5368 et
1938 5318 1986 5367 in
2017 5327 2120 5369 tota
2148 5319 2300 5370 domo

789 5412 934 5450 suam
970 5403 1187 5456 salutem
1225 5405 1516 5459 celebrans.
1552 5405 1671 5458 Haec
1705 5414 1827 5460 sunt
1863 5405 1995 5457 facta
2043 5407 2299 5471 pontiﬁcis

2400 4269 2716 4335 principium
2769 4278 2819 4319 ct
2859 4270 3002 4320 radix
3039 4270 3263 4335 generis.
3305 4268 3404 4320 Sed
3440 4269 3526 4321 hic
3568 4283 3779 4335 quoque
3813 4267 3914 4319 fuit

2396 4357 2640 4422 princeps
2671 4366 2723 4409 et
2751 4367 2934 4409 auctor
2967 4359 3271 4418 multorum,
3297 4357 3385 4424 qui
3410 4373 3515 4409 non
3545 4366 3667 4410 sunt
3700 4358 3806 4407 nati
3847 4372 3913 4407 (ι

2396 4446 2761 4511 conjunctione
2815 4461 3116 4512 corporum,
3149 4447 3236 4498 sed
3284 4455 3405 4499 sunt
3437 4446 3762 4510 multiplicati
3798 4445 3918 4509 spi-

2397 4534 2532 4583 ritali
2566 4534 2939 4598 conjunctione
2978 4551 2990 4584 :
3023 4535 3213 4600 quibus
3247 4549 3349 4585 non
3389 4534 3693 4599 obtigerunt
3741 4544 3917 4595 [tanta

2400 4631 2631 4686 paternae
2662 4622 3050 4684 damnationis;
3095 4623 3181 4674 sed
3217 4623 3474 4673 donorum
3505 4622 3676 4686 potius
3699 4620 3917 4672 heredi—

2397 4719 2576 4771 tatem,
2610 4725 2794 4776 nempe
2846 4712 3004 4761 vitam
3063 4721 3333 4773 aeternam,
3376 4724 3480 4762 non
3528 4722 3769 4769 mortem,
3808 4711 3915 4763 sibi
3968 4703 3974 4710 ’

2397 4795 2741 4847 conciliarunt
2767 4813 2779 4846 :
2807 4810 2897 4862 per
2929 4810 3084 4861 quam
3105 4797 3414 4863 exprimitur
3443 4813 3560 4849 vera
3588 4808 3635 4848 et
3659 4811 3916 4864 germana

2397 4893 2614 4949 paterna
2664 4884 2930 4949 cognatio.
2989 4885 3051 4936 Et
3085 4885 3157 4936 illi
3192 4885 3398 4950 quidem
3456 4884 3614 4938 cessit
3673 4883 3914 4936 ferarum

2397 4981 2616 5031 natura:
2649 4974 2739 5024 sed
2768 4987 2870 5025 non
2915 4989 3117 5034 eorum,
3152 4976 3240 5041 qui
3274 4974 3416 5028 intus
3446 4985 3617 5039 erant,
3652 4989 3702 5030 et
3740 4983 3916 5030 coha-

2396 5060 2652 5112 bitabant.
2686 5060 2819 5114 llinc
2865 5077 3080 5128 serpens
3121 5073 3172 5114 et
3203 5063 3399 5116 invidia
3425 5074 3476 5118 et
3505 5065 3656 5119 dolus
3683 5073 3913 5116 mortem

2398 5161 2516 5202 sunt
2566 5149 2824 5202 fabricati.
2873 5150 2969 5202 llic
3017 5161 3190 5202 autem
3239 5153 3458 5220 imperio
3514 5156 3734 5207 rationis
3788 5167 3914 5205 cum

2398 5240 2648 5305 quidquid
2676 5249 2753 5292 est
2788 5240 2952 5290 ferum
2979 5249 3029 5292 et
3059 5252 3264 5308 agreste
3293 5244 3603 5297 reddidisset
3637 5242 3914 5306 obetliens,

2401 5328 2601 5379 nullutn
2641 5329 2854 5381 inimico
2889 5329 2952 5381 ad
2987 5329 3221 5383 fraudem
3261 5341 3436 5400 aptum
3479 5333 3919 5400 rcliquitinstru-

2403 5427 2652 5467 mentum.
2677 5416 2805 5468 Abel
2827 5417 2923 5469 fuit
2947 5419 3146 5484 primus
3174 5431 3416 5487 operator
3448 5422 3552 5476 Deo
3575 5429 3916 5486 aet'eptnrum
