4088 6332
88 64 350 186 ’με

932 223 1105 284 νΙτΑ
1142 221 1202 279 S.
1241 217 1548 278 ANTONII
1587 216 1889 276 CAULEIE
1927 214 2413 273 PATRIARCHzE
2450 215 2554 273 CP.

3224 214 3324 277 193

204 335 606 398 sacriﬁciorum;
636 329 730 386 sed
757 339 1121 392 cruentorum,
1153 337 1206 382 et
1231 326 1396 394 partis
1418 340 1537 394 qua:
1555 332 1700 378 caret
1729 339 1772 392 Α
1869 321 1953 374 54.
1995 321 2126 374 Cum
2172 321 2318 373 Isaac
2367 320 2624 382 ascendit,
2669 321 2934 375 caelestem
2991 333 3191 390 patrem
3237 342 3321 380 se-

204 428 408 483 ntione.
454 421 550 476 Hic
603 420 776 473 autem
823 417 1093 471 sacriﬁcus
1138 415 1394 467 incruenti
1429 412 1695 472 sacrificii,

204 517 340 590 cujus
375 514 460 566 illa
481 515 639 564 erant
670 518 825 578 typus
856 516 908 560 et
947 505 1131 559 umbra
1160 503 1363 555 ratione
1393 501 1699 554 sacrificans

203 616 251 659 et
281 601 482 670 spiritu,
507 607 561 651 et
586 596 824 666 quotidie
857 593 1087 660 seipsum
1114 590 1415 650 immolans,
1440 605 1469 641 a
1497 590 1700 640 ratione

202 697 474 748 alienarum
531 689 695 741 animi
757 685 1208 753 perturbationum
1273 679 1696 740 mortificatione,

201 793 302 837 erat
339 777 532 832 invidia
564 776 809 844 superior
837 783 888 827 et
919 774 1031 842 ejus
1055 773 1289 836 funibus,
1318 771 1439 824 dolo
1463 779 1515 822 et
1537 768 1698 830 caede,

201 881 247 924 et
289 869 524 922 uriiversa
571 866 799 932 denique
853 862 1014 914 simili
1061 870 1266 913 catena.
1329 859 1549 925 Magnus
1601 857 1702 909 fuit

203 956 348 1017 Seth;
387 953 475 1009 sed
517 952 702 1004 habuit
731 956 948 1018 nepotes
995 962 1054 999 ex
1109 947 1477 1015 conjunctione
1503 959 1701 1011 cogna-

205 1043 365 1104 tionis,
400 1055 517 1106 quae
566 1037 780 1090 fratrem
839 1035 1136 1096 occiderat,
1188 1035 1277 1102 qui
1343 1034 1702 1100 magnitudine

204 1144 464 1197 corporum
497 1124 866 1178 describebant
913 1122 1092 1176 delicti
1125 1122 1558 1189 magnitudinem.
1605 1119 1702 1171 Hic

204 1232 315 1270 vero
361 1216 499 1267 illius
539 1215 753 1280 quidem
787 1211 1032 1263 virtutem
1075 1211 1371 1278 superavit;
1405 1210 1472 1261 iis
1502 1217 1696 1269 autem,

204 1308 282 1372 qui
308 1321 363 1356 ex
393 1305 505 1370 ipso
526 1302 635 1353 nati
657 1309 809 1353 erant
839 1291 1163 1366 spiritaliter,
1189 1298 1395 1349 nullum
1424 1290 1534 1350 fere
1554 1296 1700 1348 dedit

204 1392 387 1441 aditum
419 1405 510 1454 per
541 1388 678 1440 bona
702 1401 795 1440 sua
821 1394 1077 1453 pracepta
1108 1393 1159 1436 et
1184 1385 1404 1445 monita,
1440 1391 1497 1436 ut
1524 1391 1701 1436 essent

204 1477 302 1529 \itii
336 1473 630 1542 participes.
678 1471 859 1525 Enocb
883 1479 937 1524 et
976 1470 1085 1523 Noe
1118 1470 1204 1522 ille
1252 1470 1464 1536 quidem
1514 1469 1700 1522 beatus

205 1563 401 1616 ducitur
451 1571 663 1628 propter
699 1559 1134 1620 translationem;
1182 1555 1269 1608 hic
1311 1568 1506 1620 autem,
1555 1555 1696 1622 quod

1797 427 1967 481 quens
1995 412 2287 476 jubentem,
2323 423 2428 461 non
2477 409 2527 460 itt
2574 412 2830 462 tumulqu
2867 413 3116 478 aliquem.
3148 417 3235 466 sed
3272 417 3321 468 itt

1801 510 2034 554 montem
2067 499 2341 558 virtutum,
2377 507 2598 549 onustus
2657 499 2814 566 lignis
2851 501 3205 553 continentiae.
3227 502 3326 555 Per

1799 597 1918 650 qua:
1957 584 2008 634 in
2041 595 2131 634 ara
2163 581 2333 632 cordis
2373 580 2616 633 desiderii
2647 584 2709 634 ad
2747 584 2904 636 Deum
2938 585 3104 652 ignem
3139 602 3325 639 accen-

1798 671 1950 732 dens,
1980 684 2036 722 se
2059 669 2283 721 hostiam
2320 667 2540 736 pravbuit
2583 681 2871 737 acceptam.
2909 673 3121 726 Invenio
3149 683 3318 726 autetr

1798 777 1918 814 eum
1948 761 2096 813 valde
2141 774 2259 812 esse
2297 759 2457 812 Jacoh
2494 760 2780 819 imitatum,
2815 777 2914 814 non
2941 764 3109 814 solum
3149 765 3198 814 in
3228 781 3292 814 eo

1798 853 1937 918 quod
1975 866 2079 903 non
2115 850 2250 904 fictis
2297 850 2534 903 moribus
2590 851 2730 901 varie
2780 851 2934 901 vitam
2966 866 3116 903 suam
3174 853 3298 903 iusti

1799 940 1976 999 tuerit,
2008 940 2098 990 sed
2134 940 2290 990 etiam
2333 939 2382 989 in
2408 953 2490 997 eo,
2523 938 2661 1004 quod
2694 940 2908 991 recessit
2961 956 2988 990 a
3039 943 3226 1007 patrie,
3275 956 3326 994 et

1799 1029 1850 1080 in
1881 1030 2047 1080 aliena
2085 1031 2294 1096 regione
2324 1033 2510 1095 degere
2538 1030 2780 1080 statuerit
2819 1047 2829 1080 :
2861 1030 2949 1081 sed
2979 1045 3080 1081 non
3116 1041 3319 1098 propter

1798 1118 2238 1170 cohabitationem
2262 1119 2562 1180 mulierum,
2589 1135 2850 1182 sororum,
2880 1119 2967 1172 sed
2988 1135 3202 1186 propter
3225 1124 3328 1172 vir-

1798 1214 1966 1257 tutum
2013 1221 2254 1258 sororum
2313 1205 2655 1268 desiderium,
2709 1209 3190 1273 contemplationis,
3243 1210 3324 1260 in-

1798 1309 1978 1361 qnam,
2012 1305 2060 1346 et
2089 1295 2341 1356 actionis;
2391 1304 2448 1346 ut
2486 1295 2690 1347 actione
2733 1295 2996 1362 particeps
3023 1306 3165 1348 esset
3195 1312 3327 1349 con-

1801 1373 2186 1450 templationis,
2246 1394 2297 1436 et
2357 1399 2475 1449 quae
2514 1385 2724 1450 quidem
2776 1385 2838 1436 ad
2893 1401 3052 1436 unum
3103 1387 3323 1450 fontem,

1804 1489 1992 1540 nempe
2026 1474 2088 1524 ad
2124 1473 2348 1540 primum
2399 1473 2617 1535 bonum,
2666 1471 2965 1524 referuntur
3007 1484 3057 1525 et
3085 1476 3323 1541 erigunt;

1800 1578 1893 1629 per
1925 1578 2058 1629 quas
2093 1563 2529 1628 multiplicatione
2569 1563 2876 1629 insignium,
2911 1578 3014 1614 non
3060 1580 3086 1614 a
3125 1565 3330 1618 ratione

209 1666 350 1705 omne
395 1663 562 1718 genus
600 1647 948 1724 animantium
996 1645 1325 1699 CODSel‘Yaril
1378 1647 1427 1696 in
1477 1644 1697 1696 όίιυνίο-
1733 1640 1772 1692 Β
1802 1655 2092 1704 alienarum
2119 1653 2403 1719 pecudum,
2438 1653 2526 1704 sed
2560 1654 2763 1705 ratione
2801 1654 3160 1720 praeditarum,
3203 1672 3325 1708 CVa-

205 1741 381 1794 Noster
409 1754 532 1792 vero
567 1739 654 1791 hic
677 1723 1170 1804 quoque‘exemplis
1197 1749 1302 1786 non
1342 1734 1582 1796 inferior,
1624 1742 1706 1787 est

203 1829 423 1881 moribus
451 1825 728 1894 superior:
754 1833 807 1878 et
835 1823 1110 1878 translatio
1132 1838 1234 1876 non
1259 1824 1413 1877 habet
1442 1824 1696 1889 laetitiam,

204 1933 308 1986 quae
341 1932 430 1983 spe
473 1916 661 1968 mortis
723 1915 1157 1982 interrumpatur,
1197 1913 1287 1966 sed
1342 1915 1460 1966 vitae
1494 1925 1704 1966 aeternae

205 2005 452 2060 successio
489 2019 674 2073 puram
729 2005 954 2072 percipit
997 2006 1317 2070 voluptatem
1354 2019 1368 2056 :
1424 2012 1476 2055 et
1528 2011 1703 2055 servat

205 2111 385 2159 arcam,
416 2109 519 2147 non
568 2094 778 2162 plenam
822 2093 1180 2144 animantibus
1215 2092 1436 2144 rationis
1473 2092 1701 2158 experti-

205 2185 370 2247 tibus;
412 2183 498 2237 sed
550 2180 864 2243 Ecclesiam,
922 2180 1075 2246 cujus
1133 2179 1215 2232 illa
1245 2187 1372 2232 sunt
1422 2180 1698 2246 imagines,

208 2273 341 2324 omni
375 2284 558 2337 genere
581 2277 633 2322 et
653 2277 808 2321 aetate
835 2269 1059 2321 rationis
1086 2268 1404 2335 participum
1430 2268 1698 2322 refertam.

264 2360 346 2413 53.
377 2359 503 2412 Cum
525 2358 790 2411 Abraham
820 2356 1080 2410 vocationi
1118 2357 1251 2423 ejus,
1286 2358 1374 2424 qui
1399 2357 1570 2425 ipsum
1606 2373 1701 2410 vo-

206 2447 367 2498 cavite
384 2454 597 2514 paterna
619 2446 796 2505 domo,
828 2443 1138 2512 emigrando
1157 2445 1467 2513 peregrinus
1485 2444 1700 2498 effectus

204 2536 364 2605 paruit
390 2551 552 2603 usque
596 2536 659 2588 ad
693 2545 942 2587 mortem.
980 2531 1082 2586 Sed
1121 2533 1206 2585 ille
1235 2533 1448 2599 quidem
1492 2531 1700 2600 fugiens

204 2639 418 2677 errorem
465 2624 640 2677 cultus
683 2626 1004 2685 daemonum,
1036 2635 1189 2687 quem
1224 2619 1406 2686 fugere
1455 2621 1534 2672 vel
1587 2622 1696 2685 ipsa

208 2713 349 2764 docet
372 2723 547 2764 natura
570 2720 622 2763 et
641 2725 811 2763 mens.
842 2722 958 2775 quae
983 2707 1256 2760 dominatu
1284 2707 1564 2759 deterioris
1595 2723 1696 2758 non

205 2801 401 2851 omnino
423 2799 646 2866 perdidit
671 2799 774 2849 vim
802 2795 1100 2864 judicandi,
1123 2795 1367 2849 tenebras
1397 2804 1446 2846 et
1477 2803 1694 2847 mortem

206 2887 307 2940 luce
348 2887 704 2950 commutavit,
738 2894 790 2938 et
815 2887 1007 2952 pietate
1042 2883 1385 2953 impietatem,
1422 2899 1540 2952 qua:
1575 2891 1699 2936 sunt

207 2991 276 3029 res
311 2991 402 3043 per
445 2990 499 3028 se
569 2976 882 3041 expetenda!
925 2966 1183 3026 universae
1217 2983 1436 3034 naturae,
1469 2987 1585 3039 quae
1619 2980 1699 3024 est

207 3065 450 3132 particeps
479 3064 723 3116 rationis.
749 3063 842 3117 Hic
867 3072 1044 3115 autem
1071 3078 1097 3114 a
1124 3065 1299 3130 pueris
1329 3062 1462 3114 lacte
1489 3061 1699 3128 pietatis

209 3155 468 3216 enutritus,
508 3163 562 3205 et
594 3153 777 3205 vivens
825 3152 878 3204 in
908 3152 991 3214 iis,
1044 3166 1160 3219 qua:
1204 3159 1355 3202 erant
1383 3149 1696 3216 expetenda,

212 3244 408 3309 (nullius
443 3243 581 3296 enim
629 3243 702 3294 rei
760 3242 1022 3310 fugienda:
1052 3255 1116 3292 ne
1153 3241 1431 3307 vestigium
1487 3241 1698 3307 quidem

211 3333 352 3382 ullum
384 3346 613 3398 unquam
645 3331 952 3395 admiserat)
990 3329 1287 3397 perfectiori
1316 3329 1517 3396 judicio
1555 3343 1697 3395 quae-

210 3421 335 3473 rebat
360 3422 522 3489 magis
555 3422 697 3488 pium
737 3429 930 3475 statum
963 3429 1012 3472 et
1036 3421 1203 3487 magis
1232 3420 1563 3486 eligendum;
1592 3419 1700 3470 vita

211 3510 368 3568 vitam,
396 3520 444 3562 et
476 3511 593 3561 luce
626 3510 818 3570 lucem,
853 3519 905 3562 et
930 3509 1204 3575 eligendis,
1235 3517 1290 3560 ut
1314 3509 1476 3560 semel
1503 3509 1696 3571 dicam,

211 3605 488 3662 permutans
523 3598 691 3664 magis
723 3598 980 3664 eligenda.
1012 3596 1279 3659 Quantum
1328 3611 1453 3648 vero
1484 3597 1699 3648 interest

213 3684 328 3735 inter
356 3683 614 3751 eligenda,
640 3693 693 3736 et
718 3699 779 3736 ea
802 3698 920 3751 quae
953 3693 1075 3735 sunt
1102 3685 1268 3750 magis
1290 3684 1559 3751 eligenda;
1585 3692 1698 3736 tan-

211 3774 303 3818 tum
332 3767 484 3819 etiam
528 3768 748 3820 omnino
782 3767 1004 3821 interest
1047 3767 1182 3818 inter
1207 3783 1299 3820 eos
1344 3769 1430 3835 qui
1475 3768 1691 3834 eligunt.

214 3851 296 3906 Sed
327 3855 586 3908 Abraham
643 3855 855 3923 quidem
903 3869 996 3908 eos
1028 3855 1259 3920 hospitio
1289 3855 1577 3922 accipiens,
1605 3855 1695 3922 qui

212 3946 480 4009 transibant
513 3960 606 4014 per
633 3946 884 4010 Mambre,
917 3948 1078 3999 semel
1115 3946 1422 4013 imprudens
1469 3945 1697 4013 hospitio

212 4036 387 4101 accepit
423 4036 661 4102 angelos.
695 4035 791 4088 Hic
819 4051 943 4090 vero
977 4035 1137 4088 totius
1182 4035 1325 4088 orbis
1379 4045 1530 4089 terrae
1567 4047 1700 4101 pau-

213 4135 342 4187 pares
372 4136 620 4191 perpetuo
671 4125 959 4192 excipiens.
1016 4125 1285 4178 Christum
1345 4125 1576 4190 hospitio
1607 4139 1699 4190 per

1804 1739 1874 1792 sit
1912 1739 2132 1806 insignis
2165 1739 2298 1792 inter
2330 1739 2677 1806 patriarchas.

1870 1827 1956 1879 35.
1993 1829 2167 1880 Aaron
2209 1827 2306 1878 fuit
2350 1828 2551 1893 primus
2602 1828 2868 1892 pontifex,
2929 1828 3019 1880 sed
3074 1830 3226 1895 typici
3275 1839 3326 1881 et

1803 1915 2101 1970 umbratilis
2154 1916 2496 1967 tabernaculi.
2546 1915 2642 1967 Hic
2691 1926 2863 1966 autem
2910 1917 3040 1976 veri,
3077 1926 3127 1968 et
3176 1916 3326 1980 cujus

1799 2001 1926 2054 illud
1958 2011 2069 2053 erat
2099 2000 2283 2068 figura.
2323 2003 2453 2054 Cum
2490 2002 2631 2054 Mose
2659 2001 2758 2053 fuit
2789 2001 2902 2052 Dux
2938 2005 3057 2054 novi
3090 2004 3320 2055 lsraelis.

1798 2088 1936 2142 Cum
1969 2088 2212 2142 Samnele
2251 2088 2348 2142 fuit
2393 2104 2544 2143 sacer
2578 2090 2643 2142 ab
2688 2091 2942 2153 infantia,
2990 2101 3041 2143 et
3071 2093 3133 2144 ad
3169 2107 3323 2145 sene-

1799 2187 1996 2230 ctutem
2046 2192 2212 2244 usque
2252 2175 2357 2231 Deo
2399 2178 2656 2230 serviens.
2705 2177 2945 2230 Imitatus
2991 2191 3071 2231 est
3118 2179 3323 2232 Datidis

1800 2269 2279 2330 mansuetudinem,
2330 2275 2400 2328 et,
2433 2268 2476 2319 si
2511 2269 2610 2328 vis,
2637 2268 2795 2320 etiam
2832 2267 3192 2321 fortitudinem
3230 2287 3242 2322 :
3271 2280 3327 2322 ut

1797 2357 1889 2425 qui
1913 2371 2015 2408 non
2052 2357 2305 2408 adversus
2333 2354 2564 2416 Goliath,
2601 2356 2867 2408 hominem
2902 2358 3180 2423 quemdam
3214 2373 3326 2409 rna-

1796 2443 2071 2512 gnitudine
2111 2445 2348 2511 corporis
2395 2443 2727 2511 gloriantem,
2771 2458 2830 2498 se
2875 2454 3016 2497 recte
3062 2446 3318 2510 gesserit;

1797 2536 1888 2588 sed
1941 2535 2193 2585 adversus
2235 2534 2440 2586 Goliath
2492 2534 2582 2600 qui
2619 2533 2907 2600 percipitur
2937 2535 3280 2602 intelligentia
3304 2575 3319 2599 ,

1798 2624 2108 2691 malignum,
2139 2625 2374 2690 inquam,
2401 2630 2452 2674 et
2479 2614 2672 2688 carnis,
2702 2633 2968 2690 expertem
3009 2627 3322 2688 daemonem,

1798 2728 1915 2764 cum
1966 2715 2110 2778 virga
2144 2712 2482 2765 continentia:
2522 2727 2766 2778 egressus
2805 2721 2885 2766 est
2927 2713 3072 2780 virga
3105 2714 3243 2778 fidei,
3275 2726 3326 2765 et

1775 2799 2103 2865 praeclarum
2153 2800 2320 2851 erexit
2373 2809 2650 2868 tropaeum.
2703 2800 2844 2852 Elias
2887 2801 3070 2868 effugit
3103 2803 3324 2855 insidias

1799 2886 2078 2941 Jezabelis.
2119 2887 2214 2941 llic
2263 2898 2438 2942 autem
2475 2889 2693 2941 insidias
2741 2890 3060 2956 impudentis
3099 2894 3319 2958 peccati.

1801 2977 1993 3030 liabuit
2030 2994 2148 3030 eum
2183 2977 2372 3031 Elisaeo
2418 2978 2678 3046 duplicem
2728 2980 2956 3046 Spiritus
2986 2981 3231 3047 gratiam,
3267 2993 3324 3033 ut

1799 3067 1887 3134 qui
1920 3066 2226 3118 monasticis
2256 3073 2307 3118 et
2337 3065 2754 3118 sacerdotalibus
2785 3066 2940 3118 donis
2975 3077 3114 3119 esset
3159 3082 3320 3118 orna-

1801 3166 1902 3208 tus.
1930 3155 1991 3206 Et
2022 3165 2076 3207 ut
2107 3170 2218 3217 eos,
2247 3156 2335 3220 qui
2367 3155 2716 3219 intercedunt,
2764 3158 3072 3208 omittamus
3109 3169 3322 3225 propter

1799 3244 2213 3306 multitudinem,
2236 3242 2476 3305 Joannis,
2507 3245 2662 3295 vitam
2689 3259 2790 3295 non
2817 3260 2976 3312 agens
3002 3247 3318 3306 solitariam,

1800 3333 1848 3384 in
1882 3333 2048 3384 media
2100 3333 2310 3384 civitate
2357 3332 2591 3384 imitatus
2644 3342 2725 3384 est
2772 3335 3182 3400 philosOphiatn.
3228 3336 3321 3386 Hic

1798 3435 2008 3487 quoque
2055 3421 2190 3486 quod
2247 3421 2312 3471 ad
2361 3435 2417 3472 se
2474 3421 2751 3482 attinebat,
2809 3423 3032 3474 habebat
3081 3439 3316 3476 mensam

1798 3508 1997 3573 absque
2029 3507 2134 3557 ullo
2168 3516 2441 3573 apparatu,
2473 3519 2524 3559 et
2549 3508 2633 3560 hic
2661 3522 2722 3562 ex
2752 3509 2870 3574 pilis
2904 3519 3147 3561 contexta
3179 3521 3319 3561 reste

1797 3609 2004 3668 corpus.
2043 3601 2268 3661 tegebat,
2319 3604 2371 3648 et
2412 3597 2571 3647 veluti
2625 3599 2850 3662 quadam
2901 3598 3112 3662 pellicea
3155 3614 3315 3659 zona,

1797 3701 1983 3753 nempe
2021 3689 2474 3753 perturbationum
2516 3686 2677 3736 animi
2713 3685 3136 3746 mortificatione,
3179 3686 3318 3736 ltnn~

1797 3771 1891 3822 hos
1942 3787 2069 3823 suos
2103 3770 2512 3837 eonstringehat,
2552 3777 2605 3822 et
2635 3770 2698 3821 ad
2731 3783 2848 3821 eum
2883 3768 3180 3820 confluebat
3211 3783 3314 3819 non

1799 3873 1902 3912 una
1935 3860 2157 3921 civitas,
2196 3874 2364 3926 neque
2414 3873 2516 3910 una
2557 3873 2705 3922 gens,
2743 3858 2834 3910 sed
2870 3859 3035 3909 turbae
3077 3857 3317 3923 plurimae

1797 3952 1989 4017 populo
2021 3950 2310 4018 frequentis
2343 3950 2587 4009 civitatis,
2621 3949 2852 4001 collectae
2873 3963 2936 4000 ex
2963 3964 3118 4000 omne
3149 3963 3316 4016 genus

1799 4040 2040 4108 gentibus
2068 4049 2119 4092 et
2143 4039 2463 4100 civitatibus,
2500 4048 2603 4090 tam
2632 4037 2936 4098 Orientales,
2978 4052 3133 4102 quam
3177 4037 3316 4087 occi-

1799 4131 2064 4192 dentales;
2095 4145 2196 4181 non
2241 4143 2375 4194 aqua
2425 4130 2680 4196 tingendae
2733 4128 2823 4178 sed
2871 4127 3130 4193 spirituali
3170 4127 3313 4194 puri-

214 4220 352 4262 totam
399 4215 558 4265 vitam
589 4215 902 4280 excipiebat,
957 4216 1044 4280 qui
1074 4199 1326 4266 i'tieflabili
1380 4213 1698 4278 benignitate
1734 4237 1771 4286 ι)
1803 4219 2014 4268 ficaudzc
2046 4219 2314 4282 mysterio,
2347 4217 2484 4282 quod
2525 4224 2870 4282 peragebatur
2897 4215 3086 4265 divinis
3118 4217 3315 4266 manu-

213 4313 280 4357 ea,
316 4315 422 4365 qua:
451 4311 576 4352 sunt
607 4302 840 4365 illorum,
866 4303 961 4354 sibi
987 4303 1224 4354 attribuit
1268 4321 1280 4354 :
1327 4317 1416 4367 per
1451 4317 1564 4368 qua:
1595 4317 1695 4350 non

214 4386 254 4434 in
280 4389 438 4453 specie
487 4389 816 4454 angelorum,
853 4389 942 4440 sed
979 4392 1028 4439 in
1066 4390 1139 4441 rei
1179 4390 1412 4445 veritate.
1461 4389 1696 4438 omnium

213 4473 495 4529 effectricem
529 4477 845 4528 Trinitatem
888 4478 937 4528 in
979 4478 1206 4527 animam
1242 4477 1545 4535 admittens.
1595 4492 1695 4528 non

217 4561 373 4614 Labuit
399 4564 804 4629 promissionem
853 4565 1005 4614 nnins
1043 4563 1130 4613 lilii
1163 4565 1251 4628 qni
1283 4564 1482 4614 carnali
1515 4573 1698 4628 prmtcr

218 4663 340 4713 spem
371 4663 479 4704 erat
504 4653 810 4704 nasciturus
842 4651 1214 4718 conjunctione
1243 4667 1255 4713 ;
1294 4653 1383 4703 sed
1421 4661 1475 4703 ut
1510 4653 1695 4702 multo-

217 4752 308 4787 rum
341 4742 512 4804 potius
561 4741 786 4792 filiorum
826 4740 1007 4792 activze
1037 4739 1380 4806 philoSOphim
1430 4741 1696 4808 conjugio,

217 4826 256 4875 iu
285 4828 458 4891 spiritu
513 4839 790 4880 vocaretur
825 4837 992 4895 pater,
1030 4829 1212 4880 habuit
1269 4831 1694 4894 promissionem,

219 4922 257 4963 et
284 4927 460 4980 praeter
488 4930 634 4983 spem
668 4919 793 4970 vidit
829 4919 1316 4982 multiplicatiouem
1346 4920 1554 4983 dignam
1577 4934 1699 4984 pro~

219 5002 460 5065 missione,
495 5013 551 5056 ut
577 5005 667 5070 qui
705 5019 809 5057 non
841 5015 1195 5058 trecentorum
1247 5021 1528 5058 vernat-um
1565 5007 1698 5058 irru-

221 5091 401 5153 ptioue,
455 5094 739 5144 multorum
801 5109 980 5158 regum
1034 5094 1346 5160 represserit
1399 5083 1693 5160 impetum;

219 5180 288 5229 sed
335 5180 467 5231 virili
525 5179 720 5247 impetu
789 5183 1060 5247 tripartito:
1115 5185 1330 5243 animm,
1396 5187 1586 5233 Ulti\'Cl'
1615 5199 1694 5233 am

217 5271 432 5323 everterit
467 5270 632 5322 aciem
666 5285 872 5331 eorum,
919 5274 1007 5338 qui
1061 5273 1394 5332 invadebant,
1430 5282 1480 5322 et
1522 5284 1700 5338 tyranv

223 5357 313 5411 uice
337 5361 405 5422 id,
435 5360 572 5428 quod
616 5367 698 5411 est
726 5369 1030 5426 cognatum,
1062 5377 1152 5426 per
1198 5362 1514 5427 voluptatem
1558 5365 1693 5416 redi-

223 5447 381 5504 ttcbant
406 5450 455 5502 in
485 5448 864 5516 captivitatem,
892 5447 990 5504 sub
1021 5449 1136 5500 ficta
1171 5450 1310 5514 regni
1346 5456 1534 5515 spei-ie.

1802 4303 1991 4352 tuentis
2015 4302 2154 4351 illius
2182 4317 2368 4352 manus
2393 4311 2442 4352 et
2478 4303 2685 4366 linguae,
2716 4311 2765 4352 et
2799 4301 3039 4350 initiabat
3079 4316 3190 4360 eos,
3227 4303 3318 4366 qui

1798 4387 2149 4450 dignabantnr
2176 4387 2545 4436 communione
2576 4387 2772 4435 tleifiea:
2809 4388 3248 4450 participationis.

1865 4471 1948 4522 56.
2005 4472 2376 4537 Apostolorum
2436 4479 2607 4521 autem
2669 4487 2894 4536 sequens
2953 4473 3221 4524 doctrinas
3269 4483 3319 4523 et

1800 4563 2127 4622 traditiones,
2166 4573 2214 4614 et
2255 4565 2328 4614 eis
2355 4579 2499 4613 suam
2534 4565 2690 4614 vitam
2733 4580 2938 4629 semper
2971 4581 3315 4631 componens.

1800 4653 1950 4703 fartis
1995 4669 2300 4718 germanum
2348 4655 2683 4704 continuavit
2716 4655 3047 4720 martyrium,
3097 4655 3145 4704 in
3176 4657 3318 4722 quod

1800 4751 2086 4807 martyrum
2140 4745 2306 4792 zelum
2364 4742 2576 4791 italu-ret
2611 4758 2703 4806 pro
2757 4742 2966 4807 pietate,
3007 4751 3054 4792 (ιι
3087 4745 3318 4809 quotidie

1798 4847 1891 4883 sua
1927 4840 2218 4882 moreretur
2241 4830 2591 4892 conscientia;
2629 4832 3042 4882 rnouasticorum
3081 4833 3312 4881 laborum

1797 4923 2042 4972 diuturna
2096 4930 2145 4971 et
2187 4920 2370 4973 acerba
2421 4921 2793 4985 perpessione:
2846 4921 2981 4986 quod
3035 4918 3312 4984 tnartyrica

1799 5011 1988 5061 virtute
2035 5011 2174 5060 trulla
2236 5009 2284 5058 in
2343 5023 2396 5058 re
2432 5018 2510 5059 est
2559 5009 2832 5072 abjcctius.
2891 5009 3133 5060 Omnium
3189 5021 3314 5069 ergo

1799 5109 2098 5150 sanctorum
2144 5107 2195 5148 et
2247 5097 2530 5162 justorum,
2587 5097 2789 5146 illorttm
2853 5097 3059 5160 quidem
3121 5106 3308 5151 mores,

1800 5187 1988 5238 horum
2026 5201 2147 5237 vero
2180 5201 2415 5243 cursum,
2463 5186 2681 5236 aliorum
2715 5193 2886 5233 autem
2918 5182 3194 5234 actiencuz,
3240 5177 3312 5227 si—

1799 5277 1904 5324 mul
1937 5290 2059 5325 vero
2090 5274 2323 5323 omniqu
2358 5274 2418 5323 ad
2454 5274 2676 5337 primum
2715 5272 2926 5325 bonum,
2963 5266 3311 5316 \chetneutis-

1800 5363 1989 5413 simum
2019 5371 2067 5413 et
2095 5361 2578 5412 constantissimnm
2615 5359 2845 5407 imitatus
2875 5365 2948 5406 est
2973 5356 3306 5406 desiderium.

1800 5453 1911 5512 Quo
1948 5467 2083 5501 nunc
2118 5460 2293 5515 aperte
2333 5450 2530 5502 l‘rnens.
2584 5458 2823 5512 protegas
2867 5455 2915 5497 el
2963 5448 3235 5504 tit-lunias,
3285 5467 3314 5493 «ι
