4088 6332
811 240 914 303 199
1295 239 1300 244 '
1939 235 2283 295 ANDREAS
2318 231 2814 292 CESARIENSIS
3540 268 3542 270 τ
3859 215 3968 286 260

811 350 1050 404 divinum
1092 355 1145 402 et
1177 360 1391 413 sacrum
1422 345 1611 414 caput,
1635 361 1845 401 sacrum
1875 360 2110 416 gregem,
2141 353 2196 397 et
2239 342 2344 396 tuis
2369 351 2418 407 Α
2443 337 2622 396 serves
2660 354 2845 393 navem
2886 338 2937 390 in
2969 346 3081 390 tuto
3116 342 3266 404 portu
3313 333 3503 414 divinae
3532 331 3966 398 tranquillitatis.

813 440 1059 506 precibus
1082 420 1366 490 corrobora
1390 445 1592 504 sceptra
1621 436 1852 504 pietatis,
1880 444 1934 488 et
1960 449 2175 487 manum
2204 447 2338 500 prze-
2437 446 2621 487 omnes
2654 431 2844 483 sedans
2876 428 3112 479 turbines
3140 435 3193 479 et
3214 431 3552 500 tempestates
3575 423 3969 489 improborum,

813 529 941 582 beas
975 529 1072 594 pia:
1123 527 1387 594 patentiae,
1427 526 1609 580 mundi
1649 540 1805 579 curas
1855 539 1975 577 cum
2008 538 2074 577 eo
2123 520 2340 590 partiei-
2438 529 2492 574 et
2533 519 2763 571 obruens
2807 517 3038 568 insultus
3085 513 3444 573 inimicorum,
3490 519 3595 562 tam
3639 525 3846 570 eorum,
3879 509 3969 573 qui

817 633 949 683 pars
985 635 998 670 ε
1029 628 1082 669 et
1111 607 1406 670 intercedas
1437 615 1572 682 apud
1625 614 1786 667 Deum
1824 614 2083 667 assistens
2111 612 2227 663 sine
2256 611 2339 661 in-
2441 609 2539 660 sub
2564 607 2745 659 oculos
2804 605 3032 664 cadunt,
3089 616 3248 670 quam
3309 600 3402 666 qui
3470 613 3575 650 non
3605 599 3854 658 'cadunt,
3918 597 3968 648 in

819 703 1156 757 termissione
1199 718 1296 770 pro
1324 718 1408 764 eo,
1458 703 1598 770 quod
1644 703 1832 764 orasti,
1884 715 2005 753 cum
2035 713 2181 752 esses
2220 712 2339 750 cum
2440 695 2655 748 Christo
2688 690 2810 746 Jesu
2847 693 3068 744 Domino
3111 699 3314 753 nostro,
3349 691 3433 741 cui
3464 689 3630 755 gloria
3657 698 3709 739 et
3738 688 3969 754 potentia

820 791 957 856 ipso,
990 800 1040 844 et
1060 791 1175 859 ejus
1205 792 1322 844 vitae
1347 790 1629 844 interesses
1656 810 1668 843 :
1699 800 1752 842 et
1774 790 2103 842 mundanam
2135 787 2183 840 ei
2213 801 2344 840 con-
2443 799 2584 836 nunc
2611 792 2664 836 et
2690 797 2919 850 semper,
2949 789 3002 833 et
3031 780 3086 832 in
3115 779 3308 832 saecula
3338 778 3675 838 saeculorum,
3709 775 3901 828 Amen.

1897 1210 2878 1395 ANDBEAS

1151 1549 1723 1637 CIESAREIE
1795 1541 2544 1642 CAPPADOCIIE
2618 1536 3459 1627 ARCHIEPISCOP
3480 1541 3643 1627 US.

2363 1775 2434 1788 Ἃ

2115 1941 2699 2052 NOTITIA

1778 2181 1908 2242 (Cas.
1929 2179 2099 2235 Oomx,
2127 2178 2194 2225 De
2227 2173 2392 2236 script.
2417 2175 2601 2232 eccles.,.
2629 2177 2742 2222 tom.
2775 2172 2904 2239 lI,_p.
2930 2171 2990 2220 93
3014 2172 3030 2233 )

903 2513 1140 2568 Andreas
1162 2509 1418 2565 Caesareae
1445 2509 1815 2576 Cappadocum
1846 2509 2298 2576 archiepiscopus,
2327 2509 2392 2563 de
2418 2525 2527 2578 quo
2556 2510 2751 2564 eximie
2789 2509 3106 2564 Guillelmus
3130 2507 3303 2563 Cavus
3326 2509 3379 2562 in
3411 2508 3649 2562 Historia
3675 2512 3983 2576 scriptorum

833 2598 1323 2656 ecclesiasticarum,
1360 2595 1424 2646 ad
1454 2608 1648 2645 annum
1676 2593 1793 2647 500.
1834 2609 1949 2662 pag.
1978 2594 2098 2658 579,
2131 2593 2213 2668 his
2248 2595 2423 2648 verbis
2452 2612 2464 2647 :
2502 2613 2519 2644 σ
2561 2596 2795 2649 Andreas
2847 2594 3101 2648 Caesareae
3123 2594 3492 2662 Cappadocum
3527 2595 3984 2663 archiepiscopus,

837 2686 1029 2738 vixisse
1059 2683 1266 2734 videtur
1298 2680 1442 2732 circa
1475 2680 1676 2732 exitum
1708 2679 1875 2731 seculi
1906 2696 1954 2732 γι
1991 2694 2052 2732 ac
2091 2681 2328 2734 ﬂoruisse
2361 2695 2501 2733 anno
2529 2680 2652 2732 500.
2683 2680 2888 2733 Incerta
2925 2680 3064 2732 enim
3102 2695 3324 2747 prorsus
3368 2680 3512 2733 illius
3547 2688 3697 2741 aetas,
3728 2695 3828 2734 nec
3883 2680 3984 2733 ulla

835 2772 951 2834 ejus
980 2767 1117 2834 apud
1167 2775 1373 2819 veteres
1412 2765 1632 2817 mentio.
1676 2764 1728 2816 ld
1770 2773 1972 2816 tantum
2019 2771 2246 2828 eertum,
2296 2780 2416 2816 eum
2463 2774 2583 2832 post
2619 2764 2874 2818 Basilium
2913 2780 2975 2831 ac
3003 2764 3253 2834 Cyrillum
3305 2765 3722 2818 Alexandrinum
3775 2775 3830 2818 et
3866 2775 3987 2817 ante

836 2854 1087 2908 Aretham
1115 2850 1500 2904 Caesariensem
1530 2850 1827 2917 scripsisse.
1867 2849 2094 2917 Scripsit
2128 2850 2190 2902 ad
2237 2848 2524 2917 Macarium
2565 2848 2848 2916 quemdam
2891 2849 3296 2901 Commentarios
3331 2850 3386 2900 in
3424 2849 3811 2919 Apocalypsim,
3854 2863 3986 2917 quos

834 2940 1022 2991 Latine
1072 2937 1229 2990 vertit
1258 2937 1572 2988 Theodorus
1604 2934 1874 2993 Peltanus.
1927 2934 2051 2988 Soc.
2079 2935 2228 2988 lesu.
2260 2936 2483 2988 Exstant
2515 2933 2912 2994 Graeco-Latine
2959 2935 3025 2986 ad
3057 2934 3214 2986 linem
3255 2934 3772 2988 Commentariorum
3817 2935 3985 2987 sancti

834 3023 1202 3093 Chrysostomi
1238 3023 1291 3073 in
1326 3010 1661 3088 Evangelium
1719 3019 1960 3083 Joannis,
2013 3021 2065 3071 in
2095 3021 2327 3072 editione
2358 3018 2661 3072 Morelliana
2691 3029 2835 3071 tomo
2868 3016 2997 3070 Vlll.
3032 3036 3051 3067 ι
3095 3019 3169 3070 lta
3199 3017 3373 3072 Cavus
3402 3017 3512 3071 fere
3559 3019 3887 3071 verbotenus
3927 3035 3989 3070 ex

838 3108 1182 3168 Bellarmino,
1223 3121 1378 3171 quem
1408 3107 1570 3157 etiam
1605 3119 1712 3155 non
1758 3105 2086 3154 nominatum
2119 3104 2412 3170 expressit;
2445 3118 2604 3172 quam
2658 3104 2786 3156 mihi
2825 3104 3032 3171 culpam
3075 3113 3181 3156 tam
3233 3119 3371 3172 sax-pe
3413 3106 3608 3166 Carus,
3649 3105 3781 3158 alios
3828 3107 3986 3156 etiam

839 3207 977 3257 sarpe
1006 3189 1334 3250 exscribens,
1383 3187 1686 3253 exprobrat.
1733 3184 1907 3238 Unum
1949 3195 2124 3238 tamen
2171 3186 2523 3241 Bellarminus
2551 3189 2713 3249 addit,
2757 3193 2895 3256 quod
2927 3191 3100 3243 Cavus
3140 3192 3454 3257 suppressit,
3486 3205 3673 3258 nempe
3699 3193 3830 3258 q‘uia‘
3869 3207 3986 3265 equi

839 3293 944 3328 non
993 3276 1210 3342 legisset
1256 3273 1683 3326 Commentarios
1713 3273 1848 3326 istos
1878 3273 2102 3326 Andreae
2143 3273 2482 3327 Caesariensis
2533 3274 2746 3325 nomine
2782 3273 3087 3340 inscriptos,
3140 3289 3321 3327 errare
3353 3285 3473 3342 post
3508 3275 3892 3327 Bellarminum
3925 3276 3990 3327 ti-

842 3362 993 3412 muit.
1025 3359 1184 3410 Addit
1221 3373 1359 3425 ergo
1379 3357 1751 3420 Bellarminus,
1783 3358 2046 3410 Andream
2078 3358 2130 3409 in
2162 3358 2551 3410 Commentario
2582 3355 2846 3409 Basiliam
2885 3356 3258 3410 Caesariensem
3286 3373 3416 3422 swpe
3444 3359 3626 3411 citare.
3658 3358 3811 3422 Quod
3850 3369 3991 3410 certe

840 3445 1031 3497 falsum
1059 3455 1159 3506 est,
1193 3458 1348 3510 quem
1382 3458 1446 3494 ne
1478 3443 1639 3494 semel
1670 3442 1884 3510 quidem
1909 3442 1962 3494 in
2000 3441 2383 3496 Commentario
2410 3455 2507 3496 suo
2532 3440 2768 3493 Andreas
2794 3441 3059 3507 allegavit,
3087 3441 3208 3494 licet
3230 3441 3581 3508 plurimorum
3607 3441 3825 3495 Patrum
3859 3442 3989 3495 alio-

841 3546 959 3582 rum
992 3539 1043 3582 et
1070 3530 1226 3581 verba
1260 3536 1311 3580 et
1345 3541 1536 3579 nomen
1560 3527 1610 3578 in
1641 3541 1800 3594 opere
1827 3542 1926 3580 suo
1960 3529 2304 3595 expresserit.
2335 3527 2499 3581 Porro
2527 3541 2657 3579 mss.
2690 3526 2896 3579 codices
2921 3526 3078 3592 hujus
3102 3525 3506 3590 Commentarii,
3551 3528 3780 3581 maxime
3811 3528 3868 3580 in
3912 3530 3989 3582 bi-

841 3614 1122 3668 bliothecis
1153 3613 1386 3673 variant,
1418 3620 1476 3664 ut
1511 3612 1668 3663 habet
1708 3609 2036 3665 Lambecius
2063 3612 2198 3666 libro
2228 3623 2276 3665 tv
2303 3627 2394 3665 seu
2421 3621 2564 3664 tomo
2593 3611 3106 3664 Commentariorum
3139 3611 3469 3666 bibliotheca;
3497 3611 3752 3666 Caesarea:
3781 3611 3988 3666 Vindo-

841 3697 1115 3757 lzoneusis,
1149 3697 1213 3748 ad
1245 3696 1457 3749 codices
1491 3710 1620 3748 mss.
1659 3695 1986 3764 theologicos
2011 3695 2224 3751 Grazcos
2253 3697 2368 3760 172,
2403 3699 2455 3750 17

1795 3696 1986 3764 logicos
2011 3695 2224 3751 Grazcos
2253 3697 2368 3760 172,
2403 3699 2502 3750 175
2529 3706 2582 3749 et
2620 3696 2738 3760 174,
2771 3712 2889 3764 pag.
2928 3697 3050 3761 180,
3080 3698 3160 3750 his
3187 3698 3360 3751 verbis
3397 3715 3409 3750 :

917 3803 935 3833 ι
968 3784 1145 3836 Codex
1178 3798 1280 3834 ms.
1307 3781 1667 3849 Theologicus
1691 3780 1910 3836 Graecus
1940 3782 2058 3846 172,
2097 3790 2175 3836 est
2211 3768 2544 3843 chartaceus,
2576 3781 2912 3835 mediocriter
2940 3783 3215 3850 antiquus,
3246 3785 3296 3834 in
3325 3783 3478 3845 folio,
3506 3790 3826 3851 constatque
3852 3782 3991 3837 foliis

844 3870 963 3928 120,
993 3880 1044 3921 et
1076 3869 1140 3920 ad
1172 3869 1438 3920 Andream
1463 3866 1785 3919 Taumarnm
1816 3866 2211 3935 Epidauriotam
2237 3868 2359 3920 olim
2387 3867 2658 3936 pertinuit.
2691 3865 3008 3920 Continetur
3038 3882 3122 3929 eo,
3156 3868 3370 3920 Andreae
3412 3867 3741 3920 Casariensis
3770 3869 3827 3918 in
3856 3867 3990 3933 Cap-

843 3957 1084 4023 padocia,
1119 3954 1485 4019 archiepiscopi
1518 3946 1926 4006 Commentarins
1955 3955 2009 4005 in
2039 3953 2396 4020 Apocalypsin:
2425 3954 2590 4004 sancti
2620 3950 2836 4002 Joannis
2857 3951 3078 4018 apostoli
3105 3961 3151 4003 et
3182 3952 3527 4018 evangelista,
3560 3951 3711 4016 cujus
3749 3951 3992 4017 praefatio

844 4041 1156 4092 inscribitur
1199 4048 1358 4104 atque
1390 4038 1578 4104 incipit
1609 4039 1709 4090 hoc
1739 4039 1895 4089 modo
1925 4055 1936 4088 :
1983 4037 2222 4104 Ἀνδρέου
2253 4038 2458 4104 ἀρχιεπε

2382 4036 2670 4087 επισκὸπου
2704 4033 3035 4102 Καισαρείας
3074 4036 3464 4096 Καππαδοκίας
3492 4035 3766 4102 ἐπιστολή.
3809 4038 3990 4105 Κυρίῳ

847 4136 944 4184 μου
968 4117 1174 4184 ἀδελφῷ
1201 4119 1292 4168 καὶ
1323 4117 1736 4185 συλλειτουργῷ.
1758 4117 2018 4176 Πολλάκις
2047 4117 2284 4184 αἰτηθεὶς
2316 4120 2462 4184 παρὰ
2493 4120 2696 4171 πολλῶν
2723 4121 2780 4185 ἐξ
2810 4121 3046 4186 ἀγάπης,
3079 4121 3301 4187 μείζονα
3327 4120 3422 4187 τῆς
3451 4120 3584 4186 ἐμῆς
3610 4121 3890 4187 δυνάμεως
3922 4123 3991 4182 ὼς

844 4202 1151 4268 ἐσχηκότων
1201 4201 1485 4268 ὑπόληψιν,
1536 4209 1637 4253 etc.
1683 4200 1798 4267 Ipse
1830 4211 2006 4252 autem
2035 4201 2457 4257 Commentarios

2376 4204 2457 4257 ius
2495 4195 2681 4273 incipit
2718 4200 2800 4258 his
2833 4207 3010 4258 verbis
3041 4222 3054 4256 :
3099 4205 3455 4272 Ἀποκάλυψις
3499 4204 3593 4271 μὲν
3624 4204 3765 4256 ἔστιν
3809 4207 3844 4273 ὴ
3890 4205 3990 4255 τῶν

846 4284 1098 4351 κρυπτῶν
1130 4283 1437 4351 μυστηρίων
1465 4284 1710 4350 δήλωσις,
1742 4285 2209 4353 καταυγαζομένου
2231 4287 2322 4339 τοῦ
2348 4289 2670 4357 ἡγεμονικοῦ
2694 4292 2801 4343 εἴτε
2840 4291 2924 4342 διὰ
2953 4291 3108 4342 θείων
3135 4290 3442 4357 ὀνειράτων,
3475 4289 3603 4350 εἴτε,
3637 4299 3742 4342 etc.
3778 4288 3993 4342 Primus

855 4371 997 4422 hunc
1027 4369 1504 4430 Commentarium,
1534 4367 1622 4421 sed
1650 4367 1834 4421 Latine
1863 4377 2066 4422 tantum
2094 4372 2259 4424 edidit
2290 4372 2599 4430 Theodorus
2621 4375 2870 4430 Peltanus
2904 4375 3024 4428 Sac.
3059 4376 3203 4438 Jesu,
3239 4374 3557 4443 lugolsladii,
3598 4375 3736 4442 typis
3778 4373 3993 4427 Davidis

852 4454 1080 4504 Sartorii
1123 4451 1281 4514 1584,
1319 4453 1461 4503 iri-4.
1494 4451 1688 4504 Eodem
1716 4468 1925 4521 quoque
1956 4456 2111 4509 modo
2139 4464 2308 4511 exstat
2337 4459 2473 4512 idem
2504 4461 2926 4514 Commentarios
2949 4461 3000 4513 in
3027 4460 3211 4528 Magna
3251 4460 3578 4512 Bibliotheca
3614 4471 3855 4513 veterum
3895 4460 3992 4511 Pa-

848 4547 986 4590 trum
1028 4536 1439 4591 Craaco-Latina
1475 4535 1783 4598 Parisiensi,
1812 4541 1932 4590 anui
1968 4540 2120 4605 1654,
2154 4551 2300 4595 tomo
2330 4543 2368 4605 1,
2395 4561 2462 4598 at

1847 4541 1932 4590 nni
1968 4540 2120 4605 1654,
2154 4551 2300 4595 tomo
2330 4543 2368 4605 Ι,
2395 4561 2422 4596 a
2447 4549 2689 4598 columna
2721 4548 2854 4600 1529
2884 4562 3050 4614 usque
3074 4548 3134 4598 ad
3161 4547 3266 4600 col.
3302 4545 3456 4598 1622.

916 4625 1037 4683 172,
1081 4623 1255 4675 Codex
1310 4637 1412 4674 ms.
1468 4619 1819 4687 Theologicus
1868 4623 2102 4688 Graecus,
2148 4635 2229 4679 est
2272 4629 2603 4687 chartaeeus.
2645 4630 2982 4682 mediocriter
3030 4631 3299 4696 antiquus,
3329 4630 3382 4681 in
3432 4639 3645 4695 quarto,
3679 4638 3990 4697 constatque

849 4707 986 4758 foliis
1019 4709 1133 4762 l5l.
1160 4708 1476 4759 Continetur
1510 4721 1593 4767 eo,
1625 4708 1841 4758 Andrea:
1871 4707 2200 4762 Caesariensis
2230 4714 2291 4761 in
2325 4712 2650 4778 Cappadocia
2692 4714 3058 4779 archiepiscopi
3104 4709 3514 4766 Commentarius
3543 4715 3596 4762 in
3629 4713 3991 4781 Apocalypsim

847 4791 1012 4840 sancti
1053 4789 1270 4841 Joannis
1315 4791 1537 4858 apostoli
1571 4801 1618 4842 et
1651 4792 1995 4860 evangelista,
2034 4795 2124 4845 sed
2159 4811 2430 4862 perperam
2470 4797 2779 4849 attribuitur
2823 4797 3058 4863 Origeni,
3090 4805 3147 4848 ut
3177 4797 3355 4849 videre
3405 4805 3482 4848 est
3517 4811 3576 4848 ex
3614 4799 3765 4850 titulo
3796 4790 3990 4853 Praela-

852 4873 1036 4934 tionis,
1083 4874 1172 4937 qui
1214 4875 1283 4925 ibi
1315 4876 1437 4927 talis
1468 4887 1549 4928 est
1580 4893 1592 4927 :
1627 4876 1719 4936 Εἰς
1747 4878 1842 4945 τὴν
1885 4875 1976 4928 τοῦ
2011 4877 2160 4942 ἁγίου
2199 4879 2466 4930 ἁποστόλοι

2376 4879 2486 4930 όλου
2517 4882 2607 4933 καὶ
2639 4880 3014 4947 εὐαγγελιστοῦ
3069 4881 3310 4932 Ἰωάννου
3337 4881 3429 4932 τοῦ
3469 4881 3719 4948 Θεολόγου
3759 4884 3990 4935 Ἀποκα-

848 4957 1000 5022 λυψιν
1049 4955 1300 5023 ἐξήγησις
1345 4959 1666 5024 Ὠριγένους,
1698 4960 2019 5028 Θαυμαστῶς
2047 4961 2144 5030 τὴν
2175 4963 2436 5030 ἀσάφειαν

2377 4984 2436 5019 αν
2467 4969 2666 5036 ταύτης
2701 4971 2778 5030 εἰς
2809 4968 2920 5035 φῶς
2955 4967 3286 5036 παράγουσα.
3322 4966 3438 5034 Ipsa
3482 4983 3692 5035 quoque
3747 4969 3991 5023 Prmlatio

848 5044 1044 5094 ibidem
1070 5041 1122 5092 in
1155 5040 1416 5107 principio
1448 5053 1529 5094 est
1560 5045 1769 5105 mutila,
1800 5054 1853 5097 et
1883 5049 2035 5114 quasi
2071 5047 2275 5116 integra
2306 5063 2462 5118 esset,

2375 5063 2466 5118 set,
2500 5055 2683 5118 incipit
2709 5054 2812 5106 hoc
2841 5055 2998 5105 modo
3035 5070 3047 5104 :
3081 5053 3384 5119 Προοίμιον.
3417 5051 3631 5121 Πρῶτον
3672 5056 3766 5122 μὲν
3805 5055 3898 5105 οὖν
3924 5053 3989 5110 ὡς

847 5125 1000 5202 οἶσθα
1030 5127 1122 5176 καὶ
1173 5123 1352 5183 αὐτος,
1404 5125 1548 5173 πᾶσα
1578 5125 1922 5187 Θεόπνευστος
1961 5132 2184 5199 Γραφὴ,
2219 5145 2322 5188 etc.
2363 5135 2426 5187 In
2460 5176 2461 5182 η

2376 5135 2426 5186 ln
2460 5140 2625 5189 sancti
2672 5136 2892 5204 apostoli
2941 5147 3091 5202 atque
3131 5137 3448 5202 evangelista?
3494 5136 3714 5190 Joannis
3756 5127 3990 5202 Theologi

847 5210 1237 5278 Apocalypsim,
1268 5206 1681 5259 Commentarius
1713 5212 1968 5276 Origenis,
1991 5216 2217 5266 mirabili
2240 5221 2386 5270 modo
2410 5223 2772 5273 obscuritatem
2802 5221 2943 5271 illius
2975 5218 3040 5270 ad
3060 5220 3232 5269 lucem
3255 5220 3529 5273 adducens.

923 5315 939 5344 ε
971 5297 1151 5347 Codex
1197 5307 1298 5344 ms.
1342 5290 1441 5343 174
1477 5291 1806 5376 theologicus
1832 5293 2066 5358 GraBCUS,
2095 5284 2181 5349 est
2207 5302 2520 5356 chartaeeus
2548 5313 2600 5356 et
2636 5306 2787 5357 bona}
2824 5315 2978 5364 notae,
3015 5305 3063 5353 in
3095 5305 3144 5364 4,
3178 5314 3482 5373 constatque
3509 5289 3645 5358 loliis
3676 5307 3761 5363 83,
3802 5306 3893 5372 qui
3927 5305 3986 5356 al

849 5379 1102 5430 Joannem
1137 5379 1486 5440 Sambucum;
1540 5386 1596 5429 ut
1636 5377 1746 5444 ipse
1779 5378 1928 5431 solita
1959 5381 2183 5447 propria:
2215 5397 2402 5438 manus
2437 5389 2783 5453 inscriptione
2815 5397 3058 5452 testatur,
3091 5389 3212 5440 olim
3248 5392 3518 5456 pertinuit.
3561 5391 3877 5442 Continetur
3905 5404 3981 5441 eo.

852 5465 1064 5516 Δηώ-ειν
1094 5463 1426 5516 Ca'sariensis
1470 5464 1520 5516 in
1567 5461 1896 5530 Cappadocia
1934 5465 2301 5534 archiepiscopi
2338 5469 2744 5524 Commentarius
2776 5474 2828 5524 in
2857 5473 3213 5543 Apocalypsin:
3246 5477 3410 5528 sancti
3438 5473 3654 5527 Joannis
3695 5475 3909 5541 apostoli
3942 5481 3988 5525 et
