4088 6332
643 347 748 411 203
1784 365 2132 427 ANDREAS
2168 367 2257 428 CA

2194 367 2690 432 IESARIENSIS-
3293 417 3295 419 ι
3707 374 3808 440 206

643 465 836 555 nobilis
865 475 919 520 et
948 470 1426 555 senatoriiordinis
1457 474 1581 542 viri,
1611 474 1818 533 dominl
1844 479 2057 543 Quirini
2100 479 2390 552 llelllngeri
2424 503 2438 540 :
2470 486 2614 539 aliud
2647 491 3008 554 pervetustum
3053 485 3330 555 exemplar
3377 498 3443 540 ex
3497 486 3807 555 reipublicae

641 551 964 638 Augustame
991 553 1312 612 bibliotheca
1339 559 1643 628 impetravi,
1678 563 1822 630 quod
1846 578 1982 619 sane
2006 551 2308 634 plulimuui,
2332 567 2461 621 mihi
2491 551 2739 623 contulit.
2771 568 3029 632 Quamvis
3056 551 3353 638 enim-quat
3380 551 3594 624 ducalis
3613 571 3807 625 biblio-

647 635 802 690 theca
833 638 1284 706 suppcditaverat,
1321 643 1388 731 ad
1412 643 2021 731 idquodinstitueram,
2057 650 2188 731 satis
2211 664 2330 706 esse
2362 654 2652 731 potuerint,
2681 654 3025 722 Augustanns
3045 662 3220 707 tamen
3250 635 3416 707 codex
3460 653 3644 708 multis
3674 655 3805 708 locis
3883 677 3886 680 ι

637 735 894 788 perquam
924 732 1264 792 opportunus
1295 727 1424 781 mihi
1457 727 1577 783 fuit.
1609 728 1845 785 Habebat
1861 740 2038 786 autem
2075 721 2121 787 is
2153 747 2258 788 non
2283 733 2510 789 Andrea:
2531 721 2902 800 Caesariensis,
2928 737 3021 789 sed
3047 733 3296 788 Hethodii
3328 735 3566 790 titulum.
3605 737 3806 791 Verum

636 804 687 856 id
726 807 900 859 minus
930 818 1094 870 recte,
1127 809 1389 879 siquidem
1423 811 1812 868 Commentarii
1863 816 2024 883 hujus
2053 817 2393 880 architectus,
2427 834 2550 872 cum
2588 820 2640 872 in
2681 821 2795 888 ipsa
2851 817 3182 888 prafatione,
3230 828 3344 873 tum
3391 819 3520 874 alibi
3567 835 3806 889 perstepe

633 889 953 956 Methodium
984 899 1243 951 nominat.
1278 897 1646 953 Nihilominus
1677 909 1854 954 tamen
1878 902 1969 970 qui
1999 899 2306 956 Graecorum
2341 901 2602 956 librorum
2635 903 2868 960 indicem
2893 904 3345 970 couiooit,.culpa
3374 906 3596 959 omnino
3629 915 3797 960 caret.

632 973 762 1028 Nam
797 993 916 1031 cum
946 980 1132 1047 prima:
1162 977 1384 1051 pagella
1421 983 1878 1050 desiderarentur,
1914 985 2220 1055 nulliusque
2255 988 2387 1041 certi
2427 989 2667 1042 auctoris
2714 1002 2909 1043 nomen
2941 988 3069 1042 lllud
3117 987 3366 1042 volumen
3395 990 3672 1056 pmﬁxum
3700 990 3800 1042 ha-

632 1063 797 1126 beret,
829 1065 1089 1130 probabili
1114 1067 1311 1121 ductus
1345 1066 1550 1121 ratione
1573 1107 1588 1133 ,
1609 1066 1881 1123 Methodio
1908 1085 2064 1139 quem
2099 1071 2158 1125 in
2175 1069 2401 1126 Joannis
2439 1073 2813 1142 Apocalypsim
2846 1073 3132 1142 scripsisse
3177 1076 3442 1136 audierat,
3493 1088 3630 1142 opus
3661 1074 3799 1128 illud

627 1148 886 1200 attribuit.
928 1167 948 1198 ι

698 1231 820 1285 llzec
853 1232 1127 1298 Peltanus,
1163 1236 1368 1302 primus
1403 1236 1563 1305 hujus
1615 1238 1791 1306 operis
1821 1238 2019 1304 editor,
2068 1240 2160 1308 qui
2205 1240 2257 1293 in
2291 1239 2476 1292 multis
2521 1249 2728 1308 peccat,
2778 1240 2935 1309 cujus
2983 1255 3198 1296 errores
3247 1241 3385 1296 duos
3417 1242 3794 1295 animadverti.

627 1317 882 1381 Primum,
908 1318 1031 1370 dum
1065 1322 1139 1372 ait
1172 1320 1314 1374 hunc
1352 1331 1627 1374 auctorem
1657 1322 1862 1375 Basilio
1903 1321 2094 1392 Magno
2128 1323 2358 1392 ejusdem
2388 1325 2524 1378 sedis
2558 1326 2792 1379 antistite
2824 1327 3161 1394 posteriores:
3201 1327 3380 1394 fuisse,
3414 1335 3563 1378 extra
3591 1334 3788 1379 contro-

624 1405 840 1454 versiam
869 1413 964 1465 est,
997 1414 1053 1455 ut
1080 1406 1169 1472 qui
1197 1421 1296 1457 non
1319 1405 1478 1458 semel
1504 1407 1558 1458 in
1590 1406 1685 1458 hoc
1719 1405 2104 1460 Commentario
2143 1411 2450 1463 nominetur.
2496 1409 2608 1464 Hoc
2644 1410 2788 1464 enim
2821 1425 3006 1464 verum
3065 1426 3170 1464 non
3213 1421 3314 1474 est,
3359 1420 3413 1464 et
3458 1414 3726 1480 quomodo
3761 1427 3796 1464 a

622 1486 664 1538 Τ
669 1489 903 1541 lieodoro
937 1487 1158 1542 Peltano
1188 1490 1291 1543 diei
1326 1491 1583 1558 potuerit,
1622 1507 1728 1544 non
1763 1492 1916 1544 video
1947 1508 1961 1543 :
1997 1493 2191 1559 quippe
2219 1509 2338 1545 cum
2383 1493 2581 1546 nullam
2639 1507 2864 1563 prorsus
2915 1494 3094 1547 Basilii
3139 1494 3484 1548 Caesariensis
3523 1497 3792 1562 archiepi-

619 1573 763 1641 scopi
799 1572 879 1625 vel
910 1572 1134 1627 alterius
1169 1574 1412 1641 ejusdem
1442 1575 1699 1639 nominis,
1742 1576 2067 1628 mentionem
2097 1577 2179 1628 vel
2209 1577 2516 1630 citationem
2541 1576 2721 1637 faciat.
2752 1585 2811 1630 ut
2829 1579 2963 1631 mihi
2995 1586 3245 1632 accurate
3280 1578 3473 1645 legenti
3520 1580 3785 1632 constitit.

623 1660 735 1710 liuo
762 1659 805 1710 si
837 1658 1168 1726 conjecturis
1200 1659 1580 1728 indulgendum
1616 1669 1779 1723 esset,
1809 1675 1932 1714 cum
1957 1667 2066 1712 tam
2099 1661 2386 1713 multorum
2413 1661 2735 1728 scriptorum
2784 1660 3147 1728 antiquiorum
3182 1659 3516 1728 frequentem
3559 1662 3789 1713 mentio-

621 1758 740 1793 Item
775 1741 958 1804 faciat,
990 1742 1266 1810 altumque
1299 1744 1361 1811 de
1385 1743 1593 1798 Basilio
1621 1744 1950 1797 Caesariensi
1976 1743 2248 1797 silentium
2274 1745 2524 1798 observet
2559 1761 2574 1798 :
2603 1745 2727 1798 inde
2750 1756 3067 1812 argumento
3090 1745 3362 1799 contrario
3388 1761 3485 1799 nec
3516 1745 3787 1812 improba-

620 1826 714 1878 bili
753 1825 1024 1892 conjicere
1046 1825 1251 1891 liceret,
1300 1839 1572 1880 auctorem
1618 1828 1761 1882 illius
1800 1828 1969 1880 fuisse
2006 1828 2271 1881 Andream
2308 1829 2468 1880 istum
2516 1828 2908 1882 Caesariensem
2957 1829 3439 1902 archiepiscopum,
3482 1832 3571 1897 qui
3622 1830 3792 1883 dubio

619 1912 826 1979 procul,
867 1912 1041 1964 locum
1076 1912 1304 1980 aliquem
1339 1912 1538 1965 Basilio
1566 1911 1754 1979 Magno
1782 1912 2020 1980 ejusdem
2044 1913 2187 1967 sedis
2215 1912 2438 1965 antistiti
2469 1927 2593 1966 cum
2621 1912 2740 1966 aliis
2763 1913 3120 1980 scriptoribus
3150 1914 3411 1979 dedisset,
3432 1916 3572 1967 unde
3621 1930 3787 1969 suum

615 1996 1074 2050 Commentarium
1111 1997 1310 2060 hausit,
1349 2012 1447 2050 nec
1475 1998 1540 2049 ab
1581 2011 1646 2049 eo
1672 1995 1893 2050 citando
1941 2006 1994 2050 et
2023 1997 2300 2064 allegando
2347 2011 2570 2063 prorsus
2620 2007 2992 2064 temperasset.
3049 1997 3314 2051 Secundus
3340 2013 3492 2052 error
3519 2008 3620 2062 est,
3655 1999 3790 2052 dum

616 2097 734 2149 cap.
769 2081 860 2144 63,
899 2092 1019 2149 post
1052 2083 1341 2149 allegatum
1379 2081 1664 2141 Irenaeum,
1694 2081 1824 2134 citat
1851 2080 2176 2134 Methodium
2210 2080 2568 2147 patriarcliam
2614 2080 3271 2148 Constantiuopolitanum
3303 2082 3391 2137 his
3430 2083 3608 2138 verbis
3659 2102 3674 2145 ;
3718 2083 3781 2136 Et

618 2184 832 2234 magnus
863 2169 1165 2234 patriarcha
1191 2167 1486 2220 Methodius
1518 2169 1572 2218 in
1595 2183 1827 2218 sermone
1861 2167 1927 2220 de
1968 2165 2402 2226 Resurrectione,
2453 2164 2514 2215 de
2559 2165 2637 2215 Itis
2673 2167 2746 2217 ita
2775 2166 2974 2226 sei-ibit,
3021 2175 3127 2218 etc.
3171 2166 3281 2219 Hac
3333 2166 3476 2220 enim
3529 2167 3714 2221 citatio
3752 2183 3787 2222 θ

619 2254 939 2305 haberemus
970 2263 1172 2320 aperte,
1210 2253 1528 2320 scriptorem
1564 2253 1706 2304 hunc
1737 2266 1842 2304 non
1865 2265 1989 2304 esse
2017 2251 2373 2318 antiquiorem
2421 2249 2626 2302 ultimis
2657 2249 2836 2303 saeculi
2869 2265 2921 2302 tx
2970 2249 3320 2316 temporibus.
3371 2248 3503 2303 Nam
3560 2250 3681 2304 licet
3711 2253 3788 2304 ad

622 2337 947 2389 Methodium
977 2336 1186 2405 Olympi
1217 2337 1526 2405 episcopum
1563 2345 1765 2403 spectet
1792 2336 1925 2388 liber
1956 2335 2018 2387 de
2049 2335 2443 2388 Resurrectione
2468 2350 2624 2402 quem
2648 2334 2865 2402 profert,
2901 2348 3021 2386 cum
3054 2345 3230 2387 tamen
3262 2335 3410 2388 illum
3446 2335 3692 2389 indoctus
3725 2347 3782 2388 et

619 2424 864 2475 incautus
894 2422 993 2475 istc
1024 2423 1256 2489 scriptor
1282 2423 1382 2475 sub
1408 2421 1626 2474 nomine
1651 2421 1830 2490 Magni
1860 2422 2174 2487 patriarcha:
2203 2422 2450 2473 Met/tedii
2484 2420 2741 2488 proferat,
2770 2421 2970 2475 diserte
2998 2422 3097 2474 hac
3127 2422 3545 2476 hallucinatione
3569 2432 3785 2475 aetatem

617 2523 768 2560 suam
803 2508 997 2575 prodit,
1038 2521 1201 2574 seque
1233 2506 1429 2560 vixisse
1466 2515 1586 2574 post
1618 2515 1857 2573 tempora
1888 2504 2135 2557 Met/radii
2160 2505 2470 2570 patriarcha:
2506 2503 3093 2570 Constantinopolitani,
3141 2521 3298 2573 quem
3354 2522 3475 2559 cum
3510 2505 3779 2559 Methodio

616 2591 822 2660 Olympi
867 2591 1037 2661 Lycia
1067 2608 1160 2644 seu
1225 2590 1503 2643 Patarensi
1555 2591 1810 2658 episcopo
1866 2590 2124 2643 confudit.
2181 2587 2479 2642 Methodius
2519 2599 2734 2649 autem,
2790 2589 3095 2655 patriarcha
3147 2589 3776 2657 Coustautinopolitauus

614 2695 754 2732 anno
786 2678 888 2732 842
916 2679 1086 2730 factus
1111 2693 1143 2730 τι
1173 2676 1426 2732 Michaele
1450 2676 1511 2728 ΙΙΙ
1535 2675 2014 2746 Porpliyrogenito,
2061 2690 2202 2729 anno
2228 2674 2328 2727 867
2368 2674 2452 2727 die
2482 2673 2547 2726 l4
2568 2672 2711 2726 Junii
2741 2673 2890 2737 obiit,
2919 2683 2974 2728 ut
3016 2675 3212 2729 habent
3230 2674 3358 2728 Acta
3382 2675 3602 2728 Joannis
3632 2677 3776 2728 Aua-

614 2770 841 2818 elioreta:
862 2767 999 2832 apud
1025 2763 1328 2816 Simeonem
1361 2761 1797 2831 Metapbrastem.
1827 2762 2122 2816 Floruissct
2147 2774 2274 2828 ergo
2301 2760 2454 2828 juxta
2487 2759 2627 2814 hanc
2677 2758 2882 2812 Peltani
2914 2759 3236 2824 versionem,
3269 2759 3355 2814 hic
3394 2759 3635 2814 Andreas
3663 2759 3782 2814 Ca:-

612 2851 865 2905 saricnsis
915 2849 1348 2916 arcliicpiscOpus
1373 2848 1484 2900 sive
1517 2862 1839 2917 anonymus,
1877 2856 1994 2915 post
2018 2845 2250 2898 medium
2287 2845 2464 2900 saeculi
2506 2843 2652 2907 noni,
2688 2843 2847 2896 annis
2871 2843 3085 2896 circiter
3113 2843 3188 2896 50
3221 2843 3490 2898 Methodio
3536 2847 3772 2912 patriar-

615 2940 713 2991 tha
742 2936 1124 3003 citatojunior.
1160 2934 1232 2987 Ita
1263 2942 1404 2987 certe
1431 2933 1586 3001 juxta
1618 2931 1861 2985 Latinam
1900 2931 2058 2998 hujus
2080 2931 2180 2983 loci
2206 2929 2503 2981 versionem
2539 2927 2592 2979 in
2622 2926 2944 2980 Bibliotheca
2983 2926 3220 2979 Veterum
3270 2927 3492 2980 Patrum
3525 2930 3783 2985 editionis

614 3023 770 3086 4589,
799 3021 1022 3074 Parisiis
1049 3030 1202 3073 tomo
1231 3021 1273 3084 Ι,
1308 3019 1415 3071 col.
1445 3016 1603 3080 me,
1632 3017 1805 3084 capite
1826 3015 1915 3077 65,
1944 3015 2047 3068 col.
2081 3011 2235 3073 1360,
2260 3016 2312 3060 et
2337 3008 2389 3060 in
2417 3006 2536 3060 aliis
2564 3007 2890 3061 editionibus
2915 3008 3186 3069 onibus,
3206 3023 3374 3076 usque
3401 3010 3465 3062 ad
3485 3009 3776 3064 Maximam

617 3110 1026 3174 Lugdunensem
1063 3105 1190 3156 anni
1226 3103 1382 3156 1672.
1418 3102 1523 3154 Sed
1554 3102 1739 3154 Graeca
1785 3100 1948 3152 editio
1987 3098 2146 3164 hujus
2182 3094 2360 3162 operis
2397 3094 2531 3146 inter
2561 3091 2736 3161 Opera
2784 3091 2844 3144 Ι).
2877 3092 3246 3161 Chrysostomi
3286 3096 3364 3151 sic
3399 3097 3593 3149 habet:
3633 3097 3691 3147 ’0
3717 3099 3776 3149 δὲ

619 3195 790 3261 μέγας
824 3190 1076 3250 Μεοὸδιος
1102 3190 1158 3240 ὲν
1190 3186 1428 3256 τῷΠερι
1469 3183 1854 3248 ἀναστάσεως
1887 3184 2028 3251 λόγῳ
2057 3182 2219 3236 αὐτοῦ

2162 3182 2219 3234 οὗ
2248 3179 2464 3242 ἐξέθετο
2499 3178 2703 3241 οὕτως’
2756 3179 3013 3234 editionis
3053 3179 3398 3235 Commeliute
3450 3183 3574 3234 anni
3613 3182 3776 3247 1596,

619 3274 980 3340 lleidclbcrga:
1019 3270 1073 3322 in
1101 3268 1219 3333 τοι..
1255 3283 1415 3321 serm.
1449 3264 1537 3329 22,
1571 3264 1807 3320 sectione
1840 3264 1927 3328 63,
1960 3279 2081 3333 pag.
2111 3265 2198 3319 96.

678 3360 794 3413 Jaiu
829 3359 891 3411 ad
919 3365 1129 3410 aetatem
1163 3371 1265 3424 qua
1291 3353 1492 3407 vixisse
1515 3362 1567 3407 ct
1588 3352 1867 3419 scripsisse
1895 3352 1982 3405 hic
2013 3362 2200 3406 auctor
2246 3351 2503 3412 creditur,
2549 3350 2887 3405 accedamus.
2922 3349 3156 3405 Joannes
3201 3347 3433 3404 Jacobus
3485 3351 3687 3405 Frisios
3718 3351 3777 3404 in

612 3446 938 3496 Bibliotheca
987 3439 1265 3492 universali
1304 3437 1569 3489 Andream
1599 3434 1856 3488 Caesarea:
1900 3437 2212 3503 episc0pum
2261 3451 2404 3488 anno
2435 3435 2559 3497 579,
2590 3443 2642 3488 ct
2694 3435 2949 3488 Aretham
2997 3433 3235 3502 ejusdem
3279 3433 3423 3488 sedis
3474 3436 3770 3488 antistitem

611 3546 751 3582 nuno
781 3528 879 3581 587
907 3525 1180 3591 assignat;
1208 3538 1366 3590 quem
1433 3528 1650 3573 secutus
1687 3529 1767 3572 est
1811 3520 2230 3588 Christophorus
2261 3521 2507 3576 llclvicus
2540 3521 2594 3574 in
2631 3520 2852 3572 Theatra
2882 3521 3153 3583 historico,
3185 3535 3304 3586 pag.
3349 3519 3474 3581 106,
3518 3521 3772 3574 editionis

616 3611 881 3680 Marpurgi
914 3609 1190 3660 Cattoruiu
1232 3607 1386 3668 1658,
1420 3607 1471 3656 iu
1506 3605 1652 3656 folio.
1694 3603 1768 3655 Ita
1805 3613 1861 3654 ut
1892 3604 2081 3658 ambos
2102 3607 2202 3660 sibi
2232 3610 2568 3677 syuelironos
2599 3609 2909 3661 constituat.
2932 3607 3245 3661 Guillelmus
3271 3609 3478 3662 Caveus
3503 3608 3554 3660 in
3589 3608 3774 3662 [listo-

613 3697 695 3748 ria
729 3698 801 3748 rei
830 3694 1102 3745 litterarire
1131 3708 1218 3744 seu
1253 3693 1313 3743 de
1344 3689 1684 3756 scriptoribus
1717 3687 2120 3754 Ecclesiastieis,
2151 3693 2416 3746 Andream
2447 3709 2587 3746 anno
2618 3693 2739 3756 500,
2767 3708 2886 3761 pag.
2909 3692 3034 3756 579,
3062 3691 3314 3759 Aretbam
3350 3707 3492 3745 anno
3521 3693 3621 3746 550
3652 3695 3770 3746 alli-

615 3791 722 3851 gat,
762 3780 1142 3834 Bcllarniinum
1168 3779 1264 3831 hac
1297 3778 1348 3831 in
1379 3785 1529 3845 parte
1556 3775 1921 3830 ementientem
1943 3777 2242 3842 amplexus.
2276 3777 2508 3832 Jacobus
2561 3778 2875 3832 Perizonius
2911 3779 2960 3830 in
3002 3777 3208 3832 erudita
3256 3776 3641 3831 Dissertatioue
3673 3780 3774 3832 ad-

613 3885 797 3922 versus
830 3866 1160 3921 Grettoviutn
1188 3864 1446 3932 collegam
1477 3863 1538 3915 de
1567 3870 1728 3913 morte
1757 3859 1912 3914 Judte
1942 3871 1989 3912 et
2020 3877 2136 3913 uoce
2165 3880 2224 3913 το

2165 3863 2256 3914 τοῦ
2282 3864 2643 3932 ἀπάγχεσθαι,
2697 3879 2815 3931 cap.
2859 3864 2912 3927 4,
2957 3878 3078 3931 pag.
3113 3862 3202 3925 ιο,
3240 3862 3306 3915 de
3348 3862 3434 3915 his
3465 3863 3672 3916 duobus
3698 3867 3768 3915 ita

614 3956 866 4024 loquitur.
910 3973 926 4003 ι
965 3955 1030 4005 At
1058 3951 1286 4005 Arethas
1319 3950 1422 4002 iste
1452 3949 1721 4002 contraxit
1759 3947 1985 4000 Andreae
2015 3947 2357 4001 Caesariensis
2396 3945 2826 3998 Commentarios
2858 3943 2910 3996 in
2954 3944 3247 4010 epitomeu.
3283 3951 3440 4009 atque
3465 3942 3582 3994 ideo
3617 3943 3768 3997 locu-

613 4043 786 4092 tiones
817 4039 860 4090 si
889 4054 992 4089 non
1031 4037 1188 4103 plane
1213 4049 1424 4093 omnes,
1452 4043 1505 4084 ut
1535 4033 1797 4099 pleneque
1823 4040 1948 4083 sunt
1992 4031 2132 4082 illius
2181 4030 2427 4088 Andr-ea},
2478 4027 2570 4094 qui
2613 4028 2795 4080 seculo
2827 4043 2904 4088 tv,
2949 4025 3212 4080 successit
3252 4025 3449 4079 Basilio
3490 4024 3678 4092 Magno
3713 4029 3767 4080 in

611 4125 992 4176 Ciusariensein
1031 4119 1380 4186 Cappadociae
1404 4118 1791 4182 episcopatum.
1826 4113 1928 4166 Sed
1957 4122 2011 4164 et
2036 4114 2261 4166 Arethas
2285 4112 2397 4179 ipse
2430 4111 2653 4163 refertur
2687 4111 2756 4163 ad
2791 4112 3046 4164 saeculum
3082 4126 3156 4172 vt,
3196 4122 3354 4177 atque
3385 4112 3455 4162 ita
3481 4111 3634 4179 longe
3663 4127 3765 4164 an.

615 4210 812 4277 tiquior
849 4217 931 4258 cst
959 4202 1363 4272 jurisconsultis
1397 4202 1491 4266 qui
1529 4199 1760 4250 Basilica
1789 4196 2155 4255 confecerunt,
2181 4205 2235 4249 et
2264 4211 2490 4264 quorum
2537 4205 2712 4248 tamen
2762 4196 3080 4248 auctoritate
3124 4195 3188 4248 ad
3232 4195 3557 4262 probandam
3615 4198 3772 4248 verbi

611 4293 954 4360 ἀπάγχεσθαι
981 4288 1447 4355 significationem,
1475 4282 1642 4334 utitur
1668 4281 1746 4333 vir
1774 4281 2105 4334 clarissimus
2134 4280 2396 4335 lli-nricus
2429 4281 2751 4349 Stephanus,
2786 4296 2841 4346 p.
2869 4281 2956 4334 68.
2985 4299 3001 4330 ι
3048 4281 3170 4334 lltec
3216 4281 3427 4334 incaute
3470 4282 3547 4331 vir
3573 4281 3775 4334 doctus

611 4380 853 4448 scripsit,
893 4375 1051 4444 cujus
1075 4373 1252 4426 verbis
1279 4371 1464 4440 paucis
1494 4377 1601 4420 tres
1633 4381 1843 4420 errores
1869 4365 2074 4420 insunt.
2109 4366 2319 4419 Primus
2354 4367 2475 4419 dum
2502 4367 2766 4418 Andream
2795 4365 3048 4419 Ctesareae
3082 4365 3456 4432 Cappadocum
3503 4366 3767 4433 archiepi-

611 4481 829 4532 scopum
861 4462 1056 4516 saeculo
1089 4475 1139 4512 tv
1169 4459 1425 4524 assignat,
1459 4454 1548 4523 qui
1584 4453 1760 4507 medio
1792 4453 1972 4507 saeculi
1997 4469 2045 4505 ix
2078 4453 2314 4505 anterior
2344 4463 2575 4505 nonest.
2611 4451 2874 4504 Secundus
2909 4451 3035 4504 dum
3065 4451 3330 4503 Andream
3360 4451 3603 4503 eumdem
3635 4467 3763 4504 sue-

611 4552 843 4604 cessisse
875 4549 1041 4616 inquit
1072 4545 1269 4598 Basilio
1325 4542 1514 4607 Magno
1542 4538 1800 4592 Cmsarete
1856 4536 2234 4604 Cappadocum
2287 4537 2712 4605 archiepiscopo,
2759 4537 2847 4604 qui
2896 4551 3036 4589 anno
3090 4535 3193 4589 569
3228 4535 3514 4602 episcopus
3564 4536 3764 4599 factus,

610 4655 749 4693 anno
779 4639 879 4690 578
916 4639 1014 4691 sub
1064 4636 1324 4689 Gratiano
1371 4641 1422 4683 et
1455 4629 1832 4682 Valentiniano
1865 4639 2109 4679 mortuus
2158 4633 2238 4677 est
2273 4624 2522 4677 Kalendis
2559 4621 2819 4683 Januarii,
2850 4622 3000 4689 juxta
3049 4621 3334 4672 Bnenium
3392 4621 3445 4672 in
3478 4621 3770 4673 Annalibus

609 4726 988 4780 ecclesiasticis.
1020 4722 1226 4774 Tertius
1258 4721 1380 4770 dum
1421 4717 1671 4772 Aretham
1704 4714 1901 4766 sacculo
1931 4730 1977 4765 vi
2013 4711 2195 4770 rel‘ort,
2246 4722 2403 4773 quem
2442 4715 2621 4772 postea
2650 4708 2846 4759 saeculo
2881 4722 2908 4756 ιε
2946 4708 3009 4758 ad
3043 4720 3239 4757 annum
3272 4705 3374 4756 9H
3427 4715 3476 4758 et
3516 4704 3619 4757 9‘20
3650 4706 3731 4756 elo

612 4817 780 4867 ruisse
815 4808 1178 4879 probabimus.

676 4897 792 4948 Jaru
818 4870 1010 4957 igitur,
1041 4901 1097 4941 ut
1125 4891 1296 4942 :ctatis
1327 4885 1584 4954 epocham
1617 4881 2010 4948 aggrediamur,
2041 4886 2161 4944 post
2193 4885 2450 4928 attentam
2479 4873 2860 4927 Commentarii
2888 4872 3067 4939 hujus,
3098 4880 3155 4923 ut
3192 4870 3393 4957 aliquid
3426 4872 3490 4926 ab
3514 4887 3577 4926 eo
3612 4875 3766 4941 expi-

609 4956 902 5038 scaremur,
938 4977 1288 5041 iteratamque
1320 4959 1600 5025 lectionem
1638 4969 1797 5020 :dico
1827 4967 1966 5017 hunc
1987 4965 2254 5014 Andream
2285 4960 2666 5014 Cassariensem
2708 4959 3188 5025 archiepiscopum,
3216 4956 3372 5024 hujus
3413 4960 3774 5026 expositionis

605 5067 965 5125 i-ollcctorem,
997 5060 1098 5113 sub
1123 5058 1306 5112 saaculi
1337 5065 1542 5110 tantum
1573 5070 1622 5108 rx
1657 5053 1892 5106 medium
1921 5050 2223 5116 scripsisse,
2260 5058 2419 5115 atque
2455 5046 2587 5098 adeo
2608 5053 2659 5096 et
2682 5042 3061 5096 Bcllarminuur
3095 5051 3146 5094 et
3173 5042 3485 5106 scriptorem
3516 5045 3631 5109 ejus
3662 5045 3768 5096 Ca-

603 5169 780 5214 veum,
805 5149 967 5203 annis
994 5161 1202 5199 errasse
1231 5161 1353 5198 cccr.
1374 5144 1456 5196 vel
1492 5143 1724 5204 circiter,
1756 5141 1806 5193 in
1843 5148 1994 5192 aetate
2029 5138 2184 5190 istius
2214 5133 2735 5214 assigttatttia,!longe
2759 5132 2963 5195 turpius
2985 5143 3143 5198 quam
3177 5143 3275 5197 ego
3308 5130 3358 5181 in
3381 5138 3534 5181 aetate
3557 5129 3767 5181 Simeo-

604 5243 684 5291 uis
720 5211 1091 5303 lletaphrastis
1123 5232 1410 5297 assignata.
1445 5228 1538 5281 llis
1565 5227 1892 5293 argumentis
1924 5227 2116 5276 ductus
2148 5223 2219 5273 ita
2253 5223 2446 5272 sentio.
2475 5211 2753 5271 lfAuctor
2778 5217 2935 5283 hujus
2972 5217 3337 5270 commentarii
3387 5217 3438 5267 in
3500 5215 3768 5281 Apocaly-

605 5330 759 5387 psiin,
789 5300 998 5377 ett—aliis
1029 5317 1340 5372 transcribit
1362 5325 1522 5380 atque
1549 5313 1905 5364 transerilicrc
1931 5326 1986 5362 sc
2011 5308 2315 5374 prolitclur,
2343 5307 2481 5373 quod
2508 5305 2718 5357 saeculis
2762 5303 3011 5355 Ecclesiae
3055 5301 3290 5368 quinque
3341 5313 3394 5353 et
3446 5315 3537 5353 sex
3577 5300 3766 5387 primis

606 5377 897 5460 inauditum
929 5409 1049 5467 fuit,
1083 5403 1371 5469 surculique
1397 5377 1522 5451 noni
1551 5398 1846 5464 proprium,
1878 5404 1933 5444 ut
1970 5393 2161 5444 eruditi
2205 5405 2391 5442 omnes
2439 5399 2654 5441 norunt.
2694 5389 2830 5454 Ergo
2870 5388 2954 5439 hic
2987 5395 3174 5438 auctor
3217 5395 3418 5454 spectat
3459 5391 3664 5436 tantum
3697 5384 3765 5469 ad

605 5496 850 5546 hl'ClllllllI
889 5494 1136 5548 Ecclesize
1178 5507 1245 5544 ix.
1285 5467 1333 5539 ld
1370 5485 1660 5554 probatum
1689 5498 1748 5533 cx
1782 5482 1908 5546 ip~is
1948 5480 2104 5543 hujus
2135 5475 2513 5530 Commentarii
2565 5475 2764 5536 verbis,
2811 5482 2866 5524 ut
2913 5474 3186 5540 prolitetur
3210 5477 3676 5554 expresserauetor
3708 5467 3768 5520 in

606 5581 841 5645 [’i'nlogo.
875 5579 1085 5630 Constat
1129 5591 1344 5643 namque
1371 5551 1556 5623 beatas
1590 5570 1706 5619 illos
1735 5569 1865 5617 viros
1896 5566 2168 5630 Pall'C’Sf/uc
2206 5573 2426 5621 nostros,
2461 5559 2760 5624 Gregorium
2790 5558 3118 5627 Theologum,
3154 5558 3410 5625 Cyrillum
3444 5551 3764 5603 Alexandri-

602 5636 1026 5724 nimj’Luﬁtquw
1064 5667 1196 5714 him:
1229 5636 1524 5713 ιηέιυδιὶυιερδ
1567 5636 1805 5720 Ριψὶαιη,
1849 5652 2121 5712 It'rmrunt,
2179 5647 2495 5697 Melltotlimtt
2534 5655 2578 5693 ct
2631 5645 2975 5711 Nimio/gini”,
3029 5648 3255 5696 (littimtm
3296 5641 3493 5707 fideque
3546 5636 3765 5703 dignum
