4088 6332
242 278 341 339 209
934 278 1520 342 COMMENTARIUS
1557 282 1635 340 IN
1676 280 2182 340 APOCALYPSIN.
2219 305 2288 316 —
2324 282 2697 342 PROtEMiA.
3284 270 3388 335 210

242 400 355 451 qua:
386 384 438 437 in
462 386 815 455 evangelistas
844 397 895 443 et
924 390 1089 443 Actus
1114 390 1500 458 apostolorum,
1531 405 1651 455 qua:
1677 400 1985 457 supersunt,
2030 390 2462 445 describerentur
2484 431 2498 456 ,
2547 391 2936 447 conferrentur.
2972 388 3235 442 Caeterum
3266 398 3385 437 cum

241 470 737 536 animadverterem,
763 472 1132 542 Cbrysostomi
1157 475 1221 528 ad
1246 474 1469 529 Joannis
1495 476 1748 543 Theolngi
1780 476 2134 544 Apocalypsin
2166 476 2298 528 nihil
2324 487 2554 540 exstare,
2590 474 3045 542 commodumque
3076 473 3130 525 in
3160 470 3389 525 serenis-

242 555 357 607 simi
412 555 672 624 principis
706 558 877 613 nostri
914 558 1234 612 bibliotheca
1262 560 1488 613 Andreae
1523 560 1865 615 Caesariensis
1924 562 2164 630 episcnpi
2194 563 2257 615 ad
2293 562 2437 615 illam
2480 563 2647 630 ipsam
2702 558 3122 616 commentarius
3154 557 3387 613 Graecus,

241 639 324 704 qui
357 639 616 695 hactenus
666 642 718 695 in
752 642 1095 697 bibliothecis
1121 645 1408 699 conclusus
1435 645 1737 707 delituerat,
1769 660 1887 699 sese
1932 648 2233 712 obtulisset,
2262 649 2329 701 ab
2365 648 2611 701 instituto
2638 657 2825 702 nostro
2878 645 3097 699 minime
3151 643 3388 695 alienum

241 739 350 775 sum
391 725 710 791 arbitratus,
753 728 798 781 si
843 729 990 781 illum
1031 728 1415 799 Chrysostomo
1444 732 1693 785 comitem
1735 730 2103 802 adjungerem,
2144 736 2196 787 in
2238 749 2303 788 eo
2341 733 2540 787 Giberti
2574 733 2899 787 Veronensis
2933 730 3164 801 episcopi
3212 742 3390 779 exem-

243 809 378 874 plum
419 819 656 875 secutus,
688 814 781 881 qui
821 812 1161 871 OEcumenio
1190 816 1341 877 olim,
1370 815 1542 871 Areta:
1568 816 1680 886 (qui
1707 826 1889 872 nostro
1914 821 2123 873 Andrea
2157 828 2311 873 aetate
2346 819 2568 874 inferior
2592 822 2691 889 est)
2723 807 3049 872 collectanea
3090 817 3142 869 in
3182 815 3388 879 Apoca-

242 898 403 963 lypsin
434 900 782 967 appendenda
804 901 1028 955 curavit.
1053 900 1251 957 Nactus
1269 904 1447 973 itaque
1468 904 1692 957 alterum
1717 903 1941 959 Andreae
1959 903 2302 959 Caesariensis
2327 905 2626 973 exemplum
2655 920 2779 967 ms.,
2812 904 2859 955 id
2892 902 3089 969 negotii
3118 898 3390 953 Frideriro

242 979 542 1051 Sylburgio,
571 984 831 1039 doctrina:
878 995 933 1039 et
960 986 1249 1055 diligentiae
1279 987 1489 1041 eximia:
1515 988 1655 1052 viro,
1703 990 1860 1053 dedi,
1918 999 1975 1044 ut
2019 991 2366 1059 archetypum
2399 998 2689 1057 utrumque.
2717 996 3085 1054 compararet,
3105 985 3390 1039 verborum

241 1066 643 1134 discrepantiam
664 1069 990 1133 observaret,
1018 1073 1267 1140 notisque
1287 1080 1342 1126 et
1369 1073 1636 1126 indicibus
1666 1074 1975 1128 illustraret.
2010 1074 2085 1125 Ad
2106 1082 2430 1140 postremum
2456 1075 2591 1126 sacri
2611 1072 2772 1140 hujus
2809 1071 2985 1139 operis
3010 1070 3098 1121 ubi
3128 1067 3391 1136 pervenit,

240 1163 265 1201 a
298 1149 400 1203 Deo
428 1151 488 1204 0.
518 1150 592 1203 Μ.
626 1154 942 1221 appellatus,
978 1156 1024 1208 vi
1058 1158 1227 1211 morbi
1276 1173 1490 1212 manum
1522 1160 1701 1212 statim
1746 1159 1810 1212 de
1837 1158 2037 1219 tabula,
2072 1158 2306 1225 mihique
2336 1172 2517 1220 cursu,
2553 1158 2695 1225 quod
2731 1157 2919 1218 aiunt,
2952 1154 3192 1222 lampada
3226 1152 3393 1205 tradi-

241 1235 329 1286 dit.
361 1235 641 1291 Postremo
669 1240 847 1308 itaque
883 1241 983 1294 viri
1010 1241 1170 1309 hujus
1205 1243 1333 1294 mihi
1365 1244 1676 1299 amicissimi
1713 1244 1996 1311 posthumo
2024 1243 2171 1305 fetui,
2212 1256 2373 1310 Opera
2394 1253 2575 1295 nostra
2607 1243 2657 1294 in
2694 1258 2852 1294 auras
2874 1240 3154 1309 producto,
3191 1244 3393 1290 tutores

239 1319 502 1383 quaerendi
556 1337 677 1375 cum
729 1333 929 1385 essent,
984 1339 1078 1379 vos
1128 1326 1403 1381 nominare
1431 1329 1599 1381 visum
1635 1330 1753 1394 l‘uit,
1786 1344 1924 1398 quos
1964 1330 2007 1381 si
2047 1329 2266 1381 vixisset
2309 1329 2420 1395 ipse
2447 1342 2640 1395 parens
2701 1327 2761 1379 L.
2803 1325 2872 1378 Μ.
2923 1324 2986 1390 Q.
3024 1325 3394 1378 nominaturus

241 1404 419 1458 fuisset
449 1423 461 1457 :
490 1406 852 1478 quippequem
876 1420 1110 1464 vestrum
1133 1413 1221 1465 alii
1253 1413 1611 1485 συμμαθητὴν
1637 1415 1940 1469 habuerunt
1960 1415 2434 1478 modestissimum,
2469 1414 2555 1466 alii
2593 1421 2923 1482 prameptore
2954 1410 3094 1464 lideii
3118 1409 3200 1463 usi
3228 1418 3349 1463 sunt
3377 1423 3390 1458 :

240 1489 421 1555 reliqui
462 1506 606 1555 vero,
638 1495 729 1561 qui
758 1495 931 1563 ipsum
966 1496 1114 1563 prius
1154 1499 1331 1553 minus
1367 1510 1646 1564 noverant,
1681 1501 1771 1554 ubi
1803 1515 1925 1555 eum
1957 1507 2349 1568 cognoverunt,
2381 1510 2596 1567 propter
2630 1512 2800 1551 raram
2833 1496 3191 1550 eruditionem
3228 1503 3280 1546 et
3320 1493 3398 1545 iur

240 1572 497 1627 defessum
520 1578 828 1647 ergajremp.
859 1580 1171 1635 litterariam
1203 1584 1437 1637 studium
1458 1594 1727 1650 amarunt,
1760 1594 1813 1637 et
1836 1586 1944 1653 jam
1974 1585 2142 1653 ipsius
2169 1587 2480 1637 memoriam
2514 1584 2759 1637 laudibus
2787 1587 3198 1649 prosequuntur.
3238 1578 3392 1643 Quod

242 1669 500 1725 superest,
528 1662 626 1715 viri
657 1663 999 1728 nobilissimi,
1030 1681 1093 1719 ao
1125 1668 1373 1735 patroni,
1413 1682 1508 1722 vos
1538 1670 1877 1724 vehementer
1914 1674 2074 1725 etiam
2105 1680 2267 1739 atque
2284 1671 2441 1723 etiam
2476 1685 2625 1738 rogo,
2664 1678 2720 1721 ut
2747 1668 2849 1721 hoc
2877 1680 3054 1720 meum
3084 1665 3392 1724 consilium,

238 1754 284 1837 rt
326 1748 754 1881 ﬂvpold’tptnvﬁctw;
774 1749 1004 1805 oliiciutn
1036 1751 1089 1805 in
1122 1752 1315 1807 bonam
1346 1763 1547 1821 partem
1577 1756 1874 1824 accipiatis,
1910 1756 2290 1824 laboribusque
2322 1756 2541 1816 nostris,
2590 1755 2731 1822 quod
2766 1752 2960 1815 facitis,
2998 1751 3173 1804 favere
3206 1764 3392 1818 perga-

241 1838 321 1881 lts.
397 1845 426 1881 a
451 1839 553 1881 cla.

241 1829 321 1882 tis.
351 1828 553 1883 γειυω.

250 1955 1804 1987 —-_—'-——————_—_—-ﬂ_§
1809 1969 1864 1985 -

1386 1966 2911 1987 —_fnm
2923 1969 2946 1983 δ-
2967 1968 3000 1981 ο

3004 1965 3319 1980 .IO.

541 2068 625 2127 De
647 2068 1019 2149 Apocalypsi
1048 2071 1307 2132 Joannis
1342 2072 1713 2151 Hieronymi
1757 2072 2185 2135 testimonium
2220 2071 2283 2131 in
2321 2068 2585 2149 epistola
2622 2069 2695 2130 ad
2732 2070 3084 2132 Paulinum.

301 2233 642 2301 Apocalypsi:
670 2231 891 2287 Joannis
920 2240 998 2286 tot
1028 2232 1185 2285 habet
1204 2240 1560 2297 sacramenta,
1596 2240 1728 2299 quot
1748 2231 1931 2286 verba.
1965 2230 2160 2285 Parum
2197 2231 2304 2285 dixi
2336 2244 2431 2299 pro
2460 2229 2654 2285 merito
2682 2230 3007 2295 voluminis;
3059 2230 3177 2283 laus
3219 2231 3395 2285 omnis

239 2317 453 2370 inferior
479 2328 562 2372 est
597 2336 610 2371 :
640 2318 692 2370 in
721 2317 898 2373 verbis
929 2318 1156 2386 singulis
1205 2317 1528 2386 multiplices
1576 2317 1741 2371 latent
1774 2318 2157 2387 intelligentiae.

238 2574 318 2634 De
356 2574 575 2635 horum
616 2575 1211 2637 commentariorum
1246 2582 1496 2637 auctore
1528 2575 1896 2635 Theodorus
1931 2576 2221 2635 Peltanus
2246 2576 2555 2651 interpres
2601 2574 2661 2631 in
2696 2570 2956 2647 epistola
2988 2570 3389 2632 dedicatoria.

298 2713 427 2765 Cum
465 2711 549 2764 hic
572 2712 966 2781 Apocalypseos
995 2710 1129 2765 iiber
1160 2718 1237 2764 tot
1260 2711 1457 2766 abditis
1487 2711 1757 2781 mysteriis
1782 2710 1852 2764 sit
1875 2710 2148 2779 gravidus,
2180 2719 2365 2778 totque
2411 2708 2715 2778 implicatus
2760 2706 3000 2762 tenebris
3030 2714 3082 2759 et
3113 2704 3395 2759 dilﬁcultao

238 2797 389 2861 tibus,
412 2796 607 2850 utiliter
633 2811 751 2849 meo
780 2795 982 2864 judicio
1020 2811 1235 2865 operam
1262 2796 1545 2856 collocant.
1580 2798 1695 2865 qui,
1725 2804 1961 2848 veterum
1993 2797 2360 2865 theologorum
2399 2795 2642 2861 vestigiis
2674 2793 2983 2847 insistentes
3010 2829 3024 2855 ,
3056 2791 3393 2859 expiicatiom

237 2883 369 2934 illius
397 2882 620 2935 viriliter
668 2882 985 2935 incumbunt
1011 2898 1025 2945 ;
1058 2884 1325 2950 tantisque
1352 2883 1457 2936 illis
1483 2882 1902 2936 obscuritatibus
1931 2892 1983 2936 et
2012 2883 2243 2937 tenebris
2266 2883 2438 2935 lucem
2468 2882 2701 2949 aliquam
2737 2880 2931 2933 al'i'erre
2955 2883 3308 2941 contendunt,
3342 2891 3394 2932 et

238 2983 346 3033 qua:
368 2969 451 3021 vel
484 2968 581 3037 ipsi
606 2968 744 3037 apud
769 2982 826 3021 se
860 2984 963 3021 non
997 2970 1199 3036 absque
1236 2970 1416 3023 labore
1452 2970 1687 3023 meditati
1724 2979 1870 3033 sunt,
1895 2967 1975 3021 vel
2009 2968 2149 3037 apud
2188 2969 2321 3021 alios
2354 2967 2682 3038 orthodoxos
2716 2976 2769 3021 et
2810 2968 3046 3021 eruditos
3076 2968 3392 3034 interpretes

238 3051 467 3103 studiose
492 3053 863 3117 observarunt,
899 3051 1190 3106 liberaliter
1219 3054 1271 3106 in
1296 3055 1526 3107 medium
1552 3053 1855 3107 conferunt.
1885 3054 2027 3108 lntEr
2053 3055 2151 3108 hos
2189 3063 2364 3107 autem
2389 3052 2470 3107 vel
2495 3053 2722 3121 primum
2742 3094 2758 3117 ,
2781 3052 2861 3105 vel
2904 3052 3079 3119 primo
3108 3061 3250 3104 certe
3270 3066 3393 3119 pro-

240 3136 429 3187 ximum
451 3136 624 3190 locum
656 3126 994 3205 promeretur
1022 3142 1262 3195 Andreas
1290 3142 1545 3195 Caesarea:
1577 3141 1924 3210 Cappadociae
1952 3139 2409 3207 archiepiscopus.
2446 3136 2577 3189 Nam
2632 3138 2734 3190 etsi
2784 3145 2909 3188 ante
2942 3137 3114 3203 ipsum
3147 3133 3391 3189 Justinus

241 3234 434 3290 martyr
459 3231 509 3274 et
524 3220 896 3291 philosophus,
927 3235 979 3279 et
1012 3225 1246 3280 [renatus
1272 3225 1649 3295 Lugdunensis
1680 3228 1985 3295 episcopus,
2019 3234 2073 3278 et
2120 3224 2208 3276 alii
2259 3234 2515 3291 praeterea
2565 3221 2806 3275 nonnulli
2838 3221 3195 3291 Apocalypsin
3230 3237 3393 3289 expo-

239 3306 457 3368 suerint,
482 3306 664 3361 nullus
695 3315 871 3362 tamen
901 3324 1008 3362 uno
1029 3309 1129 3362 hoc
1151 3309 1308 3363 Patre
1330 3319 1423 3362 aut
1445 3312 1739 3378 copiosius,
1763 3320 1856 3364 aut
1873 3310 2152 3373 eruditius,
2174 3318 2266 3362 aut
2282 3308 2610 3362 luculentius
2637 3306 2737 3359 hoc
2752 3306 3018 3374 praestitit.
3034 3307 3391 3370 Quamobrem

242 3392 370 3442 haud
396 3390 648 3460 indignus
690 3391 843 3444 nobis
877 3393 1022 3446 visus
1052 3402 1150 3457 est,
1180 3394 1270 3461 qui
1305 3396 1355 3445 in
1389 3394 1621 3463 linguam
1645 3394 1886 3448 Latinam
1923 3400 2348 3455 converteretur,
2379 3402 2432 3446 et
2470 3393 2532 3444 ad
2560 3405 2897 3444 communem
2945 3388 3198 3441 Ecclesiae
3233 3404 3387 3441 usum

242 3476 285 3525 in
314 3476 483 3528 lucem
508 3477 776 3529 ederetur.
808 3476 1062 3541 Quamvis
1083 3480 1226 3532 enim
1250 3480 1411 3532 homo
1432 3478 1648 3533 Graccus
1670 3489 1721 3531 et
1753 3479 2060 3546 Cappadox,
2088 3487 2143 3530 et
2167 3478 2307 3545 quod
2344 3478 2406 3529 ad
2440 3477 2551 3529 hmo
2574 3477 2685 3527 inca
2710 3475 2921 3537 attinet,
2949 3473 3144 3541 hospes
3179 3490 3392 3542 quoque

239 3572 283 3609 et
312 3562 623 3628 peregrinus
652 3566 741 3625 sit,
765 3564 899 3616 nihil
938 3573 1110 3617 tamen
1146 3575 1238 3617 aut
1261 3579 1569 3624 erroneum.
1600 3578 1689 3617 aut
1713 3566 2023 3626 barbarum,
2058 3572 2149 3616 aut
2173 3562 2573 3615 circuiatorium
2599 3570 2753 3615 sonat
2782 3579 2793 3613 :
2827 3560 2953 3629 quin
2990 3561 3179 3612 miram
3216 3562 3392 3628 potius

241 3644 474 3707 pietatem
512 3647 711 3714 ubique
739 3649 929 3715 spirat,
957 3663 1313 3716 magnamque
1339 3650 1390 3701 in
1411 3650 1636 3717 singulis
1669 3651 2054 3718 propemodum
2082 3648 2297 3717 pagellis
2332 3648 2703 3707 eruditionem,
2735 3655 2787 3698 et
2823 3645 3143 3713 singularem
3176 3646 3390 3711 insuper

240 3728 297 3778 ab
321 3728 564 3783 omnibus
598 3729 891 3784 haeresibus
916 3739 968 3783 et
990 3733 1258 3785 haereticis
1296 3734 1458 3785 animi
1490 3734 1865 3787 alienationem
1898 3734 2147 3795 ostendit,
2172 3731 2404 3784 maxime
2434 3746 2557 3782 vero
2575 3730 2641 3783 ab
2669 3728 2989 3795 Origenistis
3019 3737 3071 3779 et
3096 3728 3389 3791 Chiliastis,

240 3813 317 3877 qui
359 3814 642 3868 Ecciesiam
660 3813 993 3870 Catholicam
1027 3817 1188 3884 perid
1221 3824 1429 3882 tempus
1459 3833 1564 3886 prae
1589 3820 1797 3872 caeteris
1850 3816 2194 3872 infestabant.
2247 3815 2371 3869 Fuit
2400 3816 2579 3883 itaque
2612 3815 2980 3867 commentarii
3008 3813 3167 3882 hujus
3203 3825 3391 3869 auctor

240 3912 332 3948 non
358 3900 513 3953 modo
539 3901 765 3969 insignis
798 3901 1083 3970 episcopus
1106 3913 1392 3971 pastorque
1418 3904 1658 3971 apprime
1692 3904 1919 3973 vigilans
1967 3911 2021 3956 et
2053 3902 2211 3964 fidus,
2242 3909 2299 3953 ut
2345 3909 2608 3954 testantur
2638 3906 2900 3967 quotquot
2928 3896 3088 3951 vitam
3138 3898 3278 3952 illius
3310 3902 3387 3953 vel

240 3982 397 4035 obiter
431 3986 718 4053 attingunt,
745 4001 928 4040 verum
950 3987 1160 4055 egregie
1187 4003 1400 4055 quoque
1438 3992 1555 4056 pius
1597 4004 1897 4057 magnaque
1928 3988 2232 4042 divinarum
2260 3988 2724 4053 humanarumque
2763 3986 3058 4038 litterarum
3090 3985 3390 4038 eruditione

253 4078 464 4129 trnatus,
485 4082 536 4123 et
568 4086 691 4123 acer
720 4070 948 4138 denique
977 4072 1238 4125 hazresum
1273 4082 1325 4125 et
1352 4084 1617 4126 sectarum
1643 4076 1880 4126 omnimn
1911 4075 2100 4127 hostis.

242 4210 3280 4238 W

1105 4350 1273 4407 idem
1316 4351 1607 4409 Peitanus
1648 4351 1710 4407 in
1750 4348 2011 4425 epistola
2044 4349 2116 4407 ad
2150 4350 2497 4408 Lectorem.

296 4504 422 4567 Quis
451 4504 817 4557 commentarii
869 4504 1028 4572 lmjns
1068 4514 1253 4557 auctor
1280 4506 1567 4567 exstiterit,
1611 4507 1836 4561 candide
1873 4505 2082 4570 Lector,
2118 4509 2269 4570 satis,
2294 4508 2484 4575 opinor
2510 4547 2523 4569 ,
2559 4524 2619 4560 ex
2662 4507 2817 4559 titulo
2842 4506 2935 4559 toti
2976 4506 3123 4573 operi
3172 4510 3388 4575 praefixo

242 4600 409 4654 aperte
444 4598 671 4642 constat.
699 4591 814 4653 Quo
842 4598 1078 4656 tempore
1101 4600 1277 4643 autem
1301 4592 1346 4645 is
1375 4592 1591 4653 vixerit,
1618 4602 1703 4653 aut
1738 4592 2055 4647 Caesariensi
2099 4593 2345 4646 Ecclesia:
2382 4594 2672 4659 prmium-it.
2718 4593 2766 4644 id
2793 4602 2938 4645 certo
2978 4593 3210 4645 nondum
3240 4610 3387 4647 com-

243 4675 360 4738 peri.
396 4675 590 4727 Basilio
617 4673 805 4743 Magno
837 4677 1077 4743 ejusdem
1115 4676 1256 4729 sedis
1284 4677 1523 4729 antistite
1558 4680 1905 4745 posteriorem
1926 4676 2091 4730 fuisse
2120 4687 2269 4730 extra
2297 4678 2719 4731 centrovcrsiam
2744 4688 2849 4740 est,
2878 4687 2937 4730 ut
2967 4680 3058 4745 qui
3092 4695 3194 4731 non
3226 4682 3387 4731 St‘mcl

242 4758 285 4809 in
321 4760 417 4811 hoc
443 4762 830 4827 commentario
860 4762 1185 4816 nominetur.
1214 4761 1472 4814 Caeterum
1506 4765 1569 4815 ad
1601 4765 1721 4816 libri
1758 4766 1918 4832 hujus
1953 4765 2479 4832 interpretationem,
2514 4776 2703 4833 prteter
2737 4766 3019 4819 utilitatem
3072 4780 3232 4832 quam
3267 4765 3387 4816 inde

243 4846 297 4895 ad
322 4847 608 4901 Ecclesiam
643 4851 816 4903 redire
838 4865 994 4918 posse
1040 4851 1343 4918 sperabam,
1370 4850 1476 4902 duo
1516 4852 1778 4917 praecipue
1812 4867 1893 4903 me
1925 4852 2248 4918 impulerunt
2276 4869 2289 4903 :
2328 4851 2504 4919 operis
2526 4851 2776 4911 brevitas,
2812 4866 2903 4903 seu
2946 4850 3121 4901 verius
3150 4849 3385 4916 ejusdem

247 4929 591 4995 mediocritas,
625 4945 678 4986 et
706 4936 948 4988 codicum
981 4943 1232 5001 praeterea
1286 4935 1593 4987 Grecorum
1631 4950 1738 4985 non
1774 4936 2009 5002 vulgaris
2053 4937 2427 4989 commoditas.
2482 4935 2613 4988 Nam
2652 4944 2841 5004 prieter
2867 4934 3110 5001 praesidia
3134 4972 3145 4993 ,
3178 4949 3296 5000 qua:
3327 4937 3390 4986 ad

245 5030 347 5066 eam
386 5032 492 5067 rem
522 5020 950 5073 subministravit
977 5020 1309 5086 amplissima
1347 5021 1433 5073 illa
1458 5020 1715 5087 principis
1741 5020 1979 5073 Bavarite
2016 5022 2358 5083 bibliotheca,
2390 5022 2645 5087 singulari
2690 5018 2875 5071 favore
2926 5028 2978 5071 et
3022 5020 3387 5072 benevolentia

249 5101 429 5153 nobilis
456 5110 510 5154 et
538 5104 792 5157 senatorii
819 5105 1024 5158 ordinis
1052 5105 1171 5166 viri,
1215 5106 1417 5157 domini
1446 5106 1653 5169 Quirini
1692 5106 2000 5174 Reiiingeri,
2065 5108 2208 5158 aliud
2261 5114 2621 5173 pervetustutn
2659 5104 2929 5172 exemplar
2950 5120 3011 5157 ex
3053 5106 3255 5171 reipub.
3280 5106 3394 5160 Au:

247 5197 467 5245 gustante
490 5185 810 5241 bibliotheca
836 5189 1111 5256 impetravi
1140 5206 1152 5240 :
1185 5191 1325 5255 quod
1356 5205 1483 5243 sane
1509 5191 1795 5258 plurimum
1830 5191 1955 5242 mihi
1982 5192 2228 5242 contulit.
2257 5189 2517 5252 Quamvis
2546 5191 2684 5242 cnim
2710 5192 3048 5257 quaeduealis
3074 5190 3388 5241 biiali0titeca

249 5272 695 5339 suppeditaverat,
727 5275 792 5325 ad
828 5275 898 5336 id,
935 5276 1076 5342 qttod
1111 5276 1467 5337 institueram,
1496 5286 1579 5327 sat
1600 5292 1717 5330 esse
1746 5276 2037 5343 potuerint,
2066 5283 2303 5327 attamen
2342 5278 2687 5343 Augustauus
2708 5277 2873 5331 codex
2908 5276 3085 5327 multis
3119 5274 3246 5326 locis
3272 5289 3394 5341 per-

244 5371 387 5421 quam
424 5372 747 5425 opportunus
788 5361 916 5412 milti
946 5361 1063 5413 fuit.
1108 5360 1343 5413 iiabebat
1373 5372 1546 5413 autem
1585 5363 1629 5415 is
1660 5378 1764 5414 non
1798 5363 2021 5414 Andreae
2062 5362 2426 5425 Ctesaricnsis,
2480 5364 2569 5415 sed
2610 5361 2859 5414 Methodii
2896 5360 3105 5410 titulum
3146 5378 3156 5411 :
3200 5375 3388 5411 verum

252 5440 294 5491 id
323 5446 494 5497 minus
529 5454 690 5507 ret-te,
720 5444 761 5497 si
800 5446 1010 5511 quidem
1040 5448 1405 5499 commentarii
1445 5447 1601 5513 hujus
1634 5448 1978 5510 architectus,
2006 5462 2127 5499 cum
2196 5448 2245 5498 in
2300 5448 2409 5513 ipsa
2443 5447 2748 5513 praefatione
2774 5485 2787 5505 ,
2827 5455 2933 5494 tum
2994 5444 3115 5495 alihi
3163 5460 3392 5511 persaepe

246 5522 556 5581 Sictbotliutn
588 5529 824 5583 nominat
860 5549 870 5582 :
912 5530 1269 5586 nihilominus
1300 5542 1471 5586 tamen
1509 5534 1595 5599 qui
1624 5531 1928 5585 Graecorum
1956 5533 2212 5586 libtorum
2246 5534 2471 5586 indicent
2505 5530 2754 5595 coniecit,
2790 5531 2936 5599 culpa
2972 5532 3189 5584 omnino
3223 5542 3387 5585 caret.
