4088 6332
211 220 306 282 ΞΠ

1122 230 1706 297 COMMENTARIUS
1739 240 1821 299 IN
1861 244 2374 311 APOCALYPSIN.

3243 267 3346 329 218

218 332 391 394 πτύξαι
446 331 540 400 τὴν
571 332 666 384 τοῦ
726 334 984 403 Θεολόγου
1041 337 1290 394 Ἰωάννου
1344 345 1724 415 Ἀποκάλυψιν,
1755 359 1794 410 Α

1830 366 2068 422 rogatus,
2100 369 2153 411 ut
2182 361 2287 414 divi
2313 362 2534 420 Joannis
2574 367 2825 439 Thcologi
2857 373 3210 441 Apocalypsin
3247 397 3340 431 ex-

217 422 297 474 xa‘t
323 421 425 482 τοῖς
461 421 595 492 μετὰ
622 425 720 490 τὴν
744 424 909 492 αὐτῆς
939 426 1201 482 ὀπτασίαν
1237 432 1448 498 χρόνοις
1474 437 1716 504 ἐφαρμό-

222 527 297 561 σαι
329 508 388 559 τά
429 511 889 578 πῳφητευθέντα,
936 517 1046 578 τοὶς
1086 518 1222 587 ὑπὲρ
1270 523 1368 588 ἐμὲ
1409 524 1721 593 ἐγχειρῆσαι

221 596 558 665 ὰνεϐσλόμην·
607 601 761 663 εἰδὼς
807 603 1047 674 μεγάλης
1077 607 1236 659 τοῦτο
1267 605 1406 664 εἶναι
1463 613 1719 678 διανοίας,

222 689 297 739 καὶ
317 684 425 770 [τῷ]
455 687 581 756 θείῳ
630 690 904 760 Πνεύματι
940 698 1374 766 πεφωτισμένης,
1406 701 1509 752 τῶν
1538 719 1722 770 μυστι-

223 773 311 834 κῶς
338 761 439 835 τοῖς
481 776 657 841 ἁγίοις
695 779 1018 855 ἑωραμένων
1055 784 1112 834 έν
1148 761 1223 852 τῶ
1262 761 1504 853 μέλλοντι
1538 761 1718 858 γρόνῳ

226 861 585 932 συμβήσεσθαι,
619 849 888 917 ποιεῖσθαι
916 849 1228 936 ἀνάπτυξιν.
1258 849 1319 925 Εἰ
1348 875 1451 943 γὰρ
1617 849 1718 930 παζ

223 949 361 1002 λαιῶν
387 953 673 1020 προφητῶν
709 956 764 1007 αί
797 955 967 1024 βίϐλοι
1001 959 1104 1011 ὑπὸ
1133 962 1341 1015 πολλῶν
1372 966 1721 1032 ἑρμηνευθεί-

223 1053 317 1102 ut,
344 1040 415 1089 ἔτι
459 1040 517 1090 τὸ
546 1040 709 1108 βάθος
750 1043 856 1094 τῶν
902 1047 959 1096 ἒν
1009 1048 1196 1111 αὐταῖς
1240 1054 1549 1120 μυστηρίων
1588 1053 1718 1122 [τοῖς

223 1127 381 1198 πᾶσιν]
412 1129 620 1197 ἔχουσιν
651 1131 877 1185 ἀθέατον
929 1134 1056 1204 άχρι
1081 1138 1181 1205 τῆς
1231 1141 1439 1209 ἡμέρας
1478 1143 1712 1210 ἐκείνης,

223 1223 268 1270 ὲν
346 1220 433 1288 τῆς
468 1222 698 1291 μερικῆς
725 1228 1169 1295 καταργουμένης
1202 1230 1449 1294 γνώσεως
1479 1235 1510 1301 η
1541 1235 1720 1287 τελεία

223 1307 660 1378 ἁνιιδειχθήσεται⁸
704 1313 902 1383 καίπερ
944 1316 1011 1367 τὰ
1045 1317 1266 1370 πλεῖστα
1317 1323 1443 1384 περὶ
1493 1325 1591 1391 τῆς
1621 1323 1716 1376 τοῦ

223 1397 421 1463 μεγάλου
454 1398 588 1450 Θεοῦ
652 1403 743 1453 καὶ
798 1404 1045 1473 Σωτῆρος
1079 1407 1232 1474 ήμῶν
1267 1409 1486 1478 πρώτης
1525 1413 1718 1479 ἐπιφα-

218 1485 340 1546 νείας
370 1487 691 1555 κηρύξασαι,
735 1493 782 1542 εί
832 1493 926 1543 καί
974 1509 1094 1545 τινα
1143 1497 1350 1560 τούτοις
1399 1501 1595 1568 ἀναμὶξ
1629 1502 1720 1554 καὶ

217 1575 319 1640 περὶ
349 1576 436 1641 τῆς
465 1576 720 1645 δευτέρας
771 1579 933 1630 αὐτοῦ
976 1583 1273 1650 παρουσίας
1318 1588 1678 1654 κατήγγειλαν
1700 1604 1714 1617 °

217 1662 309 1721 πῶς
356 1662 416 1731 άν
445 1679 527 1724 τις
575 1665 635 1715 οὐ
674 1666 944 1736 ,τολμηρὸς
994 1669 1351 1739 δειχθήσεται,
1385 1677 1718 1744 προφητικοῦ
1756 1654 1794 1708 Β

217 1748 297 1814 μὲν
324 1748 576 1816 ἀμέτοχος
628 1750 701 1802 ὣν
734 1752 1067 1823 Πνεύματος,
1101 1759 1360 1828 ἐγχειρῶν
1404 1762 1458 1812 δὲ
1495 1765 1718 1826 ἐκείνοις

213 1830 272 1886 ὧν
294 1836 431 1889 οὔπω
459 1839 520 1890 τὸ
543 1840 696 1904 τέλος
730 1844 1014 1911 τεθέαται;
1050 1849 1190 1901 Ἀλλ’
1219 1853 1338 1902 ἐπεὶ
1369 1853 1581 1923 ὑπακοὴ
1614 1856 1714 1921 μὲν

213 1925 323 1994 ὑπὲρ
347 1927 528 1980 Θυσίαν
560 1931 760 2001 ἀγαθὴ,
791 1936 823 2003 ἡ
851 1935 907 1986 δὲ
953 1938 1102 1999 ἐλπὶς
1137 1940 1196 1990 οὐ
1231 1943 1595 2010 καταισχύνει,
1621 1945 1714 1995 καὶ⁹

211 2012 236 2077 ἡ
274 2013 442 2081 ἀγάπη
472 2015 532 2065 οὑ
578 2017 791 2082 πίπτει,
844 2025 982 2073 κατὰ
1020 2023 1108 2075 τὸν
1156 2025 1505 2079 Ἀπόστολον’
1547 2031 1714 2100 ταύτῃ

212 2102 553 2170 συνδεδεμένος
594 2110 658 2175 τῇ
720 2108 992 2178 θεαρέστῳ
1023 2129 1113 2163 σου
1150 2113 1319 2183 ψυχῇ.
1363 2110 1407 2168 ῶ
1442 2119 1711 2187 Μακάριε,

210 2189 406 2251 ἐλπίζων
442 2209 499 2242 τε
535 2194 604 2244 δι’
632 2196 797 2262 αὐτῆς
825 2198 923 2264 τήν
950 2216 1007 2250 τε
1035 2201 1141 2251 τῶν
1179 2203 1551 2272 ἐλλειμμάτων
1580 2210 1707 2260 άνα·

210 2274 471 2344 πλήρωσιν,
488 2281 581 2332 τόν
600 2299 657 2334 τε
688 2285 783 2351 τῆς
809 2286 1050 2355 ὑπακοῆς
1076 2290 1286 2355 μισθὸν,
1312 2293 1375 2361 ἣν
1401 2292 1542 2362 [τῆς]
1571 2296 1707 2360 ἀγά-

209 2380 291 2433 πης
307 2362 413 2418 οῖδα
448 2370 676 2438 καρπὸν,
725 2373 784 2425 τδ
816 2376 1102 2444 ἐπιταχθὲν
1127 2379 1185 2430 ὲν
1213 2380 1375 2448 ὀλίγῳ
1419 2381 1702 2450 πληρώσω,

210 2455 284 2503 σὺν
305 2455 410 2525 Θεῷ
436 2457 515 2526 τῷ
549 2456 836 2527 σοφίζοντι.

1821 444 2116 510 planarem,
2167 449 2512 521 ejusdemque
2551 459 2798 511 vaticinia
2851 464 3196 529 temporibus.
3232 484 3346 533 qua:

1823 543 1943 600 post
2001 536 2140 588 illam
2190 539 2505 605 patefactam
2556 557 2841 600 consecuta
2877 559 3034 616 sunt,
3078 562 3346 623 utcunque

1820 624 2300 692 accommodarem,
2333 645 2448 694 qua:
2479 632 2675 700 ingenii
2712 638 2812 688 mei
2857 654 3047 692 nervos
3077 643 3337 694 excedere

1823 713 2153 778 videbantur,
2187 718 2398 786 aggredi
2432 723 2688 776 hactenus
2740 726 2822 777 vix
2872 741 2991 780 sum
3047 744 3228 784 ausus.
3262 731 3340 783 ln-

1823 799 2122 868 telligebatn
2149 805 2289 856 enim
2324 810 2570 875 mysteria
2617 812 2744 864 viris
2791 817 2991 867 sanctis
3027 832 3119 882 per
3170 822 3338 872 visum

1820 898 2054 951 ostensa,
2087 906 2204 955 quae
2253 895 2377 946 olim
2432 899 2688 964 explenda
2741 914 3134 969 exspectantur,
3192 925 3340 960 com-

1820 976 1977 1029 modo
1999 979 2287 1044 explicare,
2318 981 2677 1050 intelligentia!
2709 1003 2827 1040 esse
2862 1005 3082 1057 inagnze,
3122 997 3339 1048 mentis-

1819 1079 1923 1131 que
1981 1067 2163 1119 divino
2230 1070 2429 1134 Spiritu
2499 1070 2639 1124 haud
2709 1075 2994 1142 vulguriter
3047 1079 3337 1134 illustrataa.

1820 1153 2106 1206 Enimvero
2134 1155 2178 1208 si
2203 1165 2440 1210 veterum
2476 1162 2850 1228 prophetarum
2895 1166 3037 1225 libri,
3071 1172 3279 1223 tametsi
3312 1176 3360 1224 a'

1817 1257 1978 1309 quam
2006 1243 2247 1310 plurimis
2271 1245 2380 1310 jam
2403 1249 2532 1300 olim
2552 1250 2835 1317 explanati,
2861 1267 3340 1320 sacramentorum,

1816 1342 1936 1394 quae
1961 1330 2011 1380 in
2041 1329 2168 1398 ipsis
2197 1330 2378 1394 latent,
2419 1335 2835 1399 profunditatem
2882 1343 3176 1398 etiannmm
3240 1349 3333 1400 ab-

1817 1415 1980 1470 ditam
2041 1417 2236 1472 habent
2276 1420 2649 1492 habebuntque
2694 1443 2861 1494 usque
2912 1433 2976 1481 ad
3011 1433 3149 1484 diem
3196 1435 3340 1486 illum

1819 1519 1945 1570 quo,
1974 1505 2194 1557 scientia
2232 1521 2350 1573 quae
2380 1522 2444 1561 ex
2504 1521 2655 1577 parte
2694 1524 2792 1576 est,
2820 1517 3106 1581 destructa,
3140 1536 3198 1572 ea
3228 1536 3344 1588 tunc

1820 1591 2050 1656 perfecta
2097 1602 2176 1645 est
2213 1596 2461 1648 succedet
2500 1611 2680 1661 :esto,
2726 1603 2938 1656 interim
2998 1608 3166 1673 major
3223 1610 3341 1660 illo—

1822 1695 1937 1731 rum
1965 1696 2089 1748 pars
2115 1682 2180 1734 de
2203 1683 2375 1749 primo
2403 1689 2577 1756 magni
2613 1689 2700 1741 Dei
2731 1701 2783 1742 ct
2832 1692 3124 1749 Salvatoris
3170 1701 3338 1751 nostri

1817 1768 2043 1820 adventu
2107 1773 2455 1826 concionctur
2502 1777 2645 1841 (nam
2718 1782 2957 1846 quaadam
3022 1800 3230 1852 quoque
3277 1791 3341 1838 de

1816 1858 2052 1907 secundo
2079 1858 2316 1924 ejusdem
2351 1863 2575 1915 adventu
2608 1865 2803 1919 alicubi
2856 1869 3102 1924 interseri
3156 1876 3333 1940 negari

1821 1959 1924 1995 non
1953 1945 2126 2013 debet)
2153 1965 2166 2011 ;
2198 1951 2466 2014 quomodo
2515 1954 2560 2004 is
2602 1955 2771 2006 audax
2805 1972 2909 2009 non
2935 1961 3211 2022 habeatur,
3248 1963 3337 2029 qui

1820 2033 2111 2100 prophetici
2136 2035 2352 2100 spiritus
2377 2052 2584 2100 exsors,
2615 2043 2704 2094 illa
2745 2043 3077 2112 interpretari
3099 2051 3342 2115 aggredi-

1819 2130 1902 2172 tur
1929 2135 2154 2187 quorum
2204 2133 2428 2177 eventus
2480 2127 2703 2180 necdum
2739 2131 2882 2184 clare
2940 2135 3218 2184 cernitur?
3273 2134 3340 2187 At

1816 2207 1939 2273 quia
1962 2208 2317 2261 obedientiam
2349 2212 2579 2266 victimis
2595 2224 2851 2282 praestare
2871 2221 3123 2286 scriptum
3146 2233 3339 2287 exstat,

1813 2309 2040 2361 spesque
2074 2299 2365 2350 secundum
2398 2303 2698 2366 apostolum
2749 2320 2853 2357 non
2907 2309 3205 2372 confundit,
3242 2327 3334 2361 ne-

1812 2400 1914 2451 que
1944 2385 2196 2448 Charitas,
2252 2401 2355 2452 qua
2410 2389 2601 2442 animaa
2633 2401 2735 2443 tuac
2775 2393 2961 2446 intime
3025 2397 3340 2464 conjunctus

1812 2487 1950 2534 sum,
1987 2490 2219 2542 unquam
2252 2476 2470 2538 excidit,
2503 2476 2616 2539 Dei,
2642 2479 2732 2546 qui
2752 2473 3068 2548 sapientiam
3093 2485 3334 2551 largitur,

208 2554 284 2608 Ope
314 2542 492 2609 frctus,
529 2564 722 2605 munus
754 2553 849 2605 abs
889 2559 939 2606 te
970 2555 1100 2607 mihi
1154 2555 1476 2621 injunctum,
1505 2557 1721 2623 Macari,
1761 2571 1816 2612 ut
1844 2569 2030 2628 potero
2075 2563 2291 2635 explere
2343 2565 2598 2616 conabor.
2630 2565 2948 2620 Persuasum
2983 2572 3120 2620 (sitim
3149 2572 3334 2631 habeo,

208 2631 241 2682 si
268 2635 343 2700 qui
370 2637 502 2710 inter
556 2642 1020 2694 commentandum
1092 2645 1330 2699 defectus
1393 2648 1705 2711 acciderint,
1742 2664 1834 2702 eos
1889 2658 1937 2701 te
1968 2664 2063 2716 pro
2089 2634 2175 2702 tua
2209 2651 2473 2703 charitate
2517 2662 2569 2705 et
2619 2657 2915 2708 eruditione
2935 2661 3181 2710 benevole
3211 2673 3336 2710 cor-

211 2733 462 2788 recturum,
519 2729 944 2797 mercedemque,
996 2747 1153 2800 quam
1205 2733 1526 2798 obedientia,
1568 2750 1687 2803 quae
1745 2751 1808 2789 ex
1863 2737 2120 2790 charitate
2174 2739 2364 2800 oritur,
2402 2739 2519 2807 jure
2549 2753 2900 2809 promeretur,
2935 2747 3072 2798 haud
3105 2747 3336 2800 illibera-

209 2811 304 2863 liter
331 2815 738 2879 persoluturum.

263 2898 462 2966 Πρῶτον
490 2902 589 2969 μὲν
615 2903 728 2966 οὖν,
757 2905 831 2965 ὡς
863 2903 1016 2959 οἶσθα
1061 2912 1153 2962 καὶ
1198 2913 1376 2977 αὐτὸς,
1416 2916 1562 2966 πᾶσα
1590 2913 1708 2965 θεό-
1735 2921 1780 2980 c

1878 2910 2114 2965 Primum
2144 2912 2324 2980 igitur,
2353 2922 2410 2967 ut
2442 2921 2496 2967 tu
2552 2914 2664 2982 ipse
2691 2930 2908 2984 quoque
2940 2934 3042 2971 non
3092 2920 3328 2988 ignoras,

208 3000 432 3049 πνιυστος
475 2990 688 3059 Γραφὴ,
721 2994 815 3046 ἆτε
852 3001 1195 3069 τριμερεῖτῷ
1227 3002 1492 3072 ἀνθρώπῳ
1530 3004 1703 3071 ὑπάρ-

205 3089 341 3137 χοντι,
375 3081 637 3162 τριμερὴς
673 3085 735 3134 ἐκ
767 3086 863 3150 εἰς
909 3087 1052 3148 θείας
1106 3089 1394 3159 δεδώρηται
1446 3095 1660 3162 χάριτος
1684 3110 1699 3124 ο

207 3160 282 3208 xz".
322 3165 511 3234 ταύτης
561 3160 671 3220 οἷόν
707 3186 760 3221 τι
796 3173 951 3240 σῶμα
986 3175 1046 3225 τὸ
1098 3177 1329 3247 γράμμα
1379 3181 1471 3232 καὶ
1579 3181 1699 3233 κατ’

203 3250 414 3316 αἴσθησιν
444 3257 646 3325 inopia
671 3260 1004 3331 καθέστηκεν
1024 3283 1035 3294 ·
1065 3267 1223 3318 οἱονεὶ
1251 3268 1305 3318 δὲ
1334 3269 1497 3338 ψυχὴ,
1526 3272 1558 3338 ἠ
1580 3287 1702 3339 τρο-

201 3340 412 3406 πολογία.
453 3344 509 3408 ἐξ
538 3345 806 3414 αἰσθητῶν
851 3351 942 3403 ἐπὶ
969 3352 1035 3404 τὰ
1067 3353 1230 3422 νοητὰ
1265 3355 1570 3424 ποδηγοῦσα
1607 3359 1698 3409 τὸν

199 3427 600 3491 ἀναγινώσκοντα
622 3450 636 3463 °
664 3436 910 3506 καθάπερ
930 3440 987 3491 δὲ
1007 3440 1239 3511 πνεῦμα,
1280 3446 1310 3510 ἡ
1343 3444 1449 3495 τῶν
1478 3445 1701 3512 μελλόν-

197 3531 285 3566 των
313 3520 394 3570 καὶ
429 3520 766 3591 ὑψηλοτέρων
791 3527 1048 3597 ἀναγωγὴ
1073 3533 1167 3581 καὶ
1197 3531 1393 3600 θεωρία
1417 3534 1653 3600 πέφηνεν
1683 3550 1696 3565 ·

196 3603 258 3662 ὡς
279 3604 363 3672 τὴν
393 3607 490 3673 μὲν
547 3611 791 3677 πρώτην,
847 3615 1073 3680 πρέπειν
1103 3619 1214 3679 τοῖς
1248 3620 1310 3669 ὲκ
1343 3618 1480 3686 [τοῦ]
1535 3621 1696 3688 νόμου

196 3694 692 3766 παιδαγωγουμένοις
711 3717 729 3732 ο
761 3702 858 3770 τὴν
894 3704 948 3754 δὲ
967 3704 1242 3774 δευτέραν,
1279 3710 1386 3769 τοῖς
1416 3710 1696 3760 πολιτευο-

197 3780 350 3864 μένοις
383 3785 436 3835 ὲν
463 3786 674 3854 χάριτιο
713 3788 809 3857 τὴν
842 3790 896 3842 δὲ
924 3792 1135 3862 τρίτην,
1158 3795 1222 3862 τῇ
1251 3795 1490 3864 μακαρίᾳ
1527 3795 1694 3863 λήξει,

191 3868 240 3915 ἐν
324 3871 376 3921 τὸ
410 3874 619 3942 πνεῦμα
654 3875 1347 3946 βασιλεύει,ὑποταγέντων
1385 3863 1532 3948 αὐτῷ
1564 3869 1698 3934 πὰνέ

191 3972 281 4006 των
307 3958 403 4010 τῶν
436 3963 706 4030 σαρκικῶν
737 3965 1008 4035 λογισμῶν
1047 3984 1106 4020 τε
1151 3969 1242 4020 καὶ
1274 3974 1556 4040 κινήσεων.
1586 3971 1695 4023 Καὶ

189 4044 240 4093 τὸ
271 4045 358 4110 μιν
393 4049 673 4118 πρότερον,
714 4053 974 4121 ἱστορίαις
1013 4056 1346 4126 πραγμάτων
1387 4058 1486 4127 ἤδη
1533 4075 1692 4125 γεγε-

190 4133 406 4197 νημένων
460 4139 788 4206 ἐφήρμοζεν,
833 4142 881 4192 εί
935 4144 1174 4205 καὶτοῖς
1228 4145 1556 4214 προδρόμοις
1593 4149 1689 4215 τῆς

1809 3001 2056 3053 universa
2077 2999 2350 3068 Scriptura
2376 3002 2629 3054 divinitus
2657 3003 2934 3070 inspirata,
2961 3022 3080 3074 quas
3105 3009 3328 3073 homini,

1803 3090 1892 3158 qui
1922 3106 1983 3143 ex
2016 3091 2188 3145 tribus
2218 3092 2484 3145 distinctis
2509 3094 2746 3158 partibus
2768 3095 3050 3156 canilatnr,
3074 3114 3177 3150 non
3205 3101 3330 3153 abs-

1803 3194 1907 3246 que
1933 3180 2185 3246 singulari
2236 3180 2322 3232 Dei
2362 3182 2620 3234 beneficio
2678 3183 2888 3250 obtigit,
2932 3186 3189 3253 tripartita
3228 3202 3326 3243 est.

1803 3266 1970 3333 llujus
1994 3267 2149 3320 veluti
2173 3281 2368 3334 corpus
2392 3277 2473 3321 est
2493 3268 2689 3331 littera,
2710 3280 3034 3340 externaque
3062 3276 3282 3328 historia
3313 3297 3324 3331 :

1800 3355 1990 3408 Anima
2041 3368 2184 3419 vero,
2227 3357 2520 3424 tropologia
2574 3375 2585 3408 :
2639 3357 2751 3410 haec
2783 3361 2923 3412 enim
2981 3377 3073 3427 per
3105 3379 3167 3416 ea
3212 3379 3330 3431 quae

1801 3443 1902 3497 sub
1938 3459 2152 3498 sensum
2192 3445 2430 3505 veniunt.
2462 3445 2527 3497 ad
2570 3445 2658 3497 illa
2687 3447 2900 3522 deducit
2926 3449 3175 3502 let-torem
3212 3466 3329 3516 qua:
3431 3471 3433 3474 ·

1800 3542 1974 3585 mente
1994 3541 2196 3585 tantum
2226 3533 2660 3598 conspiciuntur:
2695 3534 2926 3599 Spiritus
2949 3547 3122 3588 autem
3153 3539 3323 3588 locum

1799 3633 2052 3685 anagoge,
2084 3621 2184 3670 hoc
2214 3629 2293 3670 est
2319 3634 2492 3671 rerum
2537 3619 2838 3672 futurarum
2857 3623 3269 3689 longissimeque
3295 3640 3323 3675 a

1795 3719 1955 3758 sensu
2011 3708 2301 3772 positarum
2352 3707 2574 3767 theori’a,
2615 3709 2714 3759 sibi
2775 3710 3028 3762 vindicat.
3082 3710 3320 3764 Primum

1794 3807 1960 3861 genus
2017 3793 2069 3844 in
2095 3792 2212 3845 illos
2255 3794 2518 3860 przecipue
2569 3796 2837 3856 convenit,
2873 3811 3099 3862 quorum
3148 3801 3321 3864 paeda-

1795 3897 1958 3950 gogns
1987 3882 2069 3934 lex
2106 3892 2256 3947 erat;
2292 3883 2340 3948 2
2377 3883 2695 3944 secundum,
2730 3885 2781 3934 in
2817 3899 2909 3936 eos
2955 3885 3046 3950 qui
3081 3886 3178 3936 sub
3209 3886 3322 3952 lege

1795 3972 1978 4039 gratiae
2015 3979 2066 4024 et
2101 3971 2381 4025 charitatis
2439 3980 2644 4024 aetatem
2706 3980 2906 4040 agunt;
2970 3973 3204 4037 tertium,
3261 3975 3314 4026 in

1795 4060 2038 4114 homines
2065 4060 2210 4114 vitali
2247 4063 2345 4114 hac
2367 4061 2485 4113 luce
2516 4059 2739 4113 feliciter
2768 4059 3098 4127 perfunctos,
3123 4062 3174 4114 in
3200 4063 3320 4129 qui-

1798 4149 1894 4200 bus
1923 4148 2098 4201 carnis
2127 4162 2285 4200 sensu
2315 4156 2570 4214 motuque
2599 4147 2830 4214 perfecte
2855 4147 2962 4214 jam
3013 4148 3317 4216 subjugato,

189 4218 412 4284 ἀληθείας
435 4224 625 4286 τύποις
647 4228 707 4278 οὐ
741 4229 950 4297 μικρῶς
990 4233 1081 4283 καὶ
1105 4233 1230 4283 αὐτὸ
1256 4231 1565 4304 [πολλαχοῦ]
1597 4251 1687 4286 κε·
1711 4228 1764 4284 Ι)
1789 4251 1794 4285 ε

1810 4234 1933 4286 ιοιυε
1962 4235 2178 4300 spiritus
2217 4250 2435 4302 regnum
2465 4237 2686 4289 obtinet.
2737 4235 2973 4287 Primum
3021 4237 3195 4290 denuo
3231 4254 3313 4290 rc-

189 4307 523 4363 κιλλώπισται
544 4327 559 4341 ο
589 4315 648 4365 τὸ
673 4315 726 4367 δὲ
755 4317 1029 4385 δεύτερον,
1065 4325 1182 4380 ταῖς
1211 4337 1268 4371 τε
1302 4326 1689 4390 παροιμιακαῖς

188 4394 527 4461 παραινέσεσι,
587 4400 678 4452 καὶ
733 4403 940 4471 ἑτέροις
995 4405 1254 4466 τοιούτοις
1301 4408 1692 4470 διδασκαλικῶς

184 4481 373 4546 ῆθεσινο
405 4481 535 4550 οἷον,
570 4489 852 4544 Ἀκανθαι
899 4494 1147 4560 φύονται
1175 4495 1245 4547 ἐν
1283 4497 1429 4562 χειρί
1461 4498 1562 4549 τοῦ
1583 4515 1689 4565 με·

187 4570 345 4624 θύσου
361 4590 374 4601 ·
396 4576 506 4638 καὶ,
534 4578 912 4644 Αισχύνθητι,
935 4583 1085 4649 φησι,
1108 4582 1309 4646 Σιδὼν,
1333 4581 1498 4636 εἶπεν
1521 4585 1558 4650 ἠ
1585 4586 1685 4638 θά-

183 4659 378 4719 .latraa.
410 4666 500 4714 καὶ
529 4665 596 4717 τά
623 4667 829 4730 τούτοις
864 4669 1042 4737 ὅμοια.
1076 4671 1147 4723 Τὸ
1175 4673 1231 4724 δὲ
1265 4675 1464 4739 τρίτον,
1489 4673 1683 4743 δηλαδὴ

183 4744 230 4793 τὺ
266 4753 639 4816 πνευματικδν,
686 4756 743 4806 ὲν
791 4759 858 4826 τῇ
893 4757 1255 4825 ’Δποκαλύψει
1308 4759 1535 4827 μάλιστα
1590 4757 1682 4810 τοῦ

183 4832 408 4901 Θιολόγου
433 4840 622 4908 ἀνδρὸς
649 4842 935 4909 πλεονάζον
966 4848 1297 4916 εὑρίσκεται,
1328 4849 1561 4916 δαψιλῶς
1588 4850 1683 4917 μὲν

185 4922 260 4973 σὺν
276 4925 347 4992 τῷ
378 4929 743 5002 τροπολογικῷ
775 4935 874 5004 ήδη
901 4938 993 4989 καὶ
1019 4937 1095 5006 τῷ
1127 4938 1396 5006 ἱστορικῷ,
1436 4939 1543 4990 κάν
1574 4943 1683 5000 τοῖς

182 5009 326 5075 ἄλλοις
351 5018 653 5085 προφήταις
679 5021 951 5091 ὁρώμενον
975 5041 990 5056 ο
1024 5029 1082 5079 ἐν
1109 5027 1277 5096 τούτῳ
1304 5027 1359 5079 δὲ
1399 5027 1686 5091 πλεονάζον

1794 4334 1912 4371 rum
1941 4319 2141 4372 dudum
2189 4329 2314 4373 ante
2350 4326 2644 4389 gestarum]
2669 4325 3051 4390 expositionem
3085 4327 3318 4392 comple-

1791 4409 1950 4462 ctitur
1975 4423 1989 4471 ;
2015 4408 2112 4460 etsi
2134 4407 2236 4461 hoc
2260 4408 2429 4474 ipsum
2450 4425 2662 4477 quoque
2682 4414 2819 4479 typis
2839 4415 3108 4465 veritatem
3130 4415 3318 4466 adum-

1791 4495 2087 4557 brantibus,
2139 4495 2319 4548 multis
2367 4499 2564 4563 passim
2619 4499 2750 4552 locis
2797 4515 2902 4552 non
2975 4501 3316 4555 mediocriter

1789 4594 2094 4638 exornetur.
2121 4583 2420 4638 Secundum
2443 4626 2458 4650 ,
2491 4589 2911 4655 proverbialibus
2956 4591 3312 4657 paraeuesibus

1790 4673 2175 4742 sententiisque
2199 4675 2491 4730 moralibus
2521 4678 2778 4745 majorem
2826 4689 3029 4747 partem
3078 4689 3309 4738 constat.

1785 4759 2097 4830 Cujusmodi
2130 4762 2267 4816 inter
2295 4773 2514 4819 caeteras
2544 4776 2669 4820 sunt
2699 4769 2812 4821 ista:
2838 4785 2850 4818 :
2886 4768 3060 4835 Spina:
3089 4784 3312 4820 nascun-

1788 4859 1873 4901 tur
1901 4849 1951 4901 in
1976 4866 2130 4902 manu
2161 4851 2452 4905 temulenti'
2481 4870 2495 4918 ;
2525 4853 2797 4919 Erubesce,
2813 4855 2994 4916 Sidon,
3014 4858 3086 4908 ait
3113 4872 3248 4906 mare
3270 4858 3310 4918 ²,

1788 4940 2010 5007 aliaeque
2055 4941 2198 4996 hisce
2240 4943 2463 4996 similes.
2496 4943 2754 5007 Tertium,
2787 4961 2975 5012 nempe
3027 4947 3306 5012 mysticum

1785 5029 1866 5082 vel
1898 5031 2266 5099 anagogicum,
2289 5032 2341 5084 in
2373 5033 2689 5101 Apocalypsi
2713 5030 2935 5085 Joannis
2964 5032 3214 5099 Theologi
3247 5042 3300 5084 et

185 5101 404 5166 μάλιστα,
453 5104 546 5156 ἅτε
610 5112 720 5170 τοῖς
775 5113 1123 5185 τελειοτέροις
1174 5121 1298 5185 περὶ
1337 5118 1436 5187 τὴν
1482 5118 1682 5183 γνῶσιν
1781 5133 1794 5170 :

1815 5120 2006 5186 postoli
2055 5122 2285 5173 maxime
2335 5121 2609 5173 exuberat.
2645 5119 2772 5171 Nam
2831 5122 2949 5172 lietzt
2994 5136 3228 5186 anagoge
3260 5132 3304 5173 eI

181 5187 332 5244 θεόθεν
371 5194 653 5247 κελευσθὲν
678 5198 1109 5267 διαγγέλλεσθαι.
1138 5208 1226 5258 Διὸ
1254 5209 1343 5260 καὶ
1374 5210 1550 5277 ἡμεῖς,
1582 5209 1677 5275 οὐχ
1779 5223 1794 5261 ε

1810 5209 2000 5276 piritus
2025 5210 2181 5262 simul
2210 5226 2327 5264 cum
2349 5212 2565 5264 historia
2597 5221 2649 5263 et
2682 5211 2971 5278 tropologia
2999 5211 3047 5261 in
3079 5210 3304 5263 aliorum

185 5276 235 5340 ὣς
255 5283 313 5334 τὰ
336 5282 470 5353 βάθη
507 5285 887 5356 κατειληφότες
911 5293 1001 5345 τοῦ
1031 5297 1091 5346 ἐν
1121 5295 1266 5365 αὑτῷ
1289 5276 1663 5367 κεκρυμμένου

228 5451 417 5510 ‘Prov.
450 5471 590 5521 xxvi,
621 5458 674 5512 9.
747 5462 766 5490 ¹
788 5459 888 5514 lsa.
927 5479 1076 5530 χχιιι,
1107 5466 1160 5520 ι.

1775 5312 1988 5366 quoque
2016 5299 2392 5367 prophetarum
2446 5298 2596 5352 libris
2638 5296 2943 5365 frequenter
2974 5307 3301 5378 occurrunt,
