4088 6332
137 396 237 458 225
1063 391 1654 450 COMMENTARIUS
1687 392 1765 450 IN
1800 391 2232 451 APOCALYPSI
2245 394 2290 450 Ν
2300 439 2313 452 .
3179 395 3285 458 226

137 510 254 560 altat
276 506 390 564 ταῖς
418 504 710 574 Πατρικαῐς
733 501 932 568 φωναῖς
957 497 1053 567 τὴν
1080 498 1350 568 ἡμετέραν
1373 500 1656 568 ὑπόληψιν·
1691 513 1732 560 ,ι

1691 513 1732 560 ,ι
1763 515 1890 553 seon
1924 500 2318 568 proprietatem,
2375 509 2467 552 aut
2497 500 2650 554 Verbi
2701 501 3115 556 incarnationem
3172 520 3289 571 spe-

135 596 279 661 ἠμεῐς
310 592 364 644 δὲ
394 590 489 642 σὺν
515 589 634 658 Θεῷ
660 588 755 656 τῆς
790 585 1106 646 ἀκολουθίας
1135 584 1408 652 ἐχώμεθα.

1757 598 1926 642 ctant.
1953 588 2235 657 Potestque
2259 591 2358 644 hoc
2393 589 2512 644 inde
2541 606 2752 660 quoque
2779 594 3106 654 conﬁrmari,
3157 597 3294 661 quod

135 687 380 752 hymnum
412 677 780 746 Si-raphieum,
832 689 992 740 quem
1044 673 1318 741 τρισάγιον
1357 675 1647 741 appellant,
1711 678 1798 728 uni
1836 677 1969 730 Filio
1999 678 2048 729 in
2101 678 2398 746 Evangeliis
2455 681 2711 740 tributum
2767 680 3043 749 legamus;
3074 683 3124 736 in
3155 682 3299 737 Pau.

135 775 234 825 lim
281 784 405 824 Vero
459 765 753 830 οοηοίοηθν
803 780 924 834 quae
968 764 1020 817 ili
1087 765 1450 831 apostolorum
1503 767 1650 819 Actis
1703 777 1893 831 exstat,
1949 768 2046 822 soli
2076 768 2294 836 Spiritui
2346 781 2564 834 sancto;
2594 769 2646 821 in
2678 785 2828 823 sacra
2855 779 3029 824 autem
3061 781 3296 824 tremen-

133 863 313 915 dorum
337 858 709 930 mysteriorum
745 854 1032 916 oblatione,
1073 853 1171 905 soli
1202 851 1364 906 Patri.
1393 853 1471 906 Ad
1501 855 1648 906 illum
1692 869 1941 922 namque,
2003 863 2061 906 ut
2108 855 2263 908 beato
2315 853 2610 922 Epiphanio
2649 854 2701 906 in
2742 856 2987 909 oratione
3034 871 3194 924 quam
3227 861 3289 912 de

135 953 328 1019 Spiritu
357 960 543 1008 sancto
571 947 753 1010 edidit,
780 947 972 1013 placet,
1005 944 1266 1012 ejusmodi
1316 945 1674 1012 precationem
1732 945 1965 1014 dirigere
2023 945 2418 998 consuevimus.
2476 944 2648 1012 Atque
2695 945 2808 998 haec
2850 945 3127 1011 hactenus,
3191 964 3297 1014 quo

133 1046 324 1100 certius
374 1049 583 1097 constet
606 1049 843 1093 nostram
897 1036 1282 1104 expositionem
1352 1048 1657 1091 sanctorum
1690 1038 1903 1091 Patrum
1963 1038 2178 1091 vocibus
2225 1047 2379 1106 atque
2440 1039 2715 1092 sententiis
2746 1039 3057 1107 neutiquam
3106 1043 3296 1094 adver-

135 1135 255 1186 sari.
286 1131 386 1185 Se-l
415 1131 479 1183 ad
509 1129 810 1182 institutum
844 1126 1018 1178 denuo
1039 1134 1390 1178 revertamur.

201 1220 283 1284 Τῷ
318 1219 688 1286 ἀγνιπήσαντι
730 1215 886 1283 ἡμᾶς
931 1215 1027 1267 καί
1075 1217 1364 1269 λούσαντι
1392 1214 1544 1282 ἡμᾶς
1595 1215 1661 1268 ἐκ

135 1310 245 1364 τῶν
291 1308 583 1377 ἁμαρτιῶν
613 1306 823 1376 [ἡμῶν]
860 1307 929 1357 ὲν
956 1305 1034 1368 τῷ
1075 1307 1270 1372 αἵματι
1312 1306 1530 1358 αὐτοῦ’
1566 1305 1662 1356 καὶ

135 1400 408 1461 ἐποίησεν
453 1394 607 1464 ἡμᾶς
643 1394 941 1458 βασιλεῖς,
986 1395 1082 1446 καί
1123 1393 1292 1459 ιερεῖς
1319 1392 1396 1456 τῷ
1421 1393 1539 1457 Θεῷ
1567 1394 1662 1444 καί

137 1489 307 1555 Harp!
335 1487 534 1540 αὑτοῦ.
565 1483 733 1548 Αὐτῷ
752 1485 787 1548 ἦ
809 1484 956 1546 δόξα
977 1485 1073 1536 καί
1096 1484 1161 1536 τὸ
1178 1483 1390 1550 κράτος
1413 1486 1497 1549 εὶς
1521 1484 1660 1549 τοὺς

137 1576 343 1642 αιῶνας
374 1575 486 1628 τῶν
515 1575 760 1628 αἰώνων.
797 1573 997 1641 Ἀμήν.

199 1668 400 1734 Τούτῳ,
435 1666 617 1734 φησὶν,
654 1666 686 1733 η
717 1662 841 1728 δόξα
874 1663 1063 1732 πρέπει
1112 1663 1187 1732 τῷ
1214 1663 1278 1715 δι’
1308 1663 1523 1730 ἀγάπην
1552 1662 1659 1715 τῶν

138 1755 340 1824 δεσμῶν
387 1754 478 1806 τοῦ
511 1754 745 1807 θανάτου
779 1754 924 1822 ἡμᾶς
979 1751 1219 1815 λύσαντι,
1264 1753 1356 1803 καὶ
1411 1751 1516 1822 [ἐκ]
1552 1752 1657 1802 τῶν

139 1845 229 1912 τῆς
285 1842 554 1913 ἁμαρτίας
622 1842 855 1912 κηλίδων
917 1842 1167 1893 λούσαντι
1205 1844 1269 1910 τῇ
1321 1839 1656 1908 ὲκχύσειτοῦ

141 1931 389 1993 ζωοποιοῦ
426 1931 654 1999 αἵματος
684 1927 848 1980 αὑτοῦ
878 1932 970 1980 καὶ
1001 1928 1187 1988 ὓδατος
1209 1943 1225 1958 ο
1260 1927 1352 1978 καὶ
1377 1927 1657 1994 ποιήσαντι

141 2026 274 2091 ἡμᾶς
337 2021 601 2089 βασίλειον
655 2020 983 2087 ἱεράτευμα·
1031 2018 1168 2072 ἀντὶ,
1209 2017 1417 2081 ἀλόγων
1465 2015 1661 2066 Θυσιῶν

142 2110 320 2162 θυσίαν
355 2108 528 2172 ζῶσαν
577 2109 678 2179 τὴν
727 2107 949 2176 λογικὴν
1011 2106 1260 2175 λατρείαν
1321 2104 1422 2174 [τῷ
1466 2102 1659 2173 lla-cpi]

143 2200 552 2268 προσφέροντας.

200 2372 354 2426 Ἰδοὺ
387 2373 613 2437 ἔρχεται
636 2371 783 2437 μετὰ
812 2368 928 2420 τῶν
949 2367 1216 2435 νεφελῶν
1243 2383 1253 2396 ·
1283 2367 1374 2418 καὶ
1415 2366 1662 2432 ὄψονται

141 2461 314 2514 αὑτὸν
341 2458 454 2522 πᾶς
481 2457 799 2526 ὀφθαλμὸς,
841 2457 935 2508 καί
982 2457 1197 2518 οἵτινες
1225 2457 1407 2507 αὐτὸν
1434 2453 1663 2516 ἐξεκέν-

148 2566 346 2615 τησαν.
401 2548 498 2600 καὶ
528 2548 811 2613 κόψονται
833 2547 922 2597 ἐπ’
951 2545 1135 2598 αὐτὸν
1171 2531 1353 2598 πᾶσαι
1383 2547 1440 2595 αἱ
1484 2542 1664 2610 φυλαὶ

149 2637 243 2703 τῆς
262 2637 388 2704 τῆς.
424 2635 557 2696 Ναὶ,
589 2633 766 2702 ἁμήν.
1142 2650 1144 2652 ·

216 2728 270 2777 ’0
295 2728 400 2794 γὰρ
442 2721 693 2784 ἐνταῦθα,
741 2721 924 2786 φησὶν,
951 2719 1024 2780 ὡς
1070 2718 1237 2786 ἀμνὸς
1286 2716 1662 2783 σφαγιασοεῖς,

150 2811 292 2882 [ίδὼ]
321 2816 378 2863 ὲν
412 2814 477 2879 τῇ
509 2811 745 2877 πατρικῇ
788 2808 911 2874 δόξῃ
943 2807 1130 2874 κριτὴς
1164 2806 1255 2856 ἐπὶ
1290 2803 1398 2855 τῶν
1430 2803 1664 2870 νεφελῶν

151 2901 410 2951 ἐλεύσεται
428 2915 444 2929 ·
471 2899 579 2949 εἴτε
607 2895 910 2963 ἀσωμάτων
931 2895 1228 2962 νοουμένων
1254 2893 1536 2960 δυνάμεων
1561 2891 1667 2943 τῶν

151 2986 421 3053 νεφελῶν,
455 2987 561 3037 εἴτε
616 2983 752 3054 [καὶ]
787 2982 1038 3036 τοιούτων
1084 2983 1275 3050 οἵαπερ
1320 2981 1476 3034 αὐτὸν
1508 2983 1564 3032 ὲν
1592 2980 1667 3049 τῷ

151 3076 396 3144 Θισωρίῳ
424 3075 537 3142 lipsi.
564 3075 660 3126 σὺν
691 3075 802 3134 τοῖς
854 3071 1025 3139 ἁγίοις
1082 3072 1347 3140 μαθηταῖς
1380 3070 1662 3135 ἐκάλυψεν.

153 3165 455 3233 Ἐρχόμενον
492 3164 548 3215 δὲ
571 3161 731 3214 αὐτὸν
763 3160 899 3230 μετὰ
932 3159 1105 3228 δόξης,
1146 3160 1250 3219 πᾶς
1283 3159 1377 3226 μὲν
1403 3157 1670 3224 ὀφθαλμὸς

153 3259 322 3322 δᾲεται
346 3273 358 3285 ·
391 3257 440 3307 οἱ
470 3255 525 3306 δὲ
579 3255 1024 3323 ὲκκεντήσαντες,
1063 3251 1155 3303 καὶ
1193 3252 1361 3301 πᾶσαι
1421 3253 1473 3300 αἱ
1509 3249 1669 3316 φυλαὶ

156 3347 237 3410 τῆς
265 3347 365 3412 γῆς
400 3345 454 3396 αἱ
481 3346 547 3412 τῇ
597 3342 820 3410 ἀπιστίᾳ.
849 3341 1192 3409 ἑμμείνασαι,
1229 3340 1501 3407 κόψονται.
1535 3339 1666 3401 Ναὶ,

156 3436 319 3501 ἀμὴν,
351 3434 469 3486 ἀντὶ
499 3432 615 3496 τοῦ,
653 3433 865 3493 πάντως
887 3447 903 3462 ο
943 3431 1008 3482 δι’
1039 3424 1098 3481 οὗ
1149 3429 1236 3482 τὸν
1274 3429 1430 3481 αὐτὸν
1458 3427 1578 3479 νοῦν
1605 3429 1670 3495 τῇ

157 3542 204 3576 τε
246 3523 502 3591 Ἑλληνίδι
541 3524 603 3590 τῇ
639 3538 698 3572 τε
744 3520 980 3590 Ἐϐραΐδι
1029 3519 1237 3588 γλώττῃ
1296 3520 1566 3592 ὲσήμανε·
1614 3515 1672 3565 τὸ

157 3616 246 3678 γὰρ
290 3612 485 3679 Ἀμὴν,
519 3629 537 3661 ι
584 3612 792 3676 γένοιτο
826 3629 844 3660 i
875 3609 1256 3679 ἑρμηνεύεται.

1829 1215 1870 1275 I,
1900 1215 1952 1278 5,
1982 1215 2032 1268 6.
2075 1216 2178 1279 Qui
2213 1218 2393 1269 dilexit
2426 1234 2539 1277 nos,
2571 1227 2616 1269 et
2667 1218 2793 1270 lavit
2850 1234 2942 1270 nos
3001 1235 3031 1268 a
3074 1221 3295 1284 peccatis

1760 1307 1950 1358 nostris
1976 1321 2065 1370 per
2113 1307 2414 1372 sanguinem
2454 1322 2601 1358 suum
2635 1321 2652 1356 :
2683 1317 2729 1358 et
2769 1307 2885 1372 fecit
2925 1323 3017 1358 nos
3067 1324 3294 1374 regnum,

1759 1399 1807 1442 et
1833 1393 2121 1443 sacerdotes
2178 1390 2301 1454 Deo,
2328 1401 2375 1442 et
2413 1391 2562 1443 Patri
2596 1407 2706 1443 suo.
2757 1392 2869 1458 Ipsi
2914 1392 3080 1460 gloria
3114 1403 3160 1444 et
3201 1396 3298 1444 iiii-

1760 1479 1961 1544 perium
1988 1479 2041 1529 in
2075 1481 2263 1530 sarcula
2296 1479 2622 1530 swculorum.
2659 1479 2840 1530 Amen.

1821 1651 1994 1713 Illum,
2042 1649 2230 1717 inquit,
2267 1648 2420 1703 decet
2452 1650 2642 1710 honor,
2697 1651 2861 1718 gloria
2890 1663 2941 1705 et
2976 1654 3292 1720 imperium,

1766 1741 1853 1809 qui
1905 1739 2113 1793 ardenti
2150 1741 2410 1794 charitate
2459 1740 2728 1796 incensus.
2773 1758 2866 1795 sua
2908 1754 3075 1797 morte
3134 1762 3298 1812 genus

1760 1838 1996 1883 nostrum
2037 1845 2066 1882 a
2110 1830 2294 1883 mortis
2321 1831 2549 1883 vinculis
2598 1830 2865 1892 liberavit,
2915 1833 3296 1901 sanguinisque

1759 1919 1953 1974 vivilici
1973 1929 2023 1973 et
2045 1935 2194 1989 aqua:
2215 1920 2491 1984 ell‘usione,
2514 1935 2540 1971 a
2565 1930 2903 1987 peccatorum
2925 1924 3172 1976 sordibus
3196 1939 3294 1975 nos

1759 2009 1962 2072 abluit,
2017 2025 2079 2063 ac
2155 2010 2207 2062 in
2267 2010 2469 2077 regium
2535 2009 2892 2063 sacerdotium
2959 2013 3225 2077 cooptavit
3280 2030 3293 2064 :

1760 2098 1954 2164 quippe
2000 2096 2088 2163 qui
2143 2097 2415 2148 hriitaruin
2483 2095 2822 2147 victimarum
2857 2096 2996 2157 loco,
3066 2098 3292 2151 hostiam

1762 2185 1931 2236 vivam
1959 2184 2266 2250 cultumque
2298 2191 2439 2235 certa
2471 2183 2675 2234 ratione
2707 2190 3062 2243 constantem,
3107 2184 3209 2236 Deo
3240 2202 3292 2235 et

1761 2273 1902 2326 Patri
1942 2273 2047 2339 jam
2088 2286 2229 2324 nunc
2260 2271 2568 2324 olferamus.

1829 2358 1866 2422 l,
1899 2359 1949 2411 7.
1985 2358 2116 2411 Ecce
2134 2359 2264 2409 venit
2287 2373 2402 2408 cum
2436 2357 2675 2417 nubibus,
2700 2369 2743 2410 et
2778 2356 2961 2409 videbit
2984 2376 3098 2409 eum
3128 2361 3293 2411 omnis

1761 2449 1961 2507 oculus,
1991 2457 2038 2499 et
2068 2448 2154 2514 qui
2191 2462 2308 2498 eum
2359 2458 2706 2513 pupugerunt.
2750 2444 2811 2496 Et
2858 2447 3098 2515 plangcnt
3145 2464 3299 2515 super

1762 2553 1876 2589 eum
1913 2552 2083 2588 omnes
2111 2536 2272 2588 tribus
2307 2545 2459 2588 terra:
2487 2551 2503 2588 :
2529 2533 2725 2598 Etiam,
2754 2535 2932 2586 Amen.

1831 2709 1932 2772 Qui
1980 2708 2064 2760 hic
2096 2706 2212 2775 (ait)
2262 2706 2422 2760 veluti
2460 2721 2629 2774 agnus
2665 2704 2763 2758 fuit
2804 2703 3096 2772 iugulatus,
3127 2707 3170 2758 is
3204 2724 3293 2775 pa-

1765 2806 1908 2850 terna
1950 2796 2116 2862 gloria
2143 2804 2196 2848 et
2238 2796 2512 2861 majestate
2550 2803 2860 2854 exornatus,
2888 2793 3055 2847 Judex
3086 2797 3210 2848 olim
3247 2799 3295 2848 in

1763 2883 1995 2937 nubibus
2019 2891 2097 2935 est
2137 2891 2394 2935 venturus
2435 2897 2448 2932 :
2494 2879 2603 2933 sive
2661 2879 2870 2931 nubium
2925 2884 3180 2934 vocabulo
3211 2900 3298 2936 ra-

1765 2973 1994 3025 diantem
2025 2972 2272 3024 virtutum
2316 2969 2556 3034 corporis
2612 2970 2907 3036 expertium
2966 2971 3296 3036 Splendorcm

1769 3060 1997 3129 accipias
2043 3078 2056 3111 :
2095 3061 2206 3113 sive
2245 3059 2410 3111 nubes
2453 3057 2735 3127 ejusmodi,
2791 3057 3091 3124 cujusmodi
3125 3060 3293 3126 ipsum

1776 3165 1879 3203 una
1909 3164 2029 3202 cuin
2059 3147 2337 3215 discipulis
2385 3147 2437 3198 in
2490 3156 2668 3197 monte
2695 3143 2907 3198 Tliabor
2943 3161 3215 3212 operuere.
3261 3148 3298 3198 Ε

1775 3238 1908 3291 ςωΙο
1941 3250 2096 3302 porro
2119 3249 2240 3287 cum
2276 3233 2445 3302 gloria
2487 3241 2538 3285 et
2588 3233 2863 3300 majestate
2890 3231 3295 3285 descendentem

1770 3327 1943 3381 omnis
1970 3325 2178 3393 quidem
2205 3322 2392 3376 oculus
2421 3321 2853 3388 conspicabitur;
2893 3321 2927 3372 ii
2958 3331 3134 3372 autem
3175 3320 3298 3378 soli,

1771 3417 1860 3485 qui
1893 3414 2038 3466 illum
2067 3417 2431 3477 pupugerunt,
2480 3423 2658 3474 eaeque
2697 3409 2865 3460 tiibus
2909 3417 3079 3470 terra,
3107 3422 3221 3474 quae
3250 3407 3298 3454 in

1773 3503 1989 3574 pertldia
2014 3501 2077 3552 ad
2110 3500 2269 3550 linem
2317 3510 2485 3563 usque
2535 3497 2832 3564 perstitere,
2865 3497 3115 3562 plangent
3141 3503 3193 3546 et
3224 3494 3299 3544 l.i-

1775 3593 2153 3648 mcntahuntur
2186 3601 2346 3653 super
2389 3599 2533 3638 eum.
2591 3582 2708 3644 Nic,
2731 3586 2912 3648 Amen,
2941 3584 3042 3637 hoc
3087 3594 3189 3642 est,
3226 3583 3294 3632 ita

124 3673 292 3766 'plane
323 3673 557 3755 futurum
587 3673 700 3764 est;
734 3673 1141 3767 siquidein‘vai,
1176 3695 1481 3750 hominibus
1512 3692 1708 3745 Graecis
1759 3688 1891 3738 idem
1948 3693 2168 3750 prorsus
2233 3682 2387 3729 sonat
2444 3676 2584 3742 quod
2639 3673 2869 3727 llebrmis
2929 3675 3108 3726 Amen.
3142 3673 3299 3725 Amen

159 3802 316 3844 autem
349 3792 776 3856 interpretatum,
812 3788 950 3840 idem
995 3788 1268 3839 hominum
1296 3784 1456 3837 menti
1488 3783 1662 3840 ollci-t,
1692 3775 1830 3843 quod
1865 3770 2010 3832 Fiat,
2036 3768 2115 3856 vel
2148 3767 2334 3818 Ratun:
2366 3773 2496 3818 esto.

214 3879 353 3946 Ἐγώ
377 3881 490 3945 ειμι
510 3878 573 3930 τὸ
598 3893 636 3928 a
657 3875 752 3927 καί
774 3875 836 3928 τὸ
853 3892 915 3937 ω,
931 3873 1016 3942 [ἡ]
1047 3874 1199 3941 ἀρχὴ
1219 3873 1312 3925 καὶ
1336 3870 1446 3941 [τὸ]
1475 3870 1660 3930 τέλος,

157 3969 298 4035 ,λέγει
329 3969 535 4033 Κύριος
565 3968 598 4019 ό
624 3966 783 4029 Θεὸς,
808 3967 840 4017 ό
861 3962 962 4027 ὢν,
1000 3962 1095 4015 καὶ
1128 3965 1159 4014 ό
1188 3958 1284 4030 ἦν,
1315 3957 1426 4012 καί
1448 3963 1479 4012 ὀ
1501 3960 1656 4025 ἐρχόο

155 4075 333 4125 μενος,
365 4056 443 4123 [ὁ]
467 4053 897 4119 παντοκράτωρ.

222 4150 288 4200 Τὸ
309 4148 386 4211 δὲ,
416 4145 561 4213 Ἐγώ
598 4146 710 4211 ειμι
767 4144 830 4195 τὸ
881 4157 919 4193 a
949 4140 1044 4193 καὶ
1071 4141 1136 4191 τὸ
1167 4157 1228 4200 ω,
1257 4138 1284 4189 ὁ
1319 4135 1547 4206 Χριστὸς
1583 4135 1666 4184 ὲν-

160 4237 311 4288 ταῦθα
338 4234 586 4304 δηλοῦται
610 4248 623 4262 ⁸
659 4234 752 4285 ἅτε
781 4231 908 4291 Θεὸς
939 4231 1041 4280 καὶ·
1060 4228 1274 4297 κρατῶν
1293 4227 1397 4278 τῶν
1430 4227 1662 4281 πάντων,

161 4327 371 4393 ἄναρχος
423 4340 480 4375 τε
512 4321 645 4392 ὁμοῦ
672 4321 766 4373 καὶ
814 4318 1182 4384 ἀτελεύτητος,
1213 4315 1287 4367 ὣν
1339 4315 1429 4367 καὶ
1467 4310 1664 4380 προὼν,

1831 3862 1886 3928 6
1931 3855 2173 3923 1,8.Ego
2228 3869 2337 3904 sum
2382 3852 2535 3914 atplia
2571 3860 2616 3901 et
2656 3865 2853 3916 oniega,
2904 3850 3206 3914 principium
3255 3856 3302 3898 et

1764 3950 1880 4016 [iiiis
1899 3961 1916 3998 .'
1935 3946 2055 3997 dicit
2082 3942 2329 3993 Dominus
2367 3939 2522 3997 Deus,
2585 3938 2672 4003 qui
2720 3946 2815 3996 est,
2852 3944 2900 3986 et
2951 3937 3039 4000 qui
3074 3943 3217 3992 erat,
3255 3945 3302 3987 et

1764 4039 1848 4107 qui
1897 4046 2134 4088 venturus
2157 4040 2248 4094 est,
2275 4030 2605 4095 omnipotens.

1846 4123 1940 4175 llic
1972 4124 2116 4174 locus
2143 4118 2418 4186 perspicue
2452 4116 2723 4167 Christum
2754 4110 3015 4176 designat,
3057 4117 3112 4160 ut
3137 4109 3225 4175 qui
3250 4119 3300 4162 et

1776 4214 1913 4267 Deus
1941 4212 2182 4270 exsistat,
2217 4216 2269 4261 et
2299 4205 2600 4259 absolutum
2638 4204 2687 4254 in
2720 4215 2905 4255 omnes
2959 4199 3295 4251 dominatum

1773 4304 2028 4366 obtineat,
2058 4310 2111 4355 et
2144 4298 2318 4352 omnis
2360 4293 2606 4364 principii
2655 4307 2718 4345 ac
2765 4291 2884 4343 linis
2917 4303 3108 4356 expers
3139 4290 3295 4340 vivat.

162 4381 432 4481 xxi-viiii“
488 4381 584 4464 οὐκ
617 4409 773 4478 ἔχων,
804 4409 877 4470 ὼς
912 4407 996 4476 ¹τῷ
1034 4381 1205 4473 Ilath
1246 4403 1539 4462 auva‘i6tog'
1573 4402 1664 4450 καὶ
1701 4393 1740 4441 ῐ)
1769 4399 1776 4438 4

1701 4393 1740 4441 ι)
1769 4391 1867 4454 Qui
1903 4391 2038 4442 idem
2062 4389 2219 4440 etiam
2254 4395 2353 4446 est,
2389 4395 2437 4437 et
2468 4391 2602 4446 erat,
2628 4391 2676 4435 et
2710 4381 2864 4433 linem
2916 4381 3144 4446 ignorat.
3175 4393 3283 4444 per-

161 4503 231 4552 ea
255 4501 409 4553 τοῦτο
443 4498 733 4552 ἀποδώσων
761 4497 971 4563 ἑκάστῳ
1005 4497 1109 4546 τῶν
1161 4491 1562 4558 πεπραγμένων
1606 4488 1671 4538 τὰ

163 4592 409 4658 ίπίχειρα.

216 4764 357 4829 Ἐγὼ
390 4762 653 4826 Ἰωάννης
680 4761 711 4812 ὁ
748 4758 1005 4826 ἀδελφὸς
1033 4754 1198 4822 ὑμῶν
1228 4753 1321 4805 καὶ
1348 4764 1668 4816 συγκοινω-

164 4851 249 4912 νὲς
285 4852 351 4902 ἐν
380 4849 451 4915 τῇ
492 4852 688 4916 auem
732 4849 826 4900 καί
855 4847 943 4916 [ἐν
971 4844 1064 4914 τῇ]
1092 4843 1369 4906 βασιλείᾳ
1398 4838 1488 4889 καὶ
1524 4839 1667 4887 ὐπο-

163 4937 294 5003 μονῇ
345 4938 545 5000 Ἰησοῦ
593 4935 862 5002 Χριστοῦ,
897 4935 1181 5001 ἐγενόμην
1215 4931 1281 4980 ἐν
1311 4924 1380 4992 τῇ
1411 4924 1574 4988 νήσῳ
1601 4921 1669 4987 τιῙ

167 5026 479 5091 καλουμένῃ
513 5024 739 5091 Πάτμῳ,
778 5024 871 5075 διὰ
905 5024 1007 5074 τὸν
1034 5023 1215 5084 λόγον
1259 5016 1358 5067 τοῦ
1387 5011 1529 5064 Θεοῦ
1574 5011 1667 5063 καὶ

169 5114 285 5185 idib]
314 5115 428 5178 τὴν
453 5114 774 5179 μαρτυρίαν
801 5111 998 5177 Ἰησοῦ
1029 5103 1344 5179 [Χριστοῦι.

232 5201 360 5266 Ἐγὼ
397 5201 471 5261 δὲ,
495 5200 587 5249 ita
617 5198 857 5265 ἀδελφὸς,
890 5197 1070 5266 φησὶν,
1114 5193 1261 5259 ὑμῶν
1294 5189 1389 5250 ὢν,
1424 5189 1516 5240 καὶ
1542 5203 1671 5254 συγ-

168 5294 394 5352 κοινωνὸς
423 5292 478 5340 ἐν
507 5291 622 5348 ταῖς
663 5288 746 5339 διὰ
778 5285 1005 5354 Χριστὸν
1057 5282 1315 5348 ολίψεσιν,
1359 5278 1578 5337 εἰκότως
1612 5278 1671 5327 τὸ

168 5385 453 5444 ἀξιόπιστον
486 5380 612 5446 παρ’
643 5378 768 5445 ὑμῖν
799 5377 1070 5442 κέκτημαι
1095 5386 1108 5401 ⁸
1141 5369 1227 5421 διὰ
1257 5370 1362 5436 γὰρ
1396 5368 1492 5435 τὴν
1537 5383 1671 5435 μαρ-

169 5473 331 5538 τνρίαν
372 5467 564 5537 Ἰησοῦ,
598 5467 810 5533 Ιιάτμον
841 5466 1005 5514 οἰκεῖν
1057 5461 1154 5527 τὴν
1188 5460 1345 5527 νῆσον
1380 5457 1670 5510 καταδικα-

173 5562 314 5623 σθεὶς,
370 5557 690 5626 ἀπαγγέλλω
739 5557 862 5624 ὑμῖν
904 5553 969 5606 τὰ
997 5551 1273 5622 ἑωραμένα
1304 5566 1390 5617 μοι
1433 5550 1487 5600 ὲν
1537 5550 1666 5616 αὐτῇ

173 5653 435 5720 μυστήρια.

1772 4480 1996 4544 indeque
2074 4485 2229 4539 atque
2291 4476 2446 4527 Pater
2493 4486 2605 4523 aevo
2656 4469 2977 4536 sempiterno
3027 4468 3203 4526 durat,
3251 4475 3295 4517 et

1769 4568 2058 4632 unicuique
2086 4565 2211 4614 olim
2241 4577 2334 4628 pro
2364 4575 2581 4626 Operuin
2619 4574 2831 4610 suorum
2857 4557 3062 4607 ratione
3082 4567 3133 4607 et
3165 4571 3293 4622 qua-

1772 4656 1936 4715 litate,
1967 4651 2045 4702 vel
2083 4642 2303 4717 przeinia'
2353 4647 2608 4708 exsolvet,
2647 4654 2739 4697 aut
2789 4642 3047 4710 supplicia
3091 4643 3296 4695 iiileret.

1839 4742 1878 4804 Ι,
1927 4741 1979 4793 9.
2015 4738 2122 4806 Ego
2166 4738 2392 4789 Joannes
2435 4739 2595 4804 frater
2632 4744 2807 4795 vester,
2856 4743 2902 4785 et
2954 4733 3210 4807 particeps
3253 4734 3300 4782 in

1777 4831 2111 4884 tribulatione
2150 4839 2196 4881 et
2237 4844 2409 4895 regno,
2455 4838 2502 4879 et
2541 4827 2791 4892 patientia
2839 4826 2887 4874 in
2937 4824 3138 4876 Christo
3159 4821 3299 4874 ,σε-δυ.

1775 4922 1851 4988 [iii
1891 4923 1941 4973 in
1976 4921 2148 4972 insuto
2191 4934 2304 4983 qua:
2344 4917 2636 4983 appellatur
2682 4913 2918 4976 Pa’tmos,
2950 4924 3154 4979 propter
3193 4930 3270 4965 rer

1774 5011 1890 5062 bum
1917 5010 2026 5073 Dei,
2057 5018 2104 5061 et
2140 5007 2488 5061 testimonium
2516 5004 2663 5056 Iesu.

1839 5186 2060 5253 Quando
2096 5184 2308 5252 (inquit)
2363 5191 2416 5235 et
2470 5188 2642 5234 vester
2687 5180 2865 5238 frater,
2900 5193 2951 5229 et
3001 5186 3294 5228 vestrarum

1769 5279 2112 5332 alilictionuiu
2155 5275 2332 5327 socius
2368 5287 2506 5330 sum.
2541 5270 2729 5323 merito
2760 5267 2896 5333 apud
2932 5279 3024 5317 vos
3061 5263 3210 5314 tidem
3246 5270 3294 5311 et

1770 5367 2139 5421 auctoritatem
2165 5364 2403 5414 obtinere
2428 5361 2611 5413 debeo.
2639 5358 2768 5410 Nam
2821 5363 3030 5421 propter
3060 5351 3288 5402 testimo-

1771 5461 1915 5513 nium
1946 5456 2069 5510 Jesu
2093 5454 2287 5508 Christi
2317 5454 2378 5506 ad
2409 5451 2635 5505 insulam
2665 5448 2883 5499 Patmou
2927 5443 3201 5508 relegatus.
3245 5453 3292 5492 et

1770 5558 1826 5599 ut
1858 5546 1925 5598 ibi
1981 5554 2184 5597 aetatem
2241 5556 2472 5608 agerem,
2516 5537 2915 5591 condemnatus,
2951 5532 3198 5597 mysteria
3244 5541 3296 5583 et

1772 5649 1964 5690 arcana
2001 5647 2116 5700 qua:
2148 5632 2199 5684 in
2241 5631 2332 5682 illa
2368 5627 2496 5690 vidi,
2527 5625 2676 5677 vobis
2703 5621 2978 5675 denuntio.
