4088 6332
217 309 297 369 233
1115 295 1702 355 COMMENTARIUS
1741 294 1818 352 IN
1861 294 2377 353 APOCALYPSIN.

3242 287 3340 346 234

215 423 324 486 ear-.0
348 433 360 447 ο
398 415 525 484 πρὸς
579 414 632 464 δὲ
668 413 856 481 τούτῳ,
885 414 964 464 ὅτι
1005 413 1097 464 καὶ
1124 415 1190 465 τὰ
1232 415 1364 483 ἔργα
1391 413 1495 466 τῶν
1526 416 1715 483 αἰσχρ-
1743 428 1786 481 Α

1826 425 1914 479 pro
1964 407 2218 478 apostolis
2256 419 2314 459 se
2358 401 2726 463 venditabant,
2763 399 3040 467 diligenter
3091 397 3346 463 iuquirat,

216 505 390 574 ουργῶν
443 502 774 555 Νικολαϊτῶν
820 501 1139 570 μεμίσηκεν.
1209 502 1589 570 Ἐπεμέμψατο
1645 502 1721 566 δὲ,

1821 503 2089 569 falsosque
2136 506 2434 563 compertos
2486 493 2776 560 prudenter
2837 487 3098 556 repudiet.
3149 485 3355 538 Laudat

215 601 277 649 ὅτι
317 595 404 663 τὴν
455 592 589 662 πρὸς
647 593 736 642 τὸν
794 591 1016 658 πλησέον
1075 592 1290 659 ἀγάπην
1330 592 1422 644 καὶ
1477 591 1721 643 εὐποιίαν

1826 589 2031 643 tandem
2057 586 2196 654 quod
2231 584 2438 650 impura
2472 580 2856 633 Nicolaitarum
2889 592 3050 645 opera
3081 584 3354 628 arersrtur

218 685 391 752 ἑχλῐανε
420 699 431 711 ·
468 679 602 750 πρὸς
630 681 698 748 ἣν
738 680 903 746 αὐτὴν
938 678 1142 749 [πάλιν]
1175 681 1262 732 διὰ
1307 682 1413 733 τῶν
1449 682 1570 748 ἑξῆς
1628 683 1719 732 ἁν-

222 773 502 824 εκαλέσατοθ
527 770 593 821 δι’
616 764 690 821 ὧν
721 786 852 838 φησι
884 785 899 800 ο
934 770 1006 822 Τὰ
1039 767 1235 836 πρῶτα
1265 770 1407 836 ἔργα
1437 771 1716 837 ποίησον.

1816 679 2102 747 palamque
2140 675 2452 729 detestetur.
2490 670 2557 723 At
2583 683 2709 722 vero
2749 667 2891 735 quod
2939 666 3166 734 primam
3227 663 3358 716 dile-

1816 769 2073 828 ctionem,
2117 764 2433 830 solitamque
2494 774 2615 827 erga
2683 772 2878 826 egenos
2957 752 3356 808 beneﬁcentiam

219 861 488 920 remissius,
517 874 680 926 quam
713 875 808 928 par
836 867 971 922 erat,
992 867 1287 920 exerceret,
1313 858 1363 912 id
1384 858 1514 912 vitio
1543 859 1702 912 vertit
1734 875 1746 910 :
1785 858 1851 910 ad
1879 871 2036 925 quam
2095 853 2318 922 proinde
2360 851 2501 904 illam
2529 849 2704 903 denuo
2751 859 3003 899 revocare
3042 841 3312 897 contendit
3345 857 3358 893 :

220 952 300 1002 huc
331 964 550 1016 namque
605 948 835 1018 pertinet
891 944 1240 999 comminatio
1281 961 1444 1014 quant
1502 961 1622 999 mox
1650 943 1951 1013 subiungit,
2023 951 2075 994 et
2124 940 2280 994 verba
2333 939 2460 993 illa:
2493 939 2596 1005 Age
2663 934 3041 1003 ρωηὶιεηιὶαηι,
3104 943 3151 984 et
3192 933 3361 998 prima

218 1055 344 1106 opera
369 1041 550 1108 facito.

268 1135 324 1185 Et
351 1133 412 1183 δὲ
445 1132 552 1199 μὴ,
588 1131 832 1200 ἔρχομαί
867 1144 967 1183 σοι
1001 1130 1170 1198 ταχὺ,
1201 1131 1300 1183 καὶ
1348 1131 1572 1193 κινήσω
1615 1133 1727 1196 τὴν

219 1225 445 1290 λυχνίαν
471 1236 586 1274 σου
618 1221 709 1291 [ἐκ
738 1221 842 1274 τοῦ
881 1222 1064 1274 τόπου
1117 1221 1346 1292 αὺτῆς],
1376 1222 1482 1274 ἐὰν
1517 1221 1602 1289 μὴ
1627 1239 1731 1289 με·

222 1312 507 1377 τιινοήσῃς.
559 1309 734 1362 Ἀλλὰ
771 1309 950 1362 τοῦτο
977 1309 1134 1376 ἔχεις
1163 1311 1250 1364 ὅτι
1277 1311 1471 1379 μισεῖς
1503 1310 1572 1362 τὰ
1596 1311 1735 1379 ἔργα

221 1400 314 1454 τῶν
338 1400 718 1461 Νικολαϊτῶν,
750 1400 788 1453 ἅ
823 1400 980 1467 κάγὼ
998 1400 1176 1469 μισῶ.

289 1509 499 1577 Κίνησις
553 1508 634 1579 [δὲ
672 1510 770 1577 τῆς
797 1508 1038 1576 λυχνίας,
1071 1509 1188 1578 ἧτοι
1237 1510 1357 1580 τῆς]
1412 1509 1729 1577 Ἐκκλησίας

221 1598 363 1663 ἐστὶν,
398 1601 431 1668 ἡ
482 1598 578 1659 τῆς
622 1598 771 1661 οεξας
808 1599 1024 1668 χάριτος
1066 1602 1337 1668 γύμνωσις
1367 1616 1383 1633 ·
1421 1600 1487 1653 δι’
1516 1597 1581 1668 ἧς
1617 1599 1733 1671 [γυο

224 1685 468 1756 μνώσεως]
501 1689 558 1738 ἐν
591 1688 733 1754 σάλῳ
770 1688 860 1738 καὶ
888 1687 1124 1740 κλύδωνι
1148 1689 1249 1740 ὑπὸ
1281 1687 1386 1741 τῶν
1414 1692 1510 1758 τῆς
1563 1707 1728 1758 πονη-
1765 1671 1804 1726 Β

224 1777 322 1845 pla;
356 1776 674 1845 πνευμάτων
705 1776 796 1828 καὶ
825 1778 930 1827 τῶν
968 1778 1382 1846 ὑπουργούντων
1420 1779 1599 1840 αὐτοῖς
1629 1795 1728 1831 πο-

224 1862 377 1930 νηρῶν
424 1861 723 1929 ἀνθρώπων
775 1862 1115 1916 καθίσταται.
1155 1864 1309 1925 Τινὲς
1366 1864 1422 1916 δὲ
1485 1865 1582 1932 τὴν
1635 1864 1732 1932 τῆς

224 1951 412 2018 λυχνίας
447 1951 682 2017 κίνησιν,
712 1951 802 2001 τὸν
826 1953 1200 2019 ἀρχιερατικὸν
1233 1953 1329 2020 τῆς
1356 1952 1579 2021 Ἐφέσου
1612 1954 1735 2023 θρό-

226 2056 314 2103 νον,
337 2040 403 2102 ὠς
434 2041 490 2091 ὲν
521 2043 586 2109 τῇ
626 2040 851 2106 βασιλίδι
876 2040 1254 2108 μετατεθέντα,
1280 2042 1535 2109 ἐνόησαν.
1576 2044 1655 2095 Τὰ
1683 2043 1738 2093 δὲ

225 2130 337 2196 ἔργα
377 2129 479 2180 τῶν
508 2129 860 2191 Νικολαϊτῶν,
885 2130 1029 2191 ὅπως
1071 2130 1180 2183 εἰσὶ
1208 2132 1286 2199 τῷ
1331 2131 1450 2198 Θεῷ
1507 2131 1732 2198 μισητὰ,

226 2219 432 2284 ἐντυχών
462 2233 543 2278 τις
587 2220 652 2286 τῇ
699 2217 925 2286 βδελυρᾷ
961 2216 1139 2269 αὐτῶν
1189 2218 1416 2286 αἱρέσει,
1448 2218 1730 2285 γνώσεται.

1901 1127 1971 1190 ll,
2011 1127 2062 1191 5,
2100 1125 2151 1179 ϐ.
2189 1125 2284 1180 Sin
2348 1135 2540 1186 autem,
2596 1123 2795 1176 veniam
2848 1121 2940 1172 tibi
3013 1121 3209 1180 cito,rt
3252 1135 3362 1171 mo-

1830 1221 1946 1274 t'ebo
1984 1217 2353 1272 candelabrum
2400 1226 2544 1268 tuum
2584 1215 2645 1266 de
2675 1215 2783 1267 loco
2825 1229 2941 1274 suo,
2987 1212 3085 1263 nisi
3119 1213 3367 1278 pwnitcn-

1830 1312 1956 1363 tiam
1977 1311 2158 1378 egeris.
2199 1307 2298 1362 Sed
2320 1308 2412 1359 hoc
2457 1307 2633 1370 habes,
2664 1307 2785 1374 quia
2811 1303 2966 1356 odisti
2999 1303 3144 1370 facta
3199 1300 3365 1353 Nico-

1826 1399 2109 1458 laitarum;
2137 1412 2258 1464 q-nrt'
2285 1406 2332 1448 et
2361 1411 2452 1463 ego
2474 1395 2579 1447 odi.

1895 1505 2182 1559 Ecclesium
2204 1505 2314 1558 loco
2337 1505 2524 1558 moveri
2556 1503 2692 1556 haud
2721 1502 3058 1555 incommode
3087 1503 3366 1565 asscritur,

1828 1611 1950 1652 cum
1993 1595 2172 1651 divina
2225 1595 2396 1664 gratia
2447 1594 2746 1648 denudatur
2779 1611 2790 1644 :
2819 1593 3082 1660 siquidem
3130 1605 3235 1645 uno
3266 1591 3368 1643 hoc

1839 1688 2022 1758 gratia:
2079 1686 2328 1755 prmsidio
2374 1685 2650 1746 destituta,
2709 1698 2802 1750 per
2846 1682 3098 1750 nequitia:
3149 1681 3368 1749 spiritus

1835 1779 2189 1846 hominesque
2260 1777 2570 1841 sceleratos,
2625 1775 2856 1829 efﬁcacia
2904 1774 3210 1828 eorumdem
3259 1774 3368 1840 spi-

1835 1867 2036 1920 rituum
2071 1880 2269 1934 organa
2303 1876 2350 1919 et
2382 1865 2749 1928 administros,
2791 1864 2842 1917 in
2881 1863 3051 1917 [cedes
3093 1862 3284 1915 ﬂuctus
3316 1871 3370 1915 et

1832 1964 2175 2025 tempestates
2201 1954 2357 2008 facile
2389 1954 2696 2021 conjicitur.
2727 1953 2860 2006 Sunt
2893 1954 3247 2005 nihilominus
3277 1952 3367 2018 qui

1832 2061 1925 2112 per
1957 2044 2256 2098 candelabri
2290 2044 2569 2096 motionem
2621 2043 2766 2098 sedis
2810 2041 3110 2111 poutilicim,
3145 2056 3265 2109 qua:
3312 2043 3366 2094 in
3431 2095 3438 2103 ,

1833 2135 2097 2205 Ephesina
2129 2135 2344 2188 civitate
2374 2132 2642 2201 quondam
2681 2133 2943 2196 exstabat,
2975 2133 3028 2185 in
3055 2128 3253 2199 iegiam
3287 2133 3367 2185 ci-

1832 2219 2048 2272 vitatem
2101 2219 2507 2273 translationem
2549 2220 2869 2287 intelligant.
2905 2219 3167 2273 Caeterum
3200 2236 3358 2287 quam

227 2306 428 2359 obscena
455 2305 670 2372 Deoque
707 2319 868 2359 exosa
894 2302 1272 2376 Nicolaitarum
1323 2305 1524 2360 iuerint
1588 2320 1773 2373 opera,
1843 2305 1974 2361 illud
2023 2305 2215 2359 diversi
2260 2307 2631 2360 commentarii
2677 2307 2742 2361 de
2778 2308 3090 2361 exsecrabili
3160 2308 3368 2363 illorum

230 2394 391 2446 haeresi
432 2393 633 2446 dudum
683 2400 806 2445 ante
846 2391 994 2455 editi,
1039 2391 1334 2446 meridiana
1383 2395 1500 2448 luce
1539 2394 1736 2447 clarius
1779 2393 2086 2448 ostendunt.

294 2486 342 2536 '0
372 2485 522 2552 ἔχων
568 2480 700 2549 οὖς,
753 2485 1066 2537 ἀκουσάτω
1088 2485 1144 2537 τί
1200 2485 1265 2538 τὸ
1298 2485 1536 2553 Πνεῦμα
1574 2486 1736 2554 λέγει

230 2571 336 2636 ταῖς
375 2574 752 2638 Ἑκκλησίαις
777 2589 792 2604 ·
831 2570 917 2636 Τῷ
961 2572 1215 2637 νικῶντι,
1247 2573 1413 2626 δώσω
1441 2573 1596 2638 αὐτῷ
1625 2591 1738 2641 φα-

234 2660 343 2727 γεῖν
381 2662 446 2714 ἐκ
483 2661 587 2714 τοῦ
626 2661 812 2724 ξύλου
851 2660 958 2727 τῆς
991 2660 1160 2726 ᾱυῆς,
1194 2663 1227 2713 ὅ
1264 2662 1430 2714 ἐστιν
1467 2663 1536 2715 ἐν
1571 2665 1739 2730 μέσῳ

230 2750 319 2803 τοῦ
345 2751 699 2817 παραδείσου
727 2749 831 2801 τοῦ
855 2749 1018 2801 Θεοῦ.

282 2859 337 2909 '0
353 2857 496 2923 ἔχων
513 2853 622 2920 οὖς
639 2856 972 2909 ἀκουσάτω.
997 2886 1064 2895 -
1079 2857 1343 2925 Σαρκικδν
1375 2860 1470 2928 μὲν
1499 2855 1588 2923 οὖς
1633 2863 1739 2924 πᾶς

231 2946 506 3014 ἄνθρωπος,
565 2945 926 3013 πνευματικὸν
968 2947 1022 2998 δὲ
1077 2951 1107 3000 ό
1146 2951 1540 3015 πνευματικὸς
1583 2951 1738 3019 μόνος

231 3036 460 3105 κέκτηται
491 3051 507 3064 '
540 3036 674 3104 ὅπερ
717 3039 809 3086 καὶ
846 3035 922 3104 τῷ
984 3034 1175 3104 Ἡσαΐᾳ
1226 3037 1616 3105 προστέθειται.
1654 3038 1743 3109 Τῷ

231 3125 277 3175 δὲ
304 3125 511 3192 τοιούτῳ
538 3124 753 3176 νικῶντι
790 3123 880 3176 τὸν
911 3123 1043 3192 πρὸς
1070 3125 1192 3185 τοὺς
1209 3124 1461 3192 δαίμονας
1492 3126 1741 3195 πόλεμον,

232 3212 399 3265 δώσειν
428 3213 817 3280 ἐπαγγέλλεται
835 3214 1027 3279 φαγεῖν
1057 3213 1118 3264 ὲκ
1150 3212 1241 3264 τοῦ
1263 3212 1414 3276 ξύλου
1443 3214 1540 3281 τῆς
1568 3215 1708 3283 ζωῆς
1727 3231 1740 3244 ·

237 3303 460 3352 τουτέστι
487 3303 778 3369 μετασχεῖν
810 3301 916 3353 τῶν
944 3301 1034 3352 τοῦ
1069 3302 1348 3368 μέλλοντος
1390 3305 1582 3364 αἰῶνος
1613 3305 1747 3370 ἁγα-

233 3391 349 3444 οῶν.
383 3391 830 3462 Ιῐεριφραστικῶς
856 3391 962 3459 γὰρ
993 3390 1081 3442 διὰ
1116 3392 1207 3442 τοῦ
1243 3391 1398 3456 ξύλου
1436 3392 1682 3461 δηλοῦται
1712 3395 1743 3459 ή

232 3482 334 3549 ζωὴ
378 3484 407 3549 ἠ
446 3483 692 3542 αἰώνιος·
731 3475 806 3533 ὧν
835 3483 1091 3549 ἑκάτερον
1131 3483 1158 3533 ὁ
1204 3483 1432 3550 Χριστός
1479 3485 1640 3544 ἐστιν,
1673 3481 1746 3542 ὥς

234 3588 380 3638 φησιν
403 3573 428 3622 ὁ
459 3571 728 3640 Σολομῶν,
762 3572 855 3622 καὶ
886 3572 913 3622 ὁ
943 3570 1132 3639 παρὼν
1154 3572 1446 3631 ἀπόστολος
1485 3571 1741 3639 ἑτέρωθι·

231 3663 256 3710 ὁ
280 3662 388 3727 μὲν,
417 3662 542 3729 περὶ
580 3663 673 3730 τῆς
696 3662 893 3727 Σοφεας
920 3661 1109 3724 λέγων·
1147 3662 1344 3714 Ξὺλον
1374 3661 1520 3727 ζωῆς
1544 3663 1709 3713 ἐστιν
1728 3677 1744 3694 ⁶

230 3751 254 3801 ὁ
281 3749 349 3813 δὲ,
373 3749 623 3810 ὡσαύτως
656 3750 780 3815 περὶ
823 3750 914 3800 τοῦ
966 3747 1199 3815 Χριστοῦ
1226 3761 1240 3774 ·
1289 3750 1477 3811 Αὐτός
1525 3749 1686 3799 ἐστιν
1715 3751 1746 3799 ὀ

230 3838 485 3902 ἀληθινὸς
506 3838 669 3901 Θεὸς,
698 3837 793 3889 καὶ
813 3838 850 3902 ὴ
873 3835 979 3902 ζωὴ
1006 3838 1042 3903 ἡ
1059 3837 1304 3899 αἰώνιος.
1323 3837 1383 3886 El
1412 3836 1587 3886 τοίνυν
1610 3837 1748 3887 ὲκεί-

231 3944 326 3978 νων
342 3930 511 3996 τυχεῖν
533 3927 812 3995 ἐφιέμεθα,
839 3929 934 3992 τὴν
960 3926 1097 3978 κατὰ
1119 3927 1222 3978 τῶν
1243 3927 1423 3979 rullth
1450 3928 1600 3994 νίκην
1619 3926 1744 3996 [παο

235 4016 452 4088 ρακαλῶ]
473 4016 919 4084 κατορθώσωμεν.
948 4015 1070 4077 Τοῖς
1098 4016 1202 4084 γὰρ
1228 4015 1405 4077 πόνοις
1440 4017 1492 4066 αἱ
1527 4016 1746 4083 ἀμοιϐαὶ

231 4107 427 4169 πάντως
462 4107 677 4174 ἕψονται
711 4122 724 4137 ·
759 4107 939 4174 χάριτι
975 4107 1067 4156 καὶ
1111 4106 1481 4176 φιλανθρωπίᾳ
1507 4105 1598 4158 τοῦ
1641 4107 1750 4156 Κυ-

1911 2487 1991 2550 11,
2035 2487 2083 2540 7.
2135 2486 2234 2550 Qui
2285 2487 2434 2539 habet
2482 2503 2678 2548 aurem,
2739 2488 2918 2539 audiat
2976 2487 3098 2556 quid
3146 2487 3373 2555 Spiritus

1845 2577 1985 2629 dicat
2029 2575 2273 2630 Ecclesiis
2307 2593 2318 2627 :
2367 2575 2601 2629 Vincenti
2628 2576 2760 2630 dabo
2795 2579 2938 2631 cdere
2975 2579 3038 2631 tle
3069 2578 3206 2648 ligno
3239 2584 3371 2646 vittc,

1842 2667 1978 2733 quod
2002 2676 2077 2718 est
2107 2667 2158 2718 in
2191 2667 2434 2734 paradiso
2473 2666 2562 2719 Dei
2621 2670 2735 2720 mei.

1913 2862 2105 2914 Aurem
2151 2876 2460 2931 corpoream
2502 2863 2681 2916 nullus
2740 2879 2843 2914 non
2882 2866 3186 2920 mortalium
3216 2869 3375 2924 sorti-

1841 2961 1961 3016 tur;
1995 2951 2282 3019 spiritalem
2341 2961 2538 3016 autem,
2575 2952 2831 3019 spiritalis
2892 2962 3098 3007 tantum
3139 2975 3150 3010 :
3189 2958 3372 3027 cujus-

1843 3043 1984 3096 modi
2015 3042 2467 3111 aurisprophetm
2512 3042 2662 3095 lsaiae
2703 3041 2910 3118 obtigit.
2945 3045 3156 3098 Homini
3196 3048 3374 3116 itaque

1843 3148 1908 3186 ex
1940 3133 2119 3200 prmlio
2158 3132 2297 3201 quod
2339 3144 2520 3186 contra
2558 3132 2825 3185 daemones
2855 3132 3075 3200 geritur,
3103 3135 3374 3192 victoriam

1836 3212 2119 3287 referenti,
2149 3236 2270 3277 esca
2301 3221 2366 3275 de
2405 3222 2547 3288 ligno
2576 3220 2696 3274 vitae
2728 3220 2974 3289 decerpta
3002 3211 3331 3290 promittitur
3359 3247 3374 3293 ;

1795 3325 1799 3327 ’
1849 3325 2039 3379 nempe
2063 3320 2382 3364 aeternorum
2414 3311 2675 3364 bonorum
2726 3313 3159 3378 communicatio,
3211 3315 3379 3384 siqui-

1845 3400 1964 3452 dem
2001 3415 2093 3468 pcr
2119 3410 2327 3454 retentae
2364 3401 2482 3453 vitae
2537 3400 2738 3468 lignum
2769 3399 3028 3466 ejusmodi
3066 3403 3202 3456 bona
3236 3406 3377 3458 desi-

1847 3491 1998 3558 gnari
2024 3491 2213 3544 solent.
2237 3491 2748 3557 Utrumque'autem,
2770 3499 2824 3543 ut
2842 3491 3091 3545 Salomon
3122 3494 3375 3558 insinuat,

1846 3589 1898 3633 et
1924 3595 2158 3646 przesens
2190 3579 2512 3648 evangelista
2548 3581 2741 3634 alicubi
2776 3582 2974 3635 diserte
3021 3582 3265 3644 allii-mat,
3293 3592 3376 3636 est

1845 3668 2113 3722 Christus.
2147 3667 2240 3720 ille
2269 3668 2408 3722 enim
2460 3669 2524 3722 de
2552 3670 2809 3736 sapientia
2848 3670 3017 3740 verba
3059 3670 3281 3731 faciens,
3311 3671 3376 3724 iis

1847 3759 1936 3822 qui
1967 3759 2369 3824 apprehendth
2399 3758 2562 3818 illam,
2604 3759 2770 3810 instar
2799 3758 2923 3825 ligni
2974 3760 3089 3808 vita:
3118 3773 3235 3811 esse
3259 3774 3376 3824 pro.

1849 3854 2095 3909 nuntiat;
2149 3843 2379 3896 Joannes
2435 3854 2609 3896 autem
2636 3845 2698 3898 de
2749 3844 2960 3898 Christo
2984 3846 3034 3897 in
3073 3846 3215 3899 hunc
3268 3863 3375 3899 mo-

1847 3934 1972 3985 dum
2008 3934 2193 3986 scribit
2218 3952 2230 3985 :
2259 3931 2356 3984 Hic
2385 3941 2461 3985 est
2491 3949 2636 3985 verus
2674 3933 2886 3995 Dcus,ct
2905 3935 3008 3985 vita
3035 3946 3221 3985 a'terna
3243 3936 3283 3989 ⁵.
3319 3937 3373 3987 Si

1849 4019 2008 4086 igitur
2032 4028 2226 4072 {eterna
2247 4019 2329 4070 illa
2367 4020 2500 4071 bona
2532 4021 2788 4087 consequi
2826 4020 3219 4086 desideramus,
3252 4037 3377 4074 con-

1849 4113 1928 4155 tra
1961 4103 2122 4155 animi
2146 4104 2572 4171 perturbationes
2613 4106 2896 4173 carnisque
2925 4107 3222 4174 voluptates
3255 4123 3377 4162 acre

233 4198 333 4261 ρξου
360 4195 510 4265 ἡμῶν
551 4196 728 4264 Ἰησοῦ
757 4195 1013 4264 Χριστοῦ,
1046 4195 1162 4264 μεθ’
1204 4189 1262 4245 οὗ
1317 4196 1394 4264 τῷ
1433 4196 1602 4263 Πατρὶ
1627 4197 1740 4263 ἅμα
1771 4209 1804 4268 ῃ

1851 4202 2119 4245 certamen
2167 4193 2786 4262 ineamus,victoriaque
2827 4197 2985 4263 potiri
3041 4199 3195 4250 enixe
3247 4213 3378 4251 con-

231 4285 311 4334 le
347 4284 420 4352 τῷ
463 4285 600 4352 ἁγίῳ
631 4284 924 4350 Πνεύματι,
952 4283 1075 4347 δόξα
1105 4281 1220 4352 ίνῦν
1252 4284 1342 4335 καὶ
1372 4285 1480 4346 ἀεὶ,
1522 4282 1635 4351 καὶ]
1667 4283 1746 4344 εἰς

228 4373 340 4432 τοὺς
356 4372 554 4432 αἰῶνας
582 4371 690 4423 τῶν
710 4371 938 4422 αἰώνων.
970 4371 1158 4438 ’Λμήν.

1850 4283 2154 4343 tendamus,
2213 4285 2644 4350 quandoquidem
2680 4301 2769 4352 per
2798 4285 3210 4350 Dominilnostri
3252 4287 3374 4342 Jesu

1849 4366 2044 4419 Christi
2079 4369 2302 4434 gratiam
2330 4379 2489 4435 atque
2528 4370 2864 4422 clementiam
2896 4371 3195 4422 istiusmodi
3233 4373 3378 4423 labo-

228 4474 419 4515 ressua
455 4459 696 4512 mercede
729 4473 1000 4526 nunquam
1046 4459 1457 4511 frustrabantur.
1520 4458 1626 4525 lpsi
1670 4471 1772 4509 una
1801 4471 1921 4510 cum
1962 4455 2117 4508 Patre
2162 4466 2214 4509 ct
2278 4457 2476 4523 Spiritu
2528 4469 2710 4511 sancto
2746 4460 2814 4511 sit
2858 4459 3022 4527 gloria
3075 4459 3128 4512 in
3185 4464 3376 4514 saecula

228 4550 545 4605 saeculorum.
577 4550 766 4602 Amen.

631 4657 876 4708 ΚΕΦΛΔ.
921 4654 993 4706 Δ’.
1023 4655 1234 4706 ΛΟΓΟΣ
1267 4655 1338 4706 B'.

232 4789 298 4841 τὰ
342 4788 684 4854 δηλωθέντα
716 4787 793 4851 τῷ
839 4787 946 4852 τῆς
998 4785 1336 4852 Σμυρναίων
1391 4786 1746 4853 Ἐκκλησίας

848 4856 1092 4923 ἀγγέλῳ.

289 4990 387 5041 Καὶ
437 4988 516 5051 τῷ
540 4991 769 5056 ἀγγέλῳ
825 4990 934 5055 τῆς
981 4991 1047 5040 ἐν
1100 4989 1334 5054 Σμύρνῃ
1402 4988 1748 5051 Ἐκκλησίας

228 5079 474 5144 ψᾶφον·
506 5079 646 5131 Τάδε
677 5081 835 5146 λέγει
869 5083 899 5132 ό
931 5078 1153 5145 πρῶτος
1200 5078 1290 5128 καὶ
1322 5081 1351 5128 ὀ
1378 5073 1649 5143 ἓσχατός,
1683 5077 1746 5140 ὃς

226 5169 452 5237 ἐγένετο
469 5168 700 5232 νεκρὸς,
735 5168 830 5219 καὶ
851 5168 1076 5233 ἐζόισεν.

287 5275 508 5347 Πρῶτός
568 5274 761 5344 [ἔστιν]
803 5277 877 5338 ὡς
933 5278 1095 5338 Θεός·
1132 5276 1369 5344 ἔσχατος,
1408 5273 1480 5334 ὡς
1552 5272 1748 5341 ἄνθρω-

228 5380 315 5426 πος
353 5362 446 5414 ἐπ’
470 5362 709 5426 ἐσχάτων
734 5361 840 5413 τῶν
876 5365 1077 5432 καιρῶν
1101 5361 1350 5430 γεγονὼς,
1388 5361 1478 5413 καὶ
1520 5361 1605 5411 διὰ
1644 5361 1740 5427 τῆς

285 5541 343 5594 ³1
374 5536 537 5594 loan.
557 5537 708 5600 v,20.

257 5643 260 5646 ί
341 5672 343 5674 .
500 5629 764 5686 ΡΑτιιοι..
795 5631 908 5688 Gn.
932 5628 1085 5688 CVI.

2263 4652 2883 4734 caruriv.senno
2934 4657 2996 4710 n.

1848 4787 2147 4854 Cujnsmodi
2179 4786 2506 4854 Smyrnensis
2530 4786 2774 4841 Ecclesia:
2800 4790 2977 4856 angelo
2997 4791 3099 4841 sint
3129 4790 3373 4840 indicata.

1915 4985 1978 5046 ll,
2007 4987 2056 5038 9.
2083 4983 2261 5053 10E:
2290 4984 2466 5052 angelo
2493 4984 2725 5051 Smyrna:
2750 4984 2990 5036 Ecclesia:
3015 4985 3172 5034 scribe
3205 4999 3220 5033 :
3256 4982 3375 5035 "(ec

1853 5078 1975 5129 dicit
2008 5077 2204 5142 primus
2229 5085 2273 5126 et
2301 5076 2622 5138 novissimus,
2646 5077 2732 5141 qui
2755 5076 2853 5140 fuit
2878 5083 3126 5135 mortuus,
3156 5081 3200 5123 et
3237 5073 3372 5123 vivit.

1919 5272 2061 5324 idem
2095 5271 2341 5324 Christus
2375 5279 2455 5322 est
2482 5272 2682 5337 primus
2711 5279 2759 5322 et
2788 5269 3141 5320 novissimus:
3175 5269 3377 5335 primus

1850 5361 2083 5426 quidem,
2134 5369 2192 5412 ut
2235 5358 2413 5423 Deus;
2461 5359 2783 5412 novissimus
2832 5366 3031 5419 autem,
3083 5365 3140 5409 ut
3184 5358 3373 5423 homo;

2962 5630 2999 5687 8
