4088 6332
731 349 832 408 239

1324 453 1541 509 CAPUT
1594 453 1672 506 Vl.

731 585 1034 652 tiujusmodi
1069 582 1416 652 Tltyatircnsis
1444 585 1688 666 Ecclesia:
1713 589 1896 656 angelo
1959 590 2256 657 signiﬁcata

1440 663 1563 706 sint.

801 787 865 851 ll,
899 787 982 840 18.
1013 787 1079 840 Et
1108 789 1287 855 angelo
1324 787 1586 858 Thyatira:
1614 787 1856 844 Ecclesia:
1892 791 2055 843 scribe
2089 807 2107 843 :
2133 790 2256 843 Hac

730 877 855 930 dicit
875 875 1042 929 Filius
1074 877 1183 939 Dei,
1217 879 1304 946 qui
1328 881 1475 933 habet
1496 879 1670 932 oculos
1715 889 1960 947 tanquam
1992 883 2257 949 flammam

731 968 885 1034 ignis,
919 976 968 1021 ct
998 968 1145 1034 pedes
1184 971 1295 1035 ejus
1326 971 1520 1024 similes
1548 970 1872 1025 aurichalco.

795 1141 1002 1210 lgueam
1045 1142 1326 1198 oculorum
1381 1145 1611 1212 speciem
1692 1153 1980 1214 utrumque
2047 1160 2155 1213 prae
2199 1162 2258 1202 se

726 1234 863 1286 ferre
903 1234 1104 1287 dictum
1146 1244 1229 1288 est
1291 1243 1443 1298 ante,
1501 1233 1838 1303 Splendorem
1897 1235 2152 1289 nimirum
2203 1242 2257 1290 et

724 1321 999 1385 ardorem;
1028 1329 1081 1373 et
1136 1322 1276 1374 hunc
1307 1322 1518 1388 quidem
1563 1321 1870 1390 signiﬁcare
1909 1322 2170 1390 supplicia
2200 1325 2253 1375 in

725 1409 916 1477 impios
944 1419 995 1463 et
1016 1420 1322 1478 peccatores
1348 1411 1670 1476 constituta;
1703 1411 1854 1464 illum
1877 1426 2024 1475 vero,
2058 1411 2254 1476 lucem,

723 1501 844 1565 quia
877 1499 1002 1566 justi
1032 1507 1086 1552 et
1114 1499 1280 1552 sancti
1311 1494 1726 1562 perfunduntur;
1763 1499 1863 1553 Per
1892 1500 2042 1568 pedes
2074 1510 2252 1559 autem

721 1597 775 1639 et
797 1587 1207 1639 cltalcolibanum
1239 1588 1338 1654 12
1361 1587 1603 1640 denotari
1628 1588 1827 1641 Christi
1849 1589 2254 1654 humanitatem,

723 1675 1074 1743 ejusdemque
1115 1676 1166 1729 in
1201 1677 1284 1728 his
1317 1676 1405 1742 qui
1438 1675 1567 1728 salvi
1599 1676 1752 1740 llunt,
1781 1676 1940 1729 veluti
2001 1675 2256 1745 spiritalis

721 1764 996 1834 cujusdam
1057 1767 1305 1834 unguenti
1339 1765 1716 1835 ﬂagrantiam;
1746 1781 1845 1820 nec
1888 1784 1990 1821 non
2048 1769 2242 1820 indivi-

1866 352 2182 412 ANDRE/E
2221 352 2716 413 CzESATllENSlS

3781 357 3884 422 24’)

2931 461 3173 514 unm.
3212 463 3300 527 cr.

2368 596 2439 648 Τὰ
2491 593 2823 660 δηλωθέντα
2848 628 2853 632 -
2881 591 3392 714 τῴεκιξᾶζιέἐίιέρτῆς
3438 593 3505 646 ἐν
3561 593 3892 661 Θυατείροις

2989 678 3302 728 κκλησιας.

2429 796 2534 849 Kal
2566 793 2640 857 τῷ
2670 792 2896 861 ἀγγέλῳ
2919 793 3026 860 τῆς
3061 793 3129 844 ἐν
3157 793 3490 858 Θυατείροις
3535 792 3892 856 Ἐκκλησιας

2360 882 2622 951 γράψον·
2662 881 2802 935 Τάδε
2848 880 3004 950 λέγει
3049 883 3081 934 ό
3140 879 3271 944 Υἱὸς
3323 879 3427 932 τοῦ
3477 880 3622 932 Θεοῦ
3667 881 3699 932 ὁ
3732 880 3892 945 ἔχων

2359 973 2490 1036 τοὺς
2552 967 2890 1038 ὀφθαλμοὺς
2916 970 2995 1035 ὡς
3027 970 3221 1038 φλόγα
3253 967 3462 1035 πυρὸς,
3491 967 3588 1020 καὶ
3629 970 3682 1020 ol
3715 968 3894 1030 πόδες

2357 1061 2540 1114 αὑτοῦ
2568 1060 2752 1128 ὅμοιοι
2783 1058 3209 1130 χαλκολιϐάνῳ.

2418 1131 2642 1218 Είρηται
2672 1149 2732 1202 τὸ
2758 1149 2864 1202 τῶν
2891 1148 3176 1218 ὀφθαλμῶν
3201 1147 3465 1218 πυρῶδες,
3491 1147 3552 1198 τὸ
3572 1145 3897 1215 φωτιστικδν

2356 1241 2462 1292 τῶν
2493 1239 2736 1302 δικαίων,
2765 1237 2856 1290 καὶ
2881 1237 2940 1289 τὸ
2971 1237 3259 1290 καυστικὺν
3281 1235 3473 1304 δηλοῦν
3502 1236 3609 1288 τῶν
3636 1237 3894 1304 ἁμαρτω-

2357 1329 2490 1382 λῶν·
2539 1327 2681 1392 tabe
2709 1327 2766 1380 δὲ
2815 1326 3003 1391 πόδας
3036 1327 3127 1378 καὶ
3169 1327 3271 1378 τὸν
3318 1326 3755 1394 χαλκολίσανον
3799 1340 3896 1390 ση-

2359 1419 2566 1487 μαίνειν
2596 1416 2691 1488 τὴν
2721 1415 2814 1469 τοῦ
2843 1416 3080 1486 Χριστοῦ
3109 1417 3166 1469 ὲν
3192 1417 3302 1478 τοῖς
3325 1415 3643 1483 σωζομένοις
3666 1413 3896 1472 eiaan

2352 1505 2445 1556 τοῦ
2478 1503 2666 1574 νοητοῦ
2698 1504 2889 1575 μύρου,
2922 1497 3033 1556 καῖ
3058 1504 3154 1573 τὴν
3188 1504 3427 1571 ἄτμητον
3453 1503 3545 1554 καὶ⁸
3586 1503 3892 1570 ἀσύγχυτον

2354 1592 2543 1644 ἕνωσιν
2601 1591 2848 1659 θεύτητός
2887 1607 2947 1641 τε
2989 1593 3083 1641 καὶ
3121 1588 3524 1658 ἁνθρωπότητος
3551 1605 3565 1619 ο
3603 1589 3739 1657 αὕτη
3785 1591 3896 1656 γὰρ

2355 1681 2428 1740 ὡς
2455 1679 2922 1749 πεπυρακτωμένη
2949 1679 3024 1747 τῷ
3049 1678 3174 1745 θείῳ
3198 1679 3493 1744 Πνεύματι,
3521 1680 3630 1739 τοῖς
3676 1677 3894 1745 ἀνορω-

2351 1769 2522 1830 πίνοις
2545 1770 2815 1837 λογισμοῖς
2855 1769 3000 1820 ιστιν
3032 1767 3399 1836 ὰψηλάφητος.

720 1854 880 1909 duam
945 1854 1088 1908 illam
1121 1863 1174 1908 et
1246 1853 1582 1908 inconfusam
1633 1854 1896 1925 planeque
1934 1857 2299 1912 admirabilem
2332 1858 2553 1911 "divinae
2607 1857 2962 1924 humanaeque
3000 1863 3203 1909 natura:
3239 1855 3378 1907 inter
3410 1867 3467 1908 se
3490 1854 3738 1908 unionem
3773 1872 3787 1908 :
3825 1869 3893 1909 ea

720 1949 860 2001 enim
898 1956 1149 2016 tanquam
1185 1947 1346 2005 divini
1385 1947 1614 2017 Spiritus
1670 1949 1788 2016 igne
1834 1947 2087 2016 conﬂata,
2146 1951 2387 2020 miroque
2435 1951 2595 2005 modo
2637 1955 3030 2017 coagmentata,
3087 1946 3335 2002 humanis
3404 1947 3705 2003 rationibus
3731 1963 3885 2004 com-

720 2039 968 2108 prehendi
987 2039 1209 2092 omnino
1236 2053 1341 2091 non
1373 2047 1565 2107 potest.

789 2133 851 2196 Il,
881 2132 1079 2195 19,20.
1123 2131 1258 2186 Novi
1281 2101 1438 2200 ope}.
1470 2140 1650 2195 tua,“
1677 2131 1835 2200 fidem
1861 2140 1907 2185 et
1943 2134 2248 2187 charitatem

2411 2131 2551 2186 orca
2582 2148 2698 2186 σου
2742 2131 2812 2184 τὰ
2845 2130 3007 2200 ἔργα,
3033 2101 3130 2186 και
3179 2133 3293 2200 τὴν
3341 2134 3601 2202 ἀγάπην,
3629 2135 3724 2189 και
3775 2135 3894 2198 τὴν

720 2232 894 2284 tuam;
917 2230 963 2273 et
996 2220 1341 2272 ministerium
1374 2229 1420 2272 et
1453 2221 1756 2286 patientiam
1791 2230 1957 2281 tuam,
1995 2230 2043 2274 et
2093 2236 2246 2288 opera

723 2325 810 2361 tua
851 2311 1125 2362 novissima
1157 2311 1306 2375 plura
1329 2309 1607 2376 prioribus.
1638 2308 1739 2360 Sed
1765 2309 1921 2362 habeo
1979 2311 2248 2361 adversum

724 2410 770 2452 te
794 2414 960 2465 pauca
988 2437 1002 2460 ,
1032 2398 1153 2465 quia
1181 2397 1436 2463 permittis
1470 2396 1736 2450 mulierem
1765 2395 1996 2460 Iezabel,
2025 2412 2139 2464 qua:
2198 2412 2249 2448 se

720 2491 846 2541 dicit
897 2488 1217 2555 prophetam,
1246 2487 1444 2550 docere,
1490 2496 1538 2539 et
1591 2485 1826 2540 seducere
1869 2501 2038 2540 servos
2089 2501 2248 2552 meos,

720 2577 946 2631 scortari
966 2585 1013 2629 et
1045 2575 1356 2628 manducare
1379 2576 1439 2628 de
1472 2574 1791 2644 idolothytis.

788 2839 920 2902 Etsi,
939 2840 1129 2908 inquit,
1149 2848 1377 2893 vestram
1397 2838 1448 2892 in
1469 2836 1570 2891 ﬁde
1585 2835 1969 2899 constantiam,
1983 2843 2247 2888 vestram-

717 2945 818 2999 que
843 2931 982 2984 circa
1017 2945 1301 2998 egenorum
1331 2940 1382 2982 et
1409 2943 1700 2996 pauperum
1733 2926 2089 2980 ministerium
2119 2925 2246 2978 cha-

719 3023 945 3074 ritatem.
972 3028 1026 3073 ct
1051 3029 1282 3073 vestram
1333 3018 1563 3087 denique
1585 3017 1889 3086 patientiam
1929 3015 2246 3068 commendo

719 3119 1041 3178 acceptaque
1087 3110 1276 3172 habeo,
1318 3119 1548 3162 attamen
1595 3109 1695 3161 hoc
1744 3108 1964 3161 nomine
1991 3106 2109 3174 jure
2141 3095 2248 3158 'vos

720 3199 1071 3266 reprehendo,
1096 3200 1236 3264 quod
1263 3197 1646 3250 Nicolaitarum
1696 3195 1948 3256 lnrresin,
1976 3209 2094 3261 quae
2125 3209 2247 3261 pro-

721 3295 834 3350 pter
888 3284 1106 3349 impiam
1168 3284 1538 3349 impnramque
1587 3282 1857 3334 lasciviam
1904 3279 2111 3332 Iezabel
2155 3295 2278 3347 per,

720 3385 929 3442 tropum
957 3375 1056 3425 hoc
1081 3373 1197 3424 loco
1226 3372 1539 3438 appellatur,
1563 3370 1733 3435 palam
1758 3370 2002 3422 obtinere
2029 3369 2249 3436 permit-

2351 2223 2574 2286 πίστιν,
2611 2222 2706 2275 καὶ
2758 2221 2870 2288 τὴν
2903 2221 3226 2292 διακονίαν,
3257 2223 3392 2293 ’[καί
3445 2223 3556 2291 τὴν
3606 2224 3894 2292 ὑπακοήν

2351 2311 2511 2382 σου,]
2544 2313 2639 2365 καί
2681 2311 2793 2377 τὴν
2844 2311 3150 2380 ὑπομονήν
3185 2327 3318 2376 σου,
3355 2312 3453 2365 καὶ
3488 2313 3558 2365 τὰ
3587 2314 3725 2381 ἔργα
3773 2329 3894 2366 σου

2353 2400 2422 2452 τὰ
2449 2401 2673 2464 ἔσχατα
2703 2401 2954 2452 πλείονα
2990 2399 3108 2451 τῶν
3130 2400 3370 2466 πρώτων
3401 2418 3416 2432 ο
3449 2401 3585 2454 ἀλλ’
3605 2400 3718 2467 ἔχω
3742 2401 3897 2452 κατὰ

2353 2487 2467 2540 σοῦ
2491 2486 2730 2558 [rutra],
2753 2489 2839 2537 ὅτι
2871 2486 3106 2554 ἀφῆκας
3139 2487 3252 2552 τὴν
3300 2487 3545 2556 γυναῖκὰ
3568 2505 3681 2540 σου
3719 2486 3894 2545 Ἰεζὶί-

2293 2635 2309 2646 ,
2353 2578 2477 2637 δελ,
2510 2575 2548 2641 ἢ
2575 2575 2733 2642 λέγει
2761 2576 2988 2640 ἑαυτὴν
3021 2573 3333 2642 προφῆτιν,
3361 2575 3455 2626 καὶ
3488 2575 3755 2627 διδάσκει
3792 2577 3894 2626 καὶ

2354 2665 2551 2733 πλανᾷ
2583 2665 2719 2730 τοὺς
2744 2664 2922 2733 ἐμοὺς
2941 2664 3198 2730 δούλους
3215 2665 3542 2730 πορνεῦσαι
3562 2665 3654 2717 καὶ
3679 2664 3897 2733 φαγεῖν

2351 2756 2721 2808 εἰδωλόθυτα.

2423 2839 2562 2894 Οἷδά
2607 2857 2720 2895 σου
2759 2845 2827 2894 τὰ
2864 2842 3023 2909 ἔργα.
3047 2871 3112 2882 --
3137 2842 3198 2894 El
3221 2842 3332 2911 γὰρ
3354 2842 3446 2894 καὶ
3476 2841 3564 2893 διὰ
3592 2858 3689 2909 την
3711 2841 3895 2894 πίστιν

2353 2930 2443 2980 καὶ
2473 2930 2569 2998 τὴν
2601 2932 2734 2999 πρὸς
2765 2931 2885 2992 τοὺς
2932 2931 3214 2998 δεομένους
3242 2929 3535 2988 διακονίαν,
3567 2929 3627 2980 τὸ
3658 2929 3890 2990 sitiam;

2353 3022 2501 3088 ὑμῶν
2543 3022 2634 3073 καὶ
2670 3021 3059 3088 ὑπομονητικὸν
3101 3021 3455 3088 ἀποδέχομαι,
3487 3020 3619 3070 ἀλλά
3665 3018 3891 3080 δικαίως

2352 3110 2476 3177 ὑμῖν
2499 3109 2898 3177 ἐπιμέμφομαι,
2921 3111 3000 3160 ὅτι
3025 3110 3122 3178 τὴν
3144 3109 3252 3163 τῶν
3297 3109 3631 3161 Νικολαϊτῶν
3651 3109 3890 3175 αἵρεσιν,

2351 3197 2447 3265 τὴν
2471 3197 2739 3265 τροπικῶς
2770 3197 3158 3265 ὠνομασμένην
3203 3197 3473 3261 Ἰεζάϐελ,
3501 3197 3586 3249 διὰ
3619 3198 3715 3262 τὴν
3757 3196 3892 3247 δυσ-

2355 3284 2565 3334 σέϐειαν
2614 3285 2705 3333 καὶ
2743 3285 3048 3350 ἀσέλγειαν,
3089 3286 3336 3353 ἀφήκατε
3395 3283 3892 3353 παρρησιάζεσθαι,

2354 3369 2490 3420 ὥστε
2520 3373 2628 3428 τοῖς
2649 3370 2850 3431 δούλοις
2886 3387 3007 3437 μου,
3069 3369 3140 3421 δι’
3167 3371 3440 3439 ἁπλότητα
3476 3370 3714 3439 γνώμης,
3752 3387 3899 3438 παρ-

722 3465 853 3526 titis,
881 3465 1247 3528 hactenusque
1277 3459 1646 3527 permiseritis.
1668 3457 1788 3512 lla:c
1805 3458 1944 3511 enim
1977 3473 2060 3510 res
2088 3457 2256 3509 servis

2359 3462 2499 3526 ἐχειν
2538 3460 2848 3521 σκάνδαλον,
2875 3461 2967 3512 καὶ
3017 3459 3194 3511 ’ἐλκειν
3221 3461 3414 3520 αὐτοὺς
3451 3458 3594 3529 [καὶ]
3627 3462 3704 3520 είς
3743 3458 3898 3510 εἱδω·

721 3553 874 3615 meis,
905 3551 973 3603 ob
999 3549 1192 3617 ingenii
1238 3547 1522 3600 ruditatem
1565 3546 1864 3612 mentisque
1930 3544 2244 3610 simplicita-

723 3654 849 3703 tem,
893 3653 1138 3707 magnam
1192 3633 1503 3688 otl‘ensionis
1541 3632 1881 3686 occasionem
1933 3631 2114 3695 oﬂ‘ert;
2145 3632 2249 3683 into

722 3747 847 3786 vero
870 3730 934 3784 ad
963 3744 1146 3783 earum
1192 3741 1369 3780 rerum
1405 3739 1558 3778 usum
1602 3738 1720 3792 qua:
1775 3722 1929 3776 idolis
1967 3722 2250 3775 immolata:

2355 3549 2566 3610 λόουτα,
2597 3543 2674 3608 οἷς
2704 3548 2878 3607 καλῶς
2919 3548 3272 3611 ἁπετάξαντο.
3305 3549 3519 3616 Ταύτην
3545 3544 3635 3600 οὖν
3669 3551 3892 3600 ἐπιστο-

2359 3636 2534 3704 μίζειν
2563 3637 2802 3702 ὀφείλετε
2836 3653 2849 3666 ’
2876 3637 2955 3688 ὅτι
2977 3639 3068 3688 καὶ
3106 3638 3369 3706 προφῆτις
3421 3635 3559 3706 εἶναι
3605 3637 3899 3707 ὑποκρίνεο

2354 3743 2466 3788 ται,
2495 3726 2597 3777 ὑπὸ
2623 3725 2858 3793 πονηροῦ
2897 3727 3254 3794 ἐνεργουμένη
3293 3725 3610 3793 πνεύματος.

726 3828 954 3887 fuerant,
985 3840 1013 3876 a
1039 3837 1143 3891 quo
1167 3821 1388 3890 pulchre
1415 3819 1523 3886 jam
1542 3825 1662 3870 ante
1682 3815 1933 3870 ablactati
1950 3815 2287 3881 videbantur,
2331 3819 2508 3871 denuo
2545 3822 2784 3884 attraxit,
2817 3832 2870 3872 et
2929 3818 3169 3886 quotidie
3211 3821 3386 3872 adhuc
3427 3819 3697 3886 pcl'll'ahil.
3742 3819 3900 3876 Hanc

725 3912 942 3982 proinde
987 3910 1199 3966 Jezabel
1245 3905 1641 3975 quamprimum
1693 3917 2033 3971 compescere
2087 3919 2255 3972 osque
2305 3905 2540 3973 ejusdem
2584 3907 2863 3961 obstruere
2890 3907 3136 3960 debetis:
3199 3909 3460 3976 siquidem
3515 3908 3746 3974 maligno
3776 3912 3892 3976 spi-

725 4007 829 4058 ritu
855 4005 1071 4072 agitata,
1098 4000 1463 4069 prophetidem
1493 4012 1611 4051 sese
1635 3997 1837 4064 jactare
1870 4013 1956 4049 nor
2020 3998 2247 4050 dubitat.

793 4093 857 4155 ll,
887 4093 1078 4145 21-23.
1111 4091 1176 4143 Et
1210 4092 1327 4143 dedi
1354 4089 1433 4140 illi
1460 4098 1651 4154 tempus
1678 4098 1730 4159 ut
1752 4089 2106 4155 paenitentiam
2132 4104 2255 4154 age-

731 4197 829 4249 ret,
849 4196 897 4239 et
935 4203 1034 4237 non
1071 4187 1178 4237 vult
1228 4186 1470 4250 pwnitere
1495 4174 1545 4234 ἰι
1593 4182 1936 4248 fornicatione
1968 4196 2083 4230 sua.
2126 4177 2256 4231 Ecce

731 4293 821 4344 ego
850 4276 996 4325 mitto
1037 4289 1148 4325 eam
1181 4275 1232 4324 in
1267 4269 2000 4337 lectum;etquimaechautur
2033 4283 2144 4319 cum
2173 4283 2253 4329 ea,

733 4368 785 4415 in
817 4361 1147 4417 tribulatione
1181 4361 1410 4412 maxima
1439 4367 1609 4420 erunt,
1651 4358 1750 4410 nisi
1806 4358 2151 4425 paenitentiam
2192 4357 2256 4408 ab

734 4449 966 4518 operibus
1003 4450 1109 4501 suls
1154 4449 1450 4517 cgerlut;et
1497 4445 1630 4521 [ilics
1673 4445 1783 4512 ejus
1836 4445 2144 4514 interﬁciant
2203 4446 2255 4496 in

737 4550 915 4592 morte.
2061 4547 2066 4552 '

806 4627 962 4692 Quia,
989 4626 1179 4694 inquit,
1204 4625 1431 4692 maligna
1462 4623 1547 4675 illa
1581 4623 1800 4679 haeresis
1829 4631 2083 4692 tempore,
2111 4624 2250 4690 quod

737 4718 804 4771 ad
836 4716 1090 4783 agendam
1132 4713 1494 4782 paenitentiam
1547 4710 1885 4783 commodum
1939 4721 2091 4767 nacta
2120 4720 2251 4772 erat,

745 4807 879 4860 bene
904 4804 981 4857 uti
1008 4817 1121 4858 non
1138 4801 1334 4864 voluit,
1360 4798 1489 4852 Ecce
1521 4797 1761 4866 dejiciam
1789 4798 1936 4850 illam
1973 4801 2027 4850 in
2049 4801 2257 4866 mgritu.

734 4897 907 4949 dinem
961 4902 1009 4950 et
1055 4899 1290 4947 mortem.
1351 4887 1407 4942 In
1462 4896 1612 4956 tropo
1663 4892 1949 4954 perstans,
1999 4885 2256 4941 nefariam

736 4988 878 5041 illam
931 4983 1304 5037 Nicolaitarum
1359 4985 1603 5048 pestem,
1656 4984 1869 5044 propter
1930 4975 2258 5040 versipellem

737 5074 1100 5132 haereticorum
1143 5071 1448 5134 versutiam,
1474 5068 1686 5123 mulieri
1725 5066 1983 5122 adultera:
2041 5079 2259 5133 compa-

735 5179 834 5221 rat.
860 5167 1237 5220 Comuduatur
1258 5177 1383 5216 vero
1407 5175 1514 5217 non
1545 5159 1686 5214 illam
1718 5166 1922 5212 tantum
1956 5157 2010 5210 in
2044 5157 2260 5224 πει-ξιιμ

735 5255 910 5309 dinem
947 5263 996 5307 et
1042 5265 1263 5308 mortem
1304 5266 1361 5304 se
1414 5250 1766 5317 dejecturum,
1808 5248 1911 5303 nisi
1941 5247 2254 5316 resipuerit;

2281 4681 2330 4736 D

2423 4091 2526 4142 Kal
2574 4091 2764 4142 ἔδωκα
2840 4090 2991 4154 αὐτῇ
3053 4091 3268 4155 χρόνον
3345 4090 3441 4140 ἵνα
3490 4089 3843 4155 ,μετανοήσῃ
3872 4107 3887 4121 ο

2353 4178 2448 4229 καί
2481 4182 2550 4232 οὺ
2581 4179 2737 4231 θέλει
2761 4179 3122 4246 μετανοῆσαι
3147 4180 3213 4229 ἐκ
3235 4174 3338 4244 τῆς
3374 4179 3651 4243 πορνείας
3678 4177 3894 4243 αὐτῆς.

2365 4267 2542 4326 Ἰδοὺ.
2572 4267 2784 4329 βάλλω
2820 4267 3011 4331 αὐτὴν
3052 4270 3136 4331 είς
3168 4269 3382 4331 κλίνην
3409 4282 3424 4296 °
3467 4266 3724 4332 καὶτοὺς
3763 4286 3897 4334 por-

2357 4357 2650 4424 χεύοντας
2671 4358 2796 4423 μετ’
2842 4354 3028 4422 αὐτῆς
3083 4358 3167 4420 εἰς
3222 4356 3428 4422 θλίψιν
3460 4355 3749 4423 μεγάλην,
3786 4357 3900 4409 ἐὰν

2352 4445 2435 4513 μὴ
2466 4447 2917 4513 μετανοήσωσιν
2955 4445 3020 4496 ἐκ
3054 4444 3169 4496 τῶν
3210 4446 3394 4513 ἔργων
3426 4444 3620 4498 αὐτῶν
3650 4462 3664 4476 ο
3698 4446 3794 4498 καὶ
3824 4451 3900 4500 τὰ

2356 4537 2527 4590 τέκνα
2548 4536 2730 4602 αὐτῆς
2759 4534 3059 4588 ἀποκτενῶ
3087 4536 3156 4587 ἐν
3188 4535 3436 4599 θανάτῳ.

2427 4627 2534 4678 Καὶ
2589 4626 2759 4677 ἔδωκα
2807 4627 2940 4692 αὐτῇ
2987 4625 3172 4693 χρόνον
3204 4641 3218 4654 ο
3275 4626 3308 4691 ἡ
3336 4625 3391 4675 δὲ
3437 4625 3646 4692 πονηρὰ
3679 4622 3897 4693 [φησὶν]

2362 4717 2539 4769 αὐτῶν
2571 4719 2797 4784 αἰρεσις,
2825 4717 3014 4783 καιρὸν
3055 4714 3292 4766 λαϐοῦσα
3318 4715 3397 4775 είς
3455 4715 3760 4782 μετάνοιαν,
3791 4729 3898 4766 κα·

2360 4805 2465 4865 λῶς
2496 4805 2664 4872 τούτῳ
2687 4808 2784 4859 οὑκ
2809 4807 3090 4872 ἐχρήσατο.
3133 4803 3307 4865 Ἰδοὺ,
3328 4802 3539 4865 ,βάλλω
3578 4803 3768 4870 αὐτὴν
3807 4805 3898 4868 είς

2363 4896 2592 4958 κλίνην,
2633 4895 2707 4966 Τῇ
2765 4897 2937 4964 τροπῇ
2992 4895 3269 4962 ἐνέμεινε,
3312 4893 3406 4945 καὶ
3467 4893 3734 4961 μοιχαλίδι
3795 4894 3899 4962 τὴν

2366 4984 2666 5052 συστροφὴν
2690 4983 2796 5034 τῶν
2827 4982 3111 5050 αἱρετικῶν
3142 4982 3498 5050 παρεικάσας,
3527 4984 3738 5035 ἀπειλεῖ
3761 4984 3899 5036 ταύ-

2366 5089 2461 5138 την
2498 5089 2552 5122 τε
2593 5072 2840 5142 ἀσθενείᾳ
2893 5074 2984 5124 καὶ
3037 5071 3249 5137 θανάτῳ
3285 5072 3613 5140 περιϐαλεῖν,
3643 5076 3733 5128 καὶ
3772 5076 3902 5136 τοὺς
3960 5078 3966 5083 ’

2363 5161 2495 5227 αὐτῇ
2533 5161 3028 5228 συμφοειρομένους
3067 5160 3160 5211 καὶ
3207 5157 3292 5228 [ὲκ
3322 5159 3478 5231 Θεοῦ]
3518 5161 3899 5230 πορνεύοντας,

2365 5251 2413 5301 εί
2449 5251 2522 5320 μὴ
2550 5251 2636 5302 διὰ
2672 5251 2952 5317 μετανοίας
2985 5250 3117 5318 πρὸς
3161 5249 3319 5306 αὐτὸν
3349 5251 3764 5321 ἐπιστρέψωσιν.

739 5356 918 5394 verum
949 5353 1169 5397 οιοιετυε
1200 5354 1411 5410 quoque
1456 5353 1662 5399 omnes,
1714 5338 1829 5404 qui,
1885 5338 1994 5390 Deo
2027 5353 2118 5406 per
2180 5339 2452 5406 mysticam
2504 5343 2880 5394 sem-tationem
2926 5342 3155 5404 deserto,
3208 5355 3331 5393 cum
3394 5341 3482 5394 illa
3529 5356 3645 5397 sese
3705 5351 3899 5395 conta-

740 5433 1053 5484 minaverint
1085 5471 1098 5494 ,
1155 5433 1254 5485 nisi
1305 5440 1478 5483 tamen
1523 5443 1618 5495 per
1667 5441 1845 5478 verant
1891 5428 2256 5492 paenitentiam
2297 5430 2360 5482 ad
2389 5432 2558 5494 ipsum
2592 5446 2648 5482 se
2673 5432 2847 5483 denuo
2878 5431 3255 5486 converterint.

809 5524 871 5586 ll,
907 5524 1086 5576 25—25.
1114 5525 1176 5576 Et
1203 5527 1360 5577 scient
1387 5537 1558 5574 omnes
1585 5519 1850 5581 Ecclesiw,
1878 5520 1998 5585 quia
2028 5536 2116 5586 ego
2147 5537 2257 5570 sum

737 5621 973 5668 scrutaris
1008 5631 1145 5666 renes
1189 5625 1234 5666 et
1271 5615 1448 5679 corda,
1474 5621 1521 5666 et
1553 5611 1685 5663 dabo
1727 5609 1998 5674 unicuique
2045 5619 2262 5660 vestrum

2436 5523 2537 5572 Kal
2570 5523 2892 5588 γνώσονται
2926 5521 3110 5575 πᾶσαι
3141 5526 3198 5575 al
3249 5525 3617 5590 Ἐκκλησίαι,
3653 5523 3741 5573 ὅτι
3785 5522 3902 5589 ἐγώ

2374 5614 2482 5676 ειμι
2513 5614 2544 5661 ό
2577 5611 2830 5675 ἐρευνῶν
2876 5612 3127 5677 νεφροὺς
3149 5614 3242 5665 καί
3288 5613 3530 5679 καρδίας
3554 5628 3568 5642 °
3603 5610 3698 5663 καί
3728 5610 3901 5664 δώσω
