4088 6332
238 362 347 425 2m

1174 371 1764 432 COMMENTARIUS
1797 370 1876 430 IN
1916 371 2425 432 APOCALYPSIN.

3300 381 3406 440 ⁸250

253 472 430 538 Ἆρχὴ
460 470 536 541 [δὲ
569 472 678 538 τῆς
705 473 952 537 κτίσεως
1041 472 1160 525 ἀντὶ
1205 476 1320 539 τοῦ,
1354 477 1603 544 βασιλεία
1629 495 1642 508 ·
1684 479 1765 531 καλ

1879 475 2196 544 ipsissimam
2254 476 2528 530 veritatem
2579 491 2672 546 per
2712 479 3021 542 essentiam,
3073 481 3171 535 bac
3227 487 3404 551 pbrasi

235 561 387 630 ἀρχὴ
419 562 650 624 πάντων,
677 563 752 624 ὠς
780 562 884 613 τῶν
907 563 1214 630 κτισμάτων
1233 566 1576 628 δεσπόζουσα.
1621 566 1783 637 Ἀρχὴ

235 646 352 715 γὰρ
409 647 547 718 [τῆς]
597 649 823 712 κτίσεως
891 652 924 718 ὴ
976 652 1418 720 προκαταρκτικὴ
1490 652 1634 704 αίτία
1691 654 1784 704 καὶ

237 739 526 800 ἀκτιστος.

317 909 464 963 Οἶδά
507 925 618 963 σου
654 914 725 964 τὰ
770 912 936 980 ἔργω
975 912 1062 965 ὅτι
1109 914 1242 965 οὔτε
1275 913 1503 982 ψυχρὸς
1541 910 1612 979 εἷ,
1648 916 1782 968 οὔτε

237 998 454 1061 ζεστὸς
509 999 614 1069 [ὅτι
665 1002 906 1066 χλιαρὸς
931 997 1027 1071 ei].
1067 1002 1326 1069 Ὀφελον
1369 1004 1600 1069 ψυχρὸς
1628 999 1702 1070 ἧς
1742 1004 1779 1070 ἢ

237 1084 476 1149 ζεστός-,³
501 1087 692 1151 Οὕτως
730 1089 820 1142 ὅτι
854 1088 1097 1156 χλιαρὸς
1131 1085 1203 1153 εἶ,
1232 1091 1326 1141 καί
1368 1091 1501 1142 οὔτε
1557 1089 1778 1156 ζεστὸς,

235 1175 387 1226 οὔτε
415 1178 664 1241 ψυχρός.

315 1264 427 1315 Καὶ
470 1265 499 1316 ὁ
530 1264 782 1330 Θεολόγος
823 1266 953 1334 φησὶ
988 1265 1308 1336 Γρηγόριος·
1339 1267 1482 1319 Δέον
1530 1268 1779 1344 ἀκρισίρς

235 1350 386 1415 ζεῖν,
406 1353 441 1417 ἢ
457 1353 703 1419 ἀκριϐῶς
718 1354 1072 1421 damur-rixam.
1095 1355 1326 1417 Εἰκότως
1353 1372 1364 1384 ·
1383 1359 1409 1408 ὀ
1434 1356 1529 1425 μὲν
1553 1358 1657 1425 γὰρ
1677 1357 1778 1425 ψυο

235 1440 400 1508 χρδς,
427 1442 518 1492 καὶ
540 1441 635 1509 τῆς
655 1441 875 1511 ζεούσης
920 1443 1149 1504 πίστεως
1180 1444 1460 1510 ἄγευστος,
1517 1447 1575 1495 ὲν
1608 1445 1776 1498 ἐλπίδι

231 1529 504 1589 πολλάκις
544 1528 691 1581 ἔσται
736 1530 829 1582 τοῦ
888 1533 1069 1598 τυχεῖν
1095 1530 1263 1599 αὐτῆς
1295 1548 1306 1560 ·
1334 1532 1360 1582 ὁ
1395 1532 1448 1582 δὲ
1493 1531 1654 1595 ζέσας
1690 1533 1776 1585 διὰ

227 1613 332 1663 τοῦ
379 1613 749 1682 βαπτίσματος
776 1616 851 1685 τῷ
876 1617 1166 1685 Πιιεὲματι,
1203 1619 1294 1670 καὶ
1329 1619 1656 1688 ἀποψυχθεὶς
1691 1621 1776 1672 διὰ

229 1703 515 1772 ρᾳθυμίαν
555 1705 802 1774 ὕστερον,
831 1707 1003 1776 ἐαυτῷ
1048 1707 1141 1768 τὰς
1187 1708 1407 1768 ἐλπίδας
1457 1709 1553 1775 τῆς
1603 1725 1773 1776 σωτη-

1888 564 2175 620 indicatur.
2200 563 2430 617 Vocatur
2460 574 2635 617 autem
2655 577 2906 619 creaturw
2924 570 3256 636 principium,
3283 575 3405 640 quia

1881 661 1962 704 est
1988 653 2341 718 primordialis
2370 661 2422 705 et
2451 652 2685 707 increata
2714 655 2953 721 ejusdem
2984 673 3190 710 causa-z
3229 663 3308 712 vel
3339 665 3405 712 ob

1881 739 1931 791 id
1961 748 2220 793 creaturae
2273 740 2411 809 ἀρχὴ
2459 751 2697 805 vocatur,
2729 745 2854 810 quia
2888 745 3187 798 absolutum
3236 748 3286 798 i.-.

1880 840 2064 878 omnes
2086 826 2369 893 productas
2401 826 2751 895 principatum
2779 838 2943 882 tenet.

1949 912 2032 976 Ill,
2067 914 2152 980 15,
2183 914 2422 968 i6.-Scio
2453 932 2606 983 opera
2637 926 2743 979 tua,
2783 919 2917 984 quod
2976 936 3134 988 neque
3178 923 3400 991 frigidus

1878 1019 1951 1062 es,
1981 1017 2135 1069 neque
2156 1002 2358 1054 calidus
2387 1016 2407 1055 .'
2437 1005 2637 1057 utinam
2691 1005 2904 1073 frigibus
2947 1023 3099 1072 esses,
3139 1021 3230 1063 aut
3278 1013 3407 1065 cali~

1877 1092 2011 1143 dus!
2038 1091 2138 1144 Sed
2177 1092 2297 1160 quin
2339 1093 2537 1158 tepidus
2558 1109 2632 1156 es,
2660 1103 2708 1147 et
2736 1110 2823 1147 uec
2864 1096 3085 1164 [rigidus
3134 1115 3223 1152 nec
3275 1103 3405 1154 cati-

1877 1180 1996 1244 a‘us,
2044 1181 2289 1247 incipiam
2338 1191 2384 1232 te
2408 1191 2631 1234 evomere
2662 1198 2725 1235 ea:
2741 1198 2826 1235 ore
2857 1200 2984 1250 meo.

1946 1269 2079 1320 Cum
2109 1268 2376 1321 hominem
2411 1278 2653 1322 accurate
2678 1271 2875 1336 vivere,
2910 1273 3008 1326 boe
3032 1281 3131 1336 est,
3159 1274 3236 1327 vel
3252 1276 3393 1348 ἲἱιιεῑ-

1877 1357 2041 1426 guiter
2086 1357 2300 1424 fervere,
2335 1358 2413 1410 vel
2463 1358 2731 1424 insigniter
2759 1358 2944 1426 frigere
2981 1371 3246 1429 oporteat,
3289 1379 3398 1418 me-

1876 1444 1976 1498 rito
2003 1443 2498 1512 (inquitGregorius
2529 1444 3026 1514 Theologus)dieit:
3060 1448 3271 1502 Utinam
3304 1452 3399 1519 fri-

1874 1532 2022 1599 gidus
2044 1541 2132 1585 aut
2161 1533 2385 1598 fervidus
2410 1535 2581 1588 esset!
2610 1534 2878 1603 Siquidem
2927 1537 3018 1604 qui
3069 1538 3286 1591 omnino
3309 1540 3403 1592 ad-

1877 1623 1979 1673 bue
2013 1620 2189 1689 friget,
2216 1621 2314 1674 hoc
2335 1630 2435 1687 est,
2466 1622 2717 1676 ferventis
2743 1624 2860 1676 lidei
2891 1638 3077 1678 exsors
3105 1633 3208 1685 est,
3247 1641 3402 1692 pror-

1873 1722 1965 1763 sus
1996 1723 2141 1776 spcm
2175 1707 2298 1761 facit
2326 1709 2436 1761 fore
2465 1719 2522 1762 ut
2548 1725 2664 1763 eam
2698 1712 2981 1780 aliquando
3019 1723 3399 1780 consequatur,

229 1790 364 1856 ρίας
413 1772 986 1860 ἐξέκοψε,καταγνοὺς’
1031 1795 1124 1862 τῆς
1173 1793 1476 1862 αίρεθείσης
1512 1772 1765 1856 πίστεως.

1872 1772 2111 1863 adeoque
2138 1794 2434 1863 exfrigido
2482 1795 2718 1850 fervidus
2743 1772 2972 1851 evadat:
3027 1807 3081 1852 at
3138 1772 3264 1852 vero
3309 1772 3399 1867 qui

235 1876 469 1944 Ἔργοις
509 1878 605 1946 μὲν
632 1878 737 1947 γὰρ
766 1880 864 1931 οὐκ
893 1881 1247 1945 ἀπογνωστέα
1289 1882 1320 1949 ή
1367 1882 1592 1950 μεσότης
1622 1898 1636 1913 ·
1666 1883 1769 1933 ὦσ-

226 1981 343 2032 τιερ
377 1967 407 2015 ὁ
432 1967 647 2035 ἔννομος
676 1970 863 2036 γάμος,
902 1968 1062 2036 μέσος
1089 1969 1163 2020 ὢν
1189 1970 1477 2037 παρθενίας
1501 1971 1596 2021 καὶ
1632 1988 1765 2038 πορ-

226 2054 409 2115 νείας,
435 2056 529 2106 οὐκ
559 2057 873 2126 ἁπόὸλητος·
903 2059 957 2108 ὲν
985 2058 1038 2108 δὲ
1066 2060 1130 2126 τῇ
1161 2059 1354 2120 πίστει,
1383 2057 1440 2107 τὸ
1484 2059 1646 2125 μέσον
1677 2061 1768 2110 καὶ

225 2142 459 2211 χλιαρὸν
481 2145 752 2212 ἀδόκιμον.

1869 1900 1962 1953 per
1987 1885 2312 1952 baptismum
2361 1887 2547 1952 spiritu
2603 1885 2835 1939 fervidus
2863 1889 3026 1940 semel
3081 1889 3309 1953 exstitit,
3350 1899 3401 1942 et

1868 1982 2049 2037 postea
2082 1986 2173 2038 per
2203 1972 2462 2039 ignaviam
2495 1972 2739 2039 intepuit,
2777 1973 2864 2024 ille
2889 1973 3078 2026 salutis
3103 1990 3250 2042 spem
3300 1973 3399 2026 sibi

1867 2062 1963 2129 ipsi
1997 2062 2388 2127 quodammodo
2425 2064 2736 2129 amputavit;
2788 2063 2886 2114 lide
2922 2063 3195 2125 nimirum,
3241 2079 3400 2130 quam

1867 2158 1988 2202 ante
2021 2149 2325 2216 complexus
2351 2149 2648 2212 videbatur,
2689 2153 2978 2217 repudiata.
3015 2153 3152 2203 Sane
3186 2153 3236 2202 in
3273 2166 3401 2218 ope-

226 2230 394 2283 ribus
422 2235 671 2295 externis,
705 2235 842 2301 quod
894 2234 1128 2286 medium
1185 2242 1381 2298 servat,
1407 2250 1511 2286 non
1568 2243 1648 2288 est
1698 2251 1907 2305 semper
1950 2237 2330 2304 respuendum,
2389 2238 2540 2305 quasi
2577 2253 2696 2289 cum
2772 2239 2900 2290 vitio
2931 2240 2999 2291 sit
3058 2240 3397 2305 conjttnclum

226 2325 439 2388 {neque
473 2324 614 2376 enim
652 2325 941 2390 legitimum
981 2325 1314 2392 coniugium,
1357 2326 1498 2393 quod
1535 2326 1761 2379 medium
1786 2334 1929 2378 tenet
1962 2326 2097 2378 inter
2156 2325 2472 2392 virginitatis
2533 2327 2831 2378 custodiam
2895 2337 2947 2377 et
3003 2343 3183 2394 vagam
3222 2327 3396 2380 libidi-

221 2428 390 2478 nem,
409 2422 487 2465 est
513 2414 1014 2483 condemnandum).
1040 2415 1105 2466 At
1134 2429 1257 2466 vero
1287 2413 1537 2476 medium,
1579 2414 1679 2470 hoc
1707 2424 1787 2468 est
1814 2415 2046 2482 tepidum
2081 2415 2130 2466 in
2159 2416 2277 2478 ildc,
2305 2415 2424 2481 jure
2452 2415 2518 2466 ab
2553 2415 2796 2468 omnibus
2841 2415 3188 2481 improbatur.

294 2502 516 2556 Μέλλω
561 2516 633 2561 σε
663 2502 864 2568 ἐμέσαι
907 2503 975 2554 ἐκ
1008 2503 1110 2555 τοῦ
1147 2504 1435 2569 στόματός
1486 2522 1601 2571 μου
1626 2523 1638 2535 ·
1674 2505 1764 2557 ὅτι

219 2589 452 2655 λέγεις,
479 2591 770 2654 Πλούσιός
799 2593 931 2656 ειμι,
957 2591 1051 2641 καί
1089 2592 1489 2655 πεπλούτηκα,
1522 2593 1617 2644 καὶ
1666 2596 1763 2645 οὺ-

219 2677 413 2740 δενύς
465 2678 667 2743 χρείαν
713 2678 849 2745 ἔχω.
909 2679 1013 2731 Καὶ
1075 2681 1184 2730 οὐκ
1239 2675 1404 2743 οἶδας
1457 2679 1543 2730 ὅτι
1597 2680 1678 2732 σὺ
1716 2683 1768 2732 εί

221 2766 255 2815 ό
307 2765 698 2828 ταλαίπωρος,
733 2763 850 2830 [καί
896 2762 1194 2832 ὲ.ιεεινὸς,]
1239 2765 1333 2814 καὶ
1375 2764 1621 2832 πτωχὸς,
1673 2765 1767 2818 καὶ

223 2852 488 2917 τυφλὸς,
517 2851 610 2902 καὶ
650 2852 891 2918 γυμνός.

291 2941 509 3008 Ὠσπερ
553 2942 678 3008 γὰρ,
710 2940 961 3007 φησὶ,’τδ
993 2942 1206 3010 χλιαρὸν
1249 2944 1440 3011 ἔμετον
1491 2944 1625 2993 κινεῖ
1658 2944 1768 3003 τοῖς

1932 2502 2013 2564 ΙΙΙ,
2047 2503 2129 2565 16,
2165 2504 2249 2554 17.
2274 2502 2525 2569 Incipiam
2561 2514 2609 2554 te
2646 2519 2872 2554 evomere
2900 2517 2961 2554 ea:
2987 2520 3074 2554 ore
3111 2521 3238 2567 meo,
3276 2506 3398 2572 quia

1862 2593 1989 2643 dicis
2026 2607 2044 2644 :
2075 2591 2223 2643 Dives
2253 2607 2387 2653 sum,
2417 2600 2462 2642 et
2486 2591 2848 2656 locupletatus,
2877 2601 2922 2642 ct
2954 2591 3141 2642 nullius
3178 2608 3324 2659 egro;
3350 2602 3399 2645 et

1863 2682 2020 2730 nescis
2044 2679 2164 2746 quia
2189 2690 2242 2730 tu
2281 2694 2331 2730 es
2367 2679 2538 2741 miser,
2571 2687 2618 2730 et
2665 2678 2992 2741 miserabilis,
3035 2689 3080 2730 et
3107 2695 3320 2746 pauper,
3350 2691 3399 2734 σε

1862 2780 2046 2827 cturus,
2077 2773 2122 2816 et
2146 2764 2333 2816 nudus.

1941 2933 2418 2998 Quemadmodum,
2456 2935 2647 3003 inquit,
2670 2935 2904 3003 tepidum
2955 2935 3018 2988 iis
3048 2936 3187 2989 ciere
3224 2938 3394 2990 vomi-

223 3028 754 3096 μεταλαμϐάνουσιν,
785 3029 922 3080 οὕτω
940 3029 1090 3097 κάγώ
1108 3047 1162 3081 σε
1185 3031 1255 3092 ὡς
1275 3030 1552 3097 βδελυκτὸν
1578 3029 1765 3097 βρῶμα

1869 3032 1978 3076 tum
2014 3025 2148 3077 solet
2187 3024 2276 3091 qui
2319 3024 2441 3076 illud
2470 3033 2786 3087 assumunt,
2823 3025 2890 3075 ita
2927 3039 3023 3090 ego
3067 3040 3278 3092 quoque
3307 3041 3398 3093 per

221 3115 419 3182 ιμέσω
445 3116 529 3166 διὰ
559 3116 715 3181 λόγου
744 3117 1000 3183 στόματός
1028 3135 1126 3186 μου
1155 3119 1235 3179 είς
1268 3117 1478 3169 αἰώνιον
1507 3119 1720 3170 κόλασιν
1751 3135 1763 3148 ·

223 3205 311 3255 ὅτι
346 3206 460 3264 ταῖς
491 3204 748 3266 ἀκάνθαις
771 3205 862 3256 τοῦ
895 3205 1119 3257 πλούτου
1151 3206 1238 3258 τὸν
1263 3208 1457 3276 σπόρον
1482 3208 1573 3259 τοῦ
1626 3209 1764 3259 θείου

221 3293 398 3358 λόγου
443 3294 835 3361 συμπνίγουσα,
866 3295 964 3364 τὴν
1004 3297 1198 3362 ἑαυτῆς
1223 3297 1280 3347 ὲν
1320 3299 1427 3357 τοῖς
1469 3314 1764 3364 πνευματι-

223 3384 352 3443 κοῖς
407 3381 613 3446 ἀγνοεῖς
648 3383 934 3449 πτωχείαν,
996 3384 1090 3435 καὶ
1139 3383 1236 3451 τὴν
1267 3383 1372 3435 τῶν
1396 3386 1600 3454 νοητῶν
1627 3385 1766 3454 [σου]

222 3471 522 3537 ὀφθαλμῶν
572 3471 860 3539 τύφλωσιν,
891 3473 982 3523 καὶ
1023 3475 1120 3541 τὴν
1147 3473 1204 3536 ἐξ
1255 3473 1470 3538 ἀγαθῶν
1521 3473 1765 3540 πράξεων

224 3576 298 3625 γυ
308 3575 533 3627 μνωσιν.

298 3735 688 3800 Συμϐουλεύω
730 3750 824 3786 σοι
861 3734 1141 3799 ἀγοράσαι
1176 3734 1309 3794 παρ’
1341 3732 1483 3800 ἐμοῦ
1513 3734 1764 3800 χρυσίον

221 3822 653 3888 πεπυρωμένον
697 3823 764 3872 ὲκ
814 3826 1018 3888 πυρὸς,
1076 3824 1173 3872 ira
1227 3823 1599 3885 πλουτήσῃςο
1668 3822 1763 3872 καί

221 3909 428 3978 ἱμάτια
455 3909 658 3971 λευκὰ,
684 3909 783 3960 ἵνα
811 3908 1114 3974 περιϐάλῃ,
1150 3909 1246 3960 καί
1280 3909 1361 3974 μὴ
1393 3908 1693 3976 φανερωθῇ
1726 3909 1761 3975 ἠ

221 4001 490 4065 αισχύνη
537 3997 645 4066 τῆς
691 3999 1048 4065 γυμνότητός
1098 4011 1241 4049 σου·
1297 3997 1390 4048 καί
1447 3998 1762 4065 κολλύριον

221 4089 511 4155 ἓγχρισον
537 4087 676 4150 τοὺς
714 4087 1048 4152 ὀφθαλμούς
1075 4102 1209 4146 σου,
1241 4087 1337 4138 ἵνα
1365 4086 1621 4152 βλέπῃς.

295 4176 366 4226 Ei
405 4174 461 4225 δὲ
508 4173 796 4241 πλουτῆσαι
840 4173 1021 4240 βούλῃ,
1057 4175 1207 4239 φησὶ,
1265 4173 1607 4240 συμϐουλεύω
1656 4189 1758 4236 σοι,

219 4265 361 4331 παρ’
408 4262 538 4331 ἐμοῦ
583 4261 674 4314 τοῦ
732 4261 1099 4322 πλουτίζοντος
1153 4261 1445 4329 κτήσασθαι
1507 4260 1758 4330 προθέσει

219 4352 429 4422 ζεούσῃ
465 4353 553 4404 καὶ
587 4351 779 4420 καρδίᾳ
811 4349 1053 4420 θελούσῃ,
1100 4349 1314 4417 χρυσίον
1343 4347 1755 4416 πεπυρωμένον,

219 4437 463 4508 [ﬁrmavi
501 4437 591 4488 τὸν
636 4436 1002 4488 διδασκαλικὸν
1047 4434 1219 4501 λόγον,
1261 4435 1348 4486 τὸν
1376 4436 1452 4504 τῷ
1485 4439 1614 4500 πυρὶ
1651 4436 1757 4485 τῶν

221 4525 550 4594 πειρασμῶν
586 4523 1054 4591 λαμπρυνόμενοψ
1085 4523 1152 4575 δι’
1179 4519 1238 4574 οὗ
1272 4524 1406 4586 ἕξεις
1439 4525 1494 4574 ὲν
1526 4526 1588 4590 τῇ
1625 4540 1755 4590 καρ-

218 4612 314 4678 δίᾳ
360 4611 447 4661 τὸν
477 4607 743 4676 θησαυρὸν
772 4608 980 4668 ἄσυλον,
1018 4609 1110 4658 καὶ
1143 4609 1400 4675 περιϐαλῇ
1438 4609 1532 4672 τὴν
1565 4609 1755 4676 στολὴν

219 4701 335 4750 τῶν
365 4699 570 4767 ἀρετῶν
601 4699 695 4766 τὴν
738 4697 1146 4768 ὑπέρλαμπρον·
1183 4696 1247 4747 δι’
1276 4693 1340 4765 ἧς
1380 4700 1412 4765 ἡ
1472 4714 1756 4764 προσγενο-

221 4790 370 4854 μένη
420 4805 498 4837 σοι
551 4789 607 4850 ἐξ
658 4786 920 4854 ἁμαρτίας
974 4785 1409 4853 ἀμφιασθήσεται
1460 4788 1754 4855 γύμνωσις.

221 4875 558 4938 liciturum“
581 4875 656 4937 δὲ,
680 4876 711 4940 ἡ
735 4872 1096 4941 ἁκτημοσύνη.
1128 4873 1185 4924 El
1210 4873 1313 4940 γὰρ
1339 4873 1482 4942 δῶρα
1505 4874 1756 4942 ἐκτυφλοί

217 4963 535 5028 ὑφθαλμιιὺς
572 4963 890 5029 βλεπόντωι,
929 4964 1142 5024 τούτους
1183 4964 1392 5023 πάντως
1454 4963 1654 5029 ἀνοίγει
1695 4963 1754 5013 τὸ

217 5051 496 5114 ἀδωίιυδὸκ
507 5067 648 5114 ητον.

309 5217 456 5288 Ἐγὼ
485 5217 659 5281 ὅσους
711 5221 815 5272 ἐὰν
864 5218 1030 5288 φιλῶ,
1078 5220 1298 5287 ἐλέγχω
1343 5221 1438 5273 καί
1480 5223 1748 5276 παιδεύω.

223 5308 518 5373 Ζήλωσον
545 5301 655 5358 οὖν
679 5309 773 5357 καί
797 5312 1188 5373 μετανόησον.

296 5395 314 5464 [
345 5397 491 5460 Ἐγὼ
517 5395 696 5457 ὅσους
729 5395 831 5446 ἐὰν
862 5395 1030 5460 gilii).
1060 5398 1294 5463 ἐλέγχω,
1324 5397 1432 5464 -]
1469 5399 1635 5451 nasci
1657 5400 1752 5466 τῆς

227 5487 662 5554 φιλανθρωπίαςί
692 5487 823 5554 πόσῃ
845 5487 1128 5553 ἀγαθότητι
1161 5489 1187 5537 ὁ
1220 5487 1430 5552 ἔλεγχος
1465 5489 1749 5555 κέκραταιί

312 5574 466 5628 Ἰδοὺ
510 5575 728 5640 ἓστιμιιι
768 5577 858 5626 ἐπὶ
897 5576 1002 5638 τὴν
1040 5578 1238 5640 θύραν,
1273 5577 1360 5626 καὶ
1401 5579 1614 5641 κρούω·
1650 5580 1751 5628 ἐὰν

1867 3115 2086 3166 verbum
2119 3117 2232 3166 oris
2279 3113 2379 3165 mei
2437 3121 2486 3165 te
2519 3113 2679 3165 veluti
2709 3114 3085 3166 exsecrabilem
3109 3130 3284 3167 escam
3329 3116 3395 3189 in

1865 3203 2250 3270 sempiternum
2280 3201 2594 3269 supplicium
2622 3217 2895 3269 exspuam.
2927 3201 3058 3254 Nam
3089 3203 3394 3257 divitiarum

1865 3290 2032 3356 spinis
2064 3290 2291 3350 obsitus,
2314 3287 2478 3340 divini
2520 3290 2665 3340 verbi
2701 3303 2880 3340 semen
2915 3289 2964 3341 in
3021 3298 3071 3342 te
3110 3291 3390 3358 praefocas,

1863 3388 2114 3447 tuamque
2143 3379 2192 3430 in
2212 3379 2368 3430 rebus
2383 3376 2716 3444 spiritalibus
2751 3377 2981 3445 inopiam
3018 3377 3269 3444 ignoras;
3300 3393 3394 3430 nc-

1863 3483 1965 3536 que
1992 3468 2307 3520 interiorum
2340 3465 2615 3518 oculorum
2646 3477 2857 3518 tuorum
2887 3464 3176 3516 cmcitatem
3211 3480 3387 3526 curas,

1863 3573 2036 3626 neque
2067 3565 2208 3610 tuam
2234 3569 2446 3624 quoque
2471 3569 2499 3606 a
2519 3554 2675 3607 bonis
2702 3553 2956 3620 operibus
2981 3553 3272 3605 nuditatem
3304 3568 3394 3607 sa-

1865 3649 1932 3699 lis
1966 3654 2212 3698 accurate
2236 3643 2566 3697 consideras.

1934 3736 2031 3803 17
2055 3732 2139 3796 Ill,
2163 3733 2248 3786 18.
2281 3731 2485 3785 Suadeo
2514 3730 2609 3783 tibi
2627 3745 2790 3783 emere
2817 3746 2847 3782 a
2871 3745 2947 3780 me
2969 3744 3152 3780 aurum
3178 3729 3394 3796 ignitum

1861 3824 2163 3890 probatum,
2197 3831 2253 3873 ut
2302 3819 2524 3886 locuples
2558 3819 2656 3885 ﬁas
2687 3831 2704 3869 :
2730 3828 2776 3869 et
2804 3818 3116 3869 vestimentis
3146 3816 3276 3868 albis
3311 3817 3394 3868 iu-

1860 3912 2072 3974 duaris,
2109 3920 2163 3962 ut
2203 3925 2302 3960 nou
2341 3917 2585 3976 appareat
2615 3907 2847 3974 confusio
2887 3907 3136 3957 uurlitatis
3170 3917 3270 3956 tutu
3301 3920 3317 3956 :
3348 3912 3396 3956 et

1859 4000 2074 4067 collyrio
2109 4000 2295 4066 inuuge
2325 3998 2498 4048 oculos
2535 4006 2668 4058 tuos,
2704 4004 2757 4045 ut
2788 3995 2976 4045 rideas.

1929 4168 1984 4222 Si
2013 4169 2271 4222 ditescere
2311 4167 2491 4231 lubet,
2532 4181 2559 4220 a
2602 4182 2701 4230 me,
2741 4165 2929 4232 inquit,
2967 4165 3055 4231 qtti
3090 4178 3239 4215 veras
3289 4174 3398 4217 sta-

1863 4259 2097 4327 bilesque
2118 4273 2246 4327 opes
2287 4258 2504 4325 largior,
2541 4254 2764 4307 ferventi
2794 4253 3056 4304 desiderio
3097 4252 3396 4317 volentique

1794 4331 1834 4384 D
1865 4349 2040 4400 animo
2069 4347 2290 4414 ignitum
2315 4358 2502 4397 aurum
2522 4344 2717 4404 emito;
2740 4356 2927 4407 nempe
2953 4355 3117 4392 sat-rte
3143 4341 3396 4392 doctrina:

1859 4435 2075 4486 verbum
2121 4433 2241 4498 igne
2274 4432 2626 4484 teutationum
2659 4429 2991 4497 exploratum
3029 4427 3394 4495 splendidum-

1856 4538 1958 4589 que
2005 4521 2287 4574 redditum.
2339 4519 2437 4571 Per
2480 4520 2580 4571 boc
2624 4518 2762 4568 enim
2811 4516 2956 4566 cordi
3005 4523 3094 4565 tuo
3133 4515 3392 4580 ejusmodi

1857 4611 2138 4660 thesaurus
2178 4607 2436 4671 obtinget,
2465 4604 2553 4672 qui
2582 4619 2677 4655 nec
2708 4603 2890 4654 violari
2939 4616 3034 4653 nec
3059 4601 3213 4667 diripi
3243 4600 3395 4653 facile

1857 4697 2066 4764 poterit.
2099 4693 2463 4761 Vestierisque
2496 4692 2770 4760 Splendida
2819 4694 3074 4743 virtutum
3101 4691 3257 4750 stola,
3289 4706 3393 4756 qua

1856 4783 2085 4840 auditas,
2121 4796 2282 4848 quam
2314 4795 2377 4831 ex
2410 4789 2625 4846 peccato
2654 4786 3018 4836 contraxeras,
3056 4784 3388 4841 contegctur.

1855 4869 1954 4921 Per
1996 4868 2266 4936 collyrium
2304 4876 2479 4920 autem
2530 4867 2750 4918 innuero
2795 4865 3003 4916 videtur
3049 4872 3388 4914 externarum

1856 4972 2028 5009 rerum
2058 4957 2352 5024 penuriam,
2384 4969 2772 5020 mulierumque
2801 4952 3225 5018 despicientiam.
3256 4947 3387 5000 Nam

1853 5045 1895 5097 si
1931 5045 2068 5096 dona
2134 5045 2421 5095 videntium
2459 5042 2642 5093 oculos
2683 5048 2986 5102 excmcant,
3017 5039 3236 5091 utnniuo
3270 5052 3385 5088 mu-

1854 5145 2036 5183 nermn
2068 5130 2396 5198 contemptio
2425 5130 2522 5181 bos
2551 5130 2772 5196 aperiet.

1922 5218 2005 5281 Ill,
2037 5220 2118 5272 19.
2155 5219 2261 5287 Ego
2286 5235 2409 5287 quos
2435 5235 2569 5279 nuto.
2591 5234 2750 5284 arguo
2778 5225 2824 5267 et
2864 5215 3078 5280 castigo.
3113 5212 3388 5265 ﬁmulare

1850 5324 1998 5376 ergo,
2027 5321 2072 5361 et
2093 5309 2440 5375 paenitentiam
2474 5322 2586 5372 age.

1920 5397 2103 5464 l’apm!
2153 5406 2349 5461 quanta
2396 5395 2483 5447 Dei
2528 5393 2844 5446 clementia!
2885 5405 3080 5461 quanta
3126 5394 3385 5445 suavitate

1852 5497 1902 5541 et
1933 5485 2253 5551 benignitate
2287 5484 2754 5552 reprehensionem
2786 5483 3070 5551 temperat!

1925 5575 2010 5641 111,
2036 5576 2121 5628 20.
2167 5578 2275 5641 Ego
2311 5585 2390 5628 sto
2426 5575 2491 5626 ad
2523 5574 2708 5627 ostium
2752 5583 2797 5625 cl
2831 5573 2996 5637 pulso.
3049 5572 3104 5623 Si
3137 5570 3246 5637 ιμιὶδ
3286 5585 3380 5619 nu-
