4088 6332
644 331 751 393 255
1784 327 2106 389 ΑΝΒΒΕΕ
2140 328 2643 389 ϐῶὸΑΒΙΕΝδΙΞ
3691 327 3805 390 256

644 442 925 505 triarchze,
948 440 1229 496 duodecim
1255 440 1487 495 tribuum
1528 438 1796 510 principes
1832 446 1885 494 et
1912 439 2066 509 quasi
2098 454 2183 494 ca-

2298 441 2376 494 ιιαὶ
2418 439 2748 510 εὐφροσύνης
2793 437 3032 511 σύμϐολά
3060 439 3273 511 [εισινο]
3305 442 3351 493 οί
3390 441 3445 492 δὲ
3480 441 3769 507 στέφανοι
3791 477 3809 501 ,

644 534 776 601 pita.
820 530 879 584 In
937 530 1089 585 Novo
1133 540 1347 594 autem,
1388 529 1671 584 duodecim
1733 527 1994 597 apostoli;
2039 543 2173 596 quos

2298 528 2372 595 πῆς
2399 528 2549 595 νίκης
2596 529 2659 598 ἢν
2690 530 2822 597 πρὸς
2856 530 2981 592 τοὺς
3009 529 3274 599 πονηροὺς
3307 530 3558 600 δαίμονας
3591 528 3812 600 κατώρ-

646 627 857 686 proptcr
887 618 1227 672 excellentem
1272 618 1516 671 virtutem
1556 625 1610 667 et
1639 613 1976 682 sapientiam,
2018 614 2174 667 Chri-

2298 618 2455 667 Ιωσαν
2482 616 2877 685 ἀνδρισάμενοι.

647 715 763 759 stus
821 704 1075 760 Dowinus
1129 704 1407 759 duodecim
1469 702 1699 755 tribuum
1758 698 1915 755 Israel
1962 698 2168 767 Iudices
2222 700 2347 754 olim
2379 701 2583 755 futuros
2623 702 2825 757 docuit.
2877 701 3127 758 Candida
3192 714 3365 759 autem
3395 703 3817 771 stola,symbo'

648 791 756 845 lum
786 803 911 846 sunt
956 793 1171 863 integrae
1200 784 1448 861 puraque
1487 791 1643 844 vitae:
1688 798 1797 843 tum
1846 797 2111 857 perpetua:
2160 804 2373 858 quoque
2422 791 2721 845 festivitatis
2778 790 3063 860 solidaque
3120 792 3345 858 latitia,
3378 796 3502 862 'qua
3547 794 3681 847 beati
3712 807 3819 861 po.

649 882 867 936 tientur.
905 880 1120 936 Corona:
1155 883 1365 935 tandem
1406 894 1606 941 aurea,
1658 877 1889 931 victoria:
1928 874 2185 929 adversus
2213 876 2473 946 malignos
2502 877 2790 941 daemones,
2841 892 2946 932 non
2976 876 3177 947 absque
3232 892 3423 947 magna
3451 876 3615 932 animi
3643 876 3807 931 forti-

651 972 832 1027 tudine
860 972 1112 1035 obtentze,
1144 979 1269 1025 sunt
1300 982 1457 1026 notas.
1518 974 1533 989 ‘

718 1059 807 1124 IV,
838 1062 889 1115 5.
926 1059 989 1113 Et
1019 1061 1079 1113 de
1101 1060 1281 1113 throno
1309 1060 1643 1128 procedebant
1671 1058 1880 1127 fulgura
1900 1094 1915 1122 ,
1944 1066 1992 1111 et
2021 1072 2185 1123 uoces,

649 1156 695 1200 et
722 1147 973 1200 tonitrua.

719 1231 785 1285 Et
815 1232 940 1287 hinc
970 1248 1185 1303 quoque
1222 1234 1435 1301 planum
1480 1235 1556 1299 lit,
1589 1250 1751 1302 quam
1799 1233 2086 1290 terribilem
2124 1248 2187 1287 ac

652 1318 1043 1375 firmidabilem
1086 1322 1224 1376 Deus
1280 1323 1346 1377 iis
1384 1322 1639 1376 exhibere
1683 1335 1800 1374 sese
1844 1319 2047 1383 soleat,
2094 1318 2185 1386 qui

652 1407 793 1461 illius
834 1409 1089 1475 patientia
1131 1419 1184 1461 et
1233 1410 1643 1462 mansuetudine
1692 1408 2002 1462 abutuntur.
2053 1406 2183 1459 Nam

656 1497 963 1550 hominibus
993 1498 1164 1551 salute
1191 1498 1366 1564 dignis
1415 1498 1644 1549 tonitrua
1678 1497 1858 1549 isthec
1898 1506 1949 1548 et
1976 1494 2185 1562 fulgura

654 1584 822 1638 lucem
856 1586 1029 1639 verius
1050 1594 1103 1639 et
1122 1586 1445 1653 voluptatem
1468 1601 1627 1653 quam
1665 1596 1915 1637 terrorem
1939 1583 2181 1637 aﬁ‘erent.

2352 1059 2457 1111 Kal
2486 1059 2554 1111 ἐκ
2581 1058 2683 1112 τοῦ
2705 1060 2919 1125 θρόνου
2947 1058 3362 1127 lampadas-rat
3391 1056 3681 1123 ἀστραπαί
3709 1054 3817 1109 nul

2284 1147 2467 1213 φωναί
2501 1149 2593 1199 καί
2625 1148 2892 1215 βρονταί.

2354 1236 2649 1291 Κάντεῦθεν
2677 1236 2735 1287 τὸ
2759 1235 2983 1306 φοϐερὸν
3005 1236 3097 1288 καὶ
3114 1234 3544 1305 καταπληκτικὸν
3564 1231 3655 1285 τοῦ
3674 1232 3819 1285 Θεοῦ

2282 1325 2421 1375 κατὰ
2456 1324 2563 1376 τῶν
2609 1322 2837 1386 ἀναξίων
2863 1326 2959 1394 τῆς
3001 1320 3160 1378 αὐτοῦ
3194 1324 3563 1393 μακροθυμίας
3599 1324 3819 1375 δείκνυ-

2281 1430 2387 1465 ται.
2425 1410 2761 1482 Τοτςμέντοι
2807 1414 3079 1483 σωτηρίας
3126 1414 3293 1477 ἀξίοις
3324 1413 3525 1466 τούτων
3575 1412 3820 1479 ἑκάτερα.

2288 1501 2561 1569 φωτισμὸν
2596 1501 2892 1571 ὶντίθησιν·
2935 1502 2969 1570 ἡ
3005 1502 3102 1571 μὲν
3146 1504 3257 1564 τοῖς
3299 1502 3395 1567 τῆς
3448 1500 3678 1562 διανοίας
3707 1500 3815 1568 δμ-

2292 1603 2480 1654 μασιν,
2520 1590 2553 1655 ὴ
2578 1588 2634 1639 δὲ
2653 1591 2761 1648 τοῖς
2795 1591 3174 1659 πνευματικοῖς
3202 1588 3331 1640 ὠσὶν
3356 1589 3714 1656 δμπίπτουσα.

654 1676 891 1729 Alterum
926 1692 1155 1745 namque
1187 1692 1251 1730 ex
1287 1676 1390 1739 his,
1428 1675 1617 1729 mentis
1649 1676 1859 1730 illorum
1914 1674 2097 1729 oculos
2124 1674 2321 1730 lumine
2370 1677 2679 1745 perfundet;
2726 1680 2951 1733 alterum
2987 1694 3134 1744 vero,
3182 1679 3449 1747 spiritales
3497 1677 3820 1733 eorumdem

655 1778 815 1815 aures
857 1760 1110 1829 perﬁciet,
1141 1770 1193 1816 et
1226 1762 1453 1830 quadam
1488 1763 1750 1817 suavitate
1775 1759 1991 1813 afficiet.

723 1853 811 1919 IV,
839 1855 890 1917 5,
923 1856 975 1906 6.
1007 1853 1074 1928 Et
1102 1863 1289 1921 septem
1325 1853 1585 1918 lampades
1622 1852 1857 1904 ardentes
1887 1862 2018 1904 ante
2046 1851 2189 1903 thro-

2361 1854 2466 1905 Kal
2508 1853 2654 1905 ἁπτὰ
2692 1852 2995 1920 λαμπάδες
3024 1855 3209 1922 πυρὸς
3241 1858 3537 1923 καιόμεναι
3566 1856 3826 1909 ἐνώπιον

658 1962 812 2009 num;
839 1961 952 2013 qua:
986 1953 1107 1998 sunt
1130 1955 1320 2012 septem
1345 1945 1558 2011 spiritus
1586 1944 1680 1995 Dei
1703 1958 1721 1995 :
1748 1953 1795 1995 et
1836 1943 1891 1995 in
1918 1950 2188 2008 conspectu

658 2036 789 2089 sedis
825 2044 1070 2103 tanquam
1098 2049 1239 2087 mars
1264 2034 1481 2086 vitreum
1520 2032 1686 2085 simile
1718 2032 1980 2119 crystallo.

729 2202 832 2259 Per
873 2211 1063 2272 septem
1090 2202 1186 2258 bos
1214 2203 1447 2271 spiritus,
1484 2211 1577 2257 aut
1612 2212 1811 2272 septem
1839 2203 2057 2270 angelos
2085 2218 2189 2257 ca!-

659 2294 792 2348 teris
824 2290 1219 2360 prmstantiOres
1260 2307 1381 2345 cum
1428 2291 1623 2346 Irenao
1658 2292 1897 2360 accipere
1929 2299 2140 2359 oportet
2176 2308 2188 2343 :

660 2390 752 2433 aut
779 2389 983 2447 septem
1028 2379 1220 2433 vivifici
1251 2379 1395 2433 illius
1421 2379 1652 2446 Spiritus
1679 2380 2021 2433 charismata.
2049 2380 2194 2442 Quo-

666 2484 785 2521 rum
822 2468 1143 2521 mentionem
1188 2467 1312 2520 facit
1338 2467 1502 2520 Isaias
1530 2468 1803 2535 propheta.
1841 2468 2075 2534 Utraque
2101 2483 2192 2519 ex-

666 2557 860 2625 positio
894 2558 1099 2609 ratione
1135 2566 1188 2610 et
1222 2556 1540 2610 auctoritate
1578 2556 1779 2609 nititur.
1804 2556 2063 2609 Caeterum
2102 2569 2193 2621 per

666 2660 805 2695 mare
832 2646 1047 2695 vitreum
1069 2643 1327 2695 immensa
1344 2642 1431 2695 illa
1449 2652 1750 2696 sanctarum
1772 2640 2033 2695 Virtutum
2057 2642 2195 2693 mul-

664 2731 853 2792 titudo,
883 2747 1169 2799 rerumque
1202 2732 1494 2797 caelestium
1521 2732 1588 2784 ab
1615 2733 1757 2784 omni
1806 2731 1921 2783 labe
1950 2731 2197 2782 immuni-

666 2832 746 2889 tas
773 2837 786 2882 ;
822 2836 1029 2873 necnon
1062 2835 1161 2888 pax
1192 2821 1279 2874 illa
1312 2835 1629 2888 summaque
1663 2820 1855 2873 futura:
1887 2823 2005 2873 vitm
2049 2832 2197 2873 tran-

577 2960 582 2961 ,
666 2907 899 2973 quillitas
927 2908 1257 2976 designatur.
1292 2908 1432 2961 Sunt
1474 2914 1649 2959 tamen
1694 2907 1782 2973 qui
1817 2922 1907 2973 per
1947 2922 2089 2959 mare
2126 2908 2200 2958 vi-

668 3006 832 3047 treum
871 3010 1039 3063 aquas
1066 2995 1183 3063 illas
1212 3011 1330 3063 qua:
1354 2996 1649 3049 secundum
1676 2995 2009 3047 Psalmistam
2042 3010 2199 3061 super

670 3086 831 3139 cmlos
850 3086 1089 3150 firmatae,
1111 3086 1312 3139 homini
1325 3101 1544 3154 prorsus
1562 3087 1840 3153 Incognita:
1851 3094 1901 3137 et
1918 3085 2201 3137 inaccessa:

2288 1942 2392 1995 τοῦ
2418 1943 2626 2007 θρόνου
2644 1959 2657 1974 ·
2685 1944 2745 1995 al
2772 1946 2887 1996 είσι
2913 1944 2983 1997 τὰ
3005 1943 3150 1997 ἑπτὰ
3177 1945 3475 2013 πνεύματα
3506 1944 3607 1997 τοῦ
3643 1945 3819 1998 Θεοῦ.

2288 2035 2393 2086 Kal
2426 2032 2675 2087 ἐνώπιον
2696 2034 2798 2087 τοῦ
2821 2035 3052 2099 θρόνου,
3086 2032 3361 2087 θάλασσα
3382 2034 3619 2099 ὑαλίνη,
3644 2033 3826 2100 ὁμοία

2290 2106 2663 2190 κρυστάλλῳ.

2358 2210 2437 2263 Τά
2467 2212 2521 2262 δὲ
2549 2210 2695 2262 ἑπτὰ
2719 2212 3023 2278 πνεύματα
3054 2210 3145 2263 τοῦ
3189 2210 3342 2273 Θεοῦ,
3380 2212 3507 2275 εἴτε,
3555 2212 3629 2273 ὥς
3650 2226 3821 2280 φησιν

2293 2298 2600 2366 Είρηναϊος,
2638 2297 2774 2350 ἑπτά
2807 2296 3064 2363 ἀγγέλους
3087 2295 3191 2347 τῶν
3222 2296 3421 2347 λοιπῶν
3457 2294 3823 2363 ὑπερέχοντας

2292 2387 2370 2438 δεῖ
2416 2388 2581 2450 νοεῖν,
2630 2387 2735 2436 εῐτε
2762 2385 2859 2446 τὰς
2904 2385 3175 2452 ἐνεργείας
3216 2382 3308 2435 τοῦ
3349 2382 3607 2446 ζωοποιοῦ
3644 2382 3817 2435 Πνεῦ-

2298 2490 2479 2541 ματος,
2516 2467 2588 2524 ὧν
2644 2473 2863 2533 Ἠσαίας
2913 2474 3199 2540 μέμνηται.
3261 2472 3379 2522 Οὐδ’
3428 2471 3610 2538 ἕτερον
3664 2465 3822 2537 οἴμαι

2274 2560 2550 2612 ἀπίθανον
2576 2575 2592 2589 ’
2646 2559 2678 2624 ἠ
2721 2558 2788 2610 δὲ
2809 2558 3327 2623 ὑαλίνηθὰλασσα
3378 2558 3437 2609 τὺ
3471 2558 3666 2625 πλῆθος
3703 2556 3821 2610 τῶν

2298 2650 2461 2716 ἁγίων
2502 2646 2913 2715 Δυνάμεωνικαὶ
2958 2647 3017 2698 τὸ
3068 2645 3300 2714 καθαρὸν
3332 2646 3422 2696 καὶ
3470 2645 3822 2709 ἀκηλίδωτον,

2296 2741 2387 2791 καί
2411 2738 2470 2791 τὸ
2496 2738 2594 2804 τῆς
2625 2737 2912 2806 μελλούσης
2934 2736 3073 2802 ζωῆς
3119 2734 3497 2803 χαρακτηρίζει
3528 2734 3823 2803 ἀτάραχον.

2296 2828 2447 2895 Τάχα
2496 2827 2551 2879 δὲ
2603 2827 2689 2878 διὰ
2733 2825 2929 2891 ταύτης
2975 2826 3219 2892 δηλοῦται
3264 2824 3330 2877 τὰ
3377 2824 3599 2894 οὐράνια
3652 2825 3825 2886 νῶτα,

2298 2914 2598 2978 ἀνεφίκτοις
2628 2914 2754 2980 ἡμῖν
2812 2912 2983 2977 ὕδασι,
3010 2911 3147 2963 κατὰ
3173 2914 3259 2977 τὸν
3288 2910 3602 2979 Ψαλμῳδὸν,
3628 2927 3827 2977 στεγα-

2300 3002 2522 3069 ζόμενα.
2572 3000 2632 3052 Εἰ
2671 3001 2725 3052 δέ
2765 3018 2874 3053 τισι
2924 3001 3360 3067 κρυσταλλοειδὴς
3394 3002 3424 3068 ἡ
3457 3000 3548 3051 τοῦ
3594 2999 3829 3067 οὐρανοῦ

2263 3152 2267 3156 ι
2304 3091 2457 3158 φύσις
2492 3093 2823 3159 νενόμισται,
2867 3094 3085 3142 σκοπεῖν
3128 3092 3229 3159 χρὴ
3280 3093 3327 3141 εί
3380 3092 3452 3159 μὴ
3482 3094 3513 3159 ἠ
3544 3092 3696 3143 οὐσία
3727 3089 3830 3143 τοῦ

672 3182 817 3236 sunt,
851 3175 1131 3227 denotatas
1164 3183 1350 3240 putant
1392 3192 1406 3226 :
1438 3182 1531 3226 aut
1561 3173 1918 3240 crystallinam
1951 3172 2071 3225 cmli
2104 3187 2200 3222 nn-

2303 3182 2605 3242 θεοστιὸοὖς
2642 3182 2847 3233 ἐκείνου
2875 3182 3099 3248 ἐδάφους
3134 3181 3220 3233 διὰ
3247 3181 3445 3233 τούτων
3478 3182 3831 3249 σημαίνεται,

672 3273 865 3323 turam,
898 3270 991 3314 aut
1020 3262 1345 3330 singularem
1375 3270 1519 3315 certe
1546 3260 1707 3313 divini
1732 3260 1881 3314 illius
1914 3261 2197 3327 pavimenti

671 3350 929 3417 fulgorem
957 3359 1010 3403 et
1034 3350 1483 3425 perspicuitatem.
1509 3347 1702 3402 Verum
1728 3364 1902 3403 rerum
1923 3364 2040 3417 qua:
2062 3365 2205 3402 men-

670 3436 738 3489 tis
764 3445 959 3490 nostra:
976 3445 1185 3505 captum
1206 3436 1485 3499 excedunt,
1510 3436 1898 3503 investigationi
1922 3436 2200 3503 prolixius,

670 3540 830 3591 quam
864 3542 958 3593 par
990 3536 1091 3589 est,
1120 3527 1385 3589 insistere,
1418 3528 1698 3581 ridiculum
1743 3527 1988 3581 fortassis
2022 3527 2201 3580 fuerit.

741 3612 827 3676 IV,
857 3614 907 3665 6.
938 3614 1004 3665 Et
1031 3618 1083 3665 in
1111 3617 1273 3667 medio
1300 3616 1455 3679 sedis,
1483 3627 1531 3668 et
1556 3617 1611 3667 in
1644 3618 1863 3669 circuitu
1890 3617 2046 3676 sedis,
2073 3632 2205 3682 qua-

674 3711 787 3752 tuor
808 3702 1056 3752 animalia
1084 3702 1235 3769 plena
1260 3702 1422 3754 oculis
1452 3713 1569 3755 ante
1591 3714 1638 3755 et
1672 3714 1829 3755 retro.

743 3873 841 3926 Per
872 3874 983 3927 hmc
1021 3872 1320 3926 ostenditur
1344 3874 1581 3925 thronum
1618 3872 1710 3925 Dei
1754 3871 2033 3945 nilrilvfere
2067 3871 2207 3925 aliud

672 3979 812 4024 esse,
843 3978 999 4029 quam
1032 3978 1254 4029 regnum
1296 3962 1407 4026 Dei,
1437 3963 1834 4031 jucundamqne
1873 3944 2108 4029 ejusdem
2155 3962 2206 4014 in

676 4052 876 4105 sanctis
907 4051 1161 4117 requiem.
1190 4051 1372 4105 Cernit
1412 4062 1588 4104 autem
1623 4051 1677 4103 in
1723 4065 1887 4119 regno
1923 4050 2019 4103 illo
2052 4051 2211 4103 Sera-

676 4142 817 4204 phim
845 4140 1017 4193 oculis
1045 4140 1197 4206 plena
1222 4140 1583 4207 thronumque
1604 4177 1619 4201 ,
1666 4140 1731 4191 de
1760 4152 1867 4206 quo
1910 4138 1997 4191 hic
2035 4153 2211 4190 sermo

676 4240 794 4293 est,
824 4230 1024 4297 jugiler
1072 4228 1341 4281 obeuntia.
1395 4228 1676 4281 Otulorum
1722 4239 1898 4279 autem
1952 4240 2210 4288 numero,

680 4321 785 4370 vim
820 4336 922 4386 qua
965 4319 1027 4370 ad
1069 4317 1392 4370 hauriendos
1434 4316 1733 4369 Divinitatis
1772 4315 1951 4368 radios
1992 4314 2211 4382 pollent,

682 4409 785 4473 20
814 4409 951 4459 haud
996 4407 1155 4460 dubie
1185 4406 1504 4469 subindicat,
1535 4404 1966 4473 quandoquidem
1999 4417 2061 4455 ea
2093 4418 2213 4469 per-

2300 3272 2361 3323 τὸ
2407 3272 2610 3322 στίλόον
2655 3270 2787 3339 ὁμἿῦ
2838 3272 2929 3321 καὶ
2970 3271 3179 3337 διαυγὲς
3230 3271 3439 3338 ἔχουσα.
3508 3270 3663 3323 Ἀλλά
3716 3272 3833 3324 τῶν

2288 3349 2438 3428 Ὅπερ
2472 3360 2765 3427 κατάληψιν
2794 3362 2823 3428 ἡ
2852 3359 3042 3429 ἔρευνα
3070 3362 3481 3426 καταγέλαστος.

2374 3619 2480 3670 Kal
2516 3618 2582 3668 ἐν
2609 3616 2769 3682 μέσῳ
2803 3617 2906 3667 τοῦ
2938 3618 3170 3681 θρόνου,
3207 3617 3301 3668 καὶ
3345 3618 3540 3680 κύκλῳ
3568 3618 3669 3669 τοῦ
3695 3618 3833 3681 θρό-

2305 3722 2434 3767 νου,
2461 3704 2720 3769 τέσσαρα
2750 3701 2856 3759 ζῶα
2880 3702 3125 3768 γόμοντα
3154 3702 3468 3769 ὀφθαλμῶν
3496 3703 3838 3769 ἔμπροσθεν

2306 3794 2400 3848 καί
2435 3795 2697 3846 ὄπισθεν.
3941 3786 3947 3789 '

2377 3883 2506 3955 [Kal
2530 3884 2731 3945 κύκλῳ
2761 3881 2865 3934 τοῦ
2897 3884 3128 3947 θρόνου,
3154 3881 3416 3945 τέσσαρα
3448 3880 3555 3939 ζῶα
3583 3879 3841 3947 γέμοντα

2307 3973 2639 4042 ὀφθαλμῶν.
2664 3970 2757 4041 —-]
2789 3973 2895 4023 Καὶ
2924 3972 3009 4022 διὰ
3046 3969 3229 4021 τούτου
3270 3970 3536 4020 δείκνυται
3583 3970 3610 4019 δ
3648 3969 3840 4036 θρόνος

2310 4060 2631 4128 σημαντιχὸς
2652 4054 2786 4109 εἶναι
2814 4059 2909 4123 τῆς
2939 4057 3028 4107 τοῦ
3058 4056 3192 4107 Θεοῦ
3218 4056 3485 4122 βασιλείας
3517 4073 3572 4106 τε
3594 4056 3686 4105 καὶ
3704 4058 3839 4107 ἀνα·

2310 4148 2584 4206 παύσεως’
2614 4146 2669 4195 ὲν
2699 4139 2732 4215 ᾖ
2762 4145 2852 4194 καὶ
2892 4145 3015 4210 περὶ
3046 4142 3111 4211 ἢν
3144 4144 3210 4193 τά
3237 4142 3489 4208 Σερσςρὶμ
3534 4141 3801 4209 ἐθεώρησε
3820 4159 3839 4173 ο

2308 4232 2392 4283 διὰ
2414 4230 2504 4282 τοῦ
2544 4229 2773 4296 πλήθους
2801 4230 2907 4279 τῶν
2940 4228 3254 4295 ὀφθαλμῶν
3290 4228 3349 4279 τὸ
3400 4230 3532 4296 πρὸς
3564 4229 3660 4288 τὰς
3688 4228 3845 4289 θείας

2312 4319 2479 4386 αὐγὰς
2507 4318 2783 4371 θεοπτικδν
2828 4317 3003 4369 αὐτῶν
3041 4317 3433 4382 διδασκόμενος.
3472 4318 3846 4383 ’ἔμπροσθεν

2316 4410 2409 4461 καί
2431 4410 2691 4461 ὄπισθεν’
2714 4408 2792 4459 ὅτι
2824 4407 2913 4459 καὶ
2936 4406 3040 4457 τῶν
3056 4406 3353 4473 ἔμπροσθεν
3375 4407 3468 4458 καὶ
3492 4406 3595 4458 τῶν
3620 4405 3842 4456 ὄπισθεν

686 4497 911 4547 lectione
936 4512 963 4547 a
994 4497 1097 4549 Deo
1124 4496 1477 4553 illustrantur,
1517 4506 1573 4547 ut
1609 4495 1789 4559 et‘gilla
1839 4494 2054 4545 videant
2097 4508 2203 4559 qua

2317 4497 2540 4568 [θεόθεν]
2582 4499 2672 4565 τὴν
2702 4496 2897 4563 γνῶσιν
2920 4494 3322 4562 ὲναυγάζονται.

682 4585 793 4651 jam
829 4584 1025 4635 dudum
1062 4594 1183 4637 ante
1219 4596 1344 4638 sunt
1388 4584 1563 4650 facta,
1612 4594 1666 4638 ct
1709 4583 1797 4637 illa
1850 4596 2063 4635 rursum
2102 4594 2219 4648 quae

688 4678 811 4725 olim
845 4682 967 4726 sunt
998 4673 1199 4724 futura.

758 4763 843 4826 IV,
870 4764 922 4814 7.
956 4761 1020 4812 Et
1051 4761 1244 4812 animal
1284 4762 1505 4827 primum
1549 4761 1714 4813 simile
1743 4761 1911 4823 leoni;
1949 4764 2203 4812 et'secun-

2386 4746 2490 4799 Kal
2526 4746 2588 4795 τὸ
2617 4743 2758 4801 ζῶον
2783 4743 2846 4795 τὸ
2875 4742 3126 4807 πρῶτον,
3152 4742 3351 4809 ὅμοιον
3378 4744 3602 4792 λέοντι·
3637 4744 3729 4792 καὶ
3781 4743 3848 4793 τὸ

687 4859 806 4905 dum
838 4852 1033 4905 animal
1063 4851 1229 4904 simile
1260 4850 1453 4909 vitulo;
1485 4857 1531 4900 et
1564 4850 1768 4900 tertium
1798 4848 1992 4900 animal
2030 4847 2203 4899 haben:

2316 4836 2589 4897 δεύτερον
2614 4832 2774 4893 ζῶον,
2796 4831 2996 4897 ὅμοιον
3014 4829 3234 4895 μόσχῳ·
3260 4828 3354 4880 καί
3377 4830 3439 4879 τὸ
3462 4829 3656 4895 τρίτον
3680 4828 3848 4891 ζῶον,

690 4945 878 5009 faciem
931 4944 1061 4994 velut
1110 4940 1364 5003 hominis;
1412 4948 1461 4991 et
1508 4946 1751 5005 quartum
1798 4935 1993 4986 animal
2050 4934 2203 4985 simile

2321 4924 2462 4988 ἕχον
2522 4920 2837 4987 πρόσωπον
2895 4917 3232 4983 ἀνθρώπου*
3294 4917 3387 4969 καί
3453 4917 3516 4970 τὸ
3575 4916 3855 4984 τέταρτον

690 5032 878 5098 aquila’
907 5031 1118 5082 volanti.
1190 5054 1197 5060 ·

764 5118 1032 5179 Ejusmodi
1081 5117 1331 5170 animalia
1376 5116 1632 5184 propheta
1685 5112 1929 5166 Ezechiel
1978 5120 2218 5164 contem-

696 5208 871 5273 platus
894 5221 1103 5271 quoque
1132 5207 1339 5272 legitur.
1368 5206 1629 5259 Caeterum
1655 5219 1746 5272 per
1771 5214 2002 5271 quatuor
2038 5198 2220 5260 facies,

698 5305 925 5364 quatuor
966 5294 1247 5354 elementa,
1292 5311 1354 5346 ex
1388 5297 1582 5362 quibus
1614 5296 1774 5348 homo
1806 5298 2220 5360 coagmentetur,

698 5385 1116 5449 corumdemqne
1139 5385 1435 5450 procreatio
1462 5394 1513 5437 et
1538 5384 1890 5446 conservatio,
1913 5391 1967 5435 ut
1999 5379 2225 5432 nonnul-

2324 5009 2483 5072 ζῶον,
2520 5009 2719 5076 ὅμοιον
2746 5006 2891 5070 ἀετῷ
2915 5006 3227 5073 πετομένῳ.

2393 5098 2571 5151 Ταῦτα
2611 5098 2677 5150 τά
2718 5096 2995 5167 [τέσσαρα]
3048 5097 3157 5159 ζῶα
3210 5097 3301 5148 καὶ
3354 5096 3443 5147 τὸν
3478 5096 3701 5147 Ἡσαΐαν
3755 5112 3843 5144 τε-

2325 5190 2545 5244 θεᾶσθαι
2593 5188 2878 5257 νομίζομεν
2903 5206 2915 5218 ο
2950 5188 3036 5239 διά
3081 5186 3187 5237 τῶν
3238 5187 3511 5255 τεσσάρων
3545 5184 3857 5253 προσώπων

2323 5279 2580 5348 δηλοῦντα
2632 5276 2809 5347 [εἴτε]
2852 5277 2949 5344 τὴν
2994 5276 3100 5327 τῶν
3146 5276 3421 5339 τεσσάρων
3456 5275 3732 5343 στοιχείων
3762 5275 3858 5324 τοῦ

2326 5370 2457 5420 Θεοῦ
2513 5368 2861 5436 δημιουργίαν
2918 5382 2973 5415 τε
3028 5366 3119 5417 καὶ
3179 5368 3519 5433 συντήρησιν,
3583 5364 3655 5421 ὦς
3714 5378 3862 5413 τισιν

703 5478 769 5529 lis
809 5476 996 5542 placet,
1050 5474 1150 5525 hoc
1198 5474 1311 5525 loco
1360 5460 1673 5524 denotamur
1716 5490 1727 5521 :
1766 5484 1855 5525 aut
1900 5472 1985 5523 Dei
2038 5471 2089 5521 in
2143 5484 2203 5519 rc,

2335 5458 2528 5519 ἔδοξεν,
2574 5458 2677 5505 εἴτε
2708 5456 2811 5503 τῶν
2844 5455 3101 5520 οὐρανίων
3130 5458 3218 5506 καὶ
3256 5456 3505 5519 ἐπιγείων
3540 5454 3629 5502 καὶ
3669 5450 3776 5500 τῶν
3808 5454 3866 5502 ὲν

709 5580 911 5617 omnes.
938 5562 1164 5616 sivcillzn
1194 5561 1247 5615 in
1272 5561 1427 5629 cmio,
1451 5559 1561 5613 sive
1596 5560 1645 5609 in
1673 5570 1831 5619 terra,
1863 5560 1972 5611 sive
1998 5557 2047 5609 in
2075 5556 2225 5617 mari,

2332 5544 2568 5610 θαλάσσῃ
2599 5542 2711 5610 [καὶ
2736 5542 3115 5611 καταχθονίων]
3146 5546 3240 5610 τὴν
3274 5541 3479 5612 [θείαν]
3515 5539 3830 5591 δεσποτείαν
3850 5556 3864 5569 '
