4088 6332
278 324 384 386 257

1210 338 1797 403 COMMENTARIUS
1834 346 1914 404 IN
1953 350 2467 412 APOCALYPSTN.

3332 369 3433 428 258

279 432 394 482 εἴτε
439 432 532 494 τὰς
589 435 782 500 ἀρετὰς
843 437 938 499 τὰς
983 440 1266 508 τέσσαρας,
1319 446 1409 495 καὶ
1456 446 1522 497 τὰ
1575 449 1799 517 τέσσαρα

1853 457 1885 510 Δ
1916 454 2025 507 sive
2063 457 2114 507 in
2139 471 2281 522 aere,
2320 461 2429 511 sive
2459 463 2559 513 sub
2592 473 2730 518 terra
2769 468 3025 522 exsistant
3052 509 3065 533 ,
3092 474 3395 529 dominatus
3429 518 3444 538 ,

281 519 607 586 Εὐαγγέλια,
634 523 707 584 ὼς
729 525 927 594 ἑτέροις
963 528 1135 591 καλῶς
1169 530 1308 597 ἔχειν
1341 533 1640 599 λελόγισται
1664 552 1675 564 ·
1708 538 1812 589 τοῦ

279 605 383 668 μὲν
421 606 664 672 λέοντος
717 610 993 677 δηλοῦντος
1043 615 1136 681 τὴν
1183 617 1424 684 ἀνδρείαν
1475 622 1649 671 καὶτὸ
1680 624 1814 674 κατὰ

287 691 542 763 Ἰωάννην
558 697 910 766 Εὐαγγέλιον,
935 702 1008 763 ὥς
1030 720 1190 771 φησιν
1213 707 1508 774 Εἰρηναῖος·
1536 709 1616 760 διὰ
1642 710 1697 760 τὸ
1718 711 1811 777 τῆς

273 785 603 846 προαιωνίου
639 786 906 853 βασιλείας
948 790 1132 842 τούτου
1176 795 1537 859 σημαντικόνθ
1575 797 1630 846 ἐν
1671 798 1807 866 ἀρχῇ

273 872 390 939 γὰρ
417 870 550 924 εἶναι
589 876 680 927 τὸν
723 878 889 943 Λόγον
916 880 1174 947 ὲκήρυξε’
1205 883 1309 934 τοῦ
1346 883 1402 933 δὲ
1434 886 1688 951 μόσχου,
1718 887 1808 938 ἅτε

271 961 394 1021 τοϊς
436 961 652 1024 οἰκείοις
704 965 1053 1042 ἀρκουμένου-
1088 968 1286 1034 πόνοις,
1335 971 1431 1040 τὴν
1477 973 1810 1042 δικαιοσύνην

272 1048 373 1098 καὶ
421 1049 481 1099 τὸ
507 1051 642 1102 κατὰ
679 1053 884 1103 Δουκᾶν
939 1038 1279 1120 Εὐέγγέλιον,
1332 1038 1406 1118 ὡς
1453 1060 1685 1126 νομικῶς
1721 1038 1810 1111 καὶ

273 1135 571 1203 ἱερατικῶς
642 1139 730 1190 τὸν
796 1141 1022 1207 Χριστὸν
1080 1143 1501 1213 γενεαλογῆσαν·
1581 1147 1684 1199 τοῦ
1752 1148 1806 1199 δὲ

268 1223 476 1288 ἀετοῦ,
511 1226 604 1294 τὴν
634 1229 979 1297 σωφροσύνην
999 1247 1014 1261 ο
1042 1231 1240 1300 ταύτην
1277 1234 1383 1302 γὰρ
1414 1234 1632 1304 [φιλεῖν]
1667 1253 1806 1303 μαρ-

269 1317 516 1380 τυρεῖται
556 1313 749 1385 [τοῦτο]
802 1317 860 1367 τὸ
911 1317 1080 1380 ζῶον·
1138 1320 1229 1371 καὶ
1284 1321 1344 1372 τὸ
1398 1325 1534 1376 κατὰ
1586 1325 1806 1392 Μάρκον

269 1400 619 1467 Εὐαγγέλιον,
651 1405 724 1465 ὡς
765 1405 1018 1475 σύντομον
1058 1410 1149 1458 καὶ
1196 1409 1301 1463 ἀπὸ
1341 1411 1432 1461 τοῦ
1473 1414 1804 1481 προφητικοῦ

269 1489 586 1557 Πνεύματος
609 1492 904 1558 ἀρξάμενον
923 1510 935 1522 ·
968 1495 1075 1547 τοῦ
1102 1496 1156 1547 δὲ
1187 1497 1492 1564 ἀνθρώπου
1534 1502 1628 1570 τὴν
1674 1502 1804 1570 φρό-

261 1595 449 1647 νησιν,
483 1580 574 1631 καὶ
603 1581 664 1632 τὸ
700 1582 836 1633 κατὰ
868 1583 1134 1636 Ματθαῖον
1170 1586 1507 1651 Εὐαγγὲλιον,
1545 1589 1617 1650 ὡς
1650 1591 1803 1657 φύσει

262 1669 365 1718 καὶ
411 1671 470 1719 οὺ
520 1672 663 1738 νόμῳ
694 1671 931 1739 κηρύξαν
959 1674 1055 1737 τὴν
1082 1672 1220 1744 [τοῦ]
1265 1677 1498 1745 Χριστοῦ
1533 1681 1799 1748 γέννησιν.

1915 552 2004 593 ant
2031 553 2259 609 quatuor
2286 549 2548 612 primaria?
2581 553 2802 607 virtutes
2852 575 2863 607 :
2894 567 2984 610 aut
3015 572 3243 624 quatuor
3278 565 3447 617 Evan-

1912 632 2043 699 gelia
2080 650 2092 686 :
2138 646 2250 696 aut,
2291 639 2427 703 quod
2477 639 2593 692 aliis
2632 645 2797 708 magis
2834 646 3107 711 probatur.
3156 662 3444 719 u!rumqne

1910 716 2068 768 simul
2116 737 2128 769 :
2163 719 2304 772 leone
2360 724 2572 788 quidem
2626 726 2988 799 forliludincm
3021 741 3073 783 et
3103 734 3438 799 Evangelinm

1910 803 2200 855 secundum
2235 805 2494 860 Joannem
2528 810 2880 875 significante.
2919 796 3080 879 Nam,
3129 829 3181 869 ut
3215 821 3439 876 [remcus

1908 891 2157 944 admouet
2182 932 2196 956 ,
2227 910 2390 948 unum
2426 899 2528 950 hoc
2572 901 2621 951 in
2655 902 2768 968 ipso
2799 905 2973 956 statim
3005 910 3220 961 exordio
3250 915 3439 976 sempi-

1910 980 2041 1030 terni
2075 982 2218 1047 regni
2247 986 2569 1041 mentionem
2605 989 2782 1044 infert.
2810 991 3066 1046 Prmdicat
3099 1012 3325 1064 namque
3353 1000 3438 1051 l).-i

1910 1065 2138 1120 Verbum
2167 1086 2194 1122 a
2227 1074 2791 1141 principio‘cxstitissc.
2826 1081 2998 1135 Vitulo
3024 1100 3165 1147 vero,
3192 1096 3436 1155 tanquam

1906 1158 2135 1224 pmpriis
2169 1160 2356 1226 opibus
2391 1164 2768 1235 laboribusque
2804 1181 3054 1225 contento
3086 1175 3295 1241 sibique
3328 1179 3438 1230 suf-

1907 1244 2134 1309 ﬁciente,
2156 1248 2419 1313 justitiam
2449 1260 2500 1304 et
2528 1254 2866 1322 Evangelium
2891 1263 3182 1314 secundum
3216 1263 3435 1328 Lucam,

1903 1330 1991 1396 qui
2022 1330 2217 1384 Christi
2249 1336 2604 1404 genealogiam
2638 1341 2793 1393 simul
2823 1357 2914 1409 per
2935 1345 3150 1411 legalem
3181 1359 3232 1400 et
3255 1365 3436 1403 sacer-

1904 1416 2130 1469 dotalem
2155 1420 2345 1473 lineam
2369 1423 2513 1476 ducit
2543 1443 2554 1477 :
2590 1429 2762 1495 aquila
2784 1440 2982 1494 autem,
3010 1441 3433 1502 temperantiam,

1903 1503 2051 1568 (huic
2076 1506 2214 1557 enim
2247 1509 2461 1562 animali
2503 1513 2684 1567 isthmc
2717 1516 2885 1570 virtus
2913 1516 3190 1574 familiaris
3221 1523 3430 1592 fertur),

1901 1600 1954 1643 et
1998 1593 2337 1661 Evangeliqu
2381 1602 2668 1653 secundum
2706 1603 2962 1669 Marcum,
3002 1609 3139 1675 quod
3177 1620 3228 1660 ct
3275 1612 3433 1665 breve

1901 1690 2000 1744 est,
2030 1692 2083 1735 et
2111 1698 2138 1736 a
2163 1687 2470 1754 prophetico
2496 1690 2700 1756 Spiritu
2722 1694 2999 1747 exordium
3032 1696 3158 1750 facit
3187 1717 3199 1750 :
3231 1699 3432 1754 homine

258 1757 433 1819 Εἰκὸς
462 1757 516 1810 δὲ
553 1757 636 1810 διὰ
661 1757 859 1813 τούτων
899 1761 989 1812 καὶ
1035 1761 1129 1830 τὴν
1154 1765 1461 1833 οἰκονομίαν
1501 1767 1637 1839 [τοῦ]
1674 1771 1799 1837 Χρι-

1853 1786 1876 1837 3
1903 1772 2110 1824 tandem
2143 1775 2478 1841 prudentiam
2508 1788 2561 1831 et
2594 1779 2934 1850 Evangelium
2974 1789 3265 1840 secundum
3298 1789 3432 1842 Mat-

259 1843 399 1897 στοῦ
425 1845 731 1916 δηλοῦσθαι·
759 1848 846 1900 διὰ
873 1849 973 1900 τοῦ
1001 1849 1264 1915 λέοντος,
1293 1853 1366 1914 ὡς
1391 1855 1682 1922 βασιλέως·
1714 1859 1797 1910 διὰ

253 1932 376 1985 τοῦ
395 1935 646 2001 μόσχου,
677 1933 750 1996 ὥς
784 1937 985 2004 ἱερέως,
1024 1938 1219 2004 μᾶλλον
1246 1940 1300 1991 δὲ
1339 1943 1429 1992 καὶ
1457 1944 1650 2010 ἱερείου
1672 1960 1683 1971 ·
1713 1946 1799 1997 διὰ

253 2019 375 2070 τοῦ
412 2019 738 2084 ἀνθρώπου,
781 2021 855 2082 ὡς
899 2022 965 2072 δι’
1000 2023 1143 2089 ἡμᾶς
1191 2024 1580 2092 ἀνδρωθέντος·
1630 2029 1714 2081 διὰ
1742 2031 1797 2082 δὲ

250 2107 375 2159 τοῦ
402 2108 594 2171 ἀετοῦ,
616 2108 688 2170 ὡς
713 2109 944 2178 χορηγοῦ
961 2109 1050 2162 τοῦ
1077 2110 1330 2174 ζωοποιοῦ
1348 2114 1478 2165 Πνεύ
1487 2133 1668 2183 ματος,
1699 2119 1792 2170 τοῦ

251 2196 589 2258 ἐπιπτάντος
618 2199 744 2266 ἡμῖν
776 2197 996 2252 ἀνωθεν.

1900 1859 2277 1928 thaaum,'quod
2297 1865 2447 1932 legali
2475 1867 2660 1928 missa,
2684 1873 2979 1925 naturalem
2999 1883 3199 1927 tantum
3226 1877 3425 1930 Christi

1898 1950 2291 2014 generationem
2321 1955 2467 2004 texit.
2503 1955 2781 2009 Probabile
2818 1959 2876 2010 lit
2908 1977 3116 2026 quoque
3139 1965 3428 2030 praecipuas

1899 2037 2209 2088 (economim
2233 2037 2430 2090 Christi
2459 2049 2634 2105 partes
2659 2057 2750 2107 per
2775 2053 3006 2108 quatuor
3036 2048 3145 2100 haec
3176 2051 3423 2102 animalia

1896 2119 2175 2189 designare
2222 2123 2477 2177 voluisse.
2532 2126 2723 2194 Regem
2775 2131 3046 2185 exstitisse
3075 2173 3088 2194 ,
3134 2137 3421 2188 indicatum

1897 2208 2061 2261 videri
2102 2220 2271 2278 potest
2300 2228 2392 2279 per
2435 2214 2627 2266 leonem
2669 2231 2686 2267 :
2721 2219 3046 2273 sacerdotem
3094 2237 3251 2288 porro
3275 2261 3288 2284 ,
3326 2235 3417 2277 aut

250 2285 449 2338 verius
477 2287 815 2349 sacrificium,
845 2303 937 2354 per
964 2288 1174 2340 vitulum
1204 2304 1221 2341 :
1246 2291 1412 2344 nostri
1438 2305 1611 2346 autem
1642 2311 1802 2350 cau~a
1856 2313 2069 2352 carnem
2119 2303 2493 2370 assumpsisse,
2526 2320 2619 2372 per
2653 2305 2944 2362 hominem:
2980 2311 3170 2366 viviﬁci
3199 2313 3424 2382 denique

253 2369 523 2440 Spiritus,
560 2377 648 2445 qui
676 2391 705 2432 e
734 2379 978 2444 supernis
1009 2370 1247 2445 devolat,
1279 2383 1563 2452 benignum
1594 2385 1897 2455 largitorem
1921 2403 2062 2454 esse,
2095 2406 2188 2458 per
2211 2369 2461 2459 aquilam.

332 2464 440 2513 Kal
471 2463 727 2533 τέσσαρα
771 2465 898 2528 ζῶα,
932 2466 1000 2519 ἐν
1034 2470 1158 2520 καθ’
1183 2469 1253 2520 ἐν
1282 2471 1475 2524 αὐτῶν
1507 2473 1648 2539 ἕχον
1682 2475 1795 2528 ἀνὰ

250 2547 558 2615 πτέρυγας
600 2551 667 2614 ἓξ
717 2554 1036 2618 κύκλωθεν,
1086 2556 1181 2609 καὶ
1235 2555 1459 2611 ἔσωθεν
1512 2557 1792 2638 γέμουσιν

251 2635 602 2702 ὀφθαλμῶν.

328 2727 465 2795 ΙΚαὶ
491 2728 747 2795 τέσσαρα
778 2729 884 2788 ζῶα
911 2731 978 2782 ἐν
1008 2732 1133 2783 καθ’
1175 2731 1241 2781 ἓν
1279 2730 1472 2783 αὐτῶν
1500 2732 1644 2798 ἔχον
1675 2733 1790 2786 ἀνὰ

248 2816 561 2884 πτέρυγας
604 2817 691 2880 ἓξ.
728 2844 785 2857 --
810 2817 829 2886 ]
858 2818 1036 2869 Ταῦτα
1075 2821 1102 2869 ὀ
1136 2819 1304 2886 μέγας
1353 2821 1482 2885 φησὶ
1524 2821 1789 2882 Διονύσιος

248 2903 351 2953 διὰ
379 2902 532 2952 τοῦτο
560 2905 673 2964 ταῖς
703 2904 817 2954 δυσὶ
847 2903 1065 2972 πτέρυξι
1093 2904 1378 2956 καλύπτειν
1409 2906 1475 2957 τὰ
1506 2908 1784 2972 πρόσωπα,

249 2990 361 3040 καὶ
386 2990 503 3049 ταῖς
525 2988 640 3039 δυσὶ
672 2991 794 3050 τοὺς
826 2990 1006 3051 πόδας,
1035 2992 1124 3041 καὶ
1153 2992 1266 3052 ταῖς
1299 2991 1485 3059 μέσαις
1515 2993 1786 3044 πέτεσθαι’
1813 2988 1856 3048 C
1889 3000 2132 3051 volabant

250 3078 350 3128 ἵνα
379 3079 410 3146 ὴ
439 3079 565 3145 περὶ
589 3078 653 3129 τὰ
686 3077 983 3145 ὑψηλότερα
1009 3077 1227 3148 ἶαύτῶν]
1260 3079 1350 3129 καὶ
1396 3078 1661 3147 βαθύτερα
1691 3080 1786 3144 τῆς

247 3167 469 3226 οἰκείας
497 3165 843 3232 καταλήψεως
885 3169 1020 3233 φανῇ
1055 3165 1330 3217 εὐλάϐεια·
1362 3165 1428 3215 δι’
1459 3167 1522 3234 ἣν
1548 3168 1658 3225 τοῖς
1693 3168 1788 3235 μέ-

253 3271 378 3316 σοις
406 3253 540 3322 πρὸς
571 3255 666 3315 τὰς
698 3254 985 3324 Οεαρχικὰς
1039 3255 1206 3323 αὐγὰς
1235 3254 1390 3326 [τοῖς]
1421 3254 1578 3317 οεῑοις
1611 3255 1789 3322 ζυγοῖς

256 3345 646 3396 ἀνατείνονται.

333 3516 441 3567 Καὶ
488 3515 827 3567 ἀνάπαυσιν
866 3519 974 3569 οὐκ
1019 3517 1281 3583 ἔχουσιν,
1315 3517 1532 3582 ἡμέρας
1565 3518 1658 3568 καὶ
1685 3535 1787 3570 νυ·

256 3602 402 3666 nec
441 3603 741 3671 λέγοντες·
777 3604 991 3671 Ἀγιος,
1043 3605 1222 3670 ἅγιος,
1270 3605 1461 3671 ἅγιος·
1509 3607 1714 3670 Κύριος
1759 3610 1790 3658 ό

258 3690 408 3753 Θεὸς
432 3693 465 3740 ό
506 3690 940 3756 παντοκράτωρ,
967 3695 998 3743 ό
1022 3689 1122 3753 ὢν,
1149 3691 1243 3742 καὶ
1264 3694 1296 3742 ό
1322 3689 1417 3758 ἦν,
1444 3693 1537 3743 καὶ
1565 3696 1595 3743 ὀ
1629 3695 1789 3758 ἐρχό-

251 3794 461 3844 μενος.

348 3864 690 3929 Ἀνάπαυσις
719 3865 772 3916 δὲ
809 3865 924 3925 ταῖς
953 3865 1131 3930 ἁγίαις
1163 3864 1381 3923 ταύταις
1412 3864 1696 3932 δυνάμεσι,
1730 3865 1786 3915 τὸ

255 3958 328 4007 ἐκ
356 3955 450 4022 τῆς
493 3953 638 4015 θείας
675 3953 938 4023 ὑμνῳδίας
966 3952 1040 4022 μὴ
1082 3952 1365 4014 παύεσθαι,
1403 3952 1492 4002 καὶ
1523 3951 1610 4002 τὸν
1639 3969 1786 4020 τρισ-

257 4043 354 4093 σὸν
379 4041 639 4109 ἁγιασμδν
665 4043 732 4109 τῇ
760 4039 1163 4108 τρισυποστάτῳ
1186 4038 1505 4105 προσφέρειν
1535 4037 1774 4106 Θεὸτητι.

255 4133 336 4183 Τὸ
362 4131 437 4194 δὲ,
482 4131 533 4181 '0
558 4131 642 4183 ὢν
663 4131 760 4183 καὶ
785 4133 817 4184 ό
847 4126 922 4198 ἦν
950 4129 1040 4181 καὶ
1071 4131 1102 4180 ό
1126 4128 1438 4195 ἐρχόμενος
1463 4126 1531 4196 [ξό
1568 4143 1782 4179 παντο-

253 4219 481 4285 κράτωρ
500 4219 541 4290 ],
572 4221 670 4289 τὴν
699 4219 857 4286 ἀγΰαν
882 4217 1081 4286 Τριάδα
1112 4217 1298 4284 δηλοῦν
1324 4217 1547 4283 ἔφημεν.

1969 2476 2056 2539 ιν,
2091 2479 2142 2530 8.
2178 2479 2243 2530 Et
2263 2492 2485 2547 quatuor
2519 2485 2800 2550 animalia,
2837 2488 3038 2554 singula
3068 2504 3240 2542 eorum
3267 2492 3422 2550 habe-

1897 2567 2016 2618 bant
2039 2568 2150 2620 alas
2176 2586 2320 2623 senas
2349 2573 2399 2622 iu
2424 2574 2662 2638 circuitu,
2688 2586 2734 2626 et
2758 2579 2895 2628 intus
2921 2579 3069 2644 plena
3097 2591 3214 2632 sunt
3241 2586 3417 2636 oculis.

1960 2736 2200 2798 Quatuor
2246 2739 2355 2791 haec
2397 2743 2674 2804 animalia,
2731 2753 2786 2796 ut
2818 2761 3008 2812 magno
3053 2749 3298 2818 Dionysio
3343 2753 3419 2803 vi-

1890 2836 2008 2875 sum
2042 2833 2156 2888 est,
2188 2826 2391 2880 duabus
2437 2829 2535 2880 alis
2580 2831 2648 2882 ob
2683 2831 2732 2882 id
2777 2831 2939 2886 facies
2979 2851 3104 2890 suas
3139 2840 3413 2904 tegebant,

1890 2910 2094 2963 duabus
2141 2928 2350 2965 rursum
2386 2917 2574 2980 pedes;
2618 2926 2669 2969 et
2712 2918 2917 2973 duabus
2967 2923 3175 2976 tandem
3228 2928 3415 2979 mediis

2177 3017 2189 3051 :
2243 3017 2348 3068 quo
2378 3002 2501 3056 hinc
2549 3014 2813 3058 constaret
2858 3019 3056 3074 quanto
3105 3026 3225 3063 cum
3273 3024 3411 3068 tnetn

1887 3094 1939 3138 et
1986 3089 2276 3140 reverentia
2333 3090 2382 3141 in
2434 3091 2801 3146 sublimiorum
2849 3111 3022 3148 rerum
3063 3099 3317 3152 thcnriam
3361 3115 3412 3154 et

1888 3175 2306 3243 inquisitionem,
2328 3179 2841 3248 profundiorumque
2869 3187 3239 3252 mysteriorum
3265 3205 3412 3241 com-

1888 3267 2290 3331 prehensionem
2316 3267 2554 3320 ferantur
2576 3287 2589 3332 ;
2615 3282 2916 3339 quantaque
2937 3277 3180 3329 cautione
3200 3279 3413 3332 haustos

1895 3350 2194 3406 Divinitatis
2225 3356 2430 3415 radios,
2481 3358 2542 3409 ad
2589 3359 2722 3411 alios
2774 3361 3076 3428 interjcetos
3118 3365 3331 3419 ordines
3363 3378 3414 3420 et

1887 3437 2038 3491 sedes
2064 3456 2166 3490 non
2195 3443 2394 3508 absque
2415 3443 2504 3495 Dei
2526 3444 2673 3510 jussu
2704 3449 3056 3501 transmittere
3084 3450 3308 3503 soleant.

1955 3528 2041 3591 IV,
2069 3529 2121 3581 8.
2151 3528 2215 3579 Et
2247 3532 2462 3596 requiem
2495 3548 2593 3582 non
2624 3533 2805 3584 habent
2833 3535 2915 3585 die
2943 3551 3002 3585 ac
3033 3547 3205 3600 nocte,
3237 3540 3409 3590 dicen-

1860 3618 1989 3667 -tia:
2018 3617 2260 3675 Sanctus,
2291 3626 2516 3680 sanctus,
2553 3630 2761 3671 sanctus
2797 3620 3039 3672 Dominus
3073 3622 3207 3675 Deus
3241 3625 3408 3676 omni-

1883 3714 2078 3768 potens,
2102 3707 2188 3770 qui
2217 3714 2310 3766 cst,
2334 3713 2380 3754 ct
2409 3705 2494 3769 qui
2522 3714 2652 3758 erat.
2681 3717 2729 3757 et
2756 3722 2840 3771 qut
2873 3718 3107 3760 venturus
3138 3719 3234 3760 est.

1956 3863 2162 3916 Sancta:
2202 3864 2315 3916 ista:
2353 3865 2572 3916 virtutes
2610 3867 2676 3915 ob
2717 3866 2762 3916 id
2802 3869 3032 3930 requiem
3075 3867 3265 3919 habere
3307 3883 3402 3919 nc-

1886 3963 2096 4019 gantur,
2129 3954 2264 4018 quod
2303 3967 2329 4003 a
2365 3953 2559 4005 divinis
2598 3953 2838 4005 laudibus
2867 3969 3135 4020 nunquam
3174 3965 3400 4006 cessent.

1883 4041 2141 4094 Ctetcrum
2180 4056 2270 4108 per
2306 4043 2601 4094 sanctitatis
2647 4057 2837 4093 nomen
2881 4043 3033 4095 tertio
3081 4042 3398 4109 repetitum,

1887 4128 2181 4191 Divinitati,
2214 4142 2330 4195 qua:
2380 4128 2431 4179 in
2478 4129 2648 4181 tribus
2695 4127 3102 4196 hypostasibus,
3139 4144 3203 4181 ex
3251 4143 3401 4194 teque

1887 4216 2150 4278 Subsistit,
2187 4214 2392 4268 laudem
2423 4215 2684 4268 deferunt.
2719 4216 2883 4268 Porro
2915 4224 3090 4268 autem
3119 4216 3266 4278 illud,
3300 4215 3399 4278 Qui

253 4317 358 4367 est,
386 4317 435 4358 et
482 4311 568 4374 qui
610 4316 741 4370 erat,
774 4316 821 4359 et
863 4309 950 4373 qui
982 4317 1222 4358 venturus
1257 4313 1366 4369 est,
1408 4314 1762 4358 sacrosanctte
1790 4305 2062 4358 Trinitatis
2116 4303 2458 4371 mysterium,
2511 4313 2568 4354 ut
2617 4314 2737 4356 ante
2785 4319 2996 4371 quoque
3045 4304 3258 4357 .dictum
3287 4312 3398 4364 est.

253 4400 330 4451 ob
361 4399 544 4450 oculos
580 4396 731 4447 nobis
765 4396 933 4461 ponit.

328 4483 431 4534 Kal
460 4483 602 4532 ὅταν
629 4479 888 4531 δώσουσι
915 4479 987 4529 τὰ
1013 4477 1122 4534 ζῶα
1146 4477 1328 4537 δόξαν
1356 4478 1447 4527 καὶ
1474 4477 1649 4542 τιμὴν
1680 4479 1772 4529 καὶ

1945 4473 2030 4536 lV,
2076 4474 2128 4535 9,
2170 4474 2248 4524 lO.
2287 4472 2352 4522 Et
2391 4488 2502 4523 cum
2552 4474 2734 4522 darent
2767 4473 2858 4522 illa
2906 4473 3151 4524 animalia
3181 4475 3400 4540 gloriam

252 4571 637 4639 εὐχαριστίαν
688 4567 765 4630 τῷ
813 4566 1113 4631 καθημένῳ
1156 4563 1249 4613 ἐπὶ
1291 4564 1394 4614 τοῦ
1443 4565 1670 4627 θρόνου,
1700 4563 1777 4625 τῷ

254 4657 420 4719 ζῶντι
451 4658 533 4719 εις
565 4653 702 4718 τοὺς
744 4651 956 4714 αἰῶνας
1001 4649 1116 4701 τῶν
1164 4650 1405 4710 αἰώνων,
1459 4650 1776 4700 πεσοῦνται

255 4750 314 4799 οὶ
349 4741 824 4807 εἰκοσιτέσσαρες
839 4738 1213 4804 πρεσϐύτεροι
1230 4735 1477 4788 ἐνώπιον
1501 4735 1602 4786 τοῦ
1636 4741 1775 4786 καυ-

254 4831 474 4899 ημένου
532 4829 628 4880 ἐπὶ
658 4827 764 4881 τοῦ
807 4827 1049 4893 θρόνουο
1109 4824 1206 4875 καὶ
1249 4822 1776 4888 προσκυνήσουσιν

251 4921 360 4971 αὐτ
368 4915 430 4978 ᾦ.
786 4976 789 4977 ,

328 5000 676 5076 [Πεσοῦνται
705 5002 755 5051 ol
774 4999 1246 5063 εικοσιτέσσιιρες
1275 4997 1670 5062 πρεσϐύτεροι.
1690 4995 1777 5064 —]

253 5094 355 5146 Διὰ
391 5089 592 5143 τούτων
620 5087 884 5156 δηλοῦται,
931 5087 1024 5139 καὶ
1050 5089 1169 5147 τοὺς
1193 5087 1474 5154 νοηθέντας
1502 5087 1624 5152 ἡμῖν
1651 5101 1782 5152 πρε-

253 5181 547 5248 σϐυτέρους
596 5178 882 5236 κοινωνοὺς
924 5172 1059 5228 εἶναι
1090 5175 1215 5246 [τῆς
1243 5172 1536 5243 ὑμνῳδίας]
1568 5174 1671 5225 τῶν
1695 5174 1782 5225 οὑ-

259 5273 455 5341 ρανίων
500 5265 810 5332 δυνάμεων·
844 5264 1228 5332 ὁμολογοῦντας
1281 5265 1341 5314 ἐκ
1381 5263 1510 5314 Θεοῦ
1559 5263 1780 5330 κεκομί‹

254 5361 380 5412 σθαι
410 5358 505 5424 τῆς
539 5352 721 5426 [κατὰ]
777 5353 882 5404 τῶν
913 5353 1110 5420 νοητῶν
1149 5353 1352 5423 ἐχθρῶν
1397 5353 1547 5420 νίκης
1577 5352 1668 5420 τὴν
1696 5352 1782 5403 δύ-

252 5464 439 5517 ναμιν.

319 5537 430 5590 Καὶ
468 5531 733 5597 ,ϐαλοῦσι
781 5527 915 5594 τοὺς
953 5528 1283 5594 στεφάνους
1315 5528 1505 5582 αὐτῶν
1536 5527 1780 5579 ἐνώπιον

1880 4573 1925 4614 et
1956 4563 2192 4612 honorem
2217 4568 2264 4610 et
2302 4559 2695 4609 benedictionem
2738 4558 2929 4608 sedenti
2965 4575 3112 4624 super
3143 4561 3396 4623 thronum,

1881 4651 2060 4701 uirenti
2088 4651 2140 4699 in
2169 4648 2356 4699 swrula
2387 4646 2907 4712 swculoruntmiginti
2934 4656 3151 4712 quatuor
3180 4649 3277 4716 21
3319 4666 3398 4702 se-

1880 4739 2046 4788 niores
2073 4736 2398 4802 providebant
2431 4743 2548 4785 ante
2581 4733 2830 4785 sedentem
2865 4734 2918 4783 in
2955 4734 3155 4798 throno,
3187 4747 3232 4788 ct
3275 4736 3399 4789 ado-

1883 4823 2062 4874 rabunt
2099 4823 2339 4874 virentem
2371 4823 2421 4872 in
2448 4821 2635 4873 sazcula
2665 4821 2985 4872 sa'culorum.

1944 4997 2076 5051 Hinc
2122 4997 2377 5050 discimus
2423 4996 2686 5057 seniores,
2742 4995 2806 5047 de
2855 4994 3051 5062 quibus
3099 5004 3269 5047 actum
3319 5006 3397 5046 est

1888 5096 2029 5149 ante,
2062 5087 2112 5137 in
2148 5086 2337 5138 divina:
2377 5084 2545 5137 laudis
2575 5083 2938 5136 decantatioue
2978 5083 3257 5133 virtutibus
3287 5096 3397 5133 ca:-

1798 5166 1804 5170 ’
1886 5177 2107 5230 lestibus
2133 5174 2426 5228 consociari
2461 5190 2474 5224 :
2507 5172 2886 5237 victoriamque
2916 5171 2978 5222 de
3008 5170 3274 5228 hostibus,
3306 5167 3394 5232 qui

1886 5266 1984 5319 sub
2012 5273 2280 5332 aspectum
2316 5276 2420 5313 nou
2458 5260 2692 5321 veniunt,
2738 5257 2864 5309 nulli
2902 5256 3050 5308 alteri
3095 5268 3251 5321 quam
3292 5252 3395 5305 Deo

1885 5362 2149 5421 acceptam
2179 5351 2334 5404 ferre.

1955 5522 2039 5584 IV,
2076 5521 2157 5584 10,
2194 5521 2275 5573 ll.
2325 5519 2389 5571 Et
2431 5519 2541 5570 mit!
2597 5523 2698 5568 aut
2726 5527 2937 5565 coronas
2965 5525 3085 5564 suas
3111 5517 3227 5562 ante
3261 5511 3396 5562 thro-
