4088 6332
276 345 378 407 251
915 429 917 431 _

861 457 1100 509 ΚΕΦΛΛ.
1145 455 1240 506 ιιισ.

281 565 417 630 Περὶ
469 562 573 630 τῆς
622 565 691 617 ἐν
717 563 880 634 μέσῳ
921 564 1023 617 τοῦ
1054 564 1263 631 θρόνου
1295 563 1390 614 καὶ
1439 561 1552 612 τῶν
1581 560 1629 611 δ’
1661 561 1812 619 ζώων

918 634 1172 698 θεωρίας.

359 744 462 794 It'al
490 739 648 796 εἶδον
671 744 738 795 ἐν
763 743 926 810 μέσῳ
959 742 1060 795 τοῦ
1097 745 1307 806 θρόνου
1333 743 1426 794 καὶ
1455 741 1571 794 τῶν
1598 741 1813 795 τεσσά-

274 847 403 894 ρων
423 829 591 892 ζώων,
619 831 713 883 καὶ
740 832 807 883 ἐν
822 831 982 898 μέσῳ
1003 830 1116 882 τῶν
1134 831 1559 896 πρεσϐυτέρων,
1600 832 1819 898 Ἀρνίον

281 917 542 983 ἑστηκὸς
573 920 650 983 ὡς
686 919 1075 988 ἐσφαγμένον,
1115 919 1256 985 ἕχον
1320 917 1528 984 κέρατα
1552 919 1696 972 ἑπτα
1723 920 1822 971 καὶ

283 1008 624 1076 ὀφθαλμοὺς
656 1010 799 1061 ἑπτά
819 1025 831 1038 ·
877 1010 934 1060 οἳ
957 1010 1071 1060 εισι
1102 1009 1176 1060 τὰ·
1200 1007 1346 1059 ἑπτὰ
1375 1009 1674 1076 πνεύματα
1712 1009 1815 1061 τοῦ

287 1099 456 1159 Θεοῦ,
488 1099 966 1166 ἀποστελλόμενα
995 1099 1078 1161 εις
1108 1096 1309 1150 πᾶσαν
1336 1097 1447 1163 τὴν
1478 1098 1608 1165 τῆν.

361 1186 438 1236 Τὰ
482 1186 614 1236 ἑπτὰ
648 1187 847 1252 κέρατα
894 1185 984 1235 καὶ
1027 1183 1075 1232 οἱ
1106 1183 1241 1234 ἑπτὰ
1269 1182 1532 1250 ὀ·ρθαλμοὶ
1561 1183 1650 1236 τοῦ
1694 1186 1818 1252 Ἀρ-

283 1273 402 1324 νῐου
446 1273 656 1341 δηλοῦσι
681 1272 911 1340 Χριστοῦ
936 1274 999 1323 τὰ
1017 1272 1152 1323 ἑπτὰ
1174 1271 1469 1339 πνεύματα,
1497 1267 1568 1324 ὧν
1596 1272 1818 1332 Ἡσαΐας

283 1363 652 1429 ἐμνημόνευσε
689 1361 780 1412 καὶ
813 1358 1079 1428 Ζαχαρίας
1125 1361 1170 1410 ol
1208 1363 1494 1430 προφῆται.
1529 1361 1599 1411 Τὸ
1628 1361 1712 1424 δὲ’,
1743 1360 1822 1423 ὡς

281 1451 682 1516 ἐσφαγμένον,
711 1449 857 1518 δηλοῖ
884 1449 978 1516 τὴν
1023 1451 1158 1515 μετὰ
1200 1450 1293 1516 τὴν
1316 1441 1534 1518 ¹σφαγὴν
1559 1450 1698 1517 ζωὴν
1724 1449 1820 1500 αὖ·

283 1540 381 1589 τοῦ
404 1553 416 1565 ·
449 1539 504 1587 ὲν
608 1538 807 1589 ἐδείκνυ
833 1538 898 1588 τὰ
923 1537 1010 1589 τοῦ
1042 1537 1235 1599 πάθους
1269 1538 1525 1605 σύμϐολα,
1558 1538 1628 1598 ὡς
1660 1540 1821 1603 ἐσφα-

283 1627 486 1695 γμένον
509 1627 717 1695 ἀληθῶς
749 1626 884 1694 μετὰ
911 1628 1005 1695 τὴν
1026 1629 1089 1679 ὲκ
1118 1627 1322 1695 νεκρῶν
1346 1629 1573 1696 ἔγερσιν.

1211 348 1800 407 COMMENTARIUS
1846 345 1922 402 IN
1965 347 2469 404 APOCALYPSIN.

3346 353 3449 411 262

2501 451 2725 505 CAPUT
2752 451 2863 504 XII.

1928 564 1992 617 Ut
2021 564 2192 631 Agnus
2221 565 2305 630 qui
2328 564 2473 615 habet
2499 573 2687 630 septem
2709 580 2922 629 cornua,
2958 565 3213 630 aperuerit
3241 565 3448 615 librum.

1990 742 2050 802 V,
2085 740 2134 792 6.
2169 739 2232 790 Et
2267 741 2400 800 vidi;
2433 750 2480 792 et
2510 757 2619 792 ecce
2663 743 2715 792 in
2757 744 2920 794 medio
2961 746 3131 796 throni
3157 756 3202 796 et
3233 756 3452 812 quatuor

1919 830 2223 880 animalium
2265 840 2308 879 et
2357 831 2408 879 in
2441 831 2602 880 medio
2644 832 2934 892 seniorum,
2982 834 3179 898 Agnum
3231 845 3447 884 stantem

1921 927 2163 985 tanquam
2194 919 2438 980 occisum,
2468 920 2730 970 habentem
2763 935 2953 971 cornua
2979 935 3186 986 septem,
3207 907 3261 974 et.
3278 925 3449 975 oculos

1917 1013 2133 1068 septem;
2164 1008 2246 1074 qui
2278 1020 2394 1059 sunt
2421 1021 2605 1074 septem
2645 1009 2850 1074 spiritus
2885 1009 2974 1060 Dei
3003 997 3146 1060 missi
3176 1014 3226 1062 in
3254 1029 3451 1065 omnem

1919 1105 2128 1147 terram.

1990 1184 2200 1250 Septem
2238 1186 2396 1247 oculi,
2449 1187 2772 1255 totidemque
2805 1187 2935 1254 Agni
2973 1204 3172 1240 cornua
3196 1228 3208 1247 ,
3249 1190 3451 1256 signifi—

1918 1284 2042 1324 cant
2101 1284 2304 1339 septem
2366 1275 2591 1341 spiritus
2638 1276 2872 1338 Christi;
2915 1292 3141 1342 quorum
3193 1278 3356 1331 Isaias
3399 1289 3452 1330 et

1919 1361 2206 1414 Zacharias
2235 1366 2502 1430 propheta:
2536 1364 2844 1416 meminere.
2875 1365 3024 1428 Quod
3054 1376 3229 1418 autem
3265 1370 3446 1431 Agnus

1920 1451 2004 1502 ille
2050 1453 2286 1504 cernitur
2321 1453 2471 1504 veluti
2501 1456 2728 1513 occisus,
2768 1455 2868 1507 hoc
2920 1455 3077 1507 vitam
3117 1465 3168 1507 et
3218 1458 3444 1522 speciem

1919 1540 2061 1592 illius
2090 1549 2208 1608 post
2240 1551 2462 1593 mortem
2498 1552 2549 1593 et
2595 1542 3007 1595 immolationem
3054 1545 3302 1609 exprimit
3349 1562 3360 1595 :
3397 1547 3447 1596 in

1919 1629 2006 1679 illa
2051 1645 2278 1697 namque
2320 1641 2567 1697 tanquam
2600 1645 2722 1682 vere
2756 1633 2967 1684 occisus
3009 1633 3286 1685 manifesta
3330 1650 3450 1700 per-

285 1720 553 1788 p--ssionis
606 1734 714 1771 suze
764 1720 981 1788 vestigia
1032 1719 1300 1783 ostcmlit;
1351 1735 1467 1787 qua:
1518 1726 1637 1786 post
1676 1732 1828 1770 suam
1877 1734 2091 1786 quoque
2136 1735 2198 1772 ex
2245 1723 2469 1773 mortuis
2521 1722 2962 1775 resurrectionem
2996 1722 3044 1773 in
3090 1737 3312 1790 corpore
3358 1739 3452 1776 sno

282 1812 493 1878 reliqua
529 1826 644 1863 esse
683 1811 865 1864 voluit.

362 1899 465 1951 Καὶ
513 1897 656 1966 ἦλθε
681 1901 772 1951 καὶ
814 1901 1059 1966 εἴληφεν
1085 1899 1151 1950 ἐκ
1188 1898 1296 1963 τῆς
1318 1897 1514 1962 δεξιᾶς
1543 1897 1646 1948 τοῦ
1679 1902 1811 1949 καθ-

1961 1912 1963 1914 ’
1993 1900 2050 1958 V,
2082 1900 2130 1958 7,
2164 1899 2214 1950 8.
2253 1899 2316 1950 Et
2347 1903 2495 1959 venit,
2531 1909 2579 1952 et
2610 1904 2803 1965 accepit
2832 1903 2891 1952 de
2915 1904 3124 1953 dextera
3154 1905 3370 1954 sedentis
3403 1905 3452 1953 in

281 1989 509 2055 ημένου
569 1989 664 2040 ἐπὶ
715 1988 818 2040 τοῦ
862 1988 1076 2053 θρόνου
1128 1987 1192 2036 τὸ
1247 1988 1504 2048 βιϐλίον.
1563 1988 1663 2038 Kal
1716 1986 1812 2036 ὅτε

282 2079 462 2129 ἔλασε
506 2078 692 2136 τοῦτο,
741 2079 809 2128 τὰ
842 2075 1103 2142 τέσσαρα
1143 2074 1251 2133 ζῶα
1286 2076 1378 2125 καὶ
1410 2079 1463 2126 ot
1491 2074 1816 2127 εἰκοσιτέσκ

286 2179 470 2230 σαρες
491 2166 862 2230 πρεσϐύτεροι
909 2165 1131 2217 ἔπεσον
1149 2164 1398 2215 ἐνώπιον
1423 2163 1525 2215 τοῦ
1570 2164 1815 2229 Ἀρι-ιον,

284 2254 529 2319 ἔχοντες
549 2254 796 2317 ἕκαστος
824 2252 1065 2319 κιθάρας
1099 2252 1190 2304 καὶ
1221 2252 1435 2319 φιάλας
1466 2251 1692 2318 χρυσᾶς
1725 2268 1814 2319 γε·

281 2344 520 2408 μούσας
555 2341 922 2410 θυμιαμάτων
944 2358 958 2372 ο
991 2342 1051 2392 αῖ
1083 2343 1237 2392 εἰσιν
1266 2343 1322 2392 al
1352 2341 1675 2406 προσευχαὶ
1705 2338 1819 2389 τῶν

287 2434 491 2498 ἁγίων.

355 2524 421 2572 Al
443 2520 662 2584 κιθάραι
709 2520 763 2571 δὲ
794 2519 888 2588 τὴν
917 2520 1222 2587 ἐναρμόνιον
1253 2519 1341 2568 καὶ
1371 2517 1560 2584 εὒηχον
1609 2518 1822 2584 δηλοῦσι

293 2609 446 2660 θείαν
472 2607 767 2674 δοξολογῑαν
792 2625 805 2638 '
838 2611 903 2659 τὰ
930 2610 984 2660 δὲ
1017 2611 1367 2675 θυμιάματα,
1402 2610 1494 2676 τὴν
1521 2607 1687 2674 εὐώδη
1718 2608 1822 2656 τῶν

293 2700 501 2750 πιστῶν
532 2698 715 2749 θυσίαν
745 2698 1146 2765 προσαγομένην
1189 2698 1272 2747 διὰ
1308 2697 1419 2762 βίου
1459 2695 1688 2760 καθαροῦ
1717 2694 1824 2760 (ὥς

294 2805 462 2855 φησιν
519 2791 547 2838 ὁ
607 2786 814 2856 [θεῖος]
891 2786 1235 2845 ’Λπόστολος-
1305 2784 1554 2849 Χριστοῦ
1616 2784 1825 2833 εὐωδία

293 2878 515 2944 ἐσμέν)
537 2893 550 2904 ·
591 2880 648 2927 ul
689 2875 894 2941 φιάλαι
930 2876 1005 2936 δὲ,
1056 2874 1157 2924 τῶν
1192 2873 1432 2923 διανοιῶν
1467 2872 1786 2938 σημαντικαί
1810 2888 1822 2899 ο

295 2968 359 3030 ἐξ
386 2959 458 3016 ὧν
506 2967 536 3032 ή
570 2964 675 3014 τῶν
717 2962 934 3029 ἀγαθῶν
982 2962 1153 3030 ἔργων
1181 2961 1372 3012 εὐωδία
1420 2960 1570 3028 καὶὴ
1614 2959 1823 3026 καθαρὰ

292 3051 568 3119 προσευχὴ
601 3050 936 3117 προέρχεται.

318 3367 329 3377 ,
369 3305 472 3358 Καὶ
509 3303 757 3368 ᾅδουσιν
786 3301 998 3366 καινὴν
1032 3300 1191 3366 ᾠδὴν
1220 3300 1522 3367 λέγοντες·
1557 3300 1744 3365 Ἄξιος
1773 3296 1830 3352 εἴ

288 3393 496 3447 λαϐεῖν
513 3393 572 3443 τὸ
602 3392 861 3454 βιϐλίον,
887 3389 980 3442 καὶ
1002 3388 1226 3450 ἀνοῖξαι
1247 3389 1347 3451 τὰς
1375 3387 1703 3454 σφραγῖδας
1724 3391 1826 3440 αὺ-

288 3483 420 3546 τοῦ,
459 3481 541 3532 ὅτι
562 3478 852 3547 ἐσφάγης,
879 3477 973 3530 καὶ
1009 3478 1305 3544 ἠγόρασας
1326 3475 1402 3539 τῷ
1432 3475 1548 3538 Θεῷ
1571 3476 1719 3543 ἡμᾶς
1760 3477 1826 3528 ἐν

290 3571 374 3632 τῷ
401 3571 598 3635 αἵματί
621 3585 736 3620 σου
757 3568 822 3619 ἑκ
845 3566 1043 3630 πάσης
1079 3564 1278 3632 φυλῆς
1305 3564 1399 3615 καὶ
1426 3563 1699 3631 γλώσσης
1732 3566 1824 3616 καὶ

285 3661 442 3712 λαοῦ
486 3661 578 3710 καὶ
621 3659 866 3720 ἔθνους·
912 3655 1007 3707 καὶ
1039 3656 1324 3720 ἐποίησας
1354 3655 1567 3717 αὐτοὺς
1600 3654 1674 3717 τῷ
1708 3653 1826 3716 Θεῷ

285 3747 459 3811 ἡμῶν
497 3745 773 3806 βασιλεῖς
824 3741 920 3794 καὶ
973 3743 1164 3808 ἱερεῖς,
1217 3743 1312 3792 καὶ
1345 3743 1825 3803 ,βασιλεύσουσιν

285 3835 388 3885 ἐπὶ
420 3833 526 3899 τῆς
554 3832 682 3900 γῆς.
742 3857 744 3859 >

365 3922 423 3972 Ol
456 3920 826 3988 πρεσὸύτεροι,
853 3920 904 3970 o'.
929 3921 984 3970 ἐν
1011 3921 1074 3986 τῇ
1106 3919 1308 3986 Παλαιᾷ
1337 3934 1393 3969 τε
1428 3919 1517 3969 xa’t
1559 3918 1669 3986 Νέᾳ
1709 3915 1824 3982 Θεῷ

288 4013 774 4078 εὐαρεστήσαντες,
833 4009 924 4062 καὶ
965 4010 1060 4076 τὴν
1109 4009 1245 4076 ὑπὲρ
1279 4008 1469 4069 παντὸς
1498 4007 1588 4058 τοῦ
1620 4009 1820 4075 κόσμου

285 4102 374 4170 τῷ
409 4100 788 4167 σφαγιασθέντι
846 4099 1023 4168 Ἀμνῷ
1077 4098 1168 4150 τοῦ
1203 4098 1333 4149 Θεοῦ
1366 4099 1456 4150 καὶ
1502 4099 1822 4166 ἀγοράσαντι

290 4192 440 4258 ἡμᾶς
475 4189 788 4259 εὐαρεστίαν
839 4189 1215 4258 προσάγοντες.
1247 4186 1425 4253 Καινὴ
1465 4189 1517 4239 δὲ
1545 4185 1652 4256 [ἡ]
1681 4186 1820 4252 ᾠδὴ,

288 4281 366 4349 ἣν
400 4281 495 4348 τῆς
538 4279 885 4347 παλαιότητος
932 4277 1022 4329 τοῦ
1074 4279 1390 4347 γράμματος
1432 4277 1824 4342 ἀπαλλαγέντες

290 4371 347 4422 οἱ
392 4371 456 4420 ὲκ
503 4370 676 4436 πάσης
729 4367 897 4435 φυλῆς
931 4367 1020 4418 καὶ
1057 4365 1300 4432 γλώσσης
1331 4363 1822 4430 καταυγασθέντες.

291 4459 446 4528 ᾄδειν
493 4456 839 4524 ἐδιδάχθημεν
880 4455 966 4506 διὰ
1012 4455 1101 4506 τοῦ
1133 4455 1460 4520 Πνεύματος.
1497 4453 1601 4519 Τῆς
1632 4452 1732 4517 γῆς
1769 4450 1822 4500 δὲ

1922 1989 2100 2036 throno
2149 1989 2368 2048 librant;
2412 2001 2458 2039 et
2499 2006 2610 2039 eum
2641 1993 2921 2054 aperuisset
2963 1992 3178 2052 librum,
3232 2003 3454 2057 quatuor

1917 2075 2168 2124 animalia
2185 2087 2228 2124 et
2256 2077 2666 2142 vigintiquatuor
2691 2079 2908 2127 seniores
2931 2079 3257 2141 prociderunt
3283 2097 3452 2129 rorant

1918 2164 2081 2227 Agno,
2137 2161 2375 2211 habentes
2412 2162 2604 2228 singuli
2644 2164 2874 2212 citharas
2897 2203 2911 2222 ,
2939 2173 2985 2213 et
3028 2164 3230 2228 phialas
3268 2182 3452 2215 aureas

1917 2251 2091 2314 plenas
2137 2249 2619 2310 odoramentorum,
2647 2264 2757 2315 qua:
2805 2259 2922 2299 sunt
2957 2253 3211 2302 orationes
3249 2262 3446 2303 saneto-

1920 2355 1977 2386 γιι
1987 2354 2031 2387 ut
2040 2375 2052 2387 .

1993 2510 2218 2561 Cithara’
2249 2510 2562 2562 concinnam
2596 2524 2863 2577 suaveque
2892 2521 3170 2564 sonantem
3210 2514 3295 2564 Dei
3337 2514 3452 2566 latt-

1923 2601 2041 2650 dc-m
2071 2640 2083 2661 ,
2120 2601 2404 2665 rerumque
2443 2600 2739 2651 divinarum
2784 2601 3195 2653 celebrationem
3237 2602 3456 2654 demon-

1924 2698 2093 2740 strant
2138 2706 2148 2737 :
2199 2689 2535 2752 thg-niamata
2592 2699 2765 2740 autent
2822 2690 3174 2752 bencolentia,
3248 2690 3450 2742 sacriﬁ-

1924 2777 2062 2825 cium
2097 2777 2232 2839 quod
2270 2776 2448 2827 lideles
2478 2792 2567 2841 per
2599 2777 2716 2827 sita:
2743 2778 3110 2828 castimoniam
3137 2788 3199 2832 iet
3241 2778 3456 2842 integri-

1929 2872 2082 2912 tatem
2105 2863 2211 2913 lico
2235 2862 2497 2914 oﬂ‘erunt:
2531 2863 2631 2914 huc
2655 2865 2791 2914 enim
2813 2873 3014 2930 spectat
3038 2866 3161 2914 illud
3186 2865 3452 2930 Apostoli:

1926 2954 2120 3002 Christi
2166 2951 2325 3002 bonus
2375 2952 2501 3001 odor
2551 2967 2726 3001 sumus
2759 2952 2845 3000 '°:
2893 2951 3083 3016 phiala:
3134 2968 3288 3007 vero.
3344 2954 3455 3017 pias

1926 3047 2203 3103 castusque
2229 3038 2576 3103 cegitationes
2609 3056 2618 3087 :
2651 3037 2770 3088 hinc
2796 3053 3022 3102 namque
3045 3037 3300 3087 honorum
3332 3054 3457 3100 ope-

1930 3143 2045 3179 rum
2073 3127 2379 3194 fragrantia,
2408 3141 2644 3193 puraque
2667 3136 2718 3178 ct
2751 3136 2894 3177 casta
2925 3126 3159 3192 precatio
3182 3126 3455 3178 dimanare

1849 3231 1889 3286 (ζ
1923 3218 2217 3271 consuevit.
2242 3243 2246 3248 -

1999 3307 2058 3369 ν,
2093 3309 2144 3369 9,
2175 3307 2257 3358 10.
2297 3306 2359 3356 Et
2391 3306 2665 3356 cantabant
2692 3305 2945 3355 canticum
2968 3320 3169 3367 novum,
3193 3306 3412 3357 dicentes
3438 3323 3455 3358 :

1931 3396 2124 3462 Dignus
2152 3410 2224 3456 es,
2257 3393 2483 3455 Domine,
2511 3393 2733 3456 accipere
2752 3392 2958 3450 librant,
2990 3403 3034 3443 et
3059 3395 3258 3458 aperire
3288 3396 3456 3461 signa-

1927 3484 2042 3533 cula
2082 3485 2232 3548 ejus;
2263 3483 2502 3547 quoniam
2529 3481 2722 3530 occisus
2753 3495 2825 3539 es,
2855 3488 2902 3529 et
2935 3480 3194 3529 redemisti
3224 3495 3314 3530 nos
3353 3479 3458 3530 Deo

1927 3574 1976 3622 in
2010 3570 2258 3634 sanguine
2285 3578 2390 3628 tuo,
2422 3582 2483 3616 ex
2517 3567 2653 3617 omni
2683 3567 2841 3628 tribu,
2871 3575 2917 3616 et
2953 3566 3150 3633 lingua,
3179 3579 3224 3616 et
3248 3566 3454 3631 populo,

1924 3673 1970 3710 et
2018 3660 2256 3716 natione;
2301 3668 2346 3706 et
2382 3656 2546 3720 fecisti
2579 3670 2666 3704 nos
2705 3653 2807 3704 Deo
2839 3665 3013 3704 nostro
3044 3669 3251 3719 regnum
3288 3663 3334 3704 et
3370 3669 3456 3704 sa-

1925 3745 2178 3804 cerdotes;
2207 3754 2252 3794 et
2287 3741 2606 3808 regnabimus
2635 3756 2785 3803 super
2812 3750 3019 3790 terram.

1994 3917 2086 3969 Per
2125 3917 2233 3965 haec
2260 3913 2560 3965 ostenditur
2600 3912 2834 3964 seniores
2866 3911 3005 3973 illos,
3037 3911 3261 3964 eximios
3291 3925 3456 3978 quos-

1922 4009 2043 4059 dam
2100 4001 2552 4070 prmcellentisque
2613 3999 2912 4052 sanctitatis
2969 3999 3111 4051 viros
3166 4011 3311 4061 esse;
3359 3999 3452 4065 qui

1923 4095 2113 4164 partim
2150 4093 2200 4144 in
2232 4091 2423 4153 Veteri,
2460 4089 2648 4156 partim
2687 4088 2738 4139 in
2771 4086 2919 4139 Novo
2964 4083 3305 4139 Testamento
3346 4084 3454 4139 Deo

1923 4198 2032 4252 pra:
2086 4184 2294 4235 caeteris
2347 4181 2689 4248 placuerunt;
2746 4177 2945 4245 quique
3002 4177 3134 4227 adeo
3183 4173 3454 4228 communi

1923 4271 2160 4327 omnium
2201 4269 2414 4322 nomine
2446 4270 2594 4333 Agno
2623 4266 2736 4327 Dei,
2777 4265 2864 4332 qui
2915 4261 3024 4332 pro
3057 4264 3220 4316 totius
3271 4261 3456 4315 mundi

1925 4360 2094 4413 salute
2129 4358 2431 4409 immolatus
2452 4363 2554 4414 est,
2574 4369 2777 4422 suoque
2803 4368 2901 4406 nos
2928 4352 3187 4419 sanguine
3211 4351 3455 4412 redemit,

1923 4448 2175 4501 continuo
2203 4447 2400 4512 gratias
2444 4452 2626 4511 agunt.
2658 4442 2860 4494 Novum
2903 4451 3078 4493 autem
3115 4442 3214 4493 hoc
3251 4455 3457 4491 carmen

295 4544 607 4614 βασιλεῦσαι
635 4543 853 4600 τούτους
903 4542 1034 4607 φησὶ
1068 4541 1160 4606 τῆς
1191 4541 1406 4606 καινῆς,
1458 4539 1522 4605 ἢν
1571 4541 1597 4587 ὁ
1630 4538 1824 4605 Κύριος

1930 4537 2121 4589 dicitur
2160 4552 2171 4585 :
2207 4535 2465 4599 siquidem
2512 4549 2576 4584 ex
2615 4531 2758 4584 onmi
2787 4532 2921 4583 tribu
2951 4541 3001 4582 et
3031 4531 3207 4598 lingua
3233 4516 3299 4582 ad
3338 4528 3458 4582 ﬁdei

290 4634 410 4692 τοῖς
440 4630 661 4697 πραέσιν
687 4627 1061 4695 ἐπηγγείλατο.

1935 4625 2111 4676 lumen
2145 4622 2337 4684 vocati,
2371 4630 2424 4673 et
2454 4635 2482 4672 a
2515 4621 2702 4672 littera:
2736 4628 2996 4671 vetustate
3029 4619 3269 4696 liberati,
3305 4618 3457 4670 deiu-

293 4736 426 4788 ceps
468 4734 558 4786 per
588 4717 842 4786 Spiritum
873 4729 1062 4768 canere
1097 4713 1267 4767 cdocti
1313 4727 1520 4765 sumus.
1573 4711 1845 4778 Ejusmodi
1902 4722 2078 4763 autem
2144 4719 2301 4761 terra:
2370 4709 2698 4760 dominaturi
2750 4707 3132 4771 pra-dicantur;
3188 4720 3290 4756 non
3337 4705 3459 4756 huic

294 4828 497 4883 crassae
526 4821 576 4863 et
614 4811 934 4883 caliginosae,
969 4808 1061 4861 sed
1092 4822 1239 4859 nova:
1274 4807 1346 4858 illi
1382 4821 1540 4873 quam
1577 4806 1830 4858 Dominus
1865 4807 2080 4858 mitibus
2116 4822 2171 4858 se
2207 4807 2455 4857 daturum
2498 4804 2757 4871 promisit.

371 4902 476 4953 Kal
530 4874 853 4960 aldina—nat
912 4897 1144 4963 ἤκουσα
1195 4896 1270 4959 ὠς
1323 4895 1523 4961 φωνῆς
1565 4895 1829 4962 ἀγγέλων

293 4989 540 5047 πολλῶν
572 4993 770 5051 κύκλῳ
801 4991 903 5042 τοῦ
929 4992 1136 5055 θρόνου
1166 4989 1258 5040 καὶ
1286 4987 1400 5039 τῶν
1427 4986 1578 5046 ζώων
1603 4988 1696 5039 καὶ
1718 4986 1830 5038 τῶν

292 5080 726 5149 πρεσϐυτέρων
766 5080 861 5129 καὶ
891 5076 966 5146 ἦν
1014 5083 1043 5131 ὀ
1073 5079 1308 5145 ἀριθμὸς
1341 5078 1535 5130 αὐτῶν
1553 5077 1831 5143 μυριάδες

283 5172 610 5245 μυριάδων,
635 5172 730 5222 καὶ
759 5171 1014 5237 χιλιάδες
1042 5171 1338 5237 χιλιάδων,
1368 5171 1642 5236 λέγοντες
1665 5171 1831 5237 φωνῇ

281 5264 551 5332 μεγάλῃ·
586 5259 792 5320 Ἀειόν
835 5259 956 5310 ἐστι
991 5261 1054 5310 τὸ
1099 5261 1325 5323 Ἀρνίον
1368 5261 1427 5308 τὸ
1459 5259 1833 5323 ἐσφαγμένον

283 5352 502 5407 ⁵λαϐεῖν
536 5348 646 5414 τὴν
673 5348 922 5414 δύναμιν
952 5349 1044 5400 καὶ
1075 5348 1335 5400 πλοῦτον
1365 5349 1461 5397 καὶ
1487 5350 1706 5411 σοφίαν
1736 5348 1831 5396 καὶ

285 5443 482 5509 ἐσχὺν
508 5439 600 5490 καὶ
620 5436 793 5503 τιμὴν
811 5436 902 5486 καὶ
924 5437 1106 5499 δόξαν
1131 5437 1223 5489 καὶ
1250 5434 1369 5489 πᾶν
1385 5437 1596 5501 κτίσμα
1619 5434 1650 5484 ὅ
1669 5434 1833 5485 ἐστιν

365 5598 406 5627 ¹⁶
436 5595 480 5648 ll
505 5592 629 5647 Cor.
663 5604 722 5644 ιι.
765 5586 842 5638 15.

2002 4895 2064 4959 ν,
2102 4896 2276 4948 11-15.
2308 4893 2372 4946 Ει
2406 4895 2530 4954 vidi,
2557 4903 2604 4944 et
2629 4893 2800 4943 audivi
2821 4905 2988 4942 vocem
3010 4886 3304 4955 angelorum
3331 4888 3460 4936 mul-

1932 4997 2097 5039 torum
2123 4988 2174 5038 in
2205 4986 2418 5036 circuitu
2449 4984 2637 5042 throni,
2666 4991 2712 5032 et
2738 4980 3063 5040 animalium,
3093 4986 3140 5027 et
3171 4976 3454 5033 seniorum;

1932 5089 1978 5129 et
2008 5087 2116 5129 erat
2139 5092 2376 5127 numerus
2401 5090 2570 5124 eorum
2596 5072 2760 5122 millia
2788 5069 3024 5128 millium,
3049 5063 3320 5116 dicentium
3347 5075 3457 5110 race

1933 5176 2116 5235 magna
2149 5181 2165 5216 :
2202 5165 2393 5230 Dignus
2428 5173 2500 5214 est
2538 5165 2733 5228 Agnus,
2768 5160 2853 5226 qui
2884 5158 3079 5209 occisus
3108 5163 3202 5212 est,
3236 5150 3455 5212 accipere

1931 5258 2164 5307 uirtutem
2182 5266 2226 5305 et
2252 5255 2592 5310 divinitatem,
2615 5261 2660 5300 et
2678 5249 3000 5313 sapientiam,
3018 5253 3063 5293 et
3079 5238 3452 5305 fortitudinem,

1931 5355 1976 5396 et
2007 5345 2269 5405 honorem,
2295 5351 2340 5393 et
2364 5341 2602 5408 gloriam,
2633 5349 2676 5388 et
2712 5334 3126 5387 benedictionem.
3160 5325 3225 5375 Et
3257 5339 3453 5376 omnem

1933 5444 2256 5493 creaturam,
2293 5445 2405 5496 qua:
2432 5431 2484 5480 in
2518 5425 2639 5478 cwlo
2672 5434 2766 5487 est,
2798 5433 2842 5472 et
2867 5434 3016 5484 super
3046 5427 3255 5479 terram,
3292 5423 3338 5466 et
3366 5413 3454 5463 sub
