4088 6332
721 299 825 359 ειη
1856 287 2170 348 ANDRE/E
2208 286 2266 343 Cl

2374 281 2703 341 \RIENSIS
3773 277 3880 337 264

725 421 881 468 terra,
908 414 952 456 ct
976 419 1088 471 qua:
1121 412 1234 454 sunt
1263 403 1313 453 in
1348 402 1499 463 mari,
1531 409 1578 452 et
1601 417 1712 468 qua:
1745 415 1800 455 in
1862 416 1920 462 ο,
1953 412 2122 448 omnes
2162 412 2258 444 an-

2374 391 2426 441 ἑν
2449 388 2525 450 τῷ
2554 383 2791 453 οὐρανῷ
2813 385 2906 438 καὶ
2935 383 3030 436 ἐπὶ
3055 384 3162 451 τῆς
3191 384 3320 450 τῆς,
3351 384 3446 435 καί
3476 385 3745 438 ὑποκάτω
3774 383 3883 450 τῆς

725 496 828 546 divi
859 494 1078 544 dicentes
1110 492 1300 543 sedenti
1336 493 1389 541 in
1437 491 1637 552 thrcno,
1669 499 1717 542 et
1749 491 1927 556 Agna:
1963 486 2065 552 23
2094 481 2253 534 Bene-

2374 477 2489 543 ’ἦς’
2537 476 2631 527 καί
2657 476 2751 528 ἐπὶ
2797 473 2903 539 τῆς
2933 471 3242 539 θαλάσσης
3274 472 3348 542 [ἃ
3369 473 3536 542 ἐστιῖ
3565 474 3660 524 καὶ
3704 473 3781 524 τὰ
3817 474 3889 524 έν

723 584 904 643 dictio,
935 589 981 632 et
1010 580 1189 643 honor,
1220 589 1266 632 et
1293 580 1489 648 gloria,
1521 587 1567 632 ct
1606 589 1828 646 potestas
1860 578 1910 627 in
1935 574 2128 628 swcula
2157 588 2254 624 sa:-

2374 565 2549 628 ιὺτοῖς
2567 563 2757 615 πάντα
2776 580 2788 592 ·
2813 562 3062 629 λέγοντα
3081 560 3159 624 τῷ
3186 561 3489 629 καθημένῳ
3507 563 3600 613 ἐπὶ
3633 561 3735 613 τοῦ
3758 567 3893 628 θρό-

728 671 979 722 culorum.
1005 668 1180 720 Amen.

2374 672 2464 706 ρου
2491 653 2586 704 καί
2620 650 2697 715 τῷ
2746 652 2947 716 Ἀρνίφ
2968 666 2980 680 ·
3025 650 3086 702 Ἠ
3116 651 3354 716 εὐλογία
3397 650 3490 701 καί
3530 652 3566 716 ἡ
3597 650 3760 715 δόξα,
3789 651 3891 702 καὶ

2354 743 2420 793 τὸ
2444 738 2651 806 κράτος
2681 739 2767 800 εἰς
2812 737 2956 801 τοὺς
2979 734 3193 800 αἰῶνας
3217 735 3332 788 τῶν
3357 735 3597 788 αἰώνων.
3644 738 3844 802 Ἀμήν.

794 835 873 884 Αἰ)
901 834 1164 896 omnibus,
1196 833 1304 886 sive
1330 847 1391 885 ea
1419 833 1640 894 vivant,
1674 833 1785 886 sive
1808 829 2124 897 intelligant,
2149 828 2259 881 sive

727 923 913 990 quovis
942 923 1045 974 alio
1076 923 1234 974 modo
1262 921 1546 984 exsistant,
1576 919 1713 974 Deus
1740 928 1989 986 tanquam
2019 918 2259 971 omnium

729 1004 1044 1076 pt-ineipiuin
1073 1020 1123 1062 et
1167 1024 1330 1063 causa
1369 1009 1616 1062 laudatur
1665 1017 1718 1060 et
1758 1005 2083 1076 gloriﬁcatur
2114 1021 2128 1056 :
2165 1018 2263 1058 nec

730 1112 832 1148 non
877 1095 1182 1163 nnigenitus
1209 1106 1259 1149 et
1289 1096 1762 1149 consubstantialis
1790 1093 2027 1164 ejusdem
2055 1092 2260 1155 Filius;

729 1184 818 1251 qui
849 1184 1049 1235 homini
1082 1184 1283 1250 totique
1314 1194 1574 1236 creatura:
1597 1223 1611 1246 ,
1643 1197 1755 1251 qua
1801 1197 1891 1250 per
1922 1181 2096 1249 ipsum
2125 1181 2260 1234 facta

730 1282 833 1334 est,
881 1272 1166 1324 novitatem
1208 1272 1504 1339 impertitus
1549 1282 1648 1324 est.
1687 1270 1794 1324 Etsi
1833 1271 2044 1323 interim
2079 1284 2264 1322 secun-

729 1359 852 1411 dum
890 1370 1132 1412 naturam
1165 1369 1513 1426 assumptam,
1543 1369 1793 1426 tanquam
1815 1358 1997 1421 homo,
2033 1365 2266 1423 potesta-

735 1453 837 1497 tem
890 1443 939 1495 in
973 1460 1033 1497 ca
1063 1460 1182 1512 quae
1214 1454 1340 1499 sunt
1369 1445 1422 1497 in
1453 1444 1590 1498 cmlo
1617 1453 1670 1498 et
1707 1444 1760 1496 in
1799 1452 1960 1508 terra,
1991 1443 2262 1511 accepisse

735 1535 1019 1586 scribatur.

805 1620 866 1681 V,
899 1621 984 1671 Η.
1018 1619 1084 1669 Et
1109 1629 1328 1686 quatuor
1353 1619 1603 1670 animalia
1633 1618 1867 1671 dicebant
1893 1618 2088 1678 Amen;
2115 1627 2161 1670 et
2197 1619 2266 1670 vir

2424 827 2445 897 [
2470 827 2575 881 Καὶ
2607 826 2837 893 ἥκουσα
2859 826 2936 890 ὡς
2963 825 3158 893 φωνῆς
3181 825 3446 893 ἀγγέλων
3487 825 3748 888 πολλῶν,
3791 826 3892 878 καὶ

2359 917 2475 971 τῶν
2501 917 2672 981 ζώων,
2701 917 2794 969 καὶ
2825 915 2940 967 τῶν
2971 914 3392 980 πρεσϐυτέρων.
3423 914 3513 984 -]
3552 916 3646 967 Ἐκ
3673 915 3893 967 πάντων

2359 1006 2464 1071 γὰρ
2505 1003 2609 1056 τῶν
2651 1019 2709 1053 τε
2739 1001 2961 1070 νοητῶν,
2993 1000 3102 1051 τῶν
3131 1016 3189 1050 τε
3222 998 3510 1067 αἰσθητῶν,
3538 999 3645 1049 τῶν
3675 1015 3731 1050 τε
3760 998 3899 1061 ζών-

2359 1110 2483 1156 των,
2526 1093 2632 1144 τῶν
2673 1108 2730 1142 τε
2759 1090 2939 1152 ἁπλῶς
2983 1088 3167 1151 ὅντων,
3213 1089 3456 1154 φυσικοῖς
3484 1087 3658 1153 λόγοις
3694 1088 3722 1136 ὁ
3766 1087 3900 1148 Θεὸς

2360 1182 2671 1246 δοξάζεται,
2713 1179 2786 1241 ὡς
2837 1180 3049 1231 πάντων
3095 1177 3477 1248 γενεσιάρχης·
3518 1176 3610 1227 καὶ
3645 1177 3670 1226 ὁ
3706 1175 3897 1227 τούτου

2365 1271 2654 1341 μονογενὴς
2683 1269 2774 1321 καὶ
2801 1267 3075 1336 όμοούσιος
3101 1266 3244 1327 Υἰδς,
3277 1266 3350 1326 ὡς
3371 1266 3466 1333 τὴν
3503 1264 3788 1332 καινότητα
3819 1258 3898 1329 τῷ

2333 1357 2338 1361 ’
2361 1359 2626 1430 ἀνθρώπῳ
2650 1358 2740 1411 καὶ
2766 1354 2949 1424 τὴν-δι’
2973 1354 3133 1406 αὑτοῦ
3163 1355 3526 1422 γεγενημένην
3557 1352 3899 1404 ἁνακαῐνισιν

2361 1449 2729 1517 χαριζόμενος,
2759 1446 2805 1496 εἰ
2829 1444 2921 1495 καὶ
2943 1441 3122 1496 λαϐεῖν
3146 1441 3251 1493 τῶν
3285 1444 3344 1494 ὲν
3389 1441 3628 1508 οὐρανοῖς
3654 1440 3745 1491 καὶ
3790 1438 3900 1491 τῶν

2365 1537 2617 1601 ἐπιγείων
2647 1540 2742 1602 τὴν
2775 1532 3022 1597 ἐξουσίαν
3047 1530 3120 1592 ὼς
3147 1531 3421 1599 ἄνθρωπος
3443 1531 3765 1599 γέγραπται.

2437 1623 2542 1675 Kal
2594 1622 2663 1673 τὰ
2702 1622 2962 1686 τέσσαρα
3011 1618 3121 1677 ζῶα
3163 1618 3370 1685 ἔλεγον
3427 1617 3629 1686 Ἀμήν·
3692 1619 3783 1670 καί
3848 1621 3904 1670 cl

737 1707 862 1774 ginti
893 1718 1112 1772 quatuor
1136 1708 1357 1758 seniores
1407 1708 1692 1759 ceciderunt
1741 1709 1792 1759 in
1837 1708 1994 1774 facies
2041 1723 2182 1770 suas,
2221 1715 2266 1759 et

2374 1715 2743 1781 πρεσϐύτεροι
2767 1711 2991 1764 ἔπεσαν
3018 1709 3112 1760 καί
3137 1709 3616 1774 προσεκύνησαν.

739 1796 1080 1846 adoraverunt
1104 1795 1345 1847 viventem
1376 1796 1428 1846 in
1460 1796 1646 1847 sarcula
1674 1796 1997 1848 saeculorum.

809 1882 871 1934 Et
900 1883 1022 1935 hinc
1042 1897 1254 1950 quoque
1276 1883 1672 1937 demonstratur
1693 1899 1782 1950 per
1804 1883 1980 1936 Jcsum
2003 1883 2269 1936 Christum

744 1969 902 2020 Deum
933 1977 984 2020 et
1015 1969 1297 2023 Dominum
1325 1980 1599 2031 nostrum,
1623 1973 1708 2038 qui
1736 1972 1941 2024 divulsa
1973 1972 2268 2039 conjunxit.

745 2059 1084 2125 macet-imque
1117 2059 1458 2112 interstitium
1493 2060 1768 2123 dissolvit,
1807 2075 1968 2112 unum
2003 2075 2068 2112 ex
2095 2061 2270 2112 omni-

743 2146 840 2198 bus
872 2146 1177 2201 huminibus
1199 2148 1355 2210 ovile,
1383 2156 1436 2201 et
1459 2161 1614 2198 unam
1638 2161 1853 2209 rursum
1880 2163 1941 2201 ex
1969 2147 2272 2201 hominibus

741 2241 793 2284 et
816 2234 1016 2297 angelis
1049 2230 1335 2287 Ecclesiam
1370 2233 1567 2286 iactam
1593 2248 1730 2287 esse.
1765 2232 1900 2288 Ecce
1928 2235 2069 2287 enim
2101 2235 2274 2304 vigin-

746 2319 784 2370 ti
811 2326 1038 2385 qualuor
1064 2321 1320 2380 seniores.
1342 2335 1434 2387 per
1453 2336 1588 2388 quos
1611 2321 1984 2374 salvandorum
2007 2323 2275 2390 plenitudo

747 2407 1127 2470 adumbratur,
1158 2409 1300 2475 digni
1335 2409 1434 2460 hoc
1463 2408 1580 2461 loco
1619 2410 1989 2475 praedicantur,
2031 2412 2121 2478 qui
2149 2424 2277 2464 con-

747 2511 877 2550 sona
920 2511 1048 2550 voce
1075 2511 1195 2550 cum
1231 2508 1458 2564 quatuor
1493 2496 1730 2562 mysticis
1768 2497 2124 2563 animalibus,
2160 2513 2278 2565 qua:

749 2583 886 2636 inter
912 2595 1130 2636 ceteros
1162 2582 1376 2650 angelos
1409 2583 1695 2650 primatum
1729 2591 1927 2646 tenent,
1964 2584 2125 2636 Deum
2158 2583 2276 2637 lau-

748 2671 874 2724 dent
909 2679 960 2724 ct
991 2671 1231 2724 adorent.
1267 2671 1378 2735 Quo
1413 2670 1738 2724 laudationis
1772 2685 1993 2725 munere
2023 2686 2118 2725 nos
2146 2687 2280 2740 quo-

749 2773 853 2826 que
902 2759 953 2810 in
1005 2758 1119 2826 ipso
1155 2757 1365 2812 Christo
1414 2758 1523 2813 Deo
1575 2768 1760 2814 nostro
1796 2760 2052 2829 pacisque
2097 2762 2279 2817 datare

749 2848 892 2916 digiti
928 2848 1245 2912 habeamur,
1281 2863 1399 2900 cum
1443 2863 1550 2915 quo
1580 2848 1744 2914 Patri,
1779 2865 1883 2902 una
1924 2865 2044 2904 cum
2077 2850 2278 2917 Spiritu

750 2946 954 3000 sancto,
984 2939 1051 2991 sit
1077 2937 1265 3004 gloria,
1300 2939 1580 3006 imperium
1611 2947 1663 2990 et
1687 2939 2040 3006 Iton0t',!nttnc
2068 2950 2119 2993 ct
2139 2955 2278 2994 sem-

751 3041 861 3092 per,
892 3035 944 3078 ct
974 3026 1026 3078 in
1059 3027 1261 3079 mlinita
1293 3028 1481 3078 saecula
1516 3030 1849 3080 saeculorum.
1885 3031 2070 3082 Amen.

1147 3133 1367 3185 CAPUT
1404 3135 1533 3186 Xlll.
1578 3133 1802 3187 SERMO
1843 3136 1906 3187 ν.

755 3237 956 3291 Salutio
994 3240 1146 3304 primi
1189 3239 1390 3310 sigilli;
1435 3257 1539 3310 per,
1577 3258 1730 3307 quant
1777 3244 2126 3310 apostolorum
2181 3245 2277 3298 do-

1239 3309 1406 3358 ctrina
1436 3309 1750 3375 designatur.

829 3409 914 3475 Vl,
958 3412 1007 3463 Ι.
1054 3411 1118 3462 Et
1157 3413 1256 3464 ridi
1289 3415 1422 3480 quod
1470 3417 1746 3479 aperuisset
1794 3419 1966 3486 Agnus
2016 3436 2174 3472 unum
2221 3423 2281 3474 de

760 3509 944 3566 septem
971 3499 1173 3566 sigillis.
1220 3500 1284 3551 Et
1313 3502 1487 3553 audivi
1517 3518 1674 3554 unum
1698 3503 1760 3556 de
1786 3515 2004 3572 quatuor
2043 3510 2283 3560 animali-

761 3588 881 3652 bus,
921 3589 1112 3652 dicens,
1141 3598 1384 3658 tanquam
1411 3607 1579 3644 vocem
1610 3595 1820 3645 tonitrui
1851 3607 1871 3644 .°
1911 3596 2032 3648 Veni
2067 3612 2114 3649 et
2152 3599 2280 3651 cide.

829 3759 903 3811 Ex
931 3761 1026 3813 hoc
1043 3761 1159 3813 loco
1183 3760 1498 3814 concinnum
1525 3778 1700 3816 rerum
1723 3764 2016 3819 caelestium
2043 3768 2280 3821 ordinem

760 3839 1078 3916 cognoscere
1127 3850 1244 3903 licet
1291 3868 1305 3903 :
1351 3853 1611 3918 siquidem
1662 3869 1723 3906 ex
1776 3855 1956 3920 primis
2009 3858 2284 3911 ordinibus

763 3938 958 3990 seusim
989 3939 1044 3989 lit
1075 3939 1268 4002 gradus
1303 3939 1366 3989 ad
1409 3939 1539 3991 alios
1585 3940 1880 3992 inletiores.
1922 3941 2019 3993 l’er
2061 3943 2282 4008 primam

764 4025 943 4090 itaque
985 4023 1424 4090 quadrifortnium
1471 4026 1778 4078 animalium
1829 4027 2055 4090 faciem,
2098 4042 2287 4093 nempe

763 4111 1003 4171 Leonem,
1033 4111 1252 4177 primam
1280 4126 1458 4163 vocem
1493 4111 1684 4164 factam
1711 4113 1910 4164 audivit
1933 4113 2285 4179 evangelista;

2439 1886 2532 1937 Διὰ
2558 1885 2614 1937 δὲ
2639 1886 2744 1936 τῶν
2787 1884 3057 1952 τεσσάρων
3089 1882 3237 1945 ζώων
3266 1882 3358 1933 καὶ
3385 1882 3490 1933 τῶν
3521 1881 3907 1949 πρεσϐυτέρων

2368 1976 2634 2027 δείκνυται
2660 1973 2754 2042 μία
2779 1973 2996 2040 ποίμνη,
3021 1972 3115 2023 καὶ
3143 1971 3241 2039 μία
3276 1971 3563 2038 Ἐκκλησία
3584 1971 3907 2038 γεγενῆσθαι

2368 2064 2610 2130 ἀγγέλων
2659 2063 2752 2114 καὶ
2783 2061 3101 2129 ἀνθρώπων,
3149 2059 3234 2111 διὰ
3257 2058 3488 2128 Χριστοῦ
3513 2059 3603 2111 τοῦ
3631 2059 3780 2122 Θεοῦ,
3807 2059 3907 2111 τοῦ

2369 2152 2433 2202 τὰ
2482 2149 2736 2201 διεστῶτα
2786 2147 3136 2214 συνάψαντος,
3185 2148 3277 2198 καὶ
3327 2147 3388 2196 τὸ
3449 2146 3755 2214 μεσότοιχον
3808 2145 3908 2198 τοῦ

2371 2237 2619 2305 φραγμοῦ
2640 2236 2912 2296 λύσαντος·
2942 2235 3046 2286 ἰδοὺ
3074 2233 3204 2303 γὰρ,
3234 2235 3306 2296 ὡς
3332 2235 3658 2302 ἀκηκόαμεν,
3684 2236 3775 2285 σὺν
3792 2237 3908 2297 τοῖς

2372 2327 2624 2394 τέσσαρσι
2661 2326 2818 2386 ζώοις
2851 2326 2960 2385 τοῖς
3024 2323 3132 2376 τῶν
3165 2322 3359 2374 λοιπῶν
3390 2321 3686 2388 ἀγγελικῶν
3733 2322 3911 2390 ὑπερ-

2381 2415 2558 2481 έχουσι
2577 2415 2798 2476 τάξεων,
2815 2413 2906 2464 καὶ
2929 2414 2976 2462 οἰ
3006 2413 3476 2479 χαρακτηριστικοὶ
3498 2411 3588 2462 τοῦ
3612 2411 3717 2462 τῶν
3739 2411 3913 2473 σωζο-

2377 2504 2548 2570 μένων
2570 2501 2864 2568 ἀνθρώπων
2883 2500 3259 2566 πληρώματος,
3285 2500 3380 2565 τῆς
3406 2497 3496 2549 τοῦ
3527 2497 3657 2549 Θεοῦ
3689 2497 3908 2559 ἀξιοῦν-

2375 2604 2462 2639 ται
2495 2585 2756 2654 ὑμνῳδίαις
2789 2601 2847 2636 τε
2894 2585 2984 2634 καὶ
3029 2583 3440 2652 προσκυνήσεως
3461 2598 3474 2613 ·
3529 2579 3595 2650 ἦς
3621 2583 3712 2634 καὶ
3744 2585 3910 2651 ἡμεῖς

2375 2674 2724 2743 ἀξιωθείημεν
2756 2676 2810 2725 ὲν
2841 2672 2983 2740 αὑτῷ
3026 2671 3175 2742 [τῷ]
3211 2671 3426 2740 Χριστῷ
3463 2671 3537 2738 τῷ
3563 2673 3658 2738 τῆς
3688 2673 3913 2739 εἰρήνης

2375 2763 2556 2832 δοτῆρι
2595 2765 2686 2815 καὶ
2737 2761 2851 2830 Θεῷ
2901 2762 3082 2830 ἡμῶν·
3130 2759 3244 2826 μεθ’
3277 2754 3336 2812 οῦ
3364 2759 3438 2828 τῷ
3471 2759 3659 2828 Πατρὶ,
3692 2761 3802 2827 ἅμα
3833 2759 3916 2828 τῷ

2377 2852 2512 2919 ἁγίῳ
2557 2852 2848 2919 Πνεῦματι,
2899 2852 3041 2915 δόξα,
3091 2851 3522 2920 κράτος,,[τιμὴ,
3550 2849 3641 2900 νῦν
3667 2850 3756 2901 καὶ
3782 2849 3874 2899 ἀεὶ
3897 2886 3914 2910 ,

2376 2940 2507 3010 καὶ]
2545 2941 2621 3000 εἰς
2646 2942 2765 3002 τοὺς
2815 2939 3266 3011 [ἁτελευτήτους]
3297 2940 3491 3001 αἰῶνας
3541 2939 3646 2991 τῶν
3676 2939 3915 2990 αἰώνων.

2389 3031 2574 3097 Ἀμήν.

2775 3137 3017 3188 ΚΕΦΛΛ.
3055 3135 3163 3202 π’.
3221 3136 3436 3188 ΛΟΓΟΣ
3468 3138 3542 3187 ει.

2381 3247 2562 3310 Λύσις
2606 3243 2711 3308 τῆς
2760 3243 2986 3308 πρώτης
3033 3242 3380 3308 σφραγῖδος,
3445 3241 3555 3306 τὴν
3591 3243 3920 3295 ἀποστολμ

2719 3312 2835 3374 κήν
2870 3310 3118 3376 διδαχὴν
3147 3313 3547 3376 σημαίνουσα.

2447 3420 2551 3474 Kal
2583 3421 2740 3472 εἶδον
2770 3420 2854 3470 ὅτι
2900 3419 3098 3485 ἤνοιξε
3135 3418 3198 3469 τὸ
3238 3419 3475 3483 Ἀρνίοφί
3503 3419 3646 3483 μίαν
3681 3421 3746 3471 ἐκ
3793 3418 3923 3470 τῶν

2380 3509 2524 3562 ἑπτὰ
2561 3509 2929 3576 σφραγίδων·
2962 3508 3056 3559 καί
3100 3506 3330 3573 ἥκουσα
3369 3507 3504 3569 ἐνὸς
3534 3507 3599 3559 ἐκ
3626 3506 3740 3559 τῶν
3777 3524 3927 3560 rsc-

2382 3598 2578 3664 σύρων
2624 3595 2774 3656 ζώων
2798 3595 3094 3663 λέγοντος,
3127 3596 3205 3659 ὼς
3235 3595 3432 3663 φωνῆς
3462 3594 3741 3662 βροντῆς·
3777 3599 3924 3664 "Ep-

2382 3683 2490 3756 χὸυ
2517 3688 2610 3740 καί
2637 3687 2746 3739 τδε.

2450 3778 2734 3830 Κάνταῦθα
2759 3781 2789 3846 ἠ
2826 3779 2930 3831 τῶν
2956 3779 3012 3828 ὲν
3045 3776 3286 3845 οὐρανοῖς
3330 3775 3542 3837 εὐταξία
3570 3776 3922 3843 σημαίνεται,

2382 3871 2444 3920 ὲκ
2485 3869 2590 3919 τῶν
2640 3868 2863 3937 πρώτων
2909 3866 3108 3929 τάξεων
3153 3865 3231 3925 εἰς
3267 3863 3335 3914 τὰ
3381 3864 3601 3931 δεύτερα
3653 3863 3923 3916 κατασαίο

2383 3975 2542 4008 νουσα
2561 3972 2576 3987 ·
2605 3958 2682 4008 διὸ
2707 3956 2867 4025 [καὶ]
2904 3958 2966 4007 ὲκ
2994 3953 3084 4005 τοῦ
3119 3953 3231 4012 ἑνὸς
3263 3951 3548 4018 προσώπου
3581 3952 3683 4002 τῶν
3720 3969 3924 4020 τετρα-

2388 4042 2626 4109 μόρφων,
2669 4041 2864 4108 δηλαδὴ
2909 4038 2999 4090 τοῦ
3051 4037 3276 4097 λέοντος,
3304 4035 3400 4104 τὴν
3442 4035 3657 4104 πρώτην
3689 4039 3926 4106 γεγενῆ-

2388 4129 2507 4179 σοαι
2559 4127 2735 4194 φωνὴν
2787 4130 3004 4195 ἢκουσε,
3054 4123 3406 4190 κελευομένην
3450 4123 3530 4185 τὸ,
3567 4125 3802 4190 Ἔρχου,
3835 4127 3925 4193 τῷ

769 4213 886 4265 quae
917 4199 1101 4265 angelo
1128 4199 1214 4263 qui
1246 4199 1628 4264 mnigmaticam
1656 4199 1909 4251 visionem
1935 4199 2266 4266 imprimebat

2387 4218 2482 4285 τὴν
2531 4217 2791 4267 ὀπτασίαν
2835 4212 3085 4266 τυποῦντι
3115 4212 3342 4280 ἀγγέλῳ,
3369 4213 3434 4263 δι’
3476 4212 3804 4280 αἰνίγματος.
3844 4215 3924 4266 Τὸ

767 4287 1202 4338 dentandallatuti
1229 4287 1422 4337 veniret
1449 4295 1497 4339 et
1524 4289 1741 4340 videret.
1768 4286 2023 4340 tlzcterum
2056 4289 2266 4355 primum

2383 4279 2451 4359 δὲ⁷
2465 4307 2670 4375 πρῶτον
2698 4304 2852 4367 ζῶον,
2871 4307 2899 4355 δ
2915 4303 3068 4366 λέων,
3092 4279 3370 4370 ἐμφαίνειν
3401 4318 3490 4370 μοι
3515 4279 3733 4352 δοκεῖτὸ
3761 4300 3926 4368 βασι-

773 4374 870 4424 ltoc
919 4373 1110 4424 anima!
1141 4375 1317 4440 (quod
1349 4372 1576 4426 Leonem
1615 4389 1734 4428 esse
1781 4374 2055 4443 diximus)
2089 4376 2284 4443 regiam

771 4463 1124 4528 apestolorum
1155 4465 1501 4531 prudentiam,
1533 4465 2042 4533 imperterritamque
2073 4480 2286 4518 eorum-

772 4552 886 4602 tlem
928 4562 1110 4603 contra
1149 4556 1410 4606 daemones
1447 4555 1803 4606 fortitudinem
1839 4554 2137 4622 signiﬁcare
2167 4569 2288 4609 cre-

771 4635 928 4686 ditur.
964 4635 1076 4689 Huc
1100 4639 1239 4689 enim
1263 4640 1459 4690 dictum
1486 4639 1610 4691 illud
1628 4679 1641 4703 ,
1674 4639 1802 4692 Ecce
1823 4657 1960 4708 reges
1995 4650 2142 4695 terra:
2171 4658 2288 4694 con-

776 4725 969 4791 gregati
1028 4735 1145 4777 sunt
1172 4727 1209 4756 “
1259 4743 1272 4778 :
1308 4736 1360 4777 ct
1406 4725 1532 4777 illud
1577 4741 1818 4790 rursum,
1871 4729 2159 4783 Constitues
2201 4746 2283 4784 eos

776 4817 1024 4884 principes
1065 4832 1211 4880 super
1239 4831 1430 4866 omnem
1462 4824 1646 4867 terram
1673 4816 1732 4876 ⁸⁸,
1765 4818 2025 4881 pertinere
2058 4821 2282 4874 videtur.

848 4906 932 4970 γι,
966 4910 1014 4958 2.
1053 4907 1116 4957 Et
1155 4908 1283 4967 vidi;
1321 4915 1367 4958 et
1393 4923 1503 4958 ecce
1529 4921 1684 4973 equus
1709 4898 1880 4966 albus,
1907 4918 1950 4957 ct
1973 4911 2058 4974 qni
2085 4911 2285 4962 sedebat

775 5013 924 5064 super
957 4998 1120 5059 illum,
1150 4996 1358 5047 habebat
1393 5011 1598 5060 arcum;
1627 5005 1672 5046 et
1699 4997 1823 5046 data
1849 5007 1917 5046 est
1940 4997 1985 5047 ci
2013 5013 2220 5064 corona,
2243 5009 2287 5051 ct

774 5089 923 5139 exiiit
953 5088 1145 5138 vincens
1176 5096 1227 5136 ut
1257 5086 1490 5138 vinceret.

841 5177 972 5229 Sunt
1016 5177 1101 5242 qui
1134 5184 1182 5227 ct
1216 5176 1519 5242 praesentis,
1565 5185 1618 5229 et
1656 5176 1980 5244 reliquorum
2027 5184 2078 5227 ct
2107 5174 2282 5232 itidem

770 5279 885 5332 qua:
925 5265 1045 5314 hinc
1093 5275 1520 5331 consequuntur,
1569 5266 1724 5333 sigilli
1769 5263 2172 5332 patefactionem
2221 5267 2283 5316 atl

772 5351 1021 5402 incarnati
1068 5351 1218 5403 Verbi
1271 5353 1616 5406 tecettomiam
1660 5353 1910 5406 referant.
1961 5353 2022 5405 Et
2071 5353 2282 5422 quidem

843 5501 880 5530 “
912 5499 1047 5554 Psal.
1078 5520 1236 5567 XLVII,
1258 5504 1324 5560 ’5,
1407 5507 1446 5537 ⁸⁸
1479 5505 1616 5562 Psal.
1639 5522 1778 5569 κων,
1810 5509 1892 5558 17.

2385 4398 2530 4450 λικδν
2557 4397 2662 4448 τῶν
2703 4396 3010 4448 ἀποστόλων
3055 4393 3193 4445 κατὰ
3236 4392 3498 4462 δαιμόνων
3540 4393 3818 4460 φρόνημα,
3847 4393 3923 4445 δι’

2387 4488 2476 4550 οὓς
2501 4487 2707 4557 εἴρηται
2730 4503 2744 4517 ·
2786 4485 2930 4540 Ἰδοὺ
2959 4486 3012 4537 ol
3031 4481 3306 4546 βασιλεῖς
3349 4481 3454 4547 τῆς
3479 4480 3588 4548 γῆς
3616 4484 3769 4545 συνῆ
3777 4483 3928 4548 10n-

2385 4591 2520 4628 σαν.
2552 4573 2655 4624 Καὶ
2687 4572 2869 4624 πάλιν·
2902 4569 3305 4637 Καταστήσας
3345 4568 3632 4634 ἄρχοντας
3667 4567 3760 4619 ἐπὶ
3800 4566 3925 4622 πᾶ-

2386 4674 2503 4710 σαν
2530 4658 2639 4723 τὴν
2664 4655 2795 4725 γῆν.

2459 4911 2562 4963 Kal
2603 4909 2758 4962 εἶδον
2776 4927 2788 4941 ·
2822 4909 2914 4960 καὶ
2943 4908 3064 4960 ἰδοὺ
3085 4909 3260 4969 ἵππος
3283 4908 3494 4970 λευκός
3515 4922 3528 4936 ·
3557 4907 3650 4959 καὶ
3677 4910 3707 4959 ὀ
3732 4909 3923 4972 καθή-

2383 5017 2560 5066 μενος
2581 5001 2670 5051 ἐπ’
2686 4999 2888 5058 αὐτὸν,
2913 4998 3064 5063 ἔχων
3082 4997 3278 5058 τόξον·
3297 4998 3390 5048 καὶ
3411 4997 3580 5062 ἐδόθη
3602 4997 3755 5059 αὑτῷ
3774 4990 3923 5050 στέ-

2391 5104 2607 5156 φανος·
2670 5088 2762 5138 καί
2820 5085 3035 5150 ἐξῆλθε
3105 5083 3318 5147 νικῶν,
3378 5088 3471 5136 καὶ
3513 5085 3610 5136 ἵνα
3668 5084 3917 5151 νικήσῃ.

2456 5179 2561 5243 Τῆς
2608 5177 2662 5227 δὲ
2694 5174 2965 5243 παρούσης
3014 5174 3296 5240 σφραγῖδος
3343 5174 3438 5242 τὴν
3481 5173 3648 5235 λύσιν,
3681 5173 3773 5223 καὶ
3805 5173 3923 5224 τῶν

2387 5263 2508 5331 ἑξῆς
2560 5265 2801 5326 ἁπασῶν,
2844 5265 2982 5323 τινὲς
3016 5265 3092 5322 εἰς
3127 5263 3222 5331 τὴν
3249 5262 3502 5331 Ενσαρκον
3534 5262 3626 5314 τοῦ
3655 5261 3783 5312 Θεοῦ
3816 5262 3924 5313 Λό-

2387 5370 2480 5418 γου
2525 5354 2828 5420 οἰκονομίαν
2857 5352 3226 5420 ὲξειλήφασιν·
3268 5353 3363 5422 τὴν
3419 5351 3652 5420 πρώτην,
3699 5352 3786 5419 εἰς
3818 5353 3926 5420 τὴν
