4088 6332
255 465 370 526 265

255 673 385 726 την,
413 660 486 720 είς
517 661 608 721 τὰς
653 662 785 724 μετὰ
813 660 967 713 τοῦτο
999 661 1337 730 θεοσημείας’
1373 663 1468 731 τὴν
1503 665 1780 731 τετάρτην,

257 748 342 806 εἰς
368 747 465 814 τὴν
496 748 583 797 επὶ
649 749 847 800 Ιιλάτου
882 750 1214 818 παράστασιν
1235 766 1246 779 ·
1280 751 1376 818 τὴν
1409 751 1675 819 πέμπτην,
1706 754 1784 813 είς

255 833 354 883 τὸν
389 835 640 902 σταυρόνο
685 838 779 904 τὴν
809 843 877 898 ς’,
914 840 989 899 εἱς
1018 839 1113 905 τὴν
1144 841 1198 889 ἐν
1233 837 1375 907 [τῷ]
1405 840 1640 905 μνήματι
1691 856 1784 889 κα-

255 923 510 974 τάθεσινο
547 925 636 974 καὶ
685 925 779 991 τὴν
828 925 1076 994 ἑϐδόμην,
1124 928 1200 987 εἰς
1245 927 1340 993 τὴν
1373 926 1462 976 τού
1492 926 1614 992 ᾅδου
1655 926 1784 977 σκύ-

253 1009 462 1062 λευσιν.
506 1013 690 1080 Ἡμεῖς
743 1014 822 1077 δὲ,
875 1016 1279 1082 ἐντετυχηκότες
1329 1014 1568 1082 Μεθοδίῳ
1619 1014 1784 1074 οὕτως

251 1101 506 1168 εἰρηκότι
529 1102 618 1152 ἐπὶ
641 1101 865 1164 λέξεως,
900 1103 977 1154 ὅτι
1011 1105 1089 1154 Οὐ
1116 1103 1228 1169 χρὴ
1258 1104 1362 1156 τὸν
1392 1103 1643 1169 Χριστὸν
1677 1107 1784 1155 αὺ-

191 1191 201 1198 ”
250 1189 370 1238 τὸν
390 1186 533 1240 εἶναι
560 1189 810 1257 νομίζειν
847 1191 948 1242 τὸν
981 1193 1432 1259 γεγεννημένον·
1465 1192 1644 1244 πάλαι
1677 1193 1784 1258 γὰρ

253 1274 380 1339 πρὸ
398 1276 500 1341 τῆς
528 1279 969 1344 Ἀποκαλύψεως
987 1279 1360 1346 ἐπεπλήρωτο
1384 1282 1448 1331 τὸ
1459 1281 1784 1346 μυστήριον

249 1366 372 1431 τῆς
414 1367 908 1432 ἐνανθρωπήσεως
962 1369 1066 1420 τοῦ
1126 1369 1332 1437 [Θεοῦι
1381 1372 1589 1436 Λόγου.
1634 1372 1690 1420 ’0
1729 1371 1782 1420 δὲ

261 1449 536 1518 Ἰωάννης,
597 1454 721 1518 περὶ
778 1452 952 1521 [τῶν]
1006 1458 1278 1522 παρόντων
1340 1458 1429 1506 καὶ
1492 1457 1782 1523 μελλόντων

249 1535 551 1604 θεσμῳδεῖ·
586 1539 708 1592 ἔνθα
741 1540 837 1608 τὴν
865 1540 956 1591 τοῦ
991 1543 1160 1609 πυροῦ
1190 1543 1472 1609 δράκοντος
1494 1544 1782 1604 ἀνάπτυξιν

249 1621 548 1687 ἐποιήσατο
574 1624 647 1684 ὡς
676 1625 1046 1679 ὑποτέτακται.
1081 1627 1260 1688 Οὕτως
1295 1629 1646 1695 ἐξειλὴφαμεν
1686 1631 1781 1696 τὴν

247 1707 358 1775 τῆς
401 1709 610 1778 πρώτης
661 1712 945 1780 σφραγῖδος
991 1712 1156 1778 λύσιν,
1201 1715 1296 1781 τὴν
1337 1714 1442 1764 τῶν
1477 1716 1781 1767 ἀποστόλων

248 1797 546 1849 ἐννοεῖσθαι
571 1800 756 1863 γενεάν
775 1815 789 1830 ·
820 1801 868 1850 οἳ
897 1800 1140 1868 καθάπερ
1173 1802 1320 1866 τόξον
1348 1802 1406 1854 τὺ
1435 1803 1778 1867 εὐαγγελικὺν

247 1885 513 1954 κήρυγμα
568 1888 703 1939 κατὰ
747 1889 1011 1956 δαιμόνων
1061 1891 1406 1954 ὲντείναντες,
1440 1892 1515 1958 τῷ
1565 1893 1778 1959 Χριστῷ

245 1975 384 2035 τοὺς
412 1976 708 2043 τρωθέντας
739 1982 846 2037 τοῖς
877 1981 1156 2046 σωτηρίοις
1185 1980 1357 2046 βέλεσι
1406 1982 1773 2046 προσήῨαγοψ

247 2061 515 2127 στέφανον
545 2064 820 2131 εἰληφότες
856 2069 968 2118 ἀνθ’
1020 2064 1091 2118 ὧν
1135 2068 1218 2118 διὰ
1274 2063 1366 2134 τῆς
1411 2067 1658 2134 ἀληθείας
1690 2069 1777 2119 τὸν

244 2151 352 2216 τῆς
378 2150 574 2218 πλάνης
599 2154 834 2222 ἀρχηγὸν
861 2157 1109 2224 ἐνίκησαν
1129 2173 1142 2186 ·
1191 2157 1273 2207 ἐπ’
1315 2155 1484 2207 ἐλπίδι
1527 2155 1777 2223 δευτέρας

245 2237 426 2303 νίκης,
472 2239 572 2304 τῆς
622 2229 781 2309 μέχρι
834 2245 1004 2311 βιαίου
1063 2243 1288 2295 θανάτου
1347 2244 1626 2310 ὁμολογίας
1688 2243 1779 2294 τοῦ

246 2325 578 2377 Δεσποτικοῦ
613 2329 889 2396 ὀνόματος.
920 2331 1007 2382 Διὸ
1037 2332 1334 2399 γέγραπται
1355 2347 1369 2359 °
1423 2330 1666 2396 Ἐξῆλοε
1693 2348 1775 2382 νι-

245 2415 395 2477 κῶν,
444 2418 539 2470 καὶ
587 2420 687 2472 ἵνα
731 2421 969 2486 νικήσῃ.
1011 2423 1199 2491 Πρώτη
1251 2424 1355 2491 γὰρ
1405 2424 1545 2490 νίκη,
1586 2425 1617 2490 ἡ
1671 2423 1775 2472 τῶν

244 2503 422 2556 ἐθνῶν
455 2507 784 2578 ἐπιστροφή’
819 2510 1039 2576 δευτέρα
1072 2510 1219 2581 [δὲ],
1323 2512 1413 2564 τοῦ
1449 2512 1690 2580 σώματος
1713 2512 1775 2562 δι’

245 2592 418 2661 αὐτὴν
448 2594 686 2658 ἑκούσιος
712 2598 846 2665 μετὰ
868 2601 1131 2651 κολάσεων
1151 2601 1341 2664 ἔξοδος.

1190 464 1774 524 COMMENTARIUS
1813 465 1890 523 IN
1930 465 2437 524 APOCALYPSIN.

257 570 504 634 γένεσιν“
539 569 636 638 τὴν
660 570 931 640 δευτέραν,
964 573 1040 633 είς
1083 571 1142 623 τὸ
1190 573 1460 641 βάπτισμα
1482 590 1495 603 ·
1526 574 1622 642 τὴν
1658 574 1774 643 τρί-

1878 574 2106 641 primum
2153 589 2216 627 ex
2249 575 2331 627 his
2362 582 2561 641 septem
2585 611 2600 634 ,
2651 573 2714 625 ad
2749 573 2886 626 illius
2934 582 3106 626 ortum

3293 466 3396 527 266

3157 593 3167 624 ἒ
3208 590 3398 628 δερυιι-

1883 664 2030 722 dum,
2064 666 2129 714 ad
2168 663 2490 729 Baptismum
2524 682 2535 715 :
2572 663 2804 726 tertium,
2835 664 2897 714 ad
2941 665 3108 730 signa,
3138 678 3254 730 qua:
3283 675 3401 730 post

1885 748 2208 816 Baptismum
2242 759 2542 815 susceptum
2581 751 2807 816 patravit
2847 768 2859 802 :
2899 760 3180 816 quartum,
3218 749 3282 802 ad
3323 752 3402 802 in-

1877 836 2077 902 justam
2126 838 2262 902 apud
2302 836 2448 887 l'ilati
2498 838 2728 887 tribunal
2768 838 3156 888 accusationem
3195 854 3207 887 :
3243 838 3403 902 quin-

1885 933 2015 985 tum,
2047 924 2110 974 ad
2147 939 2353 975 ClllCt'nt
2391 941 2402 972 :
2444 935 2670 982 sextum,
2709 925 2770 975 ad
2828 924 3152 990 sepulturam
3188 943 3200 975 :
3236 926 3400 991 septi-

1884 1029 2064 1074 mum,
2117 1013 2181 1064 ad
2231 1012 2540 1064 descensum
2605 1015 2668 1062 ad
2726 1011 2952 1070 inferos,
3009 1013 3403 1079 inferorumque

1883 1101 2271 1167 Spoliationem.
2305 1100 2409 1150 Nos
2435 1108 2608 1151 autem
2640 1099 2880 1150 Melltodii
2914 1100 3184 1150 sententize
3219 1101 3401 1151 luhen-

1886 1200 1962 1239 tcr
1989 1190 2359 1253 astipulantur.
2397 1189 2584 1239 Scribit
2620 1189 2661 1239 is
2689 1198 2861 1238 autem
2898 1189 2944 1237 in
2979 1190 3116 1238 hunc.
3145 1189 3358 1238 modum
3385 1205 3398 1238 :

1885 1276 2040 1326 ΛίιΙΙιι
2063 1278 2328 1326 neeessitas
2352 1278 2481 1341 cogit
2512 1287 2562 1326 ut
2590 1277 2694 1327 lta'c
2723 1279 2788 1325 ad
2820 1277 3076 1327 Christum
3100 1275 3202 1342 24
3226 1287 3403 1326 nutum

1882 1366 2128 1429 pertinere
2220 1367 2547 1425 arbitremur,
2599 1366 2849 1431 siquidem
2930 1365 3185 1414 ineurnuti
3255 1364 3399 1414 Verbi

1884 1453 2195 1516 mysterium,
2233 1453 2424 1502 dudum
2457 1462 2572 1503 ante
2616 1452 2955 1518 Apocalypsin
2981 1453 3188 1512 editam,
3229 1453 3402 1516 imple-

1884 1551 1987 1589 tum
2026 1551 2134 1590 erat
2171 1556 2187 1589 :
2217 1539 2446 1593 Joannes
2493 1554 2664 1593 autem
2695 1542 2756 1591 th
2792 1543 3141 1605 prmsmitihus
3173 1544 3402 1605 olimque

1884 1627 2074 1680 futuris
2104 1630 2258 1680 verita
2291 1629 2434 1682 facit.
2465 1629 2572 1680 llac
2606 1638 2782 1680 autem
2831 1632 3072 1696 pericopa
3098 1669 3110 1689 ,
3136 1634 3403 1697 quomodo

1882 1714 2030 1767 rufus
2061 1716 2145 1766 ille
2181 1716 2484 1782 ignitusque
2531 1717 2693 1767 draco
2723 1716 3034 1783 snhjugatus
3081 1717 3270 1777 fuerit,
3311 1733 3404 1768 ex-

1883 1803 2112 1869 ponitur.
2153 1801 2311 1854 Primi
2348 1801 2570 1870 proimle
2618 1803 2770 1869 sigilli
2811 1804 3006 1856 solutio
3044 1805 3105 1856 ad
3139 1806 3396 1870 apostolo-

1815 1881 1851 1932 Β
1883 1907 1996 1942 rum
2047 1892 2440 1958 generationem
2495 1892 2633 1943 haud
2677 1892 3011 1943 incommode
3072 1877 3401 1942 traitstiwtur.

1884 1980 1942 2031 Ili
1977 1995 2198 2046 namque
2245 1979 2510 2048 Evangelii
2558 1981 2983 2047 praedicationem
3031 1980 3188 2031 veluti
3221 1996 3399 2031 areum

1881 2068 2158 2120 infractum
2204 2079 2388 2120 contra
2437 2070 2704 2121 daemones
2754 2069 3120 2127 intenderunt.
3155 2070 3403 2120 salutari-

1880 2157 2084 2221 busque
2107 2155 2315 2221 sagittis
2344 2156 2648 2207 vulneratos
2672 2155 2733 2205 ad
2752 2155 3020 2206 Christum
3038 2155 3399 2206 adduxerunt:

1887 2257 2137 2294 coronam
2182 2242 2251 2294 ob
2297 2242 2345 2294 id
2394 2243 2591 2302 sortiti.
2642 2244 2782 2310 quod
2838 2258 2930 2309 per
2977 2244 3211 2296 veritatis
3256 2257 3402 2295 arma

1878 2333 2074 2384 erroris
2096 2332 2282 2384 ducem
2311 2332 2636 2395 devicerunt,
2670 2333 3021 2400 secundaeque
3049 2334 3281 2386 victorize
3314 2349 3404 2399 spe

1882 2435 2048 2485 usque
2073 2421 2135 2472 ad
2161 2420 2441 2474 violentam
2473 2431 2697 2474 mortem
2727 2437 2916 2473 nomen
2951 2422 3152 2474 Domini
3183 2423 3403 2486 professi

1879 2514 2022 2556 sunt.
2057 2507 2347 2574 EaprOpter
2389 2509 2485 2560 hoc
2515 2507 2652 2568 loco,
2691 2507 2860 2558 Exivi!
2897 2509 3053 2559 victor
3080 2517 3132 2558 ut
3166 2510 3401 2559 vinceret.

1878 2595 2051 2648 Prima
2081 2597 2256 2663 itaque
2289 2597 2502 2650 victaria
2525 2635 2539 2658 ,
2573 2611 2729 2662 quam
2755 2612 2849 2663 per
2875 2600 3142 2665 apostolos
3163 2600 3406 2652 Christus

245 2691 440 2733 nactus
465 2693 566 2746 est,
593 2686 828 2753 gentium
855 2686 954 2742 fuit
974 2690 1250 2743 conversio
1284 2707 1296 2742 :
1335 2688 1564 2744 secunda
1593 2697 1790 2748 autem,
1830 2695 2155 2752 spontancus
2187 2700 2217 2738 ιι
2247 2699 2468 2752 corpore
2498 2687 2674 2740 exitus
2699 2727 2711 2748 ,
2753 2703 2854 2738 non
2915 2689 3113 2755 absque
3168 2691 3404 2740 cruciatu

245 2771 374 2840 ejus
403 2774 478 2826 rei
506 2788 668 2828 causa
698 2786 997 2845 susceptus.

830 2909 1070 2960 ΚΕΦΛΛ.
1106 2912 1199 2959 lA'.

244 3031 439 3106 Λύσις
481 3031 592 3106 τῆς
635 3032 914 3106 δευτέρας
953 3036 1277 3106 σφραγῖδος
1325 3037 1625 3103 (δηλοῦσα
1672 3035 1778 3090 τὸν

339 3101 456 3149 τῶν
471 3101 746 3151 ,ἀπίστων
781 3101 927 3152 κατὰ
962 3105 1074 3154 τῶν
1103 3101 1341 3157 πιστῶν
1362 3107 1675 3173 πόλεμον).

319 3249 430 3301 Kal
449 3249 542 3301 ὅτε
563 3249 767 3315 ἤνοιξε
787 3251 898 3316 τὴν
916 3252 1193 3320 δευτέραν
1211 3255 1520 3322 σφραγῖδα,
1545 3255 1779 3322 ἤκουσα

243 3338 358 3392 τοῦ
390 3338 664 3404 δευτέρου
692 3339 854 3402 ζὼου,
883 3342 1163 3407 λέγοντος
1184 3360 1198 3374 ο
1233 3344 1444 3412 Ἔρχου
1474 3346 1569 3397 καί
1601 3345 1707 3397 ἴδε.

321 3446 467 3502 Ζῶον
506 3435 657 3517 οἶμαι
704 3449 968 3518 δεύτερον,
1016 3453 1105 3504 τὸν
1139 3454 1333 3522 μόσχον
1375 3456 1641 3520 λέγεσθαι,
1674 3457 1780 3507 τῶν

245 3538 421 3602 ἁγίων
458 3537 744 3607 μαρτύρων
771 3542 866 3601 τὰς
893 3541 1039 3608 ἱερὰς
1067 3541 1251 3605 Θυσίας
1297 3547 1777 3614 χαρακτηρίζοντα,

244 3623 345 3675 τοῦ
394 3626 653 3694 προτέρου
680 3627 777 3694 τὴν
812 3628 1165 3699 ἀποστολικὴν
1196 3631 1438 3693 ἐξουσίαν
1465 3632 1781 3700 διαγράφον-

243 3729 364 3775 τος,
392 3715 463 3774 ὡς
493 3716 723 3782 εἴρηται.

321 3822 424 3872 Kal
454 3819 636 3883 εἶδον,
667 3823 761 3873 καὶ
789 3823 912 3874 Ιδοὺ
939 3824 1189 3888 ἐξῆλθεν
1221 3827 1405 3889 ἄλλος
1431 3829 1608 3890 ἵππος
1638 3831 1780 3894 πιρ-

234 3910 374 3978 ρός.
420 3910 530 3960 Kal
575 3910 655 3972 τῷ
712 3913 1015 3977 καθημένῳ
1062 3914 1152 3963 ἐπ’
1200 3915 1376 3976 αὐτῷ,
1421 3915 1591 3978 ἐδόθη
1625 3914 1778 3976 αὺτῴ

241 3997 455 4050 ,λαϐεῖν
488 3999 600 4064 τὴν
628 3999 870 4063 εἰρήνην
914 4000 979 4051 ἐκ
1030 4000 1133 4064 τῆς
1182 4001 1311 4066 γῆς,
1354 4003 1449 4052 ἵνα
1477 4003 1776 4066 ἀλλήλους

241 4085 550 4154 σφάξωσι·
591 4087 687 4138 καὶ
723 4085 896 4154 ἐδόθη
929 4087 1084 4150 αὐτῷ
1111 4089 1368 4154 μάχαιρα
1391 4090 1637 4156 μεγάλη.

320 4197 534 4265 Ταύτην
559 4199 716 4267 ἡμεῖς
741 4197 1101 4265 στοχαζόμεθα
1129 4198 1224 4267 τὴν
1249 4198 1496 4267 δευτέραν
1522 4199 1628 4250 τῶν
1649 4201 1778 4251 ἀπο-

249 4287 454 4339 στόλων
478 4286 709 4339 νοεῖσθαι
736 4287 968 4356 διδαχὴν,
993 4288 1077 4340 διὰ
1109 4289 1398 4356 μαρτύρων
1419 4289 1507 4340 καὶ
1528 4290 1776 4342 διδασκά⁴

241 4375 354 4428 λων
382 4393 442 4427 συ
451 4376 862 4444 μπληρουμένην
885 4394 897 4406 ο
925 4378 981 4428 ὲν
1004 4373 1036 4449 ᾖ
1061 4379 1450 4442 πλατυνομένου
1479 4379 1658 4430 λοιπὸν
1685 4380 1777 4430 τοῦ

245 4465 616 4532 κηρύγματος,
659 4469 692 4535 ἡ
714 4462 806 4518 τοῦ
840 4470 1039 4537 κόσμου
1069 4471 1252 4536 εἰρήνη
1297 4471 1473 4536 ἐλύθη.
1511 4471 1628 4522 καθ’
1655 4472 1778 4520 ἐαυ-

2447 2907 2663 2958 CAI’L'T
2724 2908 2855 2959 XIV.

1881 3036 2101 3090 Secundi
2139 3036 2299 3103 sigilli
2329 3035 2547 3095 solutio,
2589 3051 2689 3101 qua
2735 3036 2969 3099 pra-lium
3015 3040 3148 3101 quod
3178 3038 3402 3102 inﬁdeles

2147 3113 2326 3155 Contra
2357 3104 2528 3168 ﬁdeles
2560 3106 2755 3164 ineunt,
2788 3106 3111 3155 describitur.

1949 3252 2030 3314 VI,
2059 3254 2111 3307 5.
2133 3251 2192 3304 Et
2222 3269 2336 3303 eum
2353 3252 2630 3318 aperuisset
2652 3251 2881 3317 sigillum
2908 3251 3206 3315 secundant,
3230 3255 3404 3305 auditi

1877 3339 2148 3391 secundum
2181 3339 2375 3391 animal
2404 3341 2573 3391 dicem
2609 3355 2623 3394 :
2669 3338 2789 3390 Veni
2821 3349 2866 3390 et
2899 3340 3024 3392 cide.

1948 3450 2247 3504 Secundum
2304 3451 2499 3502 animal
2555 3451 2778 3502 vitulum
2829 3451 2930 3503 diei
2985 3452 3249 3505 existimo.
3297 3453 3406 3505 Hoc

1882 3546 2058 3588 autem
2113 3544 2485 3589 sacrosanctus
2543 3539 2815 3589 beatorum
2869 3549 3157 3606 martyrum
3209 3542 3410 3592 hostias

1879 3626 2153 3692 designat,
2199 3626 2354 3677 sicuti
2403 3626 2631 3689 prinmm
2679 3626 3026 3692 apostolicam
3063 3638 3408 3694 potestatem.

1881 3714 1952 3766 uti
1983 3714 2142 3781 paulo
2171 3723 2292 3766 ante
2324 3713 2679 3766 indicabatur.

1948 3823 2034 3885 Vl,
2065 3825 2116 3876 6.
2143 3824 2208 3875 Et
2227 3827 2382 3877 exivit
2421 3825 2558 3875 alius
2579 3839 2738 3889 equus
2789 3824 2952 3888 rufus.
2992 3822 3055 3872 Et
3086 3828 3174 3890 qui
3206 3827 3404 3877 sedebat

1877 3929 2031 3978 super
2058 3914 2237 3975 illum,
2263 3914 2442 3962 datum
2467 3922 2540 3962 est
2568 3913 2613 3961 ei
2643 3921 2694 3961 ut
2721 3920 2938 3960 sumeret
2961 3927 3132 3975 pacem
3162 3915 3224 3964 de
3252 3925 3407 3975 terra,

1874 4016 1922 4056 et
1947 4014 1998 4054 ut
2028 4005 2240 4055 invicem
2274 4019 2324 4054 se
2355 4003 2666 4062 interﬁciant
2697 4018 2709 4062 ;
2736 4010 2781 4050 et
2814 4000 2964 4050 datus
2992 4011 3066 4052 est
3097 4002 3175 4052 illi
3206 4003 3408 4068 gladius

1877 4106 2107 4157 magnus.

1943 4197 2092 4252 lianc
2151 4198 2436 4251 secundam
2475 4199 2539 4250 ah
2581 4199 2833 4266 apostolis
2876 4199 3266 4253 successionem
3315 4199 3400 4250 in-

1877 4288 2154 4357 terpretari
2186 4302 2499 4355 possumus.
2528 4304 2646 4356 qua:
2674 4304 2764 4356 per
2795 4297 3053 4357 martyres
3084 4297 3134 4341 et
3169 4289 3410 4340 doctores

1876 4377 2162 4429 constituta
2208 4386 2307 4428 est.
2337 4376 2388 4428 ltt
2416 4376 2513 4429 hac
2541 4378 2681 4428 enim
2717 4377 2965 4430 Ecclesia!
2993 4387 3162 4439 astate,
3192 4378 3410 4430 dilatata

1875 4463 1983 4528 jam
2016 4465 2282 4530 Evangelii
2317 4467 2687 4530 praedicatione
2710 4505 2722 4526 .
2756 4468 2935 4518 mundi
2975 4467 3134 4534 hujus
3167 4483 3266 4533 pax
3299 4467 3409 4519 dis-

244 4555 350 4619 τῆς
379 4553 723 4622 μερισθεισης
752 4559 848 4622 τῆς
877 4557 1105 4621 φύσεως,
1137 4560 1273 4608 κατὰ
1297 4559 1354 4607 τὸ
1385 4557 1543 4623 ῥηθὲν
1571 4559 1671 4607 ὑπὸ
1692 4558 1780 4607 τοῦ

1886 4551 2090 4611 soluta,
2133 4551 2517 4618 hominumque
2552 4563 2736 4603 natura
2775 4563 2957 4604 contra
2999 4555 3224 4620 seipsam
3275 4569 3410 4619 quo-

247 4641 518 4708 Χριστοῦο
563 4645 680 4695 οὐκ
728 4640 914 4711 ἦλθον
958 4646 1172 4706 βαλεῖν
1217 4646 1458 4710 εἰρήνην
1506 4646 1636 4714 [ἐπὶ
1679 4646 1783 4710 τῆς

253 4729 370 4797 Τῆς
385 4728 426 4799 1’
453 4730 609 4783 ἀλλὰ
635 4733 946 4798 μάχαιραν·
977 4733 1051 4783 Δι’
1087 4729 1149 4801 ἧς
1173 4733 1236 4783 τὰ
1262 4733 1564 4801 μαρτυρικὰ
1587 4733 1782 4797 σφάγια

254 4818 340 4877 εἰς
380 4818 443 4867 τὸ
481 4817 591 4869 ἀνω
623 4817 1000 4886 θυσιαστήριον
1043 4819 1423 4887 ἀνηνέχθησαν.
1469 4819 1518 4868 Ὀ
1548 4817 1612 4868 δὲ
1644 4820 1785 4883 πιλο-

239 4904 354 4969 ρὖ
385 4906 587 4970 ἵππος,
631 4907 663 4976 ἦ
702 4909 796 4975 τῆς
847 4899 1116 4976 ἐκχύσεως
1159 4909 1263 4959 τῶν
1315 4907 1640 4974 αἱμάτων,ἦ
1686 4907 1782 4973 τῆς

250 4995 650 5064 πεπυρωμένης
681 4997 786 5048 τῶν
833 4998 969 5067 ὑπὲρ
1003 4997 1232 5066 Χριστοῦ
1277 4999 1582 5066 πασχόντων
1607 4995 1780 5046 διαθέ-

249 5096 388 5142 σεως
414 5081 692 5148 σύμϐολον.
727 5087 799 5136 Τὸ
824 5077 879 5138 δὲ
910 5084 1228 5155 γεγράφθαι,
1251 5087 1493 5154 δοθῆναι
1513 5086 1587 5149 τῷ
1638 5089 1776 5137 καθ-

248 5172 450 5241 ημένῳ
464 5173 552 5223 ἐπ’
577 5173 732 5237 αὐτῷ
751 5177 953 5229 λαϐεῖν
974 5175 1365 5245 τὴνειρήνην,
1395 5176 1490 5242 τὴν
1513 5176 1778 5240 πάνσοφον

243 5261 485 5316 δείκνυσι
510 5252 602 5314 τοῦ
628 5263 760 5316 Θεοῦ
790 5249 1146 5335 συγχώρησιν,
1173 5268 1295 5330 τοὺς
1321 5267 1538 5327 πιστοὺς
1565 5265 1778 5326 δούλους

243 5351 338 5404 διὰ
369 5350 687 5419 πειρασμῶν
714 5351 1106 5421 δοκιμάζουσαν

317 5695 365 5726 ¹³
397 5693 584 5747 Matth.
621 5711 672 5746 χ.
698 5692 784 5746 3i.

570 5789 830 5846 ΡΛτιιιιι..
879 5789 986 5847 Gn.
1033 5791 1184 5848 CVI.

1883 4639 2164 4689 dammodo
2202 4638 2368 4690 divisa
2416 4649 2516 4690 est.
2564 4639 2676 4691 lluc
2725 4656 2954 4705 namque
3005 4642 3231 4705 pertinet
3285 4639 3411 4691 illud

1881 4726 2076 4778 Christi
2110 4743 2121 4775 :
2161 4726 2279 4777 Non
2328 4729 2437 4779 t'eni
2476 4743 2649 4793 pacem
2689 4731 2921 4788 mittere.
2965 4731 3052 4781 sed
3095 4731 3319 4797 gladium
3339 4731 3410 4790 ¹³;

1881 4829 2151 4882 per-quem
2186 4824 2474 4882 martyrum
2505 4817 2690 4869 hostia:
2721 4828 2995 4879 mactata},
3037 4821 3086 4870 ei
3122 4819 3174 4870 in
3207 4820 3406 4871 cmlesti

1880 4919 1970 4956 ara
2005 4904 2193 4956 ohlatre
2223 4914 2364 4958 sunt.
2403 4907 2567 4959 Porro
2606 4923 2762 4974 equus
2793 4903 2961 4971 rufus,
2987 4916 3077 4960 aut
3107 4909 3255 4961 effusi
3288 4923 3412 4960 san-

1879 4993 2054 5060 guinis
2102 4994 2397 5060 symbolum
2452 5005 2562 5056 est,
2616 5007 2707 5049 aut
2765 4997 3150 5048 inﬂammatum
3205 4997 3410 5047 illorum
3459 5007 3462 5010 ί

1883 5082 2124 5134 aﬂ'ectum
2168 5084 2462 5150 signitieat‘,
2490 5085 2580 5150 qui
2603 5094 2846 5137 mortem
2891 5082 3227 5151 pro-Christo
3253 5093 3409 5144 oppe-

1881 5170 2097 5224 tierunt.
2129 5171 2260 5224 Cum
2301 5182 2472 5224 autem
2500 5173 2729 5233 additur,
2764 5173 2880 5239 rufo
2904 5189 3028 5239 equo
3059 5168 3297 5221 lltslllt’ttll
3319 5165 3409 5214 dn-

1881 5271 1986 5313 tam
2008 5280 2114 5315 esse
2139 5273 2437 5330 potestatem
2467 5275 2521 5314 ut
2546 5266 2742 5316 tolleret
2763 5280 2934 5329 pacem
2960 5262 3018 5312 de
3044 5271 3189 5314 terra.
3208 5247 3404 5322 sapirni

1883 5351 2088 5402 tissima
2123 5351 2210 5403 Dei
2246 5352 2526 5418 permissio
2551 5353 2618 5404 ob
2647 5353 2828 5405 oculos
2860 5350 3008 5401 nobis
3032 5346 3260 5412 ponitur.
3294 5342 3409 5393 "at?

1884 5453 1986 5489 una
2019 5439 2161 5490 enim
2200 5449 2300 5500 est,
2333 5455 2449 5506 qua:
2479 5441 2611 5492 fidos
2640 5438 2729 5492 Dei
2767 5452 2946 5491 servos
2977 5450 3066 5501 per
3093 5432 3410 5486 tentationes

1882 5528 2094 5593 probari
2121 5538 2171 5584 et
2199 5530 2459 5596 exploraui
2489 5529 2633 5583 sinit.
