4088 6332
260 220 361 279 273

1193 238 1782 304 COMMENTARIUS
1822 246 1899 305 IN
1939 246 2453 334 APOCALYPSIN.

3323 252 3426 317 274

259 332 391 428 aee.
424 337 483 387 τὸ
528 340 637 402 τοῖς
682 344 828 412 παρὰ
868 345 965 415 τῆς
1005 345 1150 409 θείας
1186 349 1351 417 ὀργῆς
1388 354 1800 423 καταληφθεῖσιν

1903 334 2083 410 Adhuc
2113 361 2281 420 semel,
2307 360 2379 410 ait
2405 358 2703 427 Scriptura,
2729 368 2778 413 el
2793 375 2883 426 ego
2907 361 3110 413 movebo
3131 370 3321 415 terram
3352 366 3426 428 “,-

260 426 560 490 άρώτιστον
601 433 951 493 ἐνδείκνυται.
996 438 1149 491 Οὕτω
1186 441 1290 508 γὰρ
1342 443 1594 506 πολλάκις
1629 446 1799 498 ταῦτα.

262 516 351 566 καὶ
377 517 406 566 ὁ
456 520 718 589 μακάριος
749 524 1029 593 ,Κύριλλος
1059 528 1326 597 ἑξείληφε.
1379 532 1452 581 Τὸ
1499 533 1552 584 δὲ
1592 536 1800 587 πεσεῖν

262 604 396 669 τοὺς
426 609 710 676 ἀστέρας,
738 614 916 677 καθὼς
943 617 1032 667 καὶ
1057 618 1155 686 ἢδη
1184 620 1308 688 περὶ
1336 623 1443 672 τῶν
1466 623 1566 675 ὑπὸ
1606 627 1800 677 ’Δντιός

261 709 354 757 χου
384 698 769 765 ἀπατηθέντων
801 703 1130 769 γέγραπται,
1168 707 1228 759 τὸ
1272 710 1365 760 καὶ
1396 711 1535 777 τοὺς
1562 713 1800 780 φωστῆ-

255 802 363 849 ρτις
394 783 529 838 εἶναι
559 789 844 854 δοκοῦντας
871 793 942 870 ἐν
983 797 1184 864 κόσμῳ
1203 836 1217 857 ,
1264 800 1477 866 πίπτειν
1506 804 1617 865 τοῖς
1655 820 1799 870 γινο-

265 871 442 937 μένοις
464 875 871 945 ὲποκλάζοντας,
888 865 983 947 ὧς,
1002 886 1162 952 φησιν
1175 886 1203 936 ὁ
1214 865 1434 956 Κύριος,
1452 865 1801 958 πλανηθηναι,

263 964 308 1013 εί
339 962 581 1026 δυνατὸν,
624 968 715 1021 καὶ
736 971 858 1032 τοὺς
885 972 1190 1037 ἐκλεκτοὺς,
1220 976 1306 1028 διά
1340 978 1398 1029 τὸ
1447 980 1544 1047 τῆς
1576 981 1802 1050 θλίψεως

268 1054 508 1119 μέγεθος.
548 1056 703 1120 -ιισως
732 1060 840 1129 γὰρ
863 1062 950 1114 διὰ
976 1063 1130 1116 τοῦτο
1156 1068 1248 1117 καὶ
1281 1068 1311 1134 ή
1354 1069 1492 1133 συκῆ
1522 1070 1603 1131 είς
1631 1072 1806 1141 παρά-

264 1142 455 1211 δειγμα
499 1141 1008 1229 τωρσλαμὸάγεταιί
1042 1152 1117 1214 ὡς
1157 1157 1279 1217 τοὺς
1314 1158 1520 1221 ἀτελεῖς
1561 1162 1802 1229 καρποὺς

264 1230 355 1281 καὶ
379 1231 546 1299 μήπω
572 1236 943 1299 πεπανθέντας
966 1239 1042 1308 τῷ
1064 1241 1171 1295 τῶν
1197 1246 1516 1314 πειρασμῶν
1544 1249 1799 1307 καύσωνι.

266 1316 355 1366 καὶ
388 1316 486 1385 [μὴ
628 1320 1019 1388 γλυκανθέντας
1044 1331 1109 1396 τῇ
1137 1329 1341 1397 χάριτι,
1377 1332 1434 1383 ἐν
1470 1334 1547 1403 τῷ
1577 1334 1677 1386 ὑπὸ
1711 1332 1802 1386 τοῦ

265 1404 560 1458 διαὸολικοῦ
603 1411 803 1479 ἀνέμου
834 1405 1176 1470 τινάσσεσθαι
1215 1420 1640 1474 καταδάλλουσα.
1676 1425 1802 1475 Δισ-

269 1492 372 1553 σῶς
398 1496 503 1562 γὰρ
535 1498 733 1568 ταύτην
769 1502 859 1553 ὲπί
888 1519 945 1554 τε
983 1504 1131 1574 καλῷ
1176 1507 1266 1557 ἐπί
1310 1525 1368 1560 τε
1399 1498 1550 1577 κακῷ
1598 1510 1801 1577 ἐκλαμ-

265 1579 561 1652 ϐανομένην
602 1586 839 1656 οἴδαμεν·
882 1590 945 1643 ἐκ
989 1609 1047 1645 τε
1093 1595 1199 1647 τῶν
1240 1595 1347 1648 δύω
1401 1599 1650 1651 καλάθων
1694 1600 1801 1651 τῶν

1898 451 2038 519 quod
2077 450 2359 517 Apostolus
2385 449 2449 503 ad
2484 465 2660 503 rerum
2702 452 2976 506 mobilium
3027 454 3425 508 translationem

1900 539 2075 593 refert.
2115 540 2206 592 Sic
2247 540 2599 593 lsraclitarum
2641 555 2856 610 quoque
2892 558 2955 595 ex
3000 541 3227 613 Egypto
3256 544 3430 610 profe-

1899 629 2005 681 ctio
2069 638 2219 681 terra:
2278 638 2451 682 motus
2511 638 2765 693 vocatur;
2806 631 2988 695 Terra,
3030 621 3215 687 scribit
3242 634 3427 696 David,

1900 728 2038 770 mota
2069 728 2177 782 est;
2218 721 2404 773 etenim
2437 720 2549 771 caeli
2581 720 2959 773 distillaverunt
2985 723 3048 775 ³⁸.
3078 721 3146 773 At
3184 738 3308 775 vero
3339 739 3426 775 so-

1899 808 1965 860 lis
2005 807 2260 876 nigredo,’
2289 818 2338 862 et
2370 810 2505 861 luna:
2541 809 2866 871 obscuratio,
2914 810 3151 879 colorque
3199 812 3426 879 ejusdem

1901 897 2234 965 sanguineus,
2261 910 2446 949 eorum
2471 896 2765 949 cacitatem
2789 907 2840 949 ct
2858 898 3231 951 obscuritatem
3263 901 3426 953 deno-

1903 994 2031 1047 tant,
2061 1000 2195 1055 quos
2226 985 2482 1038 Dominus
2511 986 2561 1038 in
2592 986 2668 1038 ira
2692 1001 2786 1039 sua
2814 997 2941 1039 tunc
2967 987 3381 1056 comprehendet
3408 1006 3422 1040 :

1906 1074 1973 1128 ad
2000 1075 2141 1129 huttc
2164 1075 2303 1126 enim
2333 1074 2546 1141 modum
2575 1078 2759 1130 beatus
2788 1077 3019 1146 Cyrillus
3047 1094 3151 1131 non
3174 1094 3279 1131 uno
3309 1079 3424 1133 loco

1903 1162 2083 1216 isthaec
2113 1163 2349 1230 exponit.
2380 1160 2530 1226 Quod
2562 1170 2736 1216 autem
2770 1165 2932 1217 stellw
2967 1167 3154 1219 cadant
3184 1166 3256 1235 (id
3283 1169 3423 1234 quod

1899 1252 1964 1304 de
2008 1251 2073 1304 iis
2119 1265 2334 1319 quoque
2390 1252 2640 1305 traditunt
2694 1252 2884 1320 legitur
2920 1255 3008 1322 qui
3048 1256 3114 1307 ab
3160 1256 3424 1321 Antiocho

1902 1339 2102 1407 seducti
2137 1338 2400 1408 fuerant),
2424 1340 2793 1407 sigttiflcateos
2818 1343 2907 1411 qui
2940 1345 3116 1394 mundi
3141 1344 3422 1396 luminaria

1900 1426 2243 1492 putabantur,
2283 1428 2666 1495 suppliciorum
2700 1438 2901 1483 terrore
2932 1430 3126 1485 fractos
3157 1432 3420 1501 dejrclus-

1899 1529 2021 1582 que,
2075 1529 2103 1567 a
2150 1515 2253 1567 llde
2298 1522 2354 1568 et
2392 1518 2613 1570 veritate
2661 1518 2713 1571 in
2770 1520 3044 1586 perﬁdiam
3092 1529 3145 1573 et
3191 1537 3421 1575 errurctn

1899 1604 2218 1657 defecturos.
2261 1602 2389 1657 Nam
2429 1613 2487 1658 ut
2536 1606 2781 1660 Christus
2818 1608 3071 1663 Dominus
3113 1622 3421 1676 praemonet,

264 1672 509 1737 χρηστῶν
540 1677 630 1727 καὶ
676 1676 783 1729 τῶν
818 1683 1065 1752 πονηρῶν
1092 1684 1269 1738 σύκων
1311 1688 1415 1739 τῶν
1449 1688 1525 1757 τῷ
1563 1690 1798 1759 Ἱερεμίᾳ

1902 1702 2046 1746 tanta
2076 1702 2198 1747 tunc
2225 1694 2324 1747 crit
2353 1694 2563 1749 afﬂictio
2590 1704 2645 1749 ut
2667 1697 2984 1752 seducantur
3015 1672 3164 1753 electi
3188 1715 3422 1769 quoque,

265 1762 555 1827 φανέντων,
585 1765 647 1818 εκ
675 1783 731 1819 τε
755 1771 855 1838 τῆς
884 1771 1234 1842 ξηρανθείσης
1266 1777 1367 1828 ὑπὸ
1399 1778 1534 1847 [τοῦ]
1567 1780 1795 1847 Χριστοῦ

264 1853 445 1917 συκῆς,
464 1855 573 1917 καὶ
598 1858 695 1925 τῆς
722 1860 1024 1931 φερομένης
1052 1863 1110 1915 ὲν
1133 1864 1210 1932 τῷ
1239 1865 1501 1934 ’ᾼσματι.
1531 1867 1589 1918 El
1619 1868 1674 1919 δὲ
1707 1870 1799 1921 καὶ

262 1938 528 2007 αἰσθητῶς
560 1946 731 1998 ταῦτα
754 1949 846 2000 τοῦ
866 1952 1119 2019 ,Χριστοῦ
1148 1954 1330 2022 κριτοῦ
1362 1956 1497 2024 μετά
1524 1956 1678 2024 δόξης
1709 1960 1798 2028 ὲρο

262 2029 482 2096 χομένου
512 2035 860 2103 συμϐήσεται,
887 2041 1045 2102 αὐτὸς
1076 2042 1143 2095 ἃν
1166 2044 1327 2115 είδείη
1357 2047 1385 2096 ὁ
1414 2046 1536 2106 τοὺς
1559 2047 1797 2116 ἀποκρύο

261 2132 387 2183 φους
413 2119 551 2188 ἔχων
581 2123 880 2195 θησαυροὺς
900 2129 1001 2198 τῆς
1029 2130 1277 2198 γνώσεως
1308 2134 1398 2186 καὶ
1428 2136 1526 2205 τῆς
1557 2138 1765 2203 σοφίας.

1904 1784 1947 1837 si
1989 1783 2098 1837 fleri
2129 1783 2316 1851 possit.
2341 1783 2542 1840 Forsan
2572 1786 2637 1840 ad
2664 1786 2712 1839 id
2747 1788 3132 1859 designandum
3165 1791 3215 1843 in
3247 1806 3425 1846 exent-

1898 1874 2043 1941 pluttt
2083 1884 2357 1942 assumpta
2396 1883 2481 1929 est
2512 1877 2679 1943 ﬁcus;
2727 1886 2783 1930 ut
2834 1894 2953 1947 quae
2985 1878 3191 1933 fructus
3228 1880 3424 1949 imper-

1896 1963 2064 2017 fectos
2093 1962 2412 2031 (cujnsmodi
2450 1974 2572 2018 suttt
2609 1968 2699 2034 qni
2752 1969 3099 2022 tcntationum
3140 1971 3258 2037 igne
3300 1985 3425 2023 nec-
3476 1980 3481 1987 ‘

1893 2052 2017 2104 dum
2049 2052 2289 2115 excocti,
2322 2068 2494 2119 neque
2530 2054 2808 2108 cbaritatis
2848 2057 3035 2110 ardore
3083 2057 3146 2110 ad
3185 2058 3421 2111 dttlcedio

1894 2153 2013 2191 nent
2044 2139 2220 2192 adhuc
2267 2140 2506 2207 perducti
2540 2142 2701 2209 sunt)
2746 2142 2871 2195 dum
2913 2158 2939 2195 a
2972 2144 3237 2199 diabolico
3266 2157 3420 2200 vento

261 2207 624 2303 vehementius
663 2217 921 2285 quatitur,
988 2220 1241 2275 decutere
1302 2238 1365 2276 ac
1409 2224 1462 2277 in
1521 2235 1714 2279 terram
1778 2227 2006 2294 dejicere
2065 2227 2247 2283 soleat.
2304 2227 2570 2283 Novitnus
2631 2207 2772 2285 cnim
2826 2233 3139 2287 vocabulum
3196 2238 3324 2303 ﬁcus
3368 2238 3419 2291 in

264 2297 447 2351 bonam
479 2310 532 2354 et
556 2304 748 2357 malam
780 2314 981 2374 partem
1011 2310 1198 2377 accipi.
1233 2312 1513 2380 Colligitur
1545 2315 1644 2367 hoc
1674 2330 1796 2368 cum
1823 2332 1887 2370 ex
1927 2318 2137 2370 duobus
2176 2318 2277 2370 illis
2341 2321 2597 2371 bonarum
2628 2329 2681 2373 et
2745 2311 3006 2375 malarum
3047 2297 3243 2378 licuuin
3274 2327 3417 2379 cala-

262 2388 384 2454 this,
422 2407 652 2459 quarutn
704 2396 765 2449 fit
824 2400 1024 2453 mentio
1077 2402 1215 2471 apud
1287 2402 1475 2458 Isaiam
1518 2424 1533 2473 ;

1610 2416 1720 2460 tum
1787 2424 1997 2464 rursum
2043 2426 2108 2464 ex
2164 2410 2266 2464 llcu
2314 2426 2471 2479 quant
2532 2414 2904 2470 malcdictionc
2953 2432 3049 2471 sua
3090 2418 3336 2474 Christus
3384 2436 3415 2475 a

262 2479 469 2575 refecit;
529 2494 741 2575 tumes
781 2487 869 2542 illa
925 2491 1152 2575 denique
1205 2510 1323 2563 quae
1370 2495 1538 2551 fertur
1588 2499 1639 2552 itt
1691 2499 1948 2555 Canticis.
2008 2501 2173 2554 Porro
2250 2512 2425 2555 autent
2483 2518 2550 2555 an
2594 2504 2806 2558 Christo
2860 2507 3083 2560 Domino
3137 2508 3245 2575 28
3294 2524 3413 2562 cum
3464 2544 3467 2547 λ

259 2568 420 2659 gloria
449 2577 505 2623 et
554 2574 831 2640 majestate
884 2578 949 2630 ad
992 2569 1252 2646 judicium
1286 2584 1546 2647 veniente,
1582 2586 1783 2653 aliquid
1810 2603 1872 2641 ex
1910 2590 2177 2656 przedictis
2229 2590 2410 2643 scnsili
2469 2592 2626 2645 modo
2679 2601 2993 2647 eventurum
3024 2596 3113 2659 sit,
3275 2614 3417 2655 unus

262 2658 346 2711 ille
376 2662 520 2714 novit
541 2664 630 2730 qui
658 2679 844 2721 omnes
872 2669 1106 2722 scientia:
1126 2678 1177 2723 et
1199 2672 1476 2740 sapientia:
1507 2677 1788 2732 thesauros
1819 2680 1871 2733 in
1902 2695 1959 2733 se
1986 2680 2197 2734 abditos
2225 2681 2483 2735 continet.

326 2751 431 2802 Kal
462 2754 495 2803 ό
514 2754 761 2820 οὐρανὸς
796 2757 1165 2827 ἀπεχωρίσθη
1194 2760 1273 2824 ὡς
1286 2764 1523 2824 βιϐλίον
1544 2767 1787 2820 ἑλισσό-

256 2853 451 2901 μενος.
1744 2850 1747 2851 ⁷

1970 2768 2049 2836 Vl,
2085 2770 2169 2823 14.
2204 2768 2269 2823 Et
2297 2770 2479 2830 cretum
2512 2774 2713 2827 recessit
2742 2776 2874 2827 sicut
2901 2774 3027 2827 liber
3054 2764 3329 2833 involutus.

332 2929 401 2979 Τὸ
445 2928 500 2979 ὁὶ
555 2929 662 2981 τὸν
712 2933 967 3000 οἰφανὸν
999 2936 1349 2993 ἐλίσσεσθαι
1397 2942 1474 3006 ὡς
1525 2943 1785 3010 βιϐλίον,

1956 2943 2149 2997 (Icelum
2184 2946 2351 2999 instar
2378 2944 2499 2997 libri
2542 2946 2749 3009 involvi,
2787 2946 2861 2999 vel
2892 2948 3180 3006 secundum
3213 2949 3411 3007 Christi

260 3017 287 3083 ἢ
340 3018 400 3068 τὸ
433 3020 704 3085 ἄγνωστον
755 3025 850 3093 τῆς
896 3025 1148 3096 δευτέρας
1199 3032 1430 3097 Χριστοῦ
1484 3036 1784 3103 παρουσίας

257 3107 559 3160 αἰνίττεταισ
594 3112 830 3180 ἀψοφητὶ
854 3116 962 3184 γὰρ
1001 3120 1090 3170 καὶ
1122 3121 1179 3171 ἐν
1223 3120 1490 3191 ἀκαριαίῳ
1531 3126 1562 3192 ὴ
1608 3124 1786 3193 βίϐλος

257 3195 539 3259 ἀνοίγεται·
574 3199 606 3266 ἢ
644 3200 723 3251 ὅτι
753 3202 845 3253 καὶ
869 3204 921 3254 al
954 3204 1200 3273 οὐράνιαι
1235 3207 1491 3276 δυνάμεις
1535 3213 1645 3271 τοῖς
1692 3214 1785 3264 ἐκ·

254 3283 501 3335 πίπτουσι
525 3288 621 3353 τῆς
642 3289 869 3350 πίστεως
888 3292 1238 3358 ἑπαλγοῦσαι,
1259 3298 1419 3349 οίονεὶ
1448 3300 1784 3366 συμπάθειαν

257 3374 342 3422 καὶ
366 3371 537 3442 λύπην
568 3376 767 3439 ἕξουσι.
799 3378 895 3429 Διὰ
921 3379 1109 3431 τούτου
1156 3381 1211 3432 δὲ
1268 3384 1358 3434 καὶ
1391 3384 1572 3453 ἕτερόν
1602 3404 1651 3437 τι
1689 3403 1783 3454 ση-

259 3460 513 3522 μαίνεταιο
544 3462 604 3514 τὸ
642 3465 715 3533 μὴ
754 3465 1054 3534 ἀφανισμὸν
1086 3469 1174 3520 τὸν
1202 3472 1423 3538 οὐρανὸν
1463 3474 1779 3543 ὑποστῆναι·

256 3548 366 3615 ἀλλ’
398 3547 504 3602 οἷον
538 3552 781 3619 είλιγμόν
809 3570 928 3607 τινα
962 3556 1055 3608 καὶ
1086 3558 1323 3629 ἀλλαγὴν
1351 3560 1441 3611 ἐπὶ
1467 3561 1525 3611 τὸ
1553 3561 1776 3630 βέλτιον,

255 3638 322 3696 ὥς
355 3654 512 3705 φησιν
544 3641 827 3707 Εερηναϊος
865 3646 922 3695 ἐν
963 3645 1037 3714 τῷ
1063 3647 1293 3716 πέμπτῳ
1329 3649 1467 3718 λόγῳ
1510 3651 1602 3703 τοῦ
1632 3652 1781 3719 ἐλέγ-

256 3742 341 3790 χου
386 3726 863 3878 τῆςὲμευδωνιέμου
907 3732 1152 3797 γνώσεως
1199 3736 1288 3784 ἐπὶ
1317 3735 1545 3801 “Estne;
1586 3738 1776 3801 οὕτως·

257 3816 332 3863 οὐ
360 3816 465 3878 γὰρ
572 3816 923 3878 ὑπόστασις,
951 3819 1089 3869 οὐδὲ
1128 3822 1165 3878 ἡ
1196 3823 1371 3872 οὐσία
1396 3823 1501 3878 τῆς
1534 3825 1776 3878 κτίσεως

257 3816 332 3863 οὐ
360 3816 465 3880 γὰρ
495 3816 531 3878 ἢ
572 3816 923 3879 ὑπόστασις,
951 3819 1089 3869 οὐδὲ
1128 3822 1165 3885 ἡ
1196 3823 1371 3872 οὐσία
1396 3823 1501 3887 τῆς
1534 3825 1778 3890 κτίσεως

250 3903 662 3977 ἐξαφανιζὲται·
682 3905 910 3971 ἀληθὴς
933 3907 1039 3973 γὰρ
1055 3909 1146 3960 καί
1165 3910 1405 3974 ,βέϐαιος
1423 3914 1454 3961 ὁ
1476 3914 1779 3977 συστησὰο

247 3968 418 4059 μενος
438 3968 823 4058 αὑτήν-’ἀλλά
936 3968 1138 4065 nimia
1162 3968 1403 4067 παράγει
1425 4002 1527 4053 τοῦ
1552 3968 1778 4070 κόσμου

253 4084 473 4145 τούτου,
500 4084 567 4135 ἐν
589 4078 676 4147 οἷς
702 4084 739 4149 ἡ
767 4084 1092 4150 παράϐασις
1129 4088 1384 4153 ἐγένετο,
1407 4091 1485 4153 ὡς
1544 4095 1596 4145 οι
1643 4108 1777 4158 πρε-

252 4169 510 4232 σσύτεροι
524 4168 787 4235 λέγουσι.
810 4170 915 4224 Καὶ
926 4170 1091 4222 ταῦτα
1115 4172 1208 4236 μὲν
1235 4174 1261 4222 ὀ
1287 4173 1453 4240 μέγας
1474 4176 1773 4243 Εἰρηναῖοςο

254 4255 518 4322 ἡγούμεθα
546 4257 601 4308 δὲ
625 4259 716 4308 καὶ
739 4260 803 4326 τῇ
834 4259 1033 4327 ἀρχαίᾳ
1066 4261 1320 4330 συνηθείᾳ
1353 4265 1655 4332 χρήσασθαι
1685 4267 1773 4318 τὸν

263 4345 588 4399 Ἀπόστολον.
630 4346 950 4416 Είλιταρίοις
972 4352 1078 4417 γὰρ
1118 4352 1164 4401 ol
1202 4351 1439 4421 Ἑϐραῖοι
1489 4354 1607 4405 ἀντὶ
1664 4355 1770 4406 τῶν

252 4434 370 4499 παρ’
402 4436 525 4501 ἡμῖν
564 4434 778 4501 βιὸλίων
818 4437 1134 4506 ἐκέχρηντο·
1172 4434 1244 4493 ὧν
1286 4444 1317 4509 ὴ
1350 4443 1620 4507 ἀνείλιξις,
1673 4448 1769 4497 οὑκ

248 4525 558 4592 ἀφανισμὸν,
586 4523 718 4576 ἀλλὰ
733 4526 837 4577 τῶν
850 4531 1244 4596 γεγραμμένων
1270 4533 1564 4601 φανέρωσιν
1582 4535 1769 4603 ἀπειρ-

247 4614 447 4676 γάζετο·
480 4616 551 4676 ὡς
589 4615 799 4667 καὶτοῦ
839 4617 1083 4685 οὐρανίου
1126 4619 1369 4685 σώματος
1407 4624 1438 4690 ὴ
1476 4622 1765 4687 ἀνάπτυξις

247 4700 344 4748 τῶν
375 4702 740 4770 ἀποκειμένων
773 4708 881 4767 τοῖς
910 4706 1079 4771 ἁγίοις
1106 4706 1322 4770 ἀγαθῶν
1365 4710 1460 4777 τὴν
1490 4713 1765 4764 ἀποκάλυ-

246 4784 327 4848 ψιν
357 4786 600 4842 δεικνύει.
632 4793 737 4843 Καὶ
768 4794 921 4845 τοῦτο
960 4796 1054 4863 μὲν
1077 4794 1347 4862 τετραχῶς
1373 4795 1507 4862 πρὸς
1556 4798 1613 4847 τδ
1642 4816 1767 4868 χθρ-

248 4876 438 4943 ηγηθὲν
462 4880 586 4945 ἡμῖν
625 4881 807 4933 θεόθεν
848 4885 1199 4953 νενοήκαμεν*
1252 4883 1353 4935 τῶν
1398 4883 1452 4933 δὲ
1484 4884 1606 4951 ἑξῆς
1636 4886 1767 4954 ἐχώ-

251 4967 395 5031 μεθα.

1886 3034 2171 3087 adventum
2212 3035 2476 3089 incertum
2534 3048 2652 3087 esse
2700 3033 2929 3098 indlcat;
2966 3035 3229 3104 siquidem
3290 3038 3409 3093 libri

1885 3123 2063 3177 subito
2106 3132 2159 3177 et
2206 3124 2411 3190 absque
2447 3122 2555 3178 ullo
2602 3137 2735 3191 pene
2772 3124 2989 3191 strepitu
3038 3126 3344 3190 aperiuntur
3392 3145 3406 3181 :

1883 3223 1975 3268 aut
2004 3214 2224 3266 virtutes
2245 3215 2507 3275 cmlestes,
2539 3213 2665 3265 dunt
2686 3227 2780 3265 eos
2808 3214 2896 3280 qui
2919 3229 2981 3265 ex
3016 3213 3116 3266 fide
3134 3214 3405 3280 excidunt,

1882 3316 1945 3354 ex
2000 3301 2465 3354 commiseratione
2516 3301 2734 3366 lugent,
2790 3304 3065 3354 molestam
3120 3305 3405 3370 quamdam

1883 3390 2047 3444 attittti
2079 3390 2442 3457 mgritudinctn
2472 3399 2521 3441 et
2552 3389 2703 3457 quasi
2753 3398 3006 3441 torturant
3048 3402 3155 3454 prae
3184 3403 3241 3441 se
3267 3390 3402 3441 latu-

1884 3494 1989 3533 ras.
2026 3480 2174 3541 Quin
2194 3478 2337 3531 aliud
2368 3493 2577 3545 quoque
2606 3492 2695 3545 per
2720 3480 2820 3529 hoc
2843 3474 3190 3545 sigttiliCatur,
3217 3492 3403 3545 nctnpc

1880 3568 2074 3621 cmlnm
2108 3581 2211 3619 non
2252 3566 2552 3619 subiturum
2583 3566 2812 3635 aliquem
2849 3566 3117 3619 interitum
3152 3576 3245 3619 aut
3272 3569 3402 3620 abo—

1880 3658 2148 3719 litionem,
2198 3657 2287 3711 sed
2339 3664 2542 3709 tantum
2590 3637 2873 3724 quatnilam
2905 3658 3305 3717 involutionem,
3352 3666 3405 3710 et

1879 3746 1942 3798 ad
1968 3746 2237 3799 meliorem
2260 3753 2455 3797 statum
2482 3746 2843 3798 mutationem.
2870 3744 2983 3807 Qua
3007 3744 3072 3796 de
3096 3760 3150 3797 re
3175 3740 3403 3796 lreua'ns

1877 3832 2011 3884 libro
2037 3832 2223 3899 quinto
2247 3831 2713 3899 reprchensionunt
2745 3830 2861 3885 falsi
2894 3832 3123 3885 nominis
3146 3831 3400 3895 διείοιιιίειι,

1877 3920 1939 3972 ad
1972 3920 2187 3972 verbum
2221 3919 2330 3972 fere
2367 3920 2435 3971 ita
2462 3920 2650 3973 scribit
2684 3938 2695 3971 :
2740 3920 2909 3989 Neque
2957 3920 3090 3973 enim
3141 3921 3252 3972 caeli
3282 3921 3402 3971 sub-

1877 4010 2069 4061 stantia
2102 4017 2191 4059 aut
2225 4018 2477 4060 creatura:
2511 4011 2727 4060 essentia
2766 4009 3049 4060 abolebitur
3076 4025 3095 4061 :
3128 4009 3407 4075 (siquidem,

1876 4099 1963 4164 qui
2019 4099 2149 4151 hanc
2200 4098 2603 4164 coagmentavit,
2646 4114 2789 4149 verus
2835 4105 2883 4149 et
2922 4097 3120 4149 stabilis
3177 4100 3271 4161 est)
3311 4099 3397 4147 sul

1878 4188 2055 4238 mundi
2077 4188 2266 4253 ﬁgura,
2296 4187 2345 4237 in
2379 4201 2476 4253 quo
2505 4187 2857 4253 prarvttricatio
2887 4188 3093 4248 accidit,
3124 4188 3173 4238 in
3207 4195 3399 4236 statum

1877 4275 2042 4340 primo
2081 4275 2443 4335 venustiorem,
2497 4284 2549 4325 ut
2584 4285 2770 4326 veteres
2801 4285 3066 4341 asserunt,
3118 4276 3401 4325 trmtsituut

1875 4364 1972 4406 est.
2008 4355 2129 4406 ΙΙωο
2159 4368 2383 4419 magnus
2413 4354 2658 4407 lrcnzcus.
2697 4356 3033 4407 Arbitrantur
3058 4366 3229 4407 autem
3262 4358 3399 4421 Apo—

1874 4444 2069 4497 stulum
2101 4452 2335 4495 veterum
2366 4445 2735 4495 consuetudini
2766 4445 3060 4497 orationem
3096 4458 3398 4496 aecommo.

1872 4530 2027 4583 dasse
2066 4530 2375 4599 :tsiquidcnt
2425 4531 2626 4583 llelmei
2665 4533 2780 4583 loco
2826 4534 3080 4587 librorum
3110 4576 3121 4595 ,
3170 4549 3396 4602 quotum

1871 4620 2006 4683 apud
2061 4636 2157 4672 nos
2212 4631 2291 4671 est
2345 4636 2493 4681 usus,
2536 4621 2787 4673 involutis
2829 4622 3147 4688 quibusdam
3200 4624 3400 4674 chains

1874 4711 2187 4773 utebantur;
2244 4726 2469 4777 quarum
2528 4711 2760 4763 evolutio
2818 4711 2896 4762 vel
2952 4712 3234 4779 explicatio
3293 4730 3394 4762 non

1875 4799 2111 4866 pariebat
2158 4798 2426 4849 interitum
2476 4786 2567 4861 aut
2596 4798 3001 4857 exstinctioncut
3028 4839 3041 4859 ,
3093 4798 3184 4851 sed
3223 4814 3395 4849 l‘t'l'ttlll

1871 4902 1988 4953 quin
2029 4888 2081 4939 in
2133 4887 2233 4939 illis
2280 4887 2559 4952 descripta:
2605 4886 3038 4949 continebantur,
3094 4886 3397 4953 manifesta-

1872 4976 2087 5026 tionem.
2135 4974 2425 5040 Eapropter
2481 4973 2715 5026 cwlestis
2778 4988 2989 5042 quoque
3022 4972 3264 5040 corporis
3299 4989 3395 5022 cx—

251 5058 471 5122 plit'alio,
512 5059 772 5114 bonorum
812 5080 929 5132 qua:
968 5066 1169 5117 sanetis
1208 5067 1326 5119 istic
1382 5068 1613 5135 reposita
1654 5073 1799 5126 sunt,
1864 5066 2271 5136 patefactionem
2318 5064 2564 5120 ostendit.
2620 5067 2793 5134 Atque
2838 5066 2906 5117 ita
2954 5074 3266 5131 punientem
3315 5066 3393 5119 lo—

251 5162 362 5200 cum
392 5150 771 5215 quadrifariam
806 5168 963 5223 prout
985 5158 1241 5210 divinitus
1276 5161 1428 5212 nobis
1455 5162 1635 5212 datunt
1670 5168 1768 5222 cst,
1804 5161 2177 5229 esposuimus;
2208 5159 2317 5226 jam
2371 5158 2643 5227 sequentia
2694 5172 3090 5225 persequamur.

314 5237 419 5287 Kal
444 5236 558 5288 πᾶν
587 5239 721 5305 ὄρος
763 5243 858 5292 καί
888 5245 1075 5309 νῆσος
1111 5246 1176 5295 ἐκ
1215 5244 1327 5296 τῶν
1358 5250 1549 5300 τόπων
1573 5247 1766 5301 αὐτῶν

249 5324 612 5391 ἐκινήθησαν·
654 5332 747 5378 ml
781 5332 833 5381 ul
870 5334 1142 5399 ,βασιλεῖς
1172 5333 1276 5401 τῆς
1311 5335 1419 5402 γῆς
1458 5338 1551 5389 καί
1584 5341 1636 5391 ol
1668 5356 1764 5408 με·

321 5478 358 5505 ³⁸
420 5478 546 5545 Agg.
618 5494 687 5549 tt,
744 5481 791 5533 7.
872 5484 910 5513 ⁸⁸
963 5482 1101 5537 l'sal.
1163 5501 1342 5552 um,
1400 5490 1448 5540 9.

1932 5247 2013 5312 Vl,
2055 5248 2228 5303 l-l-l'l.
2282 5246 2347 5298 Et
2390 5248 2553 5298 omnis
2602 5262 2743 5297 mons
2792 5255 2837 5297 et
2907 5248 3089 5297 insnlw
3141 5248 3203 5297 de
3266 5245 3389 5296 locis

1869 5340 1972 5391 suis
2012 5348 2162 5391 muta:
2192 5347 2308 5391 sunt
2360 5352 2377 5389 .'
2413 5352 2549 5403 rcges
2590 5346 2771 5401 terrw,
2804 5346 2851 5389 cl
2894 5336 3172 5402 principes,
3216 5343 3259 5385 et
3297 5334 3391 5385 tri-
