  <div class='ocr_page' id='page_1' title='image "/cluster/home/n/w/nwhite01/storage/ocr_20150623/106/pst.000005714162/156.png"; bbox 0 0 4088 6332; ppageno 0'>
   <div class='ocr_carea' id='block_1_1' title="bbox 318 359 3477 425">
    <p class='ocr_par' dir='ltr' id='par_1_1' title="bbox 318 359 3477 425">
     <span class='ocr_line' id='line_1_1' title="bbox 318 359 3477 425; baseline -0.001 -3"><span class='ocrx_word' id='word_1_1' title='bbox 318 360 410 422; x_wconf 68' lang='grc' dir='ltr'><strong>ΤΠ</strong></span> <span class='ocrx_word' id='word_1_2' title='bbox 1241 361 1836 425; x_wconf 80' lang='lat' dir='ltr'><strong>COMMENTARIUS</strong></span> <span class='ocrx_word' id='word_1_3' title='bbox 1877 363 1955 422; x_wconf 87' lang='lat' dir='ltr'><strong>IN</strong></span> <span class='ocrx_word' id='word_1_4' title='bbox 1991 362 2509 423; x_wconf 75' lang='lat' dir='ltr'><strong>APOCALYPSIN.</strong></span> <span class='ocrx_word' id='word_1_5' title='bbox 3369 359 3477 420; x_wconf 78' lang='lat'><strong>2&#39;18</strong></span> 
     </span>
    </p>
   </div>
   <div class='ocr_carea' id='block_1_2' title="bbox 326 466 1860 545">
    <p class='ocr_par' dir='ltr' id='par_1_2' title="bbox 326 469 1852 545">
     <span class='ocr_line' id='line_1_2' title="bbox 326 469 1852 545; baseline 0.001 -22"><span class='ocrx_word' id='word_1_6' title='bbox 326 469 593 532; x_wconf 83' lang='grc' dir='ltr'>Ἰουδαίοις</span> <span class='ocrx_word' id='word_1_7' title='bbox 648 470 968 539; x_wconf 81' lang='grc' dir='ltr'>γεγενῆσθαι</span> <span class='ocrx_word' id='word_1_8' title='bbox 1018 469 1356 540; x_wconf 81' lang='grc' dir='ltr'>ὲξείληπται,</span> <span class='ocrx_word' id='word_1_9' title='bbox 1392 473 1522 545; x_wconf 51' lang='grc' dir='ltr'>,τῶν</span> <span class='ocrx_word' id='word_1_10' title='bbox 1575 475 1852 542; x_wconf 80' lang='grc' dir='ltr'><strong>τεσσάρων</strong></span> 
     </span>
    </p>
   </div>
   <div class='ocr_carea' id='block_1_3' title="bbox 1950 466 3478 545">
    <p class='ocr_par' dir='ltr' id='par_1_3' title="bbox 1956 466 3478 540">
     <span class='ocr_line' id='line_1_3' title="bbox 1956 466 3478 540; baseline -0.002 -15"><span class='ocrx_word' id='word_1_11' title='bbox 1956 473 2220 535; x_wconf 86' lang='lat' dir='ltr'><strong>feruntur,</strong></span> <span class='ocrx_word' id='word_1_12' title='bbox 2254 484 2372 540; x_wconf 73' lang='lat' dir='ltr'><strong>quae</strong></span> <span class='ocrx_word' id='word_1_13' title='bbox 2402 468 2569 523; x_wconf 81' lang='lat' dir='ltr'><strong>Judaei</strong></span> <span class='ocrx_word' id='word_1_14' title='bbox 2600 468 2869 538; x_wconf 86' lang='lat' dir='ltr'><strong>quondam</strong></span> <span class='ocrx_word' id='word_1_15' title='bbox 2901 483 2930 521; x_wconf 88' lang='lat' dir='ltr'><strong>a</strong></span> <span class='ocrx_word' id='word_1_16' title='bbox 2957 466 3209 524; x_wconf 77' lang='lat' dir='ltr'><strong>Romanis</strong></span> <span class='ocrx_word' id='word_1_17' title='bbox 3243 469 3478 537; x_wconf 80' lang='lat' dir='ltr'><strong>perpessi</strong></span> 
     </span>
    </p>
   </div>
   <div class='ocr_carea' id='block_1_4' title="bbox 314 558 1860 629">
    <p class='ocr_par' dir='ltr' id='par_1_4' title="bbox 314 558 1853 628">
     <span class='ocr_line' id='line_1_4' title="bbox 314 558 1853 628; baseline 0.002 -17"><span class='ocrx_word' id='word_1_18' title='bbox 314 560 464 611; x_wconf 77' lang='grc' dir='ltr'>θείων</span> <span class='ocrx_word' id='word_1_19' title='bbox 492 558 737 626; x_wconf 72' lang='grc' dir='ltr'>ἀγγέλων</span> <span class='ocrx_word' id='word_1_20' title='bbox 763 558 953 628; x_wconf 78' lang='grc' dir='ltr'><strong>δηλοῦν</strong></span> <span class='ocrx_word' id='word_1_21' title='bbox 978 559 1159 621; x_wconf 82' lang='grc' dir='ltr'>αὐτοῖς</span> <span class='ocrx_word' id='word_1_22' title='bbox 1186 561 1547 627; x_wconf 74' lang='grc' dir='ltr'><strong>νομισθέντων</strong></span> <span class='ocrx_word' id='word_1_23' title='bbox 1586 563 1646 614; x_wconf 75' lang='grc' dir='ltr'><strong>τὸ</strong></span> <span class='ocrx_word' id='word_1_24' title='bbox 1672 562 1763 614; x_wconf 75' lang='grc' dir='ltr'>ἐπί</span> <span class='ocrx_word' id='word_1_25' title='bbox 1796 578 1853 614; x_wconf 80' lang='grc' dir='ltr'><strong>τε</strong></span> 
     </span>
    </p>
   </div>
   <div class='ocr_carea' id='block_1_5' title="bbox 1950 558 3479 629">
    <p class='ocr_par' dir='ltr' id='par_1_5' title="bbox 1955 558 3479 629">
     <span class='ocr_line' id='line_1_5' title="bbox 1955 558 3479 629; baseline -0.005 -12"><span class='ocrx_word' id='word_1_26' title='bbox 1955 572 2083 617; x_wconf 88' lang='lat' dir='ltr'><strong>sunt</strong></span> <span class='ocrx_word' id='word_1_27' title='bbox 2110 579 2123 616; x_wconf 89' lang='lat'><strong>:</strong></span> <span class='ocrx_word' id='word_1_28' title='bbox 2154 561 2515 629; x_wconf 76' lang='lat' dir='ltr'><strong>(arbitramur</strong></span> <span class='ocrx_word' id='word_1_29' title='bbox 2545 558 2687 613; x_wconf 88' lang='lat' dir='ltr'><strong>enim</strong></span> <span class='ocrx_word' id='word_1_30' title='bbox 2721 572 2815 627; x_wconf 88' lang='lat' dir='ltr'><strong>per</strong></span> <span class='ocrx_word' id='word_1_31' title='bbox 2843 567 3073 625; x_wconf 80' lang='lat' dir='ltr'><strong>quatuor</strong></span> <span class='ocrx_word' id='word_1_32' title='bbox 3104 558 3326 627; x_wconf 81' lang='lat' dir='ltr'><strong>mystica</strong></span> <span class='ocrx_word' id='word_1_33' title='bbox 3359 558 3479 610; x_wconf 88' lang='lat' dir='ltr'><strong>ani-</strong></span> 
     </span>
    </p>
   </div>
   <div class='ocr_carea' id='block_1_6' title="bbox 313 647 1860 720">
    <p class='ocr_par' dir='ltr' id='par_1_6' title="bbox 313 647 1856 720">
     <span class='ocr_line' id='line_1_6' title="bbox 313 647 1856 720; baseline 0.003 -21"><span class='ocrx_word' id='word_1_34' title='bbox 313 649 409 718; x_wconf 80' lang='grc' dir='ltr'>γῆς</span> <span class='ocrx_word' id='word_1_35' title='bbox 445 648 537 700; x_wconf 71' lang='lat' dir='ltr'><strong>hri</strong></span> <span class='ocrx_word' id='word_1_36' title='bbox 576 647 977 717; x_wconf 52' lang='lat' dir='ltr'><strong>reﬂantem,</strong></span> <span class='ocrx_word' id='word_1_37' title='bbox 1006 650 1112 701; x_wconf 87' lang='grc' dir='ltr'><strong>τῶν</strong></span> <span class='ocrx_word' id='word_1_38' title='bbox 1151 650 1252 717; x_wconf 79' lang='grc' dir='ltr'>τὴν</span> <span class='ocrx_word' id='word_1_39' title='bbox 1293 650 1461 720; x_wconf 82' lang='grc' dir='ltr'>ὀργὴν</span> <span class='ocrx_word' id='word_1_40' title='bbox 1503 652 1856 720; x_wconf 70' lang='grc' dir='ltr'>πειρωμένων</span> 
     </span>
    </p>
   </div>
   <div class='ocr_carea' id='block_1_7' title="bbox 1950 647 3480 720">
    <p class='ocr_par' dir='ltr' id='par_1_7' title="bbox 1953 648 3480 715">
     <span class='ocr_line' id='line_1_7' title="bbox 1953 648 3480 715; baseline -0.003 -10"><span class='ocrx_word' id='word_1_41' title='bbox 1953 652 2111 709; x_wconf 84' lang='lat' dir='ltr'><strong>utalia</strong></span> <span class='ocrx_word' id='word_1_42' title='bbox 2138 649 2403 706; x_wconf 83' lang='lat' dir='ltr'><strong>eﬂ&#39;ectum.</strong></span> <span class='ocrx_word' id='word_1_43' title='bbox 2433 655 2490 700; x_wconf 93' lang='lat' dir='ltr'><strong>ut</strong></span> <span class='ocrx_word' id='word_1_44' title='bbox 2519 660 2690 715; x_wconf 88' lang='lat' dir='ltr'><strong>neque</strong></span> <span class='ocrx_word' id='word_1_45' title='bbox 2720 654 2882 708; x_wconf 88' lang='lat' dir='ltr'><strong>terra,</strong></span> <span class='ocrx_word' id='word_1_46' title='bbox 2926 662 3093 711; x_wconf 75' lang='lat' dir='ltr'><strong>neque</strong></span> <span class='ocrx_word' id='word_1_47' title='bbox 3118 648 3274 709; x_wconf 88' lang='lat' dir='ltr'><strong>mari,</strong></span> <span class='ocrx_word' id='word_1_48' title='bbox 3310 662 3480 713; x_wconf 85' lang='lat' dir='ltr'><strong>nequo</strong></span> 
     </span>
    </p>
   </div>
   <div class='ocr_carea' id='block_1_8' title="bbox 311 736 1860 813">
    <p class='ocr_par' dir='ltr' id='par_1_8' title="bbox 311 737 1853 813">
     <span class='ocr_line' id='line_1_8' title="bbox 311 737 1853 813; baseline 0.003 -23"><span class='ocrx_word' id='word_1_49' title='bbox 311 737 701 806; x_wconf 79' lang='grc' dir='ltr'><strong>διαδιδράσκειν</strong></span> <span class='ocrx_word' id='word_1_50' title='bbox 734 737 989 805; x_wconf 72' lang='grc' dir='ltr'>ἄφυκτον,</span> <span class='ocrx_word' id='word_1_51' title='bbox 1009 738 1184 806; x_wconf 82' lang='grc' dir='ltr'>πολλῴ</span> <span class='ocrx_word' id='word_1_52' title='bbox 1204 740 1401 807; x_wconf 76' lang='grc' dir='ltr'>μᾶλλον</span> <span class='ocrx_word' id='word_1_53' title='bbox 1420 740 1574 792; x_wconf 78' lang='grc' dir='ltr'>τοῦτο</span> <span class='ocrx_word' id='word_1_54' title='bbox 1590 744 1646 793; x_wconf 85' lang='grc' dir='ltr'>ὲν</span> <span class='ocrx_word' id='word_1_55' title='bbox 1676 745 1738 813; x_wconf 76' lang='grc' dir='ltr'>τῇ</span> <span class='ocrx_word' id='word_1_56' title='bbox 1761 741 1853 794; x_wconf 81' lang='grc' dir='ltr'>τοῦ</span> 
     </span>
    </p>
   </div>
   <div class='ocr_carea' id='block_1_9' title="bbox 1950 736 3475 813">
    <p class='ocr_par' dir='ltr' id='par_1_9' title="bbox 1951 736 3475 804">
     <span class='ocr_line' id='line_1_9' title="bbox 1951 736 3475 804; baseline -0.003 -11"><span class='ocrx_word' id='word_1_57' title='bbox 1951 741 2055 793; x_wconf 87' lang='lat' dir='ltr'><strong>ulla</strong></span> <span class='ocrx_word' id='word_1_58' title='bbox 2087 739 2191 793; x_wconf 90' lang='lat' dir='ltr'><strong>alia</strong></span> <span class='ocrx_word' id='word_1_59' title='bbox 2218 739 2300 791; x_wconf 83' lang='lat' dir='ltr'><strong>via</strong></span> <span class='ocrx_word' id='word_1_60' title='bbox 2333 738 2461 790; x_wconf 88' lang='lat' dir='ltr'><strong>iram</strong></span> <span class='ocrx_word' id='word_1_61' title='bbox 2484 736 2716 789; x_wconf 80' lang='lat' dir='ltr'><strong>divinam</strong></span> <span class='ocrx_word' id='word_1_62' title='bbox 2741 736 3247 804; x_wconf 86' lang='lat' dir='ltr'><strong>impendentemqne</strong></span> <span class='ocrx_word' id='word_1_63' title='bbox 3270 737 3475 788; x_wconf 81' lang='lat' dir='ltr'><strong>cladem</strong></span> 
     </span>
    </p>
   </div>
   <div class='ocr_carea' id='block_1_10' title="bbox 320 823 1860 902">
    <p class='ocr_par' dir='ltr' id='par_1_10' title="bbox 320 824 1851 898">
     <span class='ocr_line' id='line_1_10' title="bbox 320 824 1851 898; baseline 0.001 -21"><span class='ocrx_word' id='word_1_64' title='bbox 320 826 681 895; x_wconf 82' lang='grc' dir='ltr'>Ἀντιχρίστου</span> <span class='ocrx_word' id='word_1_65' title='bbox 713 824 986 877; x_wconf 78' lang='grc' dir='ltr'>έπελεύσει</span> <span class='ocrx_word' id='word_1_66' title='bbox 1019 826 1326 892; x_wconf 79' lang='grc' dir='ltr'>γενήσεται,</span> <span class='ocrx_word' id='word_1_67' title='bbox 1352 827 1450 878; x_wconf 83' lang='grc' dir='ltr'>οὐκ</span> <span class='ocrx_word' id='word_1_68' title='bbox 1481 829 1536 878; x_wconf 79' lang='grc' dir='ltr'><strong>έν</strong></span> <span class='ocrx_word' id='word_1_69' title='bbox 1566 830 1629 896; x_wconf 81' lang='grc' dir='ltr'>τῇ</span> <span class='ocrx_word' id='word_1_70' title='bbox 1657 833 1851 898; x_wconf 85' lang='grc' dir='ltr'>μερικῇ</span> 
     </span>
    </p>
   </div>
   <div class='ocr_carea' id='block_1_11' title="bbox 1950 823 3488 902">
    <p class='ocr_par' dir='ltr' id='par_1_11' title="bbox 1950 823 3488 902">
     <span class='ocr_line' id='line_1_11' title="bbox 1950 823 3488 902; baseline -0.004 -22"><span class='ocrx_word' id='word_1_71' title='bbox 1950 828 2152 880; x_wconf 86' lang='lat' dir='ltr'><strong>evitare</strong></span> <span class='ocrx_word' id='word_1_72' title='bbox 2190 824 2480 896; x_wconf 90' lang='lat' dir='ltr'><strong>potuerint)</strong></span> <span class='ocrx_word' id='word_1_73' title='bbox 2541 824 2705 877; x_wconf 88' lang='lat' dir='ltr'><strong>multo</strong></span> <span class='ocrx_word' id='word_1_74' title='bbox 2760 831 2934 875; x_wconf 89' lang='lat' dir='ltr'><strong>tamen</strong></span> <span class='ocrx_word' id='word_1_75' title='bbox 2980 825 3178 877; x_wconf 88' lang='lat' dir='ltr'><strong>rectius</strong></span> <span class='ocrx_word' id='word_1_76' title='bbox 3219 824 3284 876; x_wconf 90' lang='lat' dir='ltr'><strong>ad</strong></span> <span class='ocrx_word' id='word_1_77' title='bbox 3333 823 3488 902; x_wconf 50' lang='lat' dir='ltr'><strong>Anti-</strong></span> 
     </span>
    </p>
   </div>
   <div class='ocr_carea' id='block_1_12' title="bbox 310 908 1860 985">
    <p class='ocr_par' dir='ltr' id='par_1_12' title="bbox 310 908 1854 985">
     <span class='ocr_line' id='line_1_12' title="bbox 310 908 1854 985; baseline 0.003 -19"><span class='ocrx_word' id='word_1_78' title='bbox 310 918 377 983; x_wconf 76' lang='grc' dir='ltr'>γῇ</span> <span class='ocrx_word' id='word_1_79' title='bbox 408 914 509 981; x_wconf 80' lang='grc' dir='ltr'>τῆς</span> <span class='ocrx_word' id='word_1_80' title='bbox 531 914 805 976; x_wconf 84' lang='grc' dir='ltr'>Ἰουδαίας,</span> <span class='ocrx_word' id='word_1_81' title='bbox 837 913 950 966; x_wconf 82' lang='grc' dir='ltr'>ἀλλ’</span> <span class='ocrx_word' id='word_1_82' title='bbox 982 913 1039 966; x_wconf 79' lang='grc' dir='ltr'>ἐν</span> <span class='ocrx_word' id='word_1_83' title='bbox 1066 915 1209 983; x_wconf 68' lang='grc' dir='ltr'>πάσῃ</span> <span class='ocrx_word' id='word_1_84' title='bbox 1240 908 1306 982; x_wconf 80' lang='grc' dir='ltr'>ἧς</span> <span class='ocrx_word' id='word_1_85' title='bbox 1335 914 1424 966; x_wconf 72' lang='grc' dir='ltr'><strong>ἐπὶ</strong></span> <span class='ocrx_word' id='word_1_86' title='bbox 1452 916 1556 967; x_wconf 85' lang='grc' dir='ltr'><strong>τῶν</strong></span> <span class='ocrx_word' id='word_1_87' title='bbox 1577 919 1854 985; x_wconf 76' lang='grc' dir='ltr'><strong>τεσσάρων</strong></span> 
     </span>
    </p>
   </div>
   <div class='ocr_carea' id='block_1_13' title="bbox 1950 908 3483 985">
    <p class='ocr_par' dir='ltr' id='par_1_13' title="bbox 1954 909 3483 967">
     <span class='ocr_line' id='line_1_13' title="bbox 1954 909 3483 967; baseline -0.005 0"><span class='ocrx_word' id='word_1_88' title='bbox 1954 915 2136 967; x_wconf 82' lang='lat' dir='ltr'><strong>cltristi</strong></span> <span class='ocrx_word' id='word_1_89' title='bbox 2189 915 2471 967; x_wconf 81' lang='lat' dir='ltr'><strong>adventum</strong></span> <span class='ocrx_word' id='word_1_90' title='bbox 2530 912 2673 966; x_wconf 88' lang='lat' dir='ltr'><strong>locus</strong></span> <span class='ocrx_word' id='word_1_91' title='bbox 2715 910 2798 963; x_wconf 90' lang='lat' dir='ltr'><strong>bic</strong></span> <span class='ocrx_word' id='word_1_92' title='bbox 2850 909 3093 963; x_wconf 80' lang='lat' dir='ltr'><strong>refertur.</strong></span> <span class='ocrx_word' id='word_1_93' title='bbox 3139 911 3292 963; x_wconf 87' lang='lat' dir='ltr'><strong>Tunc</strong></span> <span class='ocrx_word' id='word_1_94' title='bbox 3340 910 3483 961; x_wconf 83' lang='lat' dir='ltr'><strong>ettim</strong></span> 
     </span>
    </p>
   </div>
   <div class='ocr_carea' id='block_1_14' title="bbox 310 992 1860 1073">
    <p class='ocr_par' dir='ltr' id='par_1_14' title="bbox 310 992 1856 1073">
     <span class='ocr_line' id='line_1_14' title="bbox 310 992 1856 1073; baseline -0.003 -19"><span class='ocrx_word' id='word_1_95' title='bbox 310 1000 523 1067; x_wconf 81' lang='grc' dir='ltr'>γωνιῶν</span> <span class='ocrx_word' id='word_1_96' title='bbox 570 1002 784 1054; x_wconf 80' lang='grc' dir='ltr'>ἑστάναι</span> <span class='ocrx_word' id='word_1_97' title='bbox 832 992 957 1063; x_wconf 77' lang='grc' dir='ltr'>τοὺς</span> <span class='ocrx_word' id='word_1_98' title='bbox 998 1001 1257 1068; x_wconf 79' lang='grc' dir='ltr'><strong>ἀγγέλους</strong></span> <span class='ocrx_word' id='word_1_99' title='bbox 1290 1002 1558 1067; x_wconf 80' lang='grc' dir='ltr'>διέξεισιν,</span> <span class='ocrx_word' id='word_1_100' title='bbox 1606 1005 1680 1073; x_wconf 81' lang='grc' dir='ltr'>ᾡς</span> <span class='ocrx_word' id='word_1_101' title='bbox 1722 1006 1856 1073; x_wconf 83' lang='grc' dir='ltr'>πλη-</span> 
     </span>
    </p>
   </div>
   <div class='ocr_carea' id='block_1_15' title="bbox 1950 992 3483 1073">
    <p class='ocr_par' dir='ltr' id='par_1_15' title="bbox 1953 992 3483 1069">
     <span class='ocr_line' id='line_1_15' title="bbox 1953 992 3483 1069; baseline -0.005 -11"><span class='ocrx_word' id='word_1_102' title='bbox 1953 1019 2089 1058; x_wconf 71' lang='lat' dir='ltr'><strong>Steva</strong></span> <span class='ocrx_word' id='word_1_103' title='bbox 2126 1003 2208 1058; x_wconf 91' lang='lat' dir='ltr'><strong>illa</strong></span> <span class='ocrx_word' id='word_1_104' title='bbox 2241 1010 2528 1069; x_wconf 84' lang='lat' dir='ltr'><strong>tempestas</strong></span> <span class='ocrx_word' id='word_1_105' title='bbox 2560 1000 2839 1059; x_wconf 76' lang='lat' dir='ltr'><strong>furibunde</strong></span> <span class='ocrx_word' id='word_1_106' title='bbox 2864 992 3129 1061; x_wconf 71' lang='lat' dir='ltr'><strong>desze&#39;viet,</strong></span> <span class='ocrx_word' id='word_1_107' title='bbox 3160 1015 3265 1050; x_wconf 92' lang='lat' dir='ltr'><strong>non</strong></span> <span class='ocrx_word' id='word_1_108' title='bbox 3294 1000 3347 1051; x_wconf 92' lang='lat' dir='ltr'><strong>in</strong></span> <span class='ocrx_word' id='word_1_109' title='bbox 3377 1013 3483 1050; x_wconf 73' lang='lat' dir='ltr'><strong>una</strong></span> 
     </span>
    </p>
   </div>
   <div class='ocr_carea' id='block_1_16' title="bbox 310 1085 1860 1160">
    <p class='ocr_par' dir='ltr' id='par_1_16' title="bbox 310 1086 1851 1160">
     <span class='ocr_line' id='line_1_16' title="bbox 310 1086 1851 1160; baseline 0.004 -23"><span class='ocrx_word' id='word_1_110' title='bbox 310 1088 536 1156; x_wconf 82' lang='grc' dir='ltr'>ροῦντας</span> <span class='ocrx_word' id='word_1_111' title='bbox 584 1088 857 1151; x_wconf 79' lang='grc' dir='ltr'>διακονίας</span> <span class='ocrx_word' id='word_1_112' title='bbox 906 1086 1086 1139; x_wconf 83' lang='grc' dir='ltr'>θεόθεν</span> <span class='ocrx_word' id='word_1_113' title='bbox 1130 1089 1314 1147; x_wconf 82' lang='grc' dir='ltr'>αὐτοῖς</span> <span class='ocrx_word' id='word_1_114' title='bbox 1353 1090 1851 1160; x_wconf 77' lang='grc' dir='ltr'>ὲγκεχειρισμένας,</span> 
     </span>
    </p>
   </div>
   <div class='ocr_carea' id='block_1_17' title="bbox 1950 1085 3486 1160">
    <p class='ocr_par' dir='ltr' id='par_1_17' title="bbox 1953 1085 3486 1159">
     <span class='ocr_line' id='line_1_17' title="bbox 1953 1085 3486 1159; baseline -0.004 -14"><span class='ocrx_word' id='word_1_115' title='bbox 1953 1095 2130 1159; x_wconf 73' lang='lat' dir='ltr'><strong>aliqua</strong></span> <span class='ocrx_word' id='word_1_116' title='bbox 2161 1100 2315 1144; x_wconf 68' lang='lat' dir='ltr'><strong>terra:</strong></span> <span class='ocrx_word' id='word_1_117' title='bbox 2346 1100 2491 1158; x_wconf 87' lang='lat' dir='ltr'><strong>parte</strong></span> <span class='ocrx_word' id='word_1_118' title='bbox 2510 1090 2707 1150; x_wconf 89' lang='lat' dir='ltr'><strong>solum,</strong></span> <span class='ocrx_word' id='word_1_119' title='bbox 2740 1102 2829 1141; x_wconf 87' lang='lat' dir='ltr'><strong>aut</strong></span> <span class='ocrx_word' id='word_1_120' title='bbox 2858 1089 2910 1140; x_wconf 91' lang='lat' dir='ltr'><strong>in</strong></span> <span class='ocrx_word' id='word_1_121' title='bbox 2936 1085 3232 1141; x_wconf 63' lang='lat' dir='ltr'><strong>Iudaeorum</strong></span> <span class='ocrx_word' id='word_1_122' title='bbox 3271 1087 3486 1153; x_wconf 76' lang='lat' dir='ltr'><strong>regione</strong></span> 
     </span>
    </p>
   </div>
   <div class='ocr_carea' id='block_1_18' title="bbox 309 1174 1860 1250">
    <p class='ocr_par' dir='ltr' id='par_1_18' title="bbox 309 1174 1855 1250">
     <span class='ocr_line' id='line_1_18' title="bbox 309 1174 1855 1250; baseline 0.005 -25"><span class='ocrx_word' id='word_1_123' title='bbox 309 1176 439 1243; x_wconf 72' lang='grc' dir='ltr'>ἡμῖν</span> <span class='ocrx_word' id='word_1_124' title='bbox 459 1175 515 1228; x_wconf 80' lang='grc' dir='ltr'>δὲ</span> <span class='ocrx_word' id='word_1_125' title='bbox 542 1175 865 1242; x_wconf 78' lang='grc' dir='ltr'>ἀγνώστους.</span> <span class='ocrx_word' id='word_1_126' title='bbox 908 1175 974 1227; x_wconf 88' lang='grc' dir='ltr'><em>Ἡ</em></span> <span class='ocrx_word' id='word_1_127' title='bbox 994 1175 1050 1227; x_wconf 83' lang='grc' dir='ltr'>δὲ</span> <span class='ocrx_word' id='word_1_128' title='bbox 1078 1174 1191 1227; x_wconf 81' lang='grc' dir='ltr'><strong>τῶν</strong></span> <span class='ocrx_word' id='word_1_129' title='bbox 1218 1175 1451 1243; x_wconf 80' lang='grc' dir='ltr'>ἀνέμων</span> <span class='ocrx_word' id='word_1_130' title='bbox 1473 1178 1664 1247; x_wconf 79' lang='grc' dir='ltr'>ἐποχὴ</span> <span class='ocrx_word' id='word_1_131' title='bbox 1724 1197 1855 1250; x_wconf 79' lang='grc' dir='ltr'>προ·</span> 
     </span>
    </p>
   </div>
   <div class='ocr_carea' id='block_1_19' title="bbox 1950 1174 3483 1250">
    <p class='ocr_par' dir='ltr' id='par_1_19' title="bbox 1955 1176 3483 1243">
     <span class='ocr_line' id='line_1_19' title="bbox 1955 1176 3483 1243; baseline -0.005 -10"><span class='ocrx_word' id='word_1_132' title='bbox 1955 1190 2184 1243; x_wconf 86' lang='lat' dir='ltr'><strong>tantom,</strong></span> <span class='ocrx_word' id='word_1_133' title='bbox 2224 1180 2316 1233; x_wconf 91' lang='lat' dir='ltr'><strong>sed</strong></span> <span class='ocrx_word' id='word_1_134' title='bbox 2363 1179 2415 1231; x_wconf 91' lang='lat' dir='ltr'><strong>in</strong></span> <span class='ocrx_word' id='word_1_135' title='bbox 2460 1179 2707 1232; x_wconf 89' lang='lat' dir='ltr'><strong>universa</strong></span> <span class='ocrx_word' id='word_1_136' title='bbox 2742 1186 2903 1231; x_wconf 87' lang='lat' dir='ltr'><strong>terra.</strong></span> <span class='ocrx_word' id='word_1_137' title='bbox 2931 1176 3103 1241; x_wconf 86' lang='lat' dir='ltr'><strong>Quare</strong></span> <span class='ocrx_word' id='word_1_138' title='bbox 3128 1176 3285 1229; x_wconf 88' lang='lat' dir='ltr'><strong>etiam</strong></span> <span class='ocrx_word' id='word_1_139' title='bbox 3320 1190 3483 1241; x_wconf 82' lang='lat' dir='ltr'><strong>super</strong></span> 
     </span>
    </p>
   </div>
   <div class='ocr_carea' id='block_1_20' title="bbox 307 1261 1860 1337">
    <p class='ocr_par' dir='ltr' id='par_1_20' title="bbox 307 1261 1852 1332">
     <span class='ocr_line' id='line_1_20' title="bbox 307 1261 1852 1332; baseline 0.006 -19"><span class='ocrx_word' id='word_1_140' title='bbox 307 1262 478 1331; x_wconf 81' lang='grc' dir='ltr'>δήλως</span> <span class='ocrx_word' id='word_1_141' title='bbox 507 1263 658 1315; x_wconf 82' lang='grc' dir='ltr'>λύσιν</span> <span class='ocrx_word' id='word_1_142' title='bbox 693 1264 788 1332; x_wconf 85' lang='grc' dir='ltr'>τῆς</span> <span class='ocrx_word' id='word_1_143' title='bbox 824 1261 1076 1326; x_wconf 79' lang='grc' dir='ltr'><strong>εὐταξίας</strong></span> <span class='ocrx_word' id='word_1_144' title='bbox 1104 1264 1201 1332; x_wconf 85' lang='grc' dir='ltr'>τῆς</span> <span class='ocrx_word' id='word_1_145' title='bbox 1230 1265 1477 1327; x_wconf 85' lang='grc' dir='ltr'>κτίσεως,</span> <span class='ocrx_word' id='word_1_146' title='bbox 1509 1269 1602 1320; x_wconf 78' lang='grc' dir='ltr'>καὶ</span> <span class='ocrx_word' id='word_1_147' title='bbox 1648 1270 1710 1321; x_wconf 83' lang='grc' dir='ltr'>τὸ</span> <span class='ocrx_word' id='word_1_148' title='bbox 1746 1270 1852 1322; x_wconf 86' lang='grc' dir='ltr'><strong>τῶν</strong></span> 
     </span>
    </p>
   </div>
   <div class='ocr_carea' id='block_1_21' title="bbox 1950 1261 3483 1337">
    <p class='ocr_par' dir='ltr' id='par_1_21' title="bbox 1957 1264 3483 1337">
     <span class='ocr_line' id='line_1_21' title="bbox 1957 1264 3483 1337; baseline -0.007 -15"><span class='ocrx_word' id='word_1_149' title='bbox 1957 1282 2189 1337; x_wconf 66' lang='lat' dir='ltr'><strong>quatuor</strong></span> <span class='ocrx_word' id='word_1_150' title='bbox 2216 1268 2331 1336; x_wconf 83' lang='lat' dir='ltr'><strong>ejus</strong></span> <span class='ocrx_word' id='word_1_151' title='bbox 2358 1266 2581 1335; x_wconf 81' lang='lat' dir='ltr'><strong>angulos</strong></span> <span class='ocrx_word' id='word_1_152' title='bbox 2615 1276 2843 1334; x_wconf 85' lang='lat' dir='ltr'><strong>quatuor</strong></span> <span class='ocrx_word' id='word_1_153' title='bbox 2870 1266 3085 1333; x_wconf 90' lang='lat' dir='ltr'><strong>angelos</strong></span> <span class='ocrx_word' id='word_1_154' title='bbox 3122 1264 3330 1317; x_wconf 80' lang='lat' dir='ltr'><strong>stetisse</strong></span> <span class='ocrx_word' id='word_1_155' title='bbox 3358 1277 3483 1314; x_wconf 85' lang='lat' dir='ltr'><strong>nar-</strong></span> 
     </span>
    </p>
   </div>
   <div class='ocr_carea' id='block_1_22' title="bbox 307 1350 1860 1428">
    <p class='ocr_par' dir='ltr' id='par_1_22' title="bbox 307 1350 1852 1427">
     <span class='ocr_line' id='line_1_22' title="bbox 307 1350 1852 1427; baseline 0.007 -26"><span class='ocrx_word' id='word_1_156' title='bbox 307 1350 489 1402; x_wconf 82' lang='grc' dir='ltr'>κακῶν</span> <span class='ocrx_word' id='word_1_157' title='bbox 518 1352 765 1420; x_wconf 70' lang='grc' dir='ltr'>ἐμφαίνει</span> <span class='ocrx_word' id='word_1_158' title='bbox 793 1351 1162 1420; x_wconf 77' lang='grc' dir='ltr'>ἀδιάδραστον.</span> <span class='ocrx_word' id='word_1_159' title='bbox 1197 1353 1274 1405; x_wconf 79' lang='grc' dir='ltr'><strong>Δι’</strong></span> <span class='ocrx_word' id='word_1_160' title='bbox 1300 1355 1514 1423; x_wconf 81' lang='grc' dir='ltr'>ἀνέμων</span> <span class='ocrx_word' id='word_1_161' title='bbox 1540 1357 1646 1427; x_wconf 86' lang='grc' dir='ltr'><strong>γὰρ</strong></span> <span class='ocrx_word' id='word_1_162' title='bbox 1674 1360 1852 1411; x_wconf 77' lang='grc' dir='ltr'>καὶτὰ</span> 
     </span>
    </p>
   </div>
   <div class='ocr_carea' id='block_1_23' title="bbox 1950 1350 3477 1428">
    <p class='ocr_par' dir='ltr' id='par_1_23' title="bbox 1958 1352 3477 1428">
     <span class='ocr_line' id='line_1_23' title="bbox 1958 1352 3477 1428; baseline -0.007 -15"><span class='ocrx_word' id='word_1_163' title='bbox 1958 1370 2125 1422; x_wconf 87' lang='lat' dir='ltr'><strong>ratur,</strong></span> <span class='ocrx_word' id='word_1_164' title='bbox 2161 1359 2249 1428; x_wconf 83' lang='lat' dir='ltr'><strong>qui</strong></span> <span class='ocrx_word' id='word_1_165' title='bbox 2284 1359 2563 1425; x_wconf 85' lang='lat' dir='ltr'><strong>implerent</strong></span> <span class='ocrx_word' id='word_1_166' title='bbox 2594 1355 2947 1419; x_wconf 77' lang='lat' dir='ltr'><strong>ministerium</strong></span> <span class='ocrx_word' id='word_1_167' title='bbox 2986 1355 3238 1408; x_wconf 88' lang='lat' dir='ltr'><strong>divinitus</strong></span> <span class='ocrx_word' id='word_1_168' title='bbox 3267 1352 3477 1420; x_wconf 85' lang='lat' dir='ltr'><strong>quidem</strong></span> 
     </span>
    </p>
   </div>
   <div class='ocr_carea' id='block_1_24' title="bbox 306 1439 1766 1513">
    <p class='ocr_par' dir='ltr' id='par_1_24' title="bbox 306 1439 1766 1513">
     <span class='ocr_line' id='line_1_24' title="bbox 306 1439 1766 1513; baseline 0.01 -24"><span class='ocrx_word' id='word_1_169' title='bbox 306 1439 406 1507; x_wconf 80' lang='grc' dir='ltr'>τῆς</span> <span class='ocrx_word' id='word_1_170' title='bbox 432 1440 535 1509; x_wconf 83' lang='grc' dir='ltr'>γῆς</span> <span class='ocrx_word' id='word_1_171' title='bbox 564 1442 702 1508; x_wconf 84' lang='grc' dir='ltr'>φυτά</span> <span class='ocrx_word' id='word_1_172' title='bbox 735 1443 1043 1512; x_wconf 84' lang='grc' dir='ltr'>τρέφονται,</span> <span class='ocrx_word' id='word_1_173' title='bbox 1080 1443 1172 1494; x_wconf 79' lang='grc' dir='ltr'>καὶ</span> <span class='ocrx_word' id='word_1_174' title='bbox 1199 1444 1410 1496; x_wconf 85' lang='grc' dir='ltr'>πλεῖται</span> <span class='ocrx_word' id='word_1_175' title='bbox 1444 1448 1474 1513; x_wconf 73' lang='grc' dir='ltr'>ἡ</span> <span class='ocrx_word' id='word_1_176' title='bbox 1508 1446 1766 1504; x_wconf 79' lang='grc' dir='ltr'>θάλασσα.</span> 
     </span>
    </p>
   </div>
   <div class='ocr_carea' id='block_1_25' title="bbox 1958 1440 3483 1513">
    <p class='ocr_par' dir='ltr' id='par_1_25' title="bbox 1958 1440 3483 1513">
     <span class='ocr_line' id='line_1_25' title="bbox 1958 1440 3483 1513; baseline -0.008 -9"><span class='ocrx_word' id='word_1_177' title='bbox 1958 1451 2057 1504; x_wconf 83' lang='lat' dir='ltr'><strong>sibi</strong></span> <span class='ocrx_word' id='word_1_178' title='bbox 2103 1448 2499 1509; x_wconf 87' lang='lat' dir='ltr'><strong>demandatum,</strong></span> <span class='ocrx_word' id='word_1_179' title='bbox 2554 1446 2708 1500; x_wconf 90' lang='lat' dir='ltr'><strong>nobis</strong></span> <span class='ocrx_word' id='word_1_180' title='bbox 2761 1455 2943 1507; x_wconf 82' lang='lat' dir='ltr'><strong>autem</strong></span> <span class='ocrx_word' id='word_1_181' title='bbox 2996 1440 3342 1513; x_wconf 77' lang='lat' dir='ltr'><strong>incognitum.</strong></span> <span class='ocrx_word' id='word_1_182' title='bbox 3387 1443 3483 1493; x_wconf 79' lang='lat' dir='ltr'><strong>Ast</strong></span> 
     </span>
    </p>
   </div>
   <div class='ocr_carea' id='block_1_26' title="bbox 309 1533 3479 1610">
    <p class='ocr_par' dir='ltr' id='par_1_26' title="bbox 309 1533 3479 1610">
     <span class='ocr_line' id='line_1_26' title="bbox 309 1533 3479 1610; baseline 0.002 -28"><span class='ocrx_word' id='word_1_183' title='bbox 309 1544 436 1585; x_wconf 78' lang='lat' dir='ltr'><strong>vero</strong></span> <span class='ocrx_word' id='word_1_184' title='bbox 485 1533 775 1599; x_wconf 73' lang='lat' dir='ltr'><strong>(ventorum</strong></span> <span class='ocrx_word' id='word_1_185' title='bbox 839 1533 1082 1587; x_wconf 78' lang='lat' dir='ltr'><strong>coltibitt‘o</strong></span> <span class='ocrx_word' id='word_1_186' title='bbox 1144 1536 1361 1605; x_wconf 76' lang='lat' dir='ltr'><strong>legitimi</strong></span> <span class='ocrx_word' id='word_1_187' title='bbox 1433 1542 1637 1595; x_wconf 86' lang='lat' dir='ltr'><strong>ordinis</strong></span> <span class='ocrx_word' id='word_1_188' title='bbox 1694 1546 2097 1599; x_wconf 88' lang='lat' dir='ltr'><strong>dissolutionem</strong></span> <span class='ocrx_word' id='word_1_189' title='bbox 2159 1542 2622 1610; x_wconf 79' lang='lat' dir='ltr'><strong>inevitabilemque</strong></span> <span class='ocrx_word' id='word_1_190' title='bbox 2695 1546 3135 1597; x_wconf 68' lang='lat' dir='ltr'><strong>comminuerunt</strong></span> <span class='ocrx_word' id='word_1_191' title='bbox 3221 1538 3479 1591; x_wconf 88' lang='lat' dir='ltr'><strong>malorum</strong></span> 
     </span>
    </p>
   </div>
   <div class='ocr_carea' id='block_1_27' title="bbox 306 1627 3483 1706">
    <p class='ocr_par' dir='ltr' id='par_1_27' title="bbox 306 1627 3483 1706">
     <span class='ocr_line' id='line_1_27' title="bbox 306 1627 3483 1706; baseline 0.003 -30"><span class='ocrx_word' id='word_1_192' title='bbox 306 1632 555 1678; x_wconf 85' lang='lat' dir='ltr'><strong>eventum</strong></span> <span class='ocrx_word' id='word_1_193' title='bbox 595 1627 735 1682; x_wconf 88' lang='lat' dir='ltr'><strong>baud</strong></span> <span class='ocrx_word' id='word_1_194' title='bbox 768 1628 930 1684; x_wconf 85' lang='lat' dir='ltr'><strong>dubie</strong></span> <span class='ocrx_word' id='word_1_195' title='bbox 961 1630 1197 1685; x_wconf 80' lang='lat' dir='ltr'><strong>insinuat</strong></span> <span class='ocrx_word' id='word_1_196' title='bbox 1232 1650 1246 1684; x_wconf 92' lang='lat'><strong>:</strong></span> <span class='ocrx_word' id='word_1_197' title='bbox 1292 1634 1554 1701; x_wconf 82' lang='lat' dir='ltr'><strong>siquidem</strong></span> <span class='ocrx_word' id='word_1_198' title='bbox 1613 1653 1705 1706; x_wconf 88' lang='lat' dir='ltr'><strong>per</strong></span> <span class='ocrx_word' id='word_1_199' title='bbox 1743 1650 2019 1693; x_wconf 76' lang='lat' dir='ltr'><strong>ventorum</strong></span> <span class='ocrx_word' id='word_1_200' title='bbox 2053 1639 2239 1691; x_wconf 81' lang='lat' dir='ltr'><strong>ﬂatum</strong></span> <span class='ocrx_word' id='word_1_201' title='bbox 2298 1638 2516 1690; x_wconf 85' lang='lat' dir='ltr'><strong>arbores</strong></span> <span class='ocrx_word' id='word_1_202' title='bbox 2572 1644 2624 1690; x_wconf 90' lang='lat' dir='ltr'><strong>et</strong></span> <span class='ocrx_word' id='word_1_203' title='bbox 2682 1636 2871 1704; x_wconf 79' lang='lat' dir='ltr'><strong>planta:</strong></span> <span class='ocrx_word' id='word_1_204' title='bbox 2924 1633 3231 1696; x_wconf 83' lang='lat' dir='ltr'><strong>nutriuntur</strong></span> <span class='ocrx_word' id='word_1_205' title='bbox 3254 1642 3308 1687; x_wconf 86' lang='lat' dir='ltr'><strong>et</strong></span> <span class='ocrx_word' id='word_1_206' title='bbox 3342 1633 3483 1687; x_wconf 77' lang='lat' dir='ltr'><strong>refo-</strong></span> 
     </span>
    </p>
   </div>
   <div class='ocr_carea' id='block_1_28' title="bbox 276 1716 1450 1781">
    <p class='ocr_par' dir='ltr' id='par_1_28' title="bbox 276 1716 1450 1781">
     <span class='ocr_line' id='line_1_28' title="bbox 276 1716 1450 1781; baseline 0.012 -15"><span class='ocrx_word' id='word_1_207' title='bbox 276 1722 279 1723; x_wconf 70' lang='lat'><strong><em>&#39;</em></strong></span> <span class='ocrx_word' id='word_1_208' title='bbox 306 1716 581 1781; x_wconf 87' lang='lat' dir='ltr'><strong>cillantur,</strong></span> <span class='ocrx_word' id='word_1_209' title='bbox 615 1728 666 1771; x_wconf 92' lang='lat' dir='ltr'><strong>et</strong></span> <span class='ocrx_word' id='word_1_210' title='bbox 695 1720 861 1774; x_wconf 84' lang='lat' dir='ltr'><strong>maria</strong></span> <span class='ocrx_word' id='word_1_211' title='bbox 892 1722 1118 1777; x_wconf 83' lang='lat' dir='ltr'><strong>navibus</strong></span> <span class='ocrx_word' id='word_1_212' title='bbox 1152 1725 1450 1780; x_wconf 82' lang='lat' dir='ltr'><strong>sulcantur.</strong></span> 
     </span>
    </p>
   </div>
   <div class='ocr_carea' id='block_1_29' title="bbox 378 1825 1860 1905">
    <p class='ocr_par' dir='ltr' id='par_1_29' title="bbox 378 1825 1852 1902">
     <span class='ocr_line' id='line_1_29' title="bbox 378 1825 1852 1902; baseline 0.012 -23"><span class='ocrx_word' id='word_1_213' title='bbox 378 1828 481 1880; x_wconf 78' lang='lat' dir='ltr'><strong>Kal</strong></span> <span class='ocrx_word' id='word_1_214' title='bbox 532 1825 697 1881; x_wconf 78' lang='grc' dir='ltr'>εἶδον</span> <span class='ocrx_word' id='word_1_215' title='bbox 758 1830 949 1883; x_wconf 64' lang='grc' dir='ltr'>ἄλλον</span> <span class='ocrx_word' id='word_1_216' title='bbox 993 1833 1249 1902; x_wconf 69' lang='grc' dir='ltr'>ἄγγελον</span> <span class='ocrx_word' id='word_1_217' title='bbox 1304 1839 1699 1894; x_wconf 75' lang='grc' dir='ltr'>ἀναϐαίνοντα</span> <span class='ocrx_word' id='word_1_218' title='bbox 1740 1844 1852 1896; x_wconf 79' lang='grc' dir='ltr'><strong>ἀπὸ</strong></span> 
     </span>
    </p>
   </div>
   <div class='ocr_carea' id='block_1_30' title="bbox 1950 1825 3490 1905">
    <p class='ocr_par' dir='ltr' id='par_1_30' title="bbox 2027 1836 3490 1905">
     <span class='ocr_line' id='line_1_30' title="bbox 2027 1836 3490 1905; baseline -0.004 -13"><span class='ocrx_word' id='word_1_219' title='bbox 2027 1840 2138 1901; x_wconf 87' lang='lat' dir='ltr'><strong>Vll,</strong></span> <span class='ocrx_word' id='word_1_220' title='bbox 2183 1838 2237 1903; x_wconf 73' lang='grc'>2,</span> <span class='ocrx_word' id='word_1_221' title='bbox 2266 1840 2317 1893; x_wconf 79' lang='grc'><strong>5.</strong></span> <span class='ocrx_word' id='word_1_222' title='bbox 2365 1838 2427 1891; x_wconf 85' lang='lat' dir='ltr'><strong>Et</strong></span> <span class='ocrx_word' id='word_1_223' title='bbox 2459 1839 2563 1891; x_wconf 83' lang='lat' dir='ltr'><strong>vidi</strong></span> <span class='ocrx_word' id='word_1_224' title='bbox 2606 1847 2823 1891; x_wconf 84' lang='lat' dir='ltr'><strong>alterum</strong></span> <span class='ocrx_word' id='word_1_225' title='bbox 2855 1839 3092 1905; x_wconf 76' lang='lat' dir='ltr'><strong>angelum</strong></span> <span class='ocrx_word' id='word_1_226' title='bbox 3133 1836 3490 1891; x_wconf 65' lang='lat' dir='ltr'><strong>ascendentem</strong></span> 
     </span>
    </p>
   </div>
   <div class='ocr_carea' id='block_1_31' title="bbox 302 1915 1851 1994">
    <p class='ocr_par' dir='ltr' id='par_1_31' title="bbox 302 1915 1851 1994">
     <span class='ocr_line' id='line_1_31' title="bbox 302 1915 1851 1994; baseline 0.012 -28"><span class='ocrx_word' id='word_1_227' title='bbox 302 1915 606 1983; x_wconf 74' lang='grc' dir='ltr'><strong>ἀνατολῆς</strong></span> <span class='ocrx_word' id='word_1_228' title='bbox 634 1920 827 1985; x_wconf 70' lang='grc' dir='ltr'>ἡλίου,</span> <span class='ocrx_word' id='word_1_229' title='bbox 860 1922 1074 1989; x_wconf 74' lang='grc' dir='ltr'>ἔχοντα</span> <span class='ocrx_word' id='word_1_230' title='bbox 1102 1926 1396 1994; x_wconf 71' lang='grc' dir='ltr'>σφραγῖδα</span> <span class='ocrx_word' id='word_1_231' title='bbox 1440 1929 1584 1981; x_wconf 75' lang='grc' dir='ltr'>Θεοῦ</span> <span class='ocrx_word' id='word_1_232' title='bbox 1623 1929 1851 1994; x_wconf 72' lang='grc' dir='ltr'>ζῶντος·</span> 
     </span>
    </p>
   </div>
   <div class='ocr_carea' id='block_1_32' title="bbox 305 2004 1856 2088">
    <p class='ocr_par' dir='ltr' id='par_1_32' title="bbox 305 2004 1856 2088">
     <span class='ocr_line' id='line_1_32' title="bbox 305 2004 1856 2088; baseline 0.014 -35"><span class='ocrx_word' id='word_1_233' title='bbox 305 2005 404 2055; x_wconf 78' lang='grc' dir='ltr'><strong>καί</strong></span> <span class='ocrx_word' id='word_1_234' title='bbox 424 2004 624 2072; x_wconf 73' lang='grc' dir='ltr'>ἕκραζε</span> <span class='ocrx_word' id='word_1_235' title='bbox 644 2008 811 2075; x_wconf 74' lang='grc' dir='ltr'>φωνῇ</span> <span class='ocrx_word' id='word_1_236' title='bbox 834 2010 1061 2078; x_wconf 78' lang='grc' dir='ltr'>μεγάλῃ</span> <span class='ocrx_word' id='word_1_237' title='bbox 1089 2015 1210 2079; x_wconf 85' lang='grc' dir='ltr'>τοῖς</span> <span class='ocrx_word' id='word_1_238' title='bbox 1232 2015 1560 2084; x_wconf 80' lang='grc' dir='ltr'>τέσσαρσιν</span> <span class='ocrx_word' id='word_1_239' title='bbox 1582 2020 1856 2088; x_wconf 69' lang='grc' dir='ltr'>ἀγγέλοις</span> 
     </span>
    </p>
   </div>
   <div class='ocr_carea' id='block_1_33' title="bbox 305 2089 1855 2175">
    <p class='ocr_par' dir='ltr' id='par_1_33' title="bbox 305 2089 1855 2175">
     <span class='ocr_line' id='line_1_33' title="bbox 305 2089 1855 2175; baseline 0.012 -32"><span class='ocrx_word' id='word_1_240' title='bbox 305 2089 397 2157; x_wconf 79' lang='grc' dir='ltr'>οἷς</span> <span class='ocrx_word' id='word_1_241' title='bbox 424 2094 598 2161; x_wconf 82' lang='grc' dir='ltr'>ἐδόοη</span> <span class='ocrx_word' id='word_1_242' title='bbox 630 2095 868 2167; x_wconf 83' lang='grc' dir='ltr'>[αὐτοῖς]</span> <span class='ocrx_word' id='word_1_243' title='bbox 898 2097 1178 2167; x_wconf 83' lang='grc' dir='ltr'>ἀδικῆσαι</span> <span class='ocrx_word' id='word_1_244' title='bbox 1200 2103 1312 2170; x_wconf 84' lang='grc' dir='ltr'>τὴν</span> <span class='ocrx_word' id='word_1_245' title='bbox 1334 2103 1445 2173; x_wconf 74' lang='grc' dir='ltr'>γῆν</span> <span class='ocrx_word' id='word_1_246' title='bbox 1476 2108 1570 2158; x_wconf 81' lang='grc' dir='ltr'><strong>καί</strong></span> <span class='ocrx_word' id='word_1_247' title='bbox 1614 2110 1725 2175; x_wconf 69' lang='grc' dir='ltr'>τὴν</span> <span class='ocrx_word' id='word_1_248' title='bbox 1757 2111 1855 2165; x_wconf 80' lang='grc' dir='ltr'><strong>θά-</strong></span> 
     </span>
    </p>
   </div>
   <div class='ocr_carea' id='block_1_34' title="bbox 303 2185 813 2252">
    <p class='ocr_par' dir='ltr' id='par_1_34' title="bbox 303 2185 813 2252">
     <span class='ocr_line' id='line_1_34' title="bbox 303 2185 813 2252; baseline 0.006 -17"><span class='ocrx_word' id='word_1_249' title='bbox 303 2186 568 2247; x_wconf 63' lang='grc' dir='ltr'>λασσαν,</span> <span class='ocrx_word' id='word_1_250' title='bbox 602 2185 813 2252; x_wconf 70' lang='grc' dir='ltr'>λέγων’</span> 
     </span>
    </p>
   </div>
   <div class='ocr_carea' id='block_1_35' title="bbox 391 2294 1856 2369">
    <p class='ocr_par' dir='ltr' id='par_1_35' title="bbox 391 2294 1856 2369">
     <span class='ocr_line' id='line_1_35' title="bbox 391 2294 1856 2369; baseline 0.014 -25"><span class='ocrx_word' id='word_1_251' title='bbox 391 2294 605 2362; x_wconf 74' lang='grc' dir='ltr'>Ὅπερι</span> <span class='ocrx_word' id='word_1_252' title='bbox 665 2297 745 2366; x_wconf 81' lang='grc' dir='ltr'><strong>τῷ</strong></span> <span class='ocrx_word' id='word_1_253' title='bbox 841 2300 1096 2369; x_wconf 75' lang='grc' dir='ltr'>Ἰεζεκιὴλ</span> <span class='ocrx_word' id='word_1_254' title='bbox 1139 2336 1154 2348; x_wconf 86' lang='lat'>-</span> <span class='ocrx_word' id='word_1_255' title='bbox 1184 2304 1353 2357; x_wconf 81' lang='grc' dir='ltr'>πάλαι</span> <span class='ocrx_word' id='word_1_256' title='bbox 1442 2308 1856 2365; x_wconf 81' lang='grc' dir='ltr'>ἀποκεκάλυπτο</span> 
     </span>
    </p>
   </div>
   <div class='ocr_carea' id='block_1_36' title="bbox 307 2382 1855 2459">
    <p class='ocr_par' dir='ltr' id='par_1_36' title="bbox 307 2382 1855 2459">
     <span class='ocr_line' id='line_1_36' title="bbox 307 2382 1855 2459; baseline 0.015 -28"><span class='ocrx_word' id='word_1_257' title='bbox 307 2382 437 2449; x_wconf 69' lang='grc' dir='ltr'>περὶ</span> <span class='ocrx_word' id='word_1_258' title='bbox 484 2383 575 2435; x_wconf 81' lang='grc' dir='ltr'>τοῦ</span> <span class='ocrx_word' id='word_1_259' title='bbox 631 2386 973 2457; x_wconf 77' lang='grc' dir='ltr'>ἑνδεδυμένου</span> <span class='ocrx_word' id='word_1_260' title='bbox 1029 2390 1089 2442; x_wconf 80' lang='grc' dir='ltr'>τὸ</span> <span class='ocrx_word' id='word_1_261' title='bbox 1135 2391 1331 2459; x_wconf 80' lang='grc' dir='ltr'>βαδδὶν,</span> <span class='ocrx_word' id='word_1_262' title='bbox 1396 2397 1487 2447; x_wconf 72' lang='grc' dir='ltr'>καὶ</span> <span class='ocrx_word' id='word_1_263' title='bbox 1526 2398 1633 2449; x_wconf 90' lang='grc' dir='ltr'><strong>τῶν</strong></span> <span class='ocrx_word' id='word_1_264' title='bbox 1687 2418 1855 2454; x_wconf 80' lang='grc' dir='ltr'>κατα-</span> 
     </span>
    </p>
   </div>
   <div class='ocr_carea' id='block_1_37' title="bbox 309 2472 1855 2558">
    <p class='ocr_par' dir='ltr' id='par_1_37' title="bbox 309 2472 1855 2558">
     <span class='ocr_line' id='line_1_37' title="bbox 309 2472 1855 2558; baseline 0.016 -38"><span class='ocrx_word' id='word_1_265' title='bbox 309 2472 675 2535; x_wconf 77' lang='grc' dir='ltr'>στεναζόντων</span> <span class='ocrx_word' id='word_1_266' title='bbox 741 2476 810 2528; x_wconf 77' lang='grc' dir='ltr'>τὰ</span> <span class='ocrx_word' id='word_1_267' title='bbox 873 2480 1097 2546; x_wconf 83' lang='grc' dir='ltr'>μέτωπα</span> <span class='ocrx_word' id='word_1_268' title='bbox 1154 2484 1542 2549; x_wconf 75' lang='grc' dir='ltr'>σφραγίζοντος</span> <span class='ocrx_word' id='word_1_269' title='bbox 1600 2492 1734 2558; x_wconf 80' lang='grc' dir='ltr'>πρὸς</span> <span class='ocrx_word' id='word_1_270' title='bbox 1795 2493 1855 2544; x_wconf 82' lang='grc' dir='ltr'>τὸ</span> 
     </span>
    </p>
   </div>
   <div class='ocr_carea' id='block_1_38' title="bbox 310 2562 1855 2643">
    <p class='ocr_par' dir='ltr' id='par_1_38' title="bbox 310 2562 1855 2643">
     <span class='ocr_line' id='line_1_38' title="bbox 310 2562 1855 2643; baseline 0.015 -31"><span class='ocrx_word' id='word_1_271' title='bbox 310 2562 388 2630; x_wconf 79' lang='grc' dir='ltr'>μὴ</span> <span class='ocrx_word' id='word_1_272' title='bbox 438 2565 824 2620; x_wconf 72' lang='grc' dir='ltr'>συναπολέσθαι</span> <span class='ocrx_word' id='word_1_273' title='bbox 876 2569 999 2630; x_wconf 82' lang='grc' dir='ltr'>τοὺς</span> <span class='ocrx_word' id='word_1_274' title='bbox 1028 2570 1274 2635; x_wconf 24' lang='grc' dir='ltr'>,δικαίους</span> <span class='ocrx_word' id='word_1_275' title='bbox 1323 2579 1431 2637; x_wconf 87' lang='grc' dir='ltr'>τοῖς</span> <span class='ocrx_word' id='word_1_276' title='bbox 1484 2580 1708 2643; x_wconf 84' lang='grc' dir='ltr'>ἀδίκοις,</span> <span class='ocrx_word' id='word_1_277' title='bbox 1770 2566 1855 2635; x_wconf 73' lang='grc' dir='ltr'><strong>διὰ</strong></span> 
     </span>
    </p>
   </div>
   <div class='ocr_carea' id='block_1_39' title="bbox 308 2654 1856 2737">
    <p class='ocr_par' dir='ltr' id='par_1_39' title="bbox 308 2654 1856 2737">
     <span class='ocr_line' id='line_1_39' title="bbox 308 2654 1856 2737; baseline 0.016 -35"><span class='ocrx_word' id='word_1_278' title='bbox 308 2654 371 2703; x_wconf 79' lang='grc' dir='ltr'>τὸ</span> <span class='ocrx_word' id='word_1_279' title='bbox 416 2654 510 2721; x_wconf 86' lang='grc' dir='ltr'>τῆς</span> <span class='ocrx_word' id='word_1_280' title='bbox 567 2658 951 2726; x_wconf 86' lang='grc' dir='ltr'>κεκρυμμένης</span> <span class='ocrx_word' id='word_1_281' title='bbox 998 2660 1105 2712; x_wconf 86' lang='grc' dir='ltr'><strong>τῶν</strong></span> <span class='ocrx_word' id='word_1_282' title='bbox 1162 2664 1330 2728; x_wconf 81' lang='grc' dir='ltr'>ἁγίων</span> <span class='ocrx_word' id='word_1_283' title='bbox 1370 2668 1565 2737; x_wconf 83' lang='grc' dir='ltr'>ἀρετῆς</span> <span class='ocrx_word' id='word_1_284' title='bbox 1626 2673 1856 2735; x_wconf 72' lang='grc' dir='ltr'>καὶτοῖς</span> 
     </span>
    </p>
   </div>
   <div class='ocr_carea' id='block_1_40' title="bbox 245 2744 1855 2830">
    <p class='ocr_par' dir='ltr' id='par_1_40' title="bbox 245 2744 1855 2830">
     <span class='ocr_line' id='line_1_40' title="bbox 245 2744 1855 2830; baseline 0.011 -36"><span class='ocrx_word' id='word_1_285' title='bbox 245 2766 255 2775; x_wconf 91' lang='grc'><strong>·</strong></span> <span class='ocrx_word' id='word_1_286' title='bbox 309 2744 561 2810; x_wconf 77' lang='grc' dir='ltr'>ἀγγέλοις</span> <span class='ocrx_word' id='word_1_287' title='bbox 610 2746 915 2813; x_wconf 77' lang='grc' dir='ltr'>ἄγνωστον·</span> <span class='ocrx_word' id='word_1_288' title='bbox 945 2748 1101 2801; x_wconf 81' lang='grc' dir='ltr'>τοῦτο</span> <span class='ocrx_word' id='word_1_289' title='bbox 1156 2754 1431 2808; x_wconf 81' lang='grc' dir='ltr'>κάνταῦθα</span> <span class='ocrx_word' id='word_1_290' title='bbox 1483 2758 1557 2826; x_wconf 82' lang='grc' dir='ltr'>τῷ</span> <span class='ocrx_word' id='word_1_291' title='bbox 1604 2763 1855 2830; x_wconf 76' lang='grc' dir='ltr'>μακαρίῳ</span> 
     </span>
    </p>
   </div>
   <div class='ocr_carea' id='block_1_41' title="bbox 308 2832 1856 2911">
    <p class='ocr_par' dir='ltr' id='par_1_41' title="bbox 308 2832 1856 2911">
     <span class='ocr_line' id='line_1_41' title="bbox 308 2832 1856 2911; baseline 0.011 -27"><span class='ocrx_word' id='word_1_292' title='bbox 308 2832 621 2897; x_wconf 80' lang='grc' dir='ltr'>δείκνυται,</span> <span class='ocrx_word' id='word_1_293' title='bbox 672 2836 973 2904; x_wconf 81' lang='grc' dir='ltr'>ὑπερτέρας</span> <span class='ocrx_word' id='word_1_294' title='bbox 1050 2839 1206 2904; x_wconf 84' lang='grc' dir='ltr'>ἁγίας</span> <span class='ocrx_word' id='word_1_295' title='bbox 1265 2841 1542 2911; x_wconf 81' lang='grc' dir='ltr'>δυνάμεως</span> <span class='ocrx_word' id='word_1_296' title='bbox 1602 2851 1712 2909; x_wconf 86' lang='grc' dir='ltr'>τοῖς</span> <span class='ocrx_word' id='word_1_297' title='bbox 1781 2868 1856 2901; x_wconf 87' lang='grc' dir='ltr'>τι-</span> 
     </span>
    </p>
   </div>
   <div class='ocr_carea' id='block_1_42' title="bbox 315 2922 1855 3005">
    <p class='ocr_par' dir='ltr' id='par_1_42' title="bbox 315 2922 1855 3005">
     <span class='ocr_line' id='line_1_42' title="bbox 315 2922 1855 3005; baseline 0.013 -34"><span class='ocrx_word' id='word_1_298' title='bbox 315 2924 513 2990; x_wconf 80' lang='grc' dir='ltr'>μωροτς</span> <span class='ocrx_word' id='word_1_299' title='bbox 556 2922 727 2989; x_wconf 81' lang='grc' dir='ltr'>ἁγίοις</span> <span class='ocrx_word' id='word_1_300' title='bbox 772 2924 1021 2992; x_wconf 83' lang='grc' dir='ltr'>ἀγγέλοις</span> <span class='ocrx_word' id='word_1_301' title='bbox 1062 2928 1485 3001; x_wconf 80' lang='grc' dir='ltr'>ἑγκελευομένης</span> <span class='ocrx_word' id='word_1_302' title='bbox 1530 2935 1693 3002; x_wconf 84' lang='grc' dir='ltr'>μηδὲν</span> <span class='ocrx_word' id='word_1_303' title='bbox 1724 2938 1855 3005; x_wconf 74' lang='grc' dir='ltr'>δρᾶ-</span> 
     </span>
    </p>
   </div>
   <div class='ocr_carea' id='block_1_43' title="bbox 313 3014 1855 3090">
    <p class='ocr_par' dir='ltr' id='par_1_43' title="bbox 313 3014 1855 3090">
     <span class='ocr_line' id='line_1_43' title="bbox 313 3014 1855 3090; baseline 0.012 -28"><span class='ocrx_word' id='word_1_304' title='bbox 313 3028 402 3063; x_wconf 76' lang='grc' dir='ltr'><strong>σαι</strong></span> <span class='ocrx_word' id='word_1_305' title='bbox 456 3015 532 3074; x_wconf 79' lang='grc' dir='ltr'><strong>είς</strong></span> <span class='ocrx_word' id='word_1_306' title='bbox 589 3014 716 3075; x_wconf 82' lang='grc' dir='ltr'>τοὺς</span> <span class='ocrx_word' id='word_1_307' title='bbox 768 3015 1299 3085; x_wconf 79' lang='grc' dir='ltr'>πλημμελήσαντας,</span> <span class='ocrx_word' id='word_1_308' title='bbox 1353 3022 1477 3090; x_wconf 74' lang='grc' dir='ltr'>πρὶν</span> <span class='ocrx_word' id='word_1_309' title='bbox 1524 3022 1589 3075; x_wconf 80' lang='grc' dir='ltr'>ἂν</span> <span class='ocrx_word' id='word_1_310' title='bbox 1632 3026 1718 3078; x_wconf 72' lang='grc' dir='ltr'><strong>διὰ</strong></span> <span class='ocrx_word' id='word_1_311' title='bbox 1763 3030 1855 3080; x_wconf 81' lang='grc' dir='ltr'>τοῦ</span> 
     </span>
    </p>
   </div>
   <div class='ocr_carea' id='block_1_44' title="bbox 314 3102 1857 3188">
    <p class='ocr_par' dir='ltr' id='par_1_44' title="bbox 314 3102 1857 3188">
     <span class='ocr_line' id='line_1_44' title="bbox 314 3102 1857 3188; baseline 0.003 -35"><span class='ocrx_word' id='word_1_312' title='bbox 314 3102 712 3174; x_wconf 72' lang='grc' dir='ltr'>σφραγισθηναι</span> <span class='ocrx_word' id='word_1_313' title='bbox 741 3105 1113 3174; x_wconf 85' lang='grc' dir='ltr'>διακριθέντας</span> <span class='ocrx_word' id='word_1_314' title='bbox 1144 3109 1405 3175; x_wconf 81' lang='grc' dir='ltr'>ὲπιγνῶσι</span> <span class='ocrx_word' id='word_1_315' title='bbox 1433 3114 1557 3176; x_wconf 82' lang='grc' dir='ltr'>τοὺς</span> <span class='ocrx_word' id='word_1_316' title='bbox 1584 3116 1682 3185; x_wconf 83' lang='grc' dir='ltr'>τῆς</span> <span class='ocrx_word' id='word_1_317' title='bbox 1726 3118 1857 3188; x_wconf 80' lang='grc' dir='ltr'>ἀλη-</span> 
     </span>
    </p>
   </div>
   <div class='ocr_carea' id='block_1_45' title="bbox 1956 1927 3489 1995">
    <p class='ocr_par' dir='ltr' id='par_1_45' title="bbox 1956 1927 3489 1995">
     <span class='ocr_line' id='line_1_45' title="bbox 1956 1927 3489 1995; baseline -0.004 -13"><span class='ocrx_word' id='word_1_318' title='bbox 1956 1931 2019 1982; x_wconf 88' lang='lat' dir='ltr'><strong>ab</strong></span> <span class='ocrx_word' id='word_1_319' title='bbox 2061 1940 2177 1983; x_wconf 89' lang='lat' dir='ltr'><strong>ortu</strong></span> <span class='ocrx_word' id='word_1_320' title='bbox 2205 1930 2360 1992; x_wconf 83' lang='lat' dir='ltr'><strong>solis,</strong></span> <span class='ocrx_word' id='word_1_321' title='bbox 2400 1930 2657 1981; x_wconf 75' lang='lat' dir='ltr'><strong>habentem</strong></span> <span class='ocrx_word' id='word_1_322' title='bbox 2696 1930 2895 1995; x_wconf 81' lang='lat' dir='ltr'><strong>signum</strong></span> <span class='ocrx_word' id='word_1_323' title='bbox 2931 1928 3021 1978; x_wconf 87' lang='lat' dir='ltr'><strong>Dei</strong></span> <span class='ocrx_word' id='word_1_324' title='bbox 3052 1928 3148 1978; x_wconf 78' lang='lat' dir='ltr'><strong>rivi</strong></span> <span class='ocrx_word' id='word_1_325' title='bbox 3167 1943 3183 1984; x_wconf 85' lang='lat'><em>;</em></span> <span class='ocrx_word' id='word_1_326' title='bbox 3208 1936 3255 1983; x_wconf 81' lang='lat' dir='ltr'><strong>et</strong></span> <span class='ocrx_word' id='word_1_327' title='bbox 3285 1927 3489 1977; x_wconf 82' lang='lat' dir='ltr'><strong>clama-</strong></span> 
     </span>
    </p>
   </div>
   <div class='ocr_carea' id='block_1_46' title="bbox 1955 2016 3487 2087">
    <p class='ocr_par' dir='ltr' id='par_1_46' title="bbox 1955 2016 3487 2087">
     <span class='ocr_line' id='line_1_46' title="bbox 1955 2016 3487 2087; baseline -0.005 -16"><span class='ocrx_word' id='word_1_328' title='bbox 1955 2022 2024 2072; x_wconf 86' lang='lat' dir='ltr'><strong>vit</strong></span> <span class='ocrx_word' id='word_1_329' title='bbox 2068 2036 2183 2071; x_wconf 81' lang='lat' dir='ltr'><strong>voce</strong></span> <span class='ocrx_word' id='word_1_330' title='bbox 2220 2036 2404 2087; x_wconf 84' lang='lat' dir='ltr'><strong>magna</strong></span> <span class='ocrx_word' id='word_1_331' title='bbox 2437 2027 2659 2085; x_wconf 78' lang='lat' dir='ltr'><strong>quatuor</strong></span> <span class='ocrx_word' id='word_1_332' title='bbox 2698 2017 2926 2085; x_wconf 75' lang='lat' dir='ltr'><strong>angelis,</strong></span> <span class='ocrx_word' id='word_1_333' title='bbox 2962 2016 3143 2083; x_wconf 79' lang='lat' dir='ltr'><strong>quibus</strong></span> <span class='ocrx_word' id='word_1_334' title='bbox 3178 2017 3358 2065; x_wconf 76' lang='lat' dir='ltr'><strong>datum</strong></span> <span class='ocrx_word' id='word_1_335' title='bbox 3409 2021 3487 2065; x_wconf 81' lang='lat' dir='ltr'><strong>est</strong></span> 
     </span>
    </p>
   </div>
   <div class='ocr_carea' id='block_1_47' title="bbox 1956 2107 2794 2169">
    <p class='ocr_par' dir='ltr' id='par_1_47' title="bbox 1956 2107 2794 2169">
     <span class='ocr_line' id='line_1_47' title="bbox 1956 2107 2794 2169; baseline -0.006 -8"><span class='ocrx_word' id='word_1_336' title='bbox 1956 2124 2132 2162; x_wconf 87' lang='lat' dir='ltr'><strong>nocere</strong></span> <span class='ocrx_word' id='word_1_337' title='bbox 2167 2118 2315 2161; x_wconf 72' lang='lat' dir='ltr'><strong>terrae</strong></span> <span class='ocrx_word' id='word_1_338' title='bbox 2342 2115 2387 2159; x_wconf 91' lang='lat' dir='ltr'><strong>et</strong></span> <span class='ocrx_word' id='word_1_339' title='bbox 2419 2108 2572 2169; x_wconf 83' lang='lat' dir='ltr'><strong>mari,</strong></span> <span class='ocrx_word' id='word_1_340' title='bbox 2604 2107 2794 2158; x_wconf 85' lang='lat' dir='ltr'><strong>dicens.</strong></span> 
     </span>
    </p>
   </div>
   <div class='ocr_carea' id='block_1_48' title="bbox 2024 2297 3482 2373">
    <p class='ocr_par' dir='ltr' id='par_1_48' title="bbox 2024 2297 3482 2373">
     <span class='ocr_line' id='line_1_48' title="bbox 2024 2297 3482 2373; baseline -0.006 -15"><span class='ocrx_word' id='word_1_341' title='bbox 2024 2303 2175 2369; x_wconf 83' lang='lat' dir='ltr'><strong>Quod</strong></span> <span class='ocrx_word' id='word_1_342' title='bbox 2227 2303 2501 2373; x_wconf 78' lang='lat' dir='ltr'><strong>propheta:</strong></span> <span class='ocrx_word' id='word_1_343' title='bbox 2558 2300 2817 2353; x_wconf 78' lang='lat' dir='ltr'><strong>Ezecltieli</strong></span> <span class='ocrx_word' id='word_1_344' title='bbox 2858 2314 2950 2369; x_wconf 84' lang='lat' dir='ltr'><strong>per</strong></span> <span class='ocrx_word' id='word_1_345' title='bbox 3000 2298 3147 2351; x_wconf 87' lang='lat' dir='ltr'><strong>illum</strong></span> <span class='ocrx_word' id='word_1_346' title='bbox 3192 2297 3301 2365; x_wconf 89' lang='lat' dir='ltr'><strong>jam</strong></span> <span class='ocrx_word' id='word_1_347' title='bbox 3354 2298 3482 2350; x_wconf 88' lang='lat' dir='ltr'><strong>olim</strong></span> 
     </span>
    </p>
   </div>
   <div class='ocr_carea' id='block_1_49' title="bbox 1956 2387 3485 2462">
    <p class='ocr_par' dir='ltr' id='par_1_49' title="bbox 1956 2387 3485 2462">
     <span class='ocr_line' id='line_1_49' title="bbox 1956 2387 3485 2462; baseline -0.005 -15"><span class='ocrx_word' id='word_1_348' title='bbox 1956 2393 2394 2462; x_wconf 76' lang='lat' dir='ltr'><strong>signiﬁcabatur,</strong></span> <span class='ocrx_word' id='word_1_349' title='bbox 2443 2391 2532 2458; x_wconf 88' lang='lat' dir='ltr'><strong>qtti</strong></span> <span class='ocrx_word' id='word_1_350' title='bbox 2570 2390 2705 2443; x_wconf 81' lang='lat' dir='ltr'><strong>linea</strong></span> <span class='ocrx_word' id='word_1_351' title='bbox 2736 2391 2870 2443; x_wconf 89' lang='lat' dir='ltr'><strong>stola</strong></span> <span class='ocrx_word' id='word_1_352' title='bbox 2906 2389 3122 2443; x_wconf 90' lang='lat' dir='ltr'><strong>indutus</strong></span> <span class='ocrx_word' id='word_1_353' title='bbox 3165 2387 3485 2457; x_wconf 77' lang='lat' dir='ltr'><strong>gementium</strong></span> 
     </span>
    </p>
   </div>
   <div class='ocr_carea' id='block_1_50' title="bbox 1958 2477 3482 2548">
    <p class='ocr_par' dir='ltr' id='par_1_50' title="bbox 1958 2477 3482 2548">
     <span class='ocr_line' id='line_1_50' title="bbox 1958 2477 3482 2548; baseline -0.003 -14"><span class='ocrx_word' id='word_1_354' title='bbox 1958 2482 2161 2535; x_wconf 90' lang='lat' dir='ltr'><strong>frontes</strong></span> <span class='ocrx_word' id='word_1_355' title='bbox 2199 2480 2462 2548; x_wconf 80' lang='lat' dir='ltr'><strong>signabat,</strong></span> <span class='ocrx_word' id='word_1_356' title='bbox 2498 2494 2563 2532; x_wconf 91' lang='lat' dir='ltr'><strong>ne</strong></span> <span class='ocrx_word' id='word_1_357' title='bbox 2586 2477 2715 2547; x_wconf 80' lang='lat' dir='ltr'><strong>justi</strong></span> <span class='ocrx_word' id='word_1_358' title='bbox 2745 2479 2907 2532; x_wconf 83' lang='lat' dir='ltr'><strong>simul</strong></span> <span class='ocrx_word' id='word_1_359' title='bbox 2936 2478 3215 2531; x_wconf 91' lang='lat' dir='ltr'><strong>interirent</strong></span> <span class='ocrx_word' id='word_1_360' title='bbox 3240 2492 3361 2530; x_wconf 85' lang='lat' dir='ltr'><strong>cum</strong></span> <span class='ocrx_word' id='word_1_361' title='bbox 3397 2477 3482 2529; x_wconf 87' lang='lat' dir='ltr'><strong>in-</strong></span> 
     </span>
    </p>
   </div>
   <div class='ocr_carea' id='block_1_51' title="bbox 1950 2570 3483 2639">
    <p class='ocr_par' dir='ltr' id='par_1_51' title="bbox 1950 2570 3483 2639">
     <span class='ocr_line' id='line_1_51' title="bbox 1950 2570 3483 2639; baseline -0.001 -17"><span class='ocrx_word' id='word_1_362' title='bbox 1950 2571 2110 2637; x_wconf 86' lang='lat' dir='ltr'><strong>jnstis</strong></span> <span class='ocrx_word' id='word_1_363' title='bbox 2148 2589 2160 2623; x_wconf 89' lang='lat'>:</span> <span class='ocrx_word' id='word_1_364' title='bbox 2204 2571 2220 2639; x_wconf 97' lang='lat'>(</span> <span class='ocrx_word' id='word_1_365' title='bbox 2257 2578 2380 2623; x_wconf 89' lang='lat' dir='ltr'><strong>sunt</strong></span> <span class='ocrx_word' id='word_1_366' title='bbox 2414 2570 2554 2622; x_wconf 88' lang='lat' dir='ltr'><strong>enim</strong></span> <span class='ocrx_word' id='word_1_367' title='bbox 2596 2580 2907 2623; x_wconf 88' lang='lat' dir='ltr'><strong>sanctorum</strong></span> <span class='ocrx_word' id='word_1_368' title='bbox 2954 2571 3171 2621; x_wconf 83' lang='lat' dir='ltr'><strong>virtutes</strong></span> <span class='ocrx_word' id='word_1_369' title='bbox 3217 2583 3356 2636; x_wconf 61' lang='lat' dir='ltr'><strong>saepe</strong></span> <span class='ocrx_word' id='word_1_370' title='bbox 3391 2582 3483 2621; x_wconf 86' lang='lat' dir='ltr'><strong>oc-</strong></span> 
     </span>
    </p>
   </div>
   <div class='ocr_carea' id='block_1_52' title="bbox 1955 2657 3483 2725">
    <p class='ocr_par' dir='ltr' id='par_1_52' title="bbox 1955 2657 3483 2725">
     <span class='ocr_line' id='line_1_52' title="bbox 1955 2657 3483 2725; baseline -0.001 -14"><span class='ocrx_word' id='word_1_371' title='bbox 1955 2660 2129 2720; x_wconf 64' lang='lat' dir='ltr'><strong>cultae,</strong></span> <span class='ocrx_word' id='word_1_372' title='bbox 2147 2666 2283 2711; x_wconf 90' lang='lat' dir='ltr'><strong>etne</strong></span> <span class='ocrx_word' id='word_1_373' title='bbox 2307 2659 2435 2724; x_wconf 86' lang='lat' dir='ltr'><strong>ipsis</strong></span> <span class='ocrx_word' id='word_1_374' title='bbox 2450 2659 2663 2725; x_wconf 90' lang='lat' dir='ltr'><strong>quidem</strong></span> <span class='ocrx_word' id='word_1_375' title='bbox 2691 2657 2891 2724; x_wconf 79' lang='lat' dir='ltr'><strong>angelis</strong></span> <span class='ocrx_word' id='word_1_376' title='bbox 2914 2658 3045 2710; x_wconf 85' lang='lat' dir='ltr'><strong>satis</strong></span> <span class='ocrx_word' id='word_1_377' title='bbox 3065 2658 3365 2724; x_wconf 60' lang='lat' dir='ltr'><strong>comperta!)</strong></span> <span class='ocrx_word' id='word_1_378' title='bbox 3382 2658 3483 2710; x_wconf 91' lang='lat' dir='ltr'><strong>boc</strong></span> 
     </span>
    </p>
   </div>
   <div class='ocr_carea' id='block_1_53' title="bbox 1956 2743 3482 2814">
    <p class='ocr_par' dir='ltr' id='par_1_53' title="bbox 1956 2743 3482 2814">
     <span class='ocr_line' id='line_1_53' title="bbox 1956 2743 3482 2814; baseline 0.001 -16"><span class='ocrx_word' id='word_1_379' title='bbox 1956 2747 2128 2814; x_wconf 87' lang='lat' dir='ltr'><strong>ipsum</strong></span> <span class='ocrx_word' id='word_1_380' title='bbox 2157 2749 2307 2801; x_wconf 87' lang='lat' dir='ltr'><strong>beato</strong></span> <span class='ocrx_word' id='word_1_381' title='bbox 2337 2745 2525 2800; x_wconf 84' lang='lat' dir='ltr'><strong>Joanni</strong></span> <span class='ocrx_word' id='word_1_382' title='bbox 2557 2746 2668 2814; x_wconf 86' lang='lat' dir='ltr'><strong>pari</strong></span> <span class='ocrx_word' id='word_1_383' title='bbox 2701 2746 2809 2801; x_wconf 85' lang='lat' dir='ltr'><strong>fere</strong></span> <span class='ocrx_word' id='word_1_384' title='bbox 2850 2748 3005 2801; x_wconf 89' lang='lat' dir='ltr'><strong>modo</strong></span> <span class='ocrx_word' id='word_1_385' title='bbox 3031 2743 3130 2800; x_wconf 83' lang='lat' dir='ltr'><strong>hoc</strong></span> <span class='ocrx_word' id='word_1_386' title='bbox 3163 2747 3279 2800; x_wconf 83' lang='lat' dir='ltr'><strong>loco</strong></span> <span class='ocrx_word' id='word_1_387' title='bbox 3299 2755 3482 2800; x_wconf 82' lang='lat' dir='ltr'><strong>osten—</strong></span> 
     </span>
    </p>
   </div>
   <div class='ocr_carea' id='block_1_54' title="bbox 1955 2836 3486 2905">
    <p class='ocr_par' dir='ltr' id='par_1_54' title="bbox 1955 2836 3486 2905">
     <span class='ocr_line' id='line_1_54' title="bbox 1955 2836 3486 2905; baseline 0.001 -16"><span class='ocrx_word' id='word_1_388' title='bbox 1955 2838 2113 2889; x_wconf 85' lang='lat' dir='ltr'><strong>ditur.</strong></span> <span class='ocrx_word' id='word_1_389' title='bbox 2155 2836 2359 2889; x_wconf 87' lang='lat' dir='ltr'><strong>Etenim</strong></span> <span class='ocrx_word' id='word_1_390' title='bbox 2395 2852 2486 2905; x_wconf 87' lang='lat' dir='ltr'><strong>per</strong></span> <span class='ocrx_word' id='word_1_391' title='bbox 2511 2837 2841 2891; x_wconf 90' lang='lat' dir='ltr'><strong>sublimioris</strong></span> <span class='ocrx_word' id='word_1_392' title='bbox 2875 2837 3085 2891; x_wconf 87' lang='lat' dir='ltr'><strong>virtutis</strong></span> <span class='ocrx_word' id='word_1_393' title='bbox 3110 2847 3161 2892; x_wconf 88' lang='lat' dir='ltr'><strong>et</strong></span> <span class='ocrx_word' id='word_1_394' title='bbox 3190 2836 3486 2891; x_wconf 80' lang='lat' dir='ltr'><strong>sanctitatis</strong></span> 
     </span>
    </p>
   </div>
   <div class='ocr_carea' id='block_1_55' title="bbox 1957 2924 3487 2995">
    <p class='ocr_par' dir='ltr' id='par_1_55' title="bbox 1957 2924 3487 2995">
     <span class='ocr_line' id='line_1_55' title="bbox 1957 2924 3487 2995; baseline 0 -18"><span class='ocrx_word' id='word_1_395' title='bbox 1957 2924 2176 2992; x_wconf 80' lang='lat' dir='ltr'><strong>angelos</strong></span> <span class='ocrx_word' id='word_1_396' title='bbox 2243 2924 2349 2994; x_wconf 81' lang='lat'><strong>30</strong></span> <span class='ocrx_word' id='word_1_397' title='bbox 2388 2925 2591 2994; x_wconf 79' lang='lat' dir='ltr'><strong>angelis</strong></span> <span class='ocrx_word' id='word_1_398' title='bbox 2643 2926 2813 2994; x_wconf 68' lang='lat' dir='ltr'><strong>poenis</strong></span> <span class='ocrx_word' id='word_1_399' title='bbox 2873 2926 3172 2995; x_wconf 81' lang='lat' dir='ltr'><strong>irrogandis</strong></span> <span class='ocrx_word' id='word_1_400' title='bbox 3222 2925 3487 2993; x_wconf 64' lang='lat' dir='ltr'><strong>prafectis</strong></span> 
     </span>
    </p>
   </div>
   <div class='ocr_carea' id='block_1_56' title="bbox 1957 3015 3485 3083">
    <p class='ocr_par' dir='ltr' id='par_1_56' title="bbox 1957 3015 3485 3083">
     <span class='ocr_line' id='line_1_56' title="bbox 1957 3015 3485 3083; baseline 0.002 -15"><span class='ocrx_word' id='word_1_401' title='bbox 1957 3015 2100 3068; x_wconf 82' lang='lat' dir='ltr'><strong>set-io</strong></span> <span class='ocrx_word' id='word_1_402' title='bbox 2132 3015 2217 3066; x_wconf 80' lang='lat' dir='ltr'><strong>ltic</strong></span> <span class='ocrx_word' id='word_1_403' title='bbox 2250 3015 2522 3077; x_wconf 84' lang='lat' dir='ltr'><strong>indicitur,</strong></span> <span class='ocrx_word' id='word_1_404' title='bbox 2550 3029 2615 3069; x_wconf 86' lang='lat' dir='ltr'><strong>ne</strong></span> <span class='ocrx_word' id='word_1_405' title='bbox 2646 3016 2769 3081; x_wconf 88' lang='lat' dir='ltr'><strong>quid</strong></span> <span class='ocrx_word' id='word_1_406' title='bbox 2798 3017 2945 3083; x_wconf 87' lang='lat' dir='ltr'><strong>prius</strong></span> <span class='ocrx_word' id='word_1_407' title='bbox 2970 3028 3155 3069; x_wconf 92' lang='lat' dir='ltr'><strong>contra</strong></span> <span class='ocrx_word' id='word_1_408' title='bbox 3178 3026 3485 3083; x_wconf 76' lang='lat' dir='ltr'><strong>peccatores</strong></span> 
     </span>
    </p>
   </div>
   <div class='ocr_carea' id='block_1_57' title="bbox 1959 3104 3484 3174">
    <p class='ocr_par' dir='ltr' id='par_1_57' title="bbox 1959 3104 3484 3174">
     <span class='ocr_line' id='line_1_57' title="bbox 1959 3104 3484 3174; baseline 0 -17"><span class='ocrx_word' id='word_1_409' title='bbox 1959 3112 2180 3167; x_wconf 81' lang='lat' dir='ltr'><strong>tentent,</strong></span> <span class='ocrx_word' id='word_1_410' title='bbox 2206 3119 2364 3172; x_wconf 89' lang='lat' dir='ltr'><strong>quam</strong></span> <span class='ocrx_word' id='word_1_411' title='bbox 2397 3104 2638 3157; x_wconf 88' lang='lat' dir='ltr'><strong>veritatis</strong></span> <span class='ocrx_word' id='word_1_412' title='bbox 2670 3104 2903 3159; x_wconf 89' lang='lat' dir='ltr'><strong>cultores</strong></span> <span class='ocrx_word' id='word_1_413' title='bbox 2926 3120 3021 3173; x_wconf 89' lang='lat' dir='ltr'><strong>per</strong></span> <span class='ocrx_word' id='word_1_414' title='bbox 3053 3107 3385 3174; x_wconf 77' lang='lat' dir='ltr'><strong>signaculum</strong></span> <span class='ocrx_word' id='word_1_415' title='bbox 3415 3107 3484 3159; x_wconf 88' lang='lat' dir='ltr'><strong>ab</strong></span> 
     </span>
    </p>
   </div>
   <div class='ocr_carea' id='block_1_58' title="bbox 312 3173 1860 3275">
    <p class='ocr_par' dir='ltr' id='par_1_58' title="bbox 312 3173 1854 3275">
     <span class='ocr_line' id='line_1_58' title="bbox 312 3173 1854 3275; baseline 0.011 -34"><span class='ocrx_word' id='word_1_416' title='bbox 312 3191 461 3254; x_wconf 75' lang='grc' dir='ltr'>θείας</span> <span class='ocrx_word' id='word_1_417' title='bbox 505 3193 867 3275; x_wconf 82' lang='grc' dir='ltr'>θεραπευτάς.</span> <span class='ocrx_word' id='word_1_418' title='bbox 909 3194 1076 3247; x_wconf 77' lang='grc' dir='ltr'>Τοῦτο</span> <span class='ocrx_word' id='word_1_419' title='bbox 1104 3198 1158 3248; x_wconf 82' lang='grc' dir='ltr'>δὲ</span> <span class='ocrx_word' id='word_1_420' title='bbox 1186 3173 1255 3249; x_wconf 10' lang='grc' dir='ltr'>εί*</span> <span class='ocrx_word' id='word_1_421' title='bbox 1280 3201 1370 3251; x_wconf 73' lang='grc' dir='ltr'>καὶ</span> <span class='ocrx_word' id='word_1_422' title='bbox 1412 3173 1854 3270; x_wconf 35' lang='grc' dir='ltr'>μερικῶςνπάλαι</span> 
     </span>
    </p>
   </div>
   <div class='ocr_carea' id='block_1_59' title="bbox 1950 3173 3489 3275">
    <p class='ocr_par' dir='ltr' id='par_1_59' title="bbox 1955 3173 3489 3263">
     <span class='ocr_line' id='line_1_59' title="bbox 1955 3173 3489 3263; baseline 0.001 -18"><span class='ocrx_word' id='word_1_423' title='bbox 1955 3194 2075 3246; x_wconf 90' lang='lat' dir='ltr'><strong>aliis</strong></span> <span class='ocrx_word' id='word_1_424' title='bbox 2102 3194 2379 3247; x_wconf 87' lang='lat' dir='ltr'><strong>distinctos</strong></span> <span class='ocrx_word' id='word_1_425' title='bbox 2408 3193 2640 3246; x_wconf 81' lang='lat' dir='ltr'><strong>videant.</strong></span> <span class='ocrx_word' id='word_1_426' title='bbox 2666 3192 2775 3247; x_wconf 83' lang='lat' dir='ltr'><strong>Hoc</strong></span> <span class='ocrx_word' id='word_1_427' title='bbox 2804 3204 2977 3248; x_wconf 88' lang='lat' dir='ltr'><strong>autem</strong></span> <span class='ocrx_word' id='word_1_428' title='bbox 3005 3173 3194 3249; x_wconf 12' lang='lat' dir='ltr'><strong>etsiiiis</strong></span> <span class='ocrx_word' id='word_1_429' title='bbox 3218 3194 3489 3263; x_wconf 83' lang='lat' dir='ltr'><strong>quondam</strong></span> 
     </span>
    </p>
   </div>
   <div class='ocr_carea' id='block_1_60' title="bbox 322 3284 1858 3367">
    <p class='ocr_par' dir='ltr' id='par_1_60' title="bbox 322 3284 1858 3367">
     <span class='ocr_line' id='line_1_60' title="bbox 322 3284 1858 3367; baseline 0.012 -35"><span class='ocrx_word' id='word_1_430' title='bbox 322 3284 633 3349; x_wconf 80' lang='grc' dir='ltr'>γεγένηται,</span> <span class='ocrx_word' id='word_1_431' title='bbox 680 3286 786 3336; x_wconf 88' lang='grc' dir='ltr'><strong>τῶν</strong></span> <span class='ocrx_word' id='word_1_432' title='bbox 813 3286 890 3353; x_wconf 85' lang='grc' dir='ltr'>τῷ</span> <span class='ocrx_word' id='word_1_433' title='bbox 919 3288 1137 3356; x_wconf 82' lang='grc' dir='ltr'>Χριστῷ</span> <span class='ocrx_word' id='word_1_434' title='bbox 1174 3295 1608 3348; x_wconf 82' lang='grc' dir='ltr'>πεπιστευκότων</span> <span class='ocrx_word' id='word_1_435' title='bbox 1638 3297 1734 3366; x_wconf 80' lang='grc' dir='ltr'>τὴν</span> <span class='ocrx_word' id='word_1_436' title='bbox 1763 3301 1858 3367; x_wconf 85' lang='grc' dir='ltr'>τῆς</span> 
     </span>
    </p>
   </div>
   <div class='ocr_carea' id='block_1_61' title="bbox 330 3368 1857 3456">
    <p class='ocr_par' dir='ltr' id='par_1_61' title="bbox 330 3368 1857 3456">
     <span class='ocr_line' id='line_1_61' title="bbox 330 3368 1857 3456; baseline 0.012 -35"><span class='ocrx_word' id='word_1_437' title='bbox 330 3368 669 3441; x_wconf 76' lang='grc' dir='ltr'>Ἰερουσαλὴμ</span> <span class='ocrx_word' id='word_1_438' title='bbox 697 3373 801 3425; x_wconf 82' lang='grc' dir='ltr'><strong>ύπδ</strong></span> <span class='ocrx_word' id='word_1_439' title='bbox 830 3373 1110 3445; x_wconf 82' lang='grc' dir='ltr'>Ῥωμαίων</span> <span class='ocrx_word' id='word_1_440' title='bbox 1137 3379 1549 3447; x_wconf 78' lang='grc' dir='ltr'>ἐκπεφευγότων</span> <span class='ocrx_word' id='word_1_441' title='bbox 1576 3385 1857 3456; x_wconf 79' lang='grc' dir='ltr'>πόρθησιν,</span> 
     </span>
    </p>
   </div>
   <div class='ocr_carea' id='block_1_62' title="bbox 315 3462 1860 3542">
    <p class='ocr_par' dir='ltr' id='par_1_62' title="bbox 315 3462 1860 3542">
     <span class='ocr_line' id='line_1_62' title="bbox 315 3462 1860 3542; baseline 0.011 -31"><span class='ocrx_word' id='word_1_442' title='bbox 315 3462 392 3520; x_wconf 82' lang='grc' dir='ltr'>εἰς</span> <span class='ocrx_word' id='word_1_443' title='bbox 446 3462 641 3524; x_wconf 74' lang='grc' dir='ltr'>πολλὰς</span> <span class='ocrx_word' id='word_1_444' title='bbox 690 3463 984 3517; x_wconf 78' lang='grc' dir='ltr'>τελούντων</span> <span class='ocrx_word' id='word_1_445' title='bbox 1030 3469 1313 3536; x_wconf 81' lang='grc' dir='ltr'>μυριάδας,</span> <span class='ocrx_word' id='word_1_446' title='bbox 1367 3471 1506 3523; x_wconf 83' lang='grc' dir='ltr'>κατὰ</span> <span class='ocrx_word' id='word_1_447' title='bbox 1546 3474 1635 3525; x_wconf 70' lang='grc' dir='ltr'><strong>τὸν</strong></span> <span class='ocrx_word' id='word_1_448' title='bbox 1691 3476 1860 3542; x_wconf 86' lang='grc' dir='ltr'>μέγαν</span> 
     </span>
    </p>
   </div>
   <div class='ocr_carea' id='block_1_63' title="bbox 329 3549 1860 3629">
    <p class='ocr_par' dir='ltr' id='par_1_63' title="bbox 329 3549 1860 3629">
     <span class='ocr_line' id='line_1_63' title="bbox 329 3549 1860 3629; baseline 0.01 -29"><span class='ocrx_word' id='word_1_449' title='bbox 329 3549 597 3614; x_wconf 73' lang='grc' dir='ltr'>Ἰάκωϐον,</span> <span class='ocrx_word' id='word_1_450' title='bbox 629 3554 720 3603; x_wconf 88' lang='grc' dir='ltr'><strong>τδν</strong></span> <span class='ocrx_word' id='word_1_451' title='bbox 743 3554 819 3621; x_wconf 84' lang='grc' dir='ltr'><strong>τῷ</strong></span> <span class='ocrx_word' id='word_1_452' title='bbox 847 3557 1097 3624; x_wconf 83' lang='grc' dir='ltr'>μακαρίῳ</span> <span class='ocrx_word' id='word_1_453' title='bbox 1128 3557 1320 3627; x_wconf 81' lang='grc' dir='ltr'>Παύλῳ</span> <span class='ocrx_word' id='word_1_454' title='bbox 1351 3561 1411 3611; x_wconf 83' lang='grc' dir='ltr'>τὸ</span> <span class='ocrx_word' id='word_1_455' title='bbox 1448 3561 1644 3629; x_wconf 81' lang='grc' dir='ltr'>πλῆθος</span> <span class='ocrx_word' id='word_1_456' title='bbox 1682 3565 1860 3616; x_wconf 81' lang='grc' dir='ltr'>αὐτῶν</span> 
     </span>
    </p>
   </div>
   <div class='ocr_carea' id='block_1_64' title="bbox 316 3640 1862 3723">
    <p class='ocr_par' dir='ltr' id='par_1_64' title="bbox 316 3640 1862 3723">
     <span class='ocr_line' id='line_1_64' title="bbox 316 3640 1862 3723; baseline 0.01 -32"><span class='ocrx_word' id='word_1_457' title='bbox 316 3641 665 3708; x_wconf 75' lang='grc' dir='ltr'>ἐμφαίνοντα·</span> <span class='ocrx_word' id='word_1_458' title='bbox 700 3642 813 3696; x_wconf 79' lang='grc' dir='ltr'>ἀλλ’</span> <span class='ocrx_word' id='word_1_459' title='bbox 839 3640 953 3707; x_wconf 81' lang='grc' dir='ltr'><strong>οὖν⁹</strong></span> <span class='ocrx_word' id='word_1_460' title='bbox 989 3646 1063 3707; x_wconf 86' lang='grc' dir='ltr'>ὼς</span> <span class='ocrx_word' id='word_1_461' title='bbox 1093 3647 1325 3715; x_wconf 72' lang='grc' dir='ltr'>εῖρηται,</span> <span class='ocrx_word' id='word_1_462' title='bbox 1370 3648 1428 3700; x_wconf 75' lang='grc' dir='ltr'>ιν</span> <span class='ocrx_word' id='word_1_463' title='bbox 1454 3650 1530 3719; x_wconf 81' lang='grc' dir='ltr'>τῷ</span> <span class='ocrx_word' id='word_1_464' title='bbox 1565 3652 1741 3721; x_wconf 82' lang='grc' dir='ltr'>καιρῷ</span> <span class='ocrx_word' id='word_1_465' title='bbox 1765 3654 1862 3723; x_wconf 85' lang='grc' dir='ltr'>τῆς</span> 
     </span>
    </p>
   </div>
   <div class='ocr_carea' id='block_1_65' title="bbox 316 3730 1862 3811">
    <p class='ocr_par' dir='ltr' id='par_1_65' title="bbox 316 3730 1862 3811">
     <span class='ocr_line' id='line_1_65' title="bbox 316 3730 1862 3811; baseline 0.01 -31"><span class='ocrx_word' id='word_1_466' title='bbox 316 3730 409 3781; x_wconf 83' lang='grc' dir='ltr'>τοῦ</span> <span class='ocrx_word' id='word_1_467' title='bbox 441 3731 802 3801; x_wconf 78' lang='grc' dir='ltr'>Ἀντιχρίστου</span> <span class='ocrx_word' id='word_1_468' title='bbox 827 3732 1156 3803; x_wconf 77' lang='grc' dir='ltr'>ἐπελεύσεως</span> <span class='ocrx_word' id='word_1_469' title='bbox 1178 3737 1408 3805; x_wconf 79' lang='grc' dir='ltr'>μάλιστα</span> <span class='ocrx_word' id='word_1_470' title='bbox 1430 3742 1733 3810; x_wconf 85' lang='grc' dir='ltr'>γενήσεται,</span> <span class='ocrx_word' id='word_1_471' title='bbox 1766 3743 1862 3811; x_wconf 81' lang='grc' dir='ltr'>τῆς</span> 
     </span>
    </p>
   </div>
   <div class='ocr_carea' id='block_1_66' title="bbox 320 3820 1862 3899">
    <p class='ocr_par' dir='ltr' id='par_1_66' title="bbox 320 3820 1862 3899">
     <span class='ocr_line' id='line_1_66' title="bbox 320 3820 1862 3899; baseline 0.01 -31"><span class='ocrx_word' id='word_1_472' title='bbox 320 3820 608 3885; x_wconf 67' lang='grc' dir='ltr'>σφραγῖδος</span> <span class='ocrx_word' id='word_1_473' title='bbox 648 3820 742 3872; x_wconf 82' lang='grc' dir='ltr'><strong>τοῦ</strong></span> <span class='ocrx_word' id='word_1_474' title='bbox 791 3822 1051 3883; x_wconf 79' lang='grc' dir='ltr'>ζωοποιου</span> <span class='ocrx_word' id='word_1_475' title='bbox 1095 3825 1324 3890; x_wconf 71' lang='grc' dir='ltr'>σταυροῦ</span> <span class='ocrx_word' id='word_1_476' title='bbox 1375 3829 1711 3899; x_wconf 84' lang='grc' dir='ltr'>διειργούσης</span> <span class='ocrx_word' id='word_1_477' title='bbox 1754 3830 1862 3881; x_wconf 90' lang='grc' dir='ltr'><strong>τῶν</strong></span> 
     </span>
    </p>
   </div>
   <div class='ocr_carea' id='block_1_67' title="bbox 318 3908 1862 3987">
    <p class='ocr_par' dir='ltr' id='par_1_67' title="bbox 318 3908 1862 3987">
     <span class='ocr_line' id='line_1_67' title="bbox 318 3908 1862 3987; baseline 0.007 -28"><span class='ocrx_word' id='word_1_478' title='bbox 318 3908 554 3959; x_wconf 82' lang='grc' dir='ltr'>ἀπίστων</span> <span class='ocrx_word' id='word_1_479' title='bbox 585 3909 711 3969; x_wconf 80' lang='grc' dir='ltr'>τοὺς</span> <span class='ocrx_word' id='word_1_480' title='bbox 740 3913 961 3971; x_wconf 81' lang='grc' dir='ltr'>πιστοὺς</span> <span class='ocrx_word' id='word_1_481' title='bbox 990 3913 1428 3983; x_wconf 84' lang='grc' dir='ltr'>ἀνεπαισχύντως</span> <span class='ocrx_word' id='word_1_482' title='bbox 1450 3918 1541 3967; x_wconf 78' lang='grc' dir='ltr'>καὶ</span> <span class='ocrx_word' id='word_1_483' title='bbox 1573 3920 1862 3987; x_wconf 82' lang='grc' dir='ltr'>πεπαρρη-</span> 
     </span>
    </p>
   </div>
   <div class='ocr_carea' id='block_1_68' title="bbox 320 3996 1863 4070">
    <p class='ocr_par' dir='ltr' id='par_1_68' title="bbox 320 3996 1863 4070">
     <span class='ocr_line' id='line_1_68' title="bbox 320 3996 1863 4070; baseline 0.008 -24"><span class='ocrx_word' id='word_1_484' title='bbox 320 3996 618 4062; x_wconf 68' lang='grc' dir='ltr'>σιασμένως</span> <span class='ocrx_word' id='word_1_485' title='bbox 649 3997 746 4067; x_wconf 78' lang='grc' dir='ltr'>τὴν</span> <span class='ocrx_word' id='word_1_486' title='bbox 782 3996 874 4049; x_wconf 78' lang='grc' dir='ltr'><strong>τοῦ</strong></span> <span class='ocrx_word' id='word_1_487' title='bbox 902 4000 1137 4067; x_wconf 83' lang='grc' dir='ltr'>Χριστοῦ</span> <span class='ocrx_word' id='word_1_488' title='bbox 1171 4003 1465 4070; x_wconf 84' lang='grc' dir='ltr'>σημείωσιν</span> <span class='ocrx_word' id='word_1_489' title='bbox 1500 4004 1726 4059; x_wconf 72' lang='grc' dir='ltr'>ἐνώπιον</span> <span class='ocrx_word' id='word_1_490' title='bbox 1756 4004 1863 4058; x_wconf 83' lang='grc' dir='ltr'><strong>τῶν</strong></span> 
     </span>
    </p>
   </div>
   <div class='ocr_carea' id='block_1_69' title="bbox 316 4079 1789 4159">
    <p class='ocr_par' dir='ltr' id='par_1_69' title="bbox 316 4079 1789 4159">
     <span class='ocr_line' id='line_1_69' title="bbox 316 4079 1789 4159; baseline 0.006 -23"><span class='ocrx_word' id='word_1_491' title='bbox 316 4083 523 4138; x_wconf 75' lang='grc' dir='ltr'>ἀσεϐῶν</span> <span class='ocrx_word' id='word_1_492' title='bbox 553 4087 834 4157; x_wconf 83' lang='grc' dir='ltr'>φέροντας.</span> <span class='ocrx_word' id='word_1_493' title='bbox 866 4089 955 4142; x_wconf 85' lang='grc' dir='ltr'>Διό</span> <span class='ocrx_word' id='word_1_494' title='bbox 980 4079 1142 4159; x_wconf 82' lang='grc' dir='ltr'>φησιν</span> <span class='ocrx_word' id='word_1_495' title='bbox 1167 4093 1193 4143; x_wconf 83' lang='grc' dir='ltr'><strong>ὁ</strong></span> <span class='ocrx_word' id='word_1_496' title='bbox 1223 4092 1483 4159; x_wconf 75' lang='grc' dir='ltr'>ἄγγελοςο</span> <span class='ocrx_word' id='word_1_497' title='bbox 1575 4106 1579 4110; x_wconf 75' lang='lat'><strong>‘</strong></span> <span class='ocrx_word' id='word_1_498' title='bbox 1768 4082 1789 4096; x_wconf 69' lang='grc'><em>’</em></span> 
     </span>
    </p>
   </div>
   <div class='ocr_carea' id='block_1_70' title="bbox 386 4366 1866 4440">
    <p class='ocr_par' dir='ltr' id='par_1_70' title="bbox 386 4366 1866 4440">
     <span class='ocr_line' id='line_1_70' title="bbox 386 4366 1866 4440; baseline 0.007 -20"><span class='ocrx_word' id='word_1_499' title='bbox 386 4366 481 4435; x_wconf 74' lang='grc' dir='ltr'><strong>Μὴ</strong></span> <span class='ocrx_word' id='word_1_500' title='bbox 522 4368 844 4436; x_wconf 75' lang='grc' dir='ltr'>ἀδικήσητε</span> <span class='ocrx_word' id='word_1_501' title='bbox 885 4372 997 4437; x_wconf 78' lang='grc' dir='ltr'>τὴν</span> <span class='ocrx_word' id='word_1_502' title='bbox 1039 4371 1155 4439; x_wconf 78' lang='grc' dir='ltr'>γῆν</span> <span class='ocrx_word' id='word_1_503' title='bbox 1187 4373 1338 4440; x_wconf 81' lang='grc' dir='ltr'>μήτε</span> <span class='ocrx_word' id='word_1_504' title='bbox 1384 4373 1498 4440; x_wconf 83' lang='grc' dir='ltr'>τὴν</span> <span class='ocrx_word' id='word_1_505' title='bbox 1550 4374 1866 4431; x_wconf 79' lang='grc' dir='ltr'>θάλασσαν</span> 
     </span>
    </p>
   </div>
   <div class='ocr_carea' id='block_1_71' title="bbox 1957 3281 3488 3351">
    <p class='ocr_par' dir='ltr' id='par_1_71' title="bbox 1957 3281 3488 3351">
     <span class='ocr_line' id='line_1_71' title="bbox 1957 3281 3488 3351; baseline 0.003 -18"><span class='ocrx_word' id='word_1_506' title='bbox 1957 3295 2018 3333; x_wconf 80' lang='lat' dir='ltr'><strong>ex</strong></span> <span class='ocrx_word' id='word_1_507' title='bbox 2054 3290 2203 3351; x_wconf 83' lang='lat' dir='ltr'><strong>parte</strong></span> <span class='ocrx_word' id='word_1_508' title='bbox 2241 3283 2488 3336; x_wconf 78' lang='lat' dir='ltr'><strong>acciderit</strong></span> <span class='ocrx_word' id='word_1_509' title='bbox 2523 3283 2614 3351; x_wconf 91' lang='lat' dir='ltr'><strong>qui</strong></span> <span class='ocrx_word' id='word_1_510' title='bbox 2648 3298 2713 3335; x_wconf 81' lang='lat' dir='ltr'><strong>ex</strong></span> <span class='ocrx_word' id='word_1_511' title='bbox 2749 3281 2944 3338; x_wconf 73' lang='lat' dir='ltr'><strong>Judmls</strong></span> <span class='ocrx_word' id='word_1_512' title='bbox 2984 3284 3035 3335; x_wconf 92' lang='lat' dir='ltr'><strong>in</strong></span> <span class='ocrx_word' id='word_1_513' title='bbox 3068 3284 3333 3338; x_wconf 84' lang='lat' dir='ltr'><strong>Cbristum</strong></span> <span class='ocrx_word' id='word_1_514' title='bbox 3366 3300 3488 3338; x_wconf 88' lang='lat' dir='ltr'><strong>cre-</strong></span> 
     </span>
    </p>
   </div>
   <div class='ocr_carea' id='block_1_72' title="bbox 1956 3370 3491 3442">
    <p class='ocr_par' dir='ltr' id='par_1_72' title="bbox 1956 3370 3491 3442">
     <span class='ocr_line' id='line_1_72' title="bbox 1956 3370 3491 3442; baseline 0.003 -19"><span class='ocrx_word' id='word_1_515' title='bbox 1956 3370 2144 3425; x_wconf 88' lang='lat' dir='ltr'><strong>dentes</strong></span> <span class='ocrx_word' id='word_1_516' title='bbox 2180 3372 2639 3440; x_wconf 77' lang='lat' dir='ltr'><strong>tlepopulationem</strong></span> <span class='ocrx_word' id='word_1_517' title='bbox 2674 3373 2815 3425; x_wconf 85' lang='lat' dir='ltr'><strong>illam</strong></span> <span class='ocrx_word' id='word_1_518' title='bbox 2843 3388 2962 3440; x_wconf 81' lang='lat' dir='ltr'><strong>qua:</strong></span> <span class='ocrx_word' id='word_1_519' title='bbox 3002 3372 3491 3442; x_wconf 83' lang='lat' dir='ltr'><strong>Hierosolymorum</strong></span> 
     </span>
    </p>
   </div>
   <div class='ocr_carea' id='block_1_73' title="bbox 1959 3460 3490 3525">
    <p class='ocr_par' dir='ltr' id='par_1_73' title="bbox 1959 3460 3490 3525">
     <span class='ocr_line' id='line_1_73' title="bbox 1959 3460 3490 3525; baseline 0.002 -11"><span class='ocrx_word' id='word_1_520' title='bbox 1959 3460 2160 3514; x_wconf 88' lang='lat' dir='ltr'><strong>civitati</strong></span> <span class='ocrx_word' id='word_1_521' title='bbox 2209 3477 2239 3514; x_wconf 90' lang='lat' dir='ltr'><strong>a</strong></span> <span class='ocrx_word' id='word_1_522' title='bbox 2285 3461 2537 3518; x_wconf 80' lang='lat' dir='ltr'><strong>Romanis</strong></span> <span class='ocrx_word' id='word_1_523' title='bbox 2578 3463 2721 3515; x_wconf 87' lang='lat' dir='ltr'><strong>illata</strong></span> <span class='ocrx_word' id='word_1_524' title='bbox 2766 3473 2864 3525; x_wconf 86' lang='lat' dir='ltr'><strong>est,</strong></span> <span class='ocrx_word' id='word_1_525' title='bbox 2900 3464 3277 3517; x_wconf 81' lang='lat' dir='ltr'><strong>admirabiliter</strong></span> <span class='ocrx_word' id='word_1_526' title='bbox 3302 3479 3490 3518; x_wconf 83' lang='lat' dir='ltr'><strong>evase-</strong></span> 
     </span>
    </p>
   </div>
   <div class='ocr_carea' id='block_1_74' title="bbox 1958 3550 3490 3620">
    <p class='ocr_par' dir='ltr' id='par_1_74' title="bbox 1958 3550 3490 3620">
     <span class='ocr_line' id='line_1_74' title="bbox 1958 3550 3490 3620; baseline 0.003 -19"><span class='ocrx_word' id='word_1_527' title='bbox 1958 3559 2102 3611; x_wconf 89' lang='lat' dir='ltr'><strong>runt,</strong></span> <span class='ocrx_word' id='word_1_528' title='bbox 2151 3551 2240 3620; x_wconf 92' lang='lat' dir='ltr'><strong>qui</strong></span> <span class='ocrx_word' id='word_1_529' title='bbox 2289 3550 2589 3609; x_wconf 14' lang='lat' dir='ltr'><strong>secundum,</strong></span> <span class='ocrx_word' id='word_1_530' title='bbox 2632 3566 2879 3619; x_wconf 86' lang='lat' dir='ltr'><strong>magnum</strong></span> <span class='ocrx_word' id='word_1_531' title='bbox 2912 3550 3326 3619; x_wconf 78' lang='lat' dir='ltr'><strong>Jacobum,‘qui</strong></span> <span class='ocrx_word' id='word_1_532' title='bbox 3367 3552 3490 3606; x_wconf 85' lang='lat' dir='ltr'><strong>illo-</strong></span> 
     </span>
    </p>
   </div>
   <div class='ocr_carea' id='block_1_75' title="bbox 1959 3639 3493 3711">
    <p class='ocr_par' dir='ltr' id='par_1_75' title="bbox 1959 3639 3493 3711">
     <span class='ocr_line' id='line_1_75' title="bbox 1959 3639 3493 3711; baseline 0.003 -21"><span class='ocrx_word' id='word_1_533' title='bbox 1959 3654 2077 3690; x_wconf 88' lang='lat' dir='ltr'><strong>rum</strong></span> <span class='ocrx_word' id='word_1_534' title='bbox 2102 3639 2494 3692; x_wconf 83' lang='lat' dir='ltr'><strong>multitudinem</strong></span> <span class='ocrx_word' id='word_1_535' title='bbox 2526 3641 2767 3707; x_wconf 85' lang='lat' dir='ltr'><strong>apostolo</strong></span> <span class='ocrx_word' id='word_1_536' title='bbox 2791 3639 2955 3695; x_wconf 83' lang='lat' dir='ltr'><strong>Paulo</strong></span> <span class='ocrx_word' id='word_1_537' title='bbox 2986 3642 3263 3709; x_wconf 76' lang='lat' dir='ltr'><strong>allegabat,</strong></span> <span class='ocrx_word' id='word_1_538' title='bbox 3288 3642 3493 3711; x_wconf 90' lang='lat' dir='ltr'><strong>aliquot</strong></span> 
     </span>
    </p>
   </div>
   <div class='ocr_carea' id='block_1_76' title="bbox 1962 3728 3495 3797">
    <p class='ocr_par' dir='ltr' id='par_1_76' title="bbox 1962 3728 3495 3797">
     <span class='ocr_line' id='line_1_76' title="bbox 1962 3728 3495 3797; baseline 0.005 -18"><span class='ocrx_word' id='word_1_539' title='bbox 1962 3728 2224 3797; x_wconf 87' lang='lat' dir='ltr'><strong>myriades</strong></span> <span class='ocrx_word' id='word_1_540' title='bbox 2255 3729 2640 3796; x_wconf 81' lang='lat' dir='ltr'><strong>conficiebant;</strong></span> <span class='ocrx_word' id='word_1_541' title='bbox 2666 3741 3031 3785; x_wconf 83' lang='lat' dir='ltr'><strong>verumtamen</strong></span> <span class='ocrx_word' id='word_1_542' title='bbox 3060 3734 3316 3785; x_wconf 87' lang='lat' dir='ltr'><strong>adventus</strong></span> <span class='ocrx_word' id='word_1_543' title='bbox 3346 3732 3495 3786; x_wconf 84' lang='lat' dir='ltr'><strong>Anti-</strong></span> 
     </span>
    </p>
   </div>
   <div class='ocr_carea' id='block_1_77' title="bbox 1961 3818 3487 3889">
    <p class='ocr_par' dir='ltr' id='par_1_77' title="bbox 1961 3818 3487 3889">
     <span class='ocr_line' id='line_1_77' title="bbox 1961 3818 3487 3889; baseline 0.001 -18"><span class='ocrx_word' id='word_1_544' title='bbox 1961 3818 2145 3871; x_wconf 87' lang='lat' dir='ltr'><strong>christi</strong></span> <span class='ocrx_word' id='word_1_545' title='bbox 2195 3828 2435 3887; x_wconf 87' lang='lat' dir='ltr'><strong>tempore</strong></span> <span class='ocrx_word' id='word_1_546' title='bbox 2483 3821 2733 3885; x_wconf 80' lang='lat' dir='ltr'><strong>maxime,</strong></span> <span class='ocrx_word' id='word_1_547' title='bbox 2771 3831 2829 3873; x_wconf 93' lang='lat' dir='ltr'><strong>ut</strong></span> <span class='ocrx_word' id='word_1_548' title='bbox 2874 3829 2999 3874; x_wconf 91' lang='lat' dir='ltr'><strong>ante</strong></span> <span class='ocrx_word' id='word_1_549' title='bbox 3040 3836 3252 3889; x_wconf 90' lang='lat' dir='ltr'><strong>quoque</strong></span> <span class='ocrx_word' id='word_1_550' title='bbox 3287 3822 3487 3873; x_wconf 86' lang='lat' dir='ltr'><strong>dictum</strong></span> 
     </span>
    </p>
   </div>
   <div class='ocr_carea' id='block_1_78' title="bbox 1960 3908 3491 3975">
    <p class='ocr_par' dir='ltr' id='par_1_78' title="bbox 1960 3908 3491 3975">
     <span class='ocr_line' id='line_1_78' title="bbox 1960 3908 3491 3975; baseline 0.001 -17"><span class='ocrx_word' id='word_1_551' title='bbox 1960 3915 2062 3971; x_wconf 88' lang='lat' dir='ltr'><strong>est,</strong></span> <span class='ocrx_word' id='word_1_552' title='bbox 2093 3908 2193 3960; x_wconf 90' lang='lat' dir='ltr'><strong>boe</strong></span> <span class='ocrx_word' id='word_1_553' title='bbox 2221 3908 2394 3961; x_wconf 91' lang='lat' dir='ltr'><strong>locum</strong></span> <span class='ocrx_word' id='word_1_554' title='bbox 2442 3909 2691 3971; x_wconf 86' lang='lat' dir='ltr'><strong>habebit;</strong></span> <span class='ocrx_word' id='word_1_555' title='bbox 2730 3910 2943 3975; x_wconf 89' lang='lat' dir='ltr'><strong>quando</strong></span> <span class='ocrx_word' id='word_1_556' title='bbox 2982 3909 3232 3961; x_wconf 86' lang='lat' dir='ltr'><strong>nimirum</strong></span> <span class='ocrx_word' id='word_1_557' title='bbox 3270 3910 3491 3962; x_wconf 72' lang='lat' dir='ltr'><strong>vivitica:</strong></span> 
     </span>
    </p>
   </div>
   <div class='ocr_carea' id='block_1_79' title="bbox 1961 3997 3488 4065">
    <p class='ocr_par' dir='ltr' id='par_1_79' title="bbox 1961 3997 3488 4065">
     <span class='ocr_line' id='line_1_79' title="bbox 1961 3997 3488 4065; baseline -0.001 -16"><span class='ocrx_word' id='word_1_558' title='bbox 1961 3997 2138 4051; x_wconf 85' lang='lat' dir='ltr'><strong>crucis</strong></span> <span class='ocrx_word' id='word_1_559' title='bbox 2188 3998 2395 4065; x_wconf 87' lang='lat' dir='ltr'><strong>signum</strong></span> <span class='ocrx_word' id='word_1_560' title='bbox 2441 3997 2620 4052; x_wconf 78' lang='lat' dir='ltr'><strong>ﬁdeles</strong></span> <span class='ocrx_word' id='word_1_561' title='bbox 2665 3998 2732 4052; x_wconf 89' lang='lat' dir='ltr'><strong>ab</strong></span> <span class='ocrx_word' id='word_1_562' title='bbox 2778 3998 3078 4053; x_wconf 81' lang='lat' dir='ltr'><strong>inﬁdelibus</strong></span> <span class='ocrx_word' id='word_1_563' title='bbox 3125 4008 3381 4052; x_wconf 87' lang='lat' dir='ltr'><strong>secernet.</strong></span> <span class='ocrx_word' id='word_1_564' title='bbox 3424 3997 3488 4049; x_wconf 82' lang='lat' dir='ltr'><strong>hi</strong></span> 
     </span>
    </p>
   </div>
   <div class='ocr_carea' id='block_1_80' title="bbox 1961 4086 3486 4157">
    <p class='ocr_par' dir='ltr' id='par_1_80' title="bbox 1961 4086 3486 4157">
     <span class='ocr_line' id='line_1_80' title="bbox 1961 4086 3486 4157; baseline 0 -18"><span class='ocrx_word' id='word_1_565' title='bbox 1961 4087 2105 4140; x_wconf 89' lang='lat' dir='ltr'><strong>enim</strong></span> <span class='ocrx_word' id='word_1_566' title='bbox 2161 4086 2420 4155; x_wconf 87' lang='lat' dir='ltr'><strong>intrepide</strong></span> <span class='ocrx_word' id='word_1_567' title='bbox 2463 4088 2703 4157; x_wconf 88' lang='lat' dir='ltr'><strong>citraque</strong></span> <span class='ocrx_word' id='word_1_568' title='bbox 2759 4089 2923 4142; x_wconf 89' lang='lat' dir='ltr'><strong>ullum</strong></span> <span class='ocrx_word' id='word_1_569' title='bbox 2984 4090 3231 4143; x_wconf 88' lang='lat' dir='ltr'><strong>ruborem</strong></span> <span class='ocrx_word' id='word_1_570' title='bbox 3286 4086 3486 4140; x_wconf 83' lang='lat' dir='ltr'><strong>Christi</strong></span> 
     </span>
    </p>
   </div>
   <div class='ocr_carea' id='block_1_81' title="bbox 1963 4177 3649 4247">
    <p class='ocr_par' dir='ltr' id='par_1_81' title="bbox 1963 4177 3649 4247">
     <span class='ocr_line' id='line_1_81' title="bbox 1963 4177 3649 4247; baseline 0 -16"><span class='ocrx_word' id='word_1_571' title='bbox 1963 4179 2139 4233; x_wconf 88' lang='lat' dir='ltr'><strong>crucis</strong></span> <span class='ocrx_word' id='word_1_572' title='bbox 2193 4179 2528 4246; x_wconf 80' lang='lat' dir='ltr'><strong>signaculum</strong></span> <span class='ocrx_word' id='word_1_573' title='bbox 2579 4180 2629 4231; x_wconf 93' lang='lat' dir='ltr'><strong>in</strong></span> <span class='ocrx_word' id='word_1_574' title='bbox 2676 4190 2959 4247; x_wconf 90' lang='lat' dir='ltr'><strong>conspectu</strong></span> <span class='ocrx_word' id='word_1_575' title='bbox 3009 4180 3291 4247; x_wconf 86' lang='lat' dir='ltr'><strong>impiorum</strong></span> <span class='ocrx_word' id='word_1_576' title='bbox 3344 4177 3493 4231; x_wconf 86' lang='lat' dir='ltr'><strong>defe—</strong></span> <span class='ocrx_word' id='word_1_577' title='bbox 3564 4244 3569 4247; x_wconf 19' lang='grc' dir='ltr'><strong>Α</strong></span> <span class='ocrx_word' id='word_1_578' title='bbox 3644 4182 3649 4189; x_wconf 83' lang='grc'><em>”</em></span> 
     </span>
    </p>
   </div>
   <div class='ocr_carea' id='block_1_82' title="bbox 1964 4268 3245 4338">
    <p class='ocr_par' dir='ltr' id='par_1_82' title="bbox 1964 4268 3245 4338">
     <span class='ocr_line' id='line_1_82' title="bbox 1964 4268 3245 4338; baseline 0.002 -17"><span class='ocrx_word' id='word_1_579' title='bbox 1964 4281 2085 4322; x_wconf 90' lang='lat' dir='ltr'><strong>rent</strong></span> <span class='ocrx_word' id='word_1_580' title='bbox 2119 4285 2132 4322; x_wconf 92' lang='lat'><strong>:</strong></span> <span class='ocrx_word' id='word_1_581' title='bbox 2163 4277 2215 4324; x_wconf 88' lang='lat' dir='ltr'><strong>et</strong></span> <span class='ocrx_word' id='word_1_582' title='bbox 2239 4268 2311 4323; x_wconf 90' lang='lat' dir='ltr'><strong>ob</strong></span> <span class='ocrx_word' id='word_1_583' title='bbox 2331 4268 2386 4322; x_wconf 87' lang='lat' dir='ltr'><strong>id</strong></span> <span class='ocrx_word' id='word_1_584' title='bbox 2414 4270 2635 4338; x_wconf 80' lang='lat' dir='ltr'><strong>angelus</strong></span> <span class='ocrx_word' id='word_1_585' title='bbox 2664 4269 2747 4322; x_wconf 90' lang='lat' dir='ltr'><strong>hic</strong></span> <span class='ocrx_word' id='word_1_586' title='bbox 2776 4284 2899 4322; x_wconf 78' lang='lat' dir='ltr'><strong>mox</strong></span> <span class='ocrx_word' id='word_1_587' title='bbox 2930 4269 3203 4337; x_wconf 73' lang='lat' dir='ltr'><strong>subiungit</strong></span> <span class='ocrx_word' id='word_1_588' title='bbox 3231 4285 3245 4323; x_wconf 93' lang='lat'><strong>:</strong></span> 
     </span>
    </p>
   </div>
   <div class='ocr_carea' id='block_1_83' title="bbox 2034 4379 3494 4448">
    <p class='ocr_par' dir='ltr' id='par_1_83' title="bbox 2034 4379 3494 4448">
     <span class='ocr_line' id='line_1_83' title="bbox 2034 4379 3494 4448; baseline 0 -17"><span class='ocrx_word' id='word_1_589' title='bbox 2034 4379 2144 4445; x_wconf 81' lang='lat' dir='ltr'><strong>VII,</strong></span> <span class='ocrx_word' id='word_1_590' title='bbox 2170 4380 2224 4434; x_wconf 79' lang='grc'><strong>5.</strong></span> <span class='ocrx_word' id='word_1_591' title='bbox 2259 4380 2435 4434; x_wconf 84' lang='lat' dir='ltr'><strong>Nolite</strong></span> <span class='ocrx_word' id='word_1_592' title='bbox 2470 4397 2647 4434; x_wconf 80' lang='lat' dir='ltr'><strong>nocere</strong></span> <span class='ocrx_word' id='word_1_593' title='bbox 2686 4391 2854 4444; x_wconf 79' lang='lat' dir='ltr'><strong>terrw,</strong></span> <span class='ocrx_word' id='word_1_594' title='bbox 2885 4392 2931 4433; x_wconf 87' lang='lat' dir='ltr'><strong>et</strong></span> <span class='ocrx_word' id='word_1_595' title='bbox 2964 4381 3115 4441; x_wconf 82' lang='lat' dir='ltr'><strong>mari,</strong></span> <span class='ocrx_word' id='word_1_596' title='bbox 3158 4396 3312 4448; x_wconf 79' lang='lat' dir='ltr'><strong>neque</strong></span> <span class='ocrx_word' id='word_1_597' title='bbox 3340 4379 3494 4431; x_wconf 82' lang='lat' dir='ltr'><strong>arbo-</strong></span> 
     </span>
    </p>
   </div>
   <div class='ocr_carea' id='block_1_84' title="bbox 315 4456 1860 4553">
    <p class='ocr_par' dir='ltr' id='par_1_84' title="bbox 315 4456 1860 4531">
     <span class='ocr_line' id='line_1_84' title="bbox 315 4456 1860 4531; baseline 0.006 -24"><span class='ocrx_word' id='word_1_598' title='bbox 315 4456 465 4523; x_wconf 82' lang='grc' dir='ltr'>μήτε</span> <span class='ocrx_word' id='word_1_599' title='bbox 483 4457 552 4510; x_wconf 83' lang='grc' dir='ltr'>τὰ</span> <span class='ocrx_word' id='word_1_600' title='bbox 579 4458 812 4524; x_wconf 82' lang='grc' dir='ltr'>δένδρα,</span> <span class='ocrx_word' id='word_1_601' title='bbox 838 4461 1007 4531; x_wconf 77' lang='grc' dir='ltr'>ἄχρις</span> <span class='ocrx_word' id='word_1_602' title='bbox 1029 4458 1099 4515; x_wconf 78' lang='grc' dir='ltr'>οὗ</span> <span class='ocrx_word' id='word_1_603' title='bbox 1124 4465 1542 4530; x_wconf 76' lang='grc' dir='ltr'>σφραγίσωμεν</span> <span class='ocrx_word' id='word_1_604' title='bbox 1562 4464 1700 4527; x_wconf 80' lang='grc' dir='ltr'>τοὺς</span> <span class='ocrx_word' id='word_1_605' title='bbox 1722 4466 1860 4517; x_wconf 80' lang='grc' dir='ltr'>δού-</span> 
     </span>
    </p>
   </div>
   <div class='ocr_carea' id='block_1_85' title="bbox 1950 4456 3490 4553">
    <p class='ocr_par' dir='ltr' id='par_1_85' title="bbox 1964 4467 3490 4540">
     <span class='ocr_line' id='line_1_85' title="bbox 1964 4467 3490 4540; baseline 0.001 -23"><span class='ocrx_word' id='word_1_606' title='bbox 1964 4467 2142 4531; x_wconf 82' lang='lat' dir='ltr'><strong>ribus;</strong></span> <span class='ocrx_word' id='word_1_607' title='bbox 2190 4470 2520 4539; x_wconf 81' lang='lat' dir='ltr'><strong>quoadusque</strong></span> <span class='ocrx_word' id='word_1_608' title='bbox 2566 4472 2821 4540; x_wconf 76' lang='lat' dir='ltr'><strong>signemus</strong></span> <span class='ocrx_word' id='word_1_609' title='bbox 2865 4487 3034 4523; x_wconf 81' lang='lat' dir='ltr'><strong>seruos</strong></span> <span class='ocrx_word' id='word_1_610' title='bbox 3082 4470 3173 4523; x_wconf 83' lang='lat' dir='ltr'><strong>Dei</strong></span> <span class='ocrx_word' id='word_1_611' title='bbox 3219 4470 3381 4522; x_wconf 84' lang='lat' dir='ltr'><strong>nostri</strong></span> <span class='ocrx_word' id='word_1_612' title='bbox 3436 4470 3490 4519; x_wconf 81' lang='lat' dir='ltr'><strong>in</strong></span> 
     </span>
    </p>
   </div>
   <div class='ocr_carea' id='block_1_86' title="bbox 316 4546 1857 4619">
    <p class='ocr_par' dir='ltr' id='par_1_86' title="bbox 316 4546 1857 4619">
     <span class='ocr_line' id='line_1_86' title="bbox 316 4546 1857 4619; baseline 0.006 -21"><span class='ocrx_word' id='word_1_613' title='bbox 316 4548 464 4610; x_wconf 73' lang='lat' dir='ltr'><strong>.lovc</strong></span> <span class='ocrx_word' id='word_1_614' title='bbox 493 4546 596 4599; x_wconf 82' lang='grc' dir='ltr'>τοῦ</span> <span class='ocrx_word' id='word_1_615' title='bbox 643 4548 788 4602; x_wconf 79' lang='grc' dir='ltr'><strong>Θεοῦ</strong></span> <span class='ocrx_word' id='word_1_616' title='bbox 831 4550 994 4618; x_wconf 74' lang='grc' dir='ltr'>ἡμῶν</span> <span class='ocrx_word' id='word_1_617' title='bbox 1030 4551 1125 4601; x_wconf 77' lang='grc' dir='ltr'><strong>ἐπὶ</strong></span> <span class='ocrx_word' id='word_1_618' title='bbox 1170 4551 1287 4602; x_wconf 83' lang='grc' dir='ltr'><strong>τῶν</strong></span> <span class='ocrx_word' id='word_1_619' title='bbox 1317 4552 1600 4619; x_wconf 81' lang='grc' dir='ltr'>μετώπων</span> <span class='ocrx_word' id='word_1_620' title='bbox 1642 4553 1857 4606; x_wconf 86' lang='grc' dir='ltr'>αὐτῶν.</span> 
     </span>
    </p>
   </div>
   <div class='ocr_carea' id='block_1_87' title="bbox 406 4654 1862 4729">
    <p class='ocr_par' dir='ltr' id='par_1_87' title="bbox 406 4654 1862 4729">
     <span class='ocr_line' id='line_1_87' title="bbox 406 4654 1862 4729; baseline 0.006 -25"><span class='ocrx_word' id='word_1_621' title='bbox 406 4654 466 4704; x_wconf 86' lang='grc' dir='ltr'><strong>Ἦ</strong></span> <span class='ocrx_word' id='word_1_622' title='bbox 486 4654 679 4718; x_wconf 86' lang='grc' dir='ltr'>κτίσις,</span> <span class='ocrx_word' id='word_1_623' title='bbox 708 4654 782 4716; x_wconf 85' lang='grc' dir='ltr'>ὼς</span> <span class='ocrx_word' id='word_1_624' title='bbox 804 4656 869 4708; x_wconf 79' lang='grc' dir='ltr'>δι’</span> <span class='ocrx_word' id='word_1_625' title='bbox 897 4658 1045 4727; x_wconf 81' lang='grc' dir='ltr'>ἡμᾶς</span> <span class='ocrx_word' id='word_1_626' title='bbox 1068 4659 1429 4729; x_wconf 82' lang='grc' dir='ltr'>γεγενημένη,</span> <span class='ocrx_word' id='word_1_627' title='bbox 1454 4659 1862 4727; x_wconf 78' lang='grc' dir='ltr'>παιδευομένοις</span> 
     </span>
    </p>
   </div>
   <div class='ocr_carea' id='block_1_88' title="bbox 318 4745 1863 4820">
    <p class='ocr_par' dir='ltr' id='par_1_88' title="bbox 318 4745 1863 4820">
     <span class='ocr_line' id='line_1_88' title="bbox 318 4745 1863 4820; baseline 0.005 -25"><span class='ocrx_word' id='word_1_628' title='bbox 318 4746 450 4811; x_wconf 80' lang='grc' dir='ltr'>ἡμῖν</span> <span class='ocrx_word' id='word_1_629' title='bbox 496 4747 736 4797; x_wconf 83' lang='grc' dir='ltr'>κοινωνεῖ</span> <span class='ocrx_word' id='word_1_630' title='bbox 780 4745 868 4796; x_wconf 73' lang='grc' dir='ltr'><strong>ἐπὶ</strong></span> <span class='ocrx_word' id='word_1_631' title='bbox 902 4747 1017 4806; x_wconf 89' lang='grc' dir='ltr'>ταῖς</span> <span class='ocrx_word' id='word_1_632' title='bbox 1062 4746 1328 4813; x_wconf 79' lang='grc' dir='ltr'>μάστιξιν,</span> <span class='ocrx_word' id='word_1_633' title='bbox 1364 4747 1550 4817; x_wconf 88' lang='grc' dir='ltr'>ῶσπερ</span> <span class='ocrx_word' id='word_1_634' title='bbox 1602 4748 1738 4820; x_wconf 78' lang='grc' dir='ltr'>[οὖν]</span> <span class='ocrx_word' id='word_1_635' title='bbox 1772 4752 1863 4803; x_wconf 62' lang='grc' dir='ltr'><strong>καί⁵</strong></span> 
     </span>
    </p>
   </div>
   <div class='ocr_carea' id='block_1_89' title="bbox 319 4833 1855 4907">
    <p class='ocr_par' dir='ltr' id='par_1_89' title="bbox 319 4833 1855 4907">
     <span class='ocr_line' id='line_1_89' title="bbox 319 4833 1855 4907; baseline 0.007 -23"><span class='ocrx_word' id='word_1_636' title='bbox 319 4833 690 4902; x_wconf 77' lang='grc' dir='ltr'>δοξαζομένοις</span> <span class='ocrx_word' id='word_1_637' title='bbox 730 4837 841 4897; x_wconf 84' lang='grc' dir='ltr'>τοῖς</span> <span class='ocrx_word' id='word_1_638' title='bbox 886 4836 1059 4902; x_wconf 79' lang='grc' dir='ltr'>ἁγίοις</span> <span class='ocrx_word' id='word_1_639' title='bbox 1106 4837 1691 4907; x_wconf 82' lang='grc' dir='ltr'>συμφαιδρυνθὴσεται.</span> <span class='ocrx_word' id='word_1_640' title='bbox 1756 4844 1855 4894; x_wconf 81' lang='grc' dir='ltr'><strong>Διὰ</strong></span> 
     </span>
    </p>
   </div>
   <div class='ocr_carea' id='block_1_90' title="bbox 318 4920 1861 4997">
    <p class='ocr_par' dir='ltr' id='par_1_90' title="bbox 318 4920 1861 4997">
     <span class='ocr_line' id='line_1_90' title="bbox 318 4920 1861 4997; baseline 0.009 -28"><span class='ocrx_word' id='word_1_641' title='bbox 318 4920 519 4972; x_wconf 86' lang='grc' dir='ltr'>τούτων</span> <span class='ocrx_word' id='word_1_642' title='bbox 562 4924 616 4974; x_wconf 74' lang='grc' dir='ltr'>δὲ</span> <span class='ocrx_word' id='word_1_643' title='bbox 647 4925 985 4993; x_wconf 79' lang='grc' dir='ltr'>μανθάνομεν</span> <span class='ocrx_word' id='word_1_644' title='bbox 1028 4926 1120 4979; x_wconf 76' lang='grc' dir='ltr'>καὶ</span> <span class='ocrx_word' id='word_1_645' title='bbox 1163 4927 1287 4988; x_wconf 74' lang='grc' dir='ltr'>τοὺς</span> <span class='ocrx_word' id='word_1_646' title='bbox 1328 4928 1612 4997; x_wconf 74' lang='grc' dir='ltr'>ἐναρέτους</span> <span class='ocrx_word' id='word_1_647' title='bbox 1659 4932 1861 4986; x_wconf 78' lang='grc' dir='ltr'>δεῖσθαι</span> 
     </span>
    </p>
   </div>
   <div class='ocr_carea' id='block_1_91' title="bbox 319 5007 1862 5087">
    <p class='ocr_par' dir='ltr' id='par_1_91' title="bbox 319 5007 1862 5087">
     <span class='ocr_line' id='line_1_91' title="bbox 319 5007 1862 5087; baseline 0.009 -28"><span class='ocrx_word' id='word_1_648' title='bbox 319 5007 700 5078; x_wconf 79' lang='grc' dir='ltr'>δυναμωθῆναι</span> <span class='ocrx_word' id='word_1_649' title='bbox 740 5014 808 5072; x_wconf 79' lang='grc' dir='ltr'>δι’</span> <span class='ocrx_word' id='word_1_650' title='bbox 845 5008 1137 5085; x_wconf 76' lang='grc' dir='ltr'>ἀγγέλικῆς</span> <span class='ocrx_word' id='word_1_651' title='bbox 1183 5015 1429 5085; x_wconf 83' lang='grc' dir='ltr'>βοηθείας</span> <span class='ocrx_word' id='word_1_652' title='bbox 1476 5018 1580 5087; x_wconf 80' lang='grc' dir='ltr'>πρὸ</span> <span class='ocrx_word' id='word_1_653' title='bbox 1618 5021 1717 5087; x_wconf 81' lang='grc' dir='ltr'>τῆς</span> <span class='ocrx_word' id='word_1_654' title='bbox 1755 5022 1862 5074; x_wconf 87' lang='grc' dir='ltr'><strong>τῶν</strong></span> 
     </span>
    </p>
   </div>
   <div class='ocr_carea' id='block_1_92' title="bbox 322 5100 1861 5177">
    <p class='ocr_par' dir='ltr' id='par_1_92' title="bbox 322 5100 1861 5177">
     <span class='ocr_line' id='line_1_92' title="bbox 322 5100 1861 5177; baseline 0.011 -33"><span class='ocrx_word' id='word_1_655' title='bbox 322 5100 636 5165; x_wconf 77' lang='grc' dir='ltr'>πειρασμῶν</span> <span class='ocrx_word' id='word_1_656' title='bbox 667 5103 954 5172; x_wconf 67' lang='grc' dir='ltr'>ἐπαγωγῆς</span> <span class='ocrx_word' id='word_1_657' title='bbox 985 5108 1049 5175; x_wconf 82' lang='grc' dir='ltr'>τῇ</span> <span class='ocrx_word' id='word_1_658' title='bbox 1087 5106 1343 5177; x_wconf 85' lang='grc' dir='ltr'>δεδομένῃ</span> <span class='ocrx_word' id='word_1_659' title='bbox 1379 5106 1553 5177; x_wconf 76' lang='grc' dir='ltr'>[ἡμῖν]</span> <span class='ocrx_word' id='word_1_660' title='bbox 1584 5109 1861 5176; x_wconf 74' lang='grc' dir='ltr'>σφραγῖδι</span> 
     </span>
    </p>
   </div>
   <div class='ocr_carea' id='block_1_93' title="bbox 321 5184 1863 5268">
    <p class='ocr_par' dir='ltr' id='par_1_93' title="bbox 321 5184 1863 5268">
     <span class='ocr_line' id='line_1_93' title="bbox 321 5184 1863 5268; baseline 0.009 -32"><span class='ocrx_word' id='word_1_661' title='bbox 321 5184 429 5237; x_wconf 71' lang='grc' dir='ltr'>τοῦ</span> <span class='ocrx_word' id='word_1_662' title='bbox 469 5188 822 5255; x_wconf 82' lang='grc' dir='ltr'>Πνεύματος,</span> <span class='ocrx_word' id='word_1_663' title='bbox 865 5194 956 5246; x_wconf 76' lang='grc' dir='ltr'>καὶ</span> <span class='ocrx_word' id='word_1_664' title='bbox 996 5196 1137 5247; x_wconf 85' lang='grc' dir='ltr'>κατὰ</span> <span class='ocrx_word' id='word_1_665' title='bbox 1178 5195 1428 5250; x_wconf 81' lang='grc' dir='ltr'>τοσοῦτον</span> <span class='ocrx_word' id='word_1_666' title='bbox 1452 5195 1863 5268; x_wconf 74' lang='grc' dir='ltr'>ἐπιδεικνυμένῃ</span> 
     </span>
    </p>
   </div>
   <div class='ocr_carea' id='block_1_94' title="bbox 322 5276 1863 5355">
    <p class='ocr_par' dir='ltr' id='par_1_94' title="bbox 322 5276 1863 5355">
     <span class='ocr_line' id='line_1_94' title="bbox 322 5276 1863 5355; baseline 0.009 -32"><span class='ocrx_word' id='word_1_667' title='bbox 322 5276 423 5344; x_wconf 77' lang='grc' dir='ltr'>τὴν</span> <span class='ocrx_word' id='word_1_668' title='bbox 454 5276 655 5327; x_wconf 87' lang='grc' dir='ltr'>οίκείαν</span> <span class='ocrx_word' id='word_1_669' title='bbox 700 5278 945 5349; x_wconf 87' lang='grc' dir='ltr'>δύναμιν,</span> <span class='ocrx_word' id='word_1_670' title='bbox 984 5283 1103 5351; x_wconf 56' lang='grc' dir='ltr'>καθ]</span> <span class='ocrx_word' id='word_1_671' title='bbox 1131 5284 1252 5335; x_wconf 84' lang='grc' dir='ltr'>ὅσον</span> <span class='ocrx_word' id='word_1_672' title='bbox 1301 5284 1366 5335; x_wconf 85' lang='grc' dir='ltr'>ἂν</span> <span class='ocrx_word' id='word_1_673' title='bbox 1410 5286 1562 5336; x_wconf 74' lang='grc' dir='ltr'>αὐτοὶ</span> <span class='ocrx_word' id='word_1_674' title='bbox 1606 5286 1863 5355; x_wconf 66' lang='grc' dir='ltr'>ἐργασίαν</span> 
     </span>
    </p>
   </div>
   <div class='ocr_carea' id='block_1_95' title="bbox 322 5364 1932 5444">
    <p class='ocr_par' dir='ltr' id='par_1_95' title="bbox 322 5364 1932 5444">
     <span class='ocr_line' id='line_1_95' title="bbox 322 5364 1932 5444; baseline 0.009 -31"><span class='ocrx_word' id='word_1_675' title='bbox 322 5364 747 5433; x_wconf 65' lang='grc' dir='ltr'>παρασχώμεθαθ</span> <span class='ocrx_word' id='word_1_676' title='bbox 770 5370 875 5419; x_wconf 84' lang='grc' dir='ltr'><strong>τῶν</strong></span> <span class='ocrx_word' id='word_1_677' title='bbox 897 5372 1095 5423; x_wconf 90' lang='grc' dir='ltr'>λοιπῶν</span> <span class='ocrx_word' id='word_1_678' title='bbox 1119 5372 1381 5439; x_wconf 83' lang='grc' dir='ltr'>μενόντων</span> <span class='ocrx_word' id='word_1_679' title='bbox 1403 5373 1715 5443; x_wconf 77' lang='grc' dir='ltr'>ἀδοηθήτων</span> <span class='ocrx_word' id='word_1_680' title='bbox 1737 5376 1865 5444; x_wconf 64' lang='grc' dir='ltr'><strong>’παρ⁹</strong></span> <span class='ocrx_word' id='word_1_681' title='bbox 1910 5366 1932 5373; x_wconf 71' lang='grc'><em>’</em></span> 
     </span>
    </p>
   </div>
   <div class='ocr_carea' id='block_1_96' title="bbox 1904 5458 3491 5532">
    <p class='ocr_par' dir='ltr' id='par_1_96' title="bbox 1904 5458 3491 5532">
     <span class='ocr_line' id='line_1_96' title="bbox 1904 5458 3491 5532; baseline -0.003 -14"><span class='ocrx_word' id='word_1_682' title='bbox 1904 5488 1907 5489; x_wconf 52' lang='grc' dir='ltr'><strong>ν</strong></span> <span class='ocrx_word' id='word_1_683' title='bbox 1970 5465 2078 5517; x_wconf 84' lang='lat' dir='ltr'><strong>vim</strong></span> <span class='ocrx_word' id='word_1_684' title='bbox 2129 5479 2282 5519; x_wconf 86' lang='lat' dir='ltr'><strong>suam</strong></span> <span class='ocrx_word' id='word_1_685' title='bbox 2330 5464 2593 5529; x_wconf 88' lang='lat' dir='ltr'><strong>ostendit,</strong></span> <span class='ocrx_word' id='word_1_686' title='bbox 2622 5473 2885 5532; x_wconf 80' lang='lat' dir='ltr'><strong>quatenus</strong></span> <span class='ocrx_word' id='word_1_687' title='bbox 2927 5462 3026 5528; x_wconf 87' lang='lat' dir='ltr'><strong>ipsi</strong></span> <span class='ocrx_word' id='word_1_688' title='bbox 3082 5458 3491 5511; x_wconf 74' lang='lat' dir='ltr'><strong>collaboratnus.</strong></span> 
     </span>
    </p>
   </div>
   <div class='ocr_carea' id='block_1_97' title="bbox 320 5455 1379 5529">
    <p class='ocr_par' dir='ltr' id='par_1_97' title="bbox 320 5455 1379 5529">
     <span class='ocr_line' id='line_1_97' title="bbox 320 5455 1379 5529; baseline 0.012 -26"><span class='ocrx_word' id='word_1_689' title='bbox 320 5455 532 5506; x_wconf 78' lang='grc' dir='ltr'>οἰκείων</span> <span class='ocrx_word' id='word_1_690' title='bbox 568 5455 659 5507; x_wconf 82' lang='grc' dir='ltr'><strong>τοῦ</strong></span> <span class='ocrx_word' id='word_1_691' title='bbox 695 5456 768 5525; x_wconf 76' lang='grc' dir='ltr'>μὴ</span> <span class='ocrx_word' id='word_1_692' title='bbox 793 5455 1124 5527; x_wconf 83' lang='grc' dir='ltr'>βοηθηθῆναι</span> <span class='ocrx_word' id='word_1_693' title='bbox 1149 5461 1379 5529; x_wconf 84' lang='grc' dir='ltr'>θέλημα.</span> 
     </span>
    </p>
   </div>
   <div class='ocr_carea' id='block_1_98' title="bbox 1961 4556 2454 4623">
    <p class='ocr_par' dir='ltr' id='par_1_98' title="bbox 1961 4556 2454 4623">
     <span class='ocr_line' id='line_1_98' title="bbox 1961 4556 2454 4623; baseline 0.01 -16"><span class='ocrx_word' id='word_1_694' title='bbox 1961 4556 2217 4623; x_wconf 77' lang='lat' dir='ltr'><strong>frontibus</strong></span> <span class='ocrx_word' id='word_1_695' title='bbox 2256 4574 2454 4613; x_wconf 84' lang='lat' dir='ltr'><strong>eorum.</strong></span> 
     </span>
    </p>
   </div>
   <div class='ocr_carea' id='block_1_99' title="bbox 2033 4665 3487 4733">
    <p class='ocr_par' dir='ltr' id='par_1_99' title="bbox 2033 4665 3487 4733">
     <span class='ocr_line' id='line_1_99' title="bbox 2033 4665 3487 4733; baseline -0.001 -14"><span class='ocrx_word' id='word_1_696' title='bbox 2033 4666 2327 4731; x_wconf 77' lang='lat' dir='ltr'><strong>Creatnra,</strong></span> <span class='ocrx_word' id='word_1_697' title='bbox 2391 4670 2558 4722; x_wconf 84' lang='lat' dir='ltr'><strong>nostri</strong></span> <span class='ocrx_word' id='word_1_698' title='bbox 2611 4685 2771 4724; x_wconf 87' lang='lat' dir='ltr'><strong>causa</strong></span> <span class='ocrx_word' id='word_1_699' title='bbox 2813 4670 2983 4729; x_wconf 87' lang='lat' dir='ltr'><strong>facta,</strong></span> <span class='ocrx_word' id='word_1_700' title='bbox 3020 4668 3171 4720; x_wconf 88' lang='lat' dir='ltr'><strong>nobis</strong></span> <span class='ocrx_word' id='word_1_701' title='bbox 3217 4665 3487 4733; x_wconf 81' lang='lat' dir='ltr'><strong>castigatis</strong></span> 
     </span>
    </p>
   </div>
   <div class='ocr_carea' id='block_1_100' title="bbox 1963 4752 3484 4825">
    <p class='ocr_par' dir='ltr' id='par_1_100' title="bbox 1963 4752 3484 4825">
     <span class='ocr_line' id='line_1_100' title="bbox 1963 4752 3484 4825; baseline -0.003 -14"><span class='ocrx_word' id='word_1_702' title='bbox 1963 4772 2067 4811; x_wconf 84' lang='lat' dir='ltr'><strong>una</strong></span> <span class='ocrx_word' id='word_1_703' title='bbox 2110 4758 2388 4812; x_wconf 89' lang='lat' dir='ltr'><strong>nobiscum</strong></span> <span class='ocrx_word' id='word_1_704' title='bbox 2419 4752 2687 4825; x_wconf 76' lang='lat' dir='ltr'><strong>plagarum</strong></span> <span class='ocrx_word' id='word_1_705' title='bbox 2717 4760 2981 4825; x_wconf 86' lang='lat' dir='ltr'><strong>particeps</strong></span> <span class='ocrx_word' id='word_1_706' title='bbox 3011 4757 3261 4819; x_wconf 84' lang='lat' dir='ltr'><strong>eflicitur;</strong></span> <span class='ocrx_word' id='word_1_707' title='bbox 3296 4770 3484 4824; x_wconf 87' lang='lat' dir='ltr'><strong>quem-</strong></span> 
     </span>
    </p>
   </div>
   <div class='ocr_carea' id='block_1_101' title="bbox 1962 4844 3485 4911">
    <p class='ocr_par' dir='ltr' id='par_1_101' title="bbox 1962 4844 3485 4911">
     <span class='ocr_line' id='line_1_101' title="bbox 1962 4844 3485 4911; baseline 0 -14"><span class='ocrx_word' id='word_1_708' title='bbox 1962 4844 2248 4897; x_wconf 90' lang='lat' dir='ltr'><strong>admodum</strong></span> <span class='ocrx_word' id='word_1_709' title='bbox 2293 4860 2323 4899; x_wconf 90' lang='lat' dir='ltr'><strong>e</strong></span> <span class='ocrx_word' id='word_1_710' title='bbox 2374 4846 2583 4898; x_wconf 89' lang='lat' dir='ltr'><strong>diverso</strong></span> <span class='ocrx_word' id='word_1_711' title='bbox 2625 4848 2825 4899; x_wconf 90' lang='lat' dir='ltr'><strong>sanctis</strong></span> <span class='ocrx_word' id='word_1_712' title='bbox 2872 4846 2939 4898; x_wconf 86' lang='lat' dir='ltr'><strong>ad</strong></span> <span class='ocrx_word' id='word_1_713' title='bbox 2989 4847 3209 4911; x_wconf 84' lang='lat' dir='ltr'><strong>gloriam</strong></span> <span class='ocrx_word' id='word_1_714' title='bbox 3267 4845 3485 4905; x_wconf 78' lang='lat' dir='ltr'><strong>erectis,</strong></span> 
     </span>
    </p>
   </div>
   <div class='ocr_carea' id='block_1_102' title="bbox 1961 4920 3482 5000">
    <p class='ocr_par' dir='ltr' id='par_1_102' title="bbox 1961 4920 3482 5000">
     <span class='ocr_line' id='line_1_102' title="bbox 1961 4920 3482 5000; baseline -0.003 -16"><span class='ocrx_word' id='word_1_715' title='bbox 1961 4932 2073 5000; x_wconf 89' lang='lat' dir='ltr'><strong>ipsa</strong></span> <span class='ocrx_word' id='word_1_716' title='bbox 2105 4946 2317 4999; x_wconf 87' lang='lat' dir='ltr'><strong>quoque</strong></span> <span class='ocrx_word' id='word_1_717' title='bbox 2354 4932 2511 4985; x_wconf 91' lang='lat' dir='ltr'><strong>simul</strong></span> <span class='ocrx_word' id='word_1_718' title='bbox 2536 4949 2653 4985; x_wconf 86' lang='lat' dir='ltr'><strong>eum</strong></span> <span class='ocrx_word' id='word_1_719' title='bbox 2683 4920 3097 4997; x_wconf 70' lang='lat' dir='ltr'><strong>illislaatabitur,</strong></span> <span class='ocrx_word' id='word_1_720' title='bbox 3122 4944 3174 4987; x_wconf 87' lang='lat' dir='ltr'><strong>et</strong></span> <span class='ocrx_word' id='word_1_721' title='bbox 3202 4949 3299 4987; x_wconf 86' lang='lat' dir='ltr'><strong>suo</strong></span> <span class='ocrx_word' id='word_1_722' title='bbox 3326 4934 3482 4985; x_wconf 87' lang='lat' dir='ltr'><strong>etiam</strong></span> 
     </span>
    </p>
   </div>
   <div class='ocr_carea' id='block_1_103' title="bbox 1964 5019 3486 5096">
    <p class='ocr_par' dir='ltr' id='par_1_103' title="bbox 1964 5019 3486 5096">
     <span class='ocr_line' id='line_1_103' title="bbox 1964 5019 3486 5096; baseline -0.003 -25"><span class='ocrx_word' id='word_1_723' title='bbox 1964 5022 2121 5074; x_wconf 90' lang='lat' dir='ltr'><strong>modo</strong></span> <span class='ocrx_word' id='word_1_724' title='bbox 2158 5021 2559 5089; x_wconf 88' lang='lat' dir='ltr'><strong>glorilicabitur.</strong></span> <span class='ocrx_word' id='word_1_725' title='bbox 2601 5021 2866 5075; x_wconf 82' lang='lat' dir='ltr'><strong>Diseimus</strong></span> <span class='ocrx_word' id='word_1_726' title='bbox 2908 5032 3082 5096; x_wconf 74' lang='lat' dir='ltr'><strong>autem</strong></span> <span class='ocrx_word' id='word_1_727' title='bbox 3116 5021 3257 5081; x_wconf 87' lang='lat' dir='ltr'><strong>hinc,</strong></span> <span class='ocrx_word' id='word_1_728' title='bbox 3296 5019 3486 5069; x_wconf 84' lang='lat' dir='ltr'><strong>virtute</strong></span> 
     </span>
    </p>
   </div>
   <div class='ocr_carea' id='block_1_104' title="bbox 1964 5110 3487 5179">
    <p class='ocr_par' dir='ltr' id='par_1_104' title="bbox 1964 5110 3487 5179">
     <span class='ocr_line' id='line_1_104' title="bbox 1964 5110 3487 5179; baseline -0.007 -16"><span class='ocrx_word' id='word_1_729' title='bbox 1964 5125 2177 5178; x_wconf 85' lang='lat' dir='ltr'><strong>quoque</strong></span> <span class='ocrx_word' id='word_1_730' title='bbox 2222 5118 2441 5163; x_wconf 85' lang='lat' dir='ltr'><strong>ornatos</strong></span> <span class='ocrx_word' id='word_1_731' title='bbox 2503 5111 2809 5179; x_wconf 85' lang='lat' dir='ltr'><strong>angelorum</strong></span> <span class='ocrx_word' id='word_1_732' title='bbox 2860 5110 3102 5177; x_wconf 62' lang='lat' dir='ltr'><strong>praasidio</strong></span> <span class='ocrx_word' id='word_1_733' title='bbox 3147 5120 3335 5171; x_wconf 80' lang='lat' dir='ltr'><strong>egere;</strong></span> <span class='ocrx_word' id='word_1_734' title='bbox 3378 5118 3487 5168; x_wconf 85' lang='lat' dir='ltr'><strong>quo</strong></span> 
     </span>
    </p>
   </div>
   <div class='ocr_carea' id='block_1_105' title="bbox 1963 5193 3489 5265">
    <p class='ocr_par' dir='ltr' id='par_1_105' title="bbox 1963 5193 3489 5265">
     <span class='ocr_line' id='line_1_105' title="bbox 1963 5193 3489 5265; baseline -0.007 -16"><span class='ocrx_word' id='word_1_735' title='bbox 1963 5198 2217 5253; x_wconf 85' lang='lat' dir='ltr'><strong>nimirum</strong></span> <span class='ocrx_word' id='word_1_736' title='bbox 2264 5198 2520 5253; x_wconf 84' lang='lat' dir='ltr'><strong>adversus</strong></span> <span class='ocrx_word' id='word_1_737' title='bbox 2552 5199 2819 5265; x_wconf 85' lang='lat' dir='ltr'><strong>graviores</strong></span> <span class='ocrx_word' id='word_1_738' title='bbox 2867 5195 3184 5249; x_wconf 84' lang='lat' dir='ltr'><strong>tentationes</strong></span> <span class='ocrx_word' id='word_1_739' title='bbox 3217 5193 3489 5243; x_wconf 84' lang='lat' dir='ltr'><strong>lirmentur</strong></span> 
     </span>
    </p>
   </div>
   <div class='ocr_carea' id='block_1_106' title="bbox 1964 5276 3484 5351">
    <p class='ocr_par' dir='ltr' id='par_1_106' title="bbox 1964 5276 3484 5351">
     <span class='ocr_line' id='line_1_106' title="bbox 1964 5276 3484 5351; baseline -0.008 -13"><span class='ocrx_word' id='word_1_740' title='bbox 1964 5295 2018 5338; x_wconf 88' lang='lat' dir='ltr'><strong>et</strong></span> <span class='ocrx_word' id='word_1_741' title='bbox 2066 5287 2501 5341; x_wconf 89' lang='lat' dir='ltr'><strong>corroborentur.</strong></span> <span class='ocrx_word' id='word_1_742' title='bbox 2551 5286 2807 5339; x_wconf 64' lang='lat' dir='ltr'><strong>Ceterum</strong></span> <span class='ocrx_word' id='word_1_743' title='bbox 2861 5282 3085 5351; x_wconf 75' lang='lat' dir='ltr'><strong>Spiritus</strong></span> <span class='ocrx_word' id='word_1_744' title='bbox 3145 5276 3484 5347; x_wconf 70' lang='lat' dir='ltr'><strong>signaculum,</strong></span> 
     </span>
    </p>
   </div>
   <div class='ocr_carea' id='block_1_107' title="bbox 1970 5373 3491 5442">
    <p class='ocr_par' dir='ltr' id='par_1_107' title="bbox 1970 5373 3491 5442">
     <span class='ocr_line' id='line_1_107' title="bbox 1970 5373 3491 5442; baseline -0.009 -11"><span class='ocrx_word' id='word_1_745' title='bbox 1970 5376 2115 5442; x_wconf 87' lang='lat' dir='ltr'><strong>quod</strong></span> <span class='ocrx_word' id='word_1_746' title='bbox 2162 5374 2362 5430; x_wconf 88' lang='lat' dir='ltr'><strong>bomini</strong></span> <span class='ocrx_word' id='word_1_747' title='bbox 2409 5383 2593 5427; x_wconf 86' lang='lat' dir='ltr'><strong>contra</strong></span> <span class='ocrx_word' id='word_1_748' title='bbox 2635 5373 2948 5433; x_wconf 86' lang='lat' dir='ltr'><strong>tentatioues</strong></span> <span class='ocrx_word' id='word_1_749' title='bbox 2986 5373 3231 5429; x_wconf 85' lang='lat' dir='ltr'><strong>donatur,</strong></span> <span class='ocrx_word' id='word_1_750' title='bbox 3272 5373 3491 5418; x_wconf 87' lang='lat' dir='ltr'><strong>eatenus</strong></span> 
     </span>
    </p>
   </div>
   <div class='ocr_carea' id='block_1_108' title="bbox 322 5541 3493 5629">
    <p class='ocr_par' dir='ltr' id='par_1_108' title="bbox 322 5541 3493 5629">
     <span class='ocr_line' id='line_1_108' title="bbox 322 5541 3493 5629; baseline -0.003 -23"><span class='ocrx_word' id='word_1_751' title='bbox 322 5541 430 5606; x_wconf 64' lang='lat' dir='ltr'><strong>Qui</strong></span> <span class='ocrx_word' id='word_1_752' title='bbox 456 5544 619 5613; x_wconf 74' lang='lat' dir='ltr'><strong>igitur</strong></span> <span class='ocrx_word' id='word_1_753' title='bbox 645 5546 846 5604; x_wconf 74' lang='lat' dir='ltr'><strong>auxilio</strong></span> <span class='ocrx_word' id='word_1_754' title='bbox 866 5548 977 5629; x_wconf 37' lang='lat' dir='ltr'><strong>.hoc</strong></span> <span class='ocrx_word' id='word_1_755' title='bbox 999 5550 1381 5621; x_wconf 74' lang='lat' dir='ltr'><strong>destituuntur,</strong></span> <span class='ocrx_word' id='word_1_756' title='bbox 1417 5546 1535 5611; x_wconf 86' lang='lat' dir='ltr'><strong>ideo</strong></span> <span class='ocrx_word' id='word_1_757' title='bbox 1586 5555 1970 5623; x_wconf 51' lang='lat' dir='ltr'><strong>destituuntur,</strong></span> <span class='ocrx_word' id='word_1_758' title='bbox 2002 5554 2129 5625; x_wconf 73' lang='lat' dir='ltr'><strong>quia</strong></span> <span class='ocrx_word' id='word_1_759' title='bbox 2176 5570 2278 5614; x_wconf 75' lang='lat' dir='ltr'><strong>una</strong></span> <span class='ocrx_word' id='word_1_760' title='bbox 2314 5570 2437 5612; x_wconf 88' lang='lat' dir='ltr'><strong>cum</strong></span> <span class='ocrx_word' id='word_1_761' title='bbox 2494 5556 2608 5626; x_wconf 86' lang='lat' dir='ltr'><strong>ipso</strong></span> <span class='ocrx_word' id='word_1_762' title='bbox 2662 5570 2878 5609; x_wconf 84' lang='lat' dir='ltr'><strong>manum</strong></span> <span class='ocrx_word' id='word_1_763' title='bbox 2908 5552 3051 5619; x_wconf 76' lang='lat' dir='ltr'><strong>aperi</strong></span> <span class='ocrx_word' id='word_1_764' title='bbox 3082 5547 3361 5618; x_wconf 35' lang='lat' dir='ltr'><strong>‘adbibete</strong></span> <span class='ocrx_word' id='word_1_765' title='bbox 3389 5560 3493 5598; x_wconf 82' lang='lat' dir='ltr'><strong>non</strong></span> 
     </span>
    </p>
   </div>
   <div class='ocr_carea' id='block_1_109' title="bbox 320 5633 527 5690">
    <p class='ocr_par' dir='ltr' id='par_1_109' title="bbox 320 5633 527 5690">
     <span class='ocr_line' id='line_1_109' title="bbox 320 5633 527 5690; baseline 0.024 -5"><span class='ocrx_word' id='word_1_766' title='bbox 320 5633 411 5687; x_wconf 74' lang='lat' dir='ltr'><strong>Vol</strong></span> <span class='ocrx_word' id='word_1_767' title='bbox 420 5642 527 5690; x_wconf 60' lang='lat' dir='ltr'><strong>uni.</strong></span> 
     </span>
    </p>
   </div>
  </div>
