4088 6332
720 393 826 458 2&3

1848 400 2172 464 ANDRE/B
2207 407 2708 483 C/ESARIENSIS

3785 437 3894 500 284

721 505 883 574 (quod
909 504 976 557 ad
1015 516 1112 556 cor
1137 503 1342 561 attinet)
1375 506 1718 562 candidarum
1745 510 2040 577 palmarum
2079 532 2248 571 ramos

2351 522 2440 570 καὶ
2462 522 2763 592 ὀρθοτάτων
2787 528 2882 580 καὶ
2907 529 3112 584 λευκῶν
3139 534 3244 586 τῶν
3273 537 3505 608 καρδιῶν
3535 543 3792 609 φοινίκων
3833 549 3894 600 ιν

716 591 959 645 victoria:
1004 591 1242 658 symbola
1290 593 1536 646 manibus
1586 604 1889 661 gestantes,
1928 601 2067 652 circa
2118 603 2253 655 divi-

719 695 846 732 num
893 695 1217 746 summaeque
1249 682 1442 748 quietis
1486 683 1735 738 thronum
1788 687 1984 743 choros
2026 690 2248 756 ducunt,

717 778 768 821 et
800 769 850 820 in
885 783 1042 821 omne
1081 784 1252 821 aevum
1294 769 1504 823 ducturi
1542 781 1687 835 sunt,
1726 784 1977 844 tanquam
2009 781 2140 846 grati
2177 781 2252 832 fa-

718 858 870 922 muli,
913 861 1187 911 victoriam
1222 873 1432 912 omnem
1467 871 1650 915 contra
1690 865 2004 929 dmmoneni,
2035 884 2249 922 carnem

717 959 768 998 ct
817 947 1074 1000 mundum
1107 948 1399 1012 obtentam,
1431 966 1537 1004 non
1584 953 1709 1017 sibi,
1757 956 1850 1008 sed
1896 956 2244 1024 largitori,ex

717 1037 898 1089 animo
933 1036 1316 1094 adscrilientes.

784 1125 911 1186 Vll,‘
944 1127 1024 1191 ll,
1060 1129 1143 1181 12.
1190 1130 1252 1181 Et
1300 1148 1472 1185 omnes
1500 1097 1666 1201 angeli
1697 1134 1904 1188 stabant
1933 1137 1987 1188 in
2025 1138 2248 1191 circuitu
2323 1127 2332 1133 ’

714 1217 904 1280 throni,
935 1228 982 1269 et
1011 1221 1270 1271 seniorum
1292 1235 1314 1283 ,·
1344 1232 1648 1291 ειιᾳιιαιιιον
1679 1226 1988 1278 animalium
2022 1243 2039 1280 :
2069 1237 2117 1281 et
2165 1245 2247 1282 ce-

711 1306 945 1358 ciderunt
977 1308 1028 1359 in
1063 1324 1332 1376 conspectu
1355 1311 1526 1365 throni
1549 1315 1600 1364 in
1628 1313 1786 1377 facies
1815 1331 1958 1375 suas,
1983 1325 2031 1367 et
2055 1316 2246 1369 adora-

707 1405 882 1447 verunt
921 1395 1103 1460 Deum,
1134 1392 1355 1453 dicentes
1384 1416 1402 1453 :
1435 1403 1596 1454 Amen
1627 1441 1641 1464 ,
1671 1404 1974 1464 benedictio,
2004 1416 2051 1456 et
2079 1405 2246 1459 clari-

711 1493 812 1546 tas,
861 1497 909 1537 et
948 1488 1221 1553 sapientia,
1263 1499 1328 1540 “et
1367 1493 1658 1557 gratiarum
1696 1493 1854 1555 actio,
1884 1503 1931 1546 et
1971 1495 2154 1556 honor.
2195 1505 2244 1549 et

711 1575 891 1636 rirtus,
920 1589 963 1628 et
996 1577 1249 1644 fortitudo
1283 1579 1389 1633 Deo
1415 1591 1588 1635 nostro
1616 1583 1667 1635 in
1700 1584 1892 1636 saecula
1914 1586 2239 1639 surculorum.

709 1662 891 1716 Amen.

2351 611 2469 670 ταῖς
2498 613 2681 679 χερσὶν
2713 613 2924 683 ἔχοντες
2947 634 2961 648 ο
3003 621 3095 671 καὶ
3128 624 3255 692 περὶ
3284 625 3372 677 τὸν
3401 625 3540 681 θετον
3570 629 3758 698 θρόνον
3792 636 3893 703 τῆς

2350 701 2643 772 θεαρχικῆς
2675 708 3027 774 ἀναπαύσεως
3073 714 3399 782 χορεύοντες,
3441 721 3536 772 καὶ
3565 722 3640 784 ὡς
3687 726 3892 792 εὐγνώ-

2352 805 2509 856 μονες
2537 794 2738 846 οἰκέται
2775 797 2850 866 τῷ
2891 801 3105 871 χορηγῷ
3141 803 3237 873 τὴν
3267 806 3408 858 κατὰ
3431 805 3584 880 [τῶν]
3615 809 3890 879 δαιμόνων

2347 879 2500 950 νίκην
2527 884 2934 953 ἐπιγράφοντες.

2411 1139 2517 1192 Kal
2545 1140 2761 1209 πάντες
2787 1148 2840 1199 οι
2873 1147 3107 1217 ἄγγελοι
3139 1155 3485 1220 είστήκέισα

2344 1227 2556 1291 θρόνου
2575 1269 2589 1292 ,
2629 1231 2728 1284 καί
2761 1232 2878 1286 τῶν
2911 1240 3320 1308 πρεσϐυτέρων
3335 1283 3350 1308 ,
3391 1247 3480 1297 καί

2335 1331 2459 1380 ρων
2490 1317 2642 1375 ζώων
2667 1339 2678 1350 ·
2717 1322 2811 1375 καὶ
2851 1325 3072 1380 ἔπεσον
3098 1328 3348 1384 ἐνώπιον
3384 1336 3469 1386 toi
3727 1361 3734 1369 ·
3779 1341 3880 1395 ἐπὶ

2341 1406 2660 1474 πρόσωπον
2709 1410 2902 1463 αὐτῶν
2921 1429 2933 1443 ·
2984 1415 3080 1467 καὶ
3123 1423 3582 1487 προσεκύνησαν
3627 1443 3708 1493 τῳ
3756 1429 3883 1494 Θεῷ

2338 1495 2654 1586 λέγοντες(
2685 1500 2896 1567 Ἀμήν
2937 1504 2974 1570 ή
3017 1505 3256 1574 εὐλογία
3288 1511 3383 1562 καὶ
3425 1513 3462 1580 ἡ
3495 1512 3661 1579 δόξα,
3700 1519 3804 1586 ,καί
3839 1521 3879 1586 ἡ

2337 1581 2473 1648 τιμὴ
2504 1584 2598 1636 καί
2626 1585 2663 1650 ἡ
2688 1588 3030 1654 εὐχαριστία
3048 1605 3062 1619 ·
3089 1591 3183 1644 καί
3206 1592 3242 1658 ἠ
3271 1598 3478 1663 σοφία,
3509 1601 3603 1653 καὶ
3634 1581 3880 1661 ἡῶύναξ

2331 1685 2455 1735 μις,
2508 1673 2602 1723 καὶ
2629 1674 2666 1739 ἡ
2708 1675 2881 1741 ἰσχὺς
2911 1675 2990 1742 τῷ
3023 1678 3142 1742 Θεῷ
3171 1681 3336 1750 ήμῶν
3369 1687 3456 1749 είς
3489 1687 3627 1754 τοὺς
3660 1702 3880 1769 αφνας

2336 1759 2453 1812 τῶν
2479 1763 2720 1818 αἰώνων.
2766 1766 2988 1834 Ἀμήν.’
3598 1806 3600 1810 τ

3705 1167 3884 1228 ῳτοῦ

3717 1253 3885 1306 tacd-

778 1833 913 1889 Ecce
940 1840 1044 1890 una
1083 1853 1145 1892 ex
1177 1841 1378 1908 angelis
1419 1851 1473 1895 et
1511 1843 1815 1898 hominibus
1861 1846 2086 1901 ecclesia
2113 1861 2239 1900 con-

2406 1849 2536 1921 [Kal
2565 1853 2781 1919 πάντες
2806 1833 2860 1909 οί
2885 1857 3119 1926 ἄγγελοι
3139 1862 3519 1928 ειστήκεισαν
3543 1868 3740 1935 κύκλῳ
3765 1871 3877 1926 τοῦ

707 1922 965 1986 stituitur.
995 1923 1057 1976 Et
1086 1928 1297 1992 quidem
1330 1930 1517 1996 priscis
1544 1933 1767 1997 sanctis,
1795 1933 2004 1988 tametsi
2035 1936 2236 2002 angelis

707 2026 812 2064 non
859 2013 1207 2070 dissimilibus
1231 2056 1246 2081 ,
1282 2017 1645 2073 formidabiles
1671 2024 1998 2090 apparebant
2027 2025 2232 2093 angeli;

706 2105 1154 2167 quemadmodum
1176 2121 1237 2159 ex
1267 2106 1480 2162 Daniele
1510 2112 1762 2176 propheta
1792 2121 1842 2165 et
1871 2113 1991 2167 aliis
2011 2116 2234 2180 quibus-

704 2192 824 2242 dam
858 2207 1178 2260 cognoscere
1205 2195 1376 2258 licet:
1423 2210 1548 2252 tunc
1575 2194 1750 2252 autem
1775 2215 1879 2252 una
1917 2215 2035 2253 cum
2062 2202 2237 2255 ltomi‘

705 2281 861 2335 nibus
909 2283 1327 2351 ministrabunt;
1378 2287 1487 2339 sive
1533 2301 1756 2354 corpore
1798 2287 1974 2340 vc5titi
2015 2288 2236 2356 locoque

702 2371 1112 2440 circumscripti,
1156 2383 1211 2426 ut
1249 2376 1473 2428 eruditis
1515 2377 1832 2442 quibusdam
1875 2378 2065 2445 placet,
2099 2379 2235 2432 inter

703 2460 848 2525 ipsos
889 2474 1268 2528 compareant;
1306 2465 1415 2517 sive
1460 2468 1550 2532 (ut
1584 2466 1701 2518 aliis
1735 2468 1900 2534 magis
1948 2468 2231 2536 probatur)

703 2549 839 2600 trina
875 2551 960 2601 illa
997 2540 1368 2619 longitudinis,
1401 2554 1731 2617 latitudinis,
1765 2565 1816 2608 et
1857 2556 2233 2623 profunditatis

704 2639 1100 2707 intercapedine
1148 2641 1228 2708 (ut
1265 2659 1381 2710 qua:
1409 2659 1694 2708 corporum
1735 2647 1801 2698 sit
1855 2648 2100 2714 pr0pria)
2143 2648 2235 2699 dc-

701 2727 892 2794 stituti,
924 2746 1025 2782 non
1065 2731 1114 2782 in
1145 2736 1355 2800 propria
1389 2744 1576 2786 natura
1612 2738 2026 2803 conspiciantur,
2057 2738 2147 2790 sed
2179 2737 2231 2789 in

698 2834 759 2869 ca
806 2818 968 2884 ligura
1000 2829 1051 2872 et
1094 2822 1263 2873 forma
1311 2840 1467 2890 quam
1503 2824 1607 2876 Deo
1644 2826 1747 2879 illis
1791 2828 2023 2880 tribuere
2059 2829 2230 2882 visum

700 2908 878 2962 filtrl‘il.
911 2907 1037 2962 Utut
1067 2913 1155 2971 sit,
1188 2913 1238 2964 in
1269 2914 1491 2967 circuitu
1531 2915 1842 2985 animalium
1875 2926 1928 2970 et
1960 2920 2230 2972 seniorum

698 3000 996 3054 consistere
1038 3015 1343 3058 cernentur.
1390 3004 1490 3057 Per
1521 3007 1659 3060 hanc
1705 3017 1880 3061 autem
1928 3010 2228 3074 stationem,

2339 1941 2548 2007 θρόνου
2569 1942 2662 1994 καὶ
2692 1944 2806 1996 τῶν
2836 1951 3284 2022 πρεσϐυτέρων]
3302 1982 3370 1993 -
3405 1954 3535 2007 Ἰδοὺ
3555 1958 3649 2025 μία
3679 1961 3878 2030 ἔκκλη-

2337 2032 2424 2082 σία
2445 2033 2683 2100 ἀγγέλων
2715 2036 2807 2087 καὶ
2839 2037 3132 2107 ἀνθρώπων
3152 2058 3165 2071 ·
3195 2044 3286 2096 καὶ
3306 2046 3353 2097 al
3381 2047 3544 2100 πάλαι
3578 2053 3689 2111 τοῖς
3719 2050 3877 2117 ίσαγ-

2334 2120 2508 2186 γέλοις
2540 2123 2840 2192 ἀνθρώποις
2869 2129 3292 2198 καταπληκτικοὶ
3319 2133 3657 2204 φαινόμενοι,
3693 2139 3878 2199 καθὼς

2334 2209 2418 2262 διὰ
2466 2211 2557 2264 τοῦ
2603 2214 2794 2283 Δανιὴλ
2843 2215 3113 2287 ἔγνωμεν,
3152 2221 3270 2274 τότε
3332 2224 3725 2294 συλλειτουργοὶ
3773 2228 3875 2280 ἀν-

2336 2300 2567 2366 θρώποις
2603 2305 2951 2371 γενήσονται*
3005 2309 3112 2360 εῐτε
3169 2313 3308 2365 κατά
3361 2331 3510 2376 τινας
3549 2316 3656 2367 τῶν
3703 2317 3875 2383 ἁγίων

2335 2391 2391 2440 ἐν
2439 2394 2547 2452 τοῖς
2588 2393 2805 2455 οἰκείοις
2841 2394 3050 2464 σώμασι
3079 2398 3163 2450 διὰ
3201 2401 3298 2470 τὴν
3334 2405 3387 2455 ὲν
3422 2405 3567 2473 τόπῳ
3603 2422 3874 2475 περιγρα-

2335 2479 2439 2546 φὴν
2490 2480 2666 2542 αὐτοῖς
2713 2484 3156 2555 ὲμφανιζὸμενοι·
3199 2492 3314 2542 εἴτε
3353 2494 3473 2544 καθ’
3512 2496 3756 2562 ἑτέρους,
3791 2498 3870 2558 ὡς

2332 2565 2391 2616 τὸ
2421 2568 2577 2638 τριχῆ
2607 2570 2883 2624 διαστατὸν
2913 2575 2969 2624 ὲν
2999 2578 3158 2643 μήκει
3198 2580 3289 2630 καὶ
3323 2581 3512 2631 πλάτει
3561 2584 3650 2634 καὶ
3717 2583 3874 2651 βάθει

2335 2654 2421 2740 μὴ-
2442 2653 2648 2723 ἔχοντες
2672 2673 2685 2686 ο
2716 2659 2848 2728 ὅπερ
2883 2666 3143 2730 σωμάτων
3174 2665 3330 2720 ἴδιον·
3362 2668 3459 2720 οὐκ
3485 2671 3554 2722 σὲν
3593 2674 3657 2740 τῇ
3693 2672 3873 2738 οίκειξι

2333 2735 2485 2809 φύσει
2541 2749 2880 2815 φαινόμενοι,
2926 2750 3056 2803 ἀλλὰ
3109 2754 3247 2806 κατὰ
3298 2756 3356 2806 τὸ
3389 2757 3593 2811 ,δοκοῦν
3751 2735 3873 2827 Θεῷ

2330 2832 2654 2899 τυπούμενοι
2690 2838 2780 2888 καὶ
2812 2841 3284 2908 σχηματιζόμενοι.
3319 2844 3514 2914 Κύκλῳ
3545 2847 3723 2914 μέντοι
3758 2848 3872 2901 τῶν

2331 2922 2592 2991 χερουϐὶμ
2639 2924 2730 2977 καὶ
2780 2927 2888 2977 τῶν
2931 2928 3307 2998 πρεσϐυτέρων
3352 2933 3613 3000 ἑστῶτες,
3665 2937 3875 3004 ἐμφαί-

2330 3027 2475 3064 νουσι
2497 3011 2581 3062 διὰ
2605 3013 2700 3080 τῆς
2724 3014 2956 3076 στάσεως
2983 3015 3042 3066 τὸ
3063 3018 3157 3084 τῆς
3182 3019 3344 3084 τιμῆς
3368 3021 3592 3088 μέγεθος
3613 3039 3626 3052 ·
3714 3024 3876 3089 δοξά-

698 3088 914 3141 Ιιοιιοι·ἰε
970 3092 1382 3157 magnitudinem
1426 3104 1477 3147 et
1536 3097 1937 3162 excellentiam,
1988 3115 2093 3166 qua
2146 3100 2219 3152 illi

2331 3101 2505 3164 ζονται
2532 3105 2578 3153 οἱ
2610 3101 2739 3173 [διὰ]
2766 3103 2855 3155 τοῦ
2881 3105 3110 3173 ἀριθμοῦ
3137 3107 3243 3159 τῶν
3267 3112 3645 3179 πρεσϐυτέρων
3665 3088 3872 3180 ’δηλού-

697 3178 966 3239 μυιίυιιῐυΓ
995 3181 1083 3247 qui
1113 3196 1202 3245 per
1233 3183 1501 3260 scnior‘um
1537 3201 1815 3240 numerum
1847 3189 2219 3257 designantur,

694 3271 1002 3325 ostendunt.
1063 3273 1143 3325 Ab
1193 3271 1440 3330 (minibus
1491 3288 1668 3332 autem
1720 3282 2029 3349 praepotenti
2086 3281 2222 3347 Deo,

695 3370 907 3426 propter
933 3362 1177 3415 eximiam
1215 3366 1358 3418 illius
1389 3366 1440 3417 in
1479 3382 1563 3420 res
1588 3385 1771 3423 omnes
1794 3385 1821 3422 a
1851 3386 1906 3423 se
1942 3371 2222 3438 productas

2329 3206 2495 3258 μενοι.
2533 3191 2649 3258 Ὑφ’
2667 3185 2740 3244 ὧν
2764 3193 2976 3244 πάντων
3004 3195 3034 3265 ἡ
3061 3195 3371 3266 εὐχαριστία
3394 3200 3468 3268 τῷ
3489 3201 3604 3270 Θεῷ
3625 3204 3715 3254 ἐπὶ
3744 3208 3871 3268 ταῖς

2325 3279 2675 3347 θεοπρεπέσιν
2720 3281 2881 3334 αὑτοῦ
2927 3287 3004 3346 είς
3036 3286 3133 3355 τὴν
3175 3287 3460 3355 σύμπασαν
3495 3291 3665 3345 κτίσιν
3709 3294 3870 3348 οἰκο-

2323 3369 2532 3436 νομίαις
2566 3369 2700 3439 ὑπὲρ
2729 3371 2880 3440 ήμῶν
2917 3374 3416 3444 ἀναπεμφθήσεται.

690 3466 872 3503 curam
932 3463 984 3504 et
1021 3455 1438 3522 providentiam,
1493 3461 1966 3531 admirandamque
2017 3462 2368 3517 atconomiam
2433 3469 2486 3513 et
2556 3462 3007 3531 dispensationem
3084 3469 3251 3522 nostri
3319 3486 3479 3527 causa
3539 3486 3871 3546 susceptam,

691 3545 979 3609 gratiarum
1012 3551 1149 3601 actio
1183 3551 1524 3618 impendium,
1554 3566 1607 3608 et
1637 3558 1688 3609 in
1726 3573 1884 3611 omne
1917 3574 2086 3612 aevum
2122 3544 2478 3624 impendetur.

764 3637 867 3700 VII,
901 3640 984 3692 15.
1033 3641 1097 3692 Et
1130 3649 1386 3710 respondit
1421 3647 1550 3700 un‘us
1587 3649 1648 3701 de
1675 3650 1982 3707 senioribus.
2009 3660 2055 3703 et
2089 3650 2224 3703 dixit

679 3729 854 3778 'mihi:
893 3730 964 3782 lli
1003 3734 1090 3799 qui
1123 3738 1297 3788 amicti
1328 3748 1446 3789 sunt
1488 3737 1635 3792 stolis
1666 3741 1820 3805 albis,
1858 3743 1944 3809 qui
1973 3745 2139 3814 sunt?
2176 3752 2225 3796 et

691 3819 824 3870 unde
850 3824 1130 3874 venerunt?
1161 3823 1225 3874 Et
1247 3827 1358 3877 dixi
1393 3827 1508 3880 illi:
1536 3828 1744 3906 Domine
1765 3831 1857 3893 nti,
1891 3841 1942 3882 tu
1964 3833 2085 3885 scis.

763 3989 910 4043 Unus
956 4007 985 4045 e
1027 3994 1324 4051 senioribus
1371 4014 1464 4066 per
1510 4000 1980 4070 interrogationem
2019 4006 2220 4058 excitat

692 4082 990 4137 apostolum
1012 4081 1291 4149 Joannem,
1319 4097 1372 4139 ut
1398 4089 1463 4140 de
1498 4090 1562 4142 iis
1590 4106 1707 4156 quae
1733 4093 1936 4145 viderat
1963 4095 2216 4160 inquirat.

689 4166 921 4223 Jtmnnes
970 4186 1094 4223 vero
1127 4174 1251 4226 dum
1287 4175 1549 4230 inscitiam
1584 4193 1733 4232 suam
1788 4182 2012 4249 ingenue
2061 4183 2220 4250 proli-

693 4267 850 4322 tctur,
897 4273 1136 4316 amanter
1167 4267 1233 4316 ab
1272 4281 1336 4318 eo
1371 4283 1525 4335 quem
1565 4271 1835 4334 cernebat,
1876 4271 1942 4326 de
1971 4273 2047 4327 rei
2077 4274 2219 4326 veri-

693 4359 800 4400 tate.
832 4352 1130 4406 instruitur.

2396 3647 2502 3701 Kal
2531 3624 2813 3714 ἀπεκρίάη
2855 3643 2941 3711 εἷς
2969 3649 3035 3702 ἐκ
3065 3649 3179 3702 τῶν
3203 3653 3611 3719 πρεσϐυτέρων
3629 3693 3643 3717 ,
3673 3657 3874 3725 λέγων

2320 3754 2455 3804 μοι’
2510 3734 2702 3793 Οὗτοι,
2729 3739 2781 3790 οι
2830 3741 3303 3806 περιϐεϐλημένοι
3345 3745 3451 3806 τὰς
3496 3745 3717 3810 στολὰς
3758 3747 3874 3814 τὰς

2325 3824 2563 3888 λευκὰς.
2586 3825 2741 3888 τίνες
2763 3825 2909 3888 εὶσί;
2933 3825 3028 3877 καὶ
3058 3829 3240 3882 πόθεν
3273 3828 3459 3896 ἦλθον
3473 3848 3493 3896 ;
3519 3832 3627 3886 Καὶ
3653 3834 3871 3902 εἰρηκα

2324 3912 2498 3976 αὐτῷ·
2528 3913 2698 3978 Κύριέ
2715 3930 2850 3980 μου,
2869 3913 2949 3966 σὺ
2982 3911 3164 3979 οἶδας.
3424 3975 3438 3986 ι

2397 3999 2521 4070 [Καὶ
2539 4002 2818 4068 ἀπεκρίθη
2835 3997 2918 4067 εἷς
2929 4003 3044 4055 τῶν
3053 3984 3505 4077 πρεσϐυτέρων]
3516 3984 3584 4048 '—
3598 4010 3868 4080 Διεγείρει

2319 4093 2404 4144 διὰ
2436 4093 2532 4158 τῆς
2578 4093 2813 4154 πεύσεως
2845 4092 2935 4143 τὸν
2969 4094 3230 4162 μακάριον
3276 4097 3305 4146 ό
3341 4095 3521 4161 ὀφθεὶς
3596 4099 3728 4166 πρὸς
3760 4100 3868 4168 τὴν

2320 4180 2426 4231 τῶν
2455 4181 2750 4248 ὁραθέντων
2778 4181 3018 4248 ἔρευναν.
3055 4183 3114 4233 '0
3147 4182 3224 4248 δὲ,
3261 4184 3356 4253 τὴν
3387 4185 3605 4252 ἄγνοιαν
3653 4188 3866 4255 εὐγνω-

2325 4269 2497 4337 μόνως
2552 4269 3007 4339 προδαλλόμενος,
3066 4271 3213 4341 παρὰ
3265 4273 3357 4326 τοῦ
3407 4275 3660 4345 ὀφθέντος
3703 4278 3865 4346 σοφί-

2324 4359 2494 4420 ζεται.

759 4439 860 4507 33
885 4440 994 4501 VII,
1032 4443 1114 4506 Μ,
1137 4444 1220 4496 15.
1257 4445 1322 4496 Et
1350 4448 1481 4498 dixit
1511 4450 1679 4503 mihi:
1717 4448 1789 4503 Hi
1831 4454 2054 4520 suntqui
2077 4470 2220 4505 uene-

2392 4448 2496 4500 Kal
2529 4443 2656 4500 εἶπέ
2681 4464 2813 4515 μοι·
2851 4444 3024 4503 Οὗτοι
3054 4451 3208 4502 εἰσιν
3240 4453 3294 4503 ol
3320 4452 3622 4520 ἐρχόμενοι
3649 4455 3716 4508 ἐκ
3747 4453 3866 4522 τῆς

692 4539 810 4580 runt
852 4531 911 4582 de
938 4533 1265 4587 tribulatione
1300 4548 1565 4604 magna.et
1595 4539 1825 4592 laverunt
1868 4543 2028 4595 stolas
2061 4559 2215 4609 suas,

690 4629 736 4670 et
787 4621 1144 4675 dealbavrrunt
1207 4643 1291 4678 eas
1339 4629 1391 4677 in
1442 4631 1688 4696 sanguine
1731 4632 1908 4699 Agni:
1958 4634 2068 4686 ideo
2100 4643 2220 4686 sunt

693 4706 809 4758 ante
840 4710 1074 4763 thronum
1109 4713 1217 4774 Dei,
1240 4725 1285 4766 et
1316 4720 1536 4769 serviunt
1571 4721 1720 4786 eifdie
1749 4738 1810 4772 ac
1833 4732 1976 4773 nocte
2017 4726 2068 4775 in
2092 4736 2218 4776 tem-

690 4797 773 4862 plo
813 4799 958 4865 ejus:
1011 4812 1058 4853 et
1102 4805 1189 4869 qui
1232 4806 1366 4857 sedet
1420 4810 1471 4857 in
1514 4811 1713 4874 throno,
1762 4811 2011 4865 habitabit
2071 4830 2220 4880 super

690 4903 794 4937 ('08.

760 5057 905 5111 Beati
960 5060 1115 5126 plane
1172 5065 1261 5129 qui
1307 5079 1397 5131 per
1447 5069 1796 5134 temporarios
1840 5070 2047 5128 labores
2103 5076 2218 5128 exi-

691 5162 935 5215 gnasque,
953 5151 1195 5223 corporis
1238 5155 1507 5210 molestias
1553 5159 1929 5226 sempiternam
1980 5165 2214 5231 requiem

692 5244 1101 5301 compararunt;
1137 5237 1333 5305 quique
1354 5242 1419 5293 ob
1452 5244 1502 5296 id
1535 5246 1674 5312 quod
1721 5263 1822 5300 una
1853 5264 1974 5302 cum
2004 5252 2216 5306 Christo

693 5314 1231 5382 impigre"eertarunt
1281 5340 1597 5398 cruccmque
1642 5335 1993 5401 pertulerunt,
2055 5340 2215 5394 simul

691 5419 809 5455 cum
848 5407 937 5458 illo
967 5424 1207 5477 regnant,
1259 5424 1312 5468 et
1363 5430 1612 5484 perpetuo
1651 5422 1722 5476 illi
1765 5424 2111 5489 ministrant,
2142 5430 2217 5483 si-

665 5489 906 5556 'quidcm
941 5511 1032 5582 per
1068 5499 1199 5551 diem
1230 5517 1277 5555 et
1306 5517 1501 5558 noctem
1529 5512 1768 5576 quasdam
1818 5517 2071 5584 temporis
2126 5533 2217 5584 pe-

698 5584 953 5648 rcnnitas,
989 5587 1320 5658 actionisque
1351 5596 1672 5650 continuitas
1698 5600 1797 5654 hoc
1822 5602 1938 5656 loco
1971 5605 2218 5674 designa-

694 5677 778 5722 tur
811 5689 825 5722 :
855 5677 1278 5746 quandoquidem
1332 5683 1402 5737 ibi
1455 5687 1595 5742 nulla
1655 5703 1760 5743 nox
1815 5701 1933 5754 est,
1975 5693 2065 5746 sed
2111 5708 2214 5747 una

2319 4535 2574 4598 θλίψεως
2608 4533 2713 4600 τῆς
2739 4535 3026 4602 μεγάλης,
3061 4537 3157 4588 καὶ
3200 4538 3471 4593 ἔπλυναν
3497 4543 3602 4608 τὰς
3628 4544 3863 4611 στολὰς

2318 4625 2540 4677 αὐτῶν·
2588 4627 2682 4677 καὶ
2712 4626 3039 4679 ἐλεύκαναν
3074 4629 3258 4694 αὑτὰς
3292 4631 3354 4682 ἐν
3389 4631 3468 4696 τῷ
3505 4635 3703 4701 αἵματι
3745 4637 3860 4689 τοῦ

2330 4717 2578 4782 Ἀρνέου.
2606 4717 2714 4770 Καὶ
2739 4717 2834 4769 διὰ
2862 4717 3035 4769 τοῦτό
3055 4719 3210 4770 εἰσιν
3233 4718 3486 4773 ἐνώπιον
3509 4725 3613 4773 τοῦ
3637 4725 3861 4787 θρόνου

2319 4807 2420 4859 τοῦ
2461 4807 2625 4869 Θεοῦ,
2680 4808 2776 4859 καὶ
2814 4808 3204 4873 λατρεύουσιν
3272 4808 3429 4871 αὐτῷ
3482 4808 3702 4874 ἡμέρας
3753 4813 3860 4865 και

2316 4897 2528 4960 νυκτὸς
2560 4897 2626 4948 ἐν
2653 4895 2730 4958 τῷ
2766 4877 2888 4958 ναῷ
2933 4897 3114 4948 αὐτοῦ
3135 4913 3149 4927 ο
3197 4897 3293 4949 καὶ
3329 4900 3361 4948 d
3388 4896 3720 4965 καθήμενος
3754 4901 3860 4956 ἐπὶ

2317 4987 2420 5039 τοῦ
2451 4988 2682 5052 θρόνου,
2717 4989 3012 5051 σκηνώσει
3048 4987 3136 5039 ἐπ’
3168 4989 3401 5053 αὐτούς.

2385 5075 2652 5142 Μακάριοι
2725 5076 2772 5125 ol
2845 5075 2931 5125 διὰ
2996 5076 3339 5145 προσκαίρων
3411 5079 3585 5134 πόνων
3640 5080 3859 5134 αἰώνιον

2318 5164 2623 5216 ἀνάπαυσιν
2683 5164 3080 5232 καρπούμενοι⁹
3129 5166 3219 5215 καὶ
3261 5165 3347 5218 διὰ
3379 5169 3471 5219 τοῦ
3509 5171 3858 5237 συμπάσχειν

2317 5253 2573 5322 Χριστῷ,
2631 5254 2802 5320 τούτῳ
2865 5253 3382 5321 πμὸασιλεύοντες,
3454 5258 3545 5309 καὶ
3591 5258 3858 5326 διηνεκῶς

2316 5342 2461 5409 αὐτῷ
2510 5339 2878 5408 λατρεύοντες.
2912 5344 2982 5394 Τὸ
3010 5343 3146 5411 γὰρ,
3198 5344 3418 5411 ἡμέρας
3474 5347 3566 5398 καί
3613 5349 3852 5410 νυκτὸς,

2317 5432 2717 5500 ἐνταῦθαῷδηλοτ
2751 5434 2810 5484 τὸ
2826 5434 3264 5487 ἀκατάπαυστον.
3314 5437 3457 5487 Ἐκεῖ
3487 5438 3594 5506 γὰρ
3627 5438 3721 5502 νὺξ
3736 5437 3853 5514 ,οὐκ

2318 5516 2505 5570 ἔσται·
2547 5519 2661 5571 ἀλλ’
2707 5521 2887 5589 ἡμέρα
2932 5520 3029 5587 μία
3058 5522 3178 5573 ἀντὶ
3219 5521 3357 5593 [τοῦ]
3393 5524 3649 5594 αἰσθητοῦ
3695 5523 3852 5591 ἡλίου

2317 5607 2390 5674 τῷ
2420 5607 2635 5677 [νοητῷ]
2685 5610 2781 5676 τῆς
2817 5609 3160 5678 δικαιοσύνης
3195 5614 3331 5682 ἡλίῳ
3365 5613 3850 5681 καταλαμπομένη.

2321 5697 2474 5770 Ἴσως
2503 5697 2560 5749 δὲ
2586 5696 2696 5762 νὺξ
2744 5698 2939 5752 νοεῖται
2981 5699 3072 5753 καὶ
3106 5701 3175 5753 τὰ
3205 5702 3499 5773 ὰπόκρυφα
3550 5701 3640 5754 καὶ
3675 5699 3851 5768 βαθέα
