4088 6332
233 394 328 453 ειν

1146 393 1736 454 COMMENTARIUS
1775 393 1856 452 IN
1893 390 2405 454 APOCALYPSIN.

3283 397 3388 460 290

235 501 636 572 ἀμαρτανόντισιν
696 495 1034 571 ἐπιστρέφων
1063 541 1076 559 .
1113 503 1141 569 ἢ
1186 502 1355 569 λόγῳ,
1401 507 1431 570 ἢ
1488 506 1795 562 παιδείαις]

1818 503 2002 562 ,ςιιογί
2072 503 2367 569 blandoque
2417 500 2802 557 admonitionis
2853 503 3014 558 verbo
3070 522 3097 559 a
3153 511 3384 575 peccatis

235 591 512 661 αὑστηροτέ
521 608 665 661 ραις.

301 761 395 813 Καὶ
421 761 697 828 ἐγένοντο
728 763 910 829 φωναί
939 761 1032 814 καὶ
1052 763 1296 828 ,βρονταὶ
1333 763 1425 812 καὶ
1456 763 1750 829 ἀστραπαὶ

234 849 322 917 καὶ
350 851 592 913 σεισμός
617 865 629 877 ’
661 849 753 900 καὶ
781 853 831 900 οἱ
859 851 1002 900 ἑπτὰ
1031 850 1260 916 ἄγγελοι
1298 853 1351 901 οι
1388 851 1626 913 ἔχοντες
1647 851 1753 911 τὰς
1793 920 1795 922 _

233 939 369 990 ἑπτὰ
411 938 766 1007 σάλπιγγας,
803 942 1129 1007 ἡτοίμασαν
1164 940 1412 1002 ἑαυτοὺς
1458 942 1555 990 ἵνα
1598 944 1750 993 σαλ-

233 1033 496 1084 πίσωσιν.

295 1121 385 1172 Διά
397 1121 599 1172 τούτων
618 1122 828 1173 πάντων
845 1120 910 1171 τὰ
930 1121 1031 1189 πρὸ
1048 1122 1143 1189 τῆς
1163 1122 1463 1184 συντελείας
1481 1138 1748 1190 χαρακτη-

233 1212 454 1279 ρίζονται
491 1210 749 1277 φόδητρα,
782 1210 1093 1278 καθάπερὲν
1111 1211 1183 1277 τῷ
1206 1212 1330 1278 Σινᾷ
1348 1211 1461 1279 opst.
1485 1210 1629 1270 θείας
1647 1228 1749 1261 πα-

234 1299 438 1369 ρουσίας
469 1299 818 1367 ἐγνωρίζοντο
840 1299 901 1350 σύ
911 1301 1098 1367 μ6ολα,
1123 1302 1326 1362 πάντας
1353 1301 1749 1367 καταπλήττον-

233 1407 314 1452 τα,
348 1388 433 1438 καὶ
470 1389 601 1456 πρὸς
617 1387 940 1458 ἐπιστροφὴν
959 1391 1079 1450 τοὺς
1092 1391 1615 1458 εὐγνωμονεστέρους
1632 1391 1748 1441 ἐνά-

233 1494 397 1542 γοντα.
409 1478 472 1529 Ἀ
483 1480 676 1544 rrum
692 1478 744 1528 δὲ
761 1478 961 1540 τούτοις
987 1479 1226 1531 διακονοῦ
1237 1481 1412 1541 σιν,ῶς
1432 1481 1598 1547 ἰατροὶ
1617 1496 1678 1530 συ
1687 1497 1750 1546 μ-

233 1566 408 1625 παθεῖς
421 1567 869 1634 Χριστομιμήτως
889 1583 901 1594 ·
923 1568 1182 1636 καυτῆρσι
1200 1571 1291 1620 καὶ
1307 1571 1496 1635 τομαῖς
1513 1570 1633 1629 τοὺς
1651 1569 1746 1635 τὴν

230 1656 518 1722 δεινοτάτην
567 1655 665 1721 τῆς
707 1657 974 1723 ἁμαρτίας
1007 1658 1155 1708 νόσον
1185 1657 1536 1718 ἀσθενοῦντας
1586 1657 1745 1724 θερα-

235 1743 470 1804 πεύοντες
501 1759 518 1774 ⁵
547 1744 579 1812 ἦ
610 1744 669 1794 τό
700 1761 761 1809 γε
798 1743 1172 1813 μετριώτερον,
1203 1747 1313 1804 τοῖς
1365 1747 1746 1812 ῥᾳθυμοτέρως

1855 591 2230 650 avertit;alios
2262 599 2436 642 autem
2470 593 2722 644 scvcriori
2764 595 2992 659 quadam
3033 599 3385 663 castigatione

1849 686 1902 728 et
1925 677 2200 743 disciplina
2231 679 2292 740 ad
2321 693 2504 730 sanam
2541 686 2769 732 mentem
2814 684 3038 736 reducit.

1921 762 2054 827 VIII,
2081 765 2133 826 5,
2158 764 2208 816 6.
2244 764 2310 814 Et
2333 766 2472 830 facta
2517 779 2632 817 sunt
2667 771 2894 821 tonitrua
2927 781 2974 822 et
3007 788 3146 824 voces
3168 817 3180 836 ,
3206 785 3250 824 et
3283 777 3386 841 [nt-

1849 869 1999 920 gura,
2026 863 2071 905 et
2098 864 2439 913 terrwmotus.
2476 853 2537 904 Et
2560 865 2747 921 septem
2788 860 2989 924 angeli,
3025 863 3112 928 qui
3135 865 3383 916 habebant

1849 951 2037 1008 septem
2066 942 2239 1004 tubas,
2269 957 2685 1011 prwparaverunt
2706 963 2757 998 se
2784 957 2837 997 ut
2867 950 2988 1000 tuba
3017 965 3277 1006 canerent.

1916 1117 2018 1168 Per
2055 1107 2164 1169 haec
2192 1118 2369 1169 omnia
2401 1125 2630 1170 terrores
2664 1118 2735 1169 illi
2763 1127 2814 1170 et
2842 1120 3015 1182 mina},
3048 1137 3165 1188 qua:
3198 1125 3375 1177 szeculi

1847 1189 2356 1258 consummationem
2391 1206 2742 1270 antecedent,
2779 1209 3165 1263 adumbrantur
3195 1230 3205 1263 :
3240 1215 3379 1268 sicut

1845 1296 2028 1348 eadem
2090 1298 2140 1347 in
2184 1305 2359 1349 monte
2403 1296 2527 1348 Sina
2575 1310 2784 1363 quoque
2833 1298 2960 1350 certi
3009 1299 3196 1354 divitne
3241 1318 3375 1370 prte-

1847 1385 2028 1438 sentize
2118 1385 2317 1437 indices
2395 1393 2582 1447 erant,
2660 1387 3057 1453 salutaremque
3129 1391 3373 1443 timorem

1847 1475 2117 1533 omnibus.
2140 1474 2269 1527 hcnc
2290 1474 2577 1542 praesertim
2597 1473 2804 1528 aﬂ'ectis
2830 1475 3176 1530 incutiebant.
3201 1480 3379 1548 Angeti

1849 1572 2025 1616 autem
2055 1565 2244 1615 harum
2286 1579 2462 1617 rerum
2511 1566 2831 1628 administri,
2865 1562 3117 1634 tanquam
3172 1569 3376 1621 miscri-

1846 1653 2035 1706 cordes
2084 1653 2529 1720 condolentesque
2597 1656 2823 1720 medici,
2891 1658 3014 1709 dum
3073 1660 3136 1709 ad
3183 1658 3376 1712 Christi

1847 1741 2150 1806 exemplum
2180 1744 2412 1794 cauteria
2459 1751 2510 1795 ct
2541 1745 2802 1799 scctiones
2849 1745 2953 1801 illis
3006 1747 3259 1802 adhibent
3288 1767 3376 1815 qut

231 1835 321 1900 τὴν
353 1833 639 1902 μέλλουσαν
677 1833 1107 1900 ἐπικουφίζοντες
1158 1834 1392 1894 κόλασιν,
1426 1833 1470 1883 εί
1499 1833 1743 1884 ὁπωσοῦν
1774 1819 1795 1874 Ῐ

1847 1830 2074 1894 graviori
2108 1841 2438 1897 peccatorum
2480 1835 2666 1886 morbo
2725 1844 2986 1899 tenentur,
3042 1849 3131 1890 aut
3161 1841 3378 1890 omnino

232 1926 548 1993 εὐχαρίστως
603 1925 914 1990 ὲνέγκωσιν.
976 1926 1150 1992 Ἠμᾶς
1205 1925 1281 1989 δὲ,
1315 1923 1536 1990 τοὺςτῷ
1582 1923 1748 1991 τιμίῳ

234 2012 362 2083 [τοῦ]
406 2012 643 2080 Χριστοῦ
689 2014 1148 2082 ὲστρραγισμένους
1211 2015 1453 2080 ὀνόματι,
1509 2013 1600 2063 καὶ
1649 2013 1747 2079 τὴν

232 2102 372 2164 δόξαν
399 2103 503 2153 τῶν
534 2102 702 2167 ἁγίων
754 2102 1136 2163 ὲπιποθοῠντας
1161 2143 1176 2166 ,
1225 2102 1318 2153 καὶ
1370 2104 1477 2162 τοῖς
1517 2100 1744 2152 ἐνταῦθα

232 2191 480 2255 ἀλγεινοῖς
508 2193 606 2259 τὴν
626 2191 733 2243 τῶν
767 2192 1061 2260 μελλόντων
1105 2192 1278 2243 πόνων
1309 2191 1481 2258 φυγὴν
1519 2192 1742 2257 εὐχομέ-

234 2295 364 2341 νους,
415 2280 681 2332 παιδεύων
753 2283 782 2332 ὁ
828 2281 1194 2349 φιλάνθρωπος
1251 2281 1467 2348 Κύριος,
1520 2279 1595 2348 τῷ
1647 2281 1744 2346 τῆς

234 2367 482 2435 ἁμαρτίας
522 2367 732 2436 θανάτῳ
755 2368 827 2436 μὴ
850 2368 1171 2435 παραδώσω,
1203 2369 1380 2428 καθὼς
1401 2368 1703 2436 γέγραπται
1727 2382 1741 2396 ⁸

232 2456 352 2507 ἀλλὰ
372 2457 593 2526 πραΰνοι
625 2458 755 2526 ἡμῖν
777 2458 873 2518 τὰς
904 2458 1139 2525 πονηρὰς
1171 2458 1276 2526 ὴμέ
1287 2475 1376 2525 ρας
1395 2458 1499 2509 τῶν
1520 2457 1745 2509 αἰωνίων

231 2546 502 2609 κολάσεων,
572 2547 697 2598 ὅταν
753 2548 919 2616 ὁρυγῇ
977 2547 1171 2615 βόθρος
1218 2547 1293 2615 τῷ
1330 2549 1426 2613 τῆς
1479 2546 1745 2613 ἁμαρτίας

231 2636 407 2705 εὐρετῇ
426 2638 453 2688 ὁ
481 2638 724 2706 ἀφεγγὴς
750 2638 842 2705 τῆς
863 2639 1078 2705 γεέννης
1102 2638 1272 2706 χῶρος
1303 2640 1392 2689 καὶ
1416 2637 1705 2704 βαθύτατος
1727 2653 1740 2667 ⁸

229 2728 379 2791 ὅπως,
409 2725 535 2778 ἔνθα
561 2728 992 2796 εὐφραινομένων
1031 2729 1242 2779 πάντων
1271 2729 1300 2794 ἡ
1332 2727 1600 2787 κατοικία,
1636 2729 1742 2785 τοῖς

230 2815 385 2880 ἁγίοις
414 2815 867 2882 συναυλιζόμενοι,
919 2816 1012 2866 σὺν
1025 2815 1166 2881 αὐτῷ
1191 2816 1265 2880 τῷ
1292 2813 1498 2880 Σωτῆρι
1530 2815 1743 2881 Χριστῴ

228 2905 296 2972 τῷ
314 2905 424 2971 θεῷ
439 2905 592 2971 ἡμῶν
625 2903 938 2972 [ἐσόμεθα
984 2900 1026 2968 ᾧ
1053 2903 1245 2971 πρέπει
1277 2905 1417 2953 πᾶσα
1451 2902 1740 2966 δοξολογία,

228 2995 344 3060 τιμὴ
364 3009 418 3042 τε
443 2993 536 3043 καὶ
565 2992 944 3060 προσκύνησις,
971 2992 1081 3057 ἅμα
1108 2992 1186 3058 τῷ
1217 2991 1385 3057 Πατρὶ
1399 2993 1488 3041 καὶ
1513 2989 1588 3056 τῷ
1605 3005 1739 3040 παν-

231 3081 355 3148 αγίῳ
406 3080 702 3146 Πνεύματι,
725 3081 818 3133 νῦν
834 3082 925 3132 καὶ
946 3081 1048 3143 ἀεὶ,
1073 3081 1252 3140 καὶείς
1275 3081 1395 3140 τοὺς
1415 3078 1611 3138 αἰῶνας
1632 3077 1737 3128 τῶν

228 3169 434 3223 αἰώνων.
475 3171 529 3220 Ἀ
540 3171 665 3238 μήν.

1846 1926 2038 1967 curant
2093 1918 2442 1984 morbumque
2487 1920 2803 1989 proﬂigant,
2852 1933 2945 1976 aut
2976 1924 3184 1992 ignavis
3235 1935 3377 1979 certe

1847 2004 2172 2072 ingratisque
2221 2009 2526 2061 hominibus
2570 2009 2806 2061 futurum
2863 2013 3182 2078 supplicium
3247 2030 3375 2069 non-

1849 2094 1984 2144 nihil
2034 2095 2317 2147 snblevare
2372 2097 2801 2164 moderatiusque
2846 2099 3062 2152 reddere
3107 2114 3372 2168 satagunt.

1841 2181 1946 2234 Nos
1968 2193 2141 2235 autem
2171 2221 2186 2245 ,
2236 2185 2326 2251 qui
2378 2187 2613 2251 pretioso
2650 2187 2846 2240 Christi
2885 2190 3101 2243 nomine
3132 2192 3370 2260 insigniti

1842 2288 2048 2337 sumus,
2076 2285 2486 2341 sanctorumque
2539 2276 2760 2342 gloriam
2795 2277 3111 2346 expetimus,
3167 2297 3370 2336 necnon

1843 2377 1936 2429 per
1965 2377 2150 2429 pinnas
2186 2373 2236 2416 et
2265 2364 2536 2416 molestias
2559 2402 2573 2427 ,
2603 2380 2722 2431 qua:
2755 2365 2837 2418 hic
2870 2367 3190 2434 inferuntur,
3227 2371 3373 2424 fmu-

1843 2466 2022 2503 rorum
2049 2452 2288 2504 laborum
2309 2461 2361 2504 et
2383 2453 2749 2505 molestiarum
2779 2457 2992 2522 pondus
3013 2457 3237 2512 evadere
3257 2474 3376 2527 per-

1841 2551 2110 2610 optamus,
2173 2543 2478 2595 misericors
2537 2543 2671 2595 licus
2723 2545 3066 2614 clemensque
3127 2546 3283 2601 Pater
3319 2551 3371 2601 in

1845 2630 1943 2681 hac
1972 2630 2180 2681 mortali
2218 2632 2320 2680 vita
2357 2631 2426 2681 ita
2459 2631 2636 2698 expiet
2689 2642 2741 2684 et
2792 2634 3045 2702 castiget,
3079 2644 3134 2688 ut
3168 2638 3219 2688 in
3254 2651 3372 2703 pec-

1840 2717 1946 2768 cati
1980 2726 2202 2769 mortcm
2240 2733 2344 2770 non
2375 2719 2544 2770 tradat
2572 2736 2585 2782 ;
2627 2721 2754 2787 quin
2796 2723 2971 2789 potius
3001 2725 3223 2777 acerbos
3253 2727 3371 2778 illos

1840 2817 2159 2858 aeternorum
2213 2809 2564 2861 cruciatttum,
2593 2809 2707 2862 dies
2750 2813 2903 2865 nobis
2945 2823 3054 2865 tum
3107 2816 3368 2882 mitigare,

1842 2897 1948 2947 imo
1975 2909 2098 2962 vero
2126 2910 2345 2961 prorsus
2373 2897 2608 2950 adimere
2637 2899 2906 2966 dignetur,
2933 2916 3051 2952 cum
3083 2902 3369 2969 impietatis

1841 2984 2101 3036 inventori
2135 2985 2282 3037 fovea
2315 2987 2560 3048 fodietnr,
2587 2989 2848 3042 obscurus
2874 2990 3122 3041 nimirum
3150 2992 3367 3056 profun-

1839 3074 2197 3141 dissimusque
2234 3076 2483 3144 gehennm
2517 3076 2664 3128 locus
2701 3081 2716 3128 ἑ
2750 3092 2856 3143 quo
2887 3077 3096 3130 tandem
3121 3081 3369 3132 omnibus

1763 3159 1804 3214 C
1840 3165 2136 3216 laetantibus
2173 3164 2224 3215 in
2265 3173 2568 3218 Sanctorum
2608 3165 2963 3216 habitaculum
3000 3166 3227 3232 recepti,
3265 3180 3364 3215 una

227 3272 334 3310 cum
378 3259 480 3311 illis
519 3258 838 3326 Christoque
867 3257 974 3311 Deo
1003 3267 1054 3311 et
1096 3260 1375 3314 Scrvatore
1404 3265 1588 3308 nostro
1632 3261 1886 3320 perpetuo
1915 3255 2155 3305 vivamus
2186 3269 2199 3304 :
2252 3269 2409 3320 quem
2437 3253 2586 3306 decet
2614 3253 2783 3307 omnis
2814 3255 3067 3321 gloria,et
3098 3258 3284 3315 honor,
3314 3263 3369 3311 et

228 3349 467 3416 adoratio,
493 3350 656 3404 simul
718 3365 840 3403 cum
903 3352 1055 3404 Patre
1079 3359 1129 3403 et
1160 3349 1502 3402 sanctissimo
1535 3345 1737 3414 Spiritu
1763 3345 1813 3397 in
1843 3345 2005 3397 sxcul
2027 3359 2056 3395 a
2095 3345 2441 3399 saeculorum.
2478 3347 2668 3398 Amen.

577 3481 820 3536 ΚΕΦΑΛ.
855 3481 978 3536 KB'.
1037 3484 1248 3536 ΛΟῘὊΣ
1281 3481 1360 3536 η’.

227 3613 344 3677 Περὶ
371 3611 488 3664 τῶν
533 3611 681 3665 ἑπτὰ
729 3613 990 3683 ἀγγέλων
1016 3628 1029 3640 ·
1057 3613 1197 3683 ,ΙέξῙ
1233 3607 1322 3683 ὧν
1361 3613 1464 3683 τρῦ
1507 3611 1732 3683 πρῶτον

284 3683 702 3745 emtam-mc,
729 3677 949 3749 χάλαζα
975 3682 1068 3732 καί
1086 3677 1212 3747 mago
1234 3682 1329 3735 καὶ
1345 3677 1484 3748 αἷμα
1503 3677 1598 3731 ἐπὶ
1626 3679 1731 3745 τῆς

284 3749 384 3813 Τῆς
410 3750 668 3816 φέρεται.

284 3883 379 3933 Kal
408 3885 440 3933 ὀ
465 3879 691 3947 πρῶτος
719 3881 965 3949 ἄγγελος
996 3881 1289 3933 ἐσάλπισε
1308 3897 1320 3911 ’
1364 3881 1458 3932 καὶ
1497 3879 1730 3945 ἐγένετο

227 3971 422 4038 χάλαζα
471 3971 566 4023 καὶ
618 3971 734 4037 πῦρ
784 3973 1140 4039 μεμιγμένον
1192 3973 1260 4022 ἐν
1332 3971 1561 4036 αἵματι·
1635 3970 1731 4020 καὶ

225 4060 416 4130 ἐϐλήθη
444 4064 529 4126 είς
557 4061 669 4127 τὴν
704 4060 820 4130 γῆν
842 4077 855 4091 ·
887 4063 980 4113 καί
1019 4063 1084 4113 τὸ
1113 4062 1304 4128 τρίτον
1330 4059 1436 4125 τῆς
1469 4058 1578 4126 γῆς
1592 4075 1729 4110 κατ-

225 4151 348 4218 εκάη
367 4167 379 4180 ·
435 4153 530 4203 καί
567 4151 635 4202 τὸ
665 4151 862 4216 τρίτον
886 4148 1001 4202 τῶν
1024 4149 1279 4216 δένδρων
1307 4146 1554 4213 κατεκάη
1589 4164 1600 4175 ·
1636 4146 1729 4198 καὶ

226 4240 322 4305 πᾶς
350 4244 560 4308 χόρτος.
586 4239 812 4307 χλωρὸς
834 4239 1104 4304 κατεκάη.

281 4330 452 4382 Ταῦτά
475 4345 617 4382 τισιν
644 4327 816 4392 ἔδοξεν
848 4327 1170 4381 αἰνίττεσθαι
1201 4326 1294 4396 τὴν
1318 4328 1374 4378 ὲν
1396 4326 1581 4395 γεέννῃ
1617 4325 1721 4377 τῶν

2159 3495 2384 3550 CAPUT
2439 3497 2600 3550 XXII.
2657 3497 2881 3552 SERMO
2934 3501 3040 3554 \‘III

1837 3605 1910 3658 De
1935 3617 2123 3677 septem
2153 3606 2348 3677 angelis
2369 3645 2401 3677 ,Α
2432 3622 2458 3657 e
2509 3622 2724 3677 quorum
2758 3623 2966 3660 numero
3005 3610 3127 3660 dum
3165 3613 3361 3677 primus

1907 3676 2026 3806 tfuba
2049 3676 2212 3740 canit,
2234 3674 2454 3742 grando,
2489 3685 2536 3725 et
2559 3676 2693 3742 ignis
2713 3715 2726 3740 ,
2747 3693 2807 3727 nc
2833 3681 3041 3745 sanguis
3074 3681 3127 3729 in
3165 3674 3359 3732 terram

1939 3753 2100 3795 ertur.

1939 3753 2100 3795 ertur.

1905 3874 2031 3937 VIII,
2068 3876 2116 3928 7.
2158 3873 2224 3925 Et
2268 3876 2463 3940 primus
2489 3875 2697 3942 angelus
2729 3877 2850 3927 tuba
2889 3881 3108 3940 cecinit;
3136 3891 3182 3932 et
3217 3883 3356 3947 facta

1826 3972 1900 4013 est
1921 3962 2116 4028 grando
2135 3973 2178 4012 et
2212 3962 2342 4028 ignis
2375 3962 2526 4011 mista
2561 3963 2613 4012 in
2657 3965 2936 4029 sanguine}
2963 3974 3009 4014 et
3045 3968 3254 4018 missum
3281 3979 3354 4019 est

1827 4051 1879 4102 in
1917 4061 2104 4102 terram
2135 4061 2180 4101 et
2206 4051 2354 4101 tertia
2379 4065 2496 4115 pars
2516 4058 2664 4101 terra:
2696 4051 2958 4102 combusta
2979 4064 3094 4113 est;
3125 4067 3169 4106 et
3202 4060 3352 4107 tertin

1825 4158 1946 4208 pars
1976 4142 2215 4193 arborum
2237 4150 2556 4194 concremata
2578 4149 2693 4204 est;
2716 4150 2763 4193 et
2791 4157 2938 4195 omne
2971 4143 3143 4211 fenum
3187 4149 3351 4199 viride

1828 4233 2140 4284 combustum
2164 4243 2260 4284 est.

1910 4321 2117 4385 lstlnec,
2154 4331 2209 4375 ut
2247 4323 2562 4391 quibusdam
2591 4324 2782 4392 placet,
2813 4322 3066 4378 denotant
3094 4328 3351 4394 supplicia

227 4419 528 4486 ἁμαρτωλῶν
554 4405 791 4478 κόλασιν,
833 4418 1176 4485 πολυτρόπως
1197 4417 1284 4468 διὰ
1311 4417 1416 4467 τῶν
1457 4416 1722 4484 αἰσθητῶν
1756 4417 1795 4471 D

1827 4411 2002 4477 impiis
2031 4422 2082 4464 et
2114 4415 2482 4480 peccatoribus
2517 4415 2650 4482 apud
2684 4414 2879 4468 inferos
2902 4417 3188 4470 constituta
3217 4455 3230 4478 ,
3264 4434 3352 4471 va-

225 4506 467 4572 ὀδυνηρῶν
489 4505 982 4574 τροπολογουμένην
1010 4521 1041 4567 ’ν
1061 4507 1218 4572 ἡμεῖς
1247 4503 1304 4554 δὲ
1330 4504 1614 4570 νομίζομεν
1640 4503 1725 4554 διὰ

223 4595 270 4643 τὸ
296 4594 511 4659 μάλιστα
539 4580 604 4644 οὐ
647 4592 742 4659 τὴν
768 4592 950 4661 τρίτην
971 4595 1180 4659 ’μοῖραν
1208 4587 1346 4642 εἶναι
1372 4591 1478 4642 τῶν
1509 4592 1727 4652 κολαζο-

226 4681 373 4744 μένων
405 4682 461 4730 ὲν
489 4679 564 4747 τῷ
603 4678 845 4746 μέλλοντι
905 4674 1101 4746 [αἰῶνι]
1148 4677 1212 4726 ὲκ
1247 4674 1337 4727 τοῦ
1376 4677 1571 4735 παντὸς
1620 4673 1724 4724 τῶν

221 4769 486 4838 ἀνθρώπων
516 4766 894 4842 πληρώματος,
927 4767 1056 4818 ἀλλὰ
1083 4765 1177 4834 τὴν
1205 4766 1416 4816 πλείονα
1450 4763 1726 4832 (Elateia

221 4859 307 4924 γὰρ
350 4859 557 4930 [φησιν]
608 4860 646 4928 ἡ
680 4858 818 4920 ὁδὸς
855 4858 892 4924 ἠ
945 4857 1256 4923 ἀπάγουσα
1313 4858 1398 4919 εἰς
1450 4855 1563 4920 τὴν
1608 4855 1718 4907 ἀπ-

220 4948 448 5015 ώλειαν),
476 4949 571 5009 τὰς
595 4947 700 5016 πρὸ
724 4947 820 5015 τῆς
847 4946 1142 5008 συντελείας
1171 4946 1365 5012 μᾶλλον
1383 4944 1549 4997 ταῦτα
1583 4944 1716 5011 πλη-

221 5036 301 5100 γὰς
325 5029 599 5104 ἐμφαίνειν
629 5052 643 5068 ο
681 5037 772 5089 καὶ¹
821 5037 934 5100 τὴν
984 5035 1079 5103 μὲν
1109 5035 1378 5102 χάλαζαν
1424 5033 1613 5102 δηλοῦν
1656 5034 1715 5085 τὺ

221 5125 470 5192 οὐρανόθεν
518 5125 669 5193 ἥκειν
695 5129 858 5178 ’κατᾶ
888 5125 1085 5188 δίκαιον
1131 5126 1300 5191 κρῖμα
1342 5124 1436 5184 τὰς
1468 5122 1715 5185 τοιαύτας

223 5214 454 5280 μάστιγας
479 5229 494 5244 ⁶
525 5215 589 5266 τὸ
612 5215 665 5266 δὲ
697 5215 820 5281 πῦρ
838 5215 958 5267 σὺν
987 5210 1063 5280 τῷ
1113 5207 1326 5279 αἵματι,
1372 5213 1465 5274 τὰς
1493 5214 1556 5263 ἐκ
1587 5214 1714 5281 βαρ-

221 5303 427 5374 ϐαρικῶν
457 5302 653 5372 χειρῶν
685 5305 968 5372 γινομένας
998 5303 1358 5370 πυρπολήσεις
1395 5318 1452 5352 τε
1502 5304 1594 5353 καὶ
1624 5305 1715 5354 ἁν-

219 5391 500 5459 δροκτασίας
555 5393 842 5460 ὁσημέραι.
913 5393 1030 5460 Ὑφ’
1080 5386 1152 5443 ὧν
1214 5391 1311 5442 οὐκ
1363 5389 1578 5441 ἔλαττον
1622 5392 1712 5442 τοῦ

220 5483 367 5550 τρίτου
401 5484 617 5552 μέρους,
648 5481 721 5545 ὡς
749 5482 983 5549 ὁρῶμεν,
1010 5481 1116 5534 τῶν
1133 5483 1188 5536 ἐν
1208 5484 1270 5549 τῇ
1320 5483 1388 5548 γῇ
1415 5482 1714 5549 κτισμάτων

277 5667 310 5696 ’⁸
333 5665 510 5719 Ilatth.
536 5679 628 5727 vn,
660 5662 736 5716 l5.

1823 4501 1918 4553 riis
1949 4503 2118 4554 modis
2146 4510 2304 4569 atque
2343 4504 2666 4571 metapltoris
2698 4519 2791 4570 per
2824 4520 2908 4558 res
2952 4507 3173 4559 sensiles
3197 4546 3210 4566 ,
3238 4524 3348 4573 ρω-

1823 4605 1945 4641 nam
1977 4589 2172 4642 inferre
2223 4601 2396 4658 aptas,
2458 4593 2789 4645 adumbrata.
2829 4593 2936 4646 Nos
2991 4604 3166 4647 autem
3209 4599 3350 4648 arhi—

1820 4687 2026 4730 tramur
2057 4694 2160 4733 non
2193 4681 2400 4733 tertiam
2431 4690 2635 4733 tantum
2684 4684 2987 4734 mortalium
3029 4694 3257 4750 partem
3287 4703 3346 4737 ex

1820 4775 1929 4820 tota
1962 4767 2237 4822 hominum
2265 4770 2603 4822 multitudine
2626 4771 2681 4828 in
2713 4771 2891 4823 futuro
2926 4773 3123 4824 saeculo
3169 4790 3350 4841 panius

1823 4857 2064 4910 datttram
2089 4895 2103 4918 ,
2135 4858 2226 4911 sed
2257 4858 2411 4927 longe
2436 4860 2758 4911 maximam:
2788 4860 2896 4929 36
2930 4860 3066 4913 Lata
3112 4880 3344 4930 namque.

1823 4958 1882 5000 ut
1908 4949 2160 5001 Dominus
2177 4949 2250 5001 ait
2273 4988 2287 5012 ,
2320 4959 2392 5001 est
2420 4958 2588 5015 porta,
2631 4961 2678 5002 et
2707 4953 2938 5018 spatiosa
2987 4962 3062 5004 est
3089 4954 3190 5014 via,
3235 4969 3348 5020 qua!

1821 5038 1966 5095 ducit
1985 5038 2051 5089 ad
2071 5039 2407 5105 perditionem
2440 5040 2501 5102 '9,
2536 5039 2772 5108 adeoque
2802 5055 2895 5107 per
2922 5041 3032 5094 lucc
3062 5043 3344 5110 signiﬁcari

1824 5135 2086 5180 tormenta
2109 5138 2163 5181 et
2209 5130 2495 5192 cruciatus,
2533 5130 2624 5196 qui
2658 5130 2965 5184 hominibus
3009 5142 3130 5183 ante
3167 5134 3340 5182 sa'culi

1821 5219 2334 5270 consummationem
2357 5218 2652 5271 infcroutur
2682 5237 2697 5272 :
2737 5229 2790 5272 et
2812 5223 3112 5287 grandinem
3135 5218 3341 5286 quidem

1821 5307 2071 5369 iudicare,
2109 5306 2269 5360 Deum
2294 5308 2525 5375 justaira
2554 5319 2899 5376 provocatum
2951 5308 3207 5373 ejusmodi
3248 5306 3344 5358 lla-

1824 5396 1956 5463 gella
2007 5397 2538 5452 cmlitusimmittcre
2588 5415 2602 5450 :
2655 5401 2821 5466 ignem
2875 5409 3050 5449 autem
3099 5400 3343 5464 sanguine

1823 5485 2039 5539 mixtum
2061 5527 2076 5554 ,
2106 5487 2442 5555 quotidianas
2469 5487 2919 5556 depOpulationes,
2966 5485 3206 5538 incendia
3257 5487 3342 5540 iti-
