4088 6332
768 444 874 504 295

1887 445 2203 509 ANDRE/E
2242 446 2740 506 ClESAPJENSIS

3797 446 3906 505 296

769 554 834 606 ad
860 549 1278 617 resipiscentiam
1309 553 1464 604 tacite
1507 565 1599 606 eos
1642 565 1953 620 provocans.
1983 555 2115 618 Quis
2145 555 2285 607 enim
2328 556 2535 620 divinos,
2563 557 2651 609 ira:
2697 556 2912 609 calicem
2953 554 3186 623 perferre
3241 563 3441 622 posset,
3492 553 3540 607 si
3595 567 3746 620 pure,
3802 555 3908 606 hoc

768 649 868 696 est.
903 639 1045 690 nulla
1077 638 1351 691 clementia
1384 649 1726 708 temperatus,
1767 643 2121 711 propinetur?

839 728 944 796 38
972 726 1100 790 VIII,
1152 727 1236 800 I5.
1287 727 1352 778 Et
1391 727 1512 790 uidi,
1568 737 1615 781 et
1674 730 1848 782 audivi
1909 746 2076 782 vocem
2133 719 2355 789 uniusA
2451 775 2453 780 .

2314 719 2355 789 Α
2451 727 2557 782 Καὶ
2586 728 2814 794 ἥκουσα
2829 727 2963 791 ἐνὸς
2981 727 3230 793 ἀγγέλου
3254 725 3574 792 πετομένου
3601 725 3670 777 έν
3685 741 3907 792 μεσου.

770 815 959 882 aquilte
986 815 1205 866 volantis
1247 830 1336 880 per
1385 816 1603 882 medium
1645 818 1778 879 caeli,
1820 818 2037 870 dicentis
2064 817 2281 888 [Aliter,

770 920 926 954 unum
952 902 1183 968 angelum
1215 903 1463 954 volantem
1494 920 1584 970 per
1614 904 1834 956 medium
1857 906 1990 968 coeli,
2013 906 2284 976 dicentem]

770 1007 884 1044 voce
920 1005 1133 1055 magna:
1174 990 1279 1054 Vte,
1304 1008 1397 1053 me,
1425 1009 1516 1054 vce,
1547 992 1898 1045 habitantibus
1933 995 1987 1045 in
2035 1007 2194 1056 terra,
2224 997 2288 1048 de

768 1081 963 1134 ca’teris
988 1080 1188 1132 vocibus
1219 1083 1375 1132 trium
1410 1083 1710 1148 angelorum
1744 1083 2022 1149 qui’erant
2053 1089 2174 1136 tuba
2203 1102 2286 1137 ca-

768 1171 945 1223 nituri.

836 1258 910 1310 Ex
943 1258 1025 1311 his
1056 1274 1267 1328 quoque
1321 1260 1579 1314 discimus
1611 1269 1807 1329 quanta
1840 1261 2138 1315 divinorum
2188 1276 2284 1314 au-

770 1347 1003 1413 gelorum
1048 1349 1119 1400 sit
1161 1348 1452 1411 miseratio,
1487 1356 1789 1419 quantaque
1816 1350 2118 1402 eorumdem
2162 1364 2285 1417 erga

769 1435 1013 1487 homines
1050 1435 1371 1488 humanitas.
1420 1434 1626 1490 Etenim
1680 1436 1744 1489 ad
1804 1435 1894 1490 Dei
1941 1438 2285 1489 imitationem

768 1521 984 1574 miseret
1016 1537 1108 1574 eos
1140 1523 1436 1587 hominum,
1468 1524 1558 1590 qui
1591 1524 1779 1579 durius
1822 1534 2037 1592 propter
2077 1533 2286 1591 peccata

768 1609 1143 1674 excipiuntur;
1199 1610 1365 1662 multo
1412 1625 1539 1663 vero
1592 1611 1760 1678 magis
1820 1612 2053 1672 illorum,
2090 1611 2180 1676 qui
2223 1625 2290 1662 ne

768 1696 936 1760 plagis
963 1696 1175 1761 quidem
1227 1698 1462 1749 suaviter
1495 1699 1746 1750 admoniti
1773 1738 1787 1761 ,
1819 1698 2203 1750 emcndantur:
2236 1697 2289 1749 in

769 1795 905 1846 quos
956 1782 1035 1832 vel
1064 1784 1296 1835 maxime
1326 1783 1498 1849 ipsum
1532 1783 1622 1837 Vae
1676 1785 1934 1852 quadrat;
1985 1795 2043 1837 ut
2091 1785 2180 1852 qui
2236 1785 2287 1836 in

770 1879 908 1921 terra
937 1870 1129 1937 degant
1158 1881 1210 1923 et
1245 1882 1453 1926 terrena
1485 1883 1685 1926 tantum
1716 1875 1953 1940 sapiant;
1991 1884 2044 1926 et
2079 1864 2289 1927 omnum

767 1960 948 2013 verius
977 1969 1028 2012 et
1055 1961 1344 2028 pulverem,
1373 1977 1530 2029 quam
1553 1978 1717 2017 suave
1752 1975 2078 2031 unguentum
2109 2004 2124 2027 ,
2153 1965 2288 2032 quod

2380 815 2665 883 ρανήματι
2690 854 2705 877 .
2738 816 3014 882 λέγοντος
3041 815 3204 882 φωνῇ
3241 814 3470 881 μεγάλῃ
3495 829 3509 843 ·
3547 815 3709 876 Οὐαί,
3747 815 3909 878 οὐαί,

2384 904 2516 958 οὐαί
2553 903 2673 966 τοῖς
2710 903 3087 955 κατοικοῦσιν
3120 905 3212 954 ἐπὶ
3243 901 3345 966 τῆς
3374 901 3485 969 γῆς
3519 902 3588 954 ἐκ
3623 901 3739 954 τῶν
3778 905 3911 954 λοι-

2385 992 2511 1044 πῶν
2536 991 2745 1059 φωνῶν
2777 991 2881 1057 τῆς
2907 991 3234 1058 σάλπιγγος
3275 989 3390 1042 τῶν
3432 989 3603 1056 τριῶν
3641 991 3915 1059 ἀγγέλων

2383 1081 2499 1134 τῶν
2514 1082 2853 1148 μελλόντων
2877 1079 3197 1138 σαλπίζειν.

2459 1257 2599 1310 Οὐαὶ
2626 1256 2740 1318 τοῖς
2763 1254 3137 1308 κατοικοῦσιν
3151 1253 3247 1304 ἐπὶ
3280 1252 3392 1318 τῆς
3417 1252 3544 1320 γῆς.
3563 1253 3671 1305 Καὶ
3687 1251 3772 1304 διὰ
3787 1252 3907 1304 1:06-

2385 1362 2491 1412 των
2509 1346 2569 1396 τὸ
2601 1344 2873 1413 συμπαθδς
2900 1345 2990 1397 καὶ
3011 1342 3380 1410 φιλάνθρωπον
3404 1341 3508 1392 τῶν
3547 1340 3703 1392 θείων
3737 1342 3911 1406 ἀγγέ-

2385 1436 2490 1488 λων
2537 1434 2823 1486 δείκνυται’
2851 1432 3190 1499 Θεομιμήτως
3237 1429 3603 1496 οἰκτειρόντων
3658 1429 3911 1479 παιδευο-

2389 1524 2577 1590 μένους
2603 1522 2724 1581 τοὺς
2759 1519 3239 1593 πλημμελήσαντας
3258 1531 3271 1544 ·
3303 1515 3476 1583 πολλῷ
3499 1516 3553 1566 δὲ
3586 1515 3743 1567 πλέον
3781 1514 3913 1576 τοὺς

2389 1612 2519 1679 μηδὲ
2545 1612 2663 1670 ταῖς
2697 1607 2910 1676 μάστιξι
2959 1609 3091 1675 πρὸς
3117 1607 3440 1676 ἐπιστροφὴν
3469 1605 3755 1674 βλέποντας
3779 1623 3795 1636 ο
3830 1601 3912 1666 οἷς

2389 1698 2524 1769 [καὶ]
2558 1699 2787 1767 μάλιστα
2817 1697 2877 1748 τὸ
2908 1688 3042 1747 Obiit
3065 1697 3318 1764 ἁρμόζει·
3347 1695 3421 1756 ὡς
3453 1698 3545 1747 ἐπὶ
3573 1695 3671 1762 γῆς
3702 1695 3912 1747 οἰκοῦσι

2388 1788 2477 1837 καὶ
2501 1785 2748 1853 φρονοῦσι
2770 1784 2834 1857 τᾲ
2863 1784 3045 1857 γήϊνα,
3090 1785 3182 1835 καὶ
3233 1784 3359 1851 χοῦν
3383 1783 3501 1836 ἀντὶ
3546 1782 3639 1834 τοῦ
3675 1784 3902 1834 ἐκκενω-

2389 1875 2565 1936 θέντος
2592 1873 2756 1941 μύρου
2782 1854 2849 1938 δι’
2875 1854 3283 1940 ἡμᾶς’πνέουσι.
3315 1871 3434 1931 Τοῖς
3467 1861 3587 1939 γὰρ
3609 1871 3666 1921 ἑν
3700 1871 3914 1939 οὖρανῷ

2390 1966 2566 2032 ἔχουσι
2616 1963 2674 2014 τὸ
2707 1962 2999 2030 πολίτευμα
3025 1961 3240 2029 ἀφορμὴ
3266 1959 3334 2012 τὰ
3371 1960 3603 2030 δυσχερῆ
3638 1960 3920 2027 στεφάνων

767 2051 935 2103 nostri
968 2065 1128 2121 causa
1161 2052 1426 2106 Christus
1465 2053 1675 2106 effudit.
1735 2051 1900 2106 Porro
1958 2061 2155 2116 autem,
2195 2053 2283 2121 qui
2317 2053 2354 2105 Β

1778 2068 1900 2106 orro
1958 2061 2155 2116 autem,
2195 2053 2283 2121 qui
2317 2053 2354 2105 Β
2384 2052 2704 2121 ἀμαράντων
2737 2052 2827 2102 καὶ
2857 2049 3116 2118 βραϐείων
3145 2051 3392 2116 γίνονται.

767 2154 917 2191 suam
945 2142 1399 2194 conversationem
1451 2142 1504 2194 in
1557 2143 1706 2196 caalis
1756 2142 1967 2206 habent,
2019 2143 2086 2196 iis
2146 2142 2313 2194 tristia
2369 2156 2560 2208 resque
2615 2141 2845 2214 adversa:
2907 2140 3257 2193 immortalem
3337 2153 3587 2192 coronam
3641 2137 3911 2207 amplissi-

765 2244 959 2297 maque
975 2232 1189 2298 praemia
1222 2230 1528 2284 conciliant.

1301 2341 1525 2397 CAPUT
1584 2343 1769 2398 XXVI.

767 2457 840 2505 De
887 2454 1064 2521 quinto
1116 2453 1329 2520 angelo,
1376 2455 1700 2521 mysticisque
1747 2454 1991 2516 locustis,
2030 2468 2092 2504 ac
2141 2455 2285 2505 varia

1259 2522 1550 2572 earumdem
1575 2522 1762 2586 forma.

835 2632 923 2696 IX,
965 2631 1073 2683 1-5.
1105 2628 1169 2680 Et
1203 2629 1413 2696 quintus
1462 2628 1670 2696 angelus
1701 2627 1819 2680 tuba
1845 2629 2023 2679 cecinit
2051 2643 2069 2679 :
2105 2637 2149 2678 et
2187 2627 2290 2680 vidi

767 2722 966 2774 stellam
1003 2725 1064 2772 de
1089 2720 1212 2772 caelo
1263 2718 1502 2770 cecidisse
1537 2719 1587 2770 in
1628 2728 1855 2782 terram;
1893 2729 1940 2771 et
1976 2718 2100 2770 data
2135 2728 2208 2770 est
2242 2719 2288 2770 ei

766 2814 924 2864 clavis
955 2812 1094 2877 putei
1117 2810 1310 2876 abyssi,
1339 2819 1385 2860 et
1413 2810 1611 2877 aperuit
1644 2820 1852 2876 puteum
1882 2810 2074 2877 abyssi,
2112 2818 2159 2861 et
2201 2825 2286 2861 as-

766 2903 930 2953 cendit
960 2900 1128 2966 fumus
1162 2898 1321 2965 putei,
1352 2899 1483 2949 sicut
1506 2897 1676 2964 fumus
1702 2899 1926 2966 fornacis
1966 2914 2162 2965 magnw
2191 2914 2210 2960 ;
2239 2907 2286 2949 et

766 2972 1062 3042 obs-curatus
1091 2998 1164 3040 est
1191 2989 1267 3039 sol
1305 2996 1352 3038 et
1384 3002 1471 3039 aer
1498 2989 1559 3039 de
1585 2988 1724 3054 [nmo
1760 2989 1941 3054 putei;
1974 2996 2021 3038 et
2051 2992 2113 3038 de
2142 2988 2281 3053 {nmo

765 3080 1001 3132 exierunt
1034 3078 1245 3130 locusta
1271 3078 1321 3129 in
1346 3086 1536 3129 terram
1555 3093 1574 3140 ;
1593 3090 1639 3131 et
1671 3078 1794 3129 data
1817 3086 1890 3130 est
1917 3078 2020 3129 illis
2043 3087 2282 3143 potestas,

766 3171 897 3220 sicut
923 3169 1103 3220 habent
1130 3175 1429 3234 potestatem
1476 3169 1764 3246 scorpiones
1804 3177 1994 3220 terrea:
2026 3175 2073 3218 et
2097 3182 2285 3233 prtcce-

765 3267 909 3322 ptum
935 3266 1009 3307 est
1034 3255 1159 3314 illis,
1190 3271 1248 3306 ne
1280 3254 1518 3308 laederent
1553 3255 1723 3320 fenum
1767 3264 1934 3315 teme,
1967 3269 2120 3318 neque
2147 3269 2289 3303 omne

2938 2337 3183 2404 ‘KEQAA.
3222 2333 3362 2401 κστ.

2389 2450 2522 2516 Περὶ
2542 2449 2643 2500 τοῦ
2666 2447 2931 2516 πέμπτου
2956 2446 3210 2516 ἀγγέλου
3232 2445 3322 2516 καί
3355 2444 3467 2495 τῶν
3494 2445 3728 2516 νοητῶν
3747 2444 3922 2514 ἀκρι-

2488 2511 2860 2580 lim-malam”)
2889 2511 3159 2566 ποικίλου
3195 2511 3299 2578 τῆς
3323 2512 3555 2580 μορφῆς
3581 2513 3797 2567 αὐτῶν.

2378 2685 2386 2690 _
2455 2625 2560 2677 Kal
2610 2628 2642 2676 ό
2684 2624 2944 2691 πέμπτος
2986 2622 3233 2690 ἄγγελος
3271 2622 3562 2674 ἐσάλπισε
3592 2640 3605 2652 ο
3635 2623 3730 2675 καί
3749 2619 3922 2674 εἶδον

2385 2713 2602 2777 ἀστέρα
2635 2713 2702 2763 ὲκ
2729 2710 2832 2763 τοῦ
2859 2709 3112 2776 οὐρανοῦ
3141 2711 3479 2761 πεπτωκότα
3510 2713 3594 2772 είς
3624 2711 3734 2773 τὴν
3761 2709 3838 2777 γῆ
3849 2728 3910 2758 ν·

2385 2807 2476 2858 καὶ
2494 2804 2665 2866 ἐδόθη
2684 2801 2839 2865 αὐτῷ
2855 2800 2891 2865 ἠ
2914 2799 3075 2864 κλεὶς
3090 2799 3192 2852 τοῦ
3213 2799 3457 2867 φρέατος
3479 2799 3582 2865 τῆς
3604 2799 3882 2852 ἀϐύσσου
3899 2811 3914 2825 ⁸

2383 2896 2476 2947 καί
2510 2892 2709 2958 ἤνοιξε
2738 2894 2802 2943 τὸ
2838 2890 3020 2957 φρέαρ
3052 2887 3158 2954 τῆς
3211 2889 3480 2940 ἀϐύσσου
3503 2903 3518 2918 ο
3577 2888 3673 2939 καί
3728 2888 3922 2952 ἀνέϐη

2386 2983 2610 3044 καπνὸς
2633 2982 2699 3032 ἐκ
2731 2979 2836 3032 τοῦ
2871 2979 3120 3046 φρέατος
3145 2979 3223 3040 ὠς
3254 2975 3481 3036 καπνὸς
3526 2976 3774 3041 καμίνου
3812 2992 3924 3042 με·

2388 3072 2604 3140 γάλης’
2645 3069 2742 3122 καί
2762 3069 3082 3132 ἐσκοτίσθη
3120 3069 3153 3118 ὀ
3185 3065 3352 3130 ἣλιος
3385 3063 3482 3116 καὶ
3513 3067 3545 3116 ό
3575 3063 3689 3128 ἀὴρ
3714 3063 3781 3114 ἐκ
3807 3064 3920 3116 τοῦ

2389 3157 2617 3212 καπνοῦ
2635 3157 2738 3210 τοῦ
2766 3156 3033 3225 φρέατος
3061 3154 3157 3207 καὶ
3183 3156 3248 3206 έκ
3274 3154 3377 3207 τοῦ
3403 3152 3631 3206 καπνοῦ
3655 3151 3925 3218 ἐξῆλθον

2391 3247 2623 3312 ἀκρίδες
2653 3250 2738 3310 είς
2773 3246 2885 3311 τὴν
2902 3244 3035 3312 γῆν,
3079 3245 3173 3296 καί
3221 3244 3392 3306 ἐδόθη
3434 3241 3638 3305 αὐταῖς
3666 3240 3923 3303 ἐξουσία

768 3342 948 3402 viride,
975 3337 1131 3407 ne‘que
1159 3356 1355 3392 omnem
1388 3343 1641 3401 arborem,
1687 3343 1784 3391 nisi
1811 3350 2011 3391 tantum
2042 3341 2283 3402 homines,
2314 3328 2355 3384 (ἶ

2314 3328 2355 3384 C
2386 3337 2462 3400 ὡς
2489 3337 2732 3401 ἔχουσιν
2763 3335 3044 3397 ἐξουσίαν
3082 3336 3136 3384 οἱ
3170 3332 3439 3397 σκορπίοι
3470 3329 3575 3395 τῆς
3629 3327 3756 3396 γῆς.
3803 3329 3920 3380 Καὶ

766 3429 852 3494 qui
903 3443 1002 3478 non
1054 3427 1237 3477 habent
1285 3429 1486 3493 signum
1526 3427 1619 3478 Dei
1675 3429 1727 3477 in
1781 3427 2031 3491 frontibus
2059 3428 2283 3478 suis:et

767 3517 946 3565 datum
977 3524 1049 3566 est
1077 3514 1184 3566 illis
1211 3530 1269 3565 ne
1295 3513 1577 3565 occiderent
1605 3530 1711 3578 eos,
1735 3514 1822 3565 sed
1851 3528 1905 3566 ut
1929 3515 2286 3566 cruciarentur

767 3603 1020 3654 mensibus
1052 3604 1268 3668 quinque
1298 3616 1315 3654 :
1348 3613 1395 3654 et
1427 3606 1683 3654 cruciatus
1705 3618 1899 3665 eorum,
1929 3613 1985 3654 ut
2029 3605 2285 3654 cruciatus

766 3692 977 3757 scorpii,
1017 3708 1132 3742 cum
1165 3691 1375 3757 perculit
1399 3692 1668 3744 hominem.

2385 3426 2589 3491 ἐρρέθη
2615 3422 2816 3484 αὑταῖς
2844 3424 2942 3474 ἵνα
2962 3422 3046 3488 μὴ
3070 3420 3397 3482 ἀδικήσωσι
3430 3419 3535 3469 τὸν
3563 3419 3776 3484 χόρτον
3803 3415 3918 3481 τῆς

2387 3512 2676 3581 γῆς,ἶούδὲ
2702 3511 2820 3564 πᾶν
2851 3511 3098 3578 χλωρὸν,
3133 3508 3270 3560 οὐδὲ
3291 3506 3411 3561 πᾶν
3441 3505 3688 3570 δένδρον
3710 3520 3723 3532 ο
3753 3506 3803 3556 εί
3828 3506 3920 3571 μὴ

2386 3604 2526 3667 τοὺς
2550 3603 2888 3666 ἀνθρώπους
2925 3600 3138 3661 οἵτινες
3167 3598 3274 3648 οὐκ
3317 3596 3524 3661 έχουσι
3575 3593 3687 3658 τὴν
3723 3608 3924 3659 σφρα-

2386 3692 2514 3760 γῖδα
2541 3674 2665 3761 [τοῦ
2694 3688 2858 3758 Θεοῦ]
2890 3688 2986 3739 ἐπὶ
3020 3685 3134 3738 τῶν
3176 3685 3455 3751 μετώπων
3497 3681 3755 3753 [auctir].
3804 3680 3924 3734 Καὶ

763 3781 936 3843 ἐδόθη
967 3779 1169 3842 αὐταῖς
1197 3779 1293 3830 ἵνα
1325 3780 1409 3847 μὴ
1434 3781 1858 3833 ἀποκτείνωσιν
1912 3780 2154 3843 αὐτούς·
2184 3780 2321 3833 ἀλλ’
2381 3779 2480 3831 ἵνα
2499 3775 2909 3841 βασανισθῶσι
2947 3772 3138 3845 μῆνας
3208 3772 3381 3823 πέντε
3407 3787 3422 3799 ο
3489 3771 3584 3822 καί
3645 3773 3679 3822 ὁ
3717 3771 3920 3832 ,βασα-

764 3872 974 3938 νισμὸς
1010 3871 1200 3923 αὐτῶν
1253 3872 1330 3934 ώς
1365 3871 1745 3939 βασανισμὸς
1791 3874 2111 3938 σκορπίου,
2159 3871 2301 3924 ὅταν
2333 3873 2516 3938 παίσῃ
2552 3871 2875 3937 ἄνθρωπον.

834 3961 1068 4014 Stellam.
1088 3978 1205 4030 qua:
1224 3964 1306 4016 hic
1330 3966 1380 4015 in
1407 3972 1623 4028 terram,
1647 3979 1836 4032 nempe
1856 3966 1908 4016 in
1933 3966 2115 4017 vallem
2135 3963 2291 4018 Josa-

765 4051 912 4116 pltat,
944 4065 1060 4116 qua:
1108 4065 1210 4101 una
1243 4066 1305 4102 ex
1353 4053 1601 4104 omnibus
1653 4053 1718 4104 ad
1758 4052 2073 4105 universalis
2105 4051 2288 4119 judicii

778 4155 929 4193 usum
967 4141 1166 4207 reliqua
1222 4141 1328 4203 ﬁet,
1378 4141 1593 4207 delapsa
1631 4143 1909 4203 asset-itur,
1941 4141 2155 4208 quidam
2199 4139 2290 4193 Dei

776 4227 1015 4293 angelum
1036 4215 1205 4294 pennis
1232 4224 1527 4293 irrega'ndis
1550 4227 1851 4293 praalectum
1874 4241 1992 4279 esse
2007 4227 2288 4278 dixerunt:

772 4326 975 4379 puteum
1017 4328 1140 4364 νιτο
1179 4314 1382 4379 abyssi,
1416 4314 1707 4380 gehennam
1731 4331 1745 4376 ;
1769 4314 1964 4380 fumum
1986 4314 2286 4382 autequui

773 4402 894 4452 inde
925 4404 1178 4452 continuo
1227 4402 1475 4464 exhalat,
1524 4416 1616 4454 sua
1660 4402 1976 4455 obscuritate
2037 4403 2200 4456 solem
2235 4411 2287 4456 et

769 4503 940 4540 acrem
978 4489 1314 4540 tenebrosum
1373 4498 1424 4541 et
1474 4490 1624 4556 quasi
1680 4491 2105 4557 inaspeclabilcm
2183 4492 2286 4544 illis

2467 3964 2716 4030 Ἀστέρα
2755 3950 2895 4022 τινὲς
2919 3961 3122 4030 ἔφησαν
3143 3960 3205 4011 ἐκ
3230 3957 3321 4011 τοῦ
3347 3957 3567 4025 οὐρανοῦ
3602 3956 3920 4010 καταῦἀντα

2382 4059 2439 4109 ὲν
2465 4059 2528 4123 τῇ
2557 4058 2646 4122 γῇ.
2671 4054 2780 4122 ἠως
2807 4055 2870 4119 τῇ
2901 4049 3276 4117 ὑπολειφθείσῃ
3320 4035 3520 4099 κοιλάδι
3560 4047 3824 4111 Ἰωσαφὰτ
3857 4050 3918 4097 ἐν

2383 4149 2446 4213 τῇ
2481 4147 2671 4210 κρίσει,
2703 4142 2928 4207 ἄγγελον
2951 4139 3089 4190 θεῖον
3119 4134 3257 4188 εἶναι
3312 4137 3404 4185 ἐπί
3453 4134 3557 4184 τῶν
3615 4135 3919 4189 κολάσεων.

2385 4235 2568 4298 Φρέαρ
2591 4232 2644 4281 δὲ
2671 4230 2777 4295 τῆς
2803 4230 3092 4287 ἀϐύσσου,
3127 4226 3224 4292 τὴν
3256 4225 3476 4290 γέενναν
3497 4239 3511 4252 ⁰
3540 4223 3631 4274 καὶ
3656 4223 3712 4286 ἐξ
3742 4223 3920 4289 αὐτῆς

2338 4331 2348 4340 ‘
2384 4322 2487 4372 τὸν
2518 4318 2745 4371 καπνὸν
2775 4317 3003 4380 ἐξιόντα,
3034 4314 3255 4365 ἀθέατον
3279 4315 3388 4373 τοῖς
3425 4311 3798 4378 κολαζομένοις
3822 4313 3923 4362 τὸν

2383 4410 2529 4480 ἣλιον
2567 4408 2658 4460 καὶ⁴
2700 4409 2789 4458 τὸν
2861 4407 2995 4474 ἀέρα
3042 4403 3463 4472 ἀπεργάζεσθαι.
3527 4401 3782 4469 Ἀκρίδας
3818 4401 3922 4468 δὲ,

2383 4500 2506 4560 τοὺς
2532 4497 2810 4565 σκώληκας
2834 4513 2846 4525 ο
2899 4495 3025 4564 περὶ
3066 4488 3139 4546 ὧν
3198 4509 3360 4561 φησιν
3401 4493 3453 4552 ὁκ
3476 4494 3752 4561 προφήτης
3781 4505 3796 4520 '
3850 4491 3920 4543 '0

766 4579 1006 4640 reddere,
1034 4579 1122 4646 qui
1154 4579 1366 4632 attentis
1387 4579 1708 4634 cruciatibus
1731 4556 1924 4635 addicti
1953 4591 2097 4634 sunt.
2116 4571 2283 4634 L'ocu-
2319 4556 2357 4608 θ

2319 4556 2357 4608 D
2383 4556 2622 4652 σκώληξ
2650 4556 2843 4639 αυτῶν
2865 4587 2934 4637 οὑ
2955 4556 3313 4648 τελευτήσει.
3343 4581 3414 4634 Τὸ
3435 4581 3489 4632 δὲ
3735 4578 3842 4647 γῆν
3884 4579 3917 4647 ἢ

763 4677 870 4720 stas
901 4682 1085 4736 porro,
1118 4681 1327 4721 vermes
1357 4668 1474 4721 illos
1505 4669 1567 4722 de
1593 4669 1783 4736 quibus
1810 4672 2057 4738 prephcta
2088 4670 2187 4723 ait:
2217 4669 2286 4721 Et

765 4760 944 4809 t‘ermis
983 4774 1156 4814 eorum
1209 4774 1310 4810 non
1350 4760 1565 4810 moritur
1594 4761 1658 4810 ".
1709 4759 1828 4813 Ideo
1856 4771 2030 4813 autem
2067 4761 2285 4815 locustis

766 4847 870 4898 illis
901 4846 1167 4897 mandavit
1204 4861 1268 4898 ne
1297 4856 1489 4901 terram
1519 4859 1608 4899 aut
1640 4847 1838 4900 faenum
1865 4849 2159 4913 offendant,
2195 4851 2285 4902 sed

767 4933 1012 4986 homines
1038 4941 1239 4985 tantum
1270 4970 1284 4994 ,
1322 4936 1462 5000 quod
1495 4936 1676 4986 isthmc
1697 4936 1805 5000 jam
1836 4945 1947 4988 tum
1976 4940 2042 5004 ab
2072 4939 2285 4990 interitu

764 5033 814 5074 et
853 5021 1194 5086 corruptione
1252 5021 1507 5072 immunia
1560 5032 1736 5084 erunt,
1792 5024 1878 5075 cui
1913 5025 2010 5077 hoc
2055 5033 2287 5092 tempore

767 5111 933 5163 nostri
958 5124 1122 5162 causa
1155 5110 1386 5163 obnoxia
1416 5121 1539 5161 sunt
1564 5129 1574 5160 :
1604 5126 1795 5164 menses
1813 5101 2040 5181 denique
2069 5116 2287 5182 quinque

765 5201 1042 5253 insinuare
1081 5199 1376 5252 inferorum
1410 5201 1582 5268 ptenis
1615 5201 1858 5266 traditos,
1905 5202 2049 5256 brevi
2078 5205 2288 5271 quidem

763 5289 1133 5355 praelinitoque
1201 5296 1439 5355 tempore
1479 5288 1739 5344 intensius
1766 5289 2112 5354 crucisndos;
2171 5300 2291 5358 post

763 5375 888 5427 illud
918 5388 1040 5425 vero
1097 5383 1366 5440 exactum,
1422 5375 1718 5440 remissius,
1777 5377 1829 5430 in
1864 5390 2076 5430 omnem
2115 5386 2288 5428 tamen

763 5461 1134 5516 aeternitatem.
1190 5461 1303 5531 Ego
1371 5471 1546 5517 autem
1626 5479 1730 5518 una
1767 5479 1890 5520 cum
1946 5466 2048 5522 illis
2087 5464 2288 5532 lateor,

834 5634 877 5664 “
911 5633 1011 5689 lsa.
1038 5651 1178 5702 LsVI,
1199 5637 1288 5693 24.

2379 4679 2466 4729 τὸν
2490 4677 2695 4747 χόρτον.
2723 4675 2853 4727 ἀλλὰ
2874 4676 2996 4735 τοὺς
3018 4673 3328 4742 ἀνθρώπους
3361 4671 3736 4741 βασανίζεσθαι
3758 4711 3772 4734 ,
3819 4672 3919 4726 διὰ

2379 4767 2438 4818 τὸ
2465 4765 2892 4819 ἀπαλλάττεσθαι
2924 4764 3090 4815 ταῦτα
3134 4763 3231 4830 τῆς
3281 4761 3524 4829 φθορᾶς,
3654 4758 3719 4810 δι’
3763 4760 3919 4827 ἡμᾶς

2381 4854 2617 4906 ἰουλεύει
2650 4856 2903 4927 σήμερον.
2934 4853 3137 4917 Μῆνας
3153 4852 3209 4903 δὲ
3238 4849 3412 4914 πέντε
3433 4847 3648 4909 τούτους
3688 4849 3908 4916 βασανί-

2386 4941 2589 5003 ζεσθαι,
2618 4940 2800 5008 χρόνον
2823 4941 2941 4991 τινὰ
2965 4938 3260 5006 ὡρισμένον
3279 4934 3670 5005 ἐπιτεταμένως
3692 4936 3916 4996 τούτους

2392 5029 2709 5091 κολάζεσθαί
2730 5021 2885 5098 [φησι
2979 5028 3111 5096 μετὰ
3130 5028 3186 5079 δὲ
3221 5025 3424 5089 τοῦτον,
3459 5024 3758 5093 ὑφειμῗένως
3787 5027 3916 5093 μὲν,

2391 5117 2619 5177 αἰωνίως
2641 5117 2716 5170 δέ.
2760 5114 2897 5180 Ἐγὼ
2939 5103 2995 5166 δὲ
3038 5113 3127 5166 τδν
3183 5115 3277 5181 μὲν
3321 5115 3540 5181 ἀστέρα
3573 5115 3918 5183 συνομοὶογῶ

2385 5202 2522 5258 εἶναι
2550 5205 2688 5256 θεῖον
2726 5203 2953 5271 ἄγγελον
2979 5218 2993 5233 ο
3028 5203 3210 5254 τοῦτον
3249 5197 3304 5254 δὲ
3357 5204 3494 5255 κατὰ
3529 5204 3674 5256 θείαν
3702 5202 3914 5270 συγχώ-

2388 5310 2539 5362 ρησιν
2562 5293 2683 5354 τοὺς
2706 5291 3254 5358 καταδεδικασμένους
3283 5289 3369 5360 [τῇ
3390 5290 3627 5361 ἀϐύσσῳ]
3647 5289 3914 5357 πονηροὺς

2384 5381 2602 5448 ἀνάγειν
2656 5380 2950 5450 δαίμονας·
3000 5378 3091 5441 οὓς
3144 5382 3173 5432 ὁ
3214 5381 3440 5449 Χριστὸς
3486 5377 3912 5444 ὲνανθρωπήσας

2386 5469 2569 5538 ἔδησεν
2589 5487 2602 5501 ⁵
2629 5471 2774 5533 ὅπως
2810 5470 2915 5538 πρὸ
2934 5468 3029 5536 τῆς
3059 5451 3363 5531 συντελείας
3395 5470 3462 5523 τὰ
3484 5470 3655 5522 οἰκεῖα
3684 5465 3911 5533 ἐνεργής
