4088 6332
201 317 288 380 297

1099 312 1677 372 COMMENTARIUS
1716 310 1792 365 IN
1832 309 2340 369 APOCALYPSIN.

3183 314 3286 372 298

189 436 401 488 σαντες,
451 423 795 492 ἀτελευτήτου
856 423 1052 491 τύχωσι
1101 424 1392 482 νιολὸισεως⁸
1453 420 1677 474 καπνὸν
1702 422 1796 479 As

1671 422 1752 479 Ἀ
1775 419 1992 477 stellam,
2027 419 2089 470 de
2114 434 2216 486 qua
2249 420 2333 472 hic
2362 434 2556 482 sermo,
2587 421 2818 472 divinum
2856 436 2972 474 esse
3003 424 3244 491 angi-lum
3275 444 3285 476 :

197 515 261 577 δὲ,
286 514 369 563 τὸν
400 511 798 579 προηγούμενον
815 512 918 561 τῶν
940 510 1182 578 πονηρῶν
1202 509 1370 576 ἔργων
1389 507 1493 558 τῶν
1516 522 1680 574 προσ-

197 600 344 651 ϐολων
378 593 551 650 αὐτῶν
604 599 798 664 ζόφονσ
848 591 921 650 ὧν
972 594 1418 664 παραδειχθεισῶν
1472 594 1682 654 ἐξουσία

195 688 376 746 τούτοις
415 686 716 752 βασανίζειν
743 687 864 746 τοὺς
909 684 1217 753 ἀνθρώπους
1267 682 1489 733 δέδοται.
1524 680 1588 730 Ἦ
1626 679 1681 730 δὲ

195 773 273 825 τοῦ
311 775 478 838 ἡλίου
509 772 708 823 καὶτοῦ
739 771 904 836 ἀέρος
933 774 1237 833 σκότωσις,
1269 771 1363 834 τὴν
1402 768 1507 819 τῶν
1555 769 1683 818 ἀπο-

195 859 435 910 λαυόντων
453 858 746 925 ανθρώπων
771 857 860 908 τοῦ
892 858 1060 923 φωτὸς
1090 857 1262 907 αὐτῶν
1286 855 1431 922 δηλοῖ
1459 854 1683 921 ψυχικὴν

193 944 437 1010 τύφλωσιν
460 960 473 972 ’
510 944 541 1010 ἢ
571 945 665 1009 τὴν
688 943 776 993 ἐπὶ
806 945 912 1002 τοῖς
941 941 1214 1008 δυσχερέσι
1253 939 1482 991 διάθεσιν
1508 955 1521 968 ·
1560 938 1680 988 σκό-

193 1048 269 1092 τος
293 1032 397 1098 γὰρ
413 1034 520 1091 τοῖς
540 1033 597 1082 ἐν
630 1031 834 1090 ὀδύναις
861 1030 917 1081 τὸ
942 1030 1050 1096 φῶς
1067 1030 1387 1096 νενόμισται.
1419 1028 1488 1078 Τὸ
1515 1027 1567 1078 δὲ
1588 1027 1684 1086 τὰς

192 1121 362 1187 νοητὰς
391 1119 632 1184 ἀκρίδας
661 1118 905 1185 πλήττειν
930 1119 1050 1178 τοὺς
1079 1116 1387 1183 ἀνθρώπους
1421 1116 1556 1165 κατὰ
1588 1115 1681 1182 τὴν

190 1205 285 1255 τῶν
309 1205 567 1270 σκορπίων
597 1204 899 1270 ὁμοιότητα,
947 1204 1092 1271 δηλοῖ
1129 1204 1188 1254 τὸ
1216 1205 1271 1254 ὲν
1303 1203 1376 1270 τῷ
1414 1203 1550 1252 τέλει
1579 1201 1682 1250 τῶν

191 1292 414 1360 πονηρῶν
443 1292 690 1359 πράξεων
733 1292 823 1342 τὸν
861 1291 1148 1357 βλαπτικὸν
1197 1291 1290 1356 τῆς
1315 1289 1484 1357 ψυχῆς
1533 1290 1683 1352 ἐγκεσ

189 1377 398 1445 ιρὺεῖιθαι
422 1376 646 1428 θάνατον
669 1392 682 1405 ·
715 1377 1101 1443 δμῦφίστανται
1137 1377 1185 1426 οἱ
1220 1375 1292 1442 μὴ
1324 1373 1683 1442 σεσημειωμέ-

187 1479 257 1514 νοι
286 1466 343 1530 τῇ
368 1463 482 1531 θείᾳ
512 1452 758 1531 σφραγῖδι
785 1464 850 1514 τὰ
877 1463 1098 1528 μέτωπα
1120 1478 1132 1491 ·
1168 1461 1260 1513 καὶ
1280 1446 1384 1529 τεῷ
1423 1460 1680 1527 φωτισμῷ

186 1551 267 1602 τοῦ
312 1551 561 1612 ζωοποιοῦ
601 1551 828 1616 σταυροῦ
871 1551 955 1601 διὰ
1006 1551 1311 1618 Πνεύματος
1361 1549 1511 1614 ἁγίου

185 1639 647 1706 περιλαμπόμενοι,
674 1639 810 1690 ὥστε
850 1639 984 1691 κατὰ
1036 1638 1124 1689 τὸν
1155 1639 1467 1689 Δεσποτικζν
1525 1637 1675 1702 λόγον

1784 506 1921 558 hunc
1967 514 2138 558 autem
2198 508 2455 576 malignos
2503 506 2794 571 darmoncs,
2859 527 2990 576 quos
3045 512 3288 565 Christus

1785 593 1938 644 homo
1977 592 2144 644 factus
2164 592 2228 644 ad
2255 595 2500 660 abyssum
2528 595 2877 663 ablegaverat,
2912 597 3031 648 inde
3079 613 3286 649 rursum

1783 677 1844 726 ad
1869 684 2092 743 tempus,
2118 678 2404 729 secundum
2429 681 2715 745 sapientem
2748 680 2835 731 Dei
2867 684 3288 746 permissionem,

1780 761 2125 829 educturum;
2150 780 2254 833 quo
2283 775 2401 817 ante
2421 766 2596 818 szeculi
2624 770 3150 832 censumma:ionem,
3176 788 3294 838 qua:

1781 851 2016 918 ipsorum
2048 862 2172 906 sunt
2209 856 2417 921 propria
2453 857 2745 916 molientes,
2780 860 3052 924 suppilciis
3081 863 3290 914 demum

1782 955 2049 1006 nunquam
2109 942 2265 994 linem
2323 945 2582 998 habituris
2637 949 3022 1013 mancipentur.
3070 948 3290 1000 Fumum

1781 1041 1975 1090 autem,
2015 1030 2313 1096 significare
2363 1035 2606 1084 tenebras
2643 1035 2758 1085 illas
2791 1051 2905 1099 qua:
2938 1051 3000 1086 ex
3041 1037 3295 1103 improbis

1783 1116 1986 1166 illorum
2012 1119 2290 1170 conatibus
2315 1131 2468 1187 atque
2498 1121 2780 1174 insultibus
2811 1133 2958 1185 ortae,
2987 1135 3294 1189 potestatem

1780 1202 1884 1254 illis
1916 1202 2116 1256 faciunt
2143 1205 2404 1268 homines,
2437 1221 2570 1273 qu05
2594 1209 2934 1273 seduxerunt,
2960 1215 3295 1264 exerueiandi

1778 1298 1830 1338 et
1852 1287 2147 1344 divcxandi.
2183 1291 2274 1343 Ast
2307 1309 2431 1345 vero
2453 1293 2575 1346 solis
2595 1305 2639 1345 et
2682 1298 2814 1347 aeris
2843 1298 2947 1365 39
2980 1301 3293 1361 obscuratio,

1782 1377 2082 1430 interiorem
2139 1379 2449 1441 hominum,
2506 1383 2594 1448 qui
2654 1384 2768 1436 luce
2808 1386 3014 1437 illorum
3058 1400 3294 1451 utuntur,

1779 1466 2090 1528 caecitatem,
2129 1477 2222 1520 aut
2254 1485 2466 1535 pravam
2509 1487 2637 1523 sane
2684 1474 2988 1526 earumdem
3047 1476 3096 1526 in
3143 1477 3298 1529 rebus

1778 1555 2016 1608 adversis
2065 1557 2471 1622 dispositionem
2532 1561 2786 1612 insinuat.
2863 1561 3131 1630 Siquidem
3187 1566 3295 1627 lux,

1780 1639 1882 1692 illis
1904 1642 1993 1706 qui
2043 1642 2092 1692 in
2145 1643 2476 1708 gravioribus
2533 1645 2806 1698 doloribus
2863 1657 2913 1699 et
2973 1651 3300 1704 cruciatibus

184 1724 346 1794 [μηδὲ]
369 1726 597 1793 λάμπειν
640 1728 734 1778 καὶ
779 1726 1079 1796 ἔμπροσθεν
1125 1727 1231 1777 τῶν
1274 1725 1589 1792 ἀνθρώπων,
1622 1723 1680 1774 τὸ
1713 1719 1798 1776 Bt

1713 1719 1754 1775 Β
1782 1738 2077 1790 versantur,
2110 1726 2411 1781 obscuritas
2441 1730 2666 1782 videtur.
2702 1730 2851 1793 Quod
2886 1741 3056 1784 autem
3111 1736 3299 1786 intelli-

184 1813 287 1877 φῶς
325 1815 494 1865 αὐτῶν
516 1853 531 1876 ,
591 1815 721 1884 πρὸς
751 1815 902 1878 δόξαν
930 1813 1022 1865 τοῦ
1051 1813 1192 1864 Θείου
1229 1813 1505 1879 ὀνόματος.
1545 1811 1684 1874 Τοὺς

182 1900 232 1950 δὲ
253 1901 418 1952 πέντε
454 1901 651 1968 μῆνας
671 1902 787 1975 ⁸’τοῦ
823 1901 1151 1969 βασανισμοῦ
1182 1901 1374 1964 αὐτῶν,
1410 1899 1683 1967 σημαίνειν

183 1989 458 2055 ἡγούμεθα,
491 1991 524 2059 ἢ
555 1991 612 2041 τὸ
639 1989 938 2058 τοῦξχρθνου
980 1989 1189 2058 μικρὸνο
1219 1991 1283 2039 El
1321 1989 1426 2055 γὰρ
1440 1987 1524 2054 μὴ
1558 1988 1683 2038 ἐκο-

180 2078 510 2142 λοΰώθησαν
565 2081 624 2130 al
676 2079 880 2146 ἡμέραι
925 2077 1158 2139 ἐκεῖναι,
1215 2077 1322 2128 οὐκ
1377 2074 1450 2125 ἂν
1495 2074 1686 2138 ἐσώθη

180 2161 330 2214 πᾶσα
350 2164 524 2229 σὰρξ,
576 2165 715 2214 κατὰ
745 2163 804 2213 τὸ
834 2161 1153 2213 Δεσποτικδν
1185 2161 1357 2226 λόγιον
1387 2175 1400 2188 δ
1439 2159 1471 2226 ἢ
1500 2158 1683 2225 χρόνον

181 2250 287 2300 τινὰ
312 2254 606 2316 πεμπταῖον
627 2291 641 2312 ,
675 2250 762 2300 διὰ
789 2250 885 2309 τὰς
925 2251 1079 2300 πέντε
1110 2247 1382 2315 αἰσθήσεις
1406 2282 1419 2304 ,
1452 2245 1518 2295 δι’
1545 2238 1617 2295 ὧν
1651 2245 1683 2310 ἡ

181 2336 402 2404 ἁμαρτία
423 2341 533 2398 τοῖς
560 2335 856 2404 ἀνθρώποις
884 2337 1122 2404 είσέρπει
1147 2351 1160 2363 ·
1191 2334 1224 2403 ἦ
1254 2334 1432 2400 καιρὸν
1456 2333 1685 2401 ὡρισμέ-

181 2439 277 2484 νον,
309 2425 419 2492 Θεῷ
441 2425 496 2476 δὲ
521 2430 661 2493 μόνῳ
690 2425 976 2493 γνώριμον.

1778 1821 1959 1880 gentes
1980 1814 2190 1868 locusta:
2213 1816 2276 1868 ad
2300 1818 2639 1884 scorpionum
2663 1821 3056 1873 similitudinem
3087 1826 3299 1885 tt-riunt,

1780 1910 2002 1953 mortem
2060 1902 2252 1954 animae
2299 1904 2350 1955 in
2399 1905 2578 1970 pravis
2619 1908 2868 1973 Operibus
2926 1911 3177 1961 inclusam
3234 1914 3300 1964 ad

1781 1985 1936 2038 linem
1970 2001 2027 2038 se
2046 1988 2270 2053 prode-re
2303 1989 2530 2052 indicat;
2567 2007 2724 2058 quam
2770 1995 2924 2044 etiam
2966 1998 3301 2050 sustim-bunt

1779 2081 2037 2138 quotquot
2070 2072 2269 2126 l'routes
2288 2074 2466 2127 divino
2501 2078 2671 2144 sigillo
2694 2080 2927 2145 signatas
2954 2098 3054 2132 non
3086 2084 3300 2148 habent,

1781 2173 1952 2225 neque
1983 2160 2202 2212 viviﬁca:
2235 2164 2405 2215 erucis
2443 2163 2561 2216 lucc
2599 2180 2690 2231 per
2745 2167 2998 2233 Spiritum
3056 2179 3298 2224 sanctum

1782 2245 2130 2313 undequaque
2189 2249 2436 2302 illustrati
2486 2261 2642 2314 sunt,
2690 2254 2758 2305 ita
2811 2266 2865 2307 ut
2895 2256 3039 2321 juxta
3098 2262 3302 2313 Domini

1781 2324 2001 2385 verbum
2036 2334 2244 2389 luceant
2273 2352 2452 2391 coram
2487 2342 2812 2405 hominibus,
2861 2347 2949 2411 qui
2981 2348 3155 2399 lumen
3187 2349 3305 2400 illo-

1784 2436 1897 2472 rum
1929 2423 1992 2474 ad
2030 2423 2192 2476 divini
2224 2428 2454 2481 nominis
2506 2430 2726 2493 gloriam
2773 2433 3020 2486 referant.
3075 2439 3304 2505 Quinque

181 2529 326 2579 porro
356 2519 605 2568 mensium
637 2519 863 2584 Spatium
884 2555 897 2577 ,
929 2515 1197 2580 temporis,
1228 2527 1333 2579 quo
1382 2512 1592 2564 aﬂlictio
1624 2521 1675 2561 et
1715 2512 1983 2564 cruciatus
2029 2514 2114 2567 ille
2146 2516 2378 2580 durabit,
2440 2520 2750 2573 brevitatem
2816 2524 3111 2590 exprimere
3162 2529 3305 2580 arbi-

180 2620 387 2659 trantur.
418 2607 538 2659 Nisi
577 2611 710 2659 enim
745 2608 991 2659 Dominus
1037 2607 1336 2658 abreriasset
1374 2604 1482 2654 dies
1531 2602 1680 2663 illos,
1721 2603 1900 2654 scribit
1929 2602 2156 2683 Marcus,
2192 2623 2292 2658 non
2341 2611 2524 2675 [uisset
2560 2612 2704 2664 salva
2759 2617 2920 2665 onmis
2964 2632 3082 2666 cara
3109 2619 3152 2647 "
3177 2635 3191 2670 :
3215 2628 3308 2671 aut.

182 2695 332 2746 alium
388 2699 668 2763 quemdam
735 2696 1037 2763 quinarium
1121 2707 1400 2745 numerum
1469 2697 1680 2757 prapter
1743 2691 1978 2755 quinque
2031 2707 2242 2756 sensus,
2298 2711 2392 2762 per
2442 2715 2576 2767 quos
2622 2710 2893 2768 peccatum
2962 2705 3014 2757 in
3066 2706 3300 2772 animam

178 2784 438 2836 illabitur:
484 2792 575 2836 aut
604 2785 743 2835 aliud
793 2791 997 2849 tempus
1036 2781 1342 2843 detinitum,
1396 2778 1493 2830 soli
1551 2777 1652 2829 Deo
1687 2787 1894 2829 uotum.

237 2870 338 2919 Kal
363 2871 428 2920 ἐν
454 2871 578 2934 ταῖς
607 2871 846 2938 ἡμέραις
885 2871 1136 2933 ἐκείναις
1161 2908 1175 2932 ,
1227 2867 1583 2932 ζητήσουσιν
1604 2869 1673 2919 ὀί

1846 2865 1934 2933 IX,
1956 2869 2007 2921 6.
2044 2869 2108 2922 Et
2133 2873 2182 2923 in
2209 2873 2315 2926 illis
2343 2876 2517 2927 diebus
2551 2889 2774 2943 amarent
2804 2879 3027 2932 homines
3069 2897 3303 2947 mortem,

174 2958 448 3023 ἄνθρωποι
477 2961 579 3011 τὸν
608 2959 880 3021 θάνατον,
945 2959 1040 3010 καὶ
1089 2960 1158 3010 οὐ
1190 2958 1272 3025 μὴ
1323 2959 1684 3023 εὑρήσουσιν
1713 2955 1750 3009 C
1783 2983 1788 3005 ε

1713 2955 1750 3009 C
1783 2963 1830 3007 et
1852 2970 1949 3007 non
1966 2958 2214 3011 invenient
2240 2977 2351 3012 eam
2376 2977 2395 3013 :
2416 2972 2462 3014 et
2490 2965 2846 3017 desiderabant
2892 2969 3041 3030 moti,
3073 2981 3118 3021 ct
3140 2971 3299 3040 fugiet

175 3046 345 3095 αὐτόν
365 3063 379 3075 ·
421 3049 512 3098 καί
540 3049 1014 3115 ἐπιθυμήσουσιν
1038 3046 1355 3100 ἀποθανεῖν
1374 3085 1388 3110 ,
1418 3047 1513 3098 καί
1543 3046 1682 3113 φεύ-

177 3130 324 3190 ξεται
349 3135 380 3182 ό
404 3134 647 3196 θάνατος
683 3136 781 3185 ἀπ’
800 3134 1011 3188 αὐτῶν.

241 3220 340 3270 Καὶ
417 3217 772 3284 ζητήσουσιν
821 3223 874 3271 οἱ
930 3213 1216 3286 ἅνθρωποι
1267 3221 1370 3272 τὸν
1412 3220 1681 3273 θάνατον.

179 3307 277 3356 Καὶ
326 3307 412 3358 διὰ
432 3307 616 3357 τούτου
644 3309 675 3375 ἡ
709 3307 973 3376 ὑπερϐολὴ
1015 3309 1328 3376 σημαίνεται
1371 3307 1474 3357 τῶν
1504 3305 1686 3357 κακώ-

182 3411 324 3448 σεων.
359 3396 515 3456 Ἐθος
547 3397 650 3463 γὰρ
683 3401 790 3457 τοῖς
832 3399 887 3448 ὲν
924 3397 1150 3457 ὀδύναις,
1180 3395 1541 3447 ἐπικαλεῖσθαι
1596 3395 1683 3446 τὸν

177 3485 410 3538 θάνατον.
449 3487 518 3536 Τὸ
559 3488 648 3548 δὲ,
682 3490 786 3546 τοῖς
817 3487 1021 3538 αἰτοῦσι
1042 3487 1224 3536 τοῦτον
1264 3487 1318 3536 ὲν
1365 3484 1572 3544 ὀίύναις
1612 3483 1683 3551 μὴ

180 3575 576 3640 παραγίνεσθαι,
609 3576 714 3626 τῶν
766 3575 920 3626 θείων
968 3576 1244 3642 χριμάτων
1294 3574 1556 3639 ἤρτηται·
1604 3567 1682 3632 οἷς

174 3660 429 3720 λυσιτελὲς
465 3662 727 3726 κρίνεται,
762 3665 824 3727 τῇ
861 3663 1048 3728 πικρίᾳ
1074 3660 1178 3710 τῶν
1207 3656 1472 3725 ὀδυνηρῶν
1500 3659 1684 3722 ἐπιφο-

179 3763 279 3813 ρτυν
317 3749 580 3815 στυγητὴν
614 3748 853 3813 γίνεσθαι
882 3751 989 3808 τοῖς
1029 3746 1325 3813 ἀνθρώποις
1357 3745 1452 3812 τὴν
1504 3737 1678 3810 ἅμαρ-

174 3833 302 3899 τίαν,
334 3838 409 3898 ὡς
435 3841 633 3888 τούτων
669 3836 875 3903 μητέρα
903 3837 995 3886 καὶ
1023 3834 1272 3901 πρόξενον

232 4008 335 4057 Καὶ
361 4007 431 4058 τὰ
457 4006 777 4072 ὁμοιώματα
826 4006 937 4058 τῶν
974 4005 1240 4072 ἀκρίδων,
1270 4003 1433 4070 ὅμοια
1482 4003 1682 4063 ἵπποις

172 4093 605 4159 ἡτοιμασμένοις
654 4098 742 4158 εις
783 4095 1061 4160 πόλεμον.
1111 4093 1215 4145 Καί
1244 4091 1338 4142 ἐπὶ
1372 4091 1472 4153 τὰς
1509 4105 1683 4155 κεφα-

172 4185 272 4243 λὰς
290 4179 484 4231 αὐτῶν
535 4181 612 4244 ὠς
638 4181 917 4247 στέφανοι
972 4181 1152 4246 ὅμοιοι
1206 4177 1406 4245 χρυσῷ
1439 4194 1451 4206 ⁸
1484 4178 1578 4228 καί
1615 4176 1681 4226 τὰ

172 4270 446 4332 πρόσωπά
486 4268 800 4331 αὺτῶν,ὡς
847 4270 1128 4334 πρόσωπα
1178 4266 1511 4330 ἀνθιώπων.
1578 4264 1679 4315 Καὶ

172 4355 322 4422 εἶχον
362 4359 561 4423 τρίχας
588 4358 663 4418 ὠς
687 4358 884 4421 τρίχας
904 4353 1222 4422 γυναικῶνο
1251 4355 1344 4404 καί
1370 4355 1422 4402 οί
1445 4353 1680 4414 ὀδόντες

169 4445 354 4497 αὐτῶν
375 4447 454 4508 ὡς
479 4446 739 4496 λεόντων
769 4442 954 4510 ἦσαν·
992 4441 1084 4493 καὶ
1114 4437 1275 4506 εἶχον
1308 4439 1582 4504 θώρακας,
1607 4443 1684 4500 ὼς

169 4537 424 4601 θώρακας
447 4532 746 4599 σιδηροῦς.

218 4625 320 4675 Καὶ
358 4623 432 4674 τὰ
467 4620 789 4688 ὁμοιώματα
832 4619 944 4670 τῶν
983 4617 1235 4683 ἀκρίδων
1271 4617 1436 4684 ὅμοια
1483 4619 1683 4680 ἵπποις

173 4713 616 4779 ἡτοιμασμένοις
651 4713 734 4774 εις
767 4712 1045 4775 πόλεμον.
1097 4706 1192 4757 Διά
1241 4706 1449 4758 πάντων
1487 4707 1684 4758 τούτων

168 4800 249 4849 καὶ
269 4799 376 4848 τῶν
400 4798 592 4864 ἐφεξῆς
611 4797 1036 4866 λεχθησομένων,
1059 4794 1154 4856 τὰς
1179 4793 1427 4861 ῥηθείσας
1441 4795 1680 4858 ἀκρίδας

167 4889 552 4954 τιμωρητικοὺς
624 4885 795 4948 θείους
849 4885 1106 4950 ἀγγέλους
1165 4882 1302 4942 τινὲς
1353 4882 1678 4945 ὲξελόιὸοντο,

167 4975 532 5044 παραϐολικῶς
556 4975 614 5038 ἐξ
650 4976 874 5028 ἑκάστου
897 4974 1001 5044 τῶν
1019 4974 1312 5042 εἰρημένων
1337 4974 1682 5040 τροπολογου-

170 5066 346 5131 μένους
372 5080 387 5093 ·
422 5064 450 5131 ἢ
477 5064 562 5114 διὰ
588 5065 647 5113 τὸ
671 5063 895 5131 φοϐερὸν
925 5063 1015 5114 καὶ
1042 5059 1473 5126 καταπληκτικόν
1503 5077 1514 5089 ⁸
1551 5060 1684 5126 ἢδιὰ

163 5156 212 5203 τδ
233 5151 394 5220 ταχύ⁸
422 5148 452 5216 ἢ
483 5150 568 5200 διὰ
593 5149 653 5199 τὸ
682 5149 991 5200 κολαστικὸν
1021 5151 1128 5208 τοῖς
1156 5146 1319 5208 ἀξίοις
1354 5148 1552 5210 ὲπὰγον
1589 5147 1683 5213 τὴν

164 5245 212 5289 ἐν
259 5239 457 5306 γεέννῃ
494 5237 733 5288 κόλασιν.
771 5231 934 5302 Οἶμαι
984 5236 1038 5286 δὲ
1076 5235 1168 5285 καὶ
1210 5233 1293 5283 διὰ
1346 5232 1546 5282 τούτων
1581 5233 1684 5281 τῶν

165 5328 405 5394 ἀψίδων
441 5327 561 5386 τοὺς
591 5325 852 5389 πονηροὺς
893 5323 1084 5390 μᾶλλον
1128 5319 1354 5372 νοεῖσθαι
1407 5318 1682 5386 δαίμοκας,

222 5507 457 5557 "Marc.
494 5517 610 5560 xm,
635 5501 725 5553 ‘20.
810 5515 812 5517 '

435 5594 698 5650 Pyrum“
733 5591 844 5647 (in.
880 5588 1018 5647 CVI.

1785 3057 1924 3094 mors
1961 3043 2024 3094 ab
2073 3044 2166 3096 eis.

1819 3215 1825 3219 ⁷
1855 3217 1955 3272 Per
1986 3221 2096 3273 haec
2122 3221 2302 3286 ingens
2341 3224 2719 3290 suppliciorum
2767 3229 3077 3294 magnitudo
3121 3231 3306 3285 subin-

1787 3304 1993 3356 dicatur
2039 3321 2054 3356 :
2105 3307 2275 3358 solent
2301 3323 2528 3377 namque
2578 3312 2666 3376 qui
2722 3315 2926 3378 magnis
2980 3315 3304 3368 cruciatibus

1787 3390 2109 3451 detinentur,
2161 3404 2382 3444 mortem
2441 3395 2687 3448 invocare
2731 3407 2783 3449 et
2840 3409 3111 3465 exoptare.
3151 3402 3303 3467 Quod

1787 3489 1962 3530 autem
1993 3479 2057 3531 ad
2086 3495 2177 3532 eos
2194 3482 2282 3547 qui
2314 3481 2364 3532 in
2402 3485 2680 3536 tormentis
2725 3486 2880 3537 vitam
2929 3488 3157 3555 degunt,
3214 3507 3307 3544 vo.

1787 3577 1904 3619 cata
1929 3581 2033 3620 non
2065 3570 2299 3630 accedat,
2327 3569 2455 3621 illud
2490 3587 2553 3623 ex
2586 3575 2793 3626 occulto
2821 3573 2907 3626 Dei
2939 3576 3139 3642 judicio
3180 3593 3304 3644 pro-

1786 3658 1929 3708 venit
1965 3658 2216 3723 :judicat
2246 3662 2385 3710 enim
2424 3661 2468 3712 is
2506 3663 2807 3714 nmrtalium
2847 3666 3023 3726 generi
3081 3667 3206 3717 utile
3242 3683 3304 3719 ac

1786 3742 2018 3792 salutare
2056 3758 2191 3803 esse,
2225 3755 2498 3808 peccatum
2529 3747 2665 3810 quod
2699 3755 3080 3800 tormentorum
3111 3766 3302 3814 parcns

1785 3838 1836 3879 et
1862 3830 2170 3880 conciliator
2197 3841 2298 3888 est,
2336 3846 2611 3896 pmnarum
2644 3849 2761 3898 qua;
2801 3835 3128 3898 inferuntur,
3152 3852 3302 3890 ama-

1738 3982 1741 3983 ,
1787 3915 2014 3965 ritudiue
2037 3925 2086 3965 et
2124 3915 2378 3981 gravitate
2409 3931 2625 3967 exosum
2670 3917 2740 3966 illi
2787 3917 3020 3969 reddere.

1857 4001 1946 4062 ΙΧ,
1979 4003 2078 4056 7-9.
2108 4002 2172 4053 Et
2195 4002 2556 4053 similitudines
2579 4004 2912 4064 locustarum,
2945 4004 3134 4055 similes
3163 4007 3302 4071 equis

1785 4093 1980 4158 paratis
2011 4093 2324 4156 adprtelium
2352 4107 2366 4144 :
2390 4101 2436 4144 et
2458 4108 2607 4158 super
2633 4095 2802 4158 Capita
2835 4109 3010 4144 earum
3062 4103 3305 4161 tanquam

1785 4193 1982 4228 corona'
2004 4179 2195 4230 similes
2224 4190 2447 4236 auro;et
2489 4180 2646 4244 facies
2679 4195 2852 4230 earnm
2879 4189 3118 4246 tanquam
3148 4181 3302 4246 [aries

1785 4265 2066 4314 hominum.
2100 4265 2164 4314 Et
2183 4266 2431 4317 habebant
2461 4267 2674 4332 capillos
2703 4269 2833 4318 sicut
2878 4267 3091 4331 capillos
3122 4269 3302 4319 mulie-

1783 4369 1894 4402 rum
1924 4368 1937 4399 .'
1967 4361 2012 4402 et
2043 4352 2214 4401 dentes
2243 4368 2416 4402 earum
2443 4355 2590 4418 quasi
2614 4354 2812 4403 leonum
2849 4363 2993 4403 erant
3027 4369 3044 4404 :
3072 4363 3117 4405 et
3150 4354 3303 4405 habe-

1780 4436 1900 4488 bant
1928 4437 2115 4488 loricas
2147 4438 2297 4488 siruti
2334 4437 2519 4488 loricas
2544 4438 2756 4503 ferreas.

1853 4611 1951 4662 Per
1977 4611 2086 4662 haec
2117 4611 2294 4661 omnia
2330 4619 2380 4662 et
2426 4625 2483 4662 ea
2516 4617 2766 4677 praeterea
2799 4624 2915 4676 quae
2960 4626 3076 4662 mox
3136 4612 3296 4677 subji-

1781 4701 2008 4763 cienlur,
2053 4709 2107 4752 ut
2138 4700 2348 4767 quidam
2391 4709 2596 4767 putant,
2640 4699 2956 4761 insinuatur,
2989 4701 3209 4750 locttslas
3240 4701 3304 4753 de

1787 4791 1978 4856 quibus
2011 4790 2110 4840 hoc
2157 4791 2275 4842 loco
2304 4790 2504 4856 agitur,
2554 4788 2767 4855 angelos
2793 4804 2909 4840 esse
2938 4788 3126 4838 divina:
3150 4789 3303 4853 punio

1785 4879 1942 4930 tionis
1981 4877 2341 4939 administros,
2375 4893 2465 4944 per
2495 4878 2696 4943 singula
2721 4891 2861 4927 arma
2898 4887 2946 4927 ct
2971 4885 3300 4934 ornamenta,

1787 4979 1904 5031 qua:
1935 4965 2266 5029 parabolicos
2301 4965 2382 5015 hic
2409 4973 2749 5028 exponuntur
2775 5001 2788 5024 ,
2823 4970 2872 5012 et
2920 4961 3303 5027 metaphoricos

1781 5053 1887 5103 illis
1919 5053 2248 5114 tribuuntur,
2286 5051 2599 5101 delineams.
2631 5050 2960 5100 'l‘ribuuutur
2989 5059 3157 5100 autem
3191 5047 3300 5097 lucc

1781 5152 1886 5192 tam
1919 5145 2059 5191 varia
2086 5152 2136 5191 et
2166 5140 2492 5191 a.lmirabilia
2530 5139 2651 5196 illis,
2681 5151 2736 5190 ut
2783 5139 2880 5204 ipsi
2913 5142 3076 5192 aiunt,
3115 5136 3177 5185 aal
3212 5135 3302 5185 dc-

1781 5226 2087 5295 signandam
2137 5226 2500 5279 admirabilem
2527 5242 2629 5290 qua
2659 5227 2853 5291 pollent
2893 5226 3132 5274 \irtutcm
3156 5257 3168 5279 ,
3195 5220 3303 5270 sive

1784 5326 1964 5371 sontes
1990 5325 2204 5380 terrere,
2235 5318 2347 5369 sixe
2393 5318 2642 5385 gehennae
2669 5313 2926 5379 supplicia
2985 5308 3321 5392 pronteritos

2907 5578 2978 5633 10
