4088 6332
181 124 263 188 301

1070 110 1645 173 COMMENTARIUS
1689 107 1765 165 ΙΝ
1806 93 2308 162 APOCALYPSIN.

3161 86 3260 147 303

184 226 353 298 ἰθείας]
402 226 664 294 θεωρίας·
714 220 1032 276 ἀπολύεσθαι
1066 220 1121 272 δὶ
1158 222 1214 271 ὲν
1249 221 1315 287 τῇ
1344 217 1523 285 ἡμέρᾳ
1566 215 1661 281 τῆς
1691 228 1733 279 Α
1761 213 1798 264 ἀι

1645 231 1661 274 ;
1691 228 1733 279 Α
1761 213 1876 264 dem
1904 210 2093 263 divina:
2120 202 2586 272 contemplationis
2606 197 2919 267 jucunditati
2954 206 3005 250 et
3033 196 3259 249 ubertati

185 315 387 385 κρίσεως
432 311 568 381 μετὰ
595 310 969 379 ἀναριθμήτων
1018 305 1277 373 ἀγγέλων,
1321 306 1399 366 είς
1432 304 1528 371 τὴν
1558 302 1663 353 τῶν

184 400 367 455 ἀσεϐῶν
398 401 713 465 κατάκρισιν
735 410 749 424 '
782 396 847 448 δι’
870 390 943 449 ῶν
963 394 1022 446 τὸ
1039 394 1211 461 τρίτον
1231 390 1659 457 ἀφανισθήσεται.

195 488 312 554 Ἐγὼ
340 487 394 539 δὲ
419 487 509 537 καὶ
542 485 758 546 τούτους
776 480 926 552 οἶμαι
957 480 1345 549 πονηροτάτους
1383 474 1519 529 εἶναι
1551 476 1667 527 δαί-

191 592 353 644 μονας.
382 575 621 633 δεθέντας
641 575 696 624 tv
721 576 785 641 τῇ
812 570 1036 638 Χριστοῦ
1062 567 1325 636 παρουσίᾳ
1350 581 1363 594 ·
1403 566 1492 626 οὓς
1530 564 1668 616 κατὰ

188 667 307 715 θεῖον
333 664 648 731 πρόσταγμα
682 663 744 712 ἑκ
772 658 860 713 τοῦ
888 657 1266 725 ὑπερουρανίου
1297 654 1667 721 θυσιαστηρίου

189 745 566 813 ὲξερχομὲνους,
592 740 651 795 οὗ
679 740 743 812 ἦν
764 745 823 794 τὸ
859 745 914 793 tv
937 746 999 809 τῇ
1029 742 1224 808 παλαιᾷ
1254 742 1419 807 σκηνῇ
1458 738 1667 790 ἀντίτυ-

194 849 293 895 πον,
322 832 423 882 ὑπὸ
451 831 592 882 θείου
612 831 834 897 ἀγγέλου
892 829 1120 891 λύεσθαι,
1167 829 1301 880 ὥστε
1345 825 1567 895 ταράξαι
1605 826 1672 876 τὰ

190 918 317 985 ἔθνη,
362 919 422 969 ού
460 906 619 986 μόνον
668 919 806 969 κατά
840 916 1191 983 Χριστιανῶν,
1247 914 1377 965 ἀλλά
1428 914 1518 964 καὶ
1556 913 1671 963 κατ’

190 1007 409 1074 ἀλλήλων
433 1024 447 1038 ·
478 1008 549 1067 ὡς
573 1007 639 1059 ἂν
671 1009 719 1057 oi
747 1004 841 1073 μὶν
880 1007 1083 1073 δόκιμοι
1119 1007 1209 1056 καὶ
1244 1004 1419 1054 πιστοὶ
1458 1001 1675 1068 φανεροὶ

190 1095 450 1160 γίνωνται,
480 1094 570 1145 καὶ
594 1092 849 1161 μειζόνων
870 1093 1102 1160 ἀμοιϐῶν
1130 1092 1340 1143 καὶτῶν
1369 1091 1477 1142 ἀνω
1504 1089 1675 1155 μονῶν

191 1182 270 1233 καὶ
295 1183 577 1254 ducar,va
603 1181 739 1246 ἄξιοι
777 1182 1034 1247 φανῶσιν,
1065 1180 1137 1241 ὡς
1160 1181 1299 1239 σῖτος
1336 1178 1537 1247 ὥριμος
1563 1192 1577 1206 ·
1628 1178 1676 1226 οἱ

190 1267 237 1317 δὲ
254 1266 557 1335 ἀχυρώδεις,
581 1266 811 1327 ἀσεδεῐς,
840 1266 932 1316 καὶ
954 1265 1069 1316 λίαν
1091 1262 1394 1331 ἁμαρτωλοὶ
1427 1262 1517 1313 καὶ
1542 1261 1675 1328 ἀμε-

192 1356 435 1421 τανόητοι,
470 1353 686 1413 ινδίκως
714 1350 939 1403 ενταῦθα
972 1351 1057 1420 [δι’
1084 1348 1275 1418 αὐτῶν]
1317 1347 1675 1414 κολαζόμενοι,

174 1441 521 1509 ’ἡμερωτέρας
567 1441 663 1507 τῆς
714 1440 1003 1506 καταδίκης
1047 1440 1105 1490 tv
1130 1439 1195 1505 τῇ
1227 1437 1398 1505 κρίσει
1430 1436 1677 1503 τύχωσιν.

1761 300 1957 367 alligati
1990 304 2263 357 tenentur;
2311 302 2435 346 tunc
2484 304 2628 353 vero,
2672 289 2921 341 nimirum
2971 286 3069 339 sub
3124 284 3260 337 diem

1758 386 1961 454 iudicii,
1979 398 2096 436 cum
2118 378 2576 434 innumerabilium
2597 375 2903 442 angelorum
2934 370 3266 424 multitudine

1763 473 1826 525 ad
1856 473 2134 539 impiorum
2175 465 2661 521 condemnationem
2698 463 2969 515 solventur
2990 498 3003 517 ,
3057 474 3119 510 ac
3152 466 3267 509 tan-

1765 575 1921 629 quam
1959 558 2046 611 Dei
2089 555 2313 609 ministri
2348 553 2552 606 tertiam
2599 550 2893 602 mortalium
2942 557 3143 614 partem
3186 545 3266 595 in-

1767 648 2055 703 teruecioui
2074 647 2291 699 dabunt.
2321 644 2428 711 Ego
2458 655 2583 693 vero
2626 640 2788 691 hosce
2825 639 2982 689 etiam
3024 651 3126 687 non
3178 651 3269 684 an-

1768 739 1927 805 gelos,
1958 736 2047 789 sed
2076 734 2331 802 pessimos
2354 732 2615 783 daumnes
2651 742 2767 780 esse
2791 725 3102 799 ensis-timo;
3137 737 3271 788 quos

1765 826 1913 892 juxta
1939 824 2171 876 divinum
2196 819 2497 873 mandatum
2528 833 2555 869 e
2587 815 2802 869 sublimi
2834 812 3087 866 caclorum
3117 810 3270 860 altari

1771 913 1943 979 (cujus
1965 910 2260 978 exemplum
2312 910 2366 960 in
2417 906 2579 959 veteri
2636 901 2972 955 tabernaculo
3010 898 3270 961 exstabat)

1770 999 1985 1065 eiectos,
2014 1007 2065 1050 et
2093 1011 2185 1064 per
2211 994 2406 1047 Christi
2438 994 2491 1045 in
2513 1005 2725 1047 carnem
2756 988 3035 1041 adventum
3070 984 3133 1036 ad
3159 998 3274 1037 ccr-

1772 1096 1881 1140 tum
1915 1087 2085 1138 locum
2124 1084 2389 1151 ablegatos
2423 1091 2477 1133 et
2512 1080 2783 1147 alligatos.
2832 1092 2969 1129 unus
3013 1073 3273 1141 quispiam

1772 1191 1836 1229 ex
1867 1175 2167 1241 angelorum
2202 1185 2422 1225 numero
2454 1170 2646 1222 liberos
2674 1182 2737 1220 eo
2766 1176 3001 1231 tempore
3029 1162 3275 1219 dimittet,

1774 1278 1880 1330 quo
1911 1271 2090 1330 gentes
2118 1259 2431 1312 conturbent
2476 1266 2528 1310 et
2555 1265 2762 1315 vexent,
2806 1253 3125 1317 easdemque
3174 1263 3277 1299 non

1778 1360 1977 1404 tantum
1997 1350 2249 1402 adversus
2272 1345 2621 1404 Christianos,
2646 1343 2737 1397 sed
2758 1349 2940 1394 contra
2970 1352 3026 1391 se
3055 1337 3276 1389 invicem

1778 1450 1989 1505 quoque
2023 1436 2310 1503 instigent;
2338 1442 2394 1485 ut
2425 1433 2525 1484 hac
2550 1430 2761 1483 demum
2790 1428 2993 1480 ratione
3031 1422 3281 1477 tentatio-

194 1529 247 1579 Et
293 1526 345 1578 δὶ
393 1526 470 1593 τῷ
499 1526 751 1596 Εὐφράτῃ
780 1525 1148 1593 προσδέδενται
1175 1562 1190 1587 ,
1232 1521 1380 1574 οὐδὲν
1411 1520 1555 1583 ξένον
1582 1535 1596 1549 ·
1631 1521 1679 1571 οἱ
1710 1518 1748 1569 Β
1777 1538 1808 1575 n

1666 1521 1679 1569 ἱ
1710 1518 1748 1569 Β
1777 1525 1861 1576 nis
1882 1522 2001 1590 igne
2034 1522 2236 1587 probati
2268 1520 2446 1573 ﬁdeles
2466 1517 2727 1570 manifesti
2759 1515 2905 1576 liant,
2934 1511 3280 1578 ampliorique

197 1614 281 1679 ph
307 1613 432 1680 γάρ,
467 1613 545 1674 εις
566 1612 670 1679 τὴν
695 1610 926 1663 ἀδυσσον
955 1624 969 1639 ·
998 1611 1048 1661 οι
1090 1610 1164 1673 δὲ,
1209 1610 1286 1669 είς
1312 1610 1435 1669 τοὺς
1476 1607 1685 1675 χοίρους

194 1697 361 1767 [τότεοῖ
386 1700 433 1751 οι
468 1698 544 1759 δὲ,
576 1698 653 1758 είς
679 1699 895 1765 ἑτέρους
922 1697 1133 1759 τόπους,
1156 1697 1292 1747 κατά
1314 1696 1373 1748 τὺ
1411 1693 1685 1761 παραστάν

192 1789 259 1856 τῷ
284 1786 415 1858 Θεῷ.
438 1786 563 1853 ἀχρι
587 1785 775 1853 καιροῦ
798 1785 1267 1851 κατεδικάσθησαν,
1301 1785 1433 1852 μετά
1448 1783 1536 1834 τὸν
1556 1798 1685 1832 παν-

192 1877 305 1943 τελῆ
336 1874 509 1925 αὐτῶν
566 1873 681 1925 κατ’
725 1873 1021 1941 ἀνθρώπων
1064 1872 1294 1938 πόλεμον
1330 1868 1558 1929 αίωνίως
1595 1885 1681 1919 κο-

194 1959 584 2026 λασθησόμενοι.
622 1957 773 2019 Ἴσως
799 1958 853 2009 δὲ
879 1956 1014 2027 [καὶ]
1034 1957 1118 2008 διὰ
1138 1957 1233 2023 τῆς
1259 1956 1360 2007 τοῦ
1379 1953 1683 2021 Εὐφράτου

198 2044 397 2113 μνήμης
430 2041 682 2109 δηλοῦται
713 2045 775 2093 ἐκ
800 2043 905 2094 τῶν
926 2042 1102 2111 μερῶν
1124 2041 1338 2092 ἐκείνων
1378 2040 1567 2103 ἐξιέναι
1599 2039 1685 2091 τὸν

207 2133 573 2199 ’Δντίχριστον.
606 2131 737 2199 Περὶ
786 2130 843 2181 δὲ
892 2129 984 2181 τοῦ
1038 2129 1267 2197 πλήθους
1296 2128 1399 2180 τῶν
1426 2129 1685 2196 δαιμόνων

196 2216 528 2282 ἀμφισάλλειν
577 2215 635 2266 οὐ
672 2216 793 2283 χρή.
831 2214 1031 2275 Πάντες
1075 2213 1179 2281 γὰρ
1206 2214 1255 2265 oi
1298 2215 1438 2278 ἀγιοι
1487 2212 1686 2280 πεπληο

200 2302 383 2368 ρῶσθαι
423 2301 596 2353 αὐτῶν
650 2300 738 2352 τδν
787 2301 918 2367 ἀέρα
971 2300 1200 2365 λέγουσι.
1235 2299 1300 2350 Τί
1351 2299 1404 2349 δὲ
1460 2300 1602 2368 δηλοῖ
1627 2300 1685 2349 τὸ

197 2390 359 2456 τρίτον
389 2389 493 2441 τῶν
521 2390 973 2457 ἀποκτενομίνων,
1002 2391 1094 2439 καὶ
1140 2390 1237 2456 ἤδη
1272 2390 1683 2456 προειρήκαμεν.

1780 1609 2023 1662 mercede
2049 1616 2101 1661 et
2125 1607 2467 1675 splendidiori
2496 1609 2549 1657 in
2576 1603 2724 1658 caelis
2756 1601 3047 1660 mansione,
3076 1607 3128 1651 et
3153 1612 3282 1665 apo-

1778 1699 1927 1749 theca
1956 1697 2181 1762 denique
2211 1703 2462 1762 tanquam
2497 1701 2761 1745 maturum
2803 1702 3100 1755 purumque
3150 1686 3284 1738 triti-

1778 1799 1897 1836 cum
1950 1783 2192 1835 nobiliori
2233 1782 2373 1849 digni
2423 1780 2761 1831 habeantur:
2802 1776 2962 1843 palea:
2999 1782 3171 1826 autem
3231 1781 3284 1823 et

1778 1873 1921 1939 impii
1954 1872 2288 1937 insignesque
2320 1877 2623 1936 peccatores
2661 1865 2760 1935 41
2812 1872 2865 1917 et
2901 1862 3179 1922 obstinari,
3217 1860 3282 1913 ad

1783 1973 1943 2011 unum
1969 1971 2156 2010 omnes
2183 1956 2323 2023 juste
2354 1954 2439 2008 hic
2462 1952 2652 2021 puniti,
2687 1950 3011 2004 clementiori
3034 1950 3284 2002 condem-

1784 2045 2011 2097 nationis
2032 2044 2284 2096 sententia
2315 2040 2366 2094 in
2395 2040 2594 2108 judicio
2617 2039 2707 2091 illo
2736 2038 3012 2091 feriantnr.
3035 2037 3088 2090 Si
3110 2043 3285 2087 autent

1784 2139 2010 2199 quatuor
2038 2130 2281 2197 pluresve
2326 2128 2595 2180 daemones
2631 2124 2883 2193 Euphrati
2914 2138 3034 2177 vere
3085 2122 3287 2191 alligari

1785 2213 2115 2279 asserantur,
2140 2217 2270 2269 nihil
2299 2216 2415 2267 novi
2444 2224 2535 2269 aut
2565 2214 2802 2267 inusitati
2848 2212 3120 2266 asscritur.
3148 2211 3288 2265 Con-

1788 2312 1895 2356 stat
1943 2317 2168 2370 namque
2218 2302 2351 2355 alios
2370 2303 2424 2354 in
2469 2302 2715 2369 abyssum
2765 2315 2903 2366 saepe
2959 2299 3287 2359 amandatos,

1791 2392 1921 2445 alios
1946 2392 1998 2443 in
2025 2404 2215 2457 porcos
2238 2390 2607 2458 ejectos,alios
2634 2390 2738 2442 alio
2756 2404 2851 2457 pro
2898 2390 2985 2442 Dei
3025 2390 3290 2441 voluntate

195 2477 251 2527 ad
280 2485 483 2543 tempus
515 2476 783 2543 ablegatos
808 2475 993 2539 fuisse,
1029 2476 1079 2527 in
1117 2490 1271 2527 omne
1300 2484 1479 2542 postea
1515 2490 1683 2528 aevum
1724 2477 1811 2529 ubi
1865 2479 2091 2544 primum
2122 2479 2361 2530 videlicet
2423 2478 2636 2537 bellum,
2658 2477 2796 2541 quod
2826 2475 3081 2527 adversus
3118 2473 3289 2526 homi-

196 2574 301 2611 nem
326 2568 534 2628 gerunt,
562 2559 760 2627 integre
777 2560 1114 2620 absolverint,
1148 2560 1285 2625 apud
1348 2560 1545 2612 inferos
1588 2563 1922 2617 cruciandos.
1984 2563 2245 2617 Credibile
2270 2562 2325 2615 tit
2379 2576 2589 2630 quoque
2629 2561 2908 2627 Euphratis
2932 2561 2998 2614 ob
3054 2562 3107 2617 id
3140 2576 3288 2613 men-

194 2650 375 2700 tionem
405 2645 537 2709 θοι-ἰ,
578 2646 715 2711 quod
747 2645 1097 2699 Antichristus
1128 2659 1192 2697 ex
1220 2646 1320 2698 illis
1353 2646 1484 2699 locis
1546 2649 1846 2701 exoriturus
1911 2649 2173 2703 credatur.
2222 2647 2293 2700 De
2325 2648 2522 2715 lugenti
2585 2656 2758 2699 autem
2805 2646 3101 2698 daemonum
3160 2648 3288 2698 mulc
3326 2650 3329 2651 ⁷

194 2738 407 2791 titudine
448 2753 553 2791 non
606 2746 687 2792 est
730 2738 1096 2800 dubitandum,
1125 2753 1243 2791 cum
1288 2753 1472 2792 omnes
1519 2740 1687 2793 sancti
1736 2756 1909 2794 aerem
1975 2740 2116 2794 hunc
2184 2739 2510 2793 daemonibus
2551 2737 2797 2789 refertum
2837 2745 3097 2789 asserant.
3129 2735 3287 2805 [Quid

194 2842 307 2880 vero
327 2828 651 2880 demonstret
676 2827 826 2880 tertia
856 2841 979 2894 pars
1007 2828 1468 2895 interemptorum,
1500 2835 1552 2881 et
1573 2829 1679 2896 jam
1709 2830 1985 2898 diximus]

252 2915 354 2967 Καὶ
388 2914 540 2977 ὅπως
561 2910 721 2966 εἷδον
754 2915 887 2978 τοὺς
914 2916 1131 2979 ἵππους
1154 2915 1221 2968 ἐν
1250 2915 1323 2981 τῇ
1352 2919 1570 2983 δράσει,
1594 2917 1689 2969 καὶ
1714 2926 1756 2981 c
1855 2919 1866 2971 Ι

1677 2917 1756 2981 lc
1855 2917 1944 2979 IX,
1992 2918 2173 2970 17-19.
2208 2915 2270 2967 Et
2312 2918 2383 2997 ita
2415 2916 2518 2968 vidi
2569 2932 2721 2984 equos
2755 2918 2807 2969 in
2853 2919 3043 2970 visione
3068 2934 3085 2969 :
3116 2927 3163 2970 et
3204 2923 3291 2988 qui

195 3004 317 3067 τοὺς
361 3005 720 3069 καθημένους
768 3005 856 3055 ἐπ’
906 3004 1124 3069 αὐτῶν,
1157 3006 1400 3072 ἔχοντας
1435 3006 1689 3073 θώρακας
1785 3024 1807 3059 ε

1675 3027 1689 3069 τ
1785 3008 2019 3059 sedebant
2047 3022 2197 3074 super
2222 3023 2326 3068 eos,
2362 3006 2608 3057 habebant
2645 3005 2834 3059 loricas
2867 3008 3060 3074 igneas,
3091 3019 3138 3060 et
3164 3009 3289 3078 hya-

198 3097 485 3157 κιφίνους,
534 3092 632 3143 καὶ
668 3092 1060 3155 ὑακινθίνους,
1118 3094 1212 3144 καὶ
1262 3094 1546 3158 θειώδειςο
1594 3096 1690 3147 καί
1787 3111 1812 3146 c

1787 3094 2063 3155 cinthinas,
2105 3103 2153 3145 et
2182 3094 2478 3160 sulphureas
2511 3109 2529 3145 :
2560 3102 2607 3145 et
2646 3095 2818 3159 capita
2861 3110 3105 3161 equorum
3146 3106 3291 3151 erant
3390 3149 3397 3155 ,

198 3181 247 3230 αι
266 3179 513 3249 κεφαλαί
546 3180 661 3230 τῶν
691 3180 885 3232 ἵππων
923 3181 999 3245 ὡς
1033 3182 1277 3246 κεφαλαί
1309 3185 1564 3235 λεόντων
1594 3182 1687 3234 καὶ
1791 3193 1805 3233 t

1676 3183 1687 3233 l
1791 3193 2032 3249 tanquam
2067 3184 2237 3248 capita
2258 3184 2494 3243 leonum;
2518 3193 2564 3234 et
2587 3182 2649 3235 de
2676 3198 2761 3234 ore
2794 3198 2965 3234 eorum
2994 3186 3290 3248 procedebat

196 3281 253 3316 εκ
288 3265 403 3317 τῶν
436 3267 739 3333 στομάτων
776 3267 967 3320 αὐτῶν
1002 3269 1374 3333 ἐξεπορεύετο
1415 3269 1549 3331 πῦρ,
1595 3270 1689 3320 καὶ
1788 3277 1810 3336 i

1676 3270 1689 3320 l
1788 3275 1941 3341 ignis,
1981 3282 2028 3324 et
2073 3273 2265 3339 fumus.
2309 3281 2356 3323 et
2404 3270 2635 3336 sulphur.
2681 3271 2752 3321 Ab
2799 3272 2876 3321 his
2916 3272 3080 3322 tribus
3128 3272 3290 3339 plagis

198 3356 429 3416 καπνὸς,
467 3354 561 3404 καὶ
590 3354 764 3406 θεῖον.
810 3356 938 3406 Ἀπὸ
960 3354 1074 3406 τῶν
1092 3356 1257 3419 τριῶν
1286 3355 1526 3422 πληγῶν
1557 3360 1688 3409 τού-
1791 3378 1812 3412 o

1675 3386 1688 3397 -
1791 3363 1961 3413 occisa
1991 3372 2063 3413 est
2090 3362 2243 3411 tertia
2271 3376 2388 3427 pars
2416 3360 2697 3418 hominum,
2733 3362 2792 3411 de
2820 3360 2954 3426 igne,
2978 3368 3024 3410 et
3045 3358 3107 3410 de
3130 3360 3289 3425 fumo.

196 3455 299 3489 ﬂor
328 3440 662 3503 ἀπεκτάνθη
703 3441 767 3491 τὸ
812 3441 1004 3505 τρίτον
1056 3441 1170 3491 τῶν
1200 3442 1534 3503 ἀνθρώπων,
1576 3443 1689 3493 ἀπὸ
1791 3465 1810 3498 e

1676 3443 1689 3493 5
1791 3459 1836 3498 et
1852 3449 2106 3513 sulphure,
2126 3463 2238 3513 qua
2258 3446 2588 3511 procedebant
2609 3446 2668 3498 de
2692 3461 2777 3495 ore
2796 3446 3041 3510 ipsorum.
3061 3445 3290 3498 Potestas

196 3525 287 3575 τοῦ
315 3527 519 3590 πυρὸς,
556 3527 649 3577 καί
690 3526 792 3577 τοῦ
842 3526 1086 3586 καπνοῦ,
1120 3527 1215 3577 καὶ
1239 3528 1339 3578 τοῦ
1364 3530 1539 3589 θείου,
1580 3527 1694 3578 τῶν
1787 3550 1810 3584 ε

1672 3544 1694 3572 ν’
1787 3537 1917 3584 enim
1950 3548 2188 3598 eguerunt
2221 3533 2274 3582 in
2302 3546 2387 3581 ore
2407 3545 2585 3582 eorum
2612 3540 2707 3591 est,
2733 3542 2779 3580 et
2810 3532 2861 3580 in
2891 3532 3068 3580 caudis
3094 3547 3286 3581 eorum.

194 3613 656 3681 ἐκπορευομένων
678 3614 744 3665 ἐκ
775 3614 888 3665 τῶν
915 3615 1214 3679 στομάτων
1248 3614 1458 3666 αὐτῶν.
1502 3615 1565 3667 Ἦ
1587 3615 1691 3681 γὰρ
1791 3616 1808 3668 1

1665 3633 1691 3679 ρ
1791 3616 1929 3668 Nam
1953 3618 2129 3667 cauda:
2165 3631 2334 3667 eorum
2359 3616 2546 3667 similes
2580 3615 2911 3680 serpentibus,
2940 3616 3175 3669 habentes
3198 3633 3279 3669 ca-

193 3700 428 3760 ἐξουσία
454 3700 569 3763 τῶν
589 3702 799 3764 laxam,
833 3702 899 3753 ἐν
926 3701 1003 3765 τῷ
1030 3703 1269 3769 στόματι
1310 3703 1501 3755 αὐτῶν
1539 3704 1687 3763 ἐστι,
1787 3722 1807 3771 ι

833 3702 899 3753 ἐν
926 3701 1003 3765 τῷ
1030 3703 1269 3769 στόματι
1310 3703 1501 3755 αὐτῶν
1539 3704 1687 3763 ἐστι,
1787 3707 1896 3771 pita
1914 3721 1931 3766 ;
1965 3716 2010 3756 et
2042 3706 2094 3755 in
2123 3703 2200 3755 his
2232 3712 2427 3755 nocent.

194 3788 280 3838 καὶ
303 3790 374 3841 ἐν
391 3789 511 3852 ταῖς
529 3789 725 3854 οὐραῖς
748 3789 957 3841 αὐτῶν·
976 3794 1033 3842 al
1056 3790 1160 3857 γὰρ
1180 3791 1342 3856 οὐραὶ
1363 3790 1571 3853 αὐτῶν,
1592 3791 1778 3859 ὅμοιαι
1794 3793 1999 3858 ὄρεσιν
2018 3790 2261 3857 ἔχουσαι
2276 3789 2553 3855 κεφαλὰς,
2578 3788 2669 3840 καί
2687 3790 2752 3841 ἐν
2766 3790 2968 3852 αὐταῖς
2998 3790 3285 3847 ἀδικοῦσι.

256 3880 505 3943 Ἵππους
552 3879 607 3929 δὲ
666 3877 924 3949 [δικαίως]
974 3875 1122 3948 οἶμαι
1169 3881 1431 3945 λέγεσθαι,
1483 3882 1515 3949 ἢ
1566 3883 1685 3941 τοὺς
1858 3881 1870 3933 1

1672 3898 1685 3941 ;
1858 3881 1956 3934 Per
1989 3878 2156 3948 Equos
2189 3879 2290 3932 hoc
2315 3879 2431 3931 loco
2460 3878 2723 3946 designari
2770 3880 3087 3932 arbitramur
3118 3883 3286 3935 homi-

198 3966 506 4033 θηλυμανεῐς
532 3967 621 4017 καὶ
660 3967 946 4033 κτηνώδεις
973 3968 1281 4035 ἀνθρώπους
1303 3987 1316 3999 ·
1349 3969 1379 4036 ἢ
1410 3971 1530 4029 τοὺς
1556 3970 1685 4019 ύπο-
1724 4033 1747 4036 _
1792 3985 1812 4020 r

1671 3998 1685 4011 -
1724 4033 1747 4036 _
1792 3984 1883 4022 nes
1916 3970 2091 4022 veneri
2126 3969 2377 4034 luxuique
2420 3968 2653 4028 deditos,
2694 3967 3081 4035 belluinamque
3130 3972 3285 4025 vitam

196 4054 486 4121 δεσηκότας
509 4057 601 4105 καὶ
625 4058 950 4124 ἀρχομένους
980 4061 1035 4109 ιν
1066 4033 1173 4121 τοῖς
1201 4033 1466 4125 δαίμοσιν·
1502 4061 1686 4111 ἐπιϐἀ-
1720 4033 1810 4105 De

1671 4090 1686 4100 .
1720 4033 1761 4083 θ
1788 4054 2077 4105 ducentes:
2113 4062 2202 4104 aut
2245 4055 2509 4106 daemones
2544 4067 2690 4115 sane,
2732 4054 2823 4119 qui
2860 4054 3083 4107 aliorum
3122 4058 3285 4124 impe-

194 4158 281 4201 τας
312 4143 395 4203 δὲ,
425 4144 545 4202 τοὺς
572 4144 772 4195 τούτων
798 4146 1177 4213 κατάρχοντας.
1224 4148 1377 4206 Ἐθος
1422 4147 1526 4213 γὰρ
1573 4142 1689 4196 τμά-

193 4244 312 4291 τοις,
344 4228 410 4278 οὐ
444 4227 597 4294 μόνον
623 4228 864 4294 ἀλληλοις
891 4231 1200 4295 ὑπηρέταις,
1244 4230 1375 4281 ἀλλὰ
1410 4233 1497 4279 καὶ
1530 4246 1686 4294 πονη-

196 4315 296 4377 ροῖς
335 4314 632 4381 ἀνθρώποις
675 4313 917 4380 ὀργάνοις
964 4315 1094 4381 πρὸς
1142 4316 1235 4381 τὴν
1268 4315 1370 4365 τῶν
1415 4314 1686 4381 ὁμοφύλων

193 4401 476 4468 ἀνθρώπων
504 4402 782 4469 ἐπιϐουλὴν
810 4402 1118 4470 κεχρῆσθαι.
1156 4406 1293 4465 Τοὺς
1322 4403 1375 4453 δὲ
1406 4402 1685 4467 πυρίνους

194 4488 273 4536 καί
298 4491 672 4554 ὑακινθίνους
704 4492 799 4541 καὶ
821 4490 1068 4553 θειώδεις
1090 4490 1366 4554 θώρακας,
1392 4490 1481 4556 τῆς
1508 4490 1684 4557 ἀερίου

192 4574 285 4622 τῶν
314 4578 565 4644 πονηρῶν
592 4580 907 4647 πνευμάτων
937 4578 1134 4639 οὐσίας,
1164 4578 1255 4628 καὶ
1278 4579 1371 4652 τῆς
1395 4579 1684 4643 καυστικῆς

194 4657 452 4721 ἐνεργείας
516 4654 648 4710 εἶναι
724 4663 1075 4730 σημαντικοὺς
1127 4661 1440 4728 νομίζομεν·
1480 4662 1573 4723 τὰς
1628 4664 1682 4714 δὲ

192 4744 439 4807 κεφαλὰς
463 4743 579 4794 τῶν
614 4749 888 4810 λεόντων,
917 4750 976 4800 τὸ
1009 4749 1219 4816 φονικὸν
1262 4748 1436 4799 αὐτῶν
1479 4750 1567 4799 καὶ
1592 4749 1683 4816 θη-

193 4829 365 4895 ριῶδες
408 4832 724 4885 αἰνίττεσθαι
748 4827 768 4865 θ’
791 4838 850 4889 τὸ
884 4840 939 4889 δὲ
991 4839 1403 4905 ἐκπορευόμενον
1444 4837 1559 4902 πῦρ
1591 4839 1681 4888 σὺν

193 4916 367 4982 καπνῷ
397 4917 489 4968 καὶ
522 4917 648 4985 θείῳ
690 4924 753 4973 ὲκ
796 4926 887 4977 τοῦ
923 4928 1176 4993 στόματος
1214 4925 1406 4985 αὐτῶν.
1442 4928 1507 4977 δι’
1540 4921 1597 4978 οὗ
1624 4928 1682 4977 τὸ

190 5006 353 5073 τρίτον
407 5004 512 5055 τῶν
547 5006 835 5072 ἀνθρώπων
881 5013 1255 5065 ἀποκτένεσθαι
1304 5013 1678 5083 ἠπείληται,ἢ

192 5095 273 5153 τὰς
300 5093 385 5143 διὰ
406 5092 511 5143 τῶν
541 5092 754 5145 ἰοϐόλων
776 5096 991 5168 [αὐτῶν]
1022 5101 1322 5169 προσϐολῶν
1351 5104 1440 5152 καὶ
1466 5105 1677 5169 εἰσηγή-

194 5193 313 5229 σεων
340 5177 609 5245 ἀμαρτίας
638 5180 759 5241 τοὺς
790 5187 1024 5250 καρποὺς
1046 5189 1137 5256 τῆς
1170 5188 1385 5255 καρδίας
1406 5189 1678 5254 φλογιζού-

195 5281 273 5326 σας
304 5267 621 5336 αἰνίττεται·
659 5266 691 5334 ἢ
744 5269 837 5331 τὰς
871 5273 932 5322 ἐκ
965 5274 1068 5328 τῶν
1120 5277 1453 5347 βαρϐαρικῶν
1488 5279 1679 5346 χειρῶν

1787 4141 1867 4192 rio
1914 4141 2073 4191 veluti
2107 4141 2243 4191 servi
2280 4141 2587 4205 subiacent;
2630 4155 2853 4205 quorum
2900 4152 3136 4196 vectores
3168 4157 3291 4197 sunt

1788 4224 2017 4291 Spiritus
2074 4223 2160 4289 qui
2216 4224 2568 4291 principatum
2631 4226 2767 4277 inter
2810 4227 3042 4292 reliquos
3089 4235 3286 4281 tenent.

1786 4313 2059 4365 Daemones
2087 4325 2331 4378 namque,
2374 4319 2579 4379 recepto
2619 4313 2755 4380 apud
2805 4314 2949 4381 ipsos
2985 4328 3151 4378 more,
3183 4333 3286 4368 non

1785 4402 1939 4453 modo
1971 4412 2176 4453 mutuas
2210 4401 2308 4453 sibi
2340 4401 2560 4454 invicem
2585 4416 2774 4471 operas
2799 4412 3070 4471 praestant,
3105 4420 3286 4459 verum

1784 4490 1958 4556 pravis
2021 4503 2228 4557 quoque
2290 4490 2592 4544 hominibus
2652 4490 2937 4555 famulari,
3000 4492 3290 4560 iisdemque

1785 4580 2015 4631 vicissim
2066 4590 2314 4645 tanquam
2344 4580 2556 4647 organis
2584 4579 2646 4632 ad
2682 4580 2904 4634 aliorum
2944 4593 3285 4648 cognatorum

1783 4666 2056 4719 hominum
2095 4668 2329 4720 fraudem
2360 4677 2413 4721 et
2446 4669 2665 4721 insidias
2703 4670 2775 4721 uti
2810 4669 3000 4722 solent.
3026 4669 3283 4721 Caeterum

1781 4771 1873 4822 per
1900 4759 2069 4822 igneas
2090 4798 2103 4820 ,
2138 4768 2184 4809 et
2233 4757 2619 4825 hyacinthinus,
2653 4768 2699 4810 et
2730 4758 3025 4824 sulphureas
3076 4757 3281 4816 loricas.

1783 4860 1965 4897 aereas
1996 4846 2366 4899 sceleratorum
2415 4848 2691 4913 spirituum
2729 4856 2963 4909 naturas,
2999 4846 3285 4911 igueasque

1782 4933 2087 4985 eorumdem
2117 4935 2256 4986 vires
2278 4944 2329 4985 et
2351 4935 2683 5000 operationes
2712 4936 2964 4987 insinuari
2996 4933 3279 4987 credimus.

1782 5020 1879 5073 Per
1930 5022 2125 5072 leonum
2166 5023 2333 5087 capita
2366 5032 2536 5074 autem
2575 5023 2725 5074 letale
2769 5022 3147 5086 eﬂ'eratumque
3181 5038 3281 5072 no-

1782 5108 1931 5160 cendi
1964 5108 2197 5161 studium
2233 5126 2245 5159 :
2277 5108 2377 5161 Per
2399 5110 2558 5176 ignem
2591 5109 2835 5174 denique,
2869 5108 2959 5174 qui
2991 5122 3108 5160 cum
3136 5107 3279 5161 furno

1777 5206 1829 5248 et
1858 5197 2109 5264 sulphure
2138 5212 2197 5250 ex
2229 5212 2319 5250 ore
2344 5198 2549 5249 illorum
2580 5211 2843 5263 egressus,
2875 5197 3078 5251 tertiam
3111 5198 3268 5249 Immi-

1780 5300 1904 5338 num
1954 5296 2153 5353 partem
2189 5301 2293 5341 non
2333 5288 2532 5355 absque
2581 5286 2991 5339 comminatione
3022 5284 3270 5340 interem-
