4088 6332
733 306 827 365 3ll

1849 309 2160 367 ANDREE
2208 310 2707 370 CxESARlE-NSIS

3743 305 3846 370 319

739 433 858 478 rem,
888 412 1110 475 Novum,
1150 423 1362 480 propter
1394 415 1720 466 innumeram
1753 415 1957 467 illorum
2011 418 2244 468 inultitu-
2273 423 2316 476 Α
2344 434 2353 467 :

2233 446 2244 455 -
2273 423 2316 476 Α
2344 418 2477 480 τοὺς
2516 417 2570 466 δὲ
2598 413 3031 480 τεσσαράκοντα
3061 413 3198 483 [καί]
3231 413 3336 466 δύο
3355 413 3566 480 μῆνας,
3595 428 3847 481 σημαντι-

734 504 908 555 dinem
941 502 1026 566 qui
1058 501 1274 552 salutem
1302 501 1350 550 in
1380 515 1442 552 eo
1472 499 1853 565 adipiscuntur.
1881 501 2239 568 Quadraginta

734 600 906 641 autem
938 589 1063 639 duos
1099 604 1310 648 menses,
1345 589 1591 653 temporis
1620 588 1948 650 brevitatem,
1975 604 2080 655 quo
2107 589 2236 642 Novi

735 674 1052 728 Testamenti
1087 678 1332 743 mysteria
1359 691 1385 726 a
1418 676 1588 741 primo
1610 674 1801 726 Christi
1827 676 2046 727 adventu
2074 691 2238 742 usque

734 766 797 815 ad
843 764 1128 818 secundum
1177 763 1516 820 obtinebunt,
1575 762 1867 826 exprimere
1918 763 2085 815 aiunt.
2131 761 2238 816 Nos

734 860 905 902 autem
951 852 1303 911 arbitramur,
1340 848 1431 899 Dei
1475 847 1724 916 [viventis]
1777 848 2016 913 templum
2054 848 2237 901 Eccle—

735 941 866 992 siam
895 941 1166 1007 appellari,
1203 939 1250 988 in
1295 952 1395 1004 qua
1436 935 1720 988 rationales
1763 936 1944 988 hostia:
1976 934 2080 987 Deo
2110 935 2238 988 olfe-

733 1041 919 1082 runtur
939 1047 951 1081 :
973 1031 1158 1080 atrium
1177 1036 1346 1078 autem
1366 1026 1610 1080 exterius.
1632 1028 1864 1091 gentium
1882 1033 1930 1076 et
1951 1023 2234 1076 inﬁdelium

731 1119 1026 1172 indecorum
1058 1117 1381 1186 Synagogam
1404 1132 1417 1177 ;
1441 1123 1642 1180 utpote,
1669 1122 1880 1180 propter
1897 1112 2236 1179 impietatem,

733 1222 836 1273 qua
884 1207 1131 1258 obstricta
1189 1213 1430 1262 tenetur,
1471 1203 1737 1270 indignam
1785 1216 1900 1268 qua!
1940 1201 2005 1252 ab
2053 1200 2236 1266 angelo

734 1303 1083 1346 mensuretur.
1122 1289 1271 1342 Novit
1312 1292 1448 1341 enim
1486 1290 1726 1341 Dominus
1764 1290 1850 1356 qui
1897 1297 2014 1340 sunt
2040 1289 2142 1342 sui.
2173 1295 2232 1339 ut

735 1381 886 1432 modo
916 1380 1202 1431 dicebatur.
1251 1378 1465 1443 iniquos
1505 1386 1678 1430 autem
1708 1386 1759 1428 et
1788 1379 2232 1444 prmvarieatores,

734 1471 778 1521 is
804 1471 889 1535 qui
935 1470 1063 1521 alias
1093 1469 1268 1519 omnia
1325 1469 1503 1530 novit,
1555 1469 1790 1534 ignorare
1838 1467 2064 1524 dicitur:
2112 1466 2234 1532 quia

748 1556 941 1606 «lorum
979 1554 1110 1606 facta
1142 1570 1243 1605 non
1269 1555 1473 1619 probat.
1504 1553 1656 1616 Quod
1689 1564 1860 1604 autem
1894 1563 2076 1606 saneta
2105 1554 2234 1605 civi-

733 1653 833 1703 tas,
864 1644 972 1694 sive
998 1657 1182 1695 nevam
1205 1642 1518 1705 Jerusalem,
1544 1644 1655 1695 sive
1688 1641 1971 1694 Ecelesiam
2001 1641 2233 1695 Catholi-

2340 504 2466 564 κοὺς
2495 504 2587 570 τῆς
2615 501 2704 553 τοῦ
2734 502 2920 569 χρόνου
2953 501 3303 570 βραχύτητος,
3332 501 3389 552 δν
3414 503 3634 570 κρατεῖν
3661 503 3728 552 τὰ
3751 500 3847 566 τῆς

2336 592 2478 651 Νέας
2510 591 2775 656 Διαθήκης
2807 591 3087 658 μυστήρια,
3113 591 3267 667 μέχρι
3320 589 3414 656 τῆς
3442 590 3688 657 δευτέρας
3713 589 3846 655 Χρι-

2339 678 2460 729 στοῦ
2491 678 2776 744 παρουσίας
2805 676 3066 728 ὑπέλαϐον
3088 693 3100 705 ·
3133 679 3290 744 ἡμεῖς
3315 677 3370 727 δὲ
3396 675 3677 744 νομίζομεν
3702 675 3851 727 ναὸν

2338 764 2479 816 Θεοῦ
2501 764 2751 834 [ζῶντος]
2779 765 2873 832 τὴν
2903 764 3218 832 Ἐκκλησίαν
3245 762 3727 832 προσαγορεύεσθαι
3745 777 3761 792 ο
3791 763 3851 812 ἐν

2334 847 2366 924 ᾖ
2397 852 2580 913 θυσίας
2621 848 2833 916 λογικὰς
2861 852 2934 919 τῷ
2979 852 3093 920 Θεῷ
3119 853 3488 921 προσφέρομεν
3507 869 3521 884 ·
3567 851 3762 916 αὐλὴν
3791 849 3849 900 δδ

2333 939 2634 1005 ἐξωτέραν,
2663 941 2758 1009 τὴν
2792 941 2895 992 τῶν
2933 941 3172 992 ἀπίστων
3213 940 3376 991 ἐθνῶν
3426 939 3518 991 καὶ
3584 937 3850 992 Ἰουδαίων

2335 1029 2651 1095 Συναγωγήν
2679 1045 2693 1059 ο
2725 1029 2798 1089 ὼς
2845 1027 3063 1089 ἀναξίαν
3093 1029 3180 1079 ὑπ’
3222 1028 3445 1094 ἀγγέλου
3497 1027 3848 1094 μετρηθῆναι,

2330 1116 2415 1166 διὰ
2439 1117 2533 1182 τὴν
2563 1117 2810 1168 ἀσέϐειαν
2855 1115 3100 1184 [αὑτῶν.]
3147 1116 3334 1183 Ἔγνω
3361 1114 3415 1167 δὲ
3458 1114 3664 1179 Κύριος
3703 1111 3848 1176 τοὺς

2332 1202 2504 1265 ὄντας
2530 1197 2734 1264 αὐτοῦ,
2766 1203 2839 1262 ὡς
2883 1203 3115 1270 εἴρηται-
3145 1203 3266 1263 τοὺς
3308 1202 3364 1253 δὲ
3407 1202 3747 1270 παρανόμους
3796 1199 3847 1271 [ὀ

2332 1288 2525 1358 πάντα]
2571 1288 2738 1352 εἰδὼς,
2780 1289 3012 1355 ἀγνοεῖν
3060 1290 3290 1355 λέγεται.
3336 1290 3408 1340 Τδ
3454 1289 3508 1340 δὲ
3565 1289 3846 1341 πατεῖσθαι

2332 1377 2426 1444 τὴν
2465 1377 2620 1442 ἁγίαν
2667 1377 2836 1438 πόλιν,
2868 1379 2974 1430 εἴτε
3015 1377 3108 1445 τὴν
3153 1378 3274 1429 νέαν
3316 1376 3681 1446 Ἰερουσαλὴμ,
3734 1376 3845 1428 εἴτε

2329 1465 2425 1533 τὴν
2465 1464 2744 1533 καθολικὴν
2781 1465 3110 1531 Ἐκκλησίαν,
3159 1465 3347 1532 μῆνας
3407 1464 3848 1530 τεσσαράκοντα

2330 1551 2470 1621 [καί]
2497 1551 2601 1603 δύο
2646 1551 2750 1603 ὑπὸ
2788 1552 2893 1602 τῶν
2939 1551 3123 1615 ὲθνῶν,
3172 1553 3446 1620 σημαίνειν
3497 1549 3647 1618 οἶμαι
3679 1552 3735 1602 ὲν
3774 1551 3843 1618 τῇ

2331 1640 2591 1707 παρουσίᾳ
2630 1639 2720 1691 τοῦ
2779 1640 3153 1708 Ἀντιχρίστου,
3206 1642 3326 1711 τρία
3369 1643 3534 1709 ἥμισυ
3584 1641 3680 1709 ἐτη
3717 1639 3846 1699 τοὺς

735 1745 846 1782 eam
888 1747 974 1794 per
999 1745 1111 1782 eam
1143 1730 1386 1796 accipias.
1434 1745 1625 1782 menses
1672 1729 2014 1796 quadraginta
2041 1729 2168 1780 duos
2197 1744 2226 1780 a
2265 1722 2306 1774 Β
2331 1747 2349 1778 1

2079 1744 2168 1780 uos
2197 1744 2226 1780 a
2265 1722 2306 1774 Β
2331 1729 2542 1788 πιστοὺς
2572 1729 2661 1778 καὶ
2690 1727 2933 1796 δοκίμους
2960 1728 3238 1780 πατεῖσθαι
3263 1730 3351 1780 καὶ
3387 1729 3688 1780 διώκεσθαι.

734 1819 971 1883 gentibus
1011 1817 1257 1869 calcanda
1321 1819 1415 1869 hoc
1479 1817 1592 1869 loco
1663 1817 1936 1876 asset-itur,
1970 1816 2092 1866 illud
2141 1814 2451 1874 subindicat,
2512 1813 2614 1866 nisi
2659 1812 2830 1873 fallor,
2899 1812 3079 1867 ﬁdeles
3121 1815 3475 1881 probatosque
3517 1814 3694 1876 viros,
3733 1821 3848 1867 tres

733 1919 900 1957 annos
946 1919 1058 1956 cum
1108 1905 1342 1966 dimidio,
1391 1905 1584 1972 quibus
1624 1903 1980 1956 Antichristus
2030 1903 2229 1965 saaviet,
2270 1915 2510 1970 magnam
2581 1900 3001 1969 persecutionem
3038 1915 3380 1969 perpessuros

1295 2031 1508 2086 CAPUT
1545 2031 1709 2084 XXX.

1193 2142 1263 2194 De
1295 2140 1500 2193 Enocho
1530 2150 1577 2193 et
1607 2141 1745 2194 Elia.

801 2270 888 2335 XI,
921 2274 970 2332 5,
1003 2272 1053 2324 4.
1089 2271 1153 2323 Et
1181 2273 1314 2323 dabo
1351 2271 1546 2322 duobus
1595 2271 1804 2323 testibus
1849 2273 2007 2332 meis;
2043 2281 2090 2324 et
2117 2287 2236 2338 pro-

733 2363 1002 2427 phetabunt
1032 2361 1208 2412 diebus
1258 2359 1396 2410 mille
1440 2359 1670 2410 ducentis
1722 2359 2008 2424 sexaginta,
2057 2359 2236 2410 amicti

733 2451 915 2501 saccis.
949 2447 1019 2499 Ili
1061 2457 1175 2499 sunt
1220 2448 1332 2497 dua:
1374 2447 1553 2506 olivaz,
1591 2454 1637 2496 et
1679 2445 1777 2496 duo
1827 2446 2152 2507 candelabra,
2178 2447 2233 2496 in

733 2548 997 2602 conspectu
1031 2537 1232 2588 Domini
1264 2543 1410 2587 terra:
1439 2535 1650 2588 stantia.

800 2706 897 2757 Per
946 2706 1040 2758 bos
1091 2714 1250 2757 testes
1298 2705 1535 2771 plerique
1587 2703 1860 2755 doctorum
1916 2710 2234 2770 acceperunt

733 2789 1000 2841 Enochum
1049 2799 1101 2841 et
1140 2789 1339 2852 Eliam;
1385 2789 1474 2855 qui
1533 2788 1631 2840 sub
1675 2788 1851 2839 δαίουιὶ
1887 2787 2041 2839 tinem
2073 2804 2099 2839 a
2127 2788 2232 2841 Deo

733 2877 1001 2944 accepturi
1041 2885 1164 2928 sunt
1196 2875 1354 2928 trium
1397 2890 1653 2927 annorum
1704 2889 1823 2926 cum
1856 2875 2076 2927 seruisse
2109 2889 2232 2941 spa-

2915 2030 3156 2083 ΚΕΦΑΛ.
3180 2029 3256 2082 Λ’.

2725 2140 2857 2206 Περί
2902 2138 3075 2206 Ἑνὼχ
3110 2140 3203 2191 καί
3235 2140 3425 2192 Ἠλία.

2391 2273 2500 2326 Καὶ
2523 2271 2688 2325 δώσω
2713 2271 2834 2335 τοῖς
2858 2271 2994 2323 δυσί
3038 2271 3294 2337 μάρτυσί
3317 2267 3453 2338 μου,
3495 2269 3589 2322 καί
3615 2278 3843 2336 προφη-

2328 2363 2644 2414 τεύσουσιν
2680 2360 2894 2427 ἡμέρας
2942 2361 3134 2425 χιλίας
3175 2359 3476 2421 διακοσίας
3527 2359 3841 2424 ἐξήκοντα,

2325 2448 2789 2514 περιϐεϐλημένοι
2850 2446 3124 2508 σάκκους.
3176 2441 3345 2499 Οὗτοί
3392 2448 3544 2498 είσιν
3604 2450 3662 2499 αι
3716 2446 3831 2498 δύο

2326 2538 2533 2598 ἐλαῖαι,
2566 2536 2660 2586 καί
2676 2538 2732 2586 al
2759 2534 2864 2586 δύο
2888 2536 3123 2600 λυχνίαι
3142 2537 3197 2586 αὶ
3225 2533 3475 2588 ἐνώπιον
3493 2535 3596 2587 τοῦ
3623 2536 3842 2601 Κυρίου

2326 2616 2430 2681 τῆς
2450 2616 2556 2683 τῆς
2576 2616 2844 2668 ἑστῶσαι.

2397 2706 2627 2766 Τούτους
2657 2706 2801 2775 [τοὺς
2842 2706 2933 2758 δύο
2989 2708 3281 2777 μάρτυρας]
3313 2708 3477 2775 Ἑνὼχ
3517 2708 3608 2760 καὶ
3633 2702 3843 2769 Ἠλίαν,

2331 2793 2509 2844 πολλοὶ
2538 2793 2641 2844 τῶν
2677 2794 3002 2847 διδασκάλων
3039 2797 3280 2863 ἐνόησαν,
3315 2797 3500 2864 καιρὸν
3530 2795 3709 2847 θεόθεν
3742 2793 3840 2846 τοῦ

2327 2881 2678 2951 προφητεύειν
2720 2882 2831 2952 [τὰ]
2864 2885 2920 2935 ὲν
2951 2886 3016 2953 τῇ
3057 2885 3327 2952 συντελείᾳ
3367 2885 3711 2952 ληψομένους,
3743 2882 3842 2935 ἐπὶ

733 2965 890 3026 tium;
947 2972 1202 3029 quantum
1256 2962 1506 3014 nimirum
1573 2975 1636 3012 ex
1684 2961 1828 3013 mille
1887 2961 2347 3028 ducentoruan:

2227 2984 2230 3010 ι
2255 2969 2299 3028 C.
2330 2970 2423 3037 ἔτη
2449 2971 2571 3039 τρία
2589 2973 2693 3024 ἀπὸ
2725 2973 3041 3040 τριακοσίων
3065 2974 3319 3040 ἑξήκοντα
3347 2973 3560 3040 ἡμερῶν
3580 2973 3841 3041 ἀριθμού-

731 3050 998 3114 sexaginta
1029 3050 1230 3102 dierum
1271 3062 1486 3100 numero
1521 3047 1810 3108 conﬂatur,
1848 3048 1911 3099 ad
1945 3048 2232 3100 vaticinan-

732 3136 855 3186 dnm
898 3144 950 3186 et
981 3133 1390 3199 praedicandum.
1439 3132 1764 3184 Amieieutur
1820 3141 1992 3184 autem
2043 3133 2230 3193 saccis;

734 3235 840 3287 quo
873 3221 1079 3287 planum
1115 3220 1308 3272 iaciant
1333 3232 1613 3272 maerorem
1653 3228 1704 3270 et
1733 3218 1948 3278 luctum,
1981 3232 2085 3284 quo
2113 3233 2232 3284 pro-

734 3318 846 3374 pter
874 3324 965 3362 eos
1013 3310 1407 3369 sauciabantur,
1459 3307 1548 3373 qui
1585 3315 1693 3358 tum
1725 3305 1973 3372 temporis
2003 3306 2054 3356 in
2084 3306 2230 3357 Anti-

732 3398 914 3448 christi
941 3411 1174 3448 errorem
1199 3395 1408 3448 abducti
1428 3394 1834 3460 comperientur.
1865 3394 2010 3461 Apud
2033 3394 2231 3447 Zacha-

731 3488 858 3538 riam
917 3487 969 3536 hi
1032 3489 1134 3538 duo
1179 3487 1277 3538 sub
1335 3486 1552 3536 duarum
1607 3485 1854 3536 olivarum
1915 3486 2232 3552 totidemque

733 3573 1149 3626 candelabrorunt
1183 3575 1448 3625 schemate
1476 3574 1804 3624 delineantur
1828 3591 1841 3626 :
1867 3576 1934 3626 ob
1959 3575 2008 3626 id
2033 3574 2229 3635 forsan,

733 3666 871 3728 quod
921 3662 1172 3714 bonorum
1217 3661 1426 3725 Deoque
1476 3661 1790 3726 placentium
1842 3675 2056 3727 operum
2097 3662 2229 3722 oleo,

735 3750 1048 3817 cognitionis
1069 3750 1253 3802 lumini
1279 3748 1567 3801 fomentum
1595 3758 1892 3817 suggerent,
1921 3751 2232 3817 veritatique

733 3837 968 3886 vehicula
994 3837 1269 3888 exsistent.

801 3924 906 3992 46
925 3924 1011 3984 XI,
1043 3926 1093 3986 5,
1127 3926 1176 3975 6.
1217 3924 1278 3974 Et
1306 3927 1350 3975 si
1382 3926 1494 3992 quis
1526 3925 1738 3977 voluerit
1779 3927 1842 3977 iis
1873 3942 2066 3987 nocere,
2099 3927 2230 3992 ignis

732 4015 861 4063 exiet
885 4012 944 4062 de
976 4028 1059 4063 ore
1094 4015 1338 4077 ipsorum.
1370 4021 1415 4062 et
1454 4012 1712 4063 devorabit
1752 4014 1982 4064 inimicos
2011 4029 2181 4064 eorum
2214 4028 2231 4065 :

732 4111 778 4150 et
805 4103 849 4150 si
873 4100 982 4165 quis
1009 4100 1219 4151 voluerit
1243 4100 1356 4152 illos
1375 4101 1573 4162 Ia'dere,
1596 4102 1667 4152 sic
1691 4110 1882 4166 oportet
1908 4117 2017 4154 eum
2050 4103 2227 4153 occidi.

736 4185 805 4234 lii
849 4185 1028 4235 habent
1070 4193 1360 4249 potestatem
1412 4189 1680 4237 claudendi
1732 4189 1942 4248 cwlum,
1986 4206 2044 4238 ne
2090 4189 2231 4252 pluat

2333 3073 2462 3124 μενα
2482 3074 2496 3086 ·
2538 3058 2628 3109 καὶ
2650 3059 2737 3109 διὰ
2761 3059 2857 3126 τῆς
2877 3059 3158 3126 περιϐολῆς
3181 3059 3294 3112 τῶν
3320 3058 3576 3118 σάκκων.
3603 3059 3663 3110 τὸ
3701 3074 3840 3111 σκυ-

2330 3144 2536 3211 θρωπὸν
2568 3147 2658 3196 καὶ
2683 3146 2905 3208 πένθους
2924 3148 3067 3209 ἄξιον
3089 3148 3178 3198 ἐπὶ
3200 3150 3309 3208 τοῖς
3334 3147 3702 3211 ἁπατωμένοις
3734 3147 3838 3212 ιμ-

2329 3233 2625 3297 φαίνοντας,
2661 3235 2750 3284 καὶ
2780 3235 2901 3294 τοὺς
2922 3235 3036 3286 τότε
3074 3235 3488 3302 εὑρισκομένους
3509 3233 3607 3298 τῆς
3632 3232 3839 3300 πλάνης

2329 3317 2418 3369 τοῦ
2455 3320 2808 3388 Ἀντιχρίστου
2841 3322 3142 3386 ἀπάγοντας
3169 3339 3183 3353 ·
3213 3322 3304 3382 οὒς
3338 3322 3603 3389 Ζαχαρίας
3625 3320 3674 3390 [ὁ
3703 3337 3842 3386 προ-

2330 3406 2525 3475 φήτης]
2571 3408 2625 3457 ὲν
2669 3407 2792 3458 εῐδει
2849 3407 2963 3459 τῶν
3006 3408 3110 3460 δύο
3146 3409 3355 3462 ἐλαιῶν
3408 3411 3498 3460 καὶ
3547 3408 3670 3477 [τῶν
3722 3404 3838 3477 δύο]

2328 3495 2585 3561 λυχνιῶν
2614 3497 2841 3563 ᾐνίξατο,
2875 3497 2958 3548 διὰ
2989 3497 3048 3550 τὸ
3077 3499 3171 3566 τὴν
3196 3499 3394 3567 τροφὴν
3420 3498 3510 3549 τοῦ
3537 3497 3706 3563 φωτὸς
3738 3497 3839 3563 τῆς

2329 3581 2572 3646 γνώσεως
2600 3585 2674 3651 τῷ
2708 3584 2867 3652 ὶλαίῳ
2907 3585 3010 3637 τῶν
3037 3586 3332 3653 θεαρέστων
3376 3585 3618 3654 πράξεων
3649 3583 3841 3650 ἐπιφέ-

2334 3668 2536 3734 ρεσθαι.

2397 3922 2503 3974 Καί
2529 3923 2669 3986 duc
2714 3923 2926 3988 αὐτοὺς
2955 3925 3108 3978 θέλει
3161 3925 3453 3992 ἀδικῆσαι,
3500 3927 3616 3994 πῦρ
3660 3929 3838 3981 ἐκπο-

2326 4007 2551 4072 ρεύεται
2594 4008 2658 4058 ἐκ
2705 4009 2810 4061 τοῦ
2835 4012 3122 4076 στόματος
3150 4014 3359 4076 αὐτῶν,
3406 4015 3500 4068 καί
3545 4018 3839 4069 κατεσθίει

2329 4095 2467 4159 τοὺς
2508 4097 2750 4162 ἐχθροὺς
2783 4098 3004 4151 αὐτῶν·
3054 4101 3148 4153 καί
3205 4103 3348 4166 εἴτις
3398 4104 3612 4166 αὐτοὺς
3679 4104 3840 4156 θέλει

2329 4183 2684 4245 ἀποκτεῖναι,
2704 4185 2882 4248 οὕτως
2901 4186 2991 4237 δεῖ
3003 4188 3184 4238 αὐτὸν
3200 4188 3648 4252 ἀποκτανθῆναι.
3664 4184 3841 4241 Οὗτοι

734 4272 904 4323 diebus
938 4273 1210 4336 prophetia!
1239 4274 1459 4334 ipsorum
1488 4286 1504 4322 :
1533 4283 1579 4322 et
1607 4283 1900 4338 potestatem
1940 4251 2118 4326 habent
2147 4291 2234 4326 su-
2265 4262 2348 4319 Di

2282 4262 2310 4313 ζ)
2332 4269 2574 4333 ἔχουσιν
2600 4271 2881 4331 ἐξουσίαν
2919 4272 3147 4324 κλεῖσαι
3185 4275 3286 4326 τὸν
3313 4251 3582 4340 οὐρανὸν,
3626 4278 3722 4328 ινα
3753 4276 3837 4341 μὴ

733 4379 819 4425 per
839 4377 1018 4427 aquas,
1047 4362 1363 4412 convertendi
1380 4377 1463 4412 eas
1488 4362 1537 4411 in
1564 4364 1874 4430 sanguinem,
1904 4373 1950 4414 et
1977 4376 2232 4430 percutere

737 4460 918 4499 terram
951 4451 1085 4499 omni
1113 4450 1281 4516 plaga,
1313 4451 1698 4516 quotiescunque
1735 4451 1994 4503 voluerint.

804 4696 846 4748 0
875 4697 1180 4747 immensam
1214 4699 1299 4749 Dei
1335 4699 1733 4763 benignitatem!
1767 4703 1856 4768 qui
1888 4704 2102 4765 .vulncri
2151 4705 2230 4756 in-

736 4785 873 4835 ﬂicto
893 4783 1147 4835 t-llieacem
1167 4785 1341 4834 statim
1369 4787 1701 4848 medicinam,
1730 4787 2005 4854 infusoque
2033 4806 2233 4841 veneno

734 4874 961 4921 salutare
992 4886 1107 4922 mox
1157 4871 1448 4921 antidotum
1497 4873 1727 4924 adhibet.
1756 4873 1886 4925 Cum
1913 4877 2052 4927 enim
2084 4879 2231 4929 Anti-

736 4959 960 5010 ehristus
992 4960 1302 5012 inonmibus
1323 4960 1577 5028 prodigiis
1607 4963 1872 5029 signisque
1894 4965 2231 5019 mendacibus

735 5041 1084 5093 veneﬁcorum
1116 5045 1348 5094 omnium
1383 5047 1647 5113 princeps,
1672 5049 2011 5117 omniumque
2040 5054 2232 5118 praesti-

737 5130 991 5203 giatorum
1031 5131 1340 5196 eoryphmus
1375 5134 1577 5187 futurus
1618 5137 1711 5200 sit;
1766 5149 1942 5205 utpote
1987 5144 2228 5194 universa

736 5217 923 5266 diaboii
970 5215 1153 5268 fraude
1177 5226 1228 5267 et
1261 5221 1472 5284 energia
1519 5223 1741 5286 perfecte
1788 5228 2052 5292 imbutus;
2095 5229 2230 5282 Deus

738 5311 842 5365 upt.
877 5319 1011 5354 max.
1048 5315 1258 5358 sanctos
1302 5306 1417 5358 illos
1468 5323 1708 5360 verorum
1755 5313 2024 5377 signorum
2074 5325 2231 5383 atque

741 5387 1110 5444 iniraCitlorum
1145 5395 1332 5445 virtute
1360 5397 1585 5447 armabit
1613 5414 1625 5457 ;
1661 5414 1763 5462 quo
1793 5401 2024 5452 veritatis
2056 5414 2229 5454 osten-

739 5473 883 5539 εὶυῼθ
915 5479 1257 5541 Ιηεὶιιίέιι·ἰιιιιι,
1311 5483 1547 5550 lutisqne
1597 5486 1939 5551 patefactum:
1987 5491 2226 5543 tenebras

2327 4354 2515 4421 βρέχῃ
2536 4358 2701 4419 ὑετὸς
2728 4358 2829 4422 τὰς
2856 4359 3070 4425 ἡμέρας
3093 4361 3197 4425 τῆς
3221 4366 3568 4429 προφητείας
3602 4364 3794 4417 αὐτῶν
3816 4380 3835 4395 ⁶

2330 4442 2425 4495 καί
2454 4442 2728 4504 ἐξουσίαν
2755 4446 2993 4511 ἔχουσιν
3030 4447 3123 4499 ἐπί
3166 4449 3278 4501 τῶν
3300 4449 3526 4503 ὑδάτων
3563 4453 3842 4516 στρέφειν

2329 4532 2473 4583 αὐτὰ
2498 4534 2581 4594 είς
2621 4526 2778 4598 αἷμα,
2834 4535 2928 4585 καί
2966 4537 3212 4599 πατάξαι
3240 4538 3350 4603 τὴν
3398 4526 3511 4606 γῆν
3557 4542 3624 4591 ἐν
3669 4541 3839 4607 πάσῃ

2243 4654 2248 4660 .
2332 4617 2545 4683 πληγῇ,
2577 4618 2780 4681 ὁσάκις
2804 4620 2907 4671 ἐὰν
2935 4624 3247 4688 θελήσωσι.

2397 4706 2502 4756 Καί
2527 4706 2581 4755 εί
2605 4722 2691 4768 τις
2721 4709 2931 4771 αὐτοὺς
2961 4711 3113 4763 θέλει
3151 4712 3528 4778 άδικῆσαι.-
3553 4714 3717 4766 Βαϐαῖ
3736 4718 3838 4783 τῆς

2334 4791 2476 4852 θείας
2498 4793 2815 4862 ἀγαθότητος
2835 4797 2847 4846 1
2870 4798 2946 4848 ὅτι
2965 4800 3280 4865 ἀντίρροπον
3301 4804 3360 4867 τῇ
3387 4801 3562 4871 πληγῇ
3589 4805 3836 4872 ἐπιφέρει

2331 4879 2425 4945 τὴν
2455 4880 2610 4933 ῐασιν.
2645 4883 2853 4950 Ἐπειδὴ
2886 4885 2984 4951 γὰρ
3017 4887 3073 4935 ὲν
3105 4887 3233 4937 πᾶσι
3267 4890 3506 4954 σημείοις
3529 4893 3618 4942 καὶ
3646 4894 3836 4961 τέρασι

2330 4968 2544 5032 ψεύδους
2583 4973 2789 5022 πάντων
2817 4971 2921 5023 τῶν
2955 4974 3248 5038 φαρμακῶν
3278 4977 3368 5027 καὶ
3396 4981 3648 5030 ὲπαοιδῶν
3685 4982 3834 5033 ἔσται

2331 5059 2356 5105 ὁ
2388 5057 2753 5124 ψευδόχριστος
2774 5061 3242 5131 περιφανέστερος,
3274 5066 3366 5116 iit:
3392 5070 3565 5119 πᾶσαν
3594 5067 3684 5118 τοῦ
3721 5069 3837 5120 δια-

2331 5145 2478 5196 δόλου
2506 5147 2782 5212 δεχόμενος
2803 5149 2895 5216 τὴν
2917 5149 3210 5216 ἐνέργειαν,
3240 5154 3295 5204 ὲν
3327 5156 3546 5221 δυνάμει
3572 5156 3836 5222 ἀληθινῶν

2333 5235 2564 5299 σημείων
2596 5252 2655 5285 τε
2691 5238 2784 5287 καὶ
2818 5239 3053 5303 τεράτων
3088 5241 3208 5302 τοὺς
3252 5245 3432 5308 ἁγίους
3457 5244 3672 5305 τούτους
3700 5244 3834 5294 καθ-

2328 5322 2529 5371 οπλίσει
2567 5325 2593 5372 ὀ
2621 5321 2768 5382 Θεὸς,
2801 5325 2862 5391 τῇ
2911 5325 3195 5390 παραθέσει
3226 5331 3319 5396 τῆς
3347 5332 3593 5398 ἀληθείας·
3626 5331 3714 5380 καὶ
3737 5329 3832 5381 τοῦ

2329 5407 2499 5470 φωτὸς
2530 5407 2610 5475 [τὸ
2641 5407 2826 5472 ψεῦδος
2853 5411 2961 5479 καὶ]
2986 5413 3042 5463 τὸ
3074 5417 3267 5476 σκότος.
3287 5419 3669 5484 ἀπελέγξοντας
3693 5432 3704 5443 ·
3735 5419 3831 5468 καὶ

2329 5494 2444 5554 τοὺς
2478 5495 2570 5561 μὲν
2603 5495 3031 5565 πεπλανημένους
3069 5504 3498 5573 ἐπιστρέψοντας,
3536 5505 3619 5555 διὰ
3649 5523 3704 5557 τε
3743 5505 3831 5558 λό-
