4088 6332
638 442 744 506 315

1770 439 2079 498 ANDREIE
2129 440 2406 499 CIESARI
2417 441 2630 501 ENSIS

3676 437 3782 501 316

636 564 753 606 tutis
782 556 844 604 ".
876 551 1116 606 Converte
1132 567 1243 612 nos,
1276 548 1406 601 Deus
1429 548 1674 600 salutaris
1704 557 1894 609 noster,
1925 558 1970 600 et
2000 557 2166 600 averte

2278 566 2376 603 70v
2403 551 2502 617 ἀφ’
2531 549 2747 621 ἡμῶν]
2779 552 2878 604 ἶνα
2897 549 2980 618 μὴ
3013 538 3285 619 cicadae
3306 553 3390 616 είς
3418 551 3613 618 κρίσιν
3632 552 3784 618 μετὰ

634 642 770 692 iram
801 647 944 690 tuam
969 655 999 690 α
1030 639 1169 690 nobis
1201 639 1265 690 '°.
1296 635 1470 704 Neque
1500 638 1659 688 intres
1691 638 1741 689 in
1759 636 2018 702 judicium
2045 651 2161 687 cum

638 725 794 776 servis
843 725 945 775 tuis
972 762 987 789 ,
1035 725 1248 775 Domine
1279 724 1342 774 “.
1369 721 1598 776 Judicati
1645 724 1787 774 enim
1809 724 1928 776 ‘ahs
1959 730 2008 775 te
2028 761 2043 786 ,
2071 724 2161 790 qui

640 814 873 864 clemens
916 822 962 865 et
1010 813 1270 878 benignus
1317 827 1394 875 es,
1443 813 1736 872 erudimur,
1784 826 1848 864 ne
1894 827 2013 864 cum
2065 812 2164 866 hoc

642 899 839 950 mundo
883 899 1329 962 condemnemur;
1380 898 1470 951 sed
1505 913 1597 965 per
1627 898 1758 951 levia
1797 899 2034 966 quaedam
2068 899 2164 953 ιιι-

643 985 774 1051 gella
810 983 1089 1048 admoniti,
1118 985 1502 1051 sempiternum
1529 983 1822 1036 cruciatum
1853 984 2161 1039 evadamus.

642 1075 902 1137 Quoniam
935 1074 1080 1126 dives
1112 1088 1169 1126 es
1209 1074 1258 1124 in
1296 1070 1747 1137 miserationibus,
1783 1074 1992 1128 Christe
2027 1073 2165 1128 Deus

641 1171 843 1216 noster.
867 1160 1032 1225 Quem
1067 1160 1289 1228 proinde
1317 1161 1466 1213 decet
1492 1161 1667 1213 omnis
1688 1161 1974 1227 gratiarum
2002 1160 2164 1224 actio,

640 1261 691 1301 et
722 1251 908 1316 gloria,
941 1259 992 1300 et
1022 1251 1214 1312 honor,
1251 1257 1303 1301 et
1331 1248 1588 1313 adoratio,
1639 1263 1743 1300 una
1775 1263 1895 1302 cum
1931 1247 2084 1301 Patre
2114 1256 2168 1301 et

642 1336 851 1388 viviﬁco
900 1334 1462 1405 sanetoquelSpiritu,
1511 1351 1654 1390 nunc
1689 1343 1741 1390 et
1780 1351 2005 1404 semper,
2032 1336 2166 1391 etin

644 1424 834 1477 saecula
868 1426 1202 1480 saeculorum.
1229 1429 1416 1480 Amen.

978 1553 1196 1607 CAPUT
1237 1554 1422 1618 XXXI,
1468 1555 1692 1629 SERMO
1726 1556 1817 1610 XI.

650 1676 715 1729 L't
746 1679 846 1729 duo
887 1683 974 1732 isti
1012 1680 1102 1732 Dei
1140 1683 1394 1754 prop/tela:
1435 1685 1498 1735 ab
1529 1685 1844 1738 Antichristo
1886 1688 2165 1754 trucidati,

1123 1751 1286 1802 denuo
1331 1755 1668 1805 surrexerint.

2261 635 2375 689 τῶν
2401 637 2630 689 δούλων
2657 654 2770 691 σου
2792 654 2806 670 ⁸
2830 639 3132 707 κρινόμενοι
3161 638 3267 706 γὰρ
3296 637 3398 690 ὑπὸ
3424 638 3515 689 σοῦ
3541 636 3634 688 τοῦ
3659 639 3782 703 φιλ-

2263 709 2543 794 ανθρώπου
2570 723 2911 796 [Δεσπότου,]
2937 726 3314 794 παιδευόμεθα,
3358 726 3444 777 ἵνα
3477 725 3550 794 μὴ
3577 726 3673 777 σὺν
3700 724 3780 791 τῷ

2262 813 2448 881 κόσμῳ
2498 812 2929 880 κατακριθῶμεν.
2976 812 3107 866 ἀλλὰ
3154 813 3218 866 δι’
3266 812 3458 879 ὀλίγων
3505 813 3784 881 μαστίγων

2263 898 2473 952 αἰώνιον
2503 897 2884 967 εκφευξώμεθα
2913 900 3126 952 κόλασιν
3145 913 3158 926 ·
3188 899 3267 952 ότι
3319 897 3568 958 πλούσιος
3610 898 3788 966 ὑπάρ-

2261 1002 2376 1054 χεις
2423 988 2479 1039 εν
2514 987 2832 1054 οίκτιρμοῖς,
2864 986 3064 1064 ῌριστὲ
3108 989 3135 1039 ό
3177 987 3307 1049 Θεὸς
3337 986 3513 1056 ἡμῶν.
3544 985 3651 1037 Καὶ
3698 985 3787 1036 σοι

2263 1075 2458 1142 πρέπει
2479 1075 2627 1128 πᾶσα
2656 1074 3039 1144 [εὐχαριστία,]
3072 1074 3218 1139 δόξα,
3247 1076 3398 1144 τιμὴ,
3429 1074 3521 1128 καὶ
3542 1074 3786 1142 προσκύ-

2263 1181 2435 1232 νησις,
2475 1165 2587 1232 ἃμα
2613 1164 2688 1233 τῷ
2739 1165 2927 1232 Πατρὶ,
2957 1165 3050 1217 καὶ
3076 1164 3151 1233 τῷ
3188 1164 3431 1233 ζωοποιῷ
3476 1163 3781 1231 Πνεύματι,

2263 1254 2356 1306 νῦν
2408 1255 2498 1307 καὶ
2543 1254 2649 1317 ἀεὶ,
2708 1256 2798 1306 καὶ
2849 1256 2925 1316 είς
2989 1254 3113 1316 τοὺς
3150 1253 3348 1314 αίῶνας
3398 1253 3503 1306 τῶν
3552 1249 3786 1304 αἰώνων.

2275 1344 2329 1396 ’Δ
2341 1343 2466 1412 μὴν.

2669 1557 2910 1610 ΚΕΦΔΛ.
2945 1556 3066 1609 AA'.
3097 1556 3308 1609 ΛΟΓΟΣ
3339 1557 3440 1608 1Α’.

2268 1692 2454 1753 Ὅπως
2486 1689 2911 1758 *ἀναιρεθέντες
2952 1687 3069 1740 ὑπὸ
3092 1685 3235 1758 ἢτοῦ-
3260 1687 3663 1758 ᾋντιχρίστου
3710 1686 3796 1758 [οε

2309 1758 2415 1810 δύο
2431 1752 2604 1810 οὗτοι
2627 1752 2730 1807 τοῦ
2757 1754 2900 1807 Θεοῦ
2923 1753 3235 1823 προφῆται]
3265 1752 3727 1817 ἀναστήσονταιξ

715 1879 803 1941 Χί,
838 1882 918 1945 ΙΙ,
954 1881 1035 1933 12.
1071 1882 1132 1934 Et
1160 1891 1271 1949 post
1294 1884 1399 1936 dies
1431 1893 1529 1936 tres
1556 1893 1603 1937 et
1632 1885 1925 1950 dimidium,
1945 1885 2170 1952 Spiritus

2341 1885 2444 1938 Kal
2459 1885 2603 1952 μετὰ
2637 1884 2743 1947 τὰς
2771 1882 2923 1950 τρεῖς
2953 1881 3047 1932 καί
3076 1880 3261 1947 ἣμισυ
3287 1881 3525 1948 ἡμέρας,
3555 1883 3803 1950 Πνεῦμα

647 1967 762 2016 rita:
787 1982 815 2016 α
852 1965 953 2017 Deo
993 1968 1205 2018 intravit
1250 1970 1302 2020 in
1332 1986 1453 2032 eos;
1481 1981 1527 2022 et
1558 1981 1806 2024 steterunt
1847 1988 1999 2038 super
2023 1974 2170 2040 pedes

646 2068 762 2102 suos
789 2067 806 2102 :
837 2062 882 2102 et
907 2054 1060 2103 timor
1096 2070 1307 2120 magnus
1339 2058 1516 2108 cecidit
1548 2075 1698 2126 super
1717 2075 1801 2112 eos
1822 2062 1909 2128 qui
1935 2053 2169 2115 viderunt

646 2155 750 2189 eos.
784 2137 846 2188 Et
876 2140 1178 2192 audiverunt
1211 2159 1379 2196 vocem
1409 2162 1645 2214 magnam
1667 2163 1729 2200 ea:
1751 2149 1894 2211 caelo,
1924 2151 2171 2204 dicentem

647 2229 716 2279 eis
760 2245 775 2280 :
817 2229 1087 2281 Ascendite
1135 2231 1251 2284 huc.
1305 2235 1371 2287 Et
1419 2238 1757 2290 ascenderunt
1795 2241 1846 2292 in
1896 2241 2078 2292 caelum
2119 2243 2173 2293 in

649 2323 797 2371 nube.

721 2494 1092 2564 Posteaquam,
1127 2496 1315 2563 inquit,
1348 2504 1422 2550 tot
1451 2496 1564 2549 dies
1593 2498 1837 2550 exstincti
1867 2497 2172 2565 iacuerunt,

650 2593 780 2650 quot
820 2599 987 2638 annos
1028 2585 1300 2638 vaticinati
1353 2585 1582 2648 fuerant,
1621 2585 1869 2638 nimirum
1920 2597 2025 2640 tres
2054 2601 2172 2638 cum

653 2673 896 2735 dimidio,
925 2674 1101 2728 denuo
1124 2684 1488 2737 surrexerunt,
1523 2673 1906 2741 Dominicoqne
1932 2675 2176 2727 vehiculo

655 2763 816 2829 (nube
843 2763 1106 2830 videlicet)
1157 2763 1420 2822 subvecti,
1459 2764 1522 2814 ad
1554 2763 1747 2814 malum
1780 2763 2173 2826 ascenderunt;

655 2849 866 2900 timoris
889 2849 1046 2902 simul
1072 2859 1123 2902 et
1150 2851 1383 2917 stuporis
1415 2864 1576 2902 causa
1608 2849 1711 2902 illis
1739 2849 1909 2902 ell'ecti
1940 2849 2028 2916 qui
2054 2857 2177 2904 ante

621 2983 625 2988 .
656 2936 776 2987 illos
801 2936 1061 2990 viderant.

727 3023 815 3087 ΧΙ,
843 3025 924 3087 12,
957 3028 1021 3078 l5
1073 3026 1137 3079 Et
1182 3029 1412 3079 viderunt
1435 3026 1553 3078 illos
1580 3027 1778 3079 inimici
1804 3042 1998 3079 eorum.
2033 3026 2093 3078 Et
2125 3027 2178 3078 in

658 3112 751 3161 illa
786 3113 912 3162 hora
943 3113 1112 3178 factus
1157 3124 1230 3166 est
1258 3124 1406 3165 terra:
1436 3124 1599 3165 motus
1630 3130 1879 3182 magnus;
1908 3123 1954 3168 ελ
1983 3115 2180 3165 decima

2277 1973 2420 2038 ζωῆς
2441 1973 2506 2024 ἐκ
2528 1971 2628 2024 τοῦ
2661 1970 2805 2024 Θεοῦ
2832 1968 3109 2035 εἰσῆλθεν
3137 1969 3221 2032 είς
3245 1969 3485 2032 αὐτούς·
3503 1970 3597 2020 καί
3616 1969 3803 2036 ἕστη-

2275 2076 2392 2113 σαν
2420 2060 2516 2112 ἐπί
2570 2058 2710 2122 τοὺς
2749 2058 2950 2120 πόδας
2973 2054 3205 2108 αὐτῶνο
3259 2055 3356 2107 xal
3395 2055 3574 2120 φόϐος
3615 2056 3805 2109 ἔπεσε

2271 2148 2451 2214 μέγας
2478 2146 2573 2198 ἐπί
2606 2145 2741 2204 τοὺς
2784 2142 3139 2210 θεωροῦντας
3169 2143 3404 2206 αὐτούς.
3438 2141 3544 2194 Kal
3565 2140 3808 2208 ἥκουσα

2277 2235 2476 2305 φωνῆς
2501 2234 2760 2304 μεγάλης
2810 2234 2876 2285 ἐκ
2916 2232 3018 2284 τοῦ
3060 2231 3315 2297 οὐρανοῦ
3351 2231 3645 2297 λεγούσης
3689 2232 3808 2283 αὐε-

2278 2324 2398 2388 τοῒς
2417 2341 2430 2354 ’
2482 2323 2748 2389 Ἇνὰὄητε
2766 2318 2879 2374 ὦδε
2899 2338 2912 2349 ο
2942 2319 3041 2373 καί
3063 2319 3361 2385 ἀνέϐησαν
3384 2321 3469 2383 είς
3489 2318 3594 2370 τὸν
3623 2319 3808 2384 οὐρα·-

2276 2414 2385 2465 νόν
2406 2413 2474 2464 ἐν
2497 2408 2613 2480 [τῇ]
2637 2409 2874 2478 νεφέλῃ.

2357 2497 2691 2567 ’ἰσαρίθμους
2720 2497 2930 2565 ἡμέρας
2954 2498 3064 2557 τοῖς
3089 2495 3231 2547 ἔτεσι
3253 2495 3349 2564 τῆς
3383 2492 3558 2547 αὐτῶν
3586 2510 3806 2562 προφη-

2278 2587 2446 2649 τείας,
2505 2587 2654 2654 φησὶ,
2701 2583 3073 2652 νεκρωθέντες,
3135 2581 3337 2653 [πάλιν]
3391 2582 3808 2650 ἀναστήσονται,

2279 2675 2372 2724 καὶ
2439 2674 2518 2734 είς
2564 2670 2783 2737 οὐρανὸν
2845 2667 2944 2738 [ἐν]
2989 2669 3066 2733 τῷ
3116 2666 3422 2735 Δεσποτικῷ
3453 2667 3683 2734 ὀχήματι
3731 2669 3810 2734 τῇ

2280 2763 2470 2831 νεφέλῃ
2528 2760 2931 2823 ἀνελεύσονται,
2989 2756 3150 2824 φόϐος
3193 2756 3285 2808 καὶ
3335 2753 3661 2823 κατάπληξις
3690 2755 3810 2815 τοῖς

2281 2852 2447 2922 ὁρῶσι
2476 2850 2764 2918 γινόμενοι.

2353 3025 2457 3078 Kal
2487 3024 2819 3089 ἐθεώρησαν
2848 3020 3062 3085 αὐτοὺς
3091 3023 3142 3072 οί
3188 3017 3380 3085 ἐχθροί
3433 3015 3645 3069 αὐτῶν.
3695 3013 3816 3067 Kal

2288 3112 2396 3184 [ἐν]
2445 3113 2640 3177 ἐκείνῃ
2680 3111 2751 3174 τῇ
2784 3110 2967 3176 ἡμέρᾳ
3015 3108 3246 3174 ἐγένετο
3304 3105 3551 3172 σεισμὸς
3588 3103 3768 3171 μέγας
3791 3118 3810 3132 ο

659 3216 779 3265 pars
810 3201 1035 3252 civitatis
1086 3202 1302 3264 cecidit;
1329 3213 1376 3254 et
1422 3203 1586 3254 occisa
1614 3212 1730 3254 sunt
1770 3204 1822 3254 in
1867 3212 2014 3254 terra
2043 3211 2182 3254 motu

2287 3201 2380 3252 καί
2417 3199 2482 3251 τὸ
2503 3199 2754 3251 θάπτον
2778 3196 2882 3260 τῆς
2919 3196 3141 3259 πόλεως
3159 3195 3336 3247 ἔπεσε
3355 3208 3368 3221 ’
3402 3192 3499 3244 καί
3517 3189 3815 3245 ἀπεκτόν-

661 3285 868 3337 uontina
904 3287 1164 3338 hominum
1194 3300 1380 3354 septem
1406 3288 1588 3339 millia.

731 3452 919 3507 lstharc
952 3453 1132 3507 forsan
1167 3455 1345 3507 sensili
1382 3454 1536 3506 modo
1563 3455 1843 3521 evenient;
1887 3455 2184 3509 sublimiori

665 3553 839 3593 autem
892 3558 1052 3596 sensu
1100 3559 1194 3611 per
1238 3555 1388 3596 teme
1437 3553 1651 3605 motum,
1693 3559 1869 3597 rerum
1912 3544 2185 3597 mobilium

664 3642 821 3699 atque
854 3631 1112 3684 lluxarum
1136 3634 1198 3684 ad
1223 3632 1545 3686 stabiliorem
1570 3633 1962 3701 ﬁrmioremque
1989 3642 2184 3687 statum

668 3720 942 3773 translatio
981 3719 1311 3787 designatur.
1344 3719 1493 3783 Quod
1531 3731 1705 3772 autem
1738 3722 1803 3773 de
1827 3722 2025 3773 decima
2061 3722 2187 3772 civi-

667 3809 790 3858 tatis
827 3821 971 3874 parte
1022 3811 1345 3877 ejusdemque
1393 3811 1544 3860 ruina
1595 3809 1681 3862 hic
1723 3811 1936 3870 dicitur,
1985 3809 2084 3862 hoc
2121 3810 2187 3862 ad

651 3897 963 3964 impietatis
989 3912 1170 3951 casum
1200 3899 1534 3950 referendum
1575 3898 1819 3952 videtur:
1853 3900 2046 3966 quippe
2070 3914 2189 3967 qua

668 4000 765 4038 nec
790 3986 1173 4050 admonitione,
1204 4001 1374 4053 neque
1391 3995 1694 4038 sanctorum
1712 3988 1774 4039 ad
1793 3988 1984 4041 coelum
2013 3998 2185 4056 raptu,

669 4073 734 4124 ad
778 4088 959 4125 sanam
1000 4083 1228 4126 mentem
1269 4075 1442 4127 redire
1487 4074 1723 4126 animum
1776 4076 2062 4143 aliquando
2106 4075 2189 4126 in-

669 4161 908 4224 duxerit;
943 4177 1062 4214 cum
1087 4162 1260 4213 caeteri
1289 4169 1486 4220 tamen,
1520 4169 1574 4211 ut
1595 4162 1752 4226 paulo
1783 4171 1899 4227 post
1931 4161 2188 4227 innuitur,

670 4250 774 4302 huc
824 4250 1097 4302 redierint.
1126 4248 1331 4316 Septem
1377 4249 1603 4314 denique
1652 4247 1816 4299 millia
1865 4250 2052 4311 occisa,
2100 4263 2190 4303 eos

672 4338 970 4404 signiﬁcare
1038 4340 1377 4401 arbitramur,
1426 4339 1516 4405 qui
1551 4338 1602 4390 in
1635 4338 1856 4404 septima
1921 4338 2191 4405 praesentis

671 4430 790 4479 vitae
819 4437 970 4478 mtate
1004 4427 1454 4492 obtorpesccutes,
1485 4427 1548 4477 ad
1577 4435 1813 4477 octavam
1844 4427 2191 4479 resurrectio-

673 4519 755 4571 nis
787 4534 890 4570 non
932 4516 1210 4580 anhelant;
1242 4530 1375 4582 quos
1406 4515 1626 4582 proinde
1656 4526 1866 4566 mortem
1889 4517 2188 4578 secundam,

675 4609 775 4660 hoc
805 4617 884 4661 est
912 4618 1168 4660 aeternum
1215 4606 1468 4675 gehennae
1506 4603 1842 4671 supplicium,
1885 4603 2064 4655 subire
2106 4617 2195 4655 ne-

677 4712 883 4749 cessum
922 4706 1019 4750 est.
1055 4699 1158 4749 Aut
1190 4707 1385 4763 septem
1415 4695 1577 4748 millia
1608 4695 1726 4747 illos
1756 4694 1890 4748 forte
1921 4694 2197 4757 denotant,

675 4787 765 4854 qui
795 4803 855 4838 cx
886 4786 1082 4839 Judteis
1111 4787 1436 4839 Antichrislo
1462 4785 1816 4838 crediderant.

743 4876 851 4945 48
878 4876 969 4934 XI,
1002 4876 1085 4937 i3,
1118 4875 1199 4925 Η.
1235 4874 1300 4924 Ει
1332 4874 1514 4940 reliqui
1546 4875 1596 4924 in
1623 4875 1854 4925 timorem
1883 4881 2003 4925 sunt
2033 4872 2194 4933 missi,

677 4977 723 5019 et
753 4968 1000 5017 dederunt
1028 4964 1246 5030 gloriam
1279 4961 1381 5012 Deo
1412 4962 1540 5012 eazli.
1579 4961 1658 5011 Va:
1683 4961 1959 5012 secundum
1982 4960 2130 5018 abiit,
2151 4967 2199 5010 et

679 5073 789 5107 erce
826 5072 898 5107 va:
933 5057 1137 5106 tertium
1166 5053 1325 5106 veniet
1355 5053 1476 5103 cito.

753 5145 1054 5196 Int‘nlelibus
1101 5145 1269 5206 caesis,
1316 5142 1621 5209 Christique
1665 5139 1987 5207 martyribus
2028 5136 2194 5206 gloria

682 5234 922 5292 donatis,
981 5241 1238 5298 quotquot
1292 5233 1461 5284 salute
1513 5246 1614 5283 non
1693 5229 1889 5296 indigni
1944 5227 2197 5295 comperti

685 5335 828 5383 sunt,
882 5319 1071 5384 inquit,
1112 5333 1294 5368 omnes
1328 5319 1485 5369 Deum
1523 5316 1768 5369 laudibus
1805 5317 2111 5367 extulerunt
2148 5323 2202 5365 et

686 5411 1066 5476 gloriﬁcarunt.
1107 5406 1232 5459 Post
1262 5407 1366 5458 duo
1410 5417 1583 5457 autem
1635 5422 1727 5468 vzu,
1778 5405 1987 5459 tertium
2036 5403 2197 5465 venit,

688 5514 780 5565 per
807 5501 1083 5568 septimani
1117 5500 1295 5553 tubam
1326 5500 1715 5552 adunibratum.

763 5673 807 5705 ”
831 5672 968 5728 l‘sal.
1000 5687 1184 5741 (mu,
1209 5677 1293 5730 7!.
1373 5677 1413 5706 ³⁰
1443 5673 1580 5729 Psal.
1613 5686 1820 5734 Lxxxiv,
1857 5671 1904 5724 5.

2258 3343 2260 3345 .
2283 3294 2475 3355 θησαν
2504 3289 2571 3340 ἐν
2593 3285 2670 3352 τῷ
2697 3285 2922 3353 σεισμῷ
2947 3285 3199 3351 ὀνόματα
3217 3282 3533 3347 ἀνθρώπων
3547 3277 3820 3346 χιλιάδες

2283 3379 2450 3432 ἑπτά.

2349 3465 2458 3517 Καὶ
2490 3466 2546 3516 ὲν
2585 3463 2767 3531 ἐκείνῃ
2796 3463 2860 3530 τῇ
2890 3459 3069 3529 ἡμέρα
3111 3458 3328 3526 σεισμὸς
3364 3457 3530 3525 μέγας
3576 3454 3814 3522 ὶγὲνετο.

2293 3555 2450 3614 Ἴσως
2478 3552 2575 3621 μὲν
2597 3549 2973 3619 καὶαίσθητῶς
2999 3545 3160 3618 [τότε]
3185 3546 3350 3599 ταῦτα
3376 3547 3821 3613 γενήσεται-νοη-

2284 3644 2391 3705 τῶς
2421 3642 2476 3694 δὲ
2508 3641 2596 3693 τὸν
2621 3638 2893 3705 σεισμὸν,
2926 3635 3020 3702 τὴν
3046 3635 3155 3686 τῶν
3189 3632 3556 3700 σαλευομένων
3590 3631 3822 3699 μετάθε-

2288 3748 2369 3782 σιν
2397 3730 2487 3781 imi.
2513 3729 2571 3780 τὸ
2598 3725 2850 3796 σταθερὸν
2879 3723 2977 3776 καὶ
3017 3722 3227 3791 βέϐαιον
3274 3719 3464 3789 δηλοῦν
3501 3720 3819 3789 νομίζομεν.

2291 3818 2363 3870 Τὸ
2385 3817 2630 3869 δέκατον
2659 3814 2726 3866 δὲ
2755 3813 2862 3879 τῆς
2910 3816 3136 3876 πόλεως
3179 3811 3435 3872 πίπτειν,
3471 3809 3532 3861 τὸ
3554 3810 3649 3878 τῆς
3685 3811 3822 3862 ἀσε-

2288 3907 2437 3967 ϐείας
2467 3904 2683 3973 πτῶμα,
2712 3903 2846 3971 μήτε
2873 3903 2937 3970 τῇ
2977 3900 3197 3952 ἐκείνων
3231 3899 3447 3968 ἁρπαγῇ
3488 3896 3820 3965 σωφρονιζό-

2292 4010 2468 4061 μενον,
2499 3991 2574 4052 ὡς
2613 3989 2719 4042 τῶν
2753 3987 2952 4039 λοιπῶν
2992 3984 3397 4054 σωθησομένων.
3419 3985 3486 4034 Al
3510 3981 3615 4049 γὰρ
3665 3981 3823 4033 ἑπτὰ

2289 4081 2550 4149 χιλιάδες
2595 4078 3027 4144 ἀναιρούμεναι,
3073 4073 3196 4133 τοὺς
3240 4069 3315 4138 τῷ
3362 4067 3690 4136 ἑϐδοματικῷ
3720 4068 3821 4120 τοῦ

2291 4168 2552 4236 παρόντος
2588 4164 2708 4233 βίου
2735 4163 2904 4232 χρόνῳ
2929 4159 3374 4230 προστετηκότας,
3392 4158 3486 4210 καὶ
3502 4156 3598 4226 τὴν
3626 4156 3823 4228 ὀγδόην

2291 4257 2386 4325 τῆς
2419 4255 2759 4316 ἀναστάσεως
2791 4253 2864 4322 μὴ
2891 4250 3269 4320 ἀναμένοντας,
3289 4247 3570 4316 σημαίνειν
3601 4246 3824 4313 φαίνον-

2289 4361 2379 4396 ται
2401 4361 2415 4375 ο
2448 4343 2538 4404 οὒς
2569 4343 2659 4394 καὶ
2681 4339 3079 4404 ἀποκτανθῆναι
3104 4337 3408 4400 ἐπάναγκες
3431 4334 3520 4384 τὸν
3546 4333 3602 4384 ὲν
3627 4332 3832 4404 γεέννῃ

2294 4433 2566 4496 δεύτερον
2600 4430 2870 4490 θάνατον,
2899 4426 3058 4498 [ἦτοι]
3092 4425 3190 4494 τὴν
3229 4422 3441 4476 αἰώνιον
3477 4420 3713 4474 κόλασιν.
3747 4422 3822 4473 Ἦ

2294 4521 2450 4588 τυχὸν
2496 4518 2717 4579 ἑπτάκις
2769 4517 2924 4585 χίλιοι
2957 4516 3166 4567 ἔσονται
3226 4515 3274 4565 οί
3323 4513 3382 4576 ἐξ
3429 4510 3689 4564 Ἰουδαίων
3744 4509 3826 4578 τῷ

2305 4611 2647 4678 Ἀντιχρίστῳ
2671 4609 2994 4677 πειθόμενοι.

2369 4867 2470 4919 Kal
2499 4867 2551 4916 ol
2598 4863 2791 4916 λοιποί
2821 4863 3055 4928 ἔμφοϐοι
3104 4859 3373 4926 ἐγένοντο
3396 4873 3408 4887 ⁸
3459 4807 3578 4910 καί⁸
3597 4855 3832 4908 ἔδωκαν

2301 4957 2488 5018 δόξαν
2526 4954 2602 5016 τῷ
2631 4953 2748 5015 Θεῷ
2777 4950 2882 5003 τοῦ
2926 4949 3198 5016 οὐρανοῦ.
3251 4950 3310 5001 Ἠ
3352 4949 3482 5002 οὐαί
3518 4949 3554 5012 ἠ
3579 4945 3824 5012 δευτέρα

2301 5027 2591 5111 ἀπῆλθεν·
2627 5045 2663 5111 ἡ
2691 5043 2821 5095 οὐαί
2848 5041 2884 5106 ἡ
2915 5040 3071 5106 τρίτη
3100 5039 3226 5092 ἰδοὺ
3257 5040 3481 5106 ἔρχεται
3514 5037 3681 5103 ταχύ.

2370 5140 2476 5190 Καὶ
2518 5139 2722 5189 ἔδωκαν
2771 5136 2924 5200 δόξαν
2968 5135 3043 5205 τῷ
3067 5136 3182 5203 Θεῷ
3209 5152 3222 5164 ·
3261 5131 3665 5201 μαστιζομένων
3713 5131 3822 5181 τῶν

2300 5227 2557 5288 ἀπίστων,
2590 5224 2682 5275 καὶ
2709 5223 3068 5292 δοξαζομένων
3095 5222 3200 5272 τῶν
3246 5217 3533 5289 μαρτύρων
3555 5221 3647 5273 τοῦ
3690 5221 3822 5286 Χρι-

2297 5313 2441 5374 στοῦ,
2467 5314 2516 5364 οί
2539 5313 2693 5376 ἄξιοι,
2730 5314 2878 5381 φησι,
2911 5313 3006 5379 τῆς
3053 5310 3335 5377 σωτηρίας,
3364 5310 3451 5362 τὸν
3494 5309 3624 5362 Θεὸν
3671 5305 3824 5368 δοξά⁴

2306 5405 2472 5466 ζουσι.
2499 5405 2647 5458 Μετὰ
2668 5405 2722 5456 δὲ
2751 5405 2842 5463 τὰς
2865 5402 2971 5464 δύο,
2993 5403 3149 5468 φησὶν
3171 5440 3182 5460 ,
3205 5399 3363 5465 Οὐαί,
3399 5402 3435 5468 ἠ
3479 5399 3637 5467 τρίτη
3665 5395 3826 5464 ἔρχε-

2307 5499 2454 5564 ταιὴ
2493 5497 2575 5548 διὰ
2618 5496 2711 5564 τῆς
2738 5493 2963 5562 ἑϐδόμης
3002 5492 3310 5558 σάλπιγγος.

1983 5669 2019 5701 ⁸¹
2050 5667 2190 5722 Psal.
2227 5685 2386 5732 exui,
2407 5668 2458 5720 ‘2.
