4088 6332
244 125 341 187 325

1170 84 1764 181 COMMENTARIUS
1800 121 1877 178 1N
1919 120 2431 178 AI’OCALYPSIN.

3285 122 3387 183 326

243 234 429 285 στάτου
497 230 617 303 [καὶ
662 231 1063 301 ψευδοχρίστου]
1110 229 1393 296 ἔπιϐουλὴν
1441 227 1753 295 φεύγοντας,
1788 232 1826 286 Α

1861 226 2030 279 Iuncis
2068 236 2120 279 ct
2146 228 2386 280 cavernis
2416 235 2589 291 terrae,
2620 235 2833 294 propter
2866 236 3118 295 apostatte
3149 236 3200 279 ct
3228 231 3388 281 Anti-

244 321 377 373 καθὰ
406 321 500 372 καὶ
529 320 719 389 πρώην
745 320 869 381 τοὺς
895 320 1189 388 μάρτυρας.
1236 318 1355 369 Ἐπὶ
1402 318 1502 380 ἐτη
1533 316 1586 367 δὲ
1612 317 1760 381 τρία,

250 407 451 475 ἣμισυ,
472 408 542 460 τὰ
566 406 667 459 ὑπὸ
693 406 800 459 τῶν
821 406 1003 475 χιλίων
1029 406 1309 457 διακοσίων
1350 404 1604 473 ἑξήκοντα
1634 406 1765 472 ἡμε-

248 495 349 561 ρῶν
384 494 680 564 δηλούμενα
702 511 717 527 ⁶
750 496 807 547 ἑν
848 489 925 556 οἷς
955 495 1266 563 κρατήσειὴ
1315 494 1613 546 ἀποστασία
1635 508 1648 523 ·
1698 490 1765 563 ἦς

248 582 387 647 ἡμᾶς
418 584 444 633 6
470 581 637 650 μέγας
660 580 1013 650 ἀγωνοθέτης,
1060 582 1088 632 ό
1129 580 1201 650 μὴ
1236 580 1532 649 συγχωρῶν
1570 596 1761 648 πειρα-

252 667 435 735 σθῆναί
463 685 579 720 τινα
603 669 739 738 ὑπὲρ
765 668 793 721 ὃ
813 669 1048 732 δύναται,
1073 668 1447 739 λυτρούμενος,
1464 669 1762 737 δωρήσεται

248 756 374 821 ἡμῖν
398 755 658 824 καρτερὸν
678 756 929 824 λογισμὸν
956 757 1046 808 καὶ
1074 760 1192 818 ταῖς
1233 756 1497 817 έναντίαις
1528 758 1763 826 προσϐο-

249 840 361 901 λαῖς
383 839 670 909 ἀθήλυντον
696 858 709 873 ο
746 844 829 895 ἵνα
852 844 1090 912 νομίμως
1120 843 1253 913 πρὸς
1298 844 1395 907 τὰς
1446 844 1617 913 ἀρχὰς
1670 842 1764 895 τοῦ

253 926 470 987 σκότους
500 929 707 989 καὶτὰς
736 929 976 992 έξουσίας
1009 929 1358 997 ἁθλήσαντες,
1388 930 1465 998 τῷ
1521 931 1765 1000 στεφάνῳ

252 1014 345 1081 τῆς
363 1014 702 1083 δικαιοσύνης
731 1018 1246 1089 κατακοσμηθῶμεν,
1281 1020 1373 1070 καὶ
1394 1019 1462 1071 τὰ
1489 1018 1587 1089 τῆς
1612 1020 1764 1087 νίκης

251 1100 471 1169 βραδεῖα
498 1102 774 1173 δεξώμεθα
800 1120 814 1135 ⁸
844 1108 923 1159 ὅτι
958 1106 1104 1176 αὐτῷ
1130 1107 1326 1176 πρέπει
1353 1106 1439 1159 διὰ
1481 1107 1586 1159 τῶν
1610 1107 1768 1158 ἀσθε-

249 1189 352 1242 νῶν
384 1191 732 1260 τροπουμένῳ
761 1194 881 1263 τοὺς
914 1195 1161 1263 ἰσχυροὺς
1187 1193 1460 1261 έναερίους
1483 1192 1763 1261 ἄρχοντας,

250 1277 281 1344 ἡ
303 1276 421 1344 νίκη
441 1276 533 1327 καὶ
559 1277 618 1329 τδ
646 1261 861 1346 κράτος,
879 1261 1089 1349 ἃμα
1115 1279 1286 1348 "asp!
1309 1280 1401 1331 καὶ
1419 1277 1494 1347 τῷ
1522 1278 1763 1349 ζωοποιῷ

250 1364 537 1432 Πνεύματι,
566 1364 681 1437 [νῦν
714 1368 806 1420 καὶ
825 1370 931 1435 ἀεὶ,
962 1368 1077 1439 καὶ]
1126 1370 1206 1432 είς
1249 1370 1373 1431 τοὺς
1405 1368 1601 1430 αἰῶνας
1635 1368 1762 1440 [τῶν

249 1452 493 1523 abin;qu
509 1454 700 1525 Ἀμήν.

1859 315 2042 369 cbristi
2079 315 2297 368 insidias
2333 316 2676 383 confugient;
2706 318 3153 384 quemadmodum
3183 319 3385 384 primos

1859 389 2071 472 quoque
2103 414 2359 474 martyres
2392 406 2454 457 ad
2494 406 2756 472 ejusmodi
2806 407 3021 459 latibula
3057 422 3192 474 sape
3218 423 3275 460 se
3305 423 3386 460 re-

1859 494 2085 561 cepisse,
2134 502 2465 562 tnurtemque
2510 494 2576 549 ad
2620 503 2827 562 tempus
2871 498 3105 550 evasisse
3142 506 3385 560 constat;

1860 583 2019 650 idque
2043 583 2107 637 ad
2143 599 2316 635 annos.
2334 592 2433 636 tres
2459 599 2573 636 cum
2615 584 2851 647 dimidio,
2891 601 2982 650 per
3020 587 3161 640 mille
3190 588 3391 639 ducen-

1872 683 2047 725 torum
2074 673 2350 740 sexaginta
2368 674 2571 726 dierum
2592 688 2868 725 numerum
2891 674 3227 742 designatos;
3255 676 3391 728 inter

1866 776 2015 829 quos.
2047 762 2149 831 52
2183 778 2398 829 regnum
2443 762 2701 817 obtinebit
2738 764 3003 831 apostasia
3033 780 3045 815 :
3088 779 3116 817 a
3142 781 3392 833 quama-

1865 868 2003 920 gnus
2036 854 2123 905 ille
2150 854 2479 921 Agonotheta
2508 869 2601 907 nos
2637 856 2841 918 liberet,
2873 855 2963 923 qui
2990 870 3091 908 non
3127 857 3391 923 permittit

1868 939 2033 993 ullum
2066 942 2286 995 omnino
2325 944 2515 996 tentari
2546 958 2709 1011 supra
2740 944 2789 998 id
2832 945 2971 1012 quod
2999 953 3189 1013 potest;
3224 946 3390 999 idem-

1866 1042 1971 1096 que
2002 1029 2337 1098 impertiatur
2383 1032 2537 1085 nobis
2587 1034 2824 1086 animum
2856 1034 3157 1090 robusmm.
3198 1042 3249 1085 et
3296 1034 3390 1086 ad-

1864 1118 2228 1169 versariorum
2261 1119 2491 1173 insultus
2526 1120 2806 1174 infractum
2828 1138 2842 1185 ;
2867 1132 2921 1175 ut
2943 1122 3173 1190 legitime
3202 1131 3389 1175 contra

1862 1204 2130 1273 principes
2154 1215 2205 1259 et
2236 1216 2521 1274 potestates
2568 1209 2903 1262 tenebrarum
2928 1214 3280 1271 decertantes,
3304 1211 3391 1277 ju-

1858 1290 2016 1345 stitite
2036 1306 2230 1347 corona
2254 1309 2593 1357 exornentur,
2624 1296 2960 1364 victoriaeque
2994 1297 3231 1349 bravium
3260 1312 3390 1349 con-

1858 1392 2165 1445 sequamur.
2207 1381 2340 1435 Eum
2393 1398 2642 1450 namque,
2674 1383 2763 1450 qui
2812 1398 2904 1451 per
2948 1385 3157 1437 iulirma
3204 1383 3390 1437 mundi

1768 1516 1785 1528 .
1860 1477 2105 1535 potentes
2132 1472 2271 1525 aeris
2297 1481 2585 1539 potestates
2627 1472 2681 1525 in
2713 1473 3035 1540 triumphum
3072 1487 3227 1537 agere
3254 1487 3386 1525 cou-

248 1542 436 1605 suevit,
468 1543 619 1598 decet
647 1544 869 1599 victoria
917 1555 971 1601 et
1013 1548 1315 1618 imperium,
1362 1566 1485 1605 cum
1534 1552 1687 1607 Patre
1714 1563 1767 1609 et
1794 1557 2003 1614 viviﬁco
2030 1561 2252 1630 Spiritu,
2295 1578 2436 1618 nunc
2484 1572 2538 1617 et
2584 1578 2810 1631 semper,
2862 1573 2915 1618 et
2943 1565 2997 1618 in
3065 1565 3257 1619 macula
3296 1570 3395 1617 sto-

245 1632 509 1687 culorum.
540 1634 730 1691 Amen.

563 1753 567 1756 ’
615 1762 861 1818 ΚΕΦΔΔ.
892 1764 1011 1823 ΛΔ⁹.
1048 1768 1263 1823 ΛΟΓΟΣ
1290 1770 1388 1826 IB’.

250 1889 501 1978 Heg-lio?)
810 1896 940 1978 ξῶζ
964 1898 1227 1978 ἀγγείλας
1261 1902 1356 1954 καί
1373 1902 1520 1978 ,τῶν
1549 1903 1757 1978 δαιμό-

315 1972 429 2007 νων
458 1974 472 1988 ο
525 1960 622 2011 καί
652 1960 829 2033 [περὶ]
868 1964 977 2032 τῆς
1012 1960 1126 2019 ’ἑοῦ
1162 1967 1393 2023 Σατανᾶ
1457 1960 1761 2022 καταθὶτώ-

316 2037 484 2084 σεως.

312 2174 413 2225 Kal
436 2173 667 2241 ἐγένετο
692 2175 946 2245 πόλεμος
967 2179 1035 2231 έν
1062 2179 1138 2245 τῷ
1160 2182 1389 2249 οὐρανῷ
1408 2198 1423 2213 ο
1453 2187 1487 2237 ό
1510 2188 1757 2253 Μιχαὴλ

250 2260 340 2314 καί
365 2264 417 2313 ol
445 2261 680 2330 ἄγγελοι
709 2267 890 2320 αὐτοῦ
917 2269 1251 2337 πολεμῆσαι
1296 2274 1442 2338 μετὰ
1489 2277 1591 2328 τοῦ
1625 2277 1761 2343 δρά-

251 2366 471 2415 κοντος.
497 2352 602 2406 Kal
624 2353 902 2420 ὀδράκων
921 2356 1271 2426 ἐπολέμησε,
1308 2361 1405 2413 καί
1440 2366 1493 2416 οι
1523 2364 1761 2433 ἄγγελοι

247 2436 424 2490 αὑτοῦ
450 2454 464 2469 ·
485 2440 582 2493 καί
601 2443 709 2494 οὐκ
740 2442 1021 2509 ισχυσαν,
1060 2446 1200 2499 οὐδὲ
1225 2450 1405 2513 τόκος
1428 2452 1623 2503 αὐτῶν
1664 2459 1761 2507 εὐ-

245 2525 379 2591 ρέθη
412 2525 496 2578 ἔτι
525 2527 594 2579 ἐν
624 2527 701 2590 τῷ
726 2529 969 2594 οὐρανῷ.

314 2636 418 2687 Καὶ
441 2621 607 2687 ταῦτα
634 2639 697 2705 τῇ
718 2654 775 2689 τε
793 2639 977 2709 πρώτῃ
996 2640 1087 2693 τοῦ
1112 2642 1352 2696 διαϐόλου
1370 2645 1425 2709 ἐξ
1453 2646 1760 2709 ἀλαζονείας

251 2722 334 2773 καὶ
362 2722 551 2789 φθόνου
580 2725 845 2777 έκπτὼσει
872 2728 971 2795 τῆς
1006 2731 1297 2799 ἀγγελικῆς
1320 2734 1539 2798 τάξεως,
1598 2740 1662 2805 τῇ
1695 2753 1752 2789 τε

249 2809 331 2861 διὰ
375 2808 467 2861 τοῦ
508 2814 832 2866 Δεσποτικοῦ
888 2818 1111 2887 σταυροῦ
1142 2820 1452 2890 καθαιρέσει
1503 2825 1757 2892 ἁρμόζειν

250 2892 456 2948 δύναται
489 2912 504 2927 ο
540 2898 647 2962 ὅτε,
681 2900 857 2962 καθώς
893 2919 1055 2971 φησιν
1092 2909 1120 2957 ό
1148 2907 1365 2977 Κύριος,
1393 2911 1420 2961 ό
1450 2911 1629 2979 ἄρχων
1665 2912 1756 2965 τοῦ

250 2983 439 3051 κόσμου
472 2985 658 3039 τοῦτου
692 2987 953 3057 κέκριται,
980 2992 1072 3042 καὶ⁵
1089 2994 1184 3062 τῆς
1198 2994 1426 3064 ἀρχαίας
1454 3001 1757 3068 τυραννίδος

250 3070 578 3138 ικϐέϐληται.
602 3070 674 3128 υἷι
701 3076 798 3145 τὴν
819 3077 1125 3142 ἀλαζονείαν
1151 3085 1271 3147 τοὺς
1303 3086 1473 3149 θείους
1501 3089 1756 3155 ἀγγέλους
1784 3072 1826 3127 c

251 3156 356 3225 ἅμα
377 3159 451 3228 τῷ
492 3160 715 3234 [αὐτῶν]
744 3166 1156 3238 ἀρχιστρατήγῳ
1204 3173 1415 3242 Μιχαὴλ
1452 3176 1524 3244 μὴ
1567 3178 1757 3245 φέρον-

251 3258 357 3307 τας,
386 3245 529 3307 είκὺς
557 3250 713 3301 αὑτὸν
734 3250 827 3317 τῆς
850 3254 1050 3314 οἰκείας
1076 3258 1445 3327 συνδιατριϐἧς
1464 3262 1757 3330 ἁπορρίψαι

252 3330 497 3416 ⁴ιτρότερον
523 3347 538 3362 ⁸
573 3333 748 3397 καθώς
776 3353 935 3405 φησιν
979 3340 1233 3411 Ίεζεκιὴλ
1274 3345 1375 3396 ὑπὸ
1423 3345 1530 3397 τῶν
1566 3365 1756 3416 χερου-

252 3415 371 3484 ϐεὶμ
408 3421 759 3485 έκϐεϐλῆσθαι
803 3428 961 3479 αὑτὸν
1021 3432 1085 3482 lx
1113 3434 1275 3499 μέσου
1317 3435 1552 3501 πυρίνων
1598 3415 1755 3488 λίθων

250 3504 347 3556 τῶν
372 3507 689 3573 anetum,
708 3507 879 3580 οἶμαι,
910 3517 1133 3579 τάξεων,
1165 3519 1249 3570 διὰ
1277 3520 1335 3570 τὸ
1370 3523 1653 3588 εὑρεθῆναι
1698 3528 1755 3575 ὲν

252 3592 383 3661 αὐτῷ
403 3592 514 3665 [τὰ]
539 3596 863 3668 ἀδικήματα.
900 3602 984 3655 Ἐν
1006 3604 1062 3655 δὲ
1088 3609 1151 3673 τῇ
1182 3605 1318 3676 [τοῦ]
1351 3608 1578 3675 Χριστοῦ
1611 3626 1749 3679 παρ-

252 3681 394 3749 oustq.
436 3684 560 3745 τοὺς
610 3684 1046 3758 διακονουμένους
1079 3693 1222 3762 αὐτῷ
1264 3694 1399 3763 μετὰ
1430 3697 1517 3747 τὸν
1550 3680 1753 3767 ηπειρα-

255 3766 376 3835 σμὺν
388 3768 462 3850 ὡς
479 3772 812 3842 ἠτιμωμένον
827 3776 1003 3830 δοῦλον
1018 3780 1169 3833 πάλιν
1188 3780 1547 3849 βδελύξασθαι.
1565 3784 1599 3835 'l
1607 3766 1753 3837 στέὼ

252 3854 301 3904 δὲ
344 3857 442 3943 ότι,
476 3859 651 3923 καθὼς
686 3866 795 3926 τοῖς
824 3866 1063 3936 Πατράσι
1088 3870 1346 3939 δέδοκται,
1389 3873 1522 3940 μετὰ
1539 3874 1633 3943 τὴν
1660 3875 1749 3926 τοῦ

252 3942 487 4031 αίσθητοῦ
510 3946 711 4015 κόσμου
739 3950 1111 4025 δημιουργίαν,
1158 3958 1323 4021 οὕτως
1359 3960 1426 4011 δι’
1470 3962 1751 4031 ὑπερηφα-

252 4030 358 4090 νίας
376 4032 467 4083 καὶ
498 4034 687 4100 φθόνου
716 4042 1129 4113 καταϐέϐληται,
1180 4047 1277 4114 τὴν
1331 4048 1511 4115 ἀέριον
1541 4030 1751 4119 πρῶτον

252 4121 657 4186 πεπιστευμένος
684 4123 871 4192 ἀρχὴν,
897 4128 1083 4191 ’καθώς
1121 4148 1279 4199 φησιν
1330 4135 1358 4185 ό
1419 4136 1746 4199 ’Δπόστολος.

253 4200 349 4252 Καὶ
379 4203 627 4268 Παππίας
650 4209 704 4260 δὲ
738 4210 905 4274 οὕτως
934 4218 1022 4267 ἐπὶ
1058 4215 1265 4279 λέξεωςο
1302 4221 1518 4285 Ἐνιοις
1552 4224 1619 4275 δὲ
1648 4229 1749 4278 αὺ-

252 4286 376 4351 stine,
400 4290 628 4361 δηλαδὴ
650 4295 766 4350 τῶν
792 4300 970 4354 πάλαι
998 4305 1166 4356 θείων
1196 4307 1477 4374 ἀγγέλων,
1502 4312 1597 4363 καί
1643 4313 1747 4379 τῆς

2174 1773 2392 1828 CAPUT
2423 1774 2656 1839 XXXIV,
2690 1776 2917 1830 SERMO
2950 1779 3057 1831 XII.

1868 1900 1940 1953 De
1972 1900 2266 1968 angelorum
2293 1910 2340 1953 et
2369 1906 2654 1954 dientonum
2683 1905 2883 1969 pretio,
2906 1915 2953 1957 et
2985 1905 3194 1960 Satame
3239 1925 3383 1961 casu.

1936 2191 2050 2254 ΧΠ,
2094 2191 2148 2255 7,
2204 2192 2253 2245 8.
2308 2192 2372 2243 Et
2421 2194 2612 2261 factum
2654 2204 2730 2247 est
2766 2199 2999 2263 praelium
3047 2216 3285 2263 magnum
3333 2205 3386 2255 in

1866 2279 2029 2342 calo;
2071 2279 2291 2333 Michael
2314 2290 2359 2332 et
2391 2282 2557 2349 angeli
2587 2284 2697 2350 ejus
2720 2287 3086 2349 praliabamur
3122 2304 3235 2339 cum
3263 2291 3385 2341 dra-

1865 2383 2019 2429 cune;
2052 2378 2099 2420 et
2132 2369 2290 2421 draco
2312 2371 2593 2438 pugnabat,
2628 2381 2671 2423 et
2714 2374 2879 2441 angeli
2910 2375 3059 2440 ejus;
3084 2386 3130 2427 et
3162 2394 3255 2428 mm
3298 2395 3387 2430 va-

1864 2454 2090 2517 luerunt,
2123 2471 2277 2520 neque
2314 2457 2452 2510 locus
2497 2459 2724 2511 inventus
2752 2471 2823 2512 est
2865 2477 3038 2513 eorum
3073 2466 3291 2528 amplius
3334 2468 3385 2517 in

1864 2543 2008 2595 (telo.

1933 2650 2117 2705 lstlta'c
2148 2654 2319 2720 primo
2351 2654 2542 2706 diaboli
2579 2654 2771 2722 lapsui,
2804 2671 2910 2723 quo
2943 2672 3006 2710 ex
3036 2662 3273 2727 angelico
3296 2679 3384 2715 or“
3471 2717 3473 2719 ,

1862 2741 1984 2793 dine
2009 2751 2221 2809 propter
2248 2744 2546 2809 superbiam
2577 2756 2628 2797 et
2657 2745 2902 2798 invidiam
2927 2751 3258 2816 proscriptus
3278 2762 3377 2814 est,

1862 2829 2246 2884 accommodari
2272 2840 2494 2898 possunt
2518 2849 2530 2883 :
2561 2840 2613 2883 et
2642 2834 2886 2886 secunda:
2912 2850 3122 2890 rursum
3146 2837 3380 2901 ejusdem

1862 2921 2058 2982 ruinae,
2090 2933 2195 2987 qua
2228 2933 2323 2987 per
2366 2918 2690 2974 Doutiuicam
2726 2937 2935 2976 crucem
2986 2923 3189 2978 fractus
3225 2936 3385 2994 atque

1860 3006 2091 3073 dejectus
2120 3016 2232 3069 est;
2281 3007 2494 3073 quando
2528 3008 2775 3060 nimirum
2819 3011 3003 3063 mundi
3039 3011 3194 3079 hujus
3235 3016 3381 3080 prin-

1859 3091 2171 3158 ceps,juxta
2203 3091 2402 3143 Christi
2430 3089 2639 3143 Domini
2667 3092 2957 3157 oraculum,
2988 3094 3257 3162 judicatus
3283 3135 3296 3159 ,
3328 3106 3382 3151 et

1859 3193 1887 3230 a
1928 3177 2236 3246 tyrannide,
2272 3192 2429 3246 quam
2469 3187 2591 3230 ante
2624 3182 2942 3243 exercebat,
2992 3183 3243 3248 depulsus
3281 3195 3379 3237 cst.

1860 3268 2139 3320 Enimvero
2164 3281 2284 3320 cum
2317 3268 2478 3319 divini
2511 3270 2680 3336 angeli
2705 3283 2824 3321 cum
2848 3272 2981 3324 duce
3004 3286 3100 3325 suo
3130 3273 3382 3327 Michaclo

1860 3353 2005 3405 illius
2037 3355 2339 3420 superbiam
2371 3363 2424 3407 et
2449 3357 2805 3423 arrogantiam
2839 3357 2979 3412 ferre
3004 3374 3108 3411 non
3141 3373 3377 3427 possent,

1856 3440 2024 3505 ipsum
2056 3456 2119 3492 ex
2162 3456 2258 3493 suo
2286 3444 2555 3495 consortio
2581 3452 2633 3495 et
2663 3447 3067 3510 consuetudine,
3098 3460 3158 3499 ut
3190 3451 3379 3514 proba-
3424 3469 3432 3480 ·

1854 3527 1955 3578 bile
1986 3528 2065 3588 ΩΙ,
2092 3530 2267 3579 statim
2294 3529 2623 3593 abjeccrunt.
2655 3532 2827 3593 Atque
2852 3533 2953 3584 huc
2981 3544 3200 3599 spectat,
3235 3539 3375 3603 quod

1853 3608 2103 3689 propheta
2146 3608 2387 3661 Ezechiel
2436 3611 2584 3662 illum
2629 3628 2691 3664 ex
2731 3616 3050 3669 Clterubinis
3094 3622 3374 3688 mediaque

1852 3700 2132 3767 ignitorutu
2162 3700 2419 3765 lapidum,
2456 3703 2555 3754 hoc
2590 3710 2689 3762 est,
2720 3704 3077 3770 angelicorum
3104 3710 3371 3774 ordinum,

1851 3789 2076 3842 statione
2115 3788 2339 3855 ejectum
2394 3791 2619 3853 asserit;
2666 3804 2725 3842 ea
2767 3793 3014 3845 nimirum
3064 3798 3128 3846 de
3181 3812 3371 3861 causa,

1852 3879 1992 3947 quod
2026 3879 2327 3947 iniquitates
2363 3880 2411 3931 in
2444 3880 2533 3932 illo
2560 3889 2845 3947 compertze
2872 3893 3067 3935 essent.
3093 3884 3146 3936 In
3173 3883 3370 3937 Christi

1850 3985 2006 4039 porro
2040 3971 2265 4024 adventu
2295 3970 2463 4038 angeli
2501 3971 2596 4031 illi,
2626 3972 2715 4038 qui
2750 3981 2867 4036 post
2907 3971 3206 4025 absolutum
3232 3974 3369 4040 jcju-

1850 4062 2018 4122 nium,
2056 4061 2477 4127 intentatamque
2514 4074 2541 4111 a
2579 4059 2772 4113 Satana
2807 4063 3149 4114 tentationem
3174 4104 3187 4125 ,
3225 4079 3373 4117 acce-

1847 4146 2032 4198 dentes
2062 4146 2431 4198 ministrabant
2466 4148 2552 4207 ei,
2582 4148 2850 4199 diabolum
2894 4150 3050 4202 veluti
3083 4152 3185 4203 vile
3222 4153 3368 4218 abje-

1848 4242 2097 4298 clumque
2130 4233 2443 4297 mancipium
2486 4248 2589 4285 non
2638 4235 2839 4300 absque
2875 4238 3241 4289 exsecratione
3273 4241 3367 4290 dc-

1848 4332 1953 4369 nuo
2000 4318 2390 4384 propulsarunt.
2438 4321 2661 4371 Adverte
2708 4332 2884 4373 autem
2932 4322 3176 4377 Patr-ibus
3229 4340 3365 4377 non-

251 4379 493 4477 xeplfﬁr
519 4384 636 4452 τῆν
674 4387 1115 4458 διακοσμήσεως
1142 4394 1357 4449 ἔδωκεν
1383 4399 1611 4466 ἇρχεινο
1653 4405 1745 4455 καὶ
1777 4379 1821 4434 D

1852 4407 2005 4457 nullis
2053 4407 2221 4457 visum
2262 4421 2380 4459 esse
2429 4418 2546 4473 post
2597 4410 2933 4475 aspectztbilis
2979 4414 3158 4464 mundi
3208 4415 3365 4477 hujus

252 4466 428 4556 καλῷ(-
454 4471 655 4539 ἇρχεεν
682 4480 1079 4546 παρηγγύησε.
1132 4484 1234 4535 Καὶ
1266 4484 1388 4553 ἑξῆς
1416 4506 1575 4554 φησιν
1600 4508 1612 4520 ·
1645 4496 1745 4556 Εἰς

252 4552 413 4605 οὐδὲν
431 4556 539 4629 [δὲ]
576 4566 801 4643 συνέϐη
830 4567 1175 4634 τελευτῆσαι
1201 4571 1312 4637 τὴν
1342 4552 1506 4635 τάξικ
1526 4552 1737 4635 aimer

1848 4493 2114 4560 opiﬁcium
2152 4493 2421 4547 diabolum
2452 4506 2662 4563 propter
2695 4500 2998 4566 superbiam
3030 4510 3081 4554 et
3111 4502 3362 4556 invidiam

1844 4595 1874 4633 e
1903 4582 2037 4634 coelo
2063 4583 2323 4649 ejectum,
2353 4594 2665 4653 potestatem
2694 4605 2851 4656 quam
2894 4591 2943 4642 in
2978 4607 3186 4645 aeream
3228 4594 3363 4644 hanc

255 4648 499 4713 regionem
579 4665 701 4709 ante
746 4660 948 4728 lapsum
998 4674 1305 4731 acceperat,
1342 4679 1461 4733 post
1510 4669 1717 4736 lapsum
1768 4673 1821 4725 in
1862 4684 2061 4742 partem
2094 4648 2292 4732 adhuc
2347 4680 2649 4734 retinuisse.
2707 4682 2846 4736 Sane
2882 4684 3165 4751 Apostolus
3222 4683 3361 4736 haud

252 4742 455 4796 obscure
484 4746 717 4803 insinuat
758 4754 914 4818 illud,
942 4757 1064 4809 dum
1104 4758 1291 4810 luctam
1338 4761 1490 4814 nobis
1525 4778 1627 4815 non
1688 4766 1939 4822 adversus
2004 4785 2216 4825 carnem
2262 4782 2313 4826 et
2376 4775 2707 4842 sanguinem,
2756 4777 2844 4829 sed
2893 4778 3145 4830 adversus
3178 4794 3360 4830 aereas

253 4843 521 4931 potestates
554 4853 693 4904 esse,
735 4846 920 4899 scribit
954 4865 967 4900 :
1010 4849 1294 4901 Conﬁrmat
1335 4860 1508 4905 autem
1557 4853 1745 4922 Papias
1781 4860 1836 4911 Β.
1864 4858 2086 4917 Joannis
2114 4865 2405 4933 discipulus
2468 4869 2666 4919 diserte
2726 4869 2867 4921 hisce
2891 4870 3100 4921 verbis:
3138 4872 3265 4920 Aliis
3297 4886 3359 4920 ex

253 4920 394 4985 ίρσίει
424 4937 592 5020 ηεηψξ
622 4930 833 5020 angelis,
870 4936 1139 5000 quamdam
1171 4938 1304 4989 circa
1330 4947 1478 4991 terra:
1534 4941 2026 5002 administratimrem
2054 4920 2352 5014 potestatem
2408 4965 2453 5006 et
2516 4960 2924 5020 procurationem
2983 4959 3195 5019 tribuit;
3233 4962 3357 5011 rite-

359 5024 536 5061 tuunus
567 5012 851 5077 injuncturn
881 5023 1242 5077 administrare
1261 5028 1443 5093 jussit.
1469 5027 1533 5081 Et
1564 5033 1748 5097 paucis
1822 5012 2170 5107 interpositis,
2204 5042 2474 5110 subjungit
2503 5012 2526 5094 τ’
2583 5045 2781 5097 Accidit
2819 5055 3005 5107 autem,
3038 5054 3090 5093 ut
3129 5048 3358 5098 ordinent

250 5099 333 5151 sibi
356 5102 661 5167 prtrﬁuituus
695 5107 1001 5167 absolverent
1033 5134 1131 5171 non
1162 5129 1217 5172 ut
1247 5120 1471 5175 decebat.

308 5216 409 5268 Kal
436 5216 649 5283 ἐϐλήθη
678 5221 712 5270 d
738 5219 969 5286 δράκων
1002 5230 1033 5279 ό
1068 5230 1273 5297 μέγας,
1300 5228 1377 5299 [ὁ]
1414 5230 1549 5297 ὄψις
1582 5235 1614 5286 d
1641 5235 1739 5300 dp-

1910 5235 2027 5300 Xll,
2067 5236 2119 5290 9.
2166 5237 2228 5288 Et
2257 5238 2513 5304 proiectus
2560 5247 2635 5289 est
2668 5238 2823 5307 Διηίο
2866 5238 2953 5291 ille
2997 5257 3207 5310 magnus
3251 5266 3354 5298 ser-

252 5303 395 5370 zat'oc
420 5308 451 5358 ὁ
478 5306 835 5375 καλούμενος
860 5309 1130 5389 διάϐολος
1159 5319 1253 5373 καί
1285 5319 1366 5390 [ό]
1398 5321 1672 5389 Σατανᾶς,
1701 5326 1733 5377 ὀ

1852 5341 1957 5377 pem
1979 5327 2240 5393 antiquus,
2276 5327 2363 5393 qui
2404 5331 2610 5377 racatur
2634 5325 2867 5379 diabolus
2890 5340 2936 5382 et
2980 5330 3235 5395 Satanas;
3266 5339 3354 5392 aui
