4112 6330
1685 167 1699 233 i

229 295 318 361 36:
1155 291 1747 353 COMMENTARIUS
1784 290 1860 347 ΙΝ
1906 289 2416 368 APOCALYPSIN-
3272 286 3376 349 362

227 410 304 461 λον
330 404 672 458 ὑπασπιστῶν
724 404 1170 472 ἀναιρουμένους·
1219 403 1252 471 ἢ
1304 402 1408 472 Ιτο]
1454 402 1578 463 τοὺς
1630 401 1737 453 τῶν
1767 408 1804 460 Α

1841 414 2186 459 occursuros,
2211 399 2301 465 qui
2333 407 2545 465 propter
2573 396 2897 466 singularem
2924 399 2976 450 in
3000 396 3099 449 title
3124 405 3376 451 constan-

228 496 365 546 θείων
399 492 696 560 προφητῶν
734 489 1232 557 ἀποστρεφομένους
1260 490 1320 540 τὸ
1350 490 1625 557 κήρυγμα,
1651 488 1744 539 καὶ

1842 487 1966 539 tiam
2000 487 2291 554 prophetiae
2317 488 2518 539 donum
2542 495 2944 553 consequentur
2971 485 3095 554 ;qui
3124 500 3185 538 ea
3215 486 3374 540 etiam

226 581 544 643 δικαιοῦντας
609 580 786 632 αὐτῶν
826 582 923 647 τὴν
988 579 1090 631 ὑπὸ
1138 578 1245 629 τῶν
1303 576 1742 646 σκληροκαρδίων

1841 575 1905 628 de
1948 589 2110 629 causa
2169 590 2195 626 a
2247 574 2442 627 diaboli
2494 574 2748 627 satellitio
2801 574 3252 627 trucidabuntur:
3289 586 3381 627 aut

234 672 481 739 Ἐϐραίων
515 671 812 738 ἀναίρεσιν,
847 669 1134 731 κοινωνοὺς
1171 668 1268 736 τῆς
1320 668 1496 719 αὐτῶν
1529 665 1741 732 σφαγῆς

1841 679 1930 717 eos
1980 679 2108 716 sane
2142 664 2231 730 qui
2278 664 2582 716 divinorum
2626 665 3006 731 prophetarum
3044 664 3383 732 przcdicatio-

226 762 277 827 τῇ
307 759 554 826 προθέσει
583 760 862 824 γίνεσθαι·
894 758 1033 810 καθὰ
1067 760 1158 811 καὶ
1179 760 1206 810 ὁ
1242 758 1439 826 Κύριος
1462 759 1570 815 τοῖς
1610 757 1740 806 ’1ουο

1841 770 1959 807 nem
1997 754 2423 815 aversabuntur;
2451 755 2619 804 caedes
2659 764 2858 815 autem,
2894 769 3029 820 quas
3055 752 3173 806 duri
3204 753 3385 807 cordis

226 848 371 910 eum;
424 848 627 914 ἔλεγεν,
666 852 745 903 ὅτι
788 848 891 920 [οἱ]
925 848 1324 915 οἰκοδομοῦντες
1356 847 1423 899 τὰ
1475 847 1577 897 τῶν
1608 860 1740 910 προ-

1847 842 2098 907 duraeque
2117 842 2342 894 cervicis
2380 841 2584 895 ilebraci
2619 842 2837 894 Christo
2864 852 2913 894 et
2946 844 3220 910 prophetis
3244 853 3385 897 attu-

226 936 389 1005 φητῶν
418 938 700 1007 μνήματα,
734 938 1108 988 συνευδοκοῦσι
1140 940 1204 1005 τῇ
1236 938 1512 1004 ἀναιρέσει
1540 934 1735 987 αὐτῶν.

1848 932 2039 993 lerunt,
2063 932 2227 985 veluti
2246 931 2419 998 justas
2443 931 2760 999 approbant,
2782 942 2872 984 aut
2889 933 3015 984 olim
3041 933 3383 1000 approbaturi

226 1037 349 1089 sunt,
378 1030 449 1081 ob
478 1030 671 1084 mentis
700 1031 1026 1096 propositum
1057 1029 1197 1081 inter
1226 1030 1347 1082 illos
1394 1028 1539 1095 ipsos
1595 1022 1889 1077 homicida;
1940 1024 2256 1075 censendos.
2317 1023 2429 1075 lluc
2460 1026 2601 1076 enim
2670 1035 2897 1090 spectat,
2938 1026 3079 1092 quod
3137 1026 3385 1080 Christus

226 1110 468 1169 ῃοιηίηηε
507 1116 827 1170 ρει-ιιιάωοε
863 1116 1116 1169 dicebar;
1165 1115 1251 1168 va;
1301 1115 1476 1171 vobis,
1530 1116 1627 1173 ait,
1656 1111 1741 1179 qui
1802 1108 2079 1185 trdiﬁcatis
2144 1120 2471 1161 monuntcnm
2524 1110 2922 1176 prapltetarum,
2988 1120 3161 1178 patres
3208 1125 3383 1172 autem

224 1208 355 1259 mtri
384 1206 681 1259 occiderunt
713 1205 834 1260 illos
861 1222 879 1258 :
912 1208 1139 1274 profecto
1184 1206 1560 1272 testiﬁcantini,
1609 1201 1743 1272 quod
1782 1199 2082 1251 consentitur
2118 1199 2354 1265 operibus
2382 1209 2589 1265 patrum
2618 1210 2900 1251 vestrorum
2932 1201 2995 1252 ".

285 1301 385 1355 Kal
425 1302 660 1367 ἤκουσα
696 1300 763 1352 ἐκ
796 1299 903 1352 τοῦ
942 1301 1372 1367 θυσιαστηρίου
1420 1299 1702 1366 λέγοντος
1730 1314 1741 1325 ·

227 1393 337 1455 Ναὶ,
366 1393 539 1457 Κύριε
564 1394 597 1441 ό
635 1390 776 1451 Θεὸς
803 1394 834 1442 ὀ
862 1389 1296 1457 παντοκράτωρ,
1324 1388 1599 1455 ἀληθιναὶ
1649 1388 1743 1438 καὶ

226 1487 422 1537 δίκαιαι
450 1485 506 1535 αι
539 1482 765 1547 κρίσεις
785 1498 919 1534 σου.

286 1572 386 1627 Καὶ
416 1570 651 1636 ἥκουσα
695 1569 761 1622 ἐκ
811 1568 913 1620 τοῦ
953 1572 1395 1641 θυσιαστηρίου.
1439 1599 1504 1610 -
1541 1570 1605 1620 Τὸ
1648 1572 1746 1619 θυ-

229 1662 576 1728 σιαστήριον,
620 1662 747 1711 ποτε
781 1659 878 1726 μὲν
930 1657 1018 1710 τὸν
1084 1660 1313 1727 Χριστὸν
1371 1657 1535 1725 δηλοῖ,
1569 1656 1641 1718 ὡς
1688 1659 1744 1707 ὲν
1778 1682 1815 1736 η

231 1751 356 1819 αὐτῷ
388 1749 477 1801 καὶ
525 1747 593 1800 δι’
633 1746 795 1799 αὑτοῦ
836 1750 1283 1817 προσφερομένων
1317 1747 1394 1814 τῷ
1426 1748 1597 1815 "arpi.
1634 1746 1740 1798 τῶν

229 1839 435 1904 λογικῶν
459 1832 885 1904 ὁὶοιιαρπώσεων
933 1836 1031 1886 καῖ’
1050 1836 1155 1887 τῶν
1198 1834 1384 1897 ζωσῶν
1426 1834 1643 1897 θυσιῶν,
1677 1832 1743 1892 ἃς

231 1928 535 1998 προσφέρειν
581 1927 645 1976 ἐκ
677 1923 771 1975 τοῦ
833 1922 1152 1973 Ἀποστόλου
1194 1922 1543 1987 δεδιδάγμεθα
1567 1938 1579 1949 ’
1617 1919 1741 1971 ποτὲ

232 2021 276 2070 δὲ
320 2018 409 2077 τὰς
442 2013 729 2081 ἀγγελικὰς
784 2014 1059 2079 δυνάμεις,
1107 2011 1180 2072 ὡς
1241 2011 1581 2076 ἀναγωγικὶς
1635 2011 1742 2061 τῶν

230 2104 483 2171 ἡμετέρων
518 2099 831 2167 προσευχῶν
867 2097 1083 2148 καὶτῶν
1112 2096 1488 2163 πνευματικῶν
1514 2096 1740 2161 ὁλοκαρ-

231 2192 450 2243 πῶσεων.
476 2192 571 2248 Ἀς
593 2189 671 2247 είς
708 2185 979 2238 διακονίαν
1014 2185 1474 2251 ἀποστελλοίιένας
1507 2184 1594 2235 διὰ
1617 2186 1740 2246 τοὺς

234 2280 491 2349 μέλλοντας
542 2275 897 2344 κληρονομεῖν
955 2273 1224 2339 σωτηρίαν
1269 2273 1599 2341 ἠκούσαμεν.
1648 2273 1741 2324 Ἐκ

234 2370 398 2423 τούτου
445 2368 624 2416 τοίνυν
658 2363 751 2414 τοῦ
777 2362 1148 2430 λειτουργικοῦ
1201 2361 1581 2430 θυσιαστηρίου
1612 2364 1742 2429 φησὶ

232 2457 313 2524 τὴν
344 2454 517 2521 φωνὴν
558 2452 925 2521 ἐξενεχθῆναι,
960 2450 1271 2503 ὁικαιοῦσαν
1298 2452 1366 2503 τὰ
1395 2455 1571 2503 πάντα
1621 2451 1741 2503 νοῦν

236 2547 315 2598 καὶ
343 2545 487 2611 λόγον
531 2542 925 2612 ὑπερϐαίνοντα
972 2543 1063 2594 τοῦ
1097 2542 1229 2594 Θεοῦ
1284 2544 1544 2613 κρίματα.
1596 2544 1743 2596 Ἐπεὶ

235 2630 391 2681 τοίνυν
417 2629 625 2698 χαίρειν
655 2627 753 2697 μὲν
777 2628 869 2680 καὶ
886 2628 1174 2697 ἑορτάξειν
1212 2631 1311 2691 τὰς
1342 2632 1556 2699 νοερὰς-
1582 2632 1741 2683 δυνά-

239 2736 339 2786 μεις
368 2721 453 2769 ἐπὶ
473 2721 538 2787 τῇ
576 2719 684 2770 τῶν
705 2720 767 2770 ἐκ
806 2720 1085 2787 μετανοίας
1113 2721 1540 2787 ἐπιστρεφόντων
1568 2738 1743 2792 σωτη-

240 2808 313 2876 ρίᾳ
331 2810 432 2868 τοῖς
462 2807 833 2872 εύαγγελικοῖς
860 2807 1033 2873 λόγοις
1064 2807 1431 2877 ἐδιδάχθημεν,
1464 2809 1740 2862 λυπεῖσθαι

235 2891 281 2947 δὲ
307 2896 389 2947 ἐπὶ
415 2899 477 2964 τῇ
531 2896 735 2949 τούτων
773 2896 867 2963 τῆς
901 2896 1109 2959 εὐθείας
1138 2898 1257 2950 ὁδοῦ
1282 2903 1622 2968 παρατροπῇ,
1663 2901 1743 2951 εύ-

1914 1290 2051 1351 XVI,
2086 1290 2136 1343 7.
2181 1289 2246 1341 Et
2300 1291 2473 1342 audivi
2521 1290 2742 1342 alterum
2769 1307 2833 1345 ea:
2881 1293 3041 1344 altari
3083 1295 3329 1348 dicentem
3364 1313 3383 1348 :

1849 1378 2044 1440 Etiam,
2082 1377 2292 1429 Domine
2321 1378 2453 1430 Deus
2484 1379 2826 1445 omnipotens,
2858 1395 2976 1432 vera
3005 1390 3052 1434 et
3076 1382 3381 1449 justajudi-

1837 1468 1923 1521 ιίτι
1964 1478 2072 1519 tua.
2875 1513 2879 1521 .

1913 1558 2022 1625 69
2060 1558 2159 1610 Per
2203 1557 2374 1609 altare
2426 1557 2693 1609 interdum
2747 1557 3058 1625 designatur
3115 1560 3383 1624 Christus.

1846 1651 1985 1715 quod
2015 1650 2067 1700 in
2095 1649 2212 1716 ipso
2230 1657 2282 1701 et
2298 1662 2389 1717 per
2410 1648 2583 1716 ipsum
2604 1648 2809 1705 ratione
2844 1649 3075 1716 praedita
3108 1650 3215 1704 Deo
3244 1650 3384 1704 Patri

1844 1737 2137 1791 oderantur
2183 1738 2396 1799 hostiae,
2444 1738 2817 1805 sacriticiaque
2862 1746 2916 1790 et
2952 1738 3178 1792 victima:
3219 1741 3384 1800 vivae;

1841 1824 2027 1892 quales
2082 1823 2184 1892 ipsi
2226 1824 2407 1877 oil'erri
2452 1826 2565 1877 vult
2614 1826 2920 1892 Aposmlus.
2991 1824 3383 1897 Nonnunquam

1844 1927 1968 1965 vero
2012 1913 2265 1978 angelicze
2302 1912 2550 1973 virtutes,
2586 1924 2639 1965 ut
2674 1928 2789 1980 qum
2827 1924 3038 1967 nostras
3066 1931 3256 1982 preces
3286 1934 3385 1971 no-

1842 2010 2092 2068 strasque
2150 2002 2417 2068 spiritales
2462 2003 2759 2054 oblationes
2807 2004 2857 2054 in
2900 2005 3130 2057 sublime
3154 2011 3383 2061 evehant

1843 2090 2057 2157 Deoque
2087 2089 2313 2143 oﬂ‘eraut
2350 2107 2363 2140 :
2395 2089 2659 2157 siquidem
2696 2092 2857 2144 hasce
2900 2102 3116 2160 propter
3151 2110 3243 2149 eos
3290 2101 3380 2169 qui

1843 2178 2206 2232 haereditatem
2236 2180 2428 2233 salutis
2452 2181 2689 2247 capiunt,
2715 2180 2766 2232 in
2822 2181 3185 2236 ministerium
3218 2186 3381 2247 mitti,

1840 2282 1902 2317 ex
1930 2266 2117 2319 eodem
2156 2268 2413 2335 Apostolo
2440 2268 2636 2322 diserte
2666 2268 2949 2326 discimus.
2988 2269 3062 2323 Ex
3097 2271 3198 2327 hoc
3225 2274 3386 2342 igitur

1843 2359 2069 2423 mystico
2112 2357 2268 2409 altari
2303 2371 2485 2411 vocem
2542 2358 2772 2413 delatam
2828 2360 3021 2427 inquit,
3058 2375 3175 2429 qua:
3203 2364 3384 2416 omnia

1841 2443 1933 2497 Dei
1985 2445 2187 2517 judicia
2214 2447 2356 2514 justa
2401 2462 2465 2501 ac
2490 2462 2703 2502 omnem
2733 2458 2964 2503 mentem
2996 2459 3049 2504 et
3082 2454 3383 2507 orationem

1842 2535 2147 2601 superantia
2175 2535 2515 2603 praedicabat.
2544 2537 2678 2602 Quia
2703 2552 2832 2607 ergo
2854 2554 2915 2592 ex
2948 2542 3120 2597 sacris
3152 2544 3384 2597 oraculis

1843 2619 2208 2689 intelligimus,
2233 2624 2590 2694 intelligentes
2611 2627 2729 2683 illas
2751 2628 3126 2701 spiritalesque
3152 2634 3379 2690 virtutes

1844 2711 1908 2761 de
1941 2711 2151 2764 illorum
2206 2715 2379 2767 salute
2410 2717 2645 2780 gaudere
2676 2716 2981 2788 festumque
3026 2721 3167 2777 diem
3204 2730 3380 2789 agere.

1841 2800 1931 2867 qui
1994 2816 2089 2868 per
2136 2804 2511 2869 paenitentiam
2588 2814 3017 2870 convertuntur:
3070 2813 3382 2868 contristari

1853 2904 1977 2943 vero
2005 2901 2057 2942 et
2084 2906 2313 2944 maerere
2351 2893 2416 2945 de
2454 2894 2669 2947 illorum
2700 2896 3021 2963 perditione,
3057 2898 3148 2966 qui
3179 2911 3380 2957 rectam

236 2986 481 3051 χαριστείν
508 2983 564 3038 δὲ
584 2983 661 3052 τῷ
691 2983 808 3051 Θεῷ
837 2986 926 3036 ἐπὶ
952 2987 1016 3053 τῇ
1048 2986 1153 3038 τῶν
1179 2988 1614 3054 παραϐαινόντων
1644 2988 1740 3049 τὰς
1770 2980 1804 3038 C

1845 2980 1981 3036 viam
2014 2981 2298 3044 deserunt;
2330 2997 2391 3033 ac
2411 2984 2609 3050 gratias
2640 2983 2873 3051 denique
2915 2986 3123 3040 caelesti
3159 2985 3379 3044 Numini

237 3072 364 3135 θείας
409 3074 621 3135 ἐντολὰς
687 3074 922 3135 κολάσει,
949 3076 1023 3138 ὼς
1072 3077 1137 3127 ἂν
1177 3079 1403 3145 μερικὴν
1434 3077 1541 3130 τῶν
1582 3078 1744 3148 ὀφλη-

239 3163 397 3229 μάτων
422 3165 747 3233 ποιήσωνται
774 3163 999 3227 ἔκτισιν,
1035 3166 1419 3237 σπουδάσωμεν
1443 3169 1538 3238 τὴν
1566 3169 1659 3221 ἐπὶ
1678 3172 1741 3239 τῇ

236 3252 504 3320 ἐπιστροφῇ
532 3250 689 3321 ⁴ημῶν
711 3251 915 3315 τούτοις
938 3250 1263 3320 προξενῆσαι
1292 3254 1628 3323 εὐφροσύνην
1652 3256 1744 3305 καὶ

237 3340 519 3406 ἀγαλλίασιν
544 3357 558 3371 ο
610 3342 912 3401 ἐννοοῦντες
957 3341 1169 3411 ἑκάστῳ
1210 3342 1361 3411 ἡμῶν
1404 3342 1546 3395 θεῖον
1600 3360 1741 3411 παρ-

239 3435 470 3498 επόμενον
490 3431 741 3498 ἄγγελον,
772 3429 1015 3501 [ἀρρήτῳ
1056 3435 1161 3483 τινὶ
1201 3433 1361 3503 λόγῳ]
1394 3436 1459 3486 τὰ
1498 3434 1741 3503 πρακτέα

237 3521 369 3587 ἡμῶν
389 3520 740 3590 εἰσηγεῖσθαι,
777 3522 870 3573 ἆτι
897 3521 1019 3574 νοῦν
1052 3524 1266 3590 ἀφανῶς
1295 3525 1367 3591 τῷ
1390 3526 1641 3594 ἡμετέρῳ
1665 3525 1743 3576 νοῒ

238 3608 652 3677 προσομιλοῦντα,
688 3612 779 3662 καὶ
824 3612 907 3676 ἐφ’
954 3610 1050 3672 οἷς·
1076 3612 1171 3679 μὲν
1219 3614 1471 3667 ἀκούεται
1513 3617 1743 3682 συμϐου-

236 3695 381 3747 λεύων
410 3698 663 3763 χαίροντα
689 3714 702 3726 ο
742 3698 827 3763 ἐφ’
858 3694 937 3758 οἷς
966 3700 1019 3750 δέ
1056 3701 1444 3768 παρακούεται,
1473 3705 1737 3771 θεομιμή-

238 3799 327 3844 τως
348 3784 692 3851 λυπούμενον,
720 3786 792 3844 ὡς
822 3785 960 3855 [καὶ]
1004 3789 1067 3836 ἐκ
1096 3788 1423 3856 ψυχωφελῶν
1466 3792 1735 3858 διηγημά-

237 3889 326 3923 των
355 3874 605 3941 ἐγνωμεν.
664 3877 838 3943 ’Δνδρὶ
866 3879 972 3944 γάρ
1019 3894 1121 3929 τινι
1169 3879 1479 3945 μελανθέντι
1528 3882 1739 3942 πολλοῖς

239 3963 618 4030 παραπτώμασι
672 3964 763 4017 καὶ
794 3966 871 4025 εἰς
900 3965 996 4032 τὴν
1025 3966 1316 4035 ἐκκλησίαν
1344 3970 1581 4032 εἰσιόντι,
1609 3987 1737 4020 σκυ-
1788 3972 1793 3977 ’

1844 3086 2001 3140 agere
2048 3072 2114 3125 de
2168 3087 2354 3124 eorum
2411 3073 2689 3141 punitione
2730 3073 2821 3141 qui
2884 3073 3065 3127 divina
3115 3086 3381 3146 praecepta

1844 3163 2283 3229 prmvaricantur,
2318 3178 2426 3231 quo
2452 3163 2534 3216 vel
2563 3172 2766 3231 partem
2801 3172 3201 3220 contractarum
3228 3166 3378 3226 debi-

1846 3262 2019 3305 torqu
2051 3268 2145 3321 per
2175 3253 2440 3322 ejusmodi
2469 3256 2770 3308 cruciatum
2802 3255 2855 3307 in
2887 3254 2989 3309 hac
3029 3255 3245 3311 mortali
3270 3258 3381 3318 vita

1846 3342 2188 3408 persolvant:
2249 3359 2345 3411 par
2393 3352 2493 3406 est,
2539 3356 2596 3397 ut
2628 3350 2811 3397 nostra
2844 3343 2912 3398 ad
2945 3343 3112 3403 Deum
3153 3358 3381 3402 conver-

1845 3434 1996 3487 sione
2061 3445 2112 3487 et
2159 3435 2469 3503 ptenitentia
2520 3434 2829 3491 nonnullam
2881 3436 2985 3491 illis
3040 3436 3279 3496 laetitiam
3325 3444 3383 3491 et

1843 3525 2258 3579 exsultationem
2289 3526 2641 3580 conciliemus
2667 3543 2680 3579 :
2704 3526 3002 3593 cegitantes
3032 3539 3381 3593 unumquem-

1852 3614 1981 3666 libct
2056 3626 2298 3669 nostrum
2347 3616 2587 3668 divinum
2653 3616 2897 3682 angelum
2956 3614 3224 3678 comitari,
3285 3619 3376 3683 qui

1843 3702 2006 3752 veluti
2044 3716 2193 3754 mens
2219 3702 2487 3767 quaedam,
2515 3712 2715 3755 nostra:
2740 3702 2903 3755 menti
2922 3715 3121 3755 arcano
3146 3702 3377 3768 quodam

1843 3789 2002 3841 modo
2048 3802 2166 3842 sese.
2193 3790 2469 3855 adjungat,
2508 3788 2876 3855 salutariaque
2906 3789 3131 3842 consilia
3164 3791 3379 3844 assidue

1840 3884 2111 3944 suggerat,
2142 3884 2196 3930 et
2224 3891 2343 3945 quae
2371 3877 2545 3930 facere
2569 3877 2828 3931 debemus
2862 3878 3143 3930 ostendat:
3177 3888 3228 3931 et
3252 3881 3377 3947 qui.

1838 3964 1957 4017 dem
1988 3964 2243 4034 gaudere,
2276 3982 2395 4019 cum
2428 3966 2692 4029 consiliis,
2715 3980 2833 4036 qua:
2873 3966 3126 4035 suggerit,
3158 3968 3376 4036 acquiee

237 4048 420 4117 θρωπὸν
452 4054 722 4122 μακρόθεν
760 4056 851 4107 τὸν
897 4057 1122 4123 ἄγγελον
1152 4057 1408 4109 ἕπεσθαιο
1455 4060 1641 4111 τούτου
1684 4061 1738 4113 δὲ

1841 4056 2076 4119 scimus;
2110 4056 2176 4109 ad
2203 4057 2296 4111 Dei
2322 4066 2496 4112 autem
2522 4058 2822 4125 exemplum
2846 4072 3074 4111 maerere
3101 4067 3153 4111 et
3178 4060 3373 4116 contri-

237 4144 591 4207 ωτανυγέντος
616 4143 773 4212 ίπρδς
801 4144 1150 4216 ἐπιστροφὴν]
1197 4150 1289 4199 καὶ
1316 4149 1393 4217 τῷ
1420 4148 1613 4218 θελητῇ
1645 4149 1737 4201 τοῦ

1841 4146 1991 4208 stari.
2026 4163 2146 4199 cum
2187 4164 2377 4216 parere
2423 4149 2814 4213 detrectantus;
2840 4148 3290 4216 quemadmodum
3318 4149 3370 4209 id

236 4230 389 4292 ἐλέους
408 4233 864 4301 ἐπαγγειλαμένου
898 4237 959 4287 ἐκ
979 4236 1152 4305 ψυχῆς
1179 4236 1274 4306 τὴν
1295 4238 1387 4290 ἐπὶ
1414 4240 1480 4290 τὰ
1498 4240 1736 4322 βελτίονα
1771 4272 1804 4323 D

1841 4252 1899 4289 ex
1950 4238 2255 4293 salubribus
2320 4240 2619 4307 animaeque
2693 4240 2915 4294 utilibus
2976 4240 3375 4299 narrationibus

240 4320 504 4388 μεταόολὴν
531 4324 624 4375 καὶ
646 4324 743 4389 τῆς
773 4327 1038 4393 προτέρας
1068 4327 1206 4394 ζωῆς
1230 4329 1473 4395 ἄρνησιν,
1506 4319 1737 4394 ἐξιόντος

239 4403 334 4471 [τοῦ
362 4409 657 4480 ἀνθρώπου]
692 4414 894 4464 ἐκεῖθεν
942 4417 1294 4484 προηγεῖσθαι
1326 4416 1493 4485 [αὐτῷ
1521 4418 1611 4469 τὸν
1641 4419 1736 4484 ἄγ-

237 4495 389 4565 γελον]
416 4500 635 4566 φαιδρὸν
674 4504 765 4552 καὶ
804 4504 1069 4572 γεγηθότα
1097 4522 1107 4534 ·
1154 4508 1242 4558 τὸν
1283 4507 1337 4557 δὲ
1367 4508 1598 4575 πονηρὸν
1626 4508 1738 4560 δαί-

237 4600 351 4645 μονα
381 4594 824 4660 κατῃσχυμμὲνον
858 4596 1163 4647 ἀκολουθεῖν
1193 4597 1470 4666 πόρρωθεν
1496 4614 1509 4627 ·
1544 4597 1615 4667 [εἰ
1647 4600 1738 4650 καὶ

236 4671 321 4734 πρὸ
367 4674 451 4740 τῆς
503 4677 788 4746 θεαρέστου
842 4681 932 4733 τοῦ
988 4682 1269 4750 ἀνθρώπου
1341 4685 1737 4751 συναισθήσεως

236 4754 434 4827 ἔχαιρε-1
467 4764 677 4817 Γένοιτο
699 4768 752 4818 δὲ
778 4770 873 4836 τὴν
906 4770 1087 4822 ἔνθεον
1112 4772 1270 4839 ἡμῶν
1313 4772 1600 4835 πολιτείαν,
1627 4775 1735 4833 τοῖς

237 4845 316 4909 μὲν
338 4849 535 4916 δαίμοσι
566 4858 881 4923 κατηφείας,
912 4862 1020 4921 τοῖς
1045 4861 1099 4911 δὲ
1126 4864 1377 4928 ἀγγέλοις
1400 4864 1731 4931 εὐφροσύνης

234 4934 448 4995 γενέσθαι
482 4941 761 4996 ὑπόθεσιν·
803 4948 883 4999 ἵνα
953 4956 1101 5021 κοινῇ
1134 4954 1227 5004 σὺν
1269 4956 1448 5015 αὐτοῖς
1494 4958 1551 5007 ἐν
1582 4958 1727 5021 φωνῇ

234 5022 564 5111 ᾅγαλλιάσεως
598 5035 1135 5107 καὶέξομολογήσεως
1170 5044 1300 5111 ἤχου
1356 5045 1693 5111 ἑορτάζοντες
1718 5085 1731 5107 ν

235 5110 419 5201 Χριστῷ
465 5118 538 5183 τῷ
591 5121 708 5189 Θεῷ
746 5126 900 5190 ἡμῶν
951 5132 1040 5180 ἐπὶ
1077 5135 1140 5198 τῇ
1170 5110 1289 5201 νίκῃ
1324 5110 1431 5185 τῶν
1485 5134 1733 5201 πονηρῶν

233 5200 473 5270 δυνάμεων
506 5208 1007 5281 εὐχαριστήσωμεν·
1044 5222 1160 5288 μεθ’
1190 5216 1248 5272 οὗ
1280 5223 1355 5291 τῷ
1382 5226 1550 5293 Πατρὶ
1581 5200 1735 5294 [πρέ-

236 5295 456 5383 πειᾼᾶμα]
496 5299 588 5349 καὶ
620 5301 694 5368 τῷ
716 5305 851 5372 ἁγίῳ
882 5308 1148 5378 Πνεύματι
1178 5314 1323 5377 δῆξα,
1361 5313 1474 5383 [νῦν
1504 5316 1592 5366 καὶ
1622 5314 1727 5378 ἀεὶ,

236 5381 330 5457 xtl]
359 5387 427 5451 τίς
459 5390 578 5452 τοὺς
604 5392 799 5454 αἰῶνας
835 5394 959 5469 [τῶν
990 5401 1239 5471 αἰώνωνι.
1282 5381 1469 5476 ’Λμήν.

285 5539 324 5577 “
344 5539 466 5603 lue.
493 5558 568 5614 ιι,
598 5545 685 5604 47.
1159 5568 1164 5572 ·

586 5641 849 5701 Parant.
883 5637 992 5702 Gn.
1037 5641 1190 5705 CVI.

1839 4328 2206 4394 cognovimus.
2257 4327 2447 4381 Fertur
2482 4344 2712 4395 namque
2760 4330 2932 4382 virum
2966 4330 3252 4398 quemdam
3281 4330 3374 4403 qui

1838 4418 2019 4470 multis
2082 4420 2319 4484 peccatis
2346 4429 2461 4471 erat
2492 4421 2914 4481 contaminatus,
2944 4436 3066 4472 cum
3116 4422 3166 4471 in
3202 4421 3374 4473 eccle-

1838 4510 1970 4559 siam
2026 4499 2435 4571 ingrederetur’,
2490 4508 2740 4574 angelum
2801 4516 3050 4560 tumstum
3108 4509 3373 4575 planeque

1838 4597 2041 4648 tristem
2094 4610 2121 4645 a
2155 4595 2309 4663 Ionge
2361 4596 2608 4662 subsequi
2661 4596 2858 4648 visum.
2894 4595 3027 4648 Cum
3075 4606 3254 4653 autem
3304 4592 3367 4651 ad

1841 4685 2206 4754 pmnitentiam
2242 4696 2626 4751 compunctus,
2666 4686 2740 4737 illi
2798 4685 2887 4752 qui
2936 4690 3215 4755 mysticam
3263 4689 3374 4743 vult

1845 4778 1961 4827 vita:
1988 4774 2333 4827 mutationem
2382 4776 2685 4843 priorisque
2728 4775 2981 4841 nequitiae
3033 4776 3370 4833 missionem.

1839 4880 1902 4917 ex
1936 4863 2114 4914 animo
2149 4861 2503 4928 promisisset,
2530 4877 2696 4929 eaque
2715 4871 2891 4918 mente
2918 4876 2947 4914 e
2971 4863 3165 4929 templo
3196 4862 3372 4915 denuo

1837 4958 2108 5016 exivisset,
2142 4956 2386 5022 angelum
2428 4957 2604 5008 statim
2657 4956 2941 5022 prodiisse,
2991 4956 3275 5021 laetumque
3320 4963 3372 5005 et

1830 5046 2183 5097 exettltantem
2246 5053 2369 5096 ante
2428 5045 2602 5110 ipsum
2673 5044 3012 5105 ambulasse;
3072 5040 3366 5097 malignum

1832 5140 2015 5186 contra
2051 5129 2347 5183 daemonem
2390 5132 2671 5183 confusum
2704 5131 2889 5197 procul
2927 5145 2954 5184 a
2990 5139 3138 5195 tergo
3174 5128 3363 5183 subse-

1831 5232 2049 5283 cutum;
2085 5220 2199 5286 qui,
2233 5231 2356 5272 ante
2387 5221 2491 5273 Deo
2540 5234 2741 5289 gratum
2801 5220 3032 5275 hominis
3060 5216 3368 5272 conversio-

1832 5327 1973 5373 nem,
1997 5310 2277 5385 gestiebat.
2303 5311 2454 5363 Faxit
2488 5313 2627 5365 Deus
2660 5312 2905 5378 Optimus
2939 5309 3156 5362 Manut
3188 5316 3367 5357 nostra

1832 5402 2165 5456 conversatio
2202 5403 2428 5470 vitaeque
2475 5404 2609 5455 ratio
2641 5404 2708 5455 sit
2744 5400 3028 5467 ejusmodi,
3084 5406 3140 5450 ut
3170 5396 3371 5456 dtemod

2897 5648 2967 5703 12
