4112 6330
661 286 789 360 367
1795 287 2118 357 ΑΝῡΠΕιιΕ
2154 298 2215 356 οι

2318 298 2664 359 ARIENSIS
3176 291 3188 312 ’
3761 295 3867 357 πε

659 421 792 469 tare,
820 407 1202 475 daemonesqne
1233 406 1493 476 malignos
1519 405 1750 471 vim-ere,
1782 409 2026 474 adeoque
2058 420 2214 461 aeter-

2318 411 2663 465 ἐπιτείνωσιν
2679 416 2730 466 οἰ
2749 412 2960 466 δίκαιοι
2976 411 3044 465 ἐν
3058 411 3327 480 ἀνομίαις
3343 410 3545 478 χεῖρας
3559 411 3635 465 αὐ
3645 408 3776 474 τῶν,
3791 410 3868 472 ὡς

660 502 741 551 nis
773 499 927 549 bonis
959 499 1143 565 puliri,
1202 497 1252 566 iul
1285 499 1336 550 in
1383 498 1534 551 nobis
1563 507 1645 551 est
1683 500 1936 567 positum.
1991 503 2060 554 At
2117 500 2213 569 qui

2318 493 2730 569 ἁμίκτουόὖσης
2765 501 2944 554 αὐτῶν
2971 501 3069 569 τῆς
3091 499 3235 568 ζωῆς
3256 517 3269 530 ·
3298 501 3357 551 ού
3389 500 3547 568 μόνον
3570 500 3655 551 διὰ
3670 500 3732 552 τὸ
3755 498 3870 551 τῶν

657 591 962 640 dwmonum
1014 589 1308 641 insultihus
1363 589 1743 654 succumbunt,
1786 590 1907 644 illos
1958 591 2114 643 dolor
2161 598 2215 643 et

2318 588 2440 657 βίων
2495 590 2691 658 ἀμιγὲς
2744 592 2837 644 καὶ
2888 591 3281 660 ἀκατάλληλον,
3317 591 3393 652 ὼς
3423 591 3650 653 ἕκαστος
3683 592 3867 643 ἐπολι-

661 695 865 732 mmror
894 681 1082 745 ingens
1114 693 1216 731 non
1255 686 1428 746 potest
1456 693 1559 730 non
1584 679 1848 732 comitari.
1877 679 2072 732 Verum
2101 692 2216 748 poe-

660 771 886 821 nitentia
921 780 971 820 et
1008 769 1182 820 ιΙιι·οι;ἱ
1235 767 1374 835 apud
1432 768 1651 836 eusqui
1697 769 2042 837 sempiternis
2083 783 2212 823 cru-

657 861 888 911 t-ialihtts
924 858 1035 925 jam
1071 857 1359 924 mancipati
1399 857 1686 920 habentur,
1721 872 1941 925 prorsus
1985 858 2208 913 inutiles

657 958 799 1001 sunt.
837 949 965 1000 Nam
999 949 1136 1016 ame
1183 947 1385 1001 inferos
1440 948 1582 1000 nulla
1616 957 1697 1002 est
1735 949 2054 1018 redemptio,
2111 965 2210 1004 nec

661 1041 803 1094 nllus
832 1041 903 1092 ibi
935 1038 1248 1103 Dominum,
1272 1039 1423 1106 juxta
1473 1036 1838 1103 Psalmistam,
1879 1039 2209 1103 confitetur;

657 1134 854 1200 quippe
902 1148 1027 1185 cum
1087 1131 1322 1198 Spiritus
1371 1130 1543 1183 sancti
1601 1130 1929 1196 subsidium,
1970 1131 2209 1201 quodin

2309 676 2567 728 τεύσατοο
2603 679 2736 730 ἀλλὰ
2761 679 2855 730 καὶ
2887 678 3059 731 διάιτὸ
3089 678 3292 748 ἀραρὸς
3321 679 3380 731 ἐν
3410 679 3488 747 τῷ
3527 679 3716 748 ἀγαθῷ
3763 678 3861 730 καὶ

2312 767 2527 833 πάγιον,
2557 769 2694 837 μήτε
2723 771 2789 839 τῇ
2819 770 3069 840 ἐπιμιξίᾳ
3099 767 3192 822 τοῦ
3223 770 3463 838 χείρονος
3497 769 3634 838 πρὸς
3675 770 3866 838 ἀμαρ-

2313 857 2433 908 τίαν
2476 857 2861 928 ἑρεθιζομένης
2897 861 2994 929 τῆς
3038 860 3242 912 τούτων
3285 859 3677 929 προαιρέσεως,
3727 863 3868 928 μήτε

2314 943 2566 1013 ᾁσθενεία
2605 946 2804 1013 σαρκὸς
2850 949 2882 1020 ἠ
2936 947 3145 1016 τροπῆς
3193 949 3343 1018 φόϐῳ
3377 948 3476 1016 τὴν
3528 947 3872 1017 εὐφροσύνην

2311 1034 2663 1104 ἐλαττούσης,
2695 1037 2831 1088 ἀλλὰ
2857 1037 3074 1106 βέϐαιον
3099 1037 3239 1090 κατά
3263 1036 3396 1090 Θεὸν
3427 1038 3870 1108 κληρονομούσης

2310 1125 2371 1175 τὸ
2388 1125 2670 1192 ἄτρεπτον.
2701 1128 2807 1180 Καὶ
2831 1129 3002 1180 ταῦτα
3029 1127 3124 1197 μὲν
3153 1127 3312 1198 μέχρι
3340 1129 3525 1182 τούτου
3553 1129 3688 1196 πρὸς
3704 1129 3871 1198 ἔτερα

660 1227 756 1278 hac
811 1224 1021 1276 mmtali
1075 1223 1183 1274 vita
1246 1222 1440 1275 adesse
1470 1219 1627 1281 Solet.
1682 1221 2057 1276 condemnatis
2094 1236 2211 1274 am.

2318 1215 2404 1266 τοῦ
2433 1215 2591 1281 λόγου
2623 1217 2928 1288 τρέχοντος,
2961 1218 3102 1288 ἆπερ
3153 1219 3528 1289 καθυπέσχετο
3548 1235 3563 1248 ·
3615 1219 3778 1288 ἡμεῖς
3809 1206 3894 1270 δῖ

660 1316 796 1380 phus
823 1331 928 1366 nun
965 1314 1122 1366 adsit.
1157 1312 1474 1364 Dividentur
1504 1312 1672 1373 enim,
1721 1322 1778 1366 ut
1810 1313 1887 1364 ait
1938 1311 2210 1374 Christus,

2318 1311 2420 1363 τῶν
2453 1311 2579 1381 ἑξῆς
2599 1312 2870 1381 ἐχώμεθα.

657 1426 684 1461 a
723 1409 935 1461 \ivifico
972 1409 1063 1460 illo
1117 1408 1342 1475 Spiritu,
1377 1421 1536 1475 quem
1573 1407 1671 1475 ipsi
1720 1407 1917 1475 injuria
1975 1415 2028 1461 ct
2068 1406 2396 1460 contumelia
2462 1396 2776 1474 aﬂ‘eoerant,
2839 1421 3097 1477 perpetuo
3155 1410 3350 1465 avulsi.
3399 1412 3573 1480 Atque
3626 1410 3692 1464 ad
3727 1410 3874 1462 hunc

659 1516 873 1552 sensum
904 1498 1379 1572 l‘salmographum
1426 1507 1698 1565 spectasse
1739 1499 2086 1558 arbitramur,
2133 1512 2256 1548 cum
2295 1498 2406 1550 ait:
2445 1497 2704 1560 Quoniam
2757 1515 2858 1551 non
2886 1501 3141 1568 relinquet
3190 1501 3439 1554 Dominus
3494 1501 3694 1570 virgam
3747 1514 3872 1566 pee-

657 1598 890 1639 rntorum
917 1603 1072 1656 super
1109 1595 1298 1640 sortem
1315 1587 1605 1655 justorum,
1638 1602 1700 1638 ne
1722 1586 2001 1638 extendant
2027 1584 2160 1653 justi
2200 1584 2268 1636 ad
2315 1586 2643 1654 iniquitatem
2695 1603 2880 1640 manus
2917 1603 3058 1640 suas.
3116 1587 3298 1658 Neque
3341 1591 3484 1643 enim
3522 1590 3712 1642 horum
3745 1604 3872 1641 cum

658 1681 872 1731 illorum
917 1678 1020 1728 \ita
1053 1677 1265 1730 misceri
1311 1685 1524 1743 potest;
1566 1692 1668 1728 non
1736 1677 1908 1728 solum
1968 1678 2094 1744 quia
2125 1677 2379 1745 operibus
2410 1678 2548 1730 inter
2611 1692 2669 1731 se
2737 1693 2841 1731 non
2905 1682 3327 1744 communicant,
3382 1696 3554 1748 neque
3607 1679 3874 1742 morilms,

657 1775 855 1840 quibus
889 1768 1119 1840 quisque
1159 1770 1345 1831 utitur,
1381 1768 1762 1830 consentiunt;
1803 1782 1989 1821 verum
2039 1768 2200 1821 etiam
2241 1769 2367 1837 quia
2396 1769 2529 1837 justi
2558 1770 2820 1824 concinne
2889 1770 3322 1839 inconcusseque
3381 1772 3522 1824 bono
3553 1771 3875 1832 adhaerent,

657 1867 1071 1935 m-qucillornm
1124 1863 1374 1917 voluntas
1454 1860 1693 1929 cujusvis
1752 1861 1879 1934 mali
1932 1860 2255 1916 admistione
2293 1863 2359 1914 ad
2428 1873 2710 1930 peccatum
2760 1863 3044 1929 irritatur;
3103 1879 3275 1933 neque
3323 1865 3508 1919 carnis
3559 1864 3878 1917 inﬁrmitate

655 1961 955 2028 frangitur,
999 1971 1173 2024 neque
1241 1952 1559 2008 mutationis
1616 1950 1906 2006 formidine
1962 1950 2201 2005 laetitiam
2277 1952 2614 2008 diminuente
2673 1955 2944 2014 turbatur.
2977 1955 3070 2010 sed
3129 1955 3516 2022 immutabilem
3557 1955 3610 2008 in
3641 1955 3752 2008 Deo
3786 1956 3878 2008 lir-

655 2059 896 2108 unitatem
952 2051 1195 2106 sortitur.
1247 2047 1312 2101 Et
1363 2049 1475 2102 haec
1513 2046 1809 2108 hactenus.
1849 2047 2096 2102 oratione
2128 2047 2194 2101 ad
2234 2047 2339 2103 alia
2379 2049 2584 2118 dilapsa
2629 2067 2642 2102 :
2688 2064 2834 2104 nunc
2875 2049 3079 2118 reliqua
3125 2049 3316 2103 ordine
3355 2062 3765 2119 persequamur.

1201 2184 1306 2254 72
1332 2181 1556 2237 CAPUT
1613 2181 1694 2235 LI.

659 2301 722 2356 Ui
751 2318 838 2370 ρει·
865 2308 1071 2370 sextam
1100 2295 1446 2370 phialam‘via
1470 2293 1753 2370 Euphratis
1785 2294 2051 2361 pandetur
2077 2296 2214 2362 regi-

1055 2367 1149 2417 bus
1173 2371 1235 2416 ab
1274 2366 1472 2415 oriente
1506 2363 1845 2415 venientibus.

726 2559 865 2623 XV'l,
906 2561 970 2612 i‘2
1034 2558 1094 2610 Et
1126 2568 1306 2609 sextus
1336 2555 1551 2624 angelus
1580 2555 1767 2622 e/fudit
1801 2554 2034 2622 phialam
2068 2569 2218 2606 suam

660 2655 711 2703 in
745 2653 938 2719 ﬂumen
989 2648 1120 2700 illud
1173 2661 1419 2713 magnum
1457 2644 1774 2711 Euphratem
1801 2661 1819 2705 ;
1846 2655 1890 2697 et
1922 2645 2118 2698 siccata
2142 2651 2219 2698 est

658 2762 793 2812 (tl/tta
849 2743 980 2811 ejus,
1043 2753 1098 2792 ut
1158 2748 1549 2808 prwpararetur
1593 2739 1675 2790 via
1721 2736 1927 2806 regibus
1977 2737 2042 2789 ab
2098 2745 2217 2790 ortu

659 2837 809 2888 solis.

729 2925 952 2979 Flumen
988 2923 1288 2991 Euphrates
1315 2920 1499 2974 divino
1543 2929 1678 2973 nqu
1718 2917 1794 2971 ita
1833 2916 2089 2971 fortassis
2119 2929 2214 2969 va-

657 3023 847 3071 dosum
881 3031 1169 3070 evasurum
1199 3024 1300 3079 est,
1335 3023 1393 3066 ut
1424 3013 1666 3081 gentium
1717 3010 1938 3080 regibus
1982 3008 2048 3062 ad
2090 3023 2214 3061 mu-

659 3122 803 3163 tuam
854 3109 1089 3172 cmdem,
1161 3107 1507 3175 aliorumque
1566 3103 1846 3158 hominum
1912 3100 2214 3164 interitum,

657 3199 998 3254 commodum
1033 3198 1316 3250 transitum
1352 3195 1604 3263 prmbeut.
1636 3194 1910 3258 Quantum
1937 3200 2118 3244 autem
2147 3204 2212 3242 ex

660 3294 726 3345 iis
758 3307 877 3360 qua:
908 3289 1046 3342 infra
1069 3305 1129 3341 ea
1162 3290 1227 3340 de
1255 3303 1313 3341 re
1343 3287 1396 3338 in
1426 3285 1746 3354 Apocalypsi
1777 3283 2090 3342 traduntur,
2131 3280 2215 3332 di—

661 3381 896 3432 vinando
924 3377 1182 3443 consequi
1229 3389 1544 3441 possumus,
1595 3373 1929 3426 arbitramur
1970 3370 2215 3422 homines

2873 2189 3122 2242 ΚΕΦΔΔ.
3183 2187 3313 2241 NA'.
3336 2244 3337 2247 η

2319 2301 2516 2380 Ὄεξευς
2539 2300 2636 2380 ιῗιά
2663 2301 2772 2367 τῆς
2797 2302 3000 2380 fma
3050 2299 3333 2380 [φιάληςί
3350 2303 3388 2368 τί
3413 2300 3550 2380 ea.
3590 2298 3734 2380 [ἔιά]
3764 2300 3876 2354 τοῦ

2380 2369 2694 2449 Εξῠξρράτου
2726 2371 2848 2449 τοῖς
2885 2371 3002 2424 ἀπὸ
3052 2368 3378 2424 ’ἀνατολῶν
3419 2368 3645 2440 [ἡλίου]
3683 2368 3876 2434 ,ϐασι-

2385 2439 2603 2491 λεῦσιν
2625 2439 2940 2507 ἀνοίγεται.

2389 2567 2496 2621 Καί
2525 2566 2695 2630 ἕκτος
2725 2567 2976 2635 ἄγγελος
3027 2569 3226 2636 ἐξέχεε
3274 2569 3388 2635 τὴν
3430 2569 3658 2637 φιάλην
3680 2567 3877 2622 αὑτοῦ

2317 2656 2415 2710 ἐπὶ
2447 2656 2552 2708 τὸν
2575 2657 2843 2724 ποταμὸν
2872 2659 2977 2710 τὸν
3006 2658 3196 2726 μέγαν
3241 2659 3347 2712 τὸν
3383 2659 3701 2726 Εὐφράτην
3722 2676 3737 2690 ο
3774 2659 3876 2711 seat

2317 2746 2613 2814 ἐξηράνθη
2660 2745 2727 2799 τὸ
2765 2747 2920 2815 ὕδωρ
2948 2747 3153 2812 αὑτοῦ,
3182 2749 3280 2801 ἵνα
3323 2747 3641 2816 ἑτοιμασθῇ
3667 2749 3707 2814 ἡ
3735 2748 3876 2812 ὁδὸς

2317 2835 2435 2889 τῶν
2455 2835 2764 2900 ,ϐασιλέων
2792 2836 2907 2889 τῶν
2932 2838 3048 2890 ἀπὸ
3067 2837 3370 2905 ἀνατολῆς
3394 2838 3591 2904 ἡλίου.

2387 2926 2545 2988 Εἰκὸς
2569 2927 2660 2978 τὸν
2702 2927 2994 2996 Εὐφράτην
3037 2928 3280 2997 ποταμὸν
3318 2929 3458 2983 κατὰ
3489 2928 3640 2980 θείαν
3663 2929 3879 2997 συγχώ-

2318 3032 2474 3084 ρησιν
2519 3015 2886 3084 ὀλιγούμενον,
2936 3020 3045 3080 τοίς
3086 3017 3366 3086 βασιλεῦσι
3397 3017 3506 3070 τῶν
3541 3019 3707 3072 ἐθνῶν
3735 3019 3880 3072 διδό-

2315 3123 2401 3156 ναι
2443 3105 2674 3174 πάροδον
2707 3105 2787 3167 είς
2823 3105 2923 3174 τὴν
2952 3105 3074 3158 κατ’
3129 3106 3375 3177 ἀλλήλων
3406 3109 3500 3160 καὶ
3531 3109 3735 3162 λοιπῶν
3777 3111 3879 3163 ἀν-

2316 3195 2548 3263 θρώπων
2580 3194 2948 3264 ὲξολόθρευσιν
2971 3212 2987 3227 ο
3021 3196 3115 3258 οὓς
3145 3198 3211 3249 ἐκ
3235 3199 3342 3250 τῶν
3373 3198 3654 3251 Σκυθικῶν
3687 3199 3880 3269 μερῶν

2316 3287 2380 3337 ὲκ
2411 3286 2507 3354 τῆς
2536 3285 2627 3337 τοῦ
2651 3285 2785 3351 Γὼγ
2805 3285 2900 3338 καὶ
2929 3285 3145 3352 Mari-ir
3169 3287 3389 3355 μνήμης
3416 3288 3692 3341 κινεῖσθαι
3714 3291 3879 3358 νομί-

2319 3375 2504 3442 ζομεν,
2535 3373 2676 3426 κατὰ
2704 3374 2763 3425 τὸ
2801 3376 2858 3425 ὲν
2891 3375 3002 3436 τοῖς
3030 3376 3260 3426 κατόπιν
3306 3377 3366 3427 ὲν
3397 3379 3462 3444 τῇ
3509 3378 3882 3446 Ἀποκαλύψει

663 3471 783 3520 illus
811 3467 919 3534 Gog
949 3475 1000 3517 et
1029 3464 1220 3532 Magog
1255 3463 1566 3516 nominibus
1599 3462 1935 3530 designatos,
1966 3475 2032 3512 ex
2082 3456 2215 3526 Scy-

2321 3461 2635 3530 φερόμενον.
2689 3461 2845 3522 Εἰκὸς
2879 3461 2934 3513 δὲ
2983 3462 3076 3513 καὶ
3127 3462 3219 3515 τὸν
3263 3463 3626 3532 ’Δντίχριστον
3652 3466 3717 3518 ix
3761 3466 3879 3518 τῶν

665 3565 879 3612 tharum
943 3554 1158 3620 regione
1191 3563 1450 3604 moturos.
1484 3551 1625 3615 Quin
1669 3565 1795 3603 vero
1837 3561 2053 3617 quoque
2088 3561 2220 3600 con-

665 3658 980 3700 scntanunm
1039 3642 1369 3694 arbitramur
1422 3642 1811 3693 Antichristum
1857 3655 1922 3692 ex
1970 3637 2219 3692 orientali

666 3737 900 3797 Perside,
956 3734 1020 3785 ad
1061 3748 1222 3799 quam
1275 3733 1444 3784 tribus
1489 3730 1620 3792 Dan,
1676 3747 1841 3800 equa
1898 3738 2077 3783 ortum
2133 3728 2220 3782 ille

664 3830 926 3880 ducturus
952 3825 1169 3889 dicitur,
1212 3825 1456 3892 ablegata
1482 3833 1585 3883 est.
1617 3839 1721 3875 una
1745 3838 1865 3874 cum
1898 3822 2022 3875 aliis
2073 3819 2216 3889 regi-

666 3920 764 3971 bus
788 3928 831 3968 ct
866 3915 1201 3985 principibus
1250 3914 1454 3982 regium
1491 3927 1685 3965 nomen
1715 3911 1941 3979 adeptis,
1971 3908 2220 3978 Euphra-

665 4021 768 4062 tem
815 4007 1263 4060 transmissurum
1312 4004 1614 4073 animmque
1679 4003 1757 4056 vel
1793 4002 2038 4067 corporis
2073 4015 2218 4054 mor-

665 4111 770 4150 tum
809 4096 1119 4148 numinibus
1146 4095 1420 4146 illaturum
1471 4108 1484 4144 :
1540 4094 1678 4146 hanc
1726 4092 1967 4160 quidem,
2000 4095 2218 4158 propter

665 4191 783 4242 tidei
835 4186 1195 4240 constantiam
1244 4185 1520 4252 animique
1573 4181 1986 4246 fortitudinem;
2070 4180 2216 4233 illam

665 4295 811 4339 vero,
855 4288 1069 4344 propter
1099 4275 1365 4343 ignaviam
1393 4274 1666 4338 animique
1692 4272 1992 4325 mollitiem.

736 4364 875 4426 XVI,
913 4365 993 4416 i3.
1033 4363 1095 4414 Et
1123 4362 1227 4414 vidi
1253 4377 1316 4412 ex
1342 4377 1429 4413 ore
1457 4361 1722 4424 draconis,
1757 4370 1805 4412 et
1833 4375 1896 4411 ea:
1933 4373 2020 4411 ore
2046 4357 2220 4410 bestiis

668 4467 792 4506 etet:
813 4469 897 4504 ore
914 4452 1390 4518 pseudoprophetw,
1421 4451 1562 4503 exire
1613 4462 1714 4504 tres
1743 4451 1957 4518 spiritus
1993 4450 2220 4501 immun-

669 4545 760 4595 dos
789 4545 839 4594 in
871 4543 1078 4594 modum
1113 4557 1381 4594 ranarum.

2325 3550 2656 3603 ἀνατολικῶν
2683 3550 2865 3619 μερῶν
2893 3551 2993 3617 τῆς
3043 3553 3316 3621 Περσικῆς
3349 3554 3472 3622 γῆς,
3506 3554 3631 3606 ἔνθα
3671 3555 3703 3622 ἡ
3731 3556 3883 3626 φυλὴ

2325 3639 2419 3692 τοῦ
2450 3639 2576 3703 Adv,
2605 3641 2667 3691 ἐκ
2699 3638 2854 3708 ῥίζης
2911 3639 3172 3708 Ἐϐραίων
3215 3641 3586 3710 ὲξερχόμενον,
3617 3643 3732 3713 ἅμα
3761 3646 3886 3697 ὲτέ-

2327 3746 2441 3798 ροις
2475 3727 2780 3797 βασιλεῦσιν
2807 3728 2840 3797 ἢ
2871 3731 3160 3797 μεγιστᾶσι
3192 3729 3466 3799 βασιλικὸν
3483 3732 3884 3803 κληρουμένοις

2324 3822 2512 3890 ὄνομα,
2555 3820 2644 3872 τὸν
2689 3820 2979 3890 Εὐφράτην
3017 3821 3393 3892 περαιοῦσθαι,
3436 3824 3811 3894 ῆσωματικὺν
3843 3825 3881 3896 ἢ

2322 3911 2553 3980 ψυχικὸν
2589 3911 2836 3964 θάνατον
2881 3913 2992 3974 τοῖς
3046 3910 3352 3980 ἀνθρώποις
3403 3915 3704 3978 ἐπάξοντα·
3761 3918 3886 3979 τοῖς

2327 4000 2426 4067 μὲν
2468 4000 2556 4052 διὰ
2603 4001 2835 4064 πίστεως
2885 4003 2978 4055 καὶ
3014 4001 3332 4071 καρτερίας,
3374 4006 3484 4066 τοίς
3512 4002 3570 4056 δὲ
3607 4004 3675 4057 δι’
3715 4006 3884 4059 ἀναν-

2322 4090 2473 4160 δρίας
2499 4095 2590 4145 καὶ
2618 4094 2906 4157 ἑκλύσιως.

2392 4339 2500 4393 Καὶ
2524 4335 2689 4393 εἶδον
2715 4340 2781 4393 ἐκ
2817 4339 2920 4413 τοῦ
2950 4342 3245 4408 στόματος
3266 4340 3371 4394 τοῦ
3395 4339 3742 4408 δράκοντος,
3774 4343 3884 4397 καὶ

2324 4432 2391 4483 ἐκ
2413 4430 2517 4482 τοῦ
2547 4432 2841 4498 στόματος
2860 4431 2964 4484 τοῦ
2985 4432 3215 4498 θηρίου,
3241 4431 3341 4484 καὶ
3363 4432 3430 4484 ἐκ
3455 4431 3562 4484 τοῦ
3582 4433 3888 4502 στόματος

2325 4522 2429 4575 τοῦ
2479 4521 2979 4590 ψευδοπροφήτου
3021 4522 3326 4590 πνεύματα
3377 4525 3506 4588 τρία
3553 4523 3886 4592 ἀκάθαρτα,

2324 4615 2466 4668 ὠσεί
2494 4612 2782 4682 βάτραχοι
2813 4612 3312 4684 [ὲκπορευθέντα].

741 4720 802 4770 Et
829 4719 952 4770 hinc
999 4734 1213 4786 quoque
1283 4717 1592 4770 ostenditur
1645 4717 1917 4770 diabolum
1961 4723 2215 4782 tanquam

2409 4704 2505 4755 Ἐκ
2528 4704 2583 4756 δὲ
2635 4703 2730 4756 τοῦ
2779 4704 2911 4787 ἰδεῖν.
2941 4704 3006 4756 ὲκ
3051 4703 3158 4755 τῶν
3201 4703 3368 4772 τριῶν
3417 4703 3699 4774 πνεύματα
3749 4709 3890 4775 τρία

674 4813 988 4868 (Ιντὶουιιυῖιι,
1043 4822 1094 4861 et
1151 4810 1544 4862 Antichristum
1599 4819 1852 4876 tanquam
1883 4808 2130 4868 bestiam,
2167 4813 2215 4856 et

2327 4793 2629 4863 ἀκάθαρτα,
2661 4794 2934 4847 δείκνυται
2966 4795 3024 4845 ὲν
3057 4794 3171 4863 ἰδίῳ
3215 4793 3510 4863 προσώπῳ,
3555 4797 3645 4848 τόν
3673 4813 3732 4849 τε
3758 4797 3888 4851 6mi-

677 4901 1198 4969 psemloln-ophetam
1233 4908 1486 4966 tanquam
1516 4899 1681 4950 alium
1713 4896 2022 4966 quempiam
2047 4894 2116 4948 ab
2165 4894 2215 4945 ἰΙ·

2328 4887 2483 4939 ϐολον
2509 4889 2579 4948 ὠς
2609 4886 2895 4956 δράκοντα,
2926 4885 3016 4938 τόν
3059 4902 3117 4936 τε
3180 4885 3543 4952 Ἀντίχριστον
3564 4886 3638 4949 ὼς
3667 4886 3888 4955 θηρίον,

674 4997 737 5047 lis
791 4994 1087 5051 diversum,
1147 5007 1236 5056 per
1280 5007 1337 5042 se
1395 5005 1640 5042 seorsum
1701 4985 2147 5040 commemorari.-
2183 4987 2215 5040 Ε

2326 4975 2416 5027 τόν
2469 4991 2528 5026 τε
2587 4975 3038 5044 ψευδοπροφήτην
3097 4974 3171 5035 ὡς
3223 4974 3408 5042 ἕτερον
3454 4975 3604 5044 παρὰ
3655 4975 3890 5039 τούτους

673 5082 1066 5153 quilmstribus
1107 5089 1214 5131 tres
1258 5080 1518 5132 innnundi
1561 5079 1788 5146 spiritus
1846 5078 1990 5128 ranis
2022 5075 2215 5128 similes

2332 5063 2779 5133 μνημονεύεσθαι.
2851 5063 2939 5128 Ἐξ
2987 5058 3060 5115 ὧν
3114 5079 3277 5132 φησιν
3330 5063 3543 5115 ὲοικὸτι
3591 5063 3891 5132 βατράχοις

671 5152 911 5226 exibam.
946 5171 1332 5223 Assimilantur
1363 5177 1544 5221 autem
1607 5167 1776 5227 ranis,
1810 5175 2030 5234 propter
2076 5166 2215 5217 viru-

2331 5152 2501 5224 [τρία]
2537 5153 2927 5223 ἐκπορεύεσθαι
2961 5152 3246 5220 πνεύματα
3271 5168 3284 5183 ⁶
3318 5152 3403 5206 διὰ
3432 5155 3492 5205 τὸ
3520 5154 3668 5215 ἰῶδες
3698 5155 3890 5206 αὐτῶν

674 5273 897 5324 lentum,
924 5264 1262 5320 obscmnum,
1282 5268 1332 5311 et
1353 5259 1687 5311 immundum
1710 5259 1923 5310 illorum
1956 5255 2215 5309 affectum.

2332 5247 2423 5296 καὶ
2473 5245 2802 5314 βορόορῶδες
2837 5245 2931 5298 καὶ
2968 5242 3292 5312 ἀκάθαρτον,
3350 5245 3448 5296 καὶ
3476 5244 3612 5314 πρὸς
3656 5245 3754 5305 τὰς
3799 5245 3890 5296 δι-

674 5371 880 5408 m-enon
939 5357 1006 5406 ob
1037 5350 1409 5419 serpentinum
1469 5349 1823 5410 malignarum
1855 5347 2112 5399 virtutum
2163 5360 2209 5396 at

2330 5337 2525 5406 ύγρους
2553 5337 2740 5408 ήδονάς
2773 5335 3101 5405 ὲρπυστικὸν
3139 5335 3246 5388 τῶν
3282 5338 3530 5406 πονηρῶν
3559 5335 3850 5405 δυνάμεων
3871 5351 3885 5364 ·

675 5460 922 5496 caenosas
950 5443 1252 5508 voluptates
1298 5437 1560 5491 studium.
1597 5435 1660 5488 lli
1721 5451 1882 5503 porro
1919 5427 2146 5496 diaboli,
2177 5446 2215 5486 et

2326 5427 2382 5479 αῖ
2413 5430 2522 5488 τοῖς
2567 5426 2662 5479 τοῦ
2701 5424 2945 5479 διαϐόλου
2991 5425 3084 5475 καὶ
3119 5423 3214 5476 τοῦ
3257 5426 3624 5494 Ἀντιχρίστου
3655 5425 3747 5476 καὶ
3785 5423 3887 5474 τοῦ

678 5533 1089 5598 pscuducltristi,
1156 5540 1208 5582 et
1264 5527 1744 5598 pseudoprophetze
1795 5525 2056 5592 spiritus,
2115 5521 2215 5574 sola

2324 5519 2764 5588 ψευδοπροφήτου
2793 5516 3178 5585 προστάγμασι
3207 5519 3315 5579 τοῖς
3348 5515 3762 5586 σημαινομένοις
3793 5513 3888 5565 διὰ

675 5623 932 5690 iussione,
969 5640 1087 5692 quae
1117 5638 1209 5691 per
1234 5638 1286 5675 os
1311 5620 1671 5691 signiﬁcatur,
1702 5616 1882 5671 fucata
1924 5616 2078 5685 signa
2121 5613 2215 5666 fal«

2323 5609 2416 5661 τοῦ
2451 5609 2732 5678 στόματος,
2766 5605 3020 5676 ἀπατηλὰ
3060 5610 3258 5676 σημεῖα
3292 5609 3386 5660 καὶ
3406 5608 3607 5676 τέρατα
3635 5605 3743 5662 τοῖς
3772 5602 3900 5672 ἀναν
