4112 6330
733 307 832 369 391
1889 300 2208 369 Annam
2238 292 2738 368 C/ESARIENSIS
3788 308 3898 369 392

737 420 880 472 modi
905 435 1081 472 rermn
1106 423 1307 489 emptio
1329 424 1398 475 sit
1428 422 1671 475 usitatior
1695 440 1710 486 ;
1737 433 1789 476 et
1817 423 2012 491 quibus
2046 436 2260 474 rursum
2295 430 2336 481 Α

2295 430 2336 481 Α
2366 437 2485 480 ποις
2514 421 2548 488 ἠ
2576 420 2684 472 τῶν
2737 419 3008 489 περισσῶν
3052 419 3240 488 κτῆσις
3296 417 3746 487 περισπούδαστος
3801 417 3896 470 διὰ

737 508 1043 561 hominibus
1074 509 1256 563 istluec
1305 526 1822 577 supervacancorum
1873 511 2165 580 possessio,
2193 510 2263 562 ob

2367 508 2573 577 τρυφὴν
2599 508 2852 577 ἄμετρον.

674 606 677 609 ·
739 597 1145 650 immoderatum
1171 597 1174 600 ’
1200 599 1487 666 voluptatis
1537 601 1792 666 studium,
1818 599 1889 654 sit
1922 599 2262 652 familiarior.

811 710 1112 778 [Probabile
1151 713 1206 765 ﬁt
1249 729 1375 766 sane
1441 715 1584 768 hunc
1613 714 1784 769 locum
1832 728 1940 767 non
1991 726 2149 782 agere
2192 710 2260 764 de
2317 709 2489 777 prisca
2564 706 2852 777 Babylone,
2909 706 2992 760 vel
3041 706 3107 761 de
3151 706 3317 760 veteri
3367 714 3460 760 aut
3513 719 3649 760 nova
3697 705 3892 768 Roma,

739 812 831 854 aut
851 804 914 854 de
943 808 1126 870 quavis
1173 805 1273 857 alia
1307 805 1561 872 peculiari
1607 807 1849 868 civitate;
1901 805 1993 860 sed
2023 804 2090 859 de
2147 803 2280 856 orbe
2347 802 2618 863 universo,
2667 800 3016 868 ejusdemque
3047 799 3346 867 inquilinis,
3410 799 3504 868 qui
3548 799 3696 853 varis
3739 799 3793 854 in
3825 813 3900 853 eo

736 893 944 957 negotia
996 903 1262 957 tractant,
1315 895 1784 964 nundinarumque
1854 893 2042 949 mundi
2104 891 2265 960 hujus
2301 891 2456 945 ﬁnem
2479 905 2600 944 cum
2628 889 2773 943 luctu
2797 896 2852 942 et
2878 887 3000 942 ﬂetu
3032 886 3362 961 excipient.]

2423 1002 2530 1056 Kal
2559 1003 2756 1055 ἳππων
2785 1003 2878 1054 καὶ
2897 1000 3089 1067 ῥόδων
3111 1000 3207 1053 καὶ
3242 999 3547 1067 σωμάτων.

2425 1093 2531 1146 Kal
2565 1092 2759 1144 ἵππων
2778 1091 2873 1143 καὶ
2894 1090 3086 1156 ρἐων
3128 1090 3222 1142 καὶ
3261 1089 3562 1156 σωμάτων,
3615 1089 3797 1159 φησὶν,
3856 1089 3893 1158 ἠ

807 1003 875 1055 Et
905 1019 1169 1070 equorum,
1199 1015 1246 1056 et
1276 1006 1576 1069 rhedarum,
1607 1017 1657 1060 et
1695 1008 2094 1073 mancipiorum.

805 1090 869 1140 Et
905 1092 1090 1142 borum
1141 1093 1321 1144 itidem
1365 1109 1494 1146 usus
1547 1094 1764 1162 (inquit)
1795 1096 1897 1147 erit
1945 1107 2267 1161 supervaca-

738 1193 892 1230 nens.
947 1179 1047 1230 Per
1097 1181 1278 1232 rltedas
1337 1191 1512 1233 autem
1572 1182 1942 1252 signiﬁcantur
1973 1181 2266 1246 vehicula;

2357 1183 2550 1252 χρῆσις
2578 1183 2806 1250 περισσή
2837 1196 2852 1211 ο
2885 1181 2971 1233 διὰ
3003 1180 3061 1232 δὲ
3087 1179 3180 1234 τοῦ
3220 1179 3411 1246 ρέδων
3451 1179 3516 1230 τὰ
3544 1179 3787 1248 ὀχήματα
3812 1181 3896 1230 el-

737 1266 893 1319 rlieda
947 1269 1086 1319 enim
1169 1269 1305 1320 idem
1358 1279 1514 1323 sonat
1566 1271 1826 1325 Romanis
1883 1270 2024 1338 quod
2075 1269 2270 1323 Graecis

2365 1271 2459 1332 κδς
2486 1269 2839 1337 σημαίνεσθαι
2863 1285 2882 1300 ⁸
2921 1269 3136 1337 ρεδιοὺμ
3151 1269 3256 1337 γὰρ
3285 1267 3576 1336 Ῥωμαϊστὶ
3598 1267 3655 1318 τδ
3700 1268 3899 1333 ὄχημα

735 1353 938 1421 ὄχημα,
972 1356 1076 1407 hoc
1121 1365 1221 1418 est,
1273 1357 1503 1409 essedum
1547 1366 1639 1409 aut
1679 1357 1984 1411 vehiculum.
2027 1356 2071 1406 A
2101 1356 2261 1408 rheda

2365 1357 2599 1428 [λέγεται
2624 1356 2666 1428 ]’
2703 1359 2815 1425 ἠδὲ
2860 1357 3047 1413 τούτου
3105 1359 3299 1425 γενικὴ
3345 1356 3451 1407 τῶν
3497 1357 3892 1424 πληθυντικῶν,

738 1439 977 1493 nascitur
1005 1443 1268 1506 genitivus
1322 1443 1542 1509 pluralis
1572 1443 1843 1513 ῥεδάρουμ
1891 1442 2188 1505 rltedarum,
2217 1449 2269 1494 et

2365 1446 2664 1516 ρεδιώρουμ
2686 1461 2701 1476 ο
2738 1447 2856 1515 ἥτις
2879 1445 3018 1500 κατὰ
3050 1445 3322 1513 συγκοπὴν
3356 1444 3520 1513 ρέδων
3543 1445 3746 1512 γέγονε.

739 1541 834 1595 per
859 1542 1126 1594 sytic0pen
1160 1527 1356 1597 ρεδῶμ.
2420 1524 2426 1531 ’

802 1611 988 1678 XVIII,
1025 1616 1108 1677 14,
1155 1617 1238 1667 15.
1277 1614 1340 1667 Et
1373 1617 1667 1669 animarum
1697 1616 1984 1706 nominum.
2017 1613 2085 1667 Et
2109 1629 2262 1688 poma
2297 1659 2336 1712 Β

2297 1659 2336 1712 Β
2431 1620 2535 1676 Kal
2565 1618 2767 1686 ψυχὰς
2796 1616 3115 1683 ἀνθρώπων
3148 1632 3162 1647 ·
3204 1617 3299 1668 καὶ
3331 1617 3369 1683 ἡ
3395 1612 3589 1682 ὀπώρα
3625 1616 3734 1682 τῆς
3761 1617 3895 1670 ἐπι-

738 1701 978 1755 desiderii
1000 1702 1188 1754 anima:
1214 1712 1315 1756 tua?
1333 1704 1674 1756 discesserunt
1695 1699 1726 1756 α
1748 1712 1830 1764 te;
1858 1705 2030 1756 omnia
2053 1703 2266 1772 pinguia
2297 1699 2336 1712 ν

2297 1699 2336 1712 ν
2364 1709 2571 1776 θυμίας
2593 1707 2698 1774 τῆς
2725 1706 2927 1774 ψυχῆς
2967 1723 3081 1759 σου
3129 1705 3398 1772 ἀπῆλθεν
3424 1706 3540 1759 ἀπὸ
3587 1706 3700 1757 σοῦ
3727 1721 3741 1733 '
3792 1707 3896 1758 atat

734 1800 783 1843 et
811 1790 1062 1858 praetura
1110 1794 1374 1857 perierunt
1405 1809 1435 1843 a
1468 1801 1546 1854 te;
1575 1802 1625 1844 et
1651 1791 1877 1858 amplius
1906 1790 1998 1843 illa
2019 1791 2133 1859 jam
2172 1807 2262 1844 ne~

2364 1795 2556 1850 πάντα
2585 1798 2657 1849 τὰ
2683 1797 2903 1862 λιπαρὰ
2949 1794 3044 1847 καὶ
3071 1792 3186 1864 [τὰ]
3204 1793 3439 1860 λαμπίὰ
3486 1791 3746 1860 ὐπῴχετο
3771 1794 3893 1845 ἀπὸ

735 1889 993 1946 quaquam
1021 1880 1262 1931 invenies.
2151 1903 2156 1908 ι

2362 1884 2475 1938 σοῦ
2505 1900 2519 1916 ·
2542 1885 2639 1937 καὶ
2669 1886 2777 1937 οὐκ
2804 1885 2891 1935 ἔτι
2916 1884 2987 1936 οὐ
3009 1882 3092 1949 μὴ
3127 1882 3300 1948 εὕρῃς
3322 1880 3490 1934 αὑτά.

804 1965 862 2016 In
896 1977 1192 2032 posterum,
1215 1966 1310 2028 ait,
1341 1966 1647 2018 mortalium
1668 1966 1876 2018 animas
1903 1977 2009 2018 non
2037 1966 2265 2035 amplius

2431 1971 2534 2025 Kal
2557 1972 2754 2038 ψυχὰς
2778 1970 3113 2037 ἀνθρώπων.
3147 1999 3214 2009 -
3242 1971 3374 2022 Οῠτε
3399 1969 3571 2037 ψυχὰς
3593 1967 3894 2035 ἀνθρώπων

731 2065 899 2114 emes,
931 2066 1104 2120 neque
1133 2052 1329 2106 liberos
1355 2053 1596 2105 homines
1615 2053 1666 2105 in
1693 2053 2001 2106 servitutem
2023 2053 2260 2122 rediges;

732 2153 904 2206 neque
955 2141 1007 2192 in
1049 2141 1337 2208 pinguibus
1380 2141 1484 2194 illis
1531 2149 1586 2194 ei
1633 2141 1949 2208 splendidis,
1980 2142 2035 2194 in
2067 2142 2262 2209 quibus

730 2229 856 2280 olim
888 2229 1234 2292 volutabaris,
1268 2232 1488 2297 posthac
1513 2230 1839 2297 volutabere,
1854 2237 1947 2286 aut
1971 2230 2260 2299 quidquam

729 2331 796 2369 ex
823 2318 889 2368 iis
917 2317 981 2368 ad
1011 2333 1165 2369 usum
1195 2319 1440 2370 habebis.

805 2402 986 2463 XVIII,
1021 2403 1204 2455 Ili-l7.
1245 2403 1560 2456 Mercatores
1590 2404 1794 2470 horum,
1825 2404 1914 2472 qui
1933 2403 2116 2457 divites
2134 2406 2260 2474 (acti

732 2499 872 2551 sunt,
896 2491 957 2540 ab
990 2506 1049 2542 ea
1079 2491 1224 2558 longe
1251 2493 1488 2552 stabunt,
1526 2501 1734 2558 propter
1766 2493 2001 2543 timorem
2035 2501 2259 2544 tormen-

733 2587 899 2629 torum
921 2579 1052 2644 ejus,
1077 2579 1276 2645 ﬂentes,
1305 2589 1353 2632 et
1382 2581 1630 2649 lugentes,
1656 2590 1704 2634 et
1731 2581 1958 2634 dicentes
1978 2598 1996 2634 :
2027 2581 2260 2648 Venere,

732 2668 912 2719 civitas
947 2669 1041 2719 illa
1088 2665 1298 2739 magna,
1334 2684 1448 2737 quin
1477 2671 1671 2722 amicta
1707 2679 1818 2722 erat
1853 2669 2026 2738 bysso,
2055 2678 2103 2721 et
2133 2685 2259 2737 pur-

730 2772 882 2822 pura.
907 2767 952 2808 et
973 2773 1122 2808 cocco
1141 2772 1159 2819 ;
1179 2758 1433 2810 deaurata
1450 2767 1560 2810 erat
1587 2774 1737 2822 auro,
1756 2768 1804 2811 et
1829 2755 2002 2824 lapide'
2013 2760 2256 2825 pretioso,

729 2853 780 2896 et
828 2846 1121 2913 margaritis
1152 2861 1169 2898 :
1197 2848 1440 2914 quoniam
1485 2864 1593 2900 una
1650 2848 1778 2900 hora
1829 2848 2091 2901 destituta:
2139 2858 2257 2901 sunt

732 2941 890 2986 tantte
925 2934 1142 2987 divitia.

799 3122 878 3176 Ob
905 3122 1095 3173 oculos
1129 3122 1277 3189 ponit
1323 3122 1583 3190 insignem
1632 3123 1917 3191 Babylonis
1962 3123 2122 3191 hujus
2144 3124 2256 3178 cla-

731 3208 849 3260 dem
880 3216 932 3261 et
965 3209 1342 3270 aﬂlictionem;
1393 3222 1487 3273 per
1535 3206 1711 3261 luctus
1749 3219 1802 3261 et
1830 3210 2255 3274 lamentationes,

731 3295 1073 3356 calamitatis,
1125 3308 1285 3360 quam
1332 3307 1651 3362 perpessura
1709 3295 1795 3346 illa
1852 3310 1973 3363 quae
2019 3306 2143 3350 ante
2191 3298 2259 3351 ob

733 3381 934 3446 regiam
964 3379 1274 3446 dignitatem
1306 3387 1359 3431 et
1394 3380 1746 3447 maiestatem,
1778 3382 1916 3435 elato
1949 3383 2085 3437 collo
2110 3385 2259 3438 ince-

734 3470 910 3531 debat,
943 3468 1368 3532 magnitudinem
1404 3470 1649 3536 apposite
1678 3470 1977 3526 delineans.

802 3555 986 3619 XVIII,
1023 3554 1206 3607 17-19.
1243 3552 1310 3606 Et
1340 3557 1504 3616 omnis
1542 3556 1874 3623 gubernator,
1905 3569 1950 3609 et
1977 3574 2148 3612 omnes
2172 3561 2259 3631 qui

732 3646 788 3696 in
841 3644 1009 3696 larunt
1042 3644 1302 3711 navigant,
1353 3655 1400 3696 et
1431 3654 1624 3710 nautas,
1672 3654 1720 3698 et
1745 3647 1832 3714 qui
1862 3647 1913 3698 in
1961 3650 2096 3701 mari
2149 3665 2259 3717 ope-

733 3743 951 3796 rantur,
996 3732 1143 3799 longe
1192 3741 1484 3796 steterunt,
1515 3744 1563 3785 et
1599 3733 1984 3798 clamauerunt,
2034 3737 2256 3791 videntes

733 3823 931 3887 fumum
967 3822 1188 3873 incendii
1218 3822 1355 3889 ejus,
1384 3824 1610 3877 dicentes
1636 3839 1654 3876 :
1690 3824 1817 3889 Qua:
1847 3826 2031 3878 similis
2061 3827 2258 3880 civitati

731 3911 846 3961 huic
876 3911 1112 3976 magnas?
1136 3910 1198 3963 Et
1229 3913 1476 3964 miserunt
1499 3913 1752 3979 pulverem
1769 3931 1921 3982 super
1944 3918 2116 3982 capita
2137 3933 2254 3976 sua.

729 4008 776 4049 et
797 3999 1140 4051 clamauerunt
1165 4002 1363 4068 flentes,
1390 4013 1437 4055 et
1470 4003 1715 4072 lugentes,
1744 4005 2004 4058 dicentes:
2034 4006 2139 4068 Vw,
2164 4025 2255 4072 tne,

733 4087 915 4138 civitas
949 4087 1041 4139 illa
1073 4105 1281 4155 magna,
1313 4090 1368 4140 in
1397 4107 1500 4156 qua
1531 4091 1713 4142 divites
1758 4092 1887 4160 facti
1920 4103 2037 4144 sunt
2087 4111 2256 4146 omnes

2360 2058 2690 2128 ὲμπορεύσῃ,
2751 2059 2901 2125 φησὶ,
2943 2054 3036 2110 τοῦ
3079 2055 3264 2108 λοιποῦ
3320 2056 3714 2109 καταδουλοῦσα
3762 2057 3894 2117 τοὺς

2359 2145 2666 2216 ἐλευθέρους
2696 2162 2710 2176 ο
2741 2147 2861 2198 οὔτε
2892 2147 3000 2199 τῶν
3034 2147 3198 2200 πάλαι
3230 2146 3472 2215 λιπαρῶν
3496 2146 3587 2198 καὶ
3614 2144 3884 2214 λαμπρῶν

2358 2233 2496 2299 ἔξεις
2524 2235 2625 2304 τὴν
2646 2235 2964 2289 ἀπόλαυσιν.

2430 2405 2493 2454 οι
2514 2403 2751 2468 ἔμποροι
2781 2404 3019 2467 τούτων,
3069 2406 3121 2457 ol
3153 2403 3598 2467 πλουτήσαντες
3644 2401 3742 2455 ἀπ’
3772 2404 3888 2454 αὺ-

2358 2490 2486 2555 τῆς,
2517 2491 2635 2542 ἀπὸ
2667 2493 2958 2556 μακρόθεν
3009 2492 3355 2555 στήσονται,
3400 2491 3496 2544 διὰ
3539 2493 3643 2543 τὸν
3699 2492 3892 2558 φόϐον

2359 2579 2463 2632 τοῦ
2480 2579 2861 2647 βασανισμοῦ
2892 2579 3097 2645 αὐτῆς,
3126 2582 3437 2642 κλαίοντες
3482 2581 3575 2631 καὶ
3610 2581 3893 2632 πενθοῦν-

2359 2684 2472 2730 τες,
2491 2667 2586 2719 καὶ
2611 2667 2886 2734 λέγοντες
2904 2685 2918 2699 ο
2937 2668 3099 2731 Οὐαὶ,
3131 2668 3282 2732 οὐαὶ,
3305 2669 3344 2735 ἠ
3368 2667 3543 2730 πόλις
3570 2667 3606 2730 ἡ
3630 2667 3885 2734 μεγάλη,

2359 2757 2396 2822 ἠ
2421 2756 2875 2823 περιϐεϐλημένη
2899 2757 3146 2819 ,βύσσον
3175 2756 3273 2808 καὶ
3298 2757 3604 2823 πορφύραν
3629 2754 3724 2806 καὶ
3743 2757 3890 2808 κόκ-

2357 2862 2544 2907 κινον,
2576 2845 2671 2897 καὶ
2703 2845 3118 2913 κεχρυσωμένη
3145 2846 3214 2899 ὲν
3241 2844 3444 2914 χρυσῷ
3485 2845 3580 2897 καὶ
3617 2845 3760 2907 λίθῳ
3799 2860 3890 2896 τι-

2285 2945 2326 3001 C
2353 2934 2465 3000 μίφ
2495 2933 2589 2988 και
2631 2933 3014 3001 μαργαρίταις
3040 2947 3058 2966 °
3112 2933 3201 2987 ὅτι
3233 2933 3339 3002 μιᾷ
3382 2933 3498 3002 ὥρα
3538 2931 3809 3001 ἠρημώθη
3846 2933 3891 2985 δ

2353 3022 2633 3086 τοσοῦτος
2659 3022 2941 3088 πλοῦτος.

2426 3131 2587 3192 Οὐαὶ.
2626 3131 2777 3192 οὐαὶ,
2821 3132 2859 3197 ή
2904 3133 3079 3196 πόλις
3118 3133 3156 3197 ἡ
3186 3132 3433 3200 μεγάλη.
3477 3161 3547 3173 —-
3583 3134 3705 3184 ’Υπ’
3760 3134 3889 3199 ὄψιν

2356 3222 2475 3287 ἄγει
2501 3221 2568 3271 τὰ
2597 3221 2694 3288 τῆς
2723 3220 3028 3282 Βαϐυλῶνος
3073 3221 3272 3289 ταύτης
3317 3223 3480 3291 πάθη,
3531 3223 3618 3275 διὰ
3658 3214 3764 3273 τῶν
3795 3223 3890 3274 ἐπ’

2356 3309 2488 3375 αὐτῇ
2511 3308 2716 3376 θρήνων
2737 3309 2796 3360 τὸ
2818 3311 2917 3376 τῆς
2969 3312 3247 3377 συμφορᾶς
3273 3310 3581 3377 διαγράφων
3612 3311 3834 3376 μέγεθος
3865 3328 3883 3341 ·

2356 3396 2490 3464 ὅπερ
2514 3397 2756 3449 πείσεται
2786 3397 2817 3462 ὴ
2838 3397 2898 3448 τὸ
2925 3397 3050 3464 πρὶν
3067 3396 3301 3466 αὑχοῦσα
3326 3398 3415 3450 επὶ
3440 3397 3695 3466 βασιλικῷ
3717 3395 3886 3462 ἀξιῶν

2363 3499 2509 3551 ματι.

2424 3570 2531 3622 Kal
2571 3570 2687 3636 πᾶς
2716 3569 3096 3638 κυϐερνήτης,
3157 3573 3254 3627 καὶ
3313 3572 3429 3636 πᾶς
3476 3571 3556 3644 [ό]
3611 3572 3705 3624 ἐπὶ
3763 3572 3890 3625 τῶν

2355 3659 2578 3713 πλοίων
2600 3660 2818 3723 πλέων,
2833 3661 2928 3713 καὶ
2949 3661 3156 3715 ναῦται
3173 3662 3268 3715 καὶ
3290 3661 3417 3716 ὅσοι
3435 3661 3546 3728 τὴν
3564 3662 3888 3717 θάλασσαν·

2354 3749 2700 3817 ἐργάζονται,
2744 3750 2859 3805 ἀπὸ
2900 3753 3196 3816 μακρόθεν
3245 3752 3560 3818 ἑστηκότες
3612 3750 3880 3819 ἔκραζον.

2349 3835 2678 3899 βλέποντες
2707 3835 2812 3887 τὸν
2855 3836 3086 3888 καπνὸν
3129 3836 3239 3904 τῆς
3286 3837 3604 3906 πυρώσεως
3643 3838 3829 3904 αὐτῆς
3859 3879 3880 3902 ,

2356 3923 2476 3993 [καὶ
2499 3924 2708 3991 ἔλεγον
2733 3939 2747 3954 ’
2787 3926 2880 3988 Τίς
2899 3925 3068 3991 ὁμοία
3087 3923 3161 3990 τῇ
3183 3926 3349 3978 πόλει
3383 3925 3456 3991 τῇ
3476 3928 3742 3992 perdiu;
3773 3929 3878 3978 καὶ

2353 4011 2565 4065 ἔϐαλον
2598 4011 2747 4078 χοῦν
2776 4012 2874 4064 ἐπὶ
2910 4014 3012 4075 τὰς
3034 4014 3297 4080 κεφαλὰς
3323 4011 3517 4064 αὐτῶν
3540 4029 3554 4043 ο
3586 4013 3683 4064 καὶ
3703 4012 3880 4076 ἔκρα-

2354 4096 2468 4161 ζον,
2497 4100 2800 4164 κλαίοντες
2854 4102 2951 4153 καὶ
2984 4102 3356 4162 πενθοῦντες,
3409 4098 3526 4168 καὶ]
3556 4100 3831 4168 λέγοντες
3857 4118 3875 4132 ο

731 4176 819 4240 qui
845 4175 1092 4226 habebant
1112 4192 1262 4227 naves
1289 4178 1341 4227 in
1364 4178 1516 4240 mari,
1542 4179 1604 4231 de
1628 4179 1806 4246 pretiis
1834 4179 1984 4242 eius;
2012 4184 2253 4249 quoniam

2282 4257 2313 4261 _
2358 4185 2519 4248 Οὐαὶ,
2547 4187 2696 4252 οὐαὶ,
2721 4189 2758 4254 ἠ
2788 4190 2961 4252 πόλις
2987 4189 3024 4255 ἡ
3042 4189 3266 4261 μεγάλη
3287 4203 3300 4216 ⁸
3330 4189 3400 4239 ἐν
3425 4183 3463 4256 ᾖ
3494 4189 3883 4254 ἐπλούτησαν

732 4276 838 4313 una
870 4263 997 4313 hora
1021 4263 1255 4315 desolata
1285 4274 1382 4316 est.

802 4455 914 4510 Etsi
947 4471 1182 4525 presens
1217 4460 1322 4512 vita
1354 4476 1496 4514 mare
1552 4476 1645 4529 per
1678 4465 2036 4530 metaphoram
2073 4467 2256 4535 appel-

733 4544 904 4609 latur,
941 4556 1002 4598 ut
1033 4563 1152 4615 qua:
1183 4547 1430 4603 ﬂuctibus
1457 4559 1509 4604 et
1539 4554 1938 4619 tempestatibus
1960 4557 2030 4608 sit
2065 4556 2253 4623 plena;

731 4643 784 4686 et
815 4645 1077 4701 quotquot
1110 4637 1161 4688 in
1194 4637 1310 4704 ipsa
1343 4639 1702 4705 negotiantur,
1736 4643 1880 4697 curis
1909 4654 1960 4696 et
1993 4644 2255 4697 sollicitu-

733 4719 971 4782 dinibus,
1000 4736 1134 4787 quas
1158 4723 1271 4788 ipsa
1300 4724 1474 4791 alI‘ert,
1508 4727 1647 4780 haud
1679 4745 1833 4783 secus
1861 4729 1968 4783 fere
1989 4731 2255 4798 jactentur

734 4814 894 4871 atque
941 4805 1136 4871 pisces,
1183 4809 1272 4872 qui
1313 4810 1364 4860 in
1397 4812 1580 4879 pelago
1633 4824 1893 4878 natantes,
1947 4818 2102 4870 undis
2131 4831 2254 4884 pro-

732 4893 990 4960 cellisque
1043 4894 1235 4959 jactari
1290 4897 1498 4959 solent,
1553 4909 1785 4956 attamen
1818 4919 1919 4956 non
1969 4914 2100 4958 csta
2132 4918 2255 4956 vero

733 4981 985 5039 alienum.
1040 4982 1327 5045 civitatem,
1384 5000 1502 5049 quae
1548 4987 1730 5042 istlncc
1777 4992 2110 5045 incommoda
2147 5009 2256 5060 pcr-

733 5086 949 5135 pessura
981 5071 1065 5122 hic
1091 5071 1336 5134 traditur,
1369 5076 1669 5142 quampiam
1703 5094 1763 5131 ex
1793 5096 1973 5133 earum
2019 5099 2247 5136 numero

733 5173 870 5221 esse,
920 5176 1045 5227 qua:
1082 5175 1207 5213 vero
1237 5164 1368 5216 mari
1415 5166 1684 5232 adjacens,
1717 5185 1776 5222 ea
1817 5189 1934 5240 qua:
1968 5190 2112 5226 mare
2143 5176 2253 5227 sul-

735 5256 916 5297 cantes
950 5248 1257 5315 important,
1293 5253 1565 5318 suscipere
1594 5267 1802 5309 assueta
1834 5272 1948 5312 erat
1975 5280 1987 5316 :
2016 5278 2134 5330 quae
2157 5277 2251 5315 sua

738 5334 953 5397 proinde
971 5337 1260 5391 solitudine
1275 5349 1329 5392 et
1344 5343 1587 5394 Vastitate
1611 5345 1787 5396 nautis
1800 5358 1850 5398 et
1865 5352 2252 5402 mercatoribus

738 5422 933 5487 justam
968 5424 1141 5478 luctus
1189 5429 1469 5481 materiam
1502 5431 1570 5482 sit
1603 5436 1859 5497 paritura.
1901 5436 2063 5501 Idem,
2092 5440 2256 5490 velint

742 5511 934 5574 nolint,
992 5516 1272 5570 mundana:
1320 5519 1478 5586 hujus
1527 5519 1808 5590 Babylonis
1836 5534 1887 5578 et
1923 5525 2253 5579 confusionis

2279 4257 2331 4315 Ῑ)
2356 4273 2571 4338 πάντες
2598 4279 2651 4328 ol
2677 4278 2916 4343 ἔχοντες
2939 4277 3117 4330 πλοῖα
3148 4257 3215 4328 ἐν
3249 4276 3321 4342 τῇ
3345 4277 3638 4343 θαλάσσῃ.
3673 4277 3740 4329 ἐκ
3763 4276 3878 4345 τῆς

2350 4363 2677 4428 τιμιότητος
2697 4364 2883 4431 αὐτῆς
2911 4382 2925 4396 ·
2966 4365 3054 4417 ὅτι
3076 4364 3184 4437 [ἐν]
3210 4365 3314 4437 μιᾷ
3333 4365 3450 4434 ὥρᾳ
3473 4365 3766 4434 ἠρημώθη.

2411 4471 2475 4522 Ol
2505 4471 2741 4537 ἔχοντες
2785 4474 2962 4527 πλοῖα
3017 4474 3085 4526 ἐν
3145 4474 3219 4542 τῇ
3251 4476 3550 4543 θαλάσσῃ.
3586 4504 3654 4514 -
3684 4475 3746 4527 El
3777 4476 3878 4529 καὶ

2349 4558 2625 4614 θάλασσα
2661 4563 2929 4629 τροπικῶς
2969 4566 2997 4615 ὁ
3043 4565 3230 4631 παρὼν
3263 4565 3374 4632 βίος
3421 4566 3494 4626 ὡς
3547 4563 3875 4632 πολυκύμων

2349 4649 2558 4716 εἴρηται
2591 4684 2604 4709 ,
2635 4650 2726 4700 καὶ
2753 4651 2800 4704 oi
2835 4652 2893 4700 ἐν
2928 4651 3061 4720 αὐτῇ
3097 4655 3537 4721 ἐμπορευόμενοι,
3563 4656 3608 4704 oi
3634 4653 3712 4720 τῷ
3742 4653 3875 4721 βιω-

2350 4735 2483 4802 τικῷ
2509 4736 2582 4795 ὡς
2618 4736 2791 4803 ἰχθύες
2821 4740 3100 4805 νηχόμενοι
3130 4740 3353 4792 κλύδωνι
3382 4759 3394 4771 ’
3433 4741 3546 4792 ἀλλ’
3586 4744 3725 4803 εἰκὸς
3773 4744 3876 4795 καὶ⁵

2349 4823 2443 4892 τὴν
2466 4822 2634 4874 ταῦτα
2669 4825 2974 4892 πάσχουσαν
3003 4826 3172 4889 πόλιν,
3202 4827 3425 4895 αἱσθητῇ
3453 4828 3688 4898 θαλάσσῃ
3721 4846 3873 4895 γειτ-

2349 4912 2564 4974 νιῶσαν,
2596 4907 2730 4982 [καὶ]
2764 4914 2828 4964 τὰ
2852 4914 3002 4980 παρὰ
3031 4915 3136 4966 τῶν
3156 4917 3227 4979 ίὲν
3265 4918 3398 4989 αὐτῇ
3430 4919 3693 4972 πλεόντων
3717 4920 3874 4986 δεχο-

2357 4999 2538 5066 μένην,
2570 5000 2791 5061 πένθους
2823 5001 3026 5062 τούτοις
3061 5002 3148 5053 διὰ
3174 5005 3269 5072 τῆς
3295 5007 3496 5067 οἰκείας
3545 5007 3876 5076 ἐρημώσεως

2360 5086 2606 5138 ὑπόθεσιν
2634 5087 2863 5140 ἔσεσθαι.
2889 5091 3089 5141 Ταυτὸν
3109 5091 3165 5142 δὲ
3199 5093 3384 5145 παθεῖν
3429 5095 3729 5162 ἐπάναγκες
3776 5096 3878 5146 καὶ

2352 5177 2472 5236 τοὺς
2501 5177 2596 5242 τῆς
2630 5180 2965 5246 παγκοσμιου
3007 5179 3311 5241 Βαϐυλῶνος
3357 5183 3523 5250 ἧγουν
3561 5183 3873 5250 συγχύσεως

2351 5263 2639 5329 ἐμπόρους,
2673 5269 2727 5316 ἐν
2849 5268 3119 5339 συντελείᾳ
3157 5271 3260 5321 τῶν
3290 5273 3596 5339 ὁρωμένων,
3655 5273 3876 5339 θρηνεῖν

2352 5354 2767 5420 ἁπαραμύθητα,
2796 5356 2901 5408 τῶν
2935 5358 3098 5425 ἡδέων
3141 5359 3232 5411 τοῦ
3267 5363 3523 5426 παρόντος
3572 5360 3684 5428 βίου
3711 5359 3877 5410 ἁϐου-

2352 5437 2522 5503 λήτως
2549 5439 2936 5508 χωριζομένους
2962 5443 3458 5514 καὶ’κεντουμὲνου;
3484 5447 3585 5499 ὑπὸ
3615 5445 3705 5501 τοῦ
3738 5460 3867 5496 συν-

2359 5526 2555 5587 ειδότος
2619 5530 2705 5580 ἐπὶ
2735 5533 2849 5592 ταῖς
2878 5533 3102 5595 οἰκείαις
3130 5537 3404 5604 πράξεσιν.
