4112 6330
285 365 383 426 H7
1222 360 1801 419 COMMENTARIUS
1840 361 1909 417 ΙΝ

1840 361 1917 417 ΙΝ
1962 360 2180 417 ΑΡΟΟΛ
2195 360 2467 419 LYPSIN.
3333 362 3432 422 613

287 476 418 542 θύσῃ
464 472 528 525 τὰ
580 471 834 539 μέλλοντα
887 468 1184 538 γεγράφθαι
1231 471 1386 539 [πρὸς
1430 470 1503 539 τῷ
1542 472 1679 521 τέλει
1730 471 1818 521 τοῦ
1848 476 1893 532 Α

1817 499 1818 508 ι
1848 476 1893 532 Α
1922 488 2094 523 sarum
2129 488 2268 539 rege,
2300 484 2417 539 post
2442 472 2586 524 illum
2622 486 2747 525 vero
2779 471 2953 536 Dario,
2984 473 3147 543 Syriae
3180 474 3441 541 prel’cttis

287 564 476 623 αἰῶνος
507 564 713 626 τούτου,
742 563 831 613 τὸν
860 561 974 626 Γὼγ
1001 564 1090 612 καὶ
1118 562 1202 612 τὸν
1232 560 1434 627 Μαγὼγ
1464 560 1814 629 ὲλεύσεσθαι].

1922 574 2073 626 opem
2108 574 2223 612 eam
2259 561 2309 611 in
2346 574 2454 611 rem
2491 559 2732 613 conferre
2779 562 3168 613 mandantibus.
3208 563 3313 612 Non
3348 564 3446 613 de-

287 662 411 704 sunt
438 652 664 718 denique
697 652 785 718 qui
817 652 879 703 a.|
910 651 1148 701 Antiochi
1178 650 1337 710 vires,
1370 665 1503 716 quas
1532 649 1805 702 Maccabzei
1846 647 2115 713 fregerunt
2143 658 2193 699 et
2266 658 2602 716 superarunt,
2664 650 2803 701 istud
2840 652 3147 702 vaticinium
3181 663 3447 718 spectasse

291 750 494 808 putent.
539 742 606 791 At
645 749 844 792 certum
881 750 961 790 est
1008 738 1133 804 (ἓοεί
1179 746 1227 787 et
1279 736 1481 803 Μαθθίςὶ
1531 736 1815 787 adventum
1846 735 2011 785 multo
2058 734 2252 785 rectius
2273 734 2534 800 quadiare
2594 735 2644 785 in
2674 737 2961 787 novissima
2989 749 3247 804 tempora.
3274 737 3449 792 Primo

292 833 433 886 enim
473 846 805 897 nequaquam
842 831 1092 894 scriptum
1126 838 1317 887 exstat,
1354 826 1627 895 Scythicas
1644 836 1825 894 gentes
1865 838 2047 878 contra
2107 824 2317 877 Judmns
2350 834 2475 877 tmic
2529 827 2778 892 temporis
2804 828 2995 878 bellum
3029 830 3319 896 colicgisse,
3357 831 3449 883 sed

292 920 463 971 solum
508 919 728 985 populos
754 918 841 983 qui
877 919 924 967 in
999 917 1222 968 circuitu
1287 915 1631 975 habitabant,
1672 915 1759 979 qui
1817 913 2005 966 subita:
2069 914 2370 967 Judaeorum
2419 914 2652 966 felicitati
2705 915 3031 967 invidebant.
3071 916 3269 970 Deinde
3315 934 3438 969 vero

293 1012 436 1078 quod
470 1012 743 1077 Scriptura
772 1011 833 1062 de
864 1010 1008 1075 Cogo
1040 1016 1264 1069 asserat,
1293 1008 1358 1059 ab
1383 1009 1616 1074 antiquis
1639 1008 1825 1058 diebus
1858 1006 1919 1057 ad
1951 1007 2050 1059 hoc
2106 1016 2454 1075 prmparatnm
2482 1017 2533 1059 et
2601 1008 2919 1060 destinatum
2953 1022 3068 1061 esse
3092 1049 3104 1071 ,
3138 1020 3191 1061 ut
3222 1011 3451 1063 novissi-

294 1101 399 1155 mis
446 1100 771 1167 temporibus
810 1098 1008 1158 veniat,
1094 1105 1392 1164 terramque
1439 1098 1728 1162 perturbet.
1787 1097 2061 1149 Postremo
2116 1109 2322 1159 autem,
2358 1098 2495 1163 quod
2534 1096 2584 1147 in
2643 1099 2888 1162 praesenti
2935 1098 3281 1165 Apotalypsi,
3322 1115 3442 1165 qua:

293 1191 358 1243 de
406 1187 601 1241 futuris
654 1188 1004 1248 vaticinatur,
1050 1187 1302 1238 doceatur
1335 1186 1396 1237 ad
1453 1186 1631 1237 sreculi
1667 1184 1825 1250 hujus
1868 1185 2021 1235 linem
2063 1185 2263 1250 Cogunt
2309 1194 2358 1236 et
2417 1184 2688 1251 Magogum
2754 1184 2807 1237 in
2840 1183 3071 1235 medium
3114 1186 3440 1249 prodituros.

362 1272 465 1325 Καὶ
486 1272 782 1335 ἀνέϐησαν
812 1271 906 1322 ἐπὶ
936 1274 999 1323 τὸ
1019 1272 1240 1333 πλάτος
1278 1269 1379 1335 τῆς
1406 1270 1531 1337 γῆς·
1561 1271 1651 1321 καί
1687 1272 1821 1321 ἐκύ-

1992 1270 2105 1331 ΧΧ,
2128 1272 2269 1323 8-10.
2309 1271 2373 1321 Et
2396 1275 2730 1323 ascenderunt
2747 1287 2895 1336 super
2922 1274 3243 1323 latitudinem
3265 1284 3445 1337 term;

293 1364 534 1412 νλωσαν
562 1358 673 1423 τὴν
697 1358 1070 1424 παρεμϐολὴν
1091 1356 1204 1409 τῶν
1229 1360 1404 1422 ἁγίων
1424 1396 1436 1418 ,
1465 1358 1555 1407 καὶ
1586 1358 1693 1422 τὴν
1719 1359 1822 1407 πό-

1924 1368 1968 1408 et
1998 1360 2484 1409 rircuieruntcastra
2501 1366 2815 1417 sanctorum,
2834 1369 2878 1409 et
2911 1360 3160 1409 civitatem
3187 1359 3448 1413 dilectam.

291 1448 393 1497 ,ιιν
424 1444 535 1509 τὴν
574 1444 995 1510 ἠγαπημένην·
1045 1444 1138 1496 καὶ
1194 1445 1402 1507 κατέϐη
1463 1444 1575 1507 πῦρ
1613 1445 1676 1493 ἐκ
1724 1442 1823 1493 τοῦ

1822 1464 1823 1471 η
1926 1444 1985 1493 Et
2020 1444 2273 1494 descendit
2308 1444 2437 1509 ignis
2482 1459 2511 1495 α
2559 1442 2661 1495 Deo
2689 1445 2749 1494 de
2778 1445 2933 1507 carlo,
2969 1456 3013 1495 et
3045 1446 3297 1497 devoravit
3342 1464 3446 1500 eos.

291 1532 543 1598 οὐρανοῦ
572 1530 710 1600 [ἀπὸ
740 1531 841 1583 τοῦ
880 1530 1079 1599 Θεοῦ,]
1110 1531 1204 1582 καί
1232 1532 1557 1597 κατέφαγεν
1581 1533 1821 1592 αὐτούς’

1923 1531 1984 1583 Et
2008 1532 2265 1591 diabolus,
2287 1532 2372 1598 qui
2397 1532 2666 1583 seducebat
2686 1547 2793 1592 eos,
2826 1536 3009 1585 missus
3036 1544 3109 1584 est
3139 1536 3189 1585 in
3217 1535 3450 1601 stagnum

294 1618 389 1669 καί
424 1622 453 1669 ό
482 1618 750 1681 διάϐολος
776 1622 806 1670 ό
836 1618 1076 1670 πλανῶν
1103 1620 1335 1682 αὐτοὺς,
1360 1620 1575 1683 ἐϐλήθη
1605 1622 1687 1679 εἰς
1717 1618 1826 1683 τὴν

1923 1621 2054 1683 ignis
2094 1630 2139 1670 et
2176 1621 2468 1685 sulphuris;
2514 1620 2598 1671 ubi
2646 1629 2695 1673 et
2733 1622 2889 1673 bestia
2925 1632 2970 1672 et
3015 1625 3451 1689 pseudoprophetis

290 1706 507 1773 λίμνην
532 1706 635 1757 τοῦ
674 1705 857 1770 πυρὸς
900 1707 994 1756 καὶ
1024 1707 1125 1758 τοῦ
1158 1706 1347 1758 θείου·
1393 1706 1539 1757 ὅπου
1575 1705 1712 1773 [καὶ]
1753 1706 1815 1755 τὸ

1695 1705 1712 1773 1
1753 1706 1815 1755 τὸ
1922 1708 2285 1757 cruciubuntur
2314 1710 2392 1758 die
2422 1725 2480 1759 ac
2508 1718 2670 1772 nocte,
2700 1709 2748 1760 in
2773 1711 2961 1761 alecula
2989 1714 3312 1762 swculoram.

293 1796 494 1860 θηρίον
542 1796 636 1847 καὶ
684 1796 1241 1865 ὀψευδοττροέρήτης·
1293 1800 1387 1850 καὶ
1443 1797 1992 1863 βασανισθήσονται
2053 1800 2267 1864 ἡμέρας
2310 1800 2402 1851 καί
2452 1800 2664 1864 νυκτὸς
2708 1803 2790 1865 εἰς
2871 1802 3007 1866 τοὺς
3055 1802 3265 1866 αἰῶνας
3303 1802 3442 1875 [τῶν

290 1882 562 1953 αἰώνων]

376 1969 532 2032 Ὠςὲκ
559 1972 775 2038 φωλεῶν
800 1988 954 2023 τινων
969 1972 1127 2038 θῆρες
1153 1974 1347 2038 ἄγριοι,
1380 1976 1537 2035 οὕτω,
1562 1976 1737 2041 φησιν,
1764 1974 1824 2021 ὲκ
1858 1973 1895 2027 Β
1993 1975 2000 2012 1

1858 1973 1895 2027 B
1993 1962 2445 2030 Quemadmodum
2478 1982 2713 2039 agrestes
2754 1974 2873 2027 fera:
2904 1991 2931 2027 e
2955 1980 3195 2032 cavernis
3220 1979 3282 2034 ad
3321 1996 3449 2046 prm-

298 2063 400 2112 τῶν
428 2062 635 2111 οἰκείων
664 2052 834 2111 τόπων
856 2061 955 2109 ὑπὸ
977 2060 1067 2110 τοῦ
1094 2061 1330 2113 διαϐόλου
1360 2068 1445 2113 καὶ
1472 2065 1575 2114 τῶν
1605 2066 1697 2113 σὺν
1724 2063 1817 2111 αὑ⁴

293 2150 370 2218 τῷ
414 2150 674 2214 δαιμόνων
712 2147 1190 2214 στρατηγούμενοι,
1243 2152 1297 2198 ἐν
1342 2154 1403 2218 τῇ
1448 2153 1514 2217 γῇ
1551 2150 1817 2201 καταπλα-

293 2235 657 2302 τυνθήσονται,
690 2235 761 2294 ὠς
788 2234 885 2300 τὴν
914 2234 1250 2301 παρεμϐολὴν
1279 2238 1380 2285 τῶν
1412 2238 1575 2303 ἁγίων
1603 2236 1815 2303 (δηλαδὴ

294 2322 391 2390 τὴν
426 2322 742 2385 Ἐκκλησίαν
768 2320 881 2389 [τοῦ
913 2321 1186 2389 Χριστοῦ,]
1220 2324 1312 2391 τὴν
1340 2326 1393 2373 ἐν
1429 2329 1535 2385 τοῖς
1565 2328 1815 2393 τέσσαρσι

297 2411 487 2476 πέρασι
517 2411 611 2476 τῆς
655 2408 967 2474 οἰκουμένης
1006 2410 1375 2479 ἡδρασμένην)
1425 2414 1812 2481 πορθήσαντες.

297 2496 605 2563 ἀγνοοῦντες
638 2500 713 2548 ὅτι
758 2498 851 2564 οὐχ
879 2494 953 2558 εἰς
986 2499 1137 2564 μόνον
1174 2499 1391 2563 ἅγγελος
1416 2539 1427 2559 ,
1473 2500 1602 2549 ἀλλὰ
1642 2501 1817 2553 πολλοὶ

296 2588 474 2653 κύκλῳ
498 2588 601 2637 τῶν
624 2586 957 2653 φοϐουμένων
978 2586 1063 2637 τόν
1086 2588 1212 2637 Θεὸν
1243 2589 1656 2654 παρεμϐαλοῦσι,
1681 2592 1816 2642 κατὰ

296 2677 358 2728 τὸ
382 2676 648 2744 ψαλμικὸν
671 2676 844 2741 λόγιον
864 2690 876 2702 ·
914 2676 1128 2742 προσέτι
1156 2676 1207 2726 δὲ
1237 2678 1325 2726 καὶ
1348 2679 1439 2745 τὴν
1469 2680 1587 2729 νέαν
1629 2679 1816 2743 Ἰερου-

299 2762 494 2830 σαλὴμ,
525 2764 621 2829 τὴν
651 2761 1004 2829 ἠγαπημένην
1030 2762 1199 2820 πόλιν,
1232 2764 1605 2829 χειρωσόμενοι
1630 2785 1636 2793 ο
1665 2764 1720 2825 ἐξ
1752 2762 1815 2834 ἧς

297 2849 324 2901 6
352 2848 487 2908 θεῖος
515 2849 671 2915 νόμος
707 2848 791 2898 διὰ.
819 2847 921 2898 τῶν
948 2849 1247 2899 ἀποστόλων
1276 2852 1350 2909 εἰς
1381 2850 1473 2917 τὴν
1503 2853 1815 2918 οἰκουμένην

296 2936 595 3003 διέδραμεν.
632 2934 792 2985 Ἔνθα
832 2935 923 2984 καὶ
954 2936 1041 2985 τὸν
1084 2935 1437 3001 Ἀντίχριστόν
1465 2953 1619 3002 φασιν
1655 2939 1707 2987 ὲν
1740 2937 1813 3003 τῷ

296 3026 405 3091 ναῷ
430 3024 761 3075 καθεδεῖσθαι
788 3022 900 3091 [τοῦ
929 3021 1102 3091 Θεοῦ]·
1128 3024 1233 3073 εἴτε
1264 3027 1317 3073 ὲν
1344 3024 1411 3090 τῷ
1452 3026 1712 3092 Ἰουδαῖκῷ
1741 3027 1814 3093 τῷ

299 3111 457 3163 πάλαι
484 3110 631 3181 [μὲν]
659 3111 800 3178 θείῳ,
831 3112 1194 3177 καθαιρεθέντι
1220 3112 1273 3162 δὲ
1292 3114 1377 3162 διὰ
1405 3114 1499 3179 τὴν
1524 3117 1655 3164 κατὰ
1686 3116 1808 3181 Χριο

296 3201 417 3252 ατοῦ
446 3201 663 3267 τόλμαν,
692 3202 784 3252 καὶ
817 3201 904 3252 ὑπ’
945 3202 1103 3252 αὑτοῦ
1138 3203 1480 3270 ἀνορθοῦσθαι
1511 3206 1810 3272 προσδοκω·

1921 2057 2039 2107 dam
2075 2067 2389 2123 prorepunt;
2422 2060 2487 2111 ita
2533 2062 2809 2114 innumera
2850 2063 3120 2117 hominum
3162 2070 3446 2123 multitudo

1923 2144 2128 2195 Satanae
2152 2184 2164 2198 .
2202 2155 2253 2195 et
2286 2146 2582 2197 daemonum
2617 2148 2708 2213 qui
2742 2162 2861 2201 cum
2897 2149 2987 2201 illo
3023 2149 3254 2215 faciunt,
3286 2170 3444 2221 opera

1919 2246 1947 2284 e
1990 2232 2101 2283 suis
2152 2234 2281 2285 locis
2319 2236 2369 2283 in
2415 2234 2657 2300 prallium
2707 2234 2909 2295 excita,
2948 2250 3106 2303 super
3153 2249 3342 2291 terram
3388 2259 3445 2295 se

1919 2318 2204 2383 diﬂundet;
2244 2337 2349 2387 quo
2385 2335 2687 2374 sane'oruzn
2724 2333 2931 2386 castra,
2958 2325 3156 2380 Christi
3193 2333 3441 2383 nimirum

1920 2404 2241 2469 Ecelesiam,
2279 2425 2394 2475 quze
2430 2410 2479 2461 in
2519 2392 2744 2476 quatuor
2780 2412 2921 2465 orbis
2961 2416 3197 2481 partibus
3242 2419 3445 2473 lirmam

1920 2497 2095 2547 sedem
2131 2498 2363 2559 obtinet,
2396 2499 2783 2564 depopulentur
2817 2503 3129 2571 penitusque
3170 2518 3443 2571 evertant;

1920 2584 2086 2651 ignari
2121 2599 2222 2635 non
2246 2601 2405 2637 unum
2433 2598 2632 2638 tantum
2658 2590 2922 2657 angelum,
2955 2596 3044 2644 sed
3074 2596 3360 2659 permultos
3392 2598 3443 2649 in

1920 2672 2140 2722 circuitu
2178 2674 2474 2723 timentium
2516 2674 2793 2726 Dominum
2827 2687 3001 2730 castra
3039 2684 3257 2745 metari,
3290 2684 3446 2751 idque

1914 2759 2065 2826 jussu
2101 2770 2149 2810 et
2176 2762 2422 2811 mandato
2469 2762 2589 2822 Dei,
2623 2766 2908 2816 secundum
2945 2766 3297 2822 Psahnistam.
3342 2772 3443 2823 Νι·-

1916 2862 2019 2912 que
2050 2848 2128 2897 his
2151 2849 2401 2907 contenti,
2440 2865 2624 2900 novam
2662 2866 2871 2917 quoque
2902 2852 3216 2919 Jerusalem,
3258 2862 3443 2913 civita-

1918 2944 2018 2986 tem
2049 2934 2187 2985 illam
2215 2933 2318 2985 Deo
2344 2936 2606 2996 dilectam,
2634 2952 2820 3003 capere
2841 2950 2889 2991 et
2918 2942 3201 3010 subjugare
3224 2960 3440 3003 conten-

1915 3022 2059 3084 dent,
2094 3038 2154 3073 ex
2184 3037 2285 3088 qua
2323 3024 2403 3073 lex
2437 3024 2608 3073 divina
2642 3039 2733 3091 per
2764 3030 3034 3092 apOstolos
3063 3045 3273 3097 egressa
3296 3074 3309 3096 ,
3337 3046 3440 3088 ter-

1915 3126 2091 3163 rarum
2122 3112 2298 3162 orbem
2332 3113 2609 3176 percurrit.
2650 3111 2745 3164 Ubi
2778 3115 2948 3179 ipsum
2983 3120 3138 3170 etiam
3169 3120 3438 3175 Antichri-

1918 3208 2055 3252 stum
2086 3199 2136 3249 in
2166 3200 2361 3265 templo
2390 3214 2656 3251 sessurum
2689 3216 2714 3251 a
2745 3205 3017 3257 nonnullis
3046 3208 3305 3272 traditur;
3331 3212 3440 3265 sive

299 3291 440 3361 μένῳ
471 3266 581 3352 τοίς
626 3290 905 3359 θεομάχοις
935 3291 1213 3351 Ἰουδαίοις
1236 3266 1355 3342 ⁷εἴτε
1405 3295 1460 3343 ὲν
1491 3266 1565 3361 at];
1613 3295 1817 3361 ἀληθῶς
1845 3266 1885 3322 C

1815 3266 1885 3352 ;C
1923 3289 1974 3341 in
2006 3287 2257 3348 Judaico,
2292 3288 2416 3338 olim
2445 3288 2654 3354 quidem
2699 3290 2880 3343 divino
2919 3302 2969 3347 et
2995 3296 3276 3351 admodum
3314 3301 3439 3351 reli-

298 3379 420 3444 θείῳ
447 3378 579 3446 ναῷ,
611 3381 675 3447 τῇ
705 3378 957 3444 καθολικῇ
992 3378 1297 3445 Ἐκκλησία,
1329 3380 1393 3429 τὰ
1424 3380 1669 3448 ἀλλότρια
1698 3398 1824 3447 σφε-

296 3464 652 3533 τεριζόμενον,
681 3466 769 3516 καὶ
800 3464 1176 3517 ἀποδεικνύντα
1206 3468 1389 3516 ἑαυτὸν
1422 3468 1499 3518 ὅτι
1531 3468 1640 3519 ἐστι
1672 3470 1820 3532 Θεὸς,

297 3552 471 3613 καθώς
514 3567 673 3619 φησιν
708 3552 735 3602 ό
785 3552 1113 3612 Ἀπόστολος.
1171 3552 1304 3603 Ἀλλ’
1342 3554 1440 3605 οὐκ
1489 3558 1565 3615 εἰς
1612 3562 1821 3623 μακρὰν

298 3640 488 3713 [malli
520 3640 627 3709 πῦρ
690 3640 971 3707 οὐρανόθεν
1016 3642 1229 3704 κατιδν,
1282 3644 1386 3691 εἴτε
1440 3644 1629 3708 ὁρατὸν
1666 3643 1818 3715 [πῦρ]

294 3730 366 3789 ὡς
411 3730 532 3787 τοὺς
580 3728 671 3777 δύο
722 3728 1206 3793 πεντηκονταρχους
1250 3728 1341 3777 ὲπὶ
1390 3728 1601 3791 Ἠλιοῦ,
1650 3732 1817 3800 duo

295 3814 522 3883 Χριστοῦ
554 3814 755 3875 ἔνδοξος
787 3814 1046 3880 παρουσία
1066 3853 1080 3875 ,
1117 3813 1287 3864 ἀνελεῖ
1328 3815 1401 3880 τῷ
1434 3816 1693 3881 πνεύματι
1726 3819 1815 3869 τοῦ

296 3904 553 3971 στόματος
585 3900 747 3953 αὐτοῦ
792 3900 1006 3961 τούτους
1031 3915 1085 3949 τε
1112 3900 1202 3949 καὶ
1226 3901 1289 3951 τὰ
1314 3902 1665 3969 προλεχθέντα
1691 3904 1814 3973 ἔθνη

297 3990 681 4056 καταφάγεται,
710 3990 800 4040 καὶ
826 3989 914 4039 τὸν
941 3988 1233 4057 στρατηγὸν
1262 3989 1435 4039 αὐτῶν
1464 3990 1551 4041 τὸν
1578 3991 1813 4043 διάόολον

296 4079 428 4151 [καὶ]
458 4082 523 4147 τῇ
560 4078 651 4129 τοῦ
682 4079 843 4147 πυρὸς
875 4078 1032 4145 λίμνῃ
1064 4076 1365 4161 παραδώσει
1395 4080 1487 4130 σὺν
1526 4080 1600 4149 τῷ
1647 4082 1812 4134 Ἀντι-

296 4171 490 4238 χρίστῳ
519 4168 613 4220 καὶ
635 4167 709 4236 τῷ
732 4166 1134 4236 ψευδοπροφήτῃ
1167 4166 1709 4235 βασανισθησομένους
1735 4170 1812 4233 εἰς

296 4259 489 4321 αἰῶνας
521 4257 746 4309 αἰώνων.
792 4256 970 4324 Ἡμεῖς
1000 4256 1074 4317 δὲ,
1106 4257 1249 4321 παρὰ
1285 4256 1376 4307 τοῦ
1408 4258 1649 4325 Σωτῆρος
1679 4260 1810 4327 Χρι-

296 4349 416 4402 στοῦ
464 4347 791 4415 διδαχθέντες
843 4344 1088 4413 εὔχεσθαι
1144 4346 1215 4417 μὴ
1252 4346 1517 4398 τὲίσελθεῖν
1569 4348 1645 4409 εἰς
1695 4366 1811 4400 πει-

298 4438 495 4509 ρασμὸν
513 4475 528 4498 ,
555 4434 781 4495 ἐκτενῶς
814 4435 964 4485 τοῦτο
1012 4435 1423 4502 προσευξώμεθα
1443 4476 1458 4498 ,
1486 4436 1580 4504 τὴν
1611 4438 1808 4489 οἰκείαν

1924 3376 2098 3441 gioso;
2133 3386 2313 3441 postea
2336 3389 2479 3433 vero,
2507 3388 2719 3443 pr0pter
2748 3380 2919 3433 audax
2946 3391 2997 3435 et
3029 3385 3283 3438 nefarium
3310 3388 3437 3441 illud

1924 3463 2225 3517 Judzeorum
2268 3474 2451 3517 contra
2483 3466 2751 3520 Christum
2786 3467 3013 3533 facinus,
3054 3472 3167 3524 solo
3199 3486 3435 3540 aequato;

1922 3567 2102 3604 verum
2136 3554 2201 3606 ab
2226 3555 2338 3616 ipso
2366 3554 2687 3607 Antichristo
2715 3556 3004 3609 secundum
3036 3556 3141 3611 Deo
3166 3561 3437 3615 rebellium

1919 3638 2217 3693 Judzeorum
2250 3644 2689 3708 exspectationem
2714 3684 2726 3707 ,
2761 3652 2869 3696 tum
2902 3646 3077 3700 denuo
3106 3649 3433 3715 instaurato;

1917 3730 2026 3782 sive
2066 3730 2221 3780 etiam
2266 3731 2315 3780 in
2353 3745 2475 3781 vero
2514 3730 2603 3783 Dei
2640 3734 2859 3798 templo,
2894 3750 3076 3801 nempe
3118 3737 3169 3787 in
3203 3738 3434 3792 Ecclesia

1916 3816 2198 3874 catholica,
2234 3816 2400 3866 aliena
2430 3831 2716 3881 usurpans,
2753 3830 2805 3869 et
2838 3822 3104 3884 seipsum,
3143 3826 3430 3877 Secmnium

1912 3900 2074 3952 divini
2115 3900 2352 3965 Apostoli
2393 3901 2701 3962 oraculum,
2748 3917 2845 3969 pro
2886 3904 2991 3955 Deo
3029 3909 3321 3959 venditans.
3366 3913 3433 3961 At

1914 3988 2103 4041 nonin
2151 3988 2363 4055 longum
2404 3998 2612 4055 tempus
2664 3989 2806 4055 illius
2860 4005 3075 4058 regnum
3128 3998 3426 4059 perstabit:

1912 4076 2050 4145 ignis
2073 4091 2300 4144 namque
2322 4077 2531 4130 coalitus
2571 4078 2807 4145 dilapsus
2836 4078 2983 4131 illum
3012 4080 3283 4146 absumet;
3318 4084 3430 4137 sive

1910 4164 1955 4216 is
1981 4165 2191 4219 sensilis
2220 4163 2434 4219 futurus
2468 4165 2567 4229 sit;
2604 4166 2904 4232 cujusmodi
2934 4178 3047 4220 erat
3070 4169 3156 4236 qui
3194 4178 3427 4238 tempore

1910 4254 2031 4309 Elia:
2088 4258 2222 4309 duos
2276 4257 2394 4309 illos
2451 4256 2933 4324 quinquagenarias
2987 4258 3212 4311 militum
3264 4260 3425 4316 duces

1908 4346 2232 4412 absumpsit;
2283 4348 2394 4399 sive
2444 4346 2708 4415 gloriosus
2754 4346 2954 4401 Christi
2998 4349 3283 4413 adventus,
3334 4352 3425 4418 qui

1906 4435 2089 4501 Spiritu
2128 4436 2236 4486 oris
2273 4437 2355 4486 sui
2389 4436 2561 4501 ipsum
2605 4436 2981 4490 interfecturus
3006 4439 3291 4493 scribitur.
3323 4440 3424 4494 De-

293 4528 566 4580 ἀσθένειαν
598 4523 1056 4587 ἐπιγινώσκοντες,
1077 4526 1171 4590 τῆς
1206 4527 1310 4575 τῶν
1341 4526 1806 4592 προφητευθωτων
1837 4548 1878 4601 D
1908 4538 1917 4574 l

1797 4544 1806 4574 ν
1837 4548 1878 4601 D
1908 4524 2065 4588 nique
2096 4522 2231 4586 ignis
2263 4522 2538 4586 praedictas
2574 4532 2752 4589 gentes
2777 4523 2888 4589 pari
2927 4525 3085 4579 modo
3110 4525 3421 4593 devorabit,

293 4617 477 4683 πείρας
523 4612 809 4683 ῥυσθῆναι,
860 4613 947 4663 καὶ
990 4613 1122 4677 μήτε
1166 4612 1261 4678 τὴν
1303 4612 1391 4662 τοῦ
1453 4614 1810 4682 Ἀντιχρίστου

294 4700 575 4755 θεάσασθαι
620 4698 853 4758 ἐλευσιν,
891 4698 1021 4764 μήτε
1068 4699 1173 4748 τῶν
1221 4700 1611 4768 προλεχθὼτων
1642 4702 1804 4755 ὲθνῶν

290 4793 383 4858 τὴν
412 4791 636 4855 κίνησιν,
671 4787 801 4853 μήτε
840 4786 1075 4837 κίνδυνον
1104 4785 1488 4855 θανατηφόρον,
1515 4791 1612 4858 τῆς
1638 4807 1804 4857 σωτη-

294 4883 403 4950 ρίου
422 4878 649 4935 πίστεως
675 4875 965 4942 ἀποστῆναι
993 4874 1320 4942 βιαζόμενον
1357 4876 1487 4929 ἀλλὰ
1516 4878 1573 4928 τὸ
1604 4878 1805 4947 μαρτύ-

272 4986 399 5038 .ριον
433 4967 526 5030 τῆς
567 4962 913 5029 συνειδήσεως
945 4964 1077 5015 κατὰ
1110 4962 1167 5014 τὸ
1206 4964 1417 5015 δυνατὸν
1460 4966 1802 5031 φυλάττοντες

290 5062 535 5124 ἄτρωτον,
564 5055 653 5103 καὶ
680 5052 778 5117 τῆς
804 5052 934 5117 πρὸς
958 5051 1047 5101 τὸν
1074 5053 1409 5118 ἀγοράσαντα
1442 5055 1582 5121 ἡμᾶς
1613 5054 1687 5123 τῷ
1712 5071 1794 5106 τι-

294 5145 391 5213 μίῳ
439 5139 598 5194 αὖτοῦ
652 5140 834 5207 αἵματι
883 5136 1150 5209 [Χριστὸν]
1184 5141 1398 5210 ἀγάπης
1444 5144 1501 5193 τὸ
1546 5143 1798 5213 διάπυρον

290 5233 352 5286 δι’
405 5228 616 5297 ἀγαθῶν
675 5228 844 5297 ἔργων
901 5232 1356 5300 ἐπιδεικνύμενοι,
1415 5235 1519 5286 τῶν
1570 5237 1798 5289 αἰωνίων

292 5318 497 5385 ἀγαθῶν
546 5314 845 5381 ἐλπίσωμεν
891 5314 985 5382 τὴν
1027 5317 1347 5380 ἀπόλαυσιν,
1380 5324 1489 5380 τοῖς
1533 5322 1797 5383 πλουσίοις

289 5406 377 5457 τοῦ
420 5404 549 5456 Θεοῦ
594 5403 885 5469 οἰκτιρμοῖς
936 5403 1066 5469 πρὸς
1112 5405 1263 5459 τοῦτο
1302 5410 1654 5476 νευρούμενοι.
1700 5406 1797 5463 ’ον

289 5492 457 5555 τυχεῖν
501 5488 639 5555 ἡμᾶς
676 5486 877 5551 γένοιτο
915 5488 969 5535 ὲν
1008 5488 1150 5554 αὐτῷ
1179 5490 1253 5557 τῷ
1292 5493 1494 5560 Σωτῆρι
1526 5493 1657 5563 [καὶ]
1692 5498 1796 5546 Au-

288 5579 453 5644 τρωτῇ
485 5575 634 5644 ἡμῶν
666 5574 899 5643 Χριστῷ,
923 5573 1038 5642 μεθ’
1059 5572 1118 5628 οὗ
1150 5578 1221 5646 τῷ
1248 5580 1415 5650 "arpi.
1448 5584 1642 5651 ἆματῷ
1662 5586 1795 5653 ἁγίῳ

1905 4621 1957 4665 et
1980 4610 2162 4664 ducent
2184 4610 2290 4677 96
2311 4610 2517 4662 illorum
2540 4612 2805 4663 diabolum
2830 4628 2933 4665 una
2951 4628 3070 4667 cum
3096 4616 3423 4673 Antichristo

1898 4709 1952 4752 et
1978 4698 2435 4765 pseudopmpheta
2470 4698 2522 4749 in
2554 4709 2799 4765 stagnum
2826 4701 2961 4763 ignis
2992 4703 3297 4765 contradet;
3329 4705 3420 4757 ubi

1899 4787 1950 4840 in
1985 4787 2175 4839 sarcula
2217 4786 2529 4837 saaculorum
2579 4788 2987 4853 torquebuntur,
3024 4790 3257 4857 dirisque
3298 4807 3420 4859 sup-

1896 4876 2069 4944 pliciis
2118 4875 2586 4935 excruciabnntur.
2646 4874 2754 4930 Nos
2802 4890 3016 4941 autem,
3067 4882 3415 4933 tentationum

1897 4965 2122 5031 impetus
2150 4963 2403 5015 orationis
2423 4964 2667 5030 praesidio
2696 4966 2956 5033 depellere
2988 4983 3017 5020 a
3047 4970 3259 5023 Christo
3287 4972 3414 5022 Ser-

1900 5062 2081 5105 vatore
2114 5061 2296 5105 nostro
2324 5053 2513 5115 edocti,
2552 5054 2727 5121 agnita
2760 5065 2940 5108 nostra
2976 5057 3296 5119 inﬁrmitate,
3323 5060 3413 5123 ju-

1902 5142 2035 5208 giter
2069 5140 2164 5206 ipsi
2211 5154 2390 5205 preces
2424 5148 2476 5191 et
2506 5142 2918 5208 supplicationes
2954 5144 3270 5207 oﬂeramus;
3310 5159 3413 5210 quo

1892 5243 1921 5279 a
1945 5226 2310 5295 pratdiCtorum
2341 5228 2599 5281 malorum
2624 5233 2858 5296 periculo
2880 5232 3011 5285 citra
3037 5234 3408 5299 experientiam

1891 5330 2173 5378 eruantur;
2199 5330 2365 5381 neque
2389 5320 2855 5387 pseudoprophetis:
2874 5322 3150 5374 adventum
3178 5333 3407 5387 unquam

1892 5405 2195 5465 videamus;
2232 5418 2399 5470 neque
2427 5409 2660 5473 gentium
2694 5425 2851 5477 supra
2882 5412 3264 5461 nominatarnm
3300 5427 3410 5462 mn-

1894 5504 2022 5551 tnm,
2044 5492 2523 5557 nequelethiierum
2556 5513 2737 5549 eorum
2764 5500 3067 5559 discrimen,
3091 5500 3178 5564 qui
3216 5516 3239 5549 τι
3273 5502 3408 5553 salu-

1895 5585 1989 5636 tari
2026 5582 2121 5634 fide
2161 5582 2209 5634 vi
2243 5584 2491 5639 decedere
2523 5588 2874 5654 compellunt,
2909 5590 3281 5655 experiamur;
3318 5596 3407 5645 scd
