4112 6330
220 250 327 317 433

1156 250 1741 317 COMMENTARIUS
1778 252 1859 317 ΙΝ
1891 254 2401 319 APOCALYPSIN.

3254 265 3360 327 436

220 360 406 426 αὐτῆς
434 360 581 413 ὅσον
606 361 667 414 τό
705 362 955 427 πλάτος⁹
987 361 1082 415 καί
1109 362 1391 429 ἐμέτρησε
1421 361 1534 428 τὴν
1564 363 1741 415 πόλιν

1773 368 1813 422 Α
1841 374 1887 417 et
1918 365 2181 433 longitudo
2229 366 2339 431 ejus
2370 374 2516 419 tanta
2551 374 2658 433 est,
2699 378 2891 439 quanta
2922 379 2969 425 et
2999 370 3241 424 latitudo.
3295 374 3337 424 Γ
3341 384 3359 426 ι

220 450 287 501 ὲν
312 447 388 511 τῷ
416 449 657 517 καλάμῳ
687 448 782 502 ἐπὶ
803 440 1063 503 σταδίων
1094 449 1315 503 δώδεκα
1342 450 1641 517 χιλιάδων·
1662 449 1737 504 -τὸ

214 537 409 603 μῆκος
436 538 640 605 αὐτῆς,
690 539 784 592 καί
827 541 891 593 τὸ
939 530 1163 605 πλάτος
1197 537 1292 592 καί
1327 540 1389 592 τὸ
1420 540 1593 606 ὕψος,
1639 541 1745 593 tera

218 626 369 677 ἐστί.

292 710 658 781 Τετράγωνος
685 716 740 769 δὲ
766 716 803 781 ἡ
827 718 999 779 πόλις
1028 717 1216 774 κεῖται.
1232 714 1391 767 διὰτὸ
1414 712 1620 783 ἑδραῖον
1650 712 1743 764 καὶ

219 806 445 873 πάγιονέ
474 808 531 858 τὸ
559 809 664 876 γὰρ
690 808 827 859 κατά
843 825 899 859 τε
924 807 1081 876 βάθος
1111 808 1201 859 καὶ
1231 808 1400 876 μῆκος
1427 807 1519 859 καὶ
1548 804 1743 866 πλάτος

221 895 530 965 ἰσόπλευρον
589 893 760 961 κύϐος
806 898 943 949 τισὶν
985 897 1315 965 ὠνόμασται·
1349 897 1659 963 ἑδραιότητα
1689 892 1743 946 δὲ

216 982 409 1050 δηλοῦν
439 984 667 1050 λέγεται.
707 986 768 1035 Δί
801 985 856 1035 δὲ
886 983 1120 1045 ζδὼδεκα
1152 982 1415 1051 χιλιάδες
1450 983 1565 1036 τῶν
1604 995 1743 1035 στα-

214 1070 379 1130 δίων,
414 1070 477 1132 ἃς
506 1071 645 1139 ἔχειν
667 1072 796 1139 φησὶ
820 1072 917 1138 τὴν
944 1070 1115 1135 πόλιν,
1142 1072 1269 1133 ἴσως
1304 1070 1401 1140 μὲν
1427 1071 1743 1139 σημαίνουσι

214 1155 277 1206 τδ
322 1154 521 1223 ταύτης
560 1154 814 1225 μέγεθος
844 1155 978 1228 ὑπὲρ
1015 1157 1121 1226 γὰρ
1149 1158 1392 1227 ψάμμον,
1435 1154 1508 1220 ὥς
1534 1170 1693 1227 φησιν
1717 1156 1745 1209 ὁ

214 1238 393 1305 Δαυῒδ,
438 1246 484 1296 oi
525 1242 723 1313 ταύτης
765 1244 1039 1317 οἰκήτορες
1075 1242 1565 1317 πληθυνθήσονταιο
1618 1245 1744 1308 ίσως

211 1331 266 1384 δδ
285 1333 379 1385 καὶ
405 1333 486 1387 διά
507 1334 593 1387 τὸν
618 1334 845 1404 ἀριθμὸν
868 1335 973 1388 τῶν
996 1335 1197 1389 δώδεκα
1227 1333 1549 1397 ἀποστόλων,
1579 1331 1645 1387 δι’
1669 1328 1745 1385 ὧν

212 1420 350 1491 αῦτη
372 1421 746 1486 κατοικίζεται.
784 1422 888 1475 Καὶ
919 1425 947 1475 6
966 1423 1312 1492 ἑϐδοματικδς
1340 1422 1460 1493 [δὲ]
1487 1420 1734 1492 ἀριθμὸς,

215 1513 471 1578 μυστικὸς
496 1510 589 1573 ὢν,
618 1513 703 1564 διά
728 1530 867 1583 τινος
892 1513 1196 1575 ἀναλύσεως
1240 1513 1531 1581 παρίστησι
1561 1512 1620 1563 τὸ
1644 1510 1739 1579 ζη-

210 1598 485 1667 τούμενον.
527 1601 589 1652 Ai
628 1602 733 1671 γὰρ
781 1602 1023 1670 ρηθείσαι
1078 1601 1306 1672 χιλιάδες
1343 1603 1450 1655 τῶν
1496 1602 1738 1665 σταδίων,

1844 466 2044 505 mensus
2086 462 2161 506 est
2208 452 2463 507 civitatem
2506 456 2569 509 de
2610 459 2861 512 arundine
2888 474 3045 512 aurea
3077 473 3166 527 per
3190 459 3361 514 stadia

1841 535 2106 592 duodecim
2138 538 2338 604 millia;
2361 550 2409 593 et
2441 539 2704 609 longitudo
2731 555 2780 599 et
2806 531 3031 599 latitudo
3062 556 3111 601 et
3141 546 3365 602 altitudo

1841 625 1952 695 ejus
1974 630 2195 696 aequalia
2217 640 2355 683 sunt.

1913 714 2183 780 Quadrato
2206 720 2312 772 haec
2332 716 2507 773 civitas
2528 718 2865 787 describitur,
2893 726 2957 778 ad
2982 722 3365 795 designandum

1844 806 2115 859 immotam
2151 804 2294 861 illius
2336 808 2659 864 ﬁrmitatem.
2691 806 2841 875 Quod
2890 812 3029 866 enim
3069 816 3363 871 secundum

1844 894 2256 962 profunditatem
2278 903 2328 949 et
2351 896 2680 951 altitudinem
2706 908 2759 952 et
2787 899 3167 967 longitudinem
3194 898 3363 971 tequi-

1842 982 2065 1035 laterum
2107 990 2210 1046 est,
2258 982 2385 1037 illud
2418 986 2572 1037 cuius
2623 1000 2651 1038 a
2691 984 3007 1054 quibusdam
3040 990 3359 1056 appellatur.

1842 1068 2038 1122 Cubica
2072 1075 2246 1123 autem
2280 1068 2443 1138 figura
2498 1084 2603 1139 prae
2643 1073 2847 1126 caeteris
2893 1073 3041 1126 lirma
3075 1080 3126 1127 et
3150 1075 3358 1130 stabilis

1842 1158 2085 1212 habetur.
2115 1158 2181 1212 At
2228 1171 2351 1215 vero
2392 1159 2655 1215 duodecim
2685 1160 2848 1214 millia
2874 1161 3196 1225 stadiorum',
3227 1175 3359 1233 quot

1841 1246 2045 1312 civitas,
2081 1244 2148 1301 de
2173 1262 2277 1316 qua
2312 1246 2398 1303 hic
2440 1246 2635 1317 agitur,
2682 1248 2874 1303 habere
2911 1249 3185 1314 asseritur,
3218 1248 3360 1306 illius

1843 1336 1978 1391 forte
2023 1337 2436 1404 magnitudinem
2492 1339 2763 1395 denotant.
2807 1338 2959 1403 Nam,
3000 1349 3057 1394 ut
3106 1341 3360 1408 propheta

1844 1424 2003 1479 David
2030 1426 2363 1492 vatlcinatur,
2393 1426 2533 1479 illius
2557 1428 2739 1481 incola:
2766 1442 2921 1494 super
2949 1442 3163 1482 arenam
3198 1430 3360 1484 maris

1844 1509 2356 1583 multiplicabuntur.
2406 1514 2671 1570 Fortassis
2712 1531 2805 1585 per
2828 1517 3107 1571 duodecim
3143 1526 3359 1585 aposto-

1844 1604 2012 1657 lorum
2060 1618 2369 1665 numerum,
2425 1618 2516 1671 per
2561 1618 2693 1672 quos
2746 1605 2858 1674 ipsa
2918 1605 3271 1666 lnhabitatur,
3312 1612 3365 1659 et

210 1665 427 1753 σημεῖα
452 1665 849 1743 ἀποτελοῦσι
876 1665 1137 1761 λεγόμενα
1177 1693 1358 1759 alita,
1390 1689 1540 1761 ,αψιδ
1562 1706 1579 1721 '
1630 1690 1737 1743 τῶν

1765 1665 1811 1721 Β
1838 1692 2216 1757 septenarium,
2266 1692 2355 1757 qui
2388 1665 2499 1757 ipse
2546 1665 2725 1745 itidem
2766 1665 3029 1763 'mystlcus
3072 1695 3174 1757 est,
3225 1665 3362 1747 faeta

210 1773 313 1840 μὲν
359 1778 563 1843 χιλίων
615 1778 911 1846 δηλούντων
960 1781 1060 1848 τῆς
1106 1782 1403 1851 ἀπεράντου
1462 1778 1605 1847 ζωῆς
1644 1780 1741 1847 τὴν

206 1864 547 1934 τελειότητα·
581 1865 687 1918 τῶν
737 1867 792 1918 δὲ
830 1865 1219 1935 ἑπτακοσίων,
1256 1868 1317 1919 τὸ
1356 1870 1412 1921 ὲν
1444 1866 1740 1920 ἀναπαύσει

205 1952 440 2004 τέλειον·
474 1954 580 2007 τῶν
626 1955 683 2007 δὲ
728 1953 1195 2023 δεκατεσσάρων,
1228 1957 1315 2009 τὸν
1356 1954 1573 2009 διπλοῦν
1606 1953 1738 2007 σασ-

204 2039 466 2107 σατισμὸν
529 2043 626 2110 τῆς
674 2040 847 2111 ψυχῆς
888 2042 981 2097 καὶ
1023 2042 1115 2096 τοῦ
1166 2044 1432 2113 σώματος.
1485 2046 1577 2107 Δὶς
1628 2040 1737 2111 γάρ

206 2126 367 2191 ἑπτὰ,
401 2130 786 2201 δεκατέσσαρα.

1836 1776 2063 1845 qundam
2090 1775 2437 1828 ealeulatlone
2480 1785 2531 1829 et
2567 1776 2912 1841 resolutione,
2942 1780 3079 1846 quod
3108 1780 3363 1846 quzeritur

1836 1866 2149 1919 invenietur.
2198 1864 2403 1918 Etenim
2450 1865 2697 1932 praedicta
2740 1865 3021 1920 duodecim
3068 1870 3359 1922 stadiorum

1835 1953 2027 2018 millia,
2068 1954 2210 2007 mille
2255 1953 2587 2021 septingenta
2648 1960 2700 2007 et
2748 1946 3147 2022 quattuordecim
3188 1958 3357 2025 signa,

1832 2054 1948 2108 qum
1996 2042 2155 2109 vulgo
2206 2040 2437 2093 miliaria
2515 2040 2865 2107 appellantur,
2930 2041 3235 2094 conficiunt.
3317 2038 3359 2093 Ε

1832 2131 2025 2199 quibus
2056 2129 2213 2195 mille,
2236 2127 2644 2183 interminabilis
2672 2128 2791 2182 vitae
2822 2126 3197 2197 perfectionem
3226 2130 3357 2183 insi-

202 2228 417 2271 nuant:
465 2221 782 2289 septingenta
838 2229 1038 2284 autem,
1101 2221 1387 2291 perlectam
1432 2220 1668 2289 requiem
1702 2234 1715 2272 :
1746 2218 2131 2289 quatuordecim
2182 2229 2326 2280 vero,
2385 2216 2648 2284 duplicem
2694 2215 3111 2281 Sabbatismum,
3168 2215 3357 2269 animm

205 2307 457 2359 nimirum
503 2317 554 2361 et
599 2308 837 2376 corporis
869 2309 1121 2376 quietem.
1171 2309 1261 2364 Bis
1311 2311 1453 2363 enim
1489 2317 1691 2377 septem
1738 2306 2069 2361 constituunt
2093 2305 2512 2368 qrmtuordeeim.
3362 2318 3366 2323 '

276 2394 383 2447 Καὶ
408 2394 687 2461 ἐμέτρησε
725 2396 785 2447 τὸ
815 2395 1005 2461 τεῖχος
1046 2394 1233 2463 αὐτῆς
1274 2396 1487 2449 ἑκατὸν
1519 2410 1739 2448 τεσσα-

197 2485 693 2553 pascor-rectrde
744 2483 983 2551 πηχῶν
1036 2485 1253 2554 μέτρον
1316 2482 1644 2553 ἀνθρώπου,
1708 2485 1741 2537 ὅ

201 2574 371 2625 ἐστιν
398 2572 673 2641 ἀγγέλου.

270 2661 345 2716 Τὸ
381 2664 572 2732 μέτρον
596 2662 687 2716 τοῦ
720 2664 910 2733 βάθους
940 2667 1032 2717 τοῦ
1065 2666 1291 2733 τείχους,
1330 2664 1516 2733 πηχῶν
1547 2662 1739 2717 ἑκατὸν

202 2753 603 2819 τεσσαράκοντα
647 2752 953 2820 τεσσάρων’
1002 2752 1293 2814 δωδεκάκις
1337 2751 1442 2821 γὰρ
1479 2752 1506 2804 6
1532 2750 1733 2804 δώδεκα

201 2839 429 2907 ἀριθμὸς
476 2841 843 2909 συντιθέμενος
862 2884 876 2905 ,
911 2843 938 2893 6
976 2841 1072 2905 τὴν
1100 2840 1456 2911 ἀποστολικὴν
1484 2840 1733 2895 διδασκα-

203 2929 317 2981 λίαν
341 2931 639 2997 ἀμφαίνων,
659 2930 841 2983 τοῦτον
862 2933 1110 2984 ἀποτελεῖ
1138 2931 1230 2983 τὸν
1250 2930 1498 3001 ἀριθμόν.

270 3107 376 3159 Kal
403 3102 476 3172 ἦν
498 3106 535 3172 ἠ
562 3106 877 3175 ἐνδόμησις
899 3107 1001 3161 τοῦ
1020 3108 1251 3174 τείχους
1277 3106 1480 3173 αὐτῆς,
1508 3108 1729 3171 ίασπις’

201 3197 294 3250 καί
323 3198 358 3265 ἡ
392 3198 565 3262 πόλις
596 3199 851 3263 χρυσίον
879 3199 1154 3264 καθαρὸν,
1189 3194 1391 3266 ὅμοιον
1423 3196 1587 3259 ὑάλῳ
1633 3214 1732 3249 κα-

200 3288 372 3353 capo.

280 3376 344 3426 'H
370 3375 422 3426 δὲ
453 3375 731 3443 ἐνδόμησις
763 3373 855 3425 τοῦ
882 3375 1109 3442 τείχους,
1144 3372 1343 3437 ίασπις,
1373 3377 1468 3443 τὴν
1508 3371 1732 3443 ἀειθαλῆ

204 3464 292 3515 καὶ
330 3464 639 3529 ἀμάραντον
672 3461 814 3531 ζωὴν
843 3462 949 3514 τῶν
979 3464 1147 3529 ἁγίων
1175 3462 1521 3525 ἐνδείκνυται,
1554 3462 1730 3525 καθὼς

205 3551 456 3612 πολλάκις
501 3554 730 3617 εἴρηται.
776 3551 1040 3615 Καϐαρὸν
1075 3551 1128 3601 δὲ
1173 3555 1231 3602 τὸ
1280 3551 1529 3617 χρυσίον
1564 3549 1731 3619 αὐτῆς

200 3642 276 3703 ὠς
307 3641 515 3702 ὕαλος,
564 3639 649 3691 διὰ
693 3642 751 3689 τὸ
788 3639 997 3704 διαυγὲς
1040 3638 1128 3691 καὶ
1157 3640 1402 3709 λαμπρὸν
1431 3641 1536 3692 τῶν
1560 3642 1731 3709 αὐτῆς

202 3732 511 3797 οίκητόρων.

266 3902 372 3952 Καὶ
400 3904 453 3953 οί
484 3902 735 3969 θεμέλιοι
758 3901 860 3955 τοῦ
881 3902 1112 3968 τείχους
1145 3898 1252 3967 τῆς
1279 3901 1522 3965 πόλεως,
1551 3902 1725 3954 παντί

196 3990 339 4053 λίθῳ
364 3991 530 4055 τιμίῳ
556 3991 1000 4056 κεκοσμημένοι.

268 4084 329 4130 υἱ
378 4082 432 4131 δὲ
468 4079 668 4133 δώδεκα
702 4080 951 4147 Οεμέλιοι,
1000 4082 1198 4134 δώδεκα
1228 4084 1359 4135 λίθοι
1409 4082 1595 4152 τίμιοι,
1652 4076 1728 4135 ὧν

196 4171 243 4221 oi
271 4168 412 4221 ὀκτὼ
462 4173 519 4223 ὲν
567 4170 643 4237 τῷ
673 4172 836 4239 λογίῳ
877 4173 967 4224 τοῦ
1011 4174 1303 4241 ἀρχιερέως
1334 4176 1495 4226 πάλαι
1532 4173 1725 4240 ἀνεφέ-

1904 2391 2041 2451 XXI,
2080 2393 2162 2445 l7.
2200 2391 2258 2443 Et
2293 2408 2493 2444 mensus
2515 2402 2587 2447 est
2621 2408 2820 2445 murum
2848 2392 2977 2460 ejus,
3003 2402 3201 2445 centum
3231 2410 3345 2462 qua

1834 2483 2077 2551 draginta
2105 2490 2327 2551 quatuor
2354 2482 2676 2547 cubitorum;
2713 2498 2945 2536 mensura
2973 2484 3214 2549 hominis,
3244 2502 3357 2554 qua:

1833 2580 1907 2623 est
1938 2571 2128 2638 angeli.

1905 2657 2151 2711 Mensura
2174 2653 2545 2723 profunditatis
2570 2658 2706 2711 muri
2733 2666 2847 2711 erat
2893 2659 3189 2713 cubitorum
3218 2663 3359 2718 mille

1838 2744 2186 2814 quadraginta
2230 2753 2499 2811 quatuor:
2534 2746 2888 2800 duodenarius
2929 2748 3069 2802 enim
3105 2766 3354 2804 numerus

1841 2836 1893 2887 in
1926 2834 2156 2901 seipsum
2192 2832 2608 2900 multiplicatus,
2639 2834 2729 2900 qui
2766 2833 3066 2901 apostolicae
3103 2835 3355 2890 doetrime

1763 2918 2129 3011 Cerbertatem
2174 2919 2243 2973 ob
2279 2919 2462 2974 oculos
2505 2920 2656 2975 nobis
2688 2922 2855 2989 ponit,
2901 2922 3043 2976 hunc
3074 2936 3349 2976 numerum

1805 3010 1813 3029 '
1836 3010 2081 3063 absolvit.

1902 3094 2041 3162 XXI,
2080 3099 2161 3151 t8.
2202 3098 2267 3151 Et
2298 3107 2409 3151 erat
2440 3106 2703 3150 structura
2749 3100 2882 3150 muri
2925 3099 3033 3165 ejus
3071 3114 3133 3150 ex
3189 3099 3355 3167 lapide

1834 3186 2072 3253 jaspide;
2124 3188 2233 3253 ipsa
2266 3203 2379 3241 vero
2428 3188 2608 3240 civitas
2664 3202 2849 3239 aurum
2898 3189 3163 3254 mundum,
3190 3190 3354 3241 simile

1832 3276 1963 3327 vitro
1989 3276 2197 3329 mundo.

1905 3362 2177 3417 Structura
2226 3364 2359 3416 muri
2403 3364 2519 3430 ejus
2542 3363 2743 3432 jaspis;
2777 3372 2894 3430 qum
2955 3363 3162 3416 beatam
3210 3377 3352 3419 sem-

1834 3466 2033 3522 perque
2065 3462 2368 3507 vernantem
2403 3461 2706 3506 sanctorum
2732 3454 2892 3506 vitam
2915 3453 3262 3514 demonstrat,
3298 3461 3355 3506 ut

1833 3558 1971 3611 saepe
1999 3542 2107 3608 jam
2138 3549 2260 3594 ante
2293 3543 2491 3594 dictum
2536 3554 2636 3596 est.
2686 3544 2881 3595 Aurum
2914 3551 3091 3596 autem
3131 3545 3247 3611 ejus
3276 3545 3353 3595 di-

1832 3630 1970 3684 eitur
1994 3644 2177 3697 purum
2217 3638 2461 3697 tauquam
2499 3632 2716 3693 nitrum;
2752 3632 2816 3683 ad
2845 3629 3251 3699 signiﬁcandum
3287 3632 3350 3683 il-

1830 3720 2002 3771 lorum
2031 3718 2365 3785 splendorem
2390 3720 2839 3785 conspicuamqne
2862 3719 3153 3770 claritatem
3184 3722 3273 3787 qui
3298 3721 3350 3772 in

1828 3820 1889 3858 ea
1923 3806 2180 3858 habitant.

1900 3896 2036 3962 XXI,
2073 3898 2154 3959 t9,
2185 3897 2271 3951 20.
2307 3896 2372 3947 Et
2408 3896 2737 3963 fundamenta
2780 3896 2913 3949 muri
2941 3898 3183 3963 civitatis,
3212 3901 3349 3952 omni

1828 3987 1999 4055 lapide
2028 3989 2247 4055 pretioso
2270 3997 2476 4038 ornata.

1898 4075 2181 4131 Duodecim
2236 4073 2576 4128 fundamenta
2638 4083 2762 4129 sunt
2820 4073 3096 4130 duodecim
3149 4075 3349 4144 lapides

1828 4168 2079 4235 pretiosi;
2110 4182 2139 4219 e
2172 4166 2369 4234 quibus
2401 4173 2522 4219 octo
2551 4166 2605 4219 in
2636 4166 2829 4220 summi
2861 4167 3153 4221 sacerdotis
3187 4169 3349 4220 ratio-

199 4276 374 4325 ροντο·
426 4262 473 4309 οἱ
521 4260 576 4310 δὲ
621 4262 876 4329 τέσσαρες
935 4263 1368 4330 παρηλλαγμένοι
1417 4265 1583 4315 εἰσίν·
1640 4265 1722 4316 ἵνα

1763 4257 1927 4313 σπειιί
1952 4258 2077 4309 olim
2102 4256 2281 4309 inserti
2302 4263 2487 4322 erant;
2515 4267 2745 4323 quatuor
2765 4266 2940 4309 autem
2975 4258 3163 4309 mutati
3191 4266 3347 4321 sunt;

196 4350 434 4415 ἀναφανῇ
485 4346 647 4417 [καὶ]
685 4350 741 4399 τὸ
801 4350 1083 4417 σύμφωνον
1134 4354 1233 4419 τῆς
1287 4354 1409 4413 νέας
1452 4352 1583 4420 πρὸς
1622 4353 1719 4421 τὴν

198 4425 447 4495 παλαιὰν,
476 4436 565 4488 καὶ
590 4436 651 4487 τὸ
696 4438 955 4506 ὑπερέχον
986 4438 1092 4489 τῶν
1106 4424 1181 4491 ἐν
1221 4439 1353 4508 αὐτῇ
1388 4442 1718 4509 διαλαμψάν-

193 4543 312 4577 των.
343 4526 407 4576 Οί
436 4528 609 4579 τοίνυν
626 4528 901 4580 ἀπόστολοι
929 4530 1075 4599 πάσιι
1099 4530 1262 4598 ἀρετῇ
1288 4528 1371 4581 διὰ
1402 4529 1506 4581 τῶν
1528 4531 1718 4598 τιμίων

193 4614 349 4666 λίοων
378 4618 748 4685 ἐκφαινόμενοι
777 4617 1151 4688 κεκόσμηνται.

265 4788 329 4839 Ὀ
358 4792 620 4855 θεμέλιος
646 4797 675 4843 ό
705 4794 947 4859 πρῶτος,
980 4796 1202 4859 ίασπις.

257 4880 355 4929 Διά
383 4879 479 4946 τῆς
527 4882 781 4947 ίάσπιδος,
831 4887 1187 4955 χλωριζούσης
1228 4887 1321 4953 τὴν
1376 4886 1540 4952 χρόαν
1587 4886 1721 4937 κατὰ

194 4969 281 5035 τὴν
335 4970 661 5036 σμάραγδον,
711 4975 851 5035 εἰκὸς
895 4976 983 5026 τὸν
1035 4980 1321 5044 κορυφαῖον
1380 4977 1575 5042 Πέτρον
1628 4978 1721 5046 δη-

192 5057 434 5110 λοῦσθαι·
472 5058 564 5109 ἆτε
594 5060 689 5128 τὴν
721 5064 979 5133 νέκρωσιν
1007 5068 1097 5118 τοῦ
1132 5068 1359 5136 Χριστοῦ
1388 5068 1723 5135 βαστάσαντα

193 5150 244 5198 ἐν
289 5148 368 5217 τῷ
409 5148 650 5217 σώματι,
695 5152 873 5206 καὶτὸ
918 5158 1159 5221 ἀειθαλὲς
1194 5161 1285 5211 καὶ
1342 5160 1523 5221 νεάζον
1558 5161 1613 5211 ὲν
1656 5162 1720 5229 τῇ

193 5240 319 5308 πρὸς
354 5238 514 5290 αὑτὸν
542 5240 724 5309 ἀγάπῃ
756 5244 1115 5314 ἐνδειξάμενον
1135 5265 1147 5279 ⁸
1179 5251 1231 5310 ὃς
1262 5248 1422 5318 [καὶ]
1450 5251 1723 5319 ὡδήγησεν

198 5329 333 5395 ἡμᾶς
356 5330 437 5389 εἰς
466 5326 626 5379 τόπον
654 5329 809 5396 χλόης
834 5334 917 5384 διὰ
941 5335 1080 5407 [τῆς]
1110 5340 1309 5408 θερμῆς
1338 5339 1582 5401 πίστεως.

267 5497 327 5547 ’0
347 5498 638 5564 δεύτερος,
672 5498 1015 5565 σάπφειρος.

1824 4354 1879 4396 ιιι
1910 4346 2031 4397 hinc
2058 4354 2303 4411 appareat
2334 4345 2455 4395 novi
2500 4359 2621 4397 cum
2668 4354 2841 4398 vetere
2882 4355 3195 4398 testamento
3222 4360 3349 4398 eon-

1821 4432 2017 4494 sensio,
2053 4433 2312 4498 simulque
2358 4433 2569 4484 illorum
2614 4433 2924 4487 excellentia
2973 4435 3202 4500 patefiat,
3253 4438 3345 4502 qui

1822 4522 1873 4573 in
1910 4535 2048 4573 novo
2082 4520 2313 4573 illustres
2340 4521 2683 4574 exstiterunt.
2713 4523 2951 4589 Apostoli
3000 4524 3158 4590 igitur
3199 4527 3340 4576 omni

1820 4614 2073 4665 virtutum
2106 4624 2295 4681 genere
2342 4616 2514 4665 ornati
2542 4624 2637 4679 per
2659 4609 2860 4681 lapides
2893 4606 3152 4679 pretiosos
3179 4615 3347 4668 deno-

1822 4713 2017 4759 tantur.

1891 4794 2302 4847 Fundamentum
2331 4798 2570 4863 primum,
2599 4794 2789 4863 jaspis.

1892 4887 1989 4939 Per
2026 4888 2303 4954 jaspidem,
2354 4889 2444 4956 qui
2494 4890 2556 4940 ad
2610 4889 2877 4955 smaragdi
2914 4885 3337 4940 similitudinem.

1824 4978 1887 5031 ad
1918 4978 2232 5031 viriditatem
2264 4979 2451 5041 tendit,
2488 4980 2755 5045 probabile
2807 4984 2860 5031 llt
2907 4980 3080 5029 divum
3130 4972 3339 5023 Petrum

1822 5067 2178 5133 apostolorum
2211 5066 2546 5135 coryphaeum
2580 5068 2899 5136 signiﬁcari;
2937 5074 2989 5114 ιιι
3022 5062 3109 5128 ιιιιὶ
3145 5060 3337 5111 Christi

1824 5156 2282 5211 mortificationem
2344 5159 2394 5210 in
2450 5174 2549 5213 suo
2600 5174 2821 5225 corpore
2883 5168 3048 5219 usque
3098 5151 3339 5216 portarit.

1822 5255 2165 5314 vegetamque
2188 5257 2239 5299 et
2258 5254 2561 5300 vernantem
2586 5249 2886 5300 clmritalem
2905 5256 3023 5308 erga
3051 5240 3191 5291 illum
3208 5255 3345 5292 sem-

1824 5349 1917 5401 per
1964 5336 2285 5400 ostenderit;
2325 5338 2413 5403 qui
2442 5338 2602 5387 etiam
2652 5349 2740 5399 per
2785 5329 3034 5383 fervidam
3091 5329 3241 5381 tidem
3280 5333 3342 5381 ad

1826 5423 1937 5475 loca
1976 5438 2169 5489 pascua
2196 5424 2301 5475 dux
2328 5422 2478 5475 nobis
2506 5421 2724 5474 exstitit.

1900 5511 2209 5573 Secundum,
2241 5510 2535 5575 sapphirus.
