4112 6330
806 261 905 321 4ιῖ

1956 271 2273 330 ΛΝῡΒΕίΕ
2309 270 2804 329 CIESARIENSIS

3829 273 3929 334 4H

803 375 1063 436 «initium,
1121 377 1208 427 sed
1247 377 1344 427 alia
1382 387 1459 430 est
1500 379 1661 445 gloria
1704 380 1849 440 solis,
1885 383 1985 433 alia
2027 383 2182 439 lunae.
2216 384 2312 434 alia

2420 381 2506 431 λαὶ
2563 384 2714 447 μοναὶ
2750 384 2896 450 παρὰ
2932 384 3006 451 τῷ
3047 387 3247 453 Πατρίο
3275 386 3363 438 τδν
3409 387 3503 454 μὲν
3551 388 3799 454 ἥττονος,
3845 387 3934 437 τὸν

806 465 1099 514 sullarum.
1140 465 1198 514 Et
1245 466 1419 518 multa:
1452 483 1654 519 rursum
1699 471 1997 524 mansiones
2027 481 2150 523 sunt
2184 476 2319 537 apul

803 545 1046 610 Patrem,
1101 565 1322 615 quarum
1355 552 1466 604 alia:
1506 554 1716 621 majori,
1761 556 1874 608 alia:
1915 558 2105 616 minori
2147 559 2319 624 splen-

806 638 931 686 dore
984 647 1273 702 potiuntur,
1320 642 1605 692 secundum
1647 656 1863 707 operum
1907 644 2321 710 uniuscujusque

808 722 1099 786 analogiam
1149 732 1200 776 ct
1249 727 1576 791 qualitatem.
1633 730 1750 780 Alio
1789 745 1947 782 sensu
1996 746 2086 796 per
2125 732 2316 797 lignum

808 810 953 872 vitta,
1016 821 1145 876 quod
1197 815 1446 865 mensibus
1503 817 1747 867 duodenis
1803 817 2000 882 fructus
2054 821 2318 870 duodecim

805 897 978 961 a/ferl,
1015 899 1232 950 chorum
1269 904 1617 966 apostolicum
1649 905 1887 970 accipere
1930 907 2076 964 licet.
2109 917 2321 974 propter

805 985 1119 1046 peculiarem
1161 990 1464 1040 societatem
1505 999 1556 1042 et
1585 994 2114 1045 communicationem
2157 1010 2316 1060 quam

804 1073 985 1124 habuit
1015 1091 1133 1127 cuni
1158 1077 1299 1143 ligno
1323 1094 1458 1130 verae
1490 1080 1631 1131 vitaz.
1666 1078 1772 1132 Hoc
1800 1083 1936 1132 enim
1973 1092 2316 1149 posteaquam

802 1177 920 1213 cum
952 1178 1110 1215 carne
1158 1176 1336 1219 nostra
1370 1169 1529 1220 semel
1563 1171 1993 1231 communicavit,
2045 1186 2152 1224 sua:
2182 1173 2318 1224 divi-

802 1251 984 1303 nitatis
1015 1254 1298 1319 partit-ipes
1333 1270 1430 1308 nos
1464 1256 1604 1310 fecit.
1657 1256 1855 1309 llorum
1897 1268 2070 1309 autem
2114 1259 2317 1312 fructus

803 1338 854 1389 iu
892 1343 1240 1394 centesimum
1272 1354 1618 1410 excrescunt;
1649 1345 1770 1398 folia
1805 1361 1930 1399 vero
1957 1348 2056 1398 alia
2095 1349 2320 1399 reddunt

802 1426 1214 1489 sexagesimum,
1253 1428 1353 1478 alia
1388 1431 1756 1496 trigesimum;
1792 1448 1910 1498 qua:
1945 1435 2222 1486 sanitatem
2255 1437 2319 1486 iis

806 1510 960 1575 108
1010 1513 1238 1563 afferunt
1279 1515 1368 1579 qui
1415 1531 1477 1567 ex
1525 1518 1766 1582 gentibus
1805 1520 1854 1570 in
1905 1521 2064 1572 divini
2107 1522 2318 1573 luminis

2420 471 2472 520 δὲ
2525 471 2756 531 πλείονος
2797 473 3035 536 ἀξιοῦσαι
3087 477 3474 544 λαμπρότητος,
3511 476 3645 526 κατὰ
3681 476 3777 541 τὴν
3811 476 3938 524 ἐκά-

2422 573 2541 606 στου
2570 559 2852 623 ἀναλογίαν
2894 561 2995 610 τῶν
3025 561 3284 627 πράξεων.
3320 563 3422 612 Καὶ
3461 563 3654 626 ἑτέρως
3689 561 3743 615 δὲ
3782 559 3936 609 τοῦτο

2419 648 2662 710 νοητέον,
2713 649 2897 708 ξύλον
2939 648 3083 714 (to-ﬂe
3135 651 3340 701 ποιοῦν
3385 649 3642 714 καρποὺς
3691 650 3795 710 ιβ’,
3843 648 3938 699 τὸν

2418 737 2756 786 ἁποστολικδν
2822 737 2974 804 χορόν
3032 735 3318 806 [νοοῦμεν]
3375 738 3531 793 κατὰ,
3567 734 3791 804 μετοχὴν
3841 736 3937 786 τοῦ

2417 822 2578 884 ὅντως
2605 823 2754 884 ξύλου
2775 825 2870 889 τῆς
2898 824 3060 889 ζωῆς,
3087 823 3177 874 τοῦ
3205 825 3287 875 διὰ
3310 824 3406 889 τῆς
3433 823 3563 890 πρὸς
3593 821 3731 891 [τὴν]
3760 824 3936 889 σάρκα

2418 914 2690 971 κοινωνίας
2711 911 3089 978 δωρησαμένου
3113 913 3238 978 ἡμῖν
3263 910 3486 978 μετοχὴν
3510 911 3638 974 πρὸς
3653 910 3749 978 τὴν
3772 910 3937 963 αὐτοῦ

2419 998 2662 1066 θεότητα.
2711 998 2918 1049 Τούτων
2950 1000 3174 1062 καρποὶ,
3203 1000 3248 1048 oi
3283 1001 3338 1048 ὲν
3368 997 3555 1054 ἑκατὸν
3591 1000 3937 1066 καρπονρορήο

2419 1103 2624 1145 σαντες.
2671 1087 2842 1137 Φύλλα
2878 1087 2962 1145 δὲ,
2997 1087 3044 1135 οἱ
3089 1088 3144 1136 ἐν
3187 1086 3475 1151 ὲξήκοντα’
3512 1085 3560 1135 οἳ
3604 1086 3837 1144 καὶτοῖς
3882 1088 3940 1135 ὲν

2417 1175 2699 1239 τριάκοντα
2730 1176 2837 1232 τοῖς
2863 1175 2924 1223 ὲκ
2957 1173 3060 1223 τῶν
3101 1172 3266 1224 ἐθνῶν
3298 1171 3433 1244 [τὴν]
3453 1173 3737 1240 θεραπείαν
3771 1188 3931 1239 προσ-

2417 1260 2645 1318 οίσουσι,
2677 1263 2786 1320 τοῖς
2837 1260 3195 1327 ὐποόεὸηχόσι
3248 1260 3346 1310 τῶν
3394 1259 3546 1311 θείων
3601 1259 3791 1325 φώτων
3841 1259 3940 1323 τὴν

2418 1349 2603 1415 αἴγλην
2633 1348 3131 1416 διαπορθμεύοντες,
3163 1350 3299 1415 ἁπερ
3340 1348 3423 1398 διὰ
3461 1348 3562 1397 τῶν
3591 1361 3940 1414 καρποφορη-

2421 1437 2616 1487 σάντων
2664 1438 2718 1486 ὲν
2750 1437 2937 1487 ἑκατὸν
2971 1436 3229 1497 ἐδέξαντο.
3262 1436 3394 1496 Ὃση
3441 1434 3544 1499 γὰρ
3582 1433 3788 1497 φύλλων
3846 1431 3940 1479 καὶ

2419 1525 2637 1591 καρπῶν
2668 1523 2831 1591 [ἐστιν
2865 1523 2921 1593 ἡ]
2973 1523 3233 1589 διαφορὰ,
3273 1520 3503 1584 τοσαύτη
3544 1522 3634 1569 καὶ
3671 1518 3775 1568 τῶν
3819 1516 3938 1568 τότε

799 1596 1080 1660 splendore
1145 1614 1247 1649 non
1315 1600 1380 1651 ita
1435 1595 1659 1654 multum
1709 1606 2107 1669 excelluerunt;
2158 1623 2312 1672 quam

2420 1613 2765 1679 σωζομένων*
2797 1613 2902 1662 τῶν
2957 1613 3051 1677 μὲν
3101 1607 3289 1677 ἦττον,
3331 1609 3435 1658 τῶν
3485 1607 3538 1664 δὲ
3581 1606 3755 1653 πλεῖον
3790 1602 3940 1662 δοξα-

800 1681 1010 1746 quidem
1053 1685 1330 1736 sanitatem
1370 1701 1463 1752 per
1496 1687 1612 1740 illos
1651 1702 2016 1757 susceperunt,
2055 1693 2146 1758 qui
2193 1708 2312 1745 cen-

2420 1701 2688 1768 ζομένων,
2731 1703 2803 1760 ὡς
2851 1702 3167 1765 γέγραπται.
3216 1688 3370 1747 Εί’δὲ
3420 1694 3608 1752 ἑνικῶς
3638 1694 3698 1742 τὸ
3751 1693 3940 1752 ξύλον

801 1773 1003 1832 tuplum
1061 1769 1524 1825 frnctilicave‘rant.
1584 1775 1848 1838 Quantum
1898 1780 2039 1830 enim
2097 1780 2317 1833 interest

789 1855 936 1921 inter
985 1856 1103 1910 folia
1148 1869 1197 1911 et
1233 1861 1465 1922 fruetus,
1518 1873 1720 1916 tantum
1757 1865 1890 1917 inter
1930 1881 2019 1918 eos
2063 1870 2152 1933 qui
2193 1877 2315 1919 tunc

797 1939 1174 2010 salrabimtur,
1225 1949 1641 2003 intercessurum
1695 1954 1984 2018 putandum
2041 1966 2152 2017 est;
2197 1957 2315 2008 aliis

797 2032 1006 2097 quidem
1060 2036 1283 2101 majori,
1318 2039 1436 2092 aliis
1473 2055 1593 2092 \ero
1629 2041 1814 2092 minori
1863 2043 2025 2107 gloria
2071 2044 2313 2108 poticuti-

796 2121 915 2184 bus,
947 2125 1102 2176 sicuti
1131 2136 1251 2179 ante
1289 2129 1459 2179 obiter
1488 2128 1776 2180 iudicatum
1823 2139 1922 2181 est.
1953 2129 2101 2191 Quod
2137 2139 2313 2180 autem

2420 1788 2535 1837 ἀντὶ
2559 1786 2673 1836 τῶν
2701 1786 2895 1846 ξύλων
2925 1784 3241 1847 γέγραπται,
3275 1780 3368 1844 τὴν
3403 1778 3604 1829 ἑνιαίαν
3634 1777 3737 1826 τῶν
3767 1777 3940 1839 ἁγίων

2411 1875 2552 1938 δηλοῖ
2591 1873 2946 1938 συνδιαίτησιν
2987 1872 3076 1920 καὶ
3112 1866 3376 1934 ὁμόνοιανζ
3411 1869 3566 1927 Ἐθος
3600 1868 3652 1917 δὲ
3693 1866 3831 1935 [mi]
3871 1868 3938 1932 τῇ

2412 1961 2592 2026 Γραφῇ
2641 1957 2895 2023 πολλαχοῦ
2932 1957 3048 2006 ἁντῖ⁵
3093 1956 3255 2017 ξύλων
3306 1955 3509 2006 πολλῶν
3552 1955 3737 2014 ἑνικῶς
3782 1953 3939 2016 ξύλον

2411 2046 2588 2095 καλεῖν
2615 2059 2627 2072 ·
2679 2045 2767 2093 καὶ
2806 2043 2920 2093 ἀνθ’
2963 2043 3157 2110 ἑτέρων
3188 2041 3580 2110 πληθυντικῶν,
3624 2042 3770 2092 ἑνικὰ
3820 2039 3942 2092 ὸνό·

2417 2147 2553 2196 ματα
2584 2129 2818 2198 [λέγεινῙ.

793 2214 984 2278 lignum
1041 2216 1378 2282 singulariter
1432 2234 1525 2282 pro
1561 2220 1711 2285 lignis
1756 2220 2010 2284 seriptu-n
2051 2229 2160 2280 est,
2213 2222 2311 2272 hoc
2349 2231 2648 2272 Sanctorum
2721 2224 2850 2273 inter
2884 2237 2941 2274 se
3008 2222 3257 2273 unionem
3294 2229 3342 2271 et
3393 2221 3726 2274 concordiam
3767 2219 3943 2285 signi-

797 2303 937 2354 ficat.
991 2303 1090 2354 Sed
1140 2313 1193 2355 et
1246 2321 1587 2357 numerorum
1640 2309 1900 2361 hcterosis
1949 2309 2114 2360 sacris
2171 2308 2383 2361 Litteris
2425 2311 2704 2362 admodum
2777 2327 2988 2377 quoque
3055 2309 3325 2361 fatniliaris
3372 2320 3470 2360 est.
3532 2308 3746 2358 Constat
3798 2307 3943 2356 enim

797 2393 934 2457 ligna
989 2398 1152 2445 multa
1211 2396 1407 2458 lignum
1471 2412 1671 2456 unum,
1726 2408 1778 2449 et
1851 2401 2044 2449 multos
2113 2415 2279 2465 equos
2355 2415 2547 2467 equum
2596 2417 2756 2452 unum
2826 2402 3120 2467 appellare,
3158 2400 3368 2466 aliaque
3441 2402 3489 2452 id
3537 2415 3700 2468 genus
3745 2399 3945 2463 singu—

797 2483 926 2533 laria
964 2498 1058 2548 pro
1107 2485 1408 2538 nominibus
1450 2486 1742 2553 pluralibus
1791 2487 2094 2553 frequenter
2147 2489 2408 2540 collocare
2446 2489 2634 2540 solere.

864 2569 1023 2633 XXII,
1053 2573 1104 2622 5.
1138 2571 1203 2622 Et
1237 2589 1382 2624 onme
1405 2575 1733 2626 maledictum
1755 2591 1853 2626 non
1885 2577 1979 2628 erit
2007 2576 2246 2642 amplius.

862 2658 994 2711 Cum
1048 2662 1390 2714 anathemati;
1449 2678 1639 2714 nomen
1701 2662 1939 2716 bifariam
1994 2674 2311 2731 usurpetur,

794 2765 901 2801 uno
931 2753 1085 2802 modo
1108 2766 1202 2818 pro
1226 2766 1289 2803 co
1317 2754 1456 2818 quod
1488 2751 1718 2811 soli’Deo
1746 2763 2106 2806 consecratum
2149 2764 2196 2805 et
2227 2755 2314 2804 de-

791 2839 1019 2891 dicatum
1054 2852 1133 2893 est
1160 2879 1172 2898 .
1209 2841 1270 2892 ad
1300 2842 1439 2906 quod
1481 2842 1702 2907 proinde
1739 2843 2039 2908 promiscue
2077 2844 2314 2894 multitu-

793 2926 898 2976 dini
957 2942 1058 2977 non
1109 2937 1251 2993 patet
1283 2943 1554 2989 accessus,
1604 2929 1706 2979 alio
1737 2930 1892 2980 modo
1943 2945 2038 2996 pro
2071 2944 2133 2980 eo
2170 2930 2308 2994 quod

793 3028 964 3077 neque
1018 3015 1216 3065 sanctis
1281 3016 1383 3066 illis
1437 3017 1750 3078 virtutibus,
1807 3031 1973 3081 neque
2019 3016 2102 3065 ulli
2161 3018 2311 3067 alteri

790 3111 1043 3150 creatura:
1076 3112 1407 3153 contrectare
1436 3103 1515 3154 fas
1540 3113 1652 3165 est,
1699 3113 1884 3168 utpote
1938 3104 2148 3154 diabolo
2180 3121 2315 3154 nun-

793 3197 1076 3252 cupa:uiu,
1110 3202 1206 3237 nec
1257 3203 1359 3238 non
1391 3189 1455 3239 ab
1501 3190 1644 3239 Omni
1692 3201 1910 3254 prorsus
1947 3191 2085 3239 bono
2118 3203 2168 3239 et
2218 3190 2316 3238 ho-

796 3283 949 3324 nesto
983 3275 1212 3324 alienum
1262 3292 1274 3324 :
1328 3290 1430 3325 non
1480 3286 1559 3326 est
1589 3275 1671 3326 hic
1702 3290 1878 3327 sermo
1906 3276 1968 3327 de
2003 3276 2163 3340 priori
2208 3277 2316 3337 illo,

792 3363 882 3414 sed
927 3362 992 3412 de
1042 3362 1363 3427 posteriori,
1411 3361 1553 3426 quod
1602 3362 1747 3426 gravi
1805 3359 2028 3427 quadam
2081 3362 2319 3428 emphasi

790 3456 1073 3504 colat/tenta
1121 3453 1197 3503 vel
1251 3455 1576 3504 maledictum
1631 3455 1727 3505 hoc
1779 3454 1894 3505 loco
1946 3462 2164 3507 vocatur

2484 2578 2588 2628 Kal
2622 2576 2739 2629 πᾶν
2769 2580 3055 2642 κατάθεμα
3091 2579 3198 2630 οὐκ
3227 2579 3390 2629 ἔσται
3421 2571 3558 2624 ἐκεῖ.

2481 2666 2581 2717 Τ(ιῦ
2613 2668 2967 2733 ἀναθέμιιτος
2997 2668 3188 2727 δισσῶς
3222 2666 3500 2733 νοουμένου
3524 2679 3534 2691 °
3567 2660 3655 2712 τοῦ
3686 2661 3780 2727 μὲν
3803 2699 3817 2722 ,
3865 2662 3944 2721 ὡς

2410 2759 2513 2818 τοῖς
2573 2756 2778 2816 πολλοῖς
2812 2757 3025 2806 ἀθίκτου
3050 2796 3062 2814 .
3112 2756 3225 2822 Θεῷ
3258 2756 3311 2806 δὲ
3345 2755 3485 2820 μόνῳ
3520 2750 3904 2812 ἀνατιθεμένου
3929 2766 3942 2777 ³

2408 2844 2495 2894 τοῦ
2514 2843 2587 2902 δὲ,
2608 2845 2678 2903 ὼς
2707 2844 2847 2910 πάσῃ
2882 2846 2940 2909 τῇ
2981 2844 3145 2892 κτίσει
3176 2843 3264 2892 καὶ
3291 2843 3403 2900 ταῖς
3446 2839 3620 2902 ἁγίαις
3649 2837 3946 2902 δυνάμεσιν

2411 2930 2698 2997 ἁψαύστου.
2725 2932 2794 2990 ὡς
2819 2932 2890 2998 τῷ
2925 2932 3148 2996 διαϐόλῳ
3171 2928 3540 2995 ἀνακειμένου,
3562 2926 3748 2991 διὰτὴν
3768 2926 3948 2989 ἁμιγῆ

2416 3020 2505 3068 τοῦ
2531 3019 2688 3069 καλοῦ
2717 3019 3083 3084 ἀλλοτρίωσιν.
3112 3016 3262 3067 τοῦτο
3291 3015 3514 3067 ἐνταῦθα
3547 3014 3659 3063 κατ’
3689 3012 3949 3061 ἐπίτασιν

2413 3105 2653 3168 εἰρῆσθαι
2679 3105 2961 3169 νομίζομεν
2984 3103 3289 3167 κατάθεμα.
3319 3101 3405 3167 Τῷ
3433 3100 3661 3166 γὰρόντι
3687 3099 3743 3148 τὸ
3771 3097 3950 3146 τοιοῦ-

2414 3208 2499 3240 τον
2535 3192 2628 3240 οὐκ
2672 3190 2993 3250 ἀνατίθεται,
3040 3190 3170 3238 ἀλλὰ
3210 3187 3569 3247 κατατίθεται,
3615 3186 3688 3250 τῷ
3712 3183 3954 3248 διαϐόλῳ

2416 3281 2833 3345 ὑποταττόμενον
2860 3279 2947 3328 καὶ
2980 3275 3558 3341 συγκαταῦικαζόμενον
3581 3289 3592 3300 ·
3624 3274 3754 3336 ὅπερ
3785 3273 3844 3321 ὲν
3878 3274 3951 3338 τῇ

2417 3366 2563 3416 πόλει
2593 3366 2769 3434 ἐκείνῃ
2799 3366 2892 3415 οὐκ
2917 3365 3088 3416 ἔσται.

2210 3472 2222 3506 :
2259 3471 2314 3506 re
2345 3456 2455 3522 ipsa
2486 3459 2624 3509 enim
2659 3458 2761 3509 tale
2789 3458 3063 3509 anathema
3095 3455 3289 3508 CtI‘iCsli
3315 3454 3514 3506 numini
3565 3467 3663 3500 non
3724 3448 3950 3499 dedica-

794 3556 895 3603 tur,
967 3558 1155 3611 neque,
1206 3555 1262 3596 ut
1333 3560 1414 3597 res
1458 3546 1642 3597 votivae
1693 3543 1894 3606 solent,
1957 3546 2062 3598 Deo
2114 3547 2492 3612 suspenditur;
2543 3546 2654 3609 sed,
2699 3557 2755 3598 ut
2805 3562 2888 3599 res
2921 3546 3130 3597 diabolo
3177 3545 3429 3610 subjecta,

3502 3539 3760 3602 simulque
3810 3552 3943 3586 cum

791 3634 879 3684 illo
901 3633 1324 3685 eondemuationi
1388 3633 1637 3694 obnoxia,
1672 3636 1973 3702 deponitur,
2038 3645 2088 3687 et
2144 3647 2391 3702 tanquam
2433 3637 2706 3704 profanum
2771 3636 3016 3704 quiddam
3073 3624 3292 3700 pedibus
3349 3633 3603 3683 ealearur.
3666 3625 3953 3691 Ejusmodi

787 3733 960 3774 autem
996 3723 1288 3774 catathema
1320 3725 1372 3775 in
1403 3724 1613 3775 civitate
1644 3725 1727 3776 illa
1760 3740 1862 3776 non
1895 3727 2013 3777 erit.

856 3814 952 3863 Sed
977 3814 1116 3864 sedes
1153 3814 1239 3864 Dei
1262 3824 1307 3864 et
1345 3816 1472 3880 Agni
1494 3816 1545 3864 in
1575 3816 1667 3866 illa
1692 3827 1837 3868 erunt
1865 3831 1880 3866 :
1909 3818 2036 3867 servi
2065 3817 2175 3882 ejus
2200 3832 2306 3866 ser-

788 3904 914 3950 t-ient
950 3902 1048 3960 illi,
1087 3912 1132 3951 et
1163 3902 1398 3952 videbunt
1431 3903 1613 3968 faciem
1651 3905 1782 3966 eius,
1817 3913 1864 3956 et
1892 3920 2070 3956 nomen
2106 3904 2214 3967 ejus
2256 3903 2308 3955 in

787 3990 1040 4053 frontibus
1069 3991 1197 4041 suis.

855 4165 976 4224 Qui,
1015 4164 1208 4228 inquit,
1246 4163 1364 4215 facti
1400 4171 1523 4215 sunt
1553 4163 1776 4215 thronus
1806 4161 1894 4215 Dei
1927 4177 2015 4229 per
2048 4161 2307 4228 requiem,

788 4269 944 4318 quam
993 4253 1242 4303 Dominus
1275 4251 1325 4302 in
1372 4252 1473 4305 illis
1513 4253 1682 4319 capit,
1725 4253 1759 4303 ii
1797 4252 2032 4319 germani
2085 4250 2310 4302 civitatis

792 4342 934 4389 illius
974 4339 1294 4391 habitatores
1325 4339 1706 4402 ceuscbunlur;
1748 4341 2104 4404 videbuutque
2136 4339 2306 4404 ipsum

792 4447 893 4478 non
920 4446 1009 4493 per
1033 4429 1329 4496 a-nigmata.
1354 4431 1442 4482 sed
1472 4430 1602 4483 facie
1621 4431 1683 4482 ad
1711 4431 1896 4482 faciem
1923 4470 1934 4491 ,
1961 4429 2306 4495 quemathuo-

788 4516 909 4565 dum
946 4518 1084 4566 visus
1114 4526 1196 4567 est
1244 4519 1440 4570 sanctis
1470 4518 1722 4584 apostolis
1767 4518 1816 4569 in
1861 4528 2056 4575 inuute,
2098 4526 2155 4566 ut
2195 4530 2306 4565 tua.-

790 4619 924 4668 guus
951 4605 1023 4652 ait
1055 4604 1364 4672 Dionysius;
1393 4606 1766 4670 habebuutquc
1793 4622 1887 4670 pro
1909 4621 2065 4657 aurea
2093 4605 2305 4661 lamina.

736 4761 743 4766 _
788 4709 944 4761 qnam
1004 4709 1244 4745 summus
1309 4698 1555 4746 sacerdos
1607 4695 1730 4746 olim
1791 4692 2028 4756 ferebat,
2077 4695 2306 4750 divinum

788 4800 988 4845 nomen,
1048 4797 1148 4832 nou
1194 4791 1293 4831 tam
1354 4782 1403 4832 in
1444 4780 1705 4835 frontibus
1759 4781 2098 4847 descriptum,
2146 4796 2304 4845 quam

787 4878 837 4926 in
882 4874 1117 4925 cordibus
1173 4873 1491 4932 impressum.
1543 4873 1742 4924 Iudicat
1778 4873 1826 4924 id
1870 4881 2042 4921 autem
2077 4869 2304 4926 firmam,

789 4967 1031 5022 liberam,
1069 4968 1122 5012 ct
1150 4958 1529 5009 immutabilem
1563 4960 1918 5019 dilectionem,
1947 4973 2046 5024 qua
2081 4957 2128 5006 in
2161 4955 2305 5005 illum

789 5055 1046 5104 feruntur.
1103 5048 1306 5099 Etenim
1392 5047 1662 5112 inscriptio
1726 5050 1776 5099 in
1836 5048 2005 5098 fronte
2081 5046 2310 5095 honesta:

789 5137 1355 5207 eujusdamlibcrtatis
1387 5147 1752 5202 argumentum
1781 5147 1831 5189 et
1856 5138 2005 5188 index
2041 5144 2138 5187 est.

857 5229 1017 5289 XXII,
1140 5226 1204 5276 Et
1241 5239 1339 5276 nox
1383 5223 1520 5273 ultra
1553 5239 1651 5272 non
1678 5225 1771 5274 erit
1810 5225 1916 5285 ibi;
1952 5233 1995 5273 et
2030 5237 2128 5273 non
2166 5228 2306 5286 egent

791 5319 977 5366 lumine
1019 5318 1268 5376 luccrnw,
1313 5329 1467 5379 neque
1497 5311 1686 5362 lumine
1722 5312 1880 5372 solis;
1919 5312 2159 5378 quoniam
2210 5308 2306 5357 Do—

793 5405 958 5451 minus
995 5404 1122 5453 Deus
1159 5405 1417 5454 illuminat
1451 5402 1608 5453 illos:
1648 5410 1692 5452 (fi
1731 5402 2003 5467 regnabant
2041 5402 2088 5449 in
2121 5398 2304 5449 statuta

789 5509 914 5542 att't‘tt
927 5492 1031 5538 ittl'll
1044 5507 1106 5537 nt.

2472 3813 2578 3864 Καὶ
2616 3816 2646 3863 ὀ
2702 3814 2905 3876 θρόνος
2946 3811 3048 3860 τοῦ
3093 3808 3234 3861 Θεοῦ
3290 3809 3380 3858 καὶ
3435 3807 3535 3856 τοῦ
3599 3809 3816 3871 Ἀρνιόυ
3878 3812 3958 3860 ἐν

2403 3901 2551 3964 αὐτῇ
2594 3901 2757 3950 ἔσται
2784 3916 2794 3926 ⁸
2838 3899 2930 3948 καί
2963 3901 3012 3947 ol
3046 3897 3242 3946 δοῦλοι
3282 3895 3462 3945 αὐτοῦ
3500 3898 3956 3957 λατρεύσουσιν

2404 3986 2590 4048 αὐτῷ,
2624 3988 2715 4037 καὶ
2754 3986 2994 4049 ὄψονται
3031 3985 3092 4034 τὸ
3136 3984 3451 4043 πρόσωπον
3481 3983 3658 4034 αὐτοῦ
3684 3999 3696 4011 ·
3747 3985 3841 4034 καὶ
3881 3989 3953 4037 τὸ

2407 4074 2584 4138 ὄνομα
2610 4072 2789 4124 αὑτοῦ
2821 4071 2913 4121 ἐπὶ
2943 4069 3057 4120 τῶν
3077 4068 3353 4135 μετώπων
3379 4069 3590 4120 αὐτῶν.

2477 4166 2535 4212 Οἱ
2560 4163 2613 4213 δὲ
2641 4162 2925 4228 γινόμενοι,
2959 4149 3108 4226 φήσὶ,
3135 4158 3318 4225 θρόνος
3357 4159 3485 4208 Θεοῦ
3514 4159 3595 4208 διὰ
3632 4159 3728 4223 τῆς
3757 4161 3810 4210 ἐν
3845 4162 3954 4209 αὑ-

2345 4231 2381 4281 D
2411 4253 2517 4310 τοῖς
2553 4249 2643 4300 τοῦ
2689 4250 2950 4299 Δεσπότου
3000 4247 3348 4306 ἀναπαύσεως
3373 4287 3385 4305 ,
3421 4249 3565 4296 αὐτοὶ
3598 4249 3690 4312 τῆς
3733 4249 3954 4308 πόλεως

2411 4340 2666 4410 [ensi-ing]
2693 4341 2963 4406 οἰκήτορες
2989 4339 3212 4398 ἔσονται,
3245 4339 3330 4388 καὶ
3349 4337 3562 4403 ὄψονται
3586 4338 3738 4387 αὐτὸν
3772 4337 3950 4403 πρόσ-

2407 4447 2548 4479 ωπον
2581 4431 2707 4495 πρὸς
2755 4431 3033 4493 πρόσωπον
3058 4444 3068 4454 ·
3103 4428 3159 4476 οὗ
3192 4427 3255 4476 δι’
3301 4427 3649 4490 αἰνιγμάτων,
3686 4425 3796 4474 ἀλλ’
3831 4425 3916 4475 (Ls
3938 4458 3952 4465 -

2408 4536 2508 4584 περ
2550 4520 2658 4576 τοῖς
2705 4517 2872 4579 ἁγίοις
2919 4515 3223 4573 ἀποστόλοις
3271 4517 3325 4563 ὲν
3373 4514 3443 4578 τῷ
3483 4514 3660 4581 [ἁγίῳ]
3693 4514 3802 4578 ὄρει
3849 4532 3951 4564 τε-

2408 4606 2621 4661 θέαται,
2658 4604 2728 4662 ὥς
2783 4620 2939 4668 φησιν
2991 4605 3016 4651 ό
3061 4602 3225 4668 μέγας
3275 4599 3559 4658 Διονύσιος.
3613 4599 3828 4662 Ἴέξουσι
3885 4600 3953 4650 δὲ

2409 4695 2521 4742 ἀντὶ
2557 4693 2645 4741 τοῦ
2675 4691 2868 4758 χρυςοῦ
2901 4690 3144 4750 πετάλου,
3171 4685 3229 4740 οὗ
3260 4688 3421 4738 πάλαι
3447 4691 3472 4737 ό
3499 4688 3778 4753 ἀρχιερεὺς
3811 4689 3952 4753 star}-

2411 4798 2508 4845 ρει,
2540 4782 2635 4830 οὐκ
2681 4783 2766 4829 ἐπὶ
2797 4781 2900 4828 τῶν
2937 4777 3190 4845 μετώπων
3229 4779 3398 4841 μόνων
3429 4776 3492 4826 τὸ
3533 4777 3686 4826 θεῖον
3723 4776 3945 4840 ὄνομα,

2407 4866 2536 4916 ἀλλὰ
2562 4868 2648 4916 καὶ
2673 4866 2738 4915 ἐν
2767 4864 2885 4925 ταῖς
2908 4861 3166 4926 καρδίαις
3192 4859 3708 4926 ἐγκεχαραγμένον,
3735 4857 3945 4923 δηλοῦν

2406 4955 2497 5020 τὴν
2529 4956 2602 5014 είς
2649 4955 2805 5003 αὐτὸν
2834 4951 3031 5017 παγίαν
3075 4950 3166 4998 καὶ
3207 4947 3755 5014 πεπαρρησιασμένην
3789 4947 3943 5008 ἁ.γᾶ-

2409 5060 2510 5109 πην
2558 5044 2647 5104 καὶ
2702 5041 3043 5108 ἀμετάθετον,
3113 5039 3172 5087 'll
3229 5039 3331 5102 γὰρ
3391 5037 3478 5087 ἐπὶ
3537 5037 3628 5086 τοῦ
3685 5034 3950 5100 μετώπου

2407 5131 2584 5197 γραφὴ
2616 5130 2698 5180 τὸν
2732 5131 2784 5178 ἐν
2817 5126 3087 5195 παρρησίᾳ
3123 5125 3497 5191 καλλωπισμὸν
3524 5123 3834 5173 αἰνίττεται.

2474 5219 2574 5269 Καὶ
2597 5217 2707 5276 νὺξ
2728 5217 2831 5267 οὐκ
2854 5215 3016 5265 ἔσται
3043 5212 3187 5262 ἐκεῖ·
3231 5212 3323 5262 καὶ
3350 5212 3550 5276 χρείαν
3577 5212 3681 5260 οὐχ
3724 5209 3952 5270 ἔχουσι

2408 5303 2633 5371 [φωτὸς]
2671 5304 2893 5368 ,λύχνου
2926 5300 3015 5350 καὶ
3053 5300 3240 5364 φωτὸς
3285 5301 3450 5362 ἡλίου
3478 5315 3489 5328 '
3522 5299 3607 5347 ὅτι
3653 5297 3869 5358 Κύριος
3911 5298 3952 5345 d

2411 5394 2544 5454 Hat‘q
2579 5392 3026 5456 gtotteiut'izat‘v;,
3063 5390 3155 5440 καί
3186 5390 3659 5451 ,ϐασιλεύσουσιν
3683 5387 3765 5443 εἶς
3801 5383 3950 5445 TN"?

2411 5482 2616 5542 αἰῶνας
2650 5480 2756 5531 τῶν
2787 5481 3022 5531 ιιίώνων.
