4112 6330
152 364 235 422 ιδι
1048 348 1627 410 COMMENTARIUS
1667 349 1744 404 IN
1785 344 2296 404 APOCALYPSIN.
3161 342 3267 401 45,4

155 462 432 529 προσώπου,
462 458 517 508 τὸ
542 459 817 523 ἑπόμενον,
848 454 924 513 τὸ,
958 454 1194 518 Ἔρχου,
1221 451 1393 513 Κύριε
1446 446 1642 511 Ἰησοῦ
1674 455 1715 505 Α
1746 464 1775 498 n

1674 455 1715 505 Α
1746 462 1929 511 nempe
1977 445 2100 495 illud
2146 460 2157 495 :
2224 443 2368 503 Veni,
2429 443 2637 495 Domine
2690 442 2813 494 Jesu
2858 444 3072 494 Christe.
3124 444 3267 495 Desi-

155 551 357 615 Χριστέ.
396 546 755 614 Περιπόθητος
780 543 883 609 γὰρ
913 543 1021 600 τοῖς
1050 538 1218 604 ἁγίοις
1247 539 1278 601 ἡ
1305 534 1393 585 τοῦ
1418 534 1644 599 Χριστοῦ

156 635 414 703 παρουσία,
440 634 510 693 ὡς
542 633 627 683 τὸν
659 631 842 698 μισθὸν
867 629 970 679 τῶν
1018 624 1383 693 εἰργασμένων
1434 622 1637 672 ἀποδώ-

158 742 296 776 σουσα
324 720 744 774 πολλαπλασίονα
766 735 778 747 ·
825 719 945 769 ὅθεν
979 716 1070 767 καὶ
1100 716 1131 781 ἡ
1171 712 1413 780 παροῦσα
1470 710 1645 777 βίϐλος

158 814 263 876 ἁγία
291 811 378 860 καὶ
407 810 749 865 θεόπνευστος
775 806 906 873 πρὸς
932 803 1026 870 τὴν
1061 803 1330 869 μακαρίαν
1362 800 1509 866 λῆξιν
1556 798 1637 849 ὁδ-

158 896 337 963 ηγοῦσα
352 896 469 954 τοὺς
494 894 925 957 ἐντυγχάνοντας.
946 890 1052 939 Καὶ
1073 888 1156 939 ἴνα
1174 885 1398 937 συνελὼν
1416 887 1470 935 ὲν
1490 884 1650 952 ὀλίγῳ

165 987 241 1034 τὸν
269 983 437 1033 πάντα
464 980 709 1046 έπωφελῆ
741 979 934 1029 σκοπὸν
965 977 1128 1043 αὐτῆς
1180 974 1525 1041 παραθῶμεν,
1565 974 1650 1021 διὰ

157 1073 245 1123 τῶι.»
281 1071 422 1121 ἑπτὰ
460 1065 821 1130 Ἑκκλησιῶν
852 1065 910 1114 τὸ
932 1067 987 1115 ὲν
1032 1065 1139 1122 τοῖς
1167 1063 1483 1127 πειρασμοῖς
1523 1060 1648 1110 ὀπο-

162 1155 439 1222 μονητικὸν,
464 1155 553 1204 καὶ
584 1150 683 1221 [τὸ]
708 1153 763 1199 ὲν
790 1149 1049 1208 εὑποιίαις
1073 1148 1372 1207 σπουδαῖον,
1391 1148 1480 1195 καὶ
1497 1145 1652 1212 ἕτερά

157 1262 261 1295 τινα
291 1244 383 1309 τῆς
409 1241 603 1309 ἀρετῆς
635 1239 744 1305 εἴδη
772 1236 1142 1304 διδασκόμεθα.
1198 1236 1286 1296 Ἐξ
1329 1227 1399 1285 ῶν
1434 1236 1546 1284 ἐστι
1572 1235 1648 1297 τὸ,

162 1332 254 1382 τῶν
304 1331 393 1379 ἐπὶ
445 1324 582 1396 [τῆς]
613 1327 709 1393 γῆς
742 1327 954 1377 πάντων
1004 1324 1391 1391 ὑπεραρθέντα,
1447 1323 1521 1389 τῷ
1561 1340 1655 1372 κα-

160 1416 288 1483 θαρῷ
318 1415 413 1481 τῆς
435 1414 603 1481 ψυχῆς
630 1412 832 1482 ὄμματι
865 1414 959 1481 τὴν
996 1413 1140 1464 Θείαν
1171 1415 1223 1465 ὲν
1245 1414 1482 1481 οὐρανοῖς
1506 1413 1655 1475 δόξαν

160 1502 461 1553 θεάσασθαι’
527 1502 625 1551 οὐκ
686 1500 849 1567 αὐτὴν
880 1503 974 1567 τὴν
1011 1499 1207 1569 [Θείαν]
1274 1499 1473 1562 οὐσίαν,
1527 1500 1657 1549 ἁλλὰ

159 1593 240 1658 τὴν
264 1590 440 1657 θεῖκὴν
470 1588 764 1655 ἐμφάνειαν
813 1588 1295 1655 σχηματιζομένην,
1347 1588 1451 1639 εἴτε
1502 1588 1657 1637 λίθων

132 1680 512 1745 πολυτιμήτων
585 1675 840 1744 ποικιλίᾳ,
904 1678 1010 1728 εἴτε
1080 1677 1498 1744 πολυχρωμάτου
1548 1675 1657 1743 ἰδέα

163 1768 327 1834 [ριδος,
356 1768 461 1817 εἴτε
495 1766 603 1816 τισὶ
620 1765 871 1825 τοιούτοις
911 1765 1065 1817 θείων
1118 1767 1431 1835 οἰκονομιῶν
1486 1767 1654 1817 ἰνδάλ-

163 1871 306 1921 μασιν
332 1870 345 1883 ·
381 1853 477 1924 [ἔτι
496 1852 572 1923 δὲ]
600 1853 688 1905 καὶ
714 1852 807 1914 τὰς
841 1855 962 1921 περὶ
984 1854 1148 1922 αὐτὴν
1166 1854 1321 1919 ἁγίας
1343 1856 1655 1921 ἀσωμάτους

160 1942 392 2007 δυνάμεις
422 1940 775 2010 [μανθάνομεν
870 1942 960 1991 καὶ
994 1943 1113 2001 τοὺς
1144 1942 1276 2005 μετὰ
1312 1941 1553 2009 σώματος
1581 1942 1654 2007 τῷ

162 2028 328 2095 Κυρίῳ
376 2010 829 2093 εὐαρεστήσαντας
854 2041 867 2055 ο
911 2026 1128 2092 βροντάς
1168 2044 1223 2077 τε
1272 2032 1360 2078 καὶ
1386 2028 1657 2093 ἀστραπάς

163 2114 550 2184 προηγουμένας
604 2114 698 2180 τῆς
780 2113 925 2173 θείας
986 2114 1278 2180 παρουσίας
1344 2113 1656 2182 [κατανοοῦ-

166 2202 302 2273 μεν.]
351 2204 457 2256 Καὶ
505 2202 600 2269 τῆς
654 2201 829 2269 βίϐλου
865 2200 962 2270 [δὲ]
1008 2202 1110 2252 τῶν
1144 2202 1297 2252 θείων
1378 2203 1651 2270 κριμάτων

164 2292 464 2344 καταλαϐεῖν
544 2291 603 2342 τὸ
686 2292 1056 2359 ἀκατάληπτον
1137 2291 1231 2357 τῆς
1315 2307 1631 2357 κατασημαν

166 2381 328 2448 Oeten};
354 2382 468 2441 ταῖς
494 2381 627 2432 έπτὰ
659 2382 917 2448 σφραγῖσι
936 2378 1025 2429 τοῦ
1080 2378 1403 2445 Πνεύματος,
1452 2379 1541 2428 καὶ
1577 2379 1660 2429 διά

163 2468 242 2518 τοῦ
284 2468 476 2533 ’Δμνοῦ
507 2466 600 2517 τοῦ
622 2466 752 2519 Θεοῦ
778 2468 871 2535 τὴν
893 2466 1042 2517 λύσιν
1075 2466 1385 2534 δεξαμένης,
1420 2466 1525 2516 τῶν
1557 2467 1660 2518 άπὸ

164 2557 243 2621 τῆς
267 2556 423 2606 αὐτοῦ
445 2556 741 2622 παρουσίας
773 2554 927 2623 μέχρι
1120 2554 1412 2615 συντελείας
1443 2571 1661 2621 γεγενη-

170 2644 342 2709 μένων,
376 2644 498 2712 περί
538 2659 593 2693 τε
632 2643 727 2708 τῆς
751 2642 855 2693 τῶν
888 2641 1170 2709 μαρτύρων
1190 2642 1542 2709 ἀνδραγαθίας
1568 2640 1663 2710 [δι-

166 2730 497 2800 δασκόμεθα,]
530 2731 619 2780 καὶ
646 2730 737 2797 τῆς
769 2730 873 2781 τῶν
894 2731 1129 2781 ἀπίστων
1158 2730 1344 2795 διπλῆς
1375 2730 1659 2792 κολάσεως·

165 2820 246 2886 τῆς
278 2835 332 2869 τε
361 2818 449 2869 τοῦ
502 2818 850 2883 εύαγγελικοῦ
900 2819 1094 2885 σπόρου
1124 2820 1511 2885 καρποφορίας,
1570 2820 1661 2869 καὶ

168 2910 250 2973 τῆς
270 2904 373 2957 τῶν
396 2907 742 2970 ὀλιγοπίστων
756 2908 845 2958 καὶ
864 2906 1130 2972 ἀνάνδρων
1160 2906 1471 2965 ἐκπτώσεως
1489 2921 1501 2931 ·
1520 2908 1661 2966 ὅπως

166 3009 213 3044 τι
239 2995 283 3044 οι
310 2994 451 3059 ἆγιοι
480 2995 576 3059 τῆς
628 2992 763 3062 [τοῦ]
794 2992 1026 3061 Χριστοῦ
1075 2992 1327 3061 δευτέρας
1369 2994 1661 3061 παρουσίας
1688 3020 1730 3079 C

167 3083 384 3147 ἐφίενται
407 3095 420 3110 ·
452 3082 549 3148 τῆς
578 3098 635 3132 τε
676 3083 776 3148 πρὸ
824 3079 966 3151 [τῆς]
997 3081 1086 3132 τοῦ
1154 3082 1506 3149 ’Δντιχρίστου
1557 3086 1661 3133 τῶν

167 3170 327 3221 κακῶν
352 3173 635 3238 ἐπιφορᾶς,
670 3172 762 3221 καὶ
783 3172 885 3220 τῶν
912 3170 1001 3220 ὑπ’
1038 3168 1196 3221 αὑτοῦ
1235 3172 1370 3221 κατὰ
1413 3172 1660 3238 Χριστια-

169 3260 256 3307 νῶν
279 3258 653 3325 τολμωμένων.
686 3256 823 3324 Πρὸς
851 3256 1052 3317 τούτοις
1076 3255 1129 3307 δὲ
1174 3256 1357 3323 μαθεῖν
1406 3257 1548 3307 ἐστιν
1578 3258 1660 3306 έν-

168 3342 351 3403 τεῦθεν,
382 3345 525 3403 ὅπως
556 3344 659 3393 εἰσὶ
683 3343 757 3411 τῷ
782 3342 897 3407 Θεῷ
924 3342 1085 3409 τίμιοι
1111 3343 1157 3393 οί
1202 3342 1361 3407 ἁγιοι,
1393 3344 1463 3405 ὼς
1500 3344 1662 3411 ὑπερ-

168 3428 385 3481 τίθεσθαι
415 3430 512 3497 τὴν
536 3428 714 3499 [κατὰ]
745 3430 847 3480 τῶν
875 3429 1078 3481 ἀσεϐῶν
1106 3431 1338 3491 κόλασιν,
1370 3434 1495 3499 πρὶν
1520 3428 1660 3483 οὗτοι

169 3517 240 3566 διά
272 3516 410 3587 [τῆς]
440 3518 721 3585 σφραγῖδος
745 3521 848 3579 τοῖς
880 3521 1132 3586 τιμωροῖς
1180 3519 1423 3584 ἀγγέλοις
1470 3520 1657 3585 γένων-

168 3622 242 3655 ται
271 3605 547 3671 γνὼριμοι.
581 3606 684 3656 Καὶ
725 3605 818 3665 τὰς
864 3590 996 3656 ἑπτά
1045 3606 1098 3655 δὲ
1159 3606 1364 3671 πληγὰς
1424 3606 1661 3657 ἐντεῦθεν

177 3692 495 3755 μανθάνομεν
529 3694 635 3749 τοῖς
662 3688 751 3739 ἐπὶ
778 3690 879 3753 γῆς
904 3691 958 3738 ὲν
988 3690 1095 3749 τοῖς
1124 3690 1359 3754 ἐσχάτοις
1410 3688 1659 3756 [καιροῖς]

171 3775 472 3839 ἐπάγεσθαι·
512 3776 583 3833 ὼς
614 3776 675 3825 ἂν
702 3775 775 3844 τῷ
800 3774 995 3825 τούτων
1024 3775 1233 3840 μεγέθει
1266 3777 1395 3840 πρὸς
1421 3778 1662 3840 ἐπιστρο-

174 3862 260 3928 ςὴν
287 3862 477 3927 ἴδωμεν
505 3859 596 3911 καὶ
623 3860 822 3909 ἱκεσίαν
849 3858 939 3933 τού
970 3858 1100 3924 θεοῦ
1135 3857 1333 3908 τούτων
1369 3858 1439 3925 μὴ
1468 3874 1655 3924 πειρα-

173 3949 326 4016 θῆναι.
347 3948 454 3998 Καὶ
470 3948 527 3998 τὸ
548 3947 649 3997 τῶν
666 3946 901 4011 ἀγγέλων
922 3946 973 3996 δὲ
989 3946 1375 4013 φιλάνθρωπον,
1392 3948 1437 3997 δι
1450 3948 1475 3995 ὰ
1500 3948 1589 3996 τοῦ
1604 3948 1659 3997 τὸ

173 4034 474 4101 Εὐαγγέλιον
498 4035 804 4102 κατέχοντος
836 4034 1053 4095 καὶτοῖς
1084 4037 1137 4084 ὲν
1162 4033 1269 4103 [τῇ]
1294 4038 1359 4101 γῇ
1379 4035 1660 4103 κηρύττον-

172 4138 263 4183 τος,
291 4122 585 4173 δείκνυται’
616 4122 706 4172 καὶ
746 4121 850 4172 τῶν
875 4121 964 4171 ἐπὶ
1005 4122 1275 4188 συντελείᾳ
1306 4122 1659 4187 ἐλευσομένων

177 4210 322 4273 ἁγίων
376 4210 584 4273 ἐλέγξαι
634 4209 721 4259 τὸν
773 4210 1161 4278 ψευδόχριστον,
1202 4212 1257 4261 τὸ
1280 4212 1533 4277 καρτερὸν
1570 4213 1661 4263 καὶ

1746 534 1993 586 derabitis
2025 533 2165 584 enim
2194 540 2273 584 est
2302 532 2502 584 sanctis
2535 532 2730 583 Lhristi
2764 530 3051 593 adventus;
3077 532 3271 597 quippe

1746 625 1835 689 qui
1889 636 2103 687 operum
2142 622 2440 671 mercedem
2487 619 2700 671 reddere
2732 620 2899 670 soleat
2957 620 3110 687 longe
3162 634 3270 669 am-

1746 712 2055 777 plissimam.
2098 708 2161 759 Et
2191 709 2300 758 hare
2328 708 2391 759 de
2416 708 2658 773 praesenti
2692 707 2849 771 libro,
2882 710 2970 774 qui
3044 717 3097 761 et
3148 725 3271 761 san-

1747 808 1861 849 ctus
1892 806 1944 847 et
1968 796 2223 847 divinitus
2251 794 2538 860 inspiratus
2574 804 2672 857 est,
2710 797 2954 863 viamque
2980 809 3175 849 certam
3208 801 3272 850 ad

1749 888 1953 937 beatam
1980 885 2213 951 requiem
2245 894 2297 936 et
2325 885 2478 934 linem
2511 886 2739 935 ostendit
2771 886 2834 936 iis
2882 888 2970 951 qui
2996 888 3274 953 diligenter

1749 975 1892 1027 illum
1927 974 2139 1041 legunt;
2180 975 2331 1040 cujus
2386 987 2601 1038 scepum
2659 974 2969 1025 universum
3034 976 3083 1025 in
3135 991 3275 1027 eom-

1750 1063 1995 1129 pendium
2031 1070 2387 1123 contractum,
2424 1062 2602 1128 paucis
2635 1077 2946 1127 preponam,
2981 1062 3139 1127 idque
3168 1080 3270 1115 non

1752 1150 2026 1211 inutiliter,
2062 1159 2119 1201 ut
2149 1164 2319 1215 spero.
2351 1147 2449 1201 Per
2494 1160 2679 1214 septem
2708 1150 2865 1214 igitur
2907 1148 3178 1211 licdesias,
3222 1162 3275 1201 et

1752 1239 2028 1290 tolerantia
2057 1240 2107 1289 iu
2148 1238 2404 1297 adversis,
2434 1250 2482 1289 et
2522 1239 2778 1289 modestia
2832 1252 3039 1288 rursum
3074 1238 3122 1287 in
3153 1252 3273 1304 pro—

1751 1328 1941 1392 speris,
1983 1326 2049 1377 ὀι
2102 1326 2215 1377 δίἣν
2266 1326 2501 1392 quaedam
2553 1327 2804 1377 virtutum
2873 1326 3071 1387 species
3123 1326 3274 1375 nuhis

1753 1415 2214 1469 commendantur.
2262 1413 2537 1480 Colligitur
2570 1413 2694 1465 hinc
2731 1428 2941 1479 quoque
3006 1429 3166 1463 unum
3213 1412 3275 1462 il-

1756 1501 1844 1552 lud
1880 1501 2143 1558 omnium,
2185 1500 2324 1566 quod
2358 1500 2555 1551 homini
2592 1500 2642 1551 in
2676 1509 2811 1551 terra
2860 1499 3129 1565 obtingere
3178 1516 3273 1566 pe-

1756 1597 1877 1647 test,
1910 1603 2163 1638 summum
2214 1603 2319 1638 esse
2373 1602 2549 1653 posse,
2603 1588 2850 1637 nimirum
2906 1603 3036 1653 puro
3086 1590 3277 1639 mentis

1757 1677 1910 1729 oculo
1936 1677 2163 1727 divinam
2190 1676 2239 1727 in
2282 1676 2428 1727 cwlis
2484 1676 2702 1743 gloriam
2766 1677 3139 1741 contemplari;
3174 1692 3276 1727 non

1756 1765 1876 1815 dico
1910 1764 2139 1813 divinam
2172 1764 2477 1824 essentiam,
2507 1765 2593 1814 sed
2649 1762 2732 1813 Dei
2774 1765 2999 1829 speciem
3038 1765 3278 1831 symbolo

1757 1852 2004 1918 quopiam
2038 1860 2255 1903 externo
2282 1852 2683 1912 adumbratam;
2720 1852 2829 1902 sive
2866 1852 2989 1903 illud
3038 1854 3105 1903 sit
3160 1868 3277 1918 pre-

1756 1939 2011 1990 tiosorum
2048 1938 2273 2003 lapidum
2328 1940 2593 2001 varietas;
2632 1942 2740 1989 sive
2795 1940 3141 1991 niulticoloris
3193 1941 3280 1990 iri-

1757 2024 1837 2074 dis
1864 2025 2067 2090 itnago;
2105 2026 2210 2073 sive
2237 2024 2413 2088 al'qua
2448 2026 2546 2075 alia
2574 2026 2831 2090 ejusmodi
2859 2027 3169 2086 similitudo,
3198 2044 3280 2092 pc-

1759 2113 1947 2163 culiari
1994 2112 2081 2163 Dei
2119 2114 2445 2177 providentia
2488 2112 2550 2163 ad
2589 2114 2685 2164 hoc
2719 2129 2909 2165 ιιιιιιιιις
2966 2116 3273 2168 obeundum

1756 2200 2047 2253 cliormata.
2082 2200 2346 2253 Discimus
2394 2216 2454 2251 ex
2500 2202 2601 2252 hoc
2644 2201 2800 2253 etiam
2850 2202 3136 2261 volumine,
3170 2218 3274 2253 non

1760 2280 1917 2341 modo
1952 2299 2163 2341 sanctas
2188 2289 2303 2341 illas
2364 2290 2709 2356 corporisque
2748 2300 2986 2354 expertes
3034 2293 3275 2353 virtutes,

1761 2379 1850 2429 sed
1883 2380 2121 2430 homines
2150 2392 2361 2443 quoque
2401 2378 2490 2443 qui
2526 2379 2576 2428 in
2602 2392 2826 2443 corpore
2882 2380 3129 2445 degentes
3173 2378 3275 2429 Do-

1762 2466 1909 2516 mino
1931 2465 2263 2531 placuerunt,
2296 2465 2435 2517 circa
2462 2466 2653 2517 divinae
2712 2466 3004 2530 majestatis
3032 2468 3276 2517 thronum

1761 2552 2097 2605 familiariter
2154 2554 2378 2615 versari,
2436 2553 2614 2605 adha’c
2683 2553 2891 2620 fulgura
2948 2564 3001 2605 ct
3050 2556 3279 2607 tonitrua

1766 2640 2053 2692 Dominieae
2084 2642 2371 2707 praesentiae
2400 2643 2653 2693 iudicium
2682 2641 2873 2695 facere.
2905 2642 3119 2694 Librum
3144 2660 3280 2711 pra:-

1767 2736 1910 2779 terea
1937 2728 2237 2779 divinorum
2261 2728 2583 2793 judiciorum
2631 2739 2829 2795 septem
2864 2730 3085 2795 spiritus
3134 2731 3271 2797 sigil-

1763 2815 1828 2867 lis
1857 2816 2207 2883 obsignatum,
2249 2817 2411 2867 multo
2442 2818 2803 2868 sublimiorem
2837 2833 2954 2870 esse
2982 2835 3141 2885 quam
3174 2823 3264 2888 qui

1767 2898 1995 2947 humana
2024 2908 2194 2948 mente
2226 2900 2395 2949 Valeat
2431 2902 2843 2965 comprehendi;
2905 2905 3142 2970 adeoque
3182 2922 3276 2972 per

1765 2985 1948 3047 alium,
1972 3000 2122 3050 quam
2148 3000 2235 3049 per
2265 2986 2413 3052 113
2438 2988 2641 3053 Agnum
2673 2988 2761 3039 Dei
2786 2991 3159 3057 quijugulatus
3176 3004 3277 3057 est,

1764 3074 1895 3125 solvi
1923 3074 2242 3138 nequivisse.
2277 3073 2425 3125 llunc
2452 3091 2609 3142 porro
2652 3079 3038 3145 Apocalypseos
3061 3080 3265 3133 divina-

1764 3176 1986 3226 rumque
2020 3162 2399 3213 revelationum
2455 3164 2643 3215 librum
2699 3181 2758 3217 ea
2818 3168 3076 3232 pra-cipue
3132 3184 3279 3222 com—

1766 3248 1941 3313 plecti,
1974 3263 2135 3311 qurea
2164 3250 2333 3313 primo
2366 3250 2557 3302 Christi
2592 3252 2815 3303 adventu
2854 3270 3025 3321 usque
3066 3257 3131 3307 ad
3164 3272 3263 3310 ειε-

1765 3336 1868 3387 culi
1927 3340 2437 3387 consummationem
2499 3340 2686 3404 partim
2746 3342 2958 3407 quidem
2992 3345 3099 3410 jam
3156 3360 3279 3397 eve-

1768 3435 1979 3485 nerunt,
2016 3426 2201 3490 partim
2236 3441 2360 3477 vero
2400 3438 2650 3479 eventura
2680 3429 2851 3483 adhuc
2882 3443 3276 3499 eXspeetantur.

1766 3510 2053 3562 Disseritur
2078 3512 2128 3561 in
2164 3513 2261 3563 hoc
2291 3527 2447 3578 opere
2474 3528 2682 3579 quoque
2715 3516 2779 3567 de
2805 3526 3097 3585 martyrum
3126 3521 3277 3571 forti-

1765 3600 1944 3651 tudine
1960 3609 2010 3651 et
2030 3601 2347 3663 constantia,
2366 3604 2427 3651 de
2450 3602 2645 3667 duplici
2672 3603 2963 3657 inﬁdelium
2997 3610 3273 3675 supplicio,

1762 3689 1826 3740 de
1868 3687 2162 3755 Evangelici
2199 3690 2417 3742 seminis
2442 3692 2699 3757 ubertate,
2739 3695 2801 3745 de
2833 3696 3142 3759 ignavorum
3169 3714 3277 3750 uto-

1765 3777 2001 3839 dicazque
2028 3776 2145 3826 tidei
2178 3776 2450 3828 hominum
2507 3779 2679 3839 ruina,
2717 3781 3006 3847 ultimaque
3062 3799 3275 3836 eorum-

1760 3862 1877 3911 dem
1905 3863 2205 3922 excisione;
2236 3863 2299 3914 de
2318 3864 2578 3916 desiderio
2605 3882 2709 3930 quo
2754 3876 2919 3919 sancti
2952 3872 3012 3919 de
3041 3873 3275 3923 secundo

1761 3950 1955 4003 Christi
1984 3951 2206 4002 adventu
2262 3950 2495 4017 ﬂagrant,
2534 3954 2596 4003 de
2630 3954 2854 4004 cladium
2902 3964 2953 4006 et
2995 3959 3273 4011 calamita-

1758 4048 1871 4099 tum
1905 4039 2285 4105 magnitudine,
2332 4056 2447 4106 quae
2474 4043 2780 4095 Antichristi
2818 4046 3097 4098 adventum
3125 4060 3273 4101 aute-

1763 4130 1985 4192 cedeut;
2016 4129 2078 4179 de
2112 4130 2263 4180 malis
2290 4130 2482 4195 pa‘riter
2511 4139 2562 4181 et
2613 4134 3085 4197 perseeutiunibus,
3140 4153 3275 4203 quas

1771 4218 1934 4277 idem,
1994 4216 2079 4268 ubi
2117 4218 2337 4277 venerit,
2382 4217 2631 4270 adversus
2655 4217 2985 4274 Christianos
3012 4224 3272 4278 incendet.

175 4297 389 4361 ἀνδρεῖον
404 4298 498 4364 τῆς
516 4297 689 4364 ψυχῆς
712 4298 1054 4365 παράστημα.
1082 4297 1375 4367 [Ὡσαύτως
1390 4298 1443 4349 δὲ
1466 4298 1663 4349 δείκνυ·
1700 4302 1738 4353 ο
1773 4305 1799 4354 Γ

1649 4328 1663 4336 -
1700 4302 1738 4353 ο
1773 4305 2101 4371 f‘ognosccre
2127 4304 2249 4356 hinc
2280 4308 2432 4356 etiam
2481 4308 2621 4369 licet,
2657 4308 2899 4362 homines
2926 4313 3273 4365 sanctimonia

176 4385 271 4452 ται]
299 4386 391 4435 καὶ
441 4388 473 4452 ἡ
519 4389 610 4451 τῆς
648 4386 990 4453 Ἰερουσαλὴμ
1034 4388 1307 4453 διαίρεσις,
1356 4389 1445 4439 καὶ
1491 4390 1517 4439 ὁ
1561 4389 1663 4439 τῶν

179 4473 383 4521 ἐθνικῶν
411 4473 613 4522 πόλεων
642 4476 960 4537 άφανισμδς,
988 4481 1075 4522 καὶ
1104 4476 1134 4540 ἡ
1163 4476 1251 4523 ἐπὶ
1278 4474 1479 4535 τούτοις
1507 4476 1663 4542 εὐχα-

180 4560 335 4623 ριστία
364 4559 469 4609 τῶν
510 4560 617 4610 ἄνω
648 4559 916 4626 δυνάμεων
937 4576 948 4588 ·
979 4562 1069 4609 καὶ
1090 4562 1115 4609 ό
1139 4563 1271 4611 κατὰ
1305 4563 1399 4628 τῆς
1446 4565 1663 4632 Ἐκκλη-

180 4648 279 4706 σίας
302 4647 353 4697 δὲ
382 4647 633 4711 διωγμὸς,
667 4649 755 4697 καὶ
786 4650 816 4714 ὴ
849 4648 937 4698 τοῦ
996 4648 1231 4699 διαὸόλου
1291 4652 1626 4713 κατάπτωσις
1648 4669 1661 4682 ·

177 4737 253 4785 καὶ
284 4738 314 4800 ὴ
347 4735 437 4784 τοῦ
480 4734 835 4802 Ἀντιχρίστου
881 4738 1161 4803 παρουσία,
1186 4738 1330 4805 καὶὴ
1364 4740 1451 4790 τοῦ
1482 4740 1663 4807 ψευδο-

181 4826 433 4889 προφήτου
475 4825 682 4889 ἁπάτη·
717 4824 807 4874 καὶ
842 4826 871 4891 ἡ
902 4825 1003 4873 τῶν
1036 4826 1344 4891 σωζομένων
1376 4828 1473 4896 [δὲ]
1505 4830 1660 4878 πολυ-

178 4909 380 4975 άριθμος
401 4911 601 4974 πληθὺς
630 4910 886 4977 [ἐντεῦθεν
908 4910 1195 4979 δηλοῦταιῇ
1228 4916 1313 4963 καὶ
1341 4917 1369 4980 ἡ
1399 4914 1533 4983 [τῆς]
1570 4916 1664 4965 Βα-

185 4998 396 5056 ευλῶνος
450 4997 679 5057 πτῶσις·
738 5001 883 5049 καὶὸ
920 5000 1014 5065 τῆς
1073 5003 1397 5067 παγκοσμίου
1469 5002 1663 5061 ἅλωνος

177 5085 380 5149 άμητὸς,
418 5083 508 5131 καὶ
537 5083 641 5132 τῶν
666 5083 760 5149 τῆς
793 5086 1006 5151 πικρίας
1031 5085 1260 5152 βοτρύων
1308 5090 1334 5137 ὁ
1376 5088 1657 5153 τρυγητός·

178 5175 253 5221 καὶ
285 5172 385 5220 τῶν
419 5171 581 5233 ἁγίων
613 5170 645 5236 ἡ
677 5170 1025 5238 καθαρωτάτη
1058 5173 1223 5238 λῆξις,
1253 5175 1433 5242 ύαλίνῃ
1465 5174 1658 5224 θαλάσ-

182 5275 235 5325 σῃ
264 5258 653 5334 ἁφωμοιωμένη
676 5272 687 5283 ·
718 5258 807 5307 κα)⁵
838 5262 867 5325 ἡ
896 5261 1206 5325 ὲπταφίαὲος
1237 5262 1332 5327 τῆς
1379 5263 1521 5321 θείας
1572 5264 1658 5327 ὁρ-

179 5349 262 5411 γῆς
288 5348 461 5414 χύσις,
498 5348 605 5404 τοῖς
638 5348 691 5394 ὲν
723 5349 787 5411 γῇ
827 5349 916 5395 καὶ
966 5348 1197 5417 θαλάσσῃ
1249 5349 1358 5417 [καὶ
1388 5352 1660 5417 ποταμοῖς]

179 5438 255 5483 καί
280 5437 475 5494 λοιποῖς
506 5431 800 5498 στοιχείοις,
833 5433 912 5482 διὰ
942 5436 1034 5501 τὴν
1065 5437 1166 5486 τῶν
1197 5438 1481 5505 ἀνθρώπων
1507 5457 1660 5506 πονηο

184 5521 281 5581 ρίαν
308 5524 399 5582 τὰς
430 5518 689 5579 κακώσεις
725 5520 1011 5583 ἐπάγουσα,
1039 5526 1126 5572 καὶ
1161 5526 1245 5574 τὸν
1290 5527 1387 5592 μὲν
1428 5527 1513 5577 τοῦ
1570 5527 1660 5595 θη-

1766 4402 1981 4443 ornatos
2037 4390 2143 4442 Deo
2182 4408 2346 4457 usque
2411 4396 2540 4445 adeo
2580 4396 2727 4446 cordi
2774 4411 3017 4464 curaeque
3051 4414 3187 4461 esse,
3221 4411 3275 4451 ut

1767 4479 2047 4544 impiorum
2126 4480 2439 4545 supplicium
2518 4483 2770 4547 tantisper
2853 4486 3272 4537 transferendum

1767 4565 1996 4624 duxerit,
2026 4564 2191 4615 donec
2222 4579 2310 4628 per
2335 4566 2662 4630 signaculum
2691 4567 2756 4616 ab
2780 4568 2979 4633 angelis
3012 4570 3269 4620 scelerqu

1766 4651 2063 4703 vindicibus
2114 4648 2444 4713 impressum,
2480 4650 2545 4700 ab
2607 4650 2785 4715 impiis
2850 4662 3270 4719 sccernereutur,

1769 4757 1851 4802 ne,
1888 4740 1930 4791 si
1963 4752 2116 4790 secus
2162 4736 2327 4798 ﬁeret,
2356 4739 2622 4789 communi
2657 4738 2791 4792 forte
2844 4741 2979 4793 cladi
3038 4742 3273 4795 involve-

1767 4837 1969 4879 rontur.
2024 4824 2229 4891 Septem
2288 4835 2534 4891 pra-terea
2587 4830 2891 4883 novissimis
2941 4834 3267 4901 temporibus

1768 4916 1943 4981 plagas
1980 4915 2029 4964 in
2060 4928 2149 4965 eos
2188 4915 2276 4979 qui
2306 4924 2509 4967 aetatem
2547 4918 2596 4967 in
2632 4919 2786 4971 terris
2816 4920 3030 4986 degunt,
3087 4923 3273 4974 crude-

1763 5004 1879 5054 liter
1918 5012 2282 5066 grassaturas;
2332 5020 2435 5069 quo
2472 5006 2718 5057 nimirum
2775 5008 2960 5059 horum
3013 5010 3273 5073 magnitu-

1763 5091 1883 5140 dine
1916 5088 2187 5149 admoniti,
2218 5088 2279 5139 ad
2309 5093 2701 5145 conversionem
2734 5105 3059 5159 spectemus;
3090 5096 3273 5147 Deum-

1763 5191 1883 5243 que,
1915 5189 1979 5225 ne
2011 5175 2167 5226 hasce
2202 5178 2484 5243 aliquando
2514 5182 2863 5246 experiamur,
2897 5184 3158 5248 supplices
3183 5185 3273 5235 de-

1766 5278 2060 5329 precemur.
2128 5263 2227 5315 Per
2288 5270 2528 5333 angelum
2601 5285 2758 5335 porro
2816 5272 2905 5337 qui
2964 5272 3269 5323 arternitatis

1763 5351 2101 5416 Evangelium
2136 5354 2361 5415 tenebat,
2430 5356 2597 5421 iisque
2621 5356 2707 5421 qui
2739 5360 2789 5408 in
2824 5366 2957 5408 terra
2985 5358 3269 5415 versaban-

1763 5448 1864 5495 tur.
1898 5439 2236 5503 prazdicahat,
2271 5443 2485 5507 angelos
2520 5459 2701 5495 omnes
2743 5446 2825 5509 pie
2859 5444 3142 5497 admodum
3165 5450 3269 5499 elc-

1764 5532 2070 5592 menterque
2103 5541 2224 5594 erga
2255 5544 2415 5593 genus
2446 5540 2681 5581 nostrum
2713 5531 2927 5585 aﬂ‘ectos
2970 5549 3085 5588 esse
3140 5536 3266 5587 insi-
