4112 6330
795 342 899 404 455

1973 343 2293 405 ANDRE/E
2330 344 2830 405 CIESARIENSIS

3861 353 3964 416 456

800 465 1017 508 nuntur.
1054 453 1192 517 Quin
1250 452 1316 506 de
1349 452 1553 508 Enochi
1585 462 1639 508 et
1667 441 1811 512 filiae.
1852 456 1943 524 qui
2004 458 2105 510 sub
2155 455 2314 509 saecul

2439 457 2553 524 ρίου
2582 458 2765 526 θρόνον
2789 456 3072 521 σκοτοῦσα,
3101 457 3415 517 ὀδοποιοῦσα
3444 460 3501 513 δὲ
3528 462 3640 524 τοῖς
3666 461 3758 515 τοῦ
3788 461 3965 515 διασό-

796 546 958 615 tinem
988 543 1199 598 venturi
1223 551 1369 609 sunt,
1405 552 1463 597 ut
1488 543 1949 614 pseudochristum
1996 552 2048 598 et
2099 543 2328 612 pseudo-

801 633 1112 703 prophetam
1147 633 1495 701 redarguant,
1529 634 1842 688 fortitudine
1885 633 2158 701 animique
2199 647 2327 686 con-

795 721 1013 785 stantia,
1043 732 1289 776 accurate
1344 724 1428 776 hic
1489 737 1705 792 quoque
1754 729 2041 785 tractatur;
2097 729 2208 776 tum
2263 720 2327 774 de

799 811 983 864 ultima
1035 810 1320 880 Babylonis
1383 814 1536 867 ruina
1589 822 1642 866 et
1699 809 2086 874 internecione,
2152 811 2327 877 deque

794 902 1068 954 civitatum
1121 899 1358 966 gentium
1406 901 1710 967 eversione;
1761 909 1872 953 tum
1922 899 1988 952 de
2049 898 2228 952 lmtitia
2273 907 2325 951 et

793 990 959 1042 animi
1008 991 1391 1051 exsultatione,
1441 1004 1603 1058 quam
1655 1003 1898 1058 superna:
1935 989 2159 1042 virtutes
2206 998 2322 1040 eam

793 1080 862 1131 ob
889 1093 995 1130 rem
1027 1079 1376 1145 concipiunt;
1406 1079 1472 1132 de
1501 1079 1697 1133 diaboli
1727 1092 1880 1141 casu,
1910 1076 1975 1132 de
2007 1090 2144 1135 saeva
2170 1073 2323 1136 Anti-

789 1165 978 1217 christi
1030 1163 1167 1216 furia
1215 1175 1271 1217 et
1319 1166 1655 1228 crudelitate,
1710 1164 1776 1218 de
1844 1160 2322 1231 pseudopmphete

792 1251 978 1307 fraude
1029 1261 1081 1304 et
1130 1255 1446 1321 impostura,
1480 1255 1545 1307 de
1573 1253 1889 1321 gravissima
1923 1251 2179 1306 Ecclesiae
2200 1264 2322 1320 per-

789 1341 1090 1407 secutione,
1120 1343 1186 1396 de
1224 1344 1505 1396 innumera
1541 1343 1915 1398 salvandorum
1965 1343 2321 1409 multitudine,

785 1428 852 1481 de
901 1428 1047 1480 orbis
1100 1430 1334 1484 universi
1367 1436 1491 1483 area
1544 1437 1598 1483 et
1648 1444 1843 1495 messe,
1901 1429 1967 1484 de
2007 1431 2320 1484 acerbarum

787 1531 1012 1569 uvarum
1045 1518 1337 1580 vindemia,
1372 1520 1439 1570 de
1470 1519 1758 1586 purissima
1802 1527 2115 1576 sanctorum
2145 1519 2324 1587 quiete

787 1607 959 1657 vitreo
981 1607 1112 1658 mari
1146 1607 1465 1671 assimilata,
1515 1607 1582 1660 de
1628 1613 1832 1675 septem
1883 1608 2080 1675 phialis
2130 1605 2323 1664 divina:

784 1693 902 1756 irae,
935 1695 1108 1748 in-eos
1137 1694 1320 1748 effusis
1346 1697 1438 1763 qui
1483 1705 1679 1750 terram
1730 1706 1784 1752 et
1815 1709 1962 1752 mare
1998 1706 2051 1752 et
2099 1697 2318 1755 ﬂumina

2433 544 2523 596 λου
2549 543 2909 608 ὑπασπισταῖς
2933 545 3030 616 τὴν
3054 544 3140 599 διὰ
3168 545 3260 600 τοῦ
3289 545 3572 617 Εὐφράτου
3604 554 3825 621 πορείαν
3870 553 3964 605 καὶ

2432 632 2530 702 τὴν
2554 632 2732 691 αὐτῶν
2759 633 3039 687 ἀσθένειαν
3069 634 3457 706 ἀπελέγχουσα,
3487 640 3580 696 καὶ
3611 640 3702 692 τδν
3733 643 3962 710 παντελῆ

2434 721 2648 790 σεισμὸν
2674 723 2773 791 τῆς
2820 723 2926 776 τῶν
2958 726 3239 793 παρόντων
3290 727 3628 795 μεταθέσεως
3671 729 3745 799 τῷ
3775 731 3963 800 κόσμῳ

2429 811 2704 877 ἐπάγουσα
2725 829 2740 844 ο
2767 814 2854 866 ὅτε
2887 815 2918 883 η
2949 816 3119 885 πόρνη
3153 815 3302 880 πόλις
3329 815 3421 869 καὶ
3451 817 3714 889 θηριώδης
3747 820 3836 873 καὶ
3886 823 3962 890 τῷ

2428 897 2652 967 διαὸόλῳ
2681 901 3154 971 ἐπαναπαυομέιη,
3181 903 3277 972 τὴν
3305 905 3614 971 πρέπουσαν
3637 907 3772 976 αύτῇ
3805 925 3962 960 κατα-

2431 985 2664 1056 στροφὴν
2693 988 2917 1054 δέξεται.
2949 992 3082 1044 Μεθ’
3127 994 3194 1063 ἢν
3220 993 3284 1046 ἐκ
3313 994 3410 1064 μὲν
3440 992 3545 1049 τῶν
3572 994 3959 1066 ὑπερκοσμίων

2429 1071 2708 1143 δυνάμεων
2738 1078 2978 1146 ὑμνεῖται
3008 1078 3158 1146 Θεὸς,
3187 1083 3220 1151 ἡ
3249 1079 3305 1134 δὲ
3345 1080 3634 1152 Ἐκκλησία
3659 1085 3691 1154 ὴ
3719 1083 3829 1138 ἄνω
3872 1086 3960 1137 Ίεο

2432 1162 2719 1233 ρουσαλὴμ
2755 1165 2830 1234 τῷ
2861 1166 3078 1238 Χριστῷ
3114 1171 3441 1224 συνάπτεται
3470 1173 3603 1243 πρὸς
3631 1173 3956 1243 ακριδεστά-

2428 1267 2526 1322 την
2551 1253 2758 1318 ἕνωσιν,
2789 1259 2822 1326 ὴ
2852 1257 2907 1309 δὲ
2930 1257 3029 1327 τῆς
3080 1257 3244 1330 ὀργῆς
3270 1262 3516 1314 πατεῖται
3538 1261 3715 1332 ληνός.
3750 1262 3858 1316 Τοῦ
3901 1261 3957 1318 δέ

2428 1339 2615 1411 νοητοῦ
2643 1342 2876 1410 δείπνου,
2907 1346 2995 1400 διὰ
3012 1349 3107 1416 τῆς
3135 1349 3243 1402 τῶν
3279 1351 3478 1419 γηΐνων
3510 1352 3794 1423 ἐκλείψεως
3828 1371 3955 1421 pce—

2427 1425 2638 1499 έιουσιν
2698 1433 2746 1484 oi
2799 1433 3014 1500 ἄγγελοι
3063 1438 3158 1488 καὶ
3225 1437 3274 1490 oi
3329 1438 3601 1507 ἰσάγγελοι
3663 1439 3954 1510 ἂνθρωποι,

2425 1515 2516 1569 τοῦ
2567 1520 2931 1590 Ἀντιχρίστου
2966 1511 3059 1576 καὶ
3087 1523 3178 1583 τοῦ
3202 1523 3503 1588 ὕπαπιστοῦ
3526 1526 3686 1582 αὑτοῦ
3718 1529 3781 1604 τῇ
3808 1527 3957 1596 γεέν-

2429 1621 2494 1676 νῃ
2524 1610 2978 1678 παραδιδομένων.
3023 1611 3299 1666 Ἐντεῦθεν
3337 1614 3451 1666 ἐστι
3483 1617 3575 1668 καὶ
3600 1615 3689 1668 τὸν
3721 1615 3812 1670 τοῦ
3842 1616 3957 1678 δια-

2426 1681 2576 1749 ϐόλου
2603 1697 2813 1766 δεσμὸν,
2848 1700 2940 1751 καὶ
2966 1701 3063 1770 τὴν
3095 1703 3426 1772 πρόσκαιρον
3475 1705 3636 1756 αὐτοῦ
3665 1703 3818 1759 λύσιν
3848 1726 3951 1775 μαι

782 1788 838 1832 et
864 1781 1069 1849 reliqua
1123 1782 1387 1834 elementa
1451 1781 1771 1848 inhabitant,
1806 1783 1980 1853 deque
2017 1788 2214 1841 crudeli
2241 1787 2318 1841 af-

2425 1785 2550 1849 θεῖν,
2577 1787 2670 1836 καὶ
2698 1785 2792 1855 τὴν
2823 1789 3106 1858 ὲκπομπὴν
3133 1790 3228 1860 τὴν
3257 1790 3335 1853 είς
3383 1791 3674 1859 ἀπώλειαν,
3706 1795 3800 1847 καὶ
3824 1822 3828 1828 ·
3849 1797 3958 1849 τῶν

783 1868 1017 1922 tlictione
1046 1878 1099 1922 et
1122 1870 1449 1935 calamitate,
1491 1887 1611 1946 quae
1641 1872 1765 1927 hinc
1796 1887 2013 1944 propter
2041 1876 2321 1932 hominum

784 1957 1041 2011 malitiam
1071 1968 1500 2026 consequentur;
1553 1961 1619 2014 de
1643 1961 1826 2018 bestiae
1852 1963 2051 2016 throno
2085 1979 2179 2034 per
2212 1980 2324 2021 eas-

788 2051 912 2102 dem
944 2048 1150 2116 phialas
1175 2050 1311 2103 laede
1343 2051 1653 2117 obscurato,
1677 2051 1744 2106 de
1764 2052 1849 2106 via
1882 2068 1976 2124 per
2000 2054 2319 2123 Euphratem

781 2136 982 2188 diaboli
1019 2137 1338 2190 satellitibus
1388 2139 1679 2208 patefacta,
1738 2142 1983 2211 miraque
2010 2146 2318 2201 eorumdem

782 2224 1127 2288 inﬁrmitate;
1162 2224 1229 2279 de
1260 2227 1564 2280 admirabili
1600 2242 1780 2282 rerum
1832 2231 2074 2290 omnium
2133 2231 2322 2288 confu-

781 2315 928 2368 sione
946 2323 999 2372 et
1022 2316 1501 2379 transmutatione;
1520 2333 1639 2387 quae
1659 2319 1747 2372 ubi
1777 2320 2005 2388 primum
2034 2322 2318 2377 fornicaria

783 2404 870 2456 illa
901 2413 955 2455 et
983 2403 1216 2455 helluina
1240 2403 1428 2459 civitas
1446 2405 1754 2474 diabolique
1782 2407 1936 2462 sedes
1964 2412 2317 2476 eversionem,

782 2505 944 2557 quam
979 2490 1268 2556 promerita
1299 2500 1401 2552 est,
1456 2505 1706 2560 perpessa
1733 2490 1914 2554 fuerit,
1949 2503 2212 2548 terrarum
2241 2510 2321 2550 or.

783 2580 902 2636 bem
931 2578 1166 2631 invadet.
1192 2576 1321 2632 Post
1345 2579 1460 2632 haec
1486 2582 1772 2648 exponitur
1797 2590 1854 2634 ut
1878 2583 2120 2637 ccelestes
2133 2599 2321 2652 super-

785 2670 1174 2738 mundanazque
1192 2677 1412 2722 Virtutes
1441 2668 1608 2722 Deum
1635 2670 1875 2734 laudent,
1894 2680 1953 2725 ut
1974 2687 2206 2742 superna
2233 2675 2320 2727 illa

783 2759 1099 2822 Jerusalem,
1132 2773 1252 2826 quae
1274 2767 1357 2812 est
1381 2756 1640 2822 Ecclesia,
1670 2761 2076 2818 accuratissima
2121 2763 2321 2818 unione

780 2844 996 2899 Christo
1011 2846 1387 2915 conjungatur,
1411 2855 1469 2899 ut
1488 2849 1580 2901 irae
1600 2846 1794 2902 divina:
1812 2849 2045 2903 torcular
2065 2853 2317 2918 calcetur,

782 2937 1186 2996 utAntichristo
1217 2937 1567 3009 ejusdemque
1615 2939 1842 2994 satellite
1875 2950 1927 2994 et
1951 2941 2320 3016 protospatha-

2428 1873 2547 1946 [τῷ]
2586 1875 2798 1946 Χριστῷ
2830 1876 3321 1946 συμϐασιλευόντων
3349 1881 3516 1949 άγίων
3539 1883 3826 1954 μαρτύρων
3853 1886 3960 1956 πρὸ

2427 1964 2524 2033 τῆς
2554 1963 2648 2016 τοῦ
2692 1964 3054 2036 Ἀντιχρίστου
3083 1961 3375 2041 παρουσίας
3418 1971 3515 2041 τὴν
3546 1974 3919 2042 μακαριότητα
3940 1987 3956 2003 ·

2428 2053 2544 2121 μεθ’
2574 2053 2641 2123 ἦν
2669 2054 2802 2126 πρὸς
2837 2054 3012 2122 ὀλίγον
3035 2053 3212 2119 λυθεὶς
3234 2059 3262 2110 ό
3301 2057 3562 2125 διάϐολος,
3592 2060 3798 2113 καὶτὸν
3834 2057 3958 2131 Γὼγ

2425 2142 2516 2194 καὶ
2543 2139 2679 2214 [τὸν]
2706 2139 3198 2215 Μαγὼγταράξας,
3246 2145 3342 2206 σὺν
3388 2149 3571 2212 αὐτοῖς
3622 2151 3958 2222 κολασθήσε-

2422 2244 2542 2295 ται,
2559 2230 2682 2283 ὅταν
2713 2229 2853 2302 [καὶ]
2879 2231 2945 2283 τὰ
2973 2225 3150 2301 βιβλία
3185 2231 3292 2292 τῶν
3319 2236 3531 2307 ἑκάστῳ
3551 2237 3957 2312 πεπραγμένων

2425 2318 2517 2369 καὶ
2554 2318 2586 2388 ἡ
2615 2317 2789 2386 βίϐλος
2817 2319 2916 2386 τῆς
2947 2318 3089 2394 ζωῆς
3144 2317 3450 2390 ἁνοιχθῶσι,
3486 2326 3578 2379 καὶ
3631 2329 3679 2379 ot
3723 2328 3822 2396 μὲν
3861 2327 3959 2388 τοῦ

2425 2407 2671 2477 δευτέρου
2697 2408 2923 2461 θανάτου
2946 2410 3197 2479 τύχωσιν,
3229 2413 3276 2466 οι
3310 2411 3365 2466 δὲ
3389 2418 3486 2485 τῆς
3517 2417 3626 2470 άνω
3686 2417 3957 2487 Ἰερουσα-

2423 2497 2532 2565 λὴμ
2556 2497 2647 2551 καὶ
2695 2497 2791 2568 τῆς
2837 2498 3068 2570 Χριστοῦ
3131 2505 3480 2573 νυμφεύσεως
3539 2506 3955 2580 άξιωθήσονται,

2439 2587 2530 2638 Ἐκ
2550 2586 2746 2657 ταύτης
2785 2587 2882 2658 τῆς
2912 2586 3058 2653 θείας
3094 2589 3276 2659 βίδλου
3331 2597 3423 2647 καὶ
3469 2596 3527 2657 τὸ
3574 2597 3671 2669 τῆς
3714 2599 3828 2654 άνω
3861 2597 3957 2660 πό-

2425 2674 2556 2738 λεως
2580 2675 2846 2745 διάστημα
2871 2679 2966 2730 σὺν
2984 2675 3147 2746 τείχει
3168 2678 3260 2731 καὶ
3288 2683 3523 2737 πυλεῶσι
3549 2688 3640 2739 καὶ
3665 2685 3954 2756 θεμελίοις,

2423 2767 2498 2829 ὼς
2524 2763 2590 2837 ἦν
2613 2769 2848 2836 δυνατὸν,
2875 2768 2977 2823 ὑπὸ
3034 2775 3128 2824 τοῦ
3177 2774 3403 2841 ἀγγέλου
3451 2777 3811 2846 μανθάνομεν,
3861 2780 3958 2831 καὶ

2425 2857 2515 2911 τὸν
2552 2857 2760 2914 ἐκεῖθεν
2785 2859 2926 2914 θετον
2951 2863 3186 2932 ποταμδν
3214 2859 3306 2917 τοῦ
3337 2861 3646 2934 Πνεῦματος
3666 2867 3961 2939 ἐκπορευέ-

2426 2964 2617 3016 μενονο
2647 2948 2726 3003 ὅτι
2756 2964 2813 3005 τε
2873 2952 3026 3020 λόγος
3068 2956 3242 3021 οὐδεὶς
3290 2958 3637 3031 παραστῆσαι
3682 2960 3789 3015 τῶν
3841 2959 3957 3019 ἄνω

783 3025 864 3079 rio
879 3025 1130 3094 gehennae
1157 3025 1499 3090 contraditis,
1526 3028 1860 3098 terrenisque
1881 3032 2244 3099 voluptatibus
2265 3044 2320 3087 et

2421 3038 2517 3107 τὴν
2547 3040 2870 3110 εὐπρέπειαν
2914 3042 3152 3110 δύναται,
3188 3047 3220 3116 ἢ
3260 3025 3660 3120 τὴνίδόξαν-τὴν
3702 3051 3954 3122 ἀπέρα)⁸

775 3116 924 3169 curis
956 3130 985 3170 e
1011 3118 1189 3168 medio
1244 3117 1494 3181 sublatis,
1535 3132 1654 3174 cum
1705 3121 1879 3189 angeli
1925 3130 2035 3174 tum
2075 3122 2318 3176 homines

2421 3145 2527 3180 τον.
2557 3127 2650 3191 Είς
2671 3131 2735 3198 ἣν
2759 3133 2902 3200 ἡμᾶς
2942 3110 3257 3204 προτρέπῶν
3368 3110 3506 3202 θεῖος
3551 3110 3827 3214 Θεόλόγοςὶ
3864 3144 3958 3196 ἐν·

781 3219 997 3272 quoque
1044 3205 1134 3271 qui
1167 3204 1468 3273 angelicam
1530 3207 1692 3258 vitam
1745 3208 2034 3271 duxerant,
2083 3213 2321 3279 mystica:

783 3307 951 3345 creua:
990 3292 1280 3362 participes
1330 3292 1673 3349 declarentur
1726 3311 1737 3345 :
1794 3305 1851 3348 ut
1908 3297 2151 3352 diabolus
2200 3310 2322 3353 ante

781 3379 980 3446 ligatus
1037 3377 1104 3430 ad
1155 3387 1363 3445 tempus
1430 3379 1688 3445 solvatur,
1745 3396 1807 3435 ac
1865 3383 2056 3437 deinde
2106 3399 2320 3440 rursum

784 3467 1134 3534 exscindatur
1159 3476 1212 3520 et
1236 3467 1289 3518 in
1327 3466 1601 3520 interitum
1634 3469 1934 3538 abjicialur,
1968 3482 2024 3525 ut
2063 3484 2323 3554 martyres

694 3554 696 3556 ’
784 3571 906 3614 eum
932 3555 1143 3608 Christo
1165 3563 1403 3625 regnent,
1438 3556 1594 3632 114
1608 3557 2137 3629 beatititudinemque
2162 3565 2320 3616 etiam

778 3648 910 3700 ante
927 3645 1242 3706 Antichristi
1258 3645 1544 3700 adventum
1571 3637 1878 3705 obtineant:
1900 3660 1949 3702 ut
1971 3651 2210 3707 diabolus
2227 3652 2325 3708 Go-

781 3731 907 3806 gu‘m
939 3746 994 3790 et
1018 3735 1300 3804 Magogum
1331 3736 1383 3790 iu
1411 3737 1654 3805 praelium
1683 3739 1932 3805 concitet,
1968 3741 2184 3809 citoque
2217 3757 2320 3797 una

785 3843 905 3880 cum
935 3827 1041 3881 illis
1066 3827 1119 3881 in
1146 3827 1417 3881 interitum
1440 3827 1616 3893 ,abeat
1646 3844 1661 3882 ς
1690 3836 1748 3883 ut
1797 3829 1920 3884 libri
1959 3840 2078 3886 acta
2132 3834 2321 3888 unius-

783 3915 1049 3983 cujusque
1077 3915 1435 3979 continentes,
1461 3927 1514 3969 et
1547 3915 1680 3977 liber
1697 3917 1821 3970 item
1845 3919 1968 3972 vitae
1993 3922 2319 3988 aperiantur,

795 4004 996 4069 aliique
1016 4003 1252 4056 secunda
1279 4012 1450 4062 morte
1472 4002 1748 4070 feriantur,
1781 4006 1869 4058 alii
1887 4017 2071 4067 contra
2092 4022 2321 4076 superna

791 4090 1089 4146 Jerusalem
1112 4091 1423 4160 Christique
1457 4095 1658 4161 nuptiis
1681 4093 1828 4162 digni
1883 4105 2221 4148 censeantur.
2246 4097 2322 4150 Ex

788 4180 891 4232 hoc
927 4179 1146 4236 tandem
1178 4180 1318 4232 libro
1338 4180 1492 4247 plane
1511 4183 1694 4234 divino
1714 4181 1922 4238 discere
1946 4182 2096 4246 licet,
2123 4193 2323 4250 quanta

791 4281 1037 4333 supernae
1052 4267 1280 4321 civitatis
1300 4267 1373 4319 sit
1389 4266 1730 4335 intercapedo
1741 4276 1792 4320 et
1809 4269 2137 4337 magnitudo;
2156 4271 2327 4338 cujus-

792 4355 933 4407 modi
957 4354 1196 4422 ejusdem
1215 4356 1376 4420 muri,
1401 4364 1455 4408 et
1475 4365 1661 4424 portae,
1705 4365 1757 4410 et
1782 4357 2131 4412 fundamenta
2173 4361 2316 4431 (nam

791 4443 904 4496 haec
920 4447 1100 4498 omnia
1118 4445 1343 4513 angelus
1359 4456 1556 4514 quanta
1575 4447 1681 4501 fieri
1711 4449 1877 4516 potuit
1893 4451 2163 4518 diligentia
2187 4453 2318 4506 deli-

792 4532 1014 4604 neavit).
1049 4535 1239 4599 Qualis
1285 4552 1494 4589 rursum
1531 4537 1693 4590 divini
1733 4539 1965 4607 Spiritus
2010 4541 2203 4596 ﬂuvius
2255 4559 2319 4598 ex

793 4622 881 4676 Dei
910 4625 1104 4677 throno
1133 4627 1403 4694 procedat,
1426 4639 1477 4680 et
1504 4643 1596 4695 per
1621 4630 1827 4684 medias
1847 4631 2049 4698 plateas
2079 4648 2195 4688 sese
2214 4635 2319 4689 dif-

791 4712 998 4766 fundat.
1020 4715 1255 4783 Denique
1272 4733 1450 4770 rerum
1479 4719 1784 4772 cmlestium
1807 4721 2075 4788 decorem,
2096 4726 2319 4794 gleriam

794 4810 845 4852 ct
881 4811 1213 4855 venustatem
1247 4820 1365 4858 esse
1412 4814 1635 4868 tantam,
1689 4818 1748 4860 ut
1801 4810 1951 4864 nulla
1997 4815 2170 4868 oratio
2227 4831 2321 4883 pro

792 4886 1051 4954 dignitate
1075 4902 1193 4940 eam
1243 4892 1510 4957 eapiicare
1563 4895 1755 4947 valeat.
1797 4898 1875 4948 Ad
1900 4913 2056 4968 quam
2097 4905 2322 4971 proinde

792 4975 1009 5028 divinus
1041 4974 1346 5044 Theologus
1374 4984 1486 5030 teto
1507 4982 1689 5034 animo
1709 4986 1985 5050 anhelans,
2011 5005 2216 5062 nosque
2258 5008 2321 5046 eo

797 5066 1108 5132 pertrahere
1139 5076 1414 5133 satagens,
1440 5070 1515 5122 ait
1545 5089 1559 5124 :
1598 5069 1743 5137 Veni,
1773 5075 1986 5132 Domine
2023 5081 2180 5149 er,
2232 5088 2320 5154 qui

793 5167 853 5204 ea
887 5152 1112 5205 daturus
1142 5169 1218 5214 es,
1248 5169 1364 5219 quae
1393 5160 1698 5224 pra-parasti
1726 5167 1944 5219 sanctis.
1979 5168 2213 5233 Quarum
2240 5152 2323 5226 re-

793 5256 910 5293 rum
944 5255 1282 5312 censpeetum
1318 5255 1370 5296 et
1400 5262 1577 5310 usum,
1609 5251 1808 5306 utinam
1839 5271 1930 5323 per
1967 5260 2158 5317 ardens
2190 5263 2323 5331 legis

797 5333 1070 5384 servanda:
1096 5333 1446 5401 desiderium,
1477 5339 1746 5407 animique
1772 5344 2063 5414 lenitatem,
2089 5360 2144 5404 et
2175 5365 2323 5404 man-

795 5421 1149 5483 suetudinem,
1194 5433 1244 5475 et
1272 5426 1451 5479 cordis
1499 5414 1854 5486 humilitatem
1886 5445 1937 5488 et
1981 5441 2321 5504 munditiam,

797 5507 1080 5571 aliquando
1123 5526 1540 5581 consequamur.
1583 5519 1795 5573 Etenim
1837 5539 1901 5577 ex
1944 5528 2122 5582 animo
2169 5542 2324 5582 man-

797 5604 945 5645 sueto
978 5600 1238 5668 cordcque
1261 5605 1446 5658 humili
1471 5617 1521 5660 et
1551 5613 1768 5676 mundo,
1793 5613 2008 5672 humilis
2035 5626 2322 5675 constans-

2419 3216 2654 3272 τέλλεται
2686 3220 2879 3292 λέγειν·
2909 3224 3146 3298 Ἔρχου,
3175 3227 3371 3297 δηλαδὴ
3415 3231 3442 3280 ὁ
3488 3229 3656 3285 ταῦτα
3703 3231 3958 3303 παρέξων

2418 3303 2451 3360 ὰ
2475 3305 2581 3366 τοῖς
2604 3305 2770 3374 ἁγίοις
2792 3309 3109 3377 ἡτοίμασας.
3149 3305 3245 3366 Ὧν
3268 3316 3587 3385 ἐφιεμένους
3632 3319 3803 3389 ἡμᾶς,
3847 3321 3958 3374 ὑπὸ

2419 3395 2515 3463 τῆς
2542 3393 2663 3457 θέας
2695 3395 2789 3452 καὶ
2821 3396 2914 3466 τῆς
2933 3401 3277 3464 ἀπολαύσεως
3300 3404 3508 3469 γένοιτο
3530 3407 3770 3477 διαπύρῳ
3803 3405 3958 3479 πόθῳ

2419 3483 2515 3550 τῆς
2544 3483 2649 3536 τῶν
2670 3482 2828 3538 θείων
2859 3488 3084 3542 ἐντολῶν
3108 3491 3388 3562 τηρήσεως
3432 3493 3603 3550 ταῦτα
3651 3497 3958 3566 κτήσασθαι

2420 3573 2474 3623 ἐν
2511 3574 2850 3646 μακροθυμίᾳ
2910 3579 2999 3630 καὶ
3031 3581 3294 3651 πραότητι
3345 3584 3435 3636 καὶ
3463 3587 3957 3660 ταπεινοφροσύνῃ,

2419 3663 2508 3713 καὶ
2534 3663 2752 3733 καρδίας
2772 3667 3111 3738 καθαρότητι·
3138 3672 3194 3737 ἐξ
3214 3669 3279 3742 ἦς
3293 3671 3627 3744 άρέμσαστος
3649 3683 3741 3731 καὶ
3757 3679 3962 3734 ἀθόλω-

2418 3770 2504 3815 τος
2527 3757 2797 3828 προσευχὴ
2814 3758 3074 3825 τίκτεται,
3096 3765 3434 3832 γυμνδνλνοῦν
3453 3766 3627 3838 πάσης
3650 3771 3841 3842 ὑλικῆς
3869 3775 3959 3827 ἐν.

2417 3843 2559 3906 νοίας
2577 3849 2877 3915 παριστᾶσα
2893 3849 2966 3919 τῷ
2983 3849 3089 3902 τῶν
3103 3852 3344 3922 κρυφίων
3359 3857 3566 3934 ἐπόπτῃ
3577 3860 3709 3928 Θεῷ,
3723 3861 3961 3930 δαιμονι-

2418 3935 2537 3995 καῖς
2570 3932 2677 4005 [τε]
2703 3936 2936 4001 ἀπάταις
2962 3942 3054 3992 καὶ
3082 3941 3410 4008 προσϐολαῖς
3449 3932 3786 4023 ἀδιάφθορον.
3843 3953 3961 4015 Καὶ

2419 4024 2524 4090 γὰρ
2564 4025 2769 4091 ἐφίεται
2800 4029 2827 4078 ὀ
2881 4030 3127 4082 ἀπατεὼν
3158 4031 3347 4104 ἐχθρὸς
3390 4036 3448 4087 ἐν
3478 4040 3593 4097 ταῖς
3637 4041 3770 4108 πρὸς
3819 4042 3960 4097 Θεὸν

2419 4109 2518 4202 της
2553 4114 2774 4180 καρδίας
2802 4114 3091 4184 ἐντεύξεσι,
3143 4119 3408 4194 μοιχικῶς
3455 4125 3588 4195 αὐτῇ
3637 4129 3957 4202 μίγνυσθαι,

2423 4197 2716 4266 φθοροποιὰ
2742 4204 3077 4275 ἐπισπείρων
3098 4205 3404 4287 σπέρματα,
3435 4213 3532 4281 τῆς
3583 4214 3730 4278 θείας
3779 4197 3959 4291 αὐτὴν

2422 4287 2748 4343 ἀποσπῶντα
2794 4293 3066 4360 ἐνώσεωςο
3097 4295 3179 4350 ἳνα
3210 4295 3284 4368 μὴ
3311 4303 3367 4351 ἐν
3421 4305 3485 4370 τῇ
3541 4303 3733 4375 μελέτῃ
3780 4287 3961 4380 αὑτῆς

2427 4374 2662 4445 ἐκκαυθῇ
2699 4376 2806 4448 πῦρ
2830 4381 3111 4435 ἀναλίσκον
3148 4385 3215 4439 τὰ
3239 4387 3397 4447 αὑτοῦ
3425 4374 3788 4462 μηχανήματα
3810 4410 3825 4424 °
3861 4374 3960 4460 καὶ,

2424 4464 2580 4542 γάρὸ
2609 4466 2736 4531 Θεὸς
2765 4469 2918 4538 ὴμῶν
2942 4473 3048 4542 πῦρ
3072 4475 3457 4532 καταναλίσκον
3481 4499 3491 4510 ·
3523 4486 3614 4535 καὶ
3641 4484 3738 4558 τὴν
3770 4487 3959 4540 καθα-

2425 4553 2532 4644 ρῶς
2562 4558 2653 4608 καὶ
2674 4558 2946 4625 άθολώτως
2972 4566 3117 4633 αὐτῷ
3144 4571 3571 4637 προσομιλοῦσαν
3601 4553 3796 4644 φυγὴν,
3847 4578 3959 4631 κᾶν

2425 4642 2458 4718 ᾖ
2486 4648 2856 4742 κατεψυγμένη
2879 4658 2993 4719 ταῖς
3020 4659 3329 4729 ἁμαρτίαις,
3358 4662 3561 4732 θερμὴν
3587 4642 3962 4742 κάλ’[παντὸς]

2426 4733 2594 4831 πυρὸς
2623 4742 2930 4831 -καυστικοῦ
2984 4746 3219 4815 γόνιμον
3256 4748 3653 4819 ἀπεργάζεται·
3703 4733 3964 4831 καθάπερ

2425 4823 2517 4873 καὶ
2548 4825 2575 4874 ὁ
2619 4825 2765 4892 ἣλιος
2816 4828 3108 4903 [σφοδρῶς]
3167 4835 3484 4906 ἐπιλάμπων
3516 4843 3698 4903 σκεύει
3753 4823 3964 4918 ὑαλίνῴ

2427 4914 2836 4986 πεπληρωμένῳ
2863 4921 3067 4986 ὓδατος,
3098 4924 3203 4994 πῦρ
3230 4925 3432 4980 ἐκεῖθεν
3460 4931 3640 4999 ἐξάγει
3665 4938 3801 4989 κατά
3831 4914 3966 5000 ’τινα

2423 5005 2673 5068 ἀνάζεσιν
2701 5014 2792 5070 καὶ
2819 5013 3144 5067 ἀνάκλασινο
3199 5020 3311 5085 εἴγε
3366 5025 3457 5075 καὶ
3508 5028 3663 5095 ἡμεῖς
3719 5027 3965 5110 καθαρὸν

2426 5095 2514 5149 τὸν
2539 5098 2660 5149 ναὸν
2684 5099 2773 5151 τοῦ
2800 5101 3110 5173 Πνεύματος
3142 5107 3215 5169 ὡς
3247 5110 3424 5176 ὕαλον,
3469 5116 3599 5175 ἀλλὰ
3631 5119 3703 5188 μὴ
3732 5095 3965 5187 πήλιξιον

2426 5187 2456 5253 ἢ
2483 5186 2793 5255 ὀστράκινον
2832 5195 2923 5244 καὶ
2947 5195 3045 5262 τῆς
3077 5193 3220 5258 θείας
3249 5201 3457 5265 ἀκτῖνος
3484 5186 3850 5270 ἀνεπίδεκτον,
3885 5209 3966 5288 τῷ

2439 5275 2597 5345 Ἡλίῳ
2625 5280 2718 5346 τῆς
2749 5282 3084 5351 δικαιοσύνης
3133 5287 3461 5358 ἐπιδείξομεν
3490 5309 3501 5322 ·
3530 5294 3608 5359 ὃς,
3635 5296 3837 5357 πάντας
3869 5275 3963 5348 osi

2427 5363 2531 5416 λων
2559 5367 2792 5438 σωθῆναι
2823 5370 2915 5421 καὶ
2944 5370 3020 5431 είς
3048 5373 3333 5440 ἐπίγνωσιν
3355 5380 3606 5448 ἀληθείας
3631 5382 3825 5444 ἐλθεῖν,
3857 5388 3964 5436 πᾶ-

2432 5469 2513 5505 σιν
2537 5456 2832 5523 ἐπιλάμπει
2856 5458 2954 5527 τῆς
2986 5462 3186 5525 οἰκείας
3218 5466 3406 5534 αἴγλης
3435 5471 3530 5539 τὴν
3554 5472 3709 5539 χάριν
3740 5472 3964 5524 ἀκώλυ-

2427 5560 2515 5594 τον
2535 5560 2547 5571 ο
2576 5546 2855 5613 μετέχεται
2882 5549 2936 5600 δὲ
2975 5553 3098 5621 παρ’
3125 5555 3346 5608 ἑκάστου
3375 5560 3515 5628 πρὸς
3536 5562 3592 5612 τὺ
3619 5561 3817 5628 μέτρον
3864 5562 3966 5627 τῆς

2429 5631 2534 5689 τῶν
2560 5637 2764 5705 νοητῶν
2793 5639 3082 5709 ὀφθαλμῶν
3127 5646 3527 5722 καθαρότητες’
3578 5651 3642 5717 ἣν
3690 5650 3965 5724 εἰλικρινῆ
