4112 6330
757 319 858 383 487
1817 314 2022 372 ΙΟΛΝ.
2061 312 2381 370 IIENTENI

2306 312 2425 368 LXII
2465 309 2845 370 PREFATIO
3294 326 3297 327 '
3823 304 3930 367 (88

2869 460 3368 473 -_—_——————_——

2723 456 3856 490 Μ

2489 481 2713 491 -υ--ι-

771 471 797 500 ι
870 471 2108 484 ,_,___________.____.________

1228 859 1887 950 ΕΠΙΣΚΟΠΟΥ
1958 855 2582 943 ΚΑΙΣΑΡΕΙΑΣ
2673 851 3467 942 ΚΑΠΠΑΔΟΚΙΛΣ

1414 1043 1761 1096 ΣΥΛΛΟΓΙΙ
1796 1039 2233 1092 ΕΞΠΓΗΣΕΩΝ
2266 1040 2362 1090 ΕΚ
2391 1037 2725 1088 ΔΙΑΦΟΡΩΝ
2758 1036 2979 1088 APION
3008 1035 3292 1088 ΑΝΔΡΩΝ

2221 1189 2318 1236 ΕΙΣ
2349 1186 2473 1235 ΤΗΝ

1519 1331 1824 1386 ΙΩΛΝΝΟΥ
1859 1331 1996 1383 ΤΟΥ
2035 1327 2510 1383 ΗΓΛΠΗΜΕΝΟΥ
2546 1329 2663 1380 ΚΑΙ
2701 1327 3198 1415 ΕΥΔΓΓΕΔΙΣΤῼΥ

1890 1484 2820 1575 ΑΠΟΚΑΛΥΨΙΝ.

1872 1770 2820 2019 ΑΒΕΤΗΛΕ
2875 2022 2877 2024 ,

1148 2157 1857 2273 CAESARE/13
1925 2157 2834 2269 CAPPADOCUE
2917 2155 3544 2303 EPISCOPI

1689 2372 2283 2436 COACERVATIO
2336 2374 2671 2434 ENARRA
2686 2375 3016 2436 TIONUM

1933 2549 2012 2591 EX
2051 2547 2259 2591 VARIIS
2292 2547 2543 2591 SANCTIS
2592 2549 2754 2592 VIRIS

1341 2692 1422 2752 ΙΝ
1462 2692 1783 2754 JOANNIS
1854 2692 2170 2754 DlLECTI
2213 2691 2594 2753 DISCIPULI
2645 2691 2746 2751 ΕΤ
2791 2687 3354 2751 EVANGELIS'NE

1761 2867 2854 2960 'APOCALYPSIN.

761 3222 846 3280 De
882 3218 974 3278 his
1021 3219 1086 3277 in
1118 3213 1530 3292 Apocalypsin
1592 3209 2071 3292 commentariis,
2101 3218 2155 3267 et
2206 3208 2278 3267 de
2324 3207 2597 3292 :Ioonm‘s
2639 3207 3007 3292 in_l_’atmu_m
3066 3206 3455 3292 relegatione,
3505 3209 3787 3286 factaque
3855 3210 3940 3270 ad

1379 3283 1576 3365 ipsum
1614 3285 1983 3363 Apocalypsi
2016 3286 2141 3343 eive
2178 3285 2542 3343 reuelatione
2561 3283 2870 3358 judicium
2926 3285 3310 3360 Interpretis.

833 3437 974 3505 Arte‘
997 3452 1098 3503 hos
1129 3450 1182 3502 in
1220 3447 1596 3516 Apocalypsim
1627 3443 2064 3507 commentarios,
2100 3450 2153 3495 te
2191 3455 2494 3510 precamur,
2527 3441 2750 3494 candide
2777 3439 2967 3493 lector
2991 3481 3007 3504 ,
3053 3449 3346 3495 utnostros
3397 3441 3496 3496 hos
3541 3442 3751 3496 labores
3807 3441 3939 3497 boni

764 3537 1041 3595 consulas,
1089 3549 1259 3600 neque
1291 3533 1535 3600 protinus
1565 3531 1810 3589 damnes,
1846 3527 1891 3581 si
1932 3541 2038 3580 uno
2071 3535 2166 3579 aut
2194 3526 2358 3580 altero
2403 3527 2454 3578 in
2502 3527 2618 3581 loco
2652 3541 2756 3580 non
2789 3527 3000 3594 penitus
3045 3526 3228 3579 animo
3277 3537 3368 3578 tuo
3417 3526 3712 3580 satisfaciat
3749 3538 3939 3581 nostra

765 3621 959 3673 versio.
989 3620 1056 3672 Ut
1087 3621 1226 3670 enim
1257 3633 1437 3670 verum
1478 3617 1668 3676 fatear,
1704 3623 1906 3666 tantum
1943 3611 2136 3680 negotii
2168 3611 2324 3664 nobis
2351 3612 2705 3664 exhibuernnt
2726 3611 2778 3663 hi
2810 3611 3064 3678 postremi
3089 3611 3456 3664 commentarii
3488 3649 3503 3672 ,
3539 3622 3596 3664 ut
3633 3614 3937 3679 praeteritos

770 3719 960 3758 omnes
987 3705 1195 3756 labores
1234 3712 1450 3770 propter
1508 3701 1653 3767 ipsos
1692 3698 1947 3751 damnare
1971 3711 2032 3750 ac
2060 3697 2290 3765 spongia:
2321 3698 2648 3750 committere
2673 3695 2976 3765 frequenter
2998 3696 3376 3750 meditaremur
3412 3714 3424 3749 :
3457 3697 3569 3750 sive
3605 3697 3654 3748 id
3682 3698 3937 3751 librario-

774 3805 893 3842 rum
931 3801 1022 3842 aut
1056 3789 1509 3858 typograpborum
1542 3785 1748 3839 incuria
1775 3783 2076 3851 contigerit,
2104 3782 2244 3850 quod
2280 3781 2504 3836 subinde
2537 3791 2719 3850 aperte
2741 3783 3220 3851 deprehentlentes,
3264 3782 3479 3834 silentio
3515 3783 3935 3851 prmterivimus,

765 3889 1158 3942 ncnnunquam
1193 3873 1355 3925 etiam
1389 3879 1580 3925 nostro
1615 3869 1816 3922 nomini
1847 3869 2208 3932 consulentes,
2256 3867 2306 3921 id
2358 3870 2583 3936 margini
2625 3869 3041 3923 adnotavimus:
3083 3870 3192 3924 sive
3240 3870 3404 3922 nostri
3435 3882 3648 3936 quoque
3695 3869 3935 3923 tenuitas

768 3960 970 4028 ingenii
1004 3959 1312 4026 frequenter
1341 3958 1392 4010 in
1434 3972 1598 4010 causa
1633 3956 1792 4008 fuerit
1827 3975 1839 4008 :
1871 3970 2030 4022 quam
2059 3955 2215 4006 etiam
2248 3965 2651 4022 cognoscentes,
2686 3955 3007 4022 quibusdam
3040 3956 3091 4008 in
3139 3955 3291 4011 locis.
3321 3955 3445 4006 dum
3503 3969 3569 4006 ne
3612 3954 3765 4007 nobis
3807 3956 3936 4021 qui-

765 4047 885 4099 dem
910 4045 1248 4099 satisfaceret
1293 4053 1472 4096 nostra
1516 4043 1710 4106 vet-sio,
1747 4042 2000 4094 asterisco
2029 4041 2196 4092 notari
2232 4038 2560 4101 curavimus,
2591 4047 2760 4102 tuum,
2795 4054 2828 4092 ο
2858 4039 3066 4101 Lector,
3092 4038 3356 4105 judicium
3407 4038 3499 4091 tibi
3539 4037 3936 4103 relinquentes.

767 4129 912 4183 Satis
942 4139 1116 4181 autem
1151 4128 1386 4188 conﬁdo,
1429 4127 1512 4178 ubi
1541 4125 1722 4179 Graeca
1757 4137 1864 4178 tom
1900 4127 1999 4177 hoc
2028 4125 2162 4176 libro
2185 4123 2416 4189 penitius
2443 4125 2846 4194 introspexeris,
2883 4136 3095 4179 nostros
3139 4125 3347 4177 labores
3402 4137 3738 4190 nequaquam
3778 4123 3935 4175 omni

762 4230 832 4266 cx
859 4223 1006 4280 parte
1041 4211 1348 4272 damnabis,
1383 4219 1439 4261 ut
1468 4210 1559 4275 qui
1587 4210 1765 4261 varias
1815 4208 2051 4274 undique
2074 4206 2428 4271 difﬁcultates.
2460 4212 2683 4265 candido
2710 4212 2931 4266 aﬂectus
2973 4212 3174 4271 animo,
3222 4209 3476 4274 nulloque
3509 4207 3791 4259 adversum
3831 4223 3934 4261 nos

767 4298 932 4348 allato
967 4294 1277 4363 praeiudicio
1301 4333 1316 4353 ,
1350 4297 1564 4346 visurus
1605 4293 1700 4346 sis.
1753 4291 1933 4360 Neque
1961 4292 2101 4344 enim
2135 4290 2337 4345 Zoilum
2373 4309 2572 4356 moror.
2602 4297 2688 4349 cui
2724 4313 2789 4350 ne
2830 4296 3063 4348 Minerva
3102 4294 3318 4362 quidem
3358 4293 3470 4359 ipsa
3497 4292 3644 4344 omni
3674 4307 3737 4344 ex
3778 4303 3934 4359 parte

770 4379 1115 4452 satisfecerit.
1149 4378 1303 4442 Quod
1346 4380 1489 4432 hunc
1530 4387 1621 4432 aut
1668 4379 1829 4430 alium
1864 4377 2107 4445 quemvis
2142 4393 2239 4430 nec
2273 4378 2354 4431 Itis
2381 4380 2587 4445 placare
2621 4382 2934 4448 poterimus,
2973 4381 3027 4434 id
3052 4380 3238 4433 saltem
3271 4376 3471 4430 nostris
3516 4377 3788 4430 laboribus
3812 4378 3934 4430 eili-

766 4466 996 4527 ciemus,
1020 4474 1076 4516 ut
1098 4465 1181 4517 bis
1204 4465 1294 4532 qui
1314 4465 1595 4532 peritiores
1610 4472 1732 4517 sunt
1751 4462 1870 4515 data
1907 4463 1977 4516 sit
2005 4478 2152 4527 ausa,
2172 4479 2278 4532 quo
2308 4463 2360 4515 in
2392 4459 2676 4519 Commune
2696 4466 3000 4534 reipublicae
3019 4465 3336 4518 Christianae
3365 4460 3564 4515 bonum
3595 4463 3931 4516 absolutiora

767 4560 1044 4617 prtestent.
1079 4547 1265 4616 Neque
1293 4551 1436 4602 enim
1481 4553 1764 4617 quisquam
1813 4549 2099 4616 suggillare
2144 4552 2359 4603 deberet
2387 4550 2611 4602 aliorum
2658 4552 2888 4615 labores,
2928 4551 3019 4620 qui
3051 4551 3246 4612 nollet,
3296 4559 3389 4602 aut
3431 4549 3618 4602 saltem
3669 4549 3758 4617 qui
3819 4565 3930 4602 non

767 4645 952 4702 posset
979 4634 1190 4687 tradere
1220 4636 1522 4693 cxactiora.
1555 4633 1828 4699 Quantum
1867 4643 2044 4686 autem
2074 4634 2314 4686 divinare
2349 4635 2498 4696 licet,
2531 4647 2646 4688 erat
2677 4637 2760 4690 hic
2811 4637 3008 4691 Aretba
3039 4637 3222 4704 ejusve
3259 4635 3627 4703 praedecessor
3659 4635 3929 4697 Andreas,

768 4736 879 4772 non
917 4722 968 4771 in
1002 4720 1195 4773 divinis
1227 4730 1456 4783 tantum,
1492 4735 1678 4773 verum
1704 4722 1861 4774 etiam
1896 4721 1947 4773 in
1978 4719 2226 4775 humanis
2264 4721 2454 4775 litteris
2485 4722 2797 4784 instructus,
2825 4724 2877 4777 in
2898 4722 3180 4777 rhetoricis
3211 4733 3423 4788 quoque
3460 4736 3522 4773 ac
3558 4721 3792 4791 physicis
3841 4736 3934 4789 ap-

766 4805 944 4871 prime
978 4805 1239 4866 eruditus,
1296 4816 1352 4858 ut
1387 4807 1431 4858 si
1465 4806 1566 4858 alia
1600 4807 1781 4862 Grtcca
1811 4806 2156 4874 exemplaria,
2207 4815 2299 4859 aut
2353 4808 2470 4876 ejus
2508 4808 2603 4859 viri
2654 4809 3089 4868 commentarios,
3150 4813 3308 4874 prout
3353 4805 3420 4856 ab
3459 4805 3572 4871 ipso
3600 4805 3724 4857 editi
3759 4817 3927 4867 sunt,

771 4891 919 4945 nacti
951 4889 1263 4955 fuissemus,
1295 4909 1399 4945 non
1428 4894 1562 4946 adeo
1593 4909 1692 4946 nos
1732 4889 2014 4946 torsissem
2050 4894 2329 4945 innumera
2371 4893 2422 4943 in
2460 4892 2557 4946 boc
2587 4892 2720 4947 libro
2737 4894 2874 4946 loca.
2907 4893 3100 4946 Verum
3140 4892 3373 4958 quando,
3431 4891 3592 4945 nullis
3637 4903 3927 4961 parcentes

764 4975 1066 5039 laboribus,
1102 4976 1152 5028 id
1184 4978 1396 5028 tandem
1433 4978 1779 5043 praestitimus
1801 4979 1943 5045 quod
1969 4979 2257 5045 potuimus,
2294 4993 2474 5045 precor
2508 4980 2893 5048 aequibonique
2920 4979 3213 5047 consulas,
3407 4983 3410 4987 ’

843 5061 1010 5116 Porro
1045 5063 1110 5115 de
1129 5063 1228 5114 hac
1260 5063 1580 5131 Apocalypsi
1618 5065 1696 5118 ait
1726 5064 1881 5117 divus
1898 5064 2256 5133 Hieronymus
2279 5064 2416 5131 quod
2442 5072 2515 5117 tot
2562 5065 2753 5118 habeat
2776 5065 3026 5135 mysteria
3057 5071 3187 5130 quot
3219 5063 3397 5127 verba,
3434 5062 3539 5118 imo
3584 5064 3635 5118 in
3683 5064 3916 5130 singulis

769 5147 946 5200 verbis
971 5148 1293 5214 multiplices
1320 5149 1446 5201 dicit
1479 5149 1647 5201 latere
1677 5149 2078 5216 intelligentias.
2121 5149 2288 5218 Atque
2317 5151 2382 5202 ob
2419 5148 2467 5201 id
2492 5151 2700 5217 plurimi
2741 5168 2896 5204 suum
2941 5167 3004 5204 ac
3041 5151 3270 5204 maxime
3299 5152 3505 5205 varium
3535 5154 3602 5208 de
3647 5153 3745 5206 hac
3773 5152 3929 5220 judi-

765 5234 913 5282 cium
944 5233 1320 5300 protulerunt:
1357 5233 1597 5285 nonnulli
1651 5235 1949 5301 simplicem
2005 5235 2193 5288 litterae
2245 5250 2481 5297 sensum,
2530 5237 2868 5305 primumque
2916 5237 3166 5289 corticem
3215 5237 3639 5297 considerantes.
3665 5239 3754 5290 alii
3793 5251 3929 5289 νεα)

769 5317 1020 5384 mysticus
1053 5317 1428 5386 intelligentias
1458 5309 1691 5384 penﬂius
1715 5327 2128 5385 perscrutantes.
2164 5319 2337 5383 Quare
2358 5337 2460 5374 non
2494 5324 2596 5374 erit
2627 5324 2919 5377 absurdum
2954 5321 2996 5374 si
3021 5330 3069 5373 et
3097 5330 3331 5374 nostrum
3356 5339 3569 5392 quoque
3593 5324 3882 5378 alieramm
3911 5341 3926 5376 :

769 5400 972 5451 saniori
1007 5416 1215 5469 semper
1235 5403 1442 5468 judicio
1471 5411 1772 5470 saumque
1804 5402 2057 5455 Romanae
2086 5401 2327 5456 Ecclesia:
2351 5423 2443 5460 nos
2474 5422 2537 5460 ac
2565 5418 2746 5461 nostra
2768 5407 2945 5458 omnia
2987 5406 3380 5461 submittentes.
3429 5409 3772 5476 Primumque
3821 5408 3930 5459 hoc

773 5483 931 5535 nobis
962 5487 1192 5550 videtur,
1222 5487 1481 5541 Joannem
1518 5489 1658 5540 hunc
1687 5489 1984 5555 apostolum
2009 5503 2071 5542 ac
2101 5491 2499 5556 evangelistam,
2535 5495 2622 5561 qui
2648 5502 2701 5545 et
2740 5492 3042 5557 Tlieologtts
3075 5496 3502 5559 cognominatur,
3554 5511 3581 5548 a
3619 5494 3833 5547 Nerone
3870 5494 3926 5544 in

779 5563 998 5621 Patmou
1033 5571 1345 5640 relegatum,
1374 5573 1558 5628 eodem
1591 5576 1808 5626 omnino
1843 5580 2196 5641 temporequ'o
2222 5576 2310 5628 ille
2347 5576 2528 5630 beatos
2560 5577 2757 5630 Christi
2803 5576 3072 5644 apostolos
3120 5577 3330 5632 Petrum
3365 5597 3426 5636 ac
3458 5581 3679 5633 Pauium
3733 5579 3924 5629 Roma
