4112 6330
246 340 331 402 iss
1244 314 1250 319 ’
1281 333 1482 392 JOAN.
1527 328 1891 391 HENTENII
1931 324 2339 386 ett/emno.
2992 372 2999 379 .
3274 321 3375 386 490

250 445 519 501 interemit.
555 446 611 498 ld
640 444 852 499 duobus
902 445 954 498 in
1000 443 1133 499 locis
1167 446 1357 498 asserit
1399 443 1781 505 'l‘ertullianus,
1813 439 2020 492 vicinus
2069 436 2377 489 eorumdem
2427 434 2785 503 apostolorum
2833 434 3175 501 temporibus.
3237 432 3378 487 llem

247 546 439 600 quoque
472 532 629 583 habet
650 529 919 584 Eusebius
964 530 1101 583 libro
1133 529 1205 583 De
1234 513 1672 583 demenstratione
1703 524 1990 592 evangelica
2025 538 2043 574 :
2082 534 2387 589 quanquam
2419 520 2471 573 itt
2503 520 2771 573 Chronicis
2823 527 2875 573 et
2927 519 2978 570 in
3020 517 3383 595 Ecclesiaatica

254 615 471 668 Historia
492 613 639 667 dicat
668 616 716 667 id
744 615 843 668 sub
867 614 1167 668 Domitiano
1184 616 1492 683 contigisse,
1524 612 1664 682 quod
1688 622 1739 666 et
1766 609 2121 677 Hieronymus
2141 616 2193 659 et
2219 608 2401 674 plures
2430 605 2520 659 alii
2551 614 2874 674 sequuntur.
2907 604 3099 657 Verum
3127 605 3209 658 his
3238 605 3387 657 libris

249 710 481 765 tanquam
533 698 803 766 prioribus
851 700 1006 753 anuis
1039 698 1273 768 scriptis,
1322 715 1427 754 non
1459 698 1712 751 tribuitur
1741 706 1884 751 tanta
1934 694 2244 763 auctoritas,
2275 701 2472 761 quanta
2506 694 2553 746 ei
2584 695 2676 762 qui
2709 693 2782 746 De
2814 691 3277 745 demonstratione
3307 699 3391 744 est

248 783 553 854 evangelica,
596 792 778 852 utpote
806 785 1072 850 posterius
1112 795 1272 853 atque
1299 782 1632 837 emendatius
1675 770 1969 836 elaborato.
2014 779 2124 834 lloc
2178 780 2357 847 itaque
2389 778 2573 831 habito
2597 777 2741 845 quod
2784 777 2980 849 scripta
3012 777 3082 830 sit
3115 776 3167 828 in
3200 776 3390 828 Patmo

248 866 570 936 Apocalypsis
624 877 749 921 ante
803 867 1300 938 Hierosolymorum
1341 867 1630 931 excidium,
1660 866 2040 934 quadrifariam
2086 864 2197 932 ipsa
2240 862 2408 915 secari
2449 869 2664 929 potest:
2708 861 2778 914 ita
2816 870 2873 914 ut
2906 861 3291 929 complectatur
3324 860 3390 912 ab

249 954 446 1007 exordio
472 956 539 1007 ad
574 967 782 1008 sextum
838 969 1011 1022 usque
1053 963 1215 1023 caput
1260 954 1644 1009 instructiones
1684 953 2041 1007 Eeclesiarnm
2078 950 2239 1011 Asiae,
2281 946 2658 999 intermiscens
2687 953 2739 999 et
2779 946 3090 1015 prophetica
3124 946 3189 999 de
3226 945 3391 998 variis

250 1041 520 1095 lta'resihus
551 1060 564 1095 :
596 1042 661 1095 de
687 1041 881 1110 quibus
913 1050 965 1094 et
994 1040 1322 1108 Epiphanius
1356 1039 1407 1096 in
1438 1054 1556 1095 ,δυο
1592 1038 1857 1090 Panarion
1912 1036 2064 1087 libro.
2098 1034 2137 1085 A
2169 1044 2316 1086 sexto
2333 1030 2504 1099 capite
2534 1044 2702 1097 usque
2733 1029 2799 1082 ad
2836 1031 3113 1084 duodecim
3153 1030 3396 1084 contineo

250 1138 323 1180 tur
350 1126 635 1196 Synagogze
656 1126 951 1192 abrogatio.
988 1124 1030 1177 A
1059 1124 1380 1177 duodecimo
1411 1139 1580 1190 usque
1615 1124 1680 1176 ad
1715 1124 1979 1177 decimum
2015 1136 2239 1183 nonum,
2275 1120 2538 1173 excidium
2572 1118 2860 1187 gentilismi
2890 1118 2991 1171 sub
3019 1129 3143 1187 typo
3172 1121 3385 1185 potissi-

251 1226 376 1265 tnum
401 1211 689 1283 Babylonis
714 1226 777 1262 ac
826 1210 1006 1263 Romae
1027 1226 1144 1277 quae
1188 1209 1414 1263 habebat
1442 1220 1645 1277 septem
1675 1208 1861 1269 colles,
1888 1207 1980 1276 qui
2019 1207 2105 1259 hie
2128 1205 2383 1258 dicuntur
2415 1219 2533 1258 esse
2560 1218 2763 1257 cornua
2805 1204 2986 1256 bestia:
3024 1219 3185 1271 super
3227 1220 3388 1271 quam

253 1298 487 1350 meretrix
516 1298 628 1348 sive
661 1294 958 1347 idololatria
993 1303 1086 1347 aut
1112 1295 1447 1364 gentilismus
1470 1296 1634 1347 sedet.
1664 1294 1719 1346 In
1755 1293 1837 1345 his
1868 1292 2008 1345 enim
2045 1292 2267 1345 urbibus
2305 1291 2565 1358 praecipue
2602 1289 2809 1358 vigebat
2838 1290 3195 1356 gentilismus.
3225 1291 3261 1340 A
3296 1290 3391 1341 de-

248 1384 370 1434 cimo
397 1397 539 1434 nono
575 1381 750 1448 capite
789 1395 959 1449 usque
988 1382 1040 1435 itt
1071 1381 1229 1435 ﬁnem
1271 1382 1445 1449 agitur
1475 1381 1539 1433 de
1571 1395 1732 1449 regno
1762 1378 1959 1432 Christi
1985 1378 2037 1432 in
2061 1377 2307 1446 praesenti
2346 1376 2605 1438 Εοιτιςιιίθ,
2632 1376 2806 1453 addita
2840 1391 2959 1443 cap.
2992 1391 3056 1425 sx
3105 1375 3287 1427 ultima
3327 1378 3393 1429 de

250 1466 398 1533 ipsius
430 1465 664 1520 inimicis
692 1466 933 1519 victoria.
3143 1458 3150 1467 ’

307 1595 469 1662 Atque
520 1594 633 1648 hinc
675 1595 726 1648 in
773 1594 1083 1649 universum
1129 1595 1267 1649 dicta
1318 1595 1426 1649 sint
1452 1612 1465 1647 :
1492 1610 1614 1648 nam
1669 1594 1892 1663 singulis
1926 1593 2072 1647 varia
2096 1594 2529 1657 commiscentur,
2558 1592 2647 1645 sed
2680 1592 2743 1645 de
2773 1590 3135 1660 singularibus
3162 1605 3264 1643 non
3312 1599 3393 1644 est

246 1690 433 1733 eertum
465 1680 595 1734 dare
628 1680 887 1747 judicium
913 1698 927 1734 :
956 1695 1053 1734 nec
1084 1681 1197 1735 lleri
1232 1691 1409 1751 potest
1439 1690 1497 1735 ιιι
1529 1681 1653 1735 data
1683 1683 1873 1750 quavis
1914 1680 2256 1734 enarratione
2278 1679 2483 1749 singula
2516 1686 2637 1747 apte
2664 1677 2927 1746 quadrent
2955 1693 2967 1729 :
3010 1677 3099 1729 sed
3138 1678 3267 1729 satis
3292 1678 3393 1727 erit

249 1766 287 1818 si
315 1767 360 1818 in
393 1782 588 1835 genere
621 1767 879 1820 habeatur
910 1767 1038 1835 quid
1069 1766 1293 1835 singulis
1327 1768 1589 1837 capitibus
1617 1767 1921 1835 signiﬁcare
1957 1768 2104 1821 velit.
2132 1766 2290 1821 Juxta
2334 1767 2472 1820 hanc
2508 1765 2913 1833 dispositionem
2950 1778 3053 1817 noo
3104 1765 3389 1817 admodum

249 1852 495 1906 videbitur
520 1852 815 1907 absurdum
849 1849 1071 1923 id'quod
1105 1856 1267 1907 sentit
1292 1852 1525 1909 Joannes
1564 1854 1771 1908 Annius
1814 1852 2164 1908 Viterbiensis
2209 1853 2261 1907 in
2319 1852 2720 1919 Quaestionihus
2777 1866 2937 1919 super
2985 1851 3391 1919 Apoealypsim,

250 1938 540 2005 quas'misit
590 1952 653 1991 ac
681 1937 945 1992 dedicavit
972 1952 1183 1993 summo
1208 1940 1441 2007 pontilici
1480 1940 1631 1992 Sixto
1657 1948 1847 2009 quarto
1874 1941 2193 2009 regibusque
2216 1938 2537 1995 Christianis
2571 1958 2583 1993 :
2615 1940 2757 2008 quod
2808 1939 2977 1992 bestia
3025 1955 3181 2006 quam
3231 1940 3395 1991 inter-

249 2033 509 2091 pretantur
540 2024 901 2077 communiter
930 2024 1346 2088 Antichristum,
1386 2024 1451 2077 de
1482 2038 1585 2091 qua
1619 2027 1785 2092 Apoc.
1822 2040 1915 2077 xm
1947 2026 2284 2092 potissimum
2308 2042 2447 2094 cap,
2477 2041 2597 2095 qua:
2643 2025 2884 2078 ascendit
2915 2027 2977 2077 de
3010 2031 3149 2077 terra
3195 2026 3394 2078 habens

249 2111 342 2164 duo
368 2124 567 2165 cornua
597 2110 790 2163 similia
821 2110 968 2179 agni,
1003 2110 1229 2178 loquens
1260 2119 1434 2162 tamen
1466 2109 1606 2162 sicut
1635 2109 1797 2161 draco
1822 2112 1913 2177 qui
1945 2118 2024 2163 est
2057 2119 2110 2163 et
2145 2111 2389 2175 Satanas,
2426 2110 2517 2179 qui
2552 2111 2801 2162 virtutem
2848 2125 2910 2163 ac
2940 2111 3118 2163 sedem
3164 2127 3313 2164 suam
3343 2121 3396 2163 et

251 2206 543 2261 potestatem
580 2209 823 2262 magnam
893 2194 1110 2247 dederat
1139 2194 1299 2261 priori
1348 2193 1547 2257 bestiae,
1586 2209 1773 2262 nempe
1798 2186 2121 2266 getttili'smo,
2167 2211 2219 2252 et
2248 2200 2436 2251 exinde
2469 2205 2624 2250 secta:
2656 2196 3010 2260 Saracenicm,
3054 2196 3123 2249 sit
3169 2199 3397 2265 pseudo-

252 2284 488 2350 propheta
520 2280 923 2334 Mahntnethes:
958 2282 1046 2349 qui
1080 2296 1383 2350 quanquam
1424 2290 1544 2335 ante
1570 2284 1827 2351 plurimos
1868 2272 2037 2339 annos
2069 2295 2311 2337 mortuus
2342 2285 2431 2346 sit,
2464 2284 2580 2351 ejus
2615 2292 2790 2335 tamen
2832 2292 2997 2343 secta,
3029 2296 3217 2350 nempe
3252 2284 3397 2350 prior

254 2368 423 2427 bestia,
455 2372 554 2420 heu
582 2369 593 2418 !
630 2368 1064 2419 vivitetiatnnum
1088 2406 1101 2431 ,
1133 2366 1464 2434 nimiumque
1492 2378 1769 2435 grassatur
1797 2370 2050 2423 rlversus
2080 2367 2170 2421 Dei
2207 2368 2457 2437 populum
2491 2386 2501 2421 :
2536 2368 2694 2434 idque
2727 2367 2927 2419 tamdiu
2956 2367 3167 2417 durabit
3204 2369 3394 2431 donec,

249 2454 382 2519 juxta
416 2454 696 2521 septimum
728 2464 890 2522 caput
917 2453 1169 2517 Danielis,
1214 2469 1435 2521 regnum
1470 2455 1624 2508 detur
1653 2456 1848 2524 populo
1898 2462 2210 2507 sanctorum
2254 2453 2510 2507 Altissimi
2543 2472 2554 2505 :
2611 2465 2800 2517 nempe
2830 2466 2972 2512 eum,
3031 2461 3148 2518 post
3186 2453 3395 2520 longam

254 2553 417 2605 pacem
445 2553 508 2591 ac
538 2541 883 2592 securitatem
911 2540 1303 2603 intertnediam,
1330 2556 1541 2594 rursum
1573 2542 1825 2595 adversus
1856 2539 1998 2593 hunc
2030 2538 2118 2592 Dei
2141 2540 2393 2608 pepulutn
2426 2538 2820 2608 pugnansdieta
2852 2538 3019 2589 bestia
3046 2553 3164 2589 cum
3200 2539 3395 2605 ingenti

251 2622 491 2684 exercitu,
519 2623 801 2690 designato
837 2638 927 2692 per
951 2623 1065 2692 Cog
1093 2633 1145 2677 et
1177 2624 1364 2693 Magog
1396 2626 1484 2691 (de
1512 2642 1618 2694 quo
1639 2625 1832 2679 Ezech.
1865 2641 1979 2693 cap.
2017 2640 2213 2677 xxxvm
2243 2635 2294 2677 et
2324 2641 2507 2688 suis,
2539 2634 2585 2677 et
2616 2623 2780 2691 Apoc.
2836 2624 2943 2690 tu).
2972 2625 3166 2691 ingenti
3193 2624 3338 2675 clade
3368 2642 3396 2675 ει

256 2707 348 2761 Deo
375 2718 816 2775 prosternentur,
843 2710 1292 2777 quemadmodum
1322 2710 1517 2765 dicitur
1572 2712 1703 2764 locis
1750 2712 1907 2765 modo
1948 2710 2123 2763 citatis
2156 2729 2168 2763 :
2207 2720 2323 2779 post
2351 2713 2488 2777 quod
2516 2724 2641 2764 vera
2694 2718 2740 2761 et
2780 2710 3010 2775 ρει-[ῡιιιι
3067 2725 3162 2775 pax
3200 2710 3300 2761 erit
3347 2711 3397 2761 in

254 2792 477 2848 Ecclesia
518 2810 580 2848 ac
623 2810 788 2862 purus
838 2795 925 2847 Dei
975 2794 1156 2847 cultus
1182 2796 1248 2846 ab
1278 2798 1423 2848 omni
1457 2797 1642 2849 Ittercsi
1682 2807 1727 2849 et
1763 2801 2131 2863 persecutione
2166 2809 2447 2867 separatus
2486 2816 2497 2849 :
2529 2799 2977 2866 quemadmmlnm
3014 2809 3400 2864 consequenter

254 2882 547 2935 describunt
588 2882 834 2935 Ezechiel
864 2896 983 2949 cap.
1016 2895 1078 2933 ιι,
1111 2891 1161 2934 et
1188 2883 1564 2949 sequentibus,
1592 2894 1641 2934 et
1677 2885 1841 2951 Apoc.
1879 2899 1990 2943 χιιι,
2023 2898 2147 2935 uit.
2180 2880 2240 2934 Et
2269 2884 2392 2950 quia
2430 2886 2541 2935 inec
2574 2883 2890 2950 populorum
2938 2884 3001 2932 ad
3052 2881 3248 2935 bellum
3301 2885 3400 2937 huc

256 2979 565 3033 postremum
598 2969 939 3036 congregatio
976 2968 1197 3035 ipsaque
1232 2984 1426 3037 pugna,
1462 2970 1629 3019 multo
1664 2979 1900 3035 tempore
1939 2968 2150 3021 durabit
2195 2984 2316 3021 cum
2352 2983 2543 3036 magna
2596 2965 3027 3021 Christianorum
3079 2967 3360 3021 alliietione
3383 3011 3398 3032 ,

256 3053 362 3106 ideo
394 3055 755 3106 communiter
807 3054 1104 3121 appellatur
1138 3054 1466 3107 novissimus
1505 3054 1816 3107 Antichristi
1844 3054 2123 3119 adventus,
2158 3054 2258 3105 hoc
2286 3062 2365 3106 cst
2386 3058 2547 3105 Sucltl)
2573 3052 2710 3119 ejus,
2741 3068 2860 3119 qua:
2903 3052 2989 3104 hic
3030 3054 3225 3107 dicitur
3254 3058 3401 3121 prior

257 3138 428 3203 bestia,
460 3137 542 3190 cui
568 3138 753 3200 draco,
793 3138 844 3190 id
878 3147 959 3191 est
987 3138 1237 3200 Satanas,
1271 3139 1417 3191 dedit
1446 3138 1697 3191 virtutem
1752 3154 1814 3192 ac
1848 3139 2028 3192 sedem
2057 3154 2208 3192 suam
2243 3149 2296 3192 et
2338 3146 2649 3205 potestatem
2690 3153 2958 3204 magnam.
3005 3137 3399 3193 Convenienter

256 3238 371 3290 ergo
406 3233 644 3278 tractans
680 3224 766 3276 hic
792 3224 1069 3292 apostolus
1099 3225 1163 3276 de
1185 3223 1396 3275 excidio
1426 3224 1731 3291 gentilismi,
1763 3225 1921 3277 etiam
1950 3225 2612 3294 Inter-miscetgravitatem
2648 3223 3031 3291 persecutionis
3056 3236 3209 3276 secta:
3242 3228 3400 3278 Sara-

257 3309 436 3362 eenicze
458 3308 683 3377 ejusque
712 3309 1131 3362 stthversiuttetn.
1175 3308 1356 3376 Neque
1387 3307 1467 3361 his
1500 3310 1717 3362 obviare
1754 3311 2111 3379 videturqttod
2148 3312 2219 3364 ait
2252 3314 2534 3379 Apostolus
2566 3313 2604 3363 ll
2634 3312 2820 3365 Thess.
2848 3318 2905 3372 it,
2934 3314 3072 3380 qttod
3101 3312 3218 3376 ejus
3255 3332 3271 3362 ι
3304 3317 3398 3365 ad-

258 3404 431 3449 ventus
453 3397 522 3448 sit
555 3395 851 3454 secundutn
907 3396 1267 3462 operationem
1326 3394 1534 3447 Salaria:
1576 3397 1626 3447 in
1680 3397 1846 3463 signis
1876 3413 1937 3448 ae.
1989 3397 2238 3463 prodigiis
2275 3397 2621 3449 mendacibus
2661 3407 2716 3449 et
2764 3413 2883 3448 cum
2920 3400 3063 3449 tnnni
3091 3399 3401 3466 deceptione

261 3482 515 3549 injustitia:
544 3484 595 3534 in
638 3483 719 3535 his
758 3484 847 3549 qui
870 3493 1113 3550 pereunt,
1148 3483 1395 3551 quodque
1421 3483 1673 3535 ell'etatur
1704 3484 1959 3535 adversus
1991 3498 2200 3534 onmem
2233 3483 2322 3549 qui
2361 3482 2559 3534 dicitur
2608 3482 2746 3536 Deus
2792 3491 2884 3535 aut
2923 3497 3140 3543 numen.
3183 3484 3316 3535 adeo
3347 3498 3401 3537 nt

262 3573 305 3619 ιιι
333 3571 520 3637 templo
557 3569 648 3620 Dei
697 3566 949 3636 tanquam
990 3569 1127 3620 Deus
1165 3569 1366 3632 sedeat,
1402 3577 1680 3620 Ostentans
1724 3570 1958 3635 seipsum
2004 3583 2123 3620 esse
2174 3570 2336 3620 lleum
2365 3586 2375 3619 :
2407 3583 2565 3635 quem
2610 3568 2896 3632 Dominus,
2931 3570 3122 3637 inquit,
3160 3572 3409 3628 roniiciet

261 3656 436 3721 spiritu
472 3656 582 3707 oris
632 3654 737 3715 sui,
776 3663 829 3706 et
884 3654 1113 3705 abolebit
1163 3655 1406 3706 claritate
1449 3654 1707 3706 adventus
1756 3655 1858 3705 sui.
1903 3673 1919 3702 ι
1965 3652 2035 3705 Ex
2057 3669 2161 3720 quo
2190 3663 2240 3705 et
2279 3655 2438 3705 etiam
2465 3655 2589 3722 quia
2620 3654 2949 3721 praemiserat
2978 3669 3084 3707 non
3120 3666 3398 3708 venturum

260 3756 365 3793 esse
395 3740 674 3792 Dominum
708 3740 812 3791 nisi
843 3739 994 3806 prius
1032 3740 1354 3791 revelaretur
1393 3739 1476 3791 hie
1509 3740 1666 3791 homo
1695 3740 1892 3806 peccati
1926 3740 2063 3789 Illius
2098 3739 2432 3805 perditionis,
2475 3738 2695 3791 innuere
2716 3739 2940 3801 videtur,
2970 3738 3020 3790 in
3055 3738 3212 3805 hujus
3242 3742 3401 3791 inter-

260 3830 512 3892 emptione
546 3827 726 3877 statim
763 3834 1043 3876 venturum
1078 3839 1195 3875 esse
1247 3824 1519 3877 (Ihrislutn
1551 3825 1613 3875 ad
1644 3824 1921 3891 judicium.
1957 3824 2099 3884 llaec,
2135 3825 2374 3889 inquam,
2409 3839 2511 3874 non
2558 3824 2795 3875 obstant.
2836 3822 3069 3875 l‘rimum
3110 3827 3248 3875 enim
3290 3842 3401 3875 ma-

263 3910 500 3962 nifestutn
522 3917 601 3961 est
640 3922 824 3959 verum
851 3922 969 3959 esse
996 3922 1098 3958 non
1135 3918 1416 3959 venturum
1439 3922 1559 3959 esse
1588 3908 1869 3962 Dominum
1906 3911 2009 3961 ttisi
2061 3910 2145 3961 ille
2176 3910 2463 3971 reveletur,
2502 3924 2622 3961 eum
2667 3910 2981 3975 ja-nnludum
3013 3910 3100 3960 ille
3141 3913 3401 3962 revelatus

262 3996 337 4057 sil,
377 3998 482 4047 imo
502 4003 552 4047 et
585 4002 830 4045 mortuus
864 3992 915 4044 in
951 4006 1045 4042 sua
1094 4005 1318 4058 persona
1351 4008 1364 4043 :
1400 4006 1557 4059 quem
1591 3999 1768 4044 tamen
1814 3990 2072 4044 Dominus
2105 3993 2448 4044 conlecturus
2470 3995 2664 4044 dicitur
2695 3993 2882 4058 spiritu
2908 4032 2920 4054 ,
2948 4003 3074 4055 ete.,
3104 3996 3225 4058 quia
3262 3997 3399 4047 sient

263 4098 306 4133 ιιι
332 4084 492 4135 sacris
518 4082 730 4133 Litteris
759 4078 1061 4146 frequenter
1088 4086 1169 4129 est
1191 4076 1495 4144 metaphora
1518 4091 1547 4127 a
1576 4077 1747 4145 capite
1774 4075 1987 4149 Christo
2016 4077 2079 4128 ad
2110 4079 2225 4144 ejus
2252 4080 2510 4140 membra,
2533 4092 2649 4145 qum
2673 4078 2830 4127 simul
2877 4092 2995 4127 eum
3037 4094 3099 4129 eo
3138 4095 3290 4129 iniam
3322 4084 3400 4130 ιιι-

263 4180 444 4220 runtur
483 4167 805 4220 constituere
852 4177 1132 4232 personam
1167 4180 1177 4215 :
1214 4171 1261 4215 et
1289 4163 1425 4229 quod
1450 4162 1513 4213 tle
1532 4160 1743 4215 Christo
1776 4162 1988 4223 dicitur,
2024 4167 2216 4231 sa-pius
2241 4165 2291 4215 in
2334 4163 2501 4230 ipsius
2536 4163 2786 4215 tnetnbris
2811 4165 3102 4229 completur
3136 4176 3219 4215 :et
3252 4168 3391 4232 quod

262 4255 321 4305 de
346 4253 527 4317 Jacob,
569 4254 621 4305 itt
676 4251 800 4303 ﬁliis
834 4249 990 4301 Israel
1029 4267 1040 4301 :
1076 4248 1144 4301 ita
1192 4248 1350 4299 etiarn
1380 4247 1571 4301 dicitur
1620 4262 1647 4299 a
1702 4246 1925 4301 Domino
1978 4251 2337 4302 coniieiendus
2380 4250 2431 4302 in
2467 4256 2739 4317 postremo
2783 4258 2940 4299 secta:
2990 4250 3106 4315 ejus
3150 4253 3403 4304 adversus

263 4338 579 4393 Christianos
616 4336 815 4403 ingenti
844 4335 1058 4403 [ιι-ωηο,
1079 4348 1192 4407 quo
1229 4348 1333 4387 non
1357 4332 1551 4387 virtute
1586 4333 1772 4387 bellica
1803 4345 1894 4388 aut
1933 4337 2134 4390 viribus
2164 4336 2611 4399 Christianorum,
2662 4336 2751 4387 sed
2785 4337 2972 4401 spiritu
3013 4335 3120 4387 oris
3161 4340 3271 4388 sive.
3315 4357 3404 4387 vo-

266 4434 452 4476 tlntate
482 4422 689 4474 Domini
714 4421 1028 4473 coniicictur
1051 4459 1064 4481 ,
1095 4429 1145 4472 et
1179 4420 1422 4472 claritate
1452 4420 1709 4473 adventus
1742 4422 1822 4473 sui
1847 4460 1860 4483 ,
1898 4438 2004 4490 quo
2035 4432 2219 4491 aperte
2263 4423 2439 4475 veniet
2496 4423 2693 4473 auxilio
2733 4422 3073 4473 Christianis.
3131 4423 3402 4489 Siquidem

264 4509 393 4575 quod
422 4523 523 4561 non
556 4508 681 4560 velit
706 4516 834 4559 tunc
869 4506 1288 4558 interimendum
1320 4506 1704 4559 Antichristum
1741 4517 1832 4559 attt
1866 4509 2145 4561 liniendam
2198 4511 2484 4562 immunem
2522 4509 2687 4575 ipsius
2716 4509 3157 4575 persecutionem,
3190 4524 3305 4559 eum
3338 4510 3400 4559 ad

263 4600 541 4645 extremum
576 4590 837 4658 judicium
869 4598 1124 4643 venturus
1150 4599 1226 4643 est
1271 4589 1549 4650 Dominus.
1584 4589 1865 4643 manifeste
1897 4600 2038 4659 patet
2067 4607 2128 4643 ex
2158 4607 2221 4643 ei
2248 4593 2390 4659 quod
2420 4594 2492 4649 ait
2528 4594 2663 4644 ident
2694 4592 2999 4658 Apostolus,
3034 4592 3047 4639 I
3076 4588 3263 4640 Thess.
3298 4609 3344 4642 ν.
3384 4610 3398 4642 -.

271 4696 286 4726 ι
320 4676 433 4729 Dies
462 4675 669 4729 Domini
712 4674 851 4727 sicut
876 4673 959 4727 fur
993 4673 1046 4725 in
1080 4682 1254 4735 nocte.
1292 4673 1360 4726 ita
1383 4673 1573 4725 veniet.
1600 4673 1730 4725 Ctttn
1766 4674 1906 4725 enim
1943 4676 2192 4737 dixerint,
2229 4676 2331 4728 l'ax
2364 4687 2413 4727 et
2456 4686 2564 4727 tnta
2602 4674 2799 4731 omnia,
2836 4684 2959 4724 tunc
2992 4674 3295 4738 repentinus
3322 4676 3402 4725 eis

268 4762 589 4831 superveniet
618 4758 862 4813 interitus
892 4773 906 4821 ;
946 4773 963 4806 ι
994 4757 1268 4827 magisque
1302 4770 1365 4808 cx
1396 4770 1458 4807 eo
1491 4755 1632 4824 quod
1664 4755 1848 4809 Matth.
1883 4774 2003 4811 χλιιι
2036 4774 2098 4812 ac
2133 4760 2262 4811 Luc.
2293 4775 2396 4811 xvtt
2426 4760 2658 4809 ostendit
2689 4756 2945 4807 llotnious
2972 4756 3112 4822 quod
3164 4765 3285 4808 ante
3319 4757 3404 4823 ju-

266 4849 450 4903 dicium
480 4855 637 4900 erunt
672 4844 915 4899 homines
946 4840 997 4895 in
1023 4841 1180 4907 longa
1206 4854 1336 4909 pace
1363 4854 1427 4892 ac
1454 4840 1758 4893 securitate.
1788 4859 1804 4891 ι
1838 4840 1987 4898 Sicut
2022 4853 2197 4904 erant.
2256 4842 2445 4911 inquit,
2500 4841 2615 4893 dies
2655 4839 2782 4903 Noe,
2814 4840 2884 4892 ita
2929 4842 3029 4892 erit
3065 4851 3117 4892 et
3148 4841 3404 4895 adventus

268 4930 378 4987 Filii
406 4932 662 4988 hominis.
693 4930 843 4984 Sicut
880 4928 1019 4981 enim
1067 4935 1213 4978 erant
1246 4924 1297 4979 in
1345 4925 1533 4978 diebus
1566 4926 1658 4995 qui
1712 4936 2094 4995 praecesserunt
2121 4928 2375 4981 diluvium
2409 4928 2624 4979 edentes
2654 4934 2703 4979 et
2736 4926 2996 4989 bibentes,
3031 4928 3404 4978 contrahentes-

271 5021 663 5073 matrimonium
695 5026 750 5071 et
776 5022 997 5084 nuptum
1026 5012 1235 5074 dantes,
1266 5026 1436 5077 usque
1454 5011 1517 5065 ad
1544 5027 1663 5063 eum
1692 5012 1828 5065 diem
1864 5029 1969 5079 quo
1993 5012 2208 5067 intravit
2252 5012 2360 5065 Noe
2391 5014 2442 5066 in
2476 5028 2674 5076 arcam,
2718 5028 2814 5064 nec
2848 5021 3209 5080 cognoverunt
3238 5011 3404 5061 donee.

270 5104 405 5157 venit
433 5105 691 5159 diluvium
730 5114 781 5156 et
812 5102 933 5157 tulit
963 5099 1241 5154 universos
1279 5116 1290 5150 :
1325 5097 1396 5149 ita
1430 5098 1531 5152 erit
1555 5109 1606 5152 et
1636 5099 1895 5153 adventus
1924 5097 2039 5152 Filii
2072 5100 2322 5154 hominis.
2365 5118 2380 5148 ι
2434 5097 2615 5166 Itaque
2638 5098 2778 5165 quod
2814 5097 2884 5149 ibi
2934 5098 3085 5163 patilo
3117 5106 3235 5146 ante
3268 5096 3402 5144 diei-

269 5196 367 5249 tttr,
406 5205 422 5238 ι
455 5188 515 5243 Et
543 5199 675 5244 tunc
701 5187 974 5257 apparebit
997 5187 1204 5253 signum
1241 5181 1356 5235 Filii
1389 5182 1619 5240 hominis
1648 5201 1660 5236 :
1698 5184 1901 5239 Ettunc
1919 5188 2163 5255 plangent
2192 5201 2374 5239 omnes
2398 5186 2566 5239 tribus
2599 5194 2773 5245 terrae,
2813 5203 2829 5231 ι
2866 5198 2966 5233 ttult
3007 5182 3196 5230 indicat
3226 5180 3401 5228 statim

270 5272 314 5323 id
340 5273 607 5341 subsequi,
640 5274 732 5327 sed
762 5274 932 5327 solum
969 5271 1109 5341 quod
1142 5278 1320 5338 postea
1343 5276 1622 5335 sequetur:
1660 5271 1749 5339 qui
1780 5274 1967 5324 modus
1991 5271 2279 5338 accipiendi
2306 5269 2466 5329 Tunc,
2497 5270 2573 5321 vel
2610 5268 2669 5319 In
2692 5269 2863 5319 diebus
2907 5268 3028 5320 illis,
3060 5264 3169 5312 sive
3224 5260 3277 5309 1η
3314 5264 3402 5310 illo

269 5369 498 5423 tempore,
519 5358 771 5427 frequens
793 5371 872 5413 est
902 5362 953 5415 in
989 5358 1154 5413 sacris
1174 5356 1381 5409 Litteris
1414 5373 1425 5407 :
1458 5356 1902 5422 quemadmodum
1932 5356 2149 5407 adnotat
2184 5364 2361 5409 noster
2393 5355 2705 5421 Eutbymius
2732 5367 2883 5417 super
2923 5348 3045 5399 illud
3076 5345 3256 5394 Mai-ill.
3292 5363 3360 5394 Ml
3390 5364 3397 5393 τ

276 5461 289 5489 ι
328 5442 471 5499 Tunc
498 5444 758 5497 adductus
780 5453 861 5498 est
888 5446 937 5498 ei
967 5427 1324 5498 dmtuoniacus
1346 5481 1357 5503 ,
1399 5459 1415 5489 ι
1462 5455 1782 5506 rursumque
1805 5454 1965 5507 super
2000 5440 2124 5492 illttd
2148 5439 2331 5492 Matth.
2373 5456 2426 5492 ιιι
2465 5456 2477 5490 :
2514 5456 2529 5487 ι
2572 5438 2625 5489 in
2658 5438 2844 5488 diebus
2876 5435 2975 5483 illis
3006 5441 3142 5479 u-mt
3175 5431 3403 5478 Joannes

272 5527 489 5595 llapttsla
520 5529 816 5596 praedicans
867 5531 917 5582 in
956 5532 1162 5584 deserto
1205 5528 1414 5581 Juda'a‘.
1456 5546 1471 5574 ι
1517 5525 1577 5578 Et
1604 5524 1896 5576 UEcttmenl

1774 5525 1968 5576 menius
2007 5538 2162 5590 super
2192 5524 2316 5574 illttd
2360 5527 2476 5576 Aet.
2505 5538 2551 5573 vt
2588 5538 2597 5572 ξ
2640 5543 2654 5567 ι
2688 5520 2738 5568 in
2777 5517 2855 5565 his
2911 5525 3084 5563 autent
3121 5515 3327 5563 diebus.
3384 5533 3398 5559 ι

273 5615 430 5671 l’orro
451 5617 599 5685 signa
632 5632 694 5666 ac
721 5616 956 5683 prodigia
989 5620 1265 5672 mendacia
1299 5615 1553 5669 adventus
1582 5608 1891 5664 Antichristi
1922 5608 1973 5660 itt
2008 5607 2089 5659 bis
2120 5610 2207 5672 qui
2244 5615 2485 5677 pereunt,
2529 5608 2631 5657 imo
2672 5613 2723 5654 ut
2749 5611 2818 5651 ait
2859 5600 3123 5657 tllnistus,
3157 5601 3225 5648 ita
3266 5609 3317 5653 ιιι
3353 5602 3407 5650 ιιι

571 5709 828 5767 Funera
876 5710 985 5765 Gil.
1034 5712 1124 5768 (ἰν
1140 5713 1177 5768 1.
3158 5693 3221 5749 l6
