4112 6330
687 357 785 420 ιρι
1748 354 1948 413 JOA.\'.
1992 354 2311 413 IIENTENI

2207 356 2289 413 ΕΝ
2305 355 2357 411 ΙΙ
2396 356 2797 418 PREFATIO.
3730 364 3831 426 492

686 482 922 521 errorem
949 466 1237 531 ducantur,
1278 466 1323 517 si
1360 465 1468 518 ﬁeri
1497 471 1687 531 potest,
1720 464 1876 515 etiam
1909 465 2085 527 (lecti,
2119 472 2243 514 sunt
2270 466 2429 517 variae
2458 481 2518 518 ac
2543 468 2894 521 multiformes
2922 467 3038 535 ejus
3065 466 3270 522 tet-lina:
3313 470 3377 523 ad
3425 468 3754 523 seducendos
3783 481 3832 523 tl

687 552 1034 621 pelliciendos
1062 550 1153 602 Dei
1193 565 1397 603 servos.
1426 550 1669 617 Cumque
1694 562 1750 601 se
1775 563 1836 599 ac
1855 562 2007 599 suam
2030 558 2229 600 scolam
2264 551 2671 605 Christianismo
2695 555 3002 620 cmterisque
3031 554 3235 621 legibus
3262 556 3508 607 omnibus
3541 566 3827 622 pru‘ponat,

688 656 758 689 an
806 651 912 687 non
938 635 1215 688 seextollit
1258 648 1417 700 supra
1446 648 1653 685 omnem
1688 632 1777 699 qui
1815 633 2011 684 dicitur
2044 633 2181 685 Deus
2226 644 2316 685 aut
2347 637 2577 687 numen?
2606 637 2796 689 sedens
2833 636 3249 704 sive‘impcrans
3282 638 3333 689 in
3394 638 3584 705 templo
3617 638 3725 700 Dei,
3751 642 3829 689 Vel

690 724 781 775 ubi
812 721 961 788 prius
986 728 1137 771 erant
1168 719 1420 771 Ecclesia:
1454 719 1561 777 Dei,
1592 727 1679 769 aut
1705 717 1821 768 viva
1855 716 1945 769 Dei
1974 718 2190 783 templa.
2222 719 2321 779 Qui
2350 719 2509 769 etiam
2557 718 2684 771 fecit
2717 730 2771 772 ut
2803 721 2996 773 dicitur
3030 724 3191 787 Apoc.
3231 736 3348 783 xm,
3385 721 3556 789 ignem
3596 721 3687 774 ira:
3742 723 3827 775 Dei

693 806 1013 857 descendere
1035 805 1086 855 in
1120 803 1501 868 terram,jn.\ta
1535 801 1659 853 illud
1685 801 1815 868 psal.
1853 816 1961 853 xvn
1992 818 2005 852 :
2033 819 2049 849 ι
2081 802 2332 854 Ascendit
2363 804 2539 855 fumus
2567 806 2616 855 in
2651 806 2728 856 ira
2752 805 2865 872 ejus
2885 814 2937 858 et
2970 806 3105 873 ignis
3126 820 3152 857 a
3193 805 3329 859 facie
3351 806 3834 872 ejusexarsit,car-

693 894 859 945 boncs
884 891 1126 943 succensi
1156 898 1281 943 sunt
1315 890 1381 941 ab
1412 903 1496 941 eo.
1532 907 1549 938 ι
1596 893 1699 939 Aut
1729 888 1782 940 in
1821 896 2111 955 conspectu
2150 888 2423 939 hominum
2449 887 2642 940 dicitur
2672 889 2773 941 hoc
2804 889 3014 951 fecisse,
3042 890 3089 941 id
3121 898 3203 942 est
3230 890 3372 957 quod
3417 892 3489 942 ait
3519 890 3827 957 Apostolus,

697 994 719 1025 ι
753 978 807 1028 In
833 977 1079 1044 prodigiis
1103 976 1464 1033 mendacibus,
1505 991 1522 1023 ι
1558 972 1679 1041 quia
1704 974 1887 1027 volens
1913 973 2181 1025 occultare
2214 973 2455 1023 morbum
2488 987 2645 1025 suum
2674 972 2957 1036 caducum,
2984 973 3193 1026 dicebat
3214 988 3272 1026 se
3289 972 3480 1027 cadere
3507 989 3569 1028 ex
3599 976 3830 1028 illustra-

695 1062 1021 1127 tioueangeli
1050 1060 1115 1113 de
1134 1061 1269 1113 cwlo
1292 1061 1355 1111 ad
1390 1073 1448 1112 se
1486 1057 1854 1112 descendentis
1887 1058 2096 1126 sibique
2119 1057 2385 1125 loquentis
2424 1074 2435 1109 :
2469 1056 2533 1108 de
2562 1058 2758 1123 quibus
2791 1057 2993 1124 angelis
3018 1059 3151 1125 psal.
3186 1070 3275 1110 cm
3300 1067 3353 1112 et
3384 1056 3513 1113 Heb.
3544 1075 3557 1111 ι
3590 1059 3782 1112 dicitur
3816 1079 3827 1112 :

698 1166 719 1195 ι
750 1148 850 1210 Qui
879 1146 1010 1198 facit
1032 1147 1250 1213 angelos
1278 1159 1405 1197 suos
1432 1145 1650 1211 spiritus
1679 1154 1730 1196 et
1751 1142 2029 1196 ministros
2058 1158 2185 1195 suos
2216 1142 2480 1194 ﬂammam
2509 1142 2670 1208 ignis.
2697 1161 2714 1191 ι
2751 1142 3077 1195 Deditetiam
3109 1144 3353 1211 spiritum
3382 1144 3595 1211 imagini
3630 1145 3827 1207 bestiu‘,

694 1234 894 1286 ﬁciens
921 1242 974 1284 ut
998 1233 1330 1299 loqueretur,
1364 1230 1576 1298 quando
1602 1229 1765 1296 legem
1798 1243 1906 1281 suae
1937 1238 2094 1281 secta:
2119 1227 2366 1279 omnibus
2397 1242 2591 1295 magno
2632 1243 2752 1279 cum
2806 1229 3027 1281 horrore
3072 1229 3430 1298 promulgavit
3462 1249 3474 1283 :
3521 1229 3621 1283 hoc
3673 1234 3830 1284 etiam

695 1319 851 1370 modo
888 1319 1085 1371 laciens
1110 1331 1299 1370 omnes
1324 1317 1549 1369 adorare
1573 1315 1855 1381 imaginem
1890 1314 2090 1376 bestie,
2114 1322 2167 1365 et
2208 1312 2375 1379 utqui
2408 1328 2513 1364 non
2552 1312 2806 1365 haberent
2847 1313 3206 1367 characterem
3262 1315 3442 1368 bestia:
3485 1330 3585 1368 non
3618 1327 3833 1383 possent

692 1419 870 1455 emere
893 1414 984 1455 aut
1008 1403 1236 1456 vendere
1269 1420 1284 1454 :
1317 1402 1530 1470 quando
1550 1401 1681 1452 dixit
1711 1413 1768 1452 se
1797 1400 2019 1451 missum
2059 1413 2088 1451 a
2122 1397 2227 1449 Deo
2263 1399 2313 1448 in
2350 1397 2545 1465 gladio,
2573 1396 2765 1462 jubens
2794 1413 2977 1450 omnes
3001 1398 3251 1451 trucidari
3278 1398 3367 1467 qui
3403 1414 3552 1453 suam
3584 1413 3687 1452 non
3712 1414 3831 1455 sus-

692 1490 931 1554 ciperent
961 1496 1180 1541 sectam.
1204 1484 1437 1539 Rursum
1470 1500 1573 1537 non
1596 1483 1931 1550 obstatquod
1955 1482 2110 1550 vulgo
2131 1482 2381 1534 dicuntur
2412 1480 2590 1532 Euoch
2627 1491 2679 1533 et
2746 1480 2889 1533 Elias
2917 1484 3121 1534 venturi
3147 1491 3205 1536 ut
3230 1497 3346 1537 sese
3377 1484 3451 1537 illi
3476 1494 3740 1552 opponant
3771 1501 3832 1539 ac

692 1589 813 1625 eum
844 1564 1186 1629 convincant.
1226 1581 1442 1639 propter
1469 1572 1521 1623 id
1562 1570 1703 1637 quod
1731 1569 1925 1622 dicitur
1956 1570 2123 1635 Apoc.
2155 1584 2202 1620 xi
2232 1586 2244 1621 :
2280 1586 2297 1618 ι
2344 1567 2404 1620 Ει
2434 1567 2570 1619 dabo
2592 1566 2797 1619 duobus
2832 1568 3055 1621 testibus
3096 1569 3247 1632 meis,
3274 1578 3327 1622 et
3350 1571 3773 1639 propltetabunt;
3804 1590 3825 1622 ι

693 1660 836 1724 quod
859 1659 978 1709 ideo
996 1657 1061 1708 de
1084 1655 1195 1708 Elia
1228 1655 1769 1723 interpretaturvAug.
1801 1668 1891 1705 xx.
1920 1652 1995 1705 De
2019 1653 2157 1704 civit.
2186 1652 2301 1714 Dei,
2328 1667 2448 1705 cum
2472 1652 2593 1704 aliis
2624 1651 2887 1718 pluribus,
2914 1654 3037 1719 quia
3070 1652 3289 1707 Blalaeb.
3320 1669 3370 1707 tv
3399 1641 3636 1709 dicitur:
3667 1672 3685 1705 ι
3710 1654 3829 1709 Ilit-

696 1752 801 1792 taru
825 1741 975 1792 vobis
1005 1741 1171 1791 Eliam
1198 1740 1509 1807 pmphetam
1539 1746 1823 1806 antequam
1851 1737 2029 1788 veniat
2064 1737 2179 1790 dies
2218 1736 2448 1789 Domini.
2478 1755 2495 1785 ι
2539 1736 2778 1787 Alterum
2802 1750 2927 1788 vero
2951 1735 3153 1789 iaciunt
3182 1738 3381 1801 Enoeb,
3408 1740 3531 1807 quia
3556 1737 3689 1792 Gen.
3722 1756 3752 1791 v
3782 1750 3835 1792 ct

696 1829 865 1882 Eccli.
895 1843 1013 1880 xuv
1034 1829 1226 1880 dicitur
1252 1827 1429 1881 Enoch
1454 1827 1740 1880 translatus
1767 1833 1819 1879 ct
1848 1840 1953 1878 non
1987 1834 2249 1889 mortuus,
2273 1826 2409 1879 sicut
2431 1825 2574 1879 Elius
2604 1841 2766 1879 curru
2800 1826 2953 1894 igneo
2987 1827 3037 1878 in
3057 1826 3247 1880 etelum
3275 1838 3482 1893 vectus,
3510 1828 3570 1881 IV
3611 1828 3740 1899 Reg.
3772 1846 3831 1882 ιι.

696 1914 932 1968 Primum
959 1925 1135 1967 autem
1169 1931 1271 1967 non
1302 1915 1495 1967 dicitur
1527 1913 1611 1967 hic
1638 1902 1733 1966 nec
1764 1912 1891 1965 alibi
1930 1915 1980 1963 in
2015 1914 2183 1964 sacris
2219 1909 2430 1962 Litteris
2455 1909 2594 1977 quod
2625 1908 2837 1984 illi_sint
2865 1910 3030 1963 futuri
3058 1920 3257 1964 testes:
3288 1912 3428 1980 quod
3456 1914 3500 1963 si
3542 1914 3696 1967 etiam
3738 1916 3831 1966 ad-

697 2004 1015 2063 mitteretur,
1050 2015 1152 2053 non
1180 2009 1450 2069 oporteret
1472 1999 1611 2067 quod
1642 2000 1899 2052 adversus
1936 1997 2101 2065 ipsius
2132 2011 2411 2064 personam
2452 2006 2775 2064 pugnarent,
2814 1996 2903 2048 sed
2933 1997 3062 2049 satis
3087 2004 3227 2050 esset
3264 1998 3403 2065 quod
3439 1998 3692 2052 adversus
3717 2000 3834 2064 ejus

695 2098 894 2142 sectam
919 2088 1029 2140 sive
1058 2090 1286 2155 priorem
1312 2082 1554 2148 bestiam,
1593 2085 1867 2138 autetiam
1904 2086 2160 2136 adversus
2203 2081 2559 2149 gentilismum
2599 2096 2612 2132 :
2645 2082 2875 2134 maxime
2907 2081 3048 2148 quod
3086 2081 3131 2134 si
3177 2081 3287 2134 lucc
3316 2080 3535 2155 Joannis
3582 2085 3834 2136 revelatio

695 2176 884 2226 ordine
920 2152 1174 2241 procedit,
1208 2174 1273 2225 de
1307 2174 1495 2225 horum
1532 2171 1806 2239 pi-Ophetia
1836 2181 1887 2222 et
1929 2178 2100 2221 morte
2144 2167 2286 2219 illata
2321 2182 2347 2217 a
2388 2166 2554 2219 bestia
2584 2182 2702 2233 qua:
2732 2169 2971 2220 ascendit
3000 2166 3063 2219 de
3092 2166 3304 2236 abysso,
3332 2152 3606 2241 aeeorum
3655 2183 3834 2221 resur-

696 2239 934 2318 rectione
949 2274 1196 2318 narratur
1220 2266 1391 2333 capite
1416 2280 1487 2324 vi,
1520 2274 1751 2330 tempore
1774 2262 2018 2315 videlicet
2041 2267 2204 2313 sexta:
2233 2262 2371 2312 tuba!
2400 2276 2411 2309 :
2444 2273 2604 2326 porro
2634 2260 2802 2313 bestia
2835 2274 2951 2328 qua:
2996 2239 3416 2314 Antichristum.
3435 2262 3715 2329 designare
3747 2263 3831 2316 di-

696 2352 857 2414 citur,
878 2351 1077 2402 habens
1096 2351 1204 2402 duo
1233 2363 1430 2402 cornua
1458 2350 1651 2401 similia
1678 2349 1821 2415 agni,
1852 2362 1970 2415 cap.
2002 2362 2095 2398 xm
2137 2362 2197 2397 ac
2222 2355 2456 2411 tempore
2489 2345 2725 2412 Septima:
2764 2347 2905 2398 tubae
2936 2346 3128 2398 dicitur
3158 2346 3445 2399 ascendere
3466 2347 3529 2399 de
3564 2354 3700 2399 terra
3721 2384 3735 2408 ,
3768 2364 3832 2399 eo

694 2434 837 2502 quod
867 2436 912 2486 si
951 2450 1116 2500 purus
1152 2434 1315 2485 homo
1330 2448 1633 2499 quanquam
1677 2433 1933 2485 adventus
1956 2431 2124 2497 ipsius
2150 2430 2305 2481 luerit
2328 2430 2617 2482 secundum
2646 2431 3004 2497 operationem
3034 2430 3259 2483 Satanze.
3286 2433 3453 2484 Porro
3485 2430 3835 2501 Hieronymus

696 2535 855 2584 super
880 2529 1128 2585 quartum
1157 2529 1318 2585 caput
1359 2517 1646 2577 Malachiac,
1689 2534 1707 2564 ι
1744 2514 1940 2576 Judaei,
1979 2515 2168 2578 inquit,
2204 2528 2264 2565 ac
2296 2512 2637 2565 Judaizantes
2684 2515 2917 2567 haeretici
2960 2516 3143 2568 dicunt
3186 2515 3352 2569 Eliam
3387 2528 3666 2569 venturum
3710 2529 3834 2570 ante

697 2619 851 2655 suum
878 2602 1217 2669 εἰλημμένον,
1248 2621 1265 2651 ι
1306 2601 1445 2663 quod
1472 2617 1531 2651 ex
1556 2616 1619 2653 eo
1646 2600 1874 2651 Ostendit
1898 2599 2020 2664 quia
2060 2598 2305 2665 discipuli
2339 2597 2522 2650 Matth.
2557 2614 2663 2649 xvii
2696 2602 3087 2666 interrogarunt
3128 2602 3405 2653 Dominum
3438 2621 3449 2655 :
3483 2619 3501 2650 ι
3538 2602 3670 2666 Quid
3707 2618 3834 2667 ergo

701 2685 901 2737 Scriba:
920 2686 1100 2737 dicunt
1123 2684 1263 2751 quod
1289 2684 1453 2736 lilium
1478 2691 1717 2750 oporteat
1744 2682 1970 2748 primum
1994 2681 2172 2731 venire
2204 2697 2215 2731 :
2256 2697 2272 2729 ι
2305 2681 2396 2732 sed
2430 2681 2636 2733 illorum
2655 2681 2843 2734 falsam
2875 2698 2989 2735 esse
3012 2685 3316 2750 opinionem
3335 2684 3565 2737 ostendit
3587 2685 3834 2737 Christus

695 2783 820 2821 cum
839 2772 1117 2833 respondet
1144 2788 1157 2820 ;
1192 2787 1210 2816 ι
1252 2768 1390 2820 Eli-as
1410 2767 1517 2834 jam
1549 2766 1708 2826 venit,
1741 2774 1794 2816 et
1817 2778 1918 2815 non
1944 2774 2306 2828 cognoverunt
2337 2780 2475 2824 eum.
2502 2769 2591 2819 sed
2628 2766 2865 2820 fecerunt
2894 2769 2945 2818 iu
2977 2783 3040 2819 eo
3064 2783 3397 2835 quaecunque
3441 2770 3723 2821 voluerunt
3759 2788 3771 2821 :
3808 2789 3827 2818 ι

697 2856 980 2921 statimque
1007 2855 1250 2921 sequitur
1284 2870 1299 2905 :
1330 2872 1347 2902 ι
1379 2853 1523 2905 Tunc
1554 2851 1929 2904 intellexerunt
1954 2849 2198 2915 discipuli
2228 2850 2367 2917 quod
2392 2852 2456 2904 de
2485 2850 2688 2905 Joanne
2721 2850 2949 2919 Baptista
2984 2854 3207 2905 dixisset
3236 2854 3385 2917 ipsis.
3417 2872 3434 2904 ι
3479 2854 3835 2923 Hieronymus

696 2955 871 2996 autem
889 2962 951 2998 eo
976 2947 1093 2997 loco
1121 2961 1213 3012 per
1238 2943 1405 2995 Eliam
1434 2942 1673 3010 intelligit
1700 2939 2057 3008 prophetiam,
2097 2940 2235 2992 sicut
2270 2941 2426 3008 paulo
2456 2954 2575 2994 ante
2603 2942 2766 3010 legem
2800 2958 2889 3011 per
2916 2940 3117 2995 Mosen.
3149 2941 3421 3010 Siquidem
3461 2960 3551 3011 per
3576 2944 3739 3012 legem
3768 2961 3837 2999 ac

696 3033 1023 3100 prophetiam
1067 3031 1419 3085 convertenda
1460 3040 1611 3082 erant
1643 3027 1803 3081 corda
1840 3036 2049 3100 pptrum
2082 3025 2350 3078 Abraham
2379 3064 2391 3088 ,
2427 3027 2574 3081 isaac
2605 3038 2655 3079 et
2688 3025 2872 3091 Jacob,
2902 3028 2949 3079 id
2977 3037 3055 3080 est
3075 3028 3406 3095 sequentium
3441 3044 3531 3083 eos
3553 3040 3605 3084 et
3634 3031 3835 3085 abillis

695 3126 1147 3186 descendentium,
1173 3125 1238 3177 ad
1263 3124 1476 3189 Filium,
1505 3123 1568 3176 ad
1606 3120 1874 3175 Christum
1906 3121 1997 3188 qui
2029 3121 2096 3173 ab
2125 3121 2203 3173 eis
2247 3134 2461 3173 carnem
2515 3130 2834 3187 sumpserat.
2878 3120 3108 3173 llursunt
3168 3119 3351 3173 Matth.
3387 3136 3469 3183 xi,
3516 3122 3736 3191 loquens
3764 3123 3836 3176 de

694 3210 917 3275 Joanne,
956 3231 975 3261 ι
1008 3210 1105 3264 llic
1130 3220 1230 3275 est,
1248 3212 1436 3276 inquit,
1472 3210 1534 3261 de
1558 3222 1662 3273 quo
1685 3208 1939 3274 scriptum
1962 3217 2064 3269 est,
2108 3205 2239 3258 Eiee
2268 3219 2365 3272 ego
2400 3206 2549 3257 tnitto
2577 3208 2819 3272 angelum
2856 3220 3026 3257 meum
3054 3206 3143 3273 qui
3172 3193 3485 3274 pratparabit
3516 3209 3650 3260 viam
3684 3219 3833 3262 tuam

695 3306 906 3357 antete,
930 3313 949 3344 ι
985 3295 1126 3361 quod
1154 3305 1263 3347 erat
1283 3294 1509 3346 ollicium
1538 3293 1660 3343 lilia:
1687 3302 1740 3343 et
1771 3291 1836 3343 de
1862 3305 1927 3344 eo
1958 3291 2350 3356 intelligebatur
2378 3308 2390 3341 :
2415 3289 2639 3366 ideoquoe
2660 3290 2798 3355 quod
2833 3288 3055 3340 Malaeh.
3089 3305 3138 3342 tv
3171 3292 3236 3343 de
3273 3290 3381 3342 Elia
3412 3294 3637 3357 dicitur,
3684 3295 3832 3361 quod

695 3390 965 3432 convertet
982 3395 1074 3429 cor
1094 3390 1303 3445 patrum
1328 3379 1391 3429 ad
1418 3377 1571 3439 ﬁlios,
1596 3376 1827 3436 Gabriel,
1861 3376 1986 3426 Luc.
2018 3389 2055 3435 t,
2082 3376 2404 3425 annuntians
2426 3372 2644 3425 Joannis
2672 3375 3093 3439 conceptionem,
3125 3375 3251 3427 dicit
3274 3378 3324 3428 in
3344 3392 3407 3430 eo
3434 3380 3830 3445 complendum.

702 3482 723 3512 ι
758 3465 894 3528 Ipse,
916 3464 1105 3528 inquit,
1128 3462 1382 3528 praecedet
1413 3448 1535 3512 ante
1562 3460 1708 3510 illum
1736 3460 1786 3509 iit
1811 3459 1995 3524 spiritu
2027 3466 2078 3509 et
2097 3458 2286 3509 virtute
2311 3457 2454 3519 ﬁliai,
2483 3468 2537 3508 ut
2560 3466 2836 3509 convertat
2869 3458 3027 3509 corda
3057 3470 3265 3524 patrum
3296 3462 3346 3511 in
3371 3462 3524 3513 lilios.
3564 3480 3579 3510 ι
3620 3462 3713 3516 llic
3746 3474 3833 3515 est

698 3550 1055 3605 Anticltristns
1070 3550 1136 3600 de
1157 3562 1265 3615 quo
1297 3546 1429 3598 dixit
1455 3546 1701 3604 Christus
1721 3543 1940 3606 Judmis,
1964 3542 2117 3595 Joan.
2154 3559 2183 3593 ν
2218 3561 2230 3596 :
2277 3561 2293 3592 ‹
2334 3542 2440 3610 Ego
2467 3545 2583 3595 veni
2612 3547 2824 3595 nomine
2854 3543 3022 3596 Patris
3048 3545 3147 3596 mei
3183 3555 3234 3598 et
3264 3550 3367 3598 non
3402 3548 3559 3614 recipi
3589 3549 3631 3601 is
3649 3564 3757 3611 me;
3781 3553 3831 3603 si

698 3639 838 3689 alius
861 3634 1063 3687 venerit
1088 3632 1302 3684 nomine
1334 3646 1453 3690 suo.
1484 3631 1629 3682 illum
1666 3630 1950 3696 recipietis.
1987 3647 2004 3678 ι
2032 3628 2299 3695 Siquidem
2321 3629 2442 3680 huic
2469 3626 2635 3680 Judaei
2662 3630 2852 3680 tributa
2888 3631 3023 3681 ultro
3044 3630 3319 3693 dederunt,
3339 3642 3390 3684 et
3432 3633 3554 3684 hinc
3584 3638 3829 3701 estquod

700 3723 776 3775 illi
805 3720 1001 3773 nationi
1029 3732 1298 3785 nunquam
1324 3716 1421 3769 fuit
1446 3715 1691 3768 infestus.
1731 3713 1793 3767 Et
1825 3714 1964 3767 sicut
1988 3712 2233 3767 Christus
2273 3715 2321 3765 iu
2360 3729 2583 3782 persona
2619 3715 2829 3781 quidem
2871 3716 3113 3781 apparuit
3150 3716 3201 3767 in
3234 3718 3341 3767 sola
3386 3718 3660 3770 PaLcstina
3688 3759 3700 3780 ,
3733 3721 3831 3772 sed

698 3816 881 3876 postea
899 3820 991 3873 per
1019 3818 1148 3857 suos
1170 3801 1461 3870 discipulos
1491 3799 1753 3869 percurrit
1783 3800 2038 3852 mundum
2081 3800 2414 3863 universum;
2443 3801 2511 3851 ita
2548 3800 2699 3852 ctltic
2748 3801 2799 3851 in
2833 3802 2943 3851 sola
2976 3799 3159 3854 Saba-a
3195 3803 3401 3854 Arabia!
3450 3806 3714 3869 provincia
3770 3806 3828 3858 in

698 3907 923 3960 persona
951 3888 1219 3958 apparuit,
1254 3888 1343 3941 sed
1369 3902 1461 3956 per
1486 3889 1751 3955 principes
1786 3896 1943 3941 sectae
1979 3902 2086 3939 sua:
2125 3901 2379 3953 sequaces
2409 3886 2663 3952 plurimas
2689 3887 2988 3953 provincias
3022 3903 3083 3940 ac
3126 3906 3282 3954 regna
3326 3891 3621 3957 occupavit.
3660 3891 3832 3958 Cujus

698 3988 935 4031 extrema
957 3976 1272 4044 persecutio,
1296 3975 1345 4027 id
1378 3983 1478 4035 est,
1504 3984 1826 4043 postremum
1867 3989 2048 4026 eorum
2081 3988 2199 4025 cum
2226 3972 2336 4041 Cog
2374 3983 2425 4025 et
2454 3972 2635 4042 Magog
2666 3977 2903 4041 pra-lium
2937 3974 3093 4025 simul
3136 3990 3253 4025 cum
3299 3977 3608 4042 ιιιωιτιιύυιιιί
3657 3979 3720 4029 ad
3774 3980 3830 4030 itl

697 4073 974 4131 apparatu,
992 4064 1101 4115 ﬁeri
1126 4070 1298 4130 potest
1323 4070 1379 4113 ul.
1406 4061 1557 4113 duret
1588 4076 1677 4129 per
1698 4071 1802 4112 tres
1826 4075 1995 4111 annos
2019 4067 2069 4111 cl
2092 4060 2391 4117 dimidium,
2421 4070 2619 4124 quanto
2651 4070 2887 4125 tempore
2916 4062 3270 4111 communiter
3294 4062 3485 4111 dicitur
3514 4064 3829 4114 duraturum

702 4156 824 4221 ejus
843 4154 1148 4220 imperium,
1174 4162 1391 4219 propter
1424 4151 1472 4202 id
1497 4150 1636 4216 quod
1658 4148 1851 4200 dicitur
1872 4147 2001 4199 Dan.
2023 4162 2119 4208 vn,
2152 4156 2363 4199 sanans
2390 4147 2671 4199 tradendos
2701 4148 2750 4197 in
2778 4163 2935 4197 manu
2957 4148 3114 4212 hujus
3148 4150 3323 4199 bestiae
3344 4164 3508 4215 usque
3526 4152 3586 4200 ad
3616 4160 3832 4217 tempus

694 4252 750 4291 et
783 4249 1019 4306 tempora
1042 4247 1097 4289 ct
1125 4237 1406 4287 dimidium
1438 4232 1691 4299 temporis
1716 4250 1729 4294 ;
1768 4241 1820 4282 et
1845 4234 1965 4295 quia
1998 4234 2159 4296 Apoc.
2191 4245 2237 4279 λι
2267 4231 2513 4280 dicuntur
2547 4239 2727 4295 gentes
2757 4232 3037 4281 calcatura:
3065 4226 3331 4283 civitatem
3367 4243 3601 4284 sanctam
3631 4238 3833 4287 inensi-

695 4324 801 4376 bus
822 4309 1179 4390 quadraginta
1197 4320 1442 4382 duobus;
1472 4325 1522 4369 et
1554 4331 1668 4383 cap.
1706 4329 1776 4365 λιι
1812 4315 2003 4367 dicitur
2036 4315 2221 4364 mulier
2260 4329 2375 4379 qua:
2405 4313 2534 4380 fugit
2569 4324 2866 4380 serpentem
2897 4316 3080 4366 alenda
3109 4331 3137 4366 a
3188 4316 3291 4368 Deo
3323 4318 3372 4368 in
3407 4319 3613 4371 deserto
3640 4320 3833 4374 diebus

698 4414 842 4466 mille
859 4412 1104 4463 ducentis
1149 4409 1444 4473 sexaginta,
1480 4414 1530 4457 et
1553 4406 1708 4471 paulo
1731 4412 1851 4470 post
1882 4402 2073 4455 dicitur
2097 4403 2275 4454 eadem
2309 4405 2375 4456 ibi
2397 4407 2461 4455 ali
2491 4420 2578 4471 per
2598 4416 2802 4472 tempus
2829 4416 2877 4458 et
2903 4416 3139 4473 tempora
3160 4419 3209 4459 et
3240 4408 3514 4460 dimidium
3540 4412 3787 4477 temporis
3812 4428 3831 4473 ;

694 4498 927 4551 uetiam
960 4496 1083 4561 quia
1110 4485 1259 4543 tanto
1284 4500 1517 4555 tempore
1543 4489 1738 4541 dicitur
1773 4488 1824 4538 in
1856 4487 1953 4539 hac.
1979 4488 2078 4540 vita
2110 4489 2419 4555 pra-dicasse
2446 4490 2712 4542 Christus.
2750 4492 2851 4542 Alii
2878 4501 3051 4543 tamen
3074 4494 3226 4545 aliter
3265 4496 3836 4561 interpretanturtem—

694 4597 796 4651 pus
816 4591 870 4633 et
897 4590 1135 4643 tempora
1160 4586 1212 4629 et
1238 4574 1515 4627 dimidium
1547 4574 1817 4641 temporis.
1851 4570 2029 4641 Neque
2052 4577 2191 4625 enim
2219 4576 2467 4641 pOSsiliile
2494 4579 2824 4643 essetipsunt
2862 4586 2966 4629 tam
2996 4594 3154 4645 parvo
3179 4590 3410 4647 tempore
3452 4580 3689 4635 obtinere
3718 4591 3833 4635 tam

698 4668 861 4721 .nlla
890 4679 1049 4729 regna
1069 4678 1131 4716 ac
1156 4661 1477 4731 provincias.
1505 4658 1630 4715 Post
1658 4662 1794 4714 hanc
1829 4673 2003 4713 autem
2038 4673 2329 4715 extremam
2359 4666 2779 4732 persecutionem
2811 4668 3078 4733 plenitudo
3097 4671 3326 4737 gentium
3369 4672 3601 4735 intrabit,
3625 4683 3676 4725 et
3700 4683 3834 4728 tunc

697 4756 874 4811 omnia
898 4754 1054 4807 Israel
1082 4752 1262 4807 salvus
1282 4752 1402 4814 erit,
1428 4761 1483 4804 ut
1521 4751 1678 4805 habet
1718 4750 1929 4817 Paulus,
1960 4751 2114 4805 Rom.
2154 4770 2226 4806 xi.
2262 4756 2573 4823 Quanquam
2609 4759 2747 4809 enim
2775 4760 2933 4811 etiam
2969 4770 3143 4822 antea,
3174 4763 3500 4815 cessantibus
3536 4764 3835 4820 haeresibns

698 4858 762 4895 ac
790 4840 1263 4908 persecutiouibus,
1295 4838 1347 4889 iu
1374 4838 1622 4891 diuturna
1657 4852 1785 4906 pace
1810 4850 1861 4891 et
1890 4826 2034 4892 cultu
2072 4838 2160 4891 Dei
2195 4841 2441 4905 vixerint,
2472 4858 2590 4908 qua:
2620 4844 2777 4895 etiam
2810 4846 3007 4896 dicitur
3043 4847 3365 4899 resurrectio
3414 4848 3579 4913 prima
3611 4867 3623 4901 :
3659 4852 3836 4903 multo

700 4946 875 4985 tamen
902 4930 1092 4996 magis,
1124 4938 1405 4998 postquam
1430 4940 1665 4983 extremo
1690 4930 1780 4981 illo
1806 4931 1985 4997 praelio
2012 4933 2274 4999 redegerit
2309 4932 2563 4986 Dominus
2600 4934 2663 4985 ad
2706 4935 3123 4988 internecionem
3155 4951 3340 4987 omnes
3392 4952 3518 4989 suos
3555 4938 3831 4993 inimicos.

696 5019 906 5082 Quanto
929 5023 1103 5066 autem
1137 5022 1373 5081 tempore
1400 5014 1651 5067 duratura
1686 5016 1755 5068 sit
1783 5015 1894 5067 haec
1923 5030 2020 5081 pax
2053 5024 2105 5068 et
2136 5016 2397 5068 securitas
2430 5029 2549 5071 ante
2582 5020 2761 5070 mundi
2794 5022 3304 5071 consummationem
3333 5058 3347 5081 ,
3393 5020 3694 5077 hominibus
3742 5024 3832 5075 in-

690 5119 893 5160 certum
916 5114 1017 5169 est,
1045 5104 1161 5167 sed,
1189 5105 1325 5157 sicut
1351 5105 1425 5157 ait
1444 5102 1711 5170 Christus,
1746 5105 1929 5159 Matth.
1962 5121 2085 5158 xxiv
2112 5122 2125 5158 :
2161 5123 2177 5154 ι
2209 5105 2280 5157 De
2311 5107 2394 5158 die
2439 5109 2524 5159 illo
2548 5119 2599 5161 et
2635 5112 2761 5161 hora
2798 5126 2950 5162 nemo
2979 5112 3095 5171 scit,
3129 5126 3193 5161 tte
3222 5112 3389 5177 angeli
3418 5114 3626 5179 quidem
3657 5120 3828 5168 C0310-

691 5209 829 5245 rum.
858 5210 878 5242 ι
915 5190 969 5243 Id
998 5190 1171 5245 solum
1202 5199 1413 5241 constat
1438 5190 1577 5257 quod
1615 5192 1767 5259 longa
1800 5192 1888 5243 illa
1926 5204 2053 5258 pace
2088 5203 2149 5241 ac
2185 5194 2489 5252 securitate,
2521 5194 2732 5261 plurimi
2762 5211 2971 5245 rursum
3006 5194 3094 5245 Dei
3134 5196 3331 5246 cultum
3386 5199 3680 5266 relinquent
3723 5220 3735 5254 :
3772 5216 3837 5256 et

692 5294 839 5344 tunc,
867 5292 925 5333 ut
948 5283 1023 5333 ait
1040 5279 1346 5347 Apostolus,
1377 5276 1396 5330 l
1424 5272 1613 5333 Thess.
1644 5296 1671 5332 v
1695 5299 1707 5332 :
1734 5299 1751 5330 ι
1775 5281 1897 5333 Dies
1920 5278 2125 5331 Domini
2154 5280 2291 5331 sicut
2328 5280 2411 5331 fur
2439 5284 2488 5333 in
2522 5295 2675 5335 nocte
2701 5286 2767 5336 ita
2806 5286 2995 5336 veniet.
3022 5304 3038 5333 ι
3077 5285 3207 5337 Cum
3236 5289 3374 5339 enim
3400 5291 3679 5354 dixerint,»
3715 5292 3833 5349 Pax

688 5378 745 5419 et
774 5376 883 5419 tota
905 5366 1102 5428 omnia,
1128 5374 1252 5417 tunc
1278 5363 1583 5430 repentinus
1614 5366 1689 5436 eis
1726 5367 2063 5431 superveniet
2102 5366 2366 5427 interitus,
2398 5367 2533 5418 sicut
2570 5368 2721 5419 dolor
2745 5360 2925 5435 partus
2965 5370 3169 5421 nntlieri
3202 5377 3487 5440 pricgnanti
3512 5415 3525 5437 ,
3562 5393 3658 5430 nec
3690 5380 3833 5430 eli’u-

687 5455 864 5519 gient;
906 5472 926 5504 ι
958 5453 1097 5520 quod
1124 5462 1179 5505 et
1220 5451 1471 5504 ChriStus
1506 5450 1747 5515 pluribus
1786 5453 1837 5504 in
1894 5453 2023 5507 locis
2063 5450 2213 5513 dixit,
2259 5464 2320 5500 ac
2361 5450 2725 5517 frequentibus
2768 5455 3035 5521 parabolis
3081 5457 3431 5511 adunibravit.
3462 5445 3611 5523 Quod
3644 5475 3830 5518 autent

686 5539 843 5604 vulgo
866 5539 1051 5590 dicunt
1098 5538 1247 5590 illum
1277 5538 1342 5589 de
1369 5536 1508 5587 tribu
1539 5534 1646 5585 Dan
1673 5537 1975 5600 oriendum,
2007 5545 2219 5605 propter
2237 5534 2286 5585 id
2311 5538 2445 5599 quod
2470 5537 2666 5588 dicitur
2695 5538 2826 5590 Gen.
2856 5555 2972 5590 χιιι
3004 5557 3015 5589 :
3050 5564 3063 5587 ι
3102 5540 3214 5593 Fiat
3245 5543 3352 5595 Dan
3388 5548 3602 5598 coluber
3629 5550 3679 5599 in
3714 5552 3826 5611 via,

686 5632 920 5679 cerastes
946 5625 1002 5677 in
1025 5624 1246 5687 semita.
1288 5622 1539 5677 mordens
1569 5622 1791 5687 ungulas
1820 5624 1965 5689 equi,
2002 5634 2057 5677 ut
2080 5622 2233 5677 cadat
2273 5634 2525 5673 aseensor
2564 5624 2681 5690 ejus
2720 5635 2900 5687 retro;
2935 5644 2951 5673 ι
2988 5628 3125 5693 quod
3170 5639 3341 5680 tamen
3391 5630 3474 5683 alii
3498 5631 3829 5697 probabilius
