4106 6334
210 284 301 345 505

1226 276 1609 337 COMMENT.
1655 279 1732 335 IN
1774 278 2294 340 APOCALYPSIN.

3281 281 3383 347 506

208 396 230 444 ὁ
269 387 448 457 παρὼν
485 385 739 454 θεόσοφος
783 384 1163 454 ιῦαγγελιστὴς
1204 387 1538 454 προήνεγκεν
1582 384 1637 436 ἐν
1669 401 1726 436 τε
1755 388 1802 445 Λ

1755 388 1802 445 Λ
1829 387 2063 454 seipsum
2099 390 2356 453 nominat;
2388 406 2405 439 ι
2436 388 2537 454 Qui
2561 398 2664 443 est.
2698 408 2715 440 ι
2745 392 2987 445 l‘rmsens
3008 401 3186 444 autem
3210 396 3376 446 iuvatt‘

206 478 273 547 τῷ
300 475 605 545 Εὑαγγελὶῳ
630 474 814 539 αὐτοῦ,
870 494 890 526 ι
938 475 1027 529 Ἐν
1052 475 1189 543 ἀρχῇ
1225 470 1290 542 ἦν
1317 476 1344 526 ὁ
1370 475 1563 540 Λόγος,
1600 493 1617 525 ι
1657 477 1734 527 εἰ-

207 569 328 629 πιῖιν,
359 566 450 617 καλ
484 567 541 617 ὲν
583 567 650 634 τῇ
688 564 875 635 πρώτῃ
907 565 1011 615 τῶν
1043 563 1340 616 καθολικῶν
1379 564 1541 615 αὐτοῦ
1585 564 1735 615 Ἐπι-

209 656 412 719 στολῶν,
451 672 470 705 ι
510 656 575 706 Ὀ
620 650 686 723 ἦν
736 653 827 707 ἀπ’
877 653 1081 721 ἀρχῆς,
1136 670 1154 703 ι
1194 652 1408 720 γράψας
1456 653 1584 721 περὶ
1640 652 1733 703 τοῦ

209 747 362 810 Λόγου
397 745 498 812 τῆς
545 742 706 812 ζωῆς.
761 742 1077 811 Ἑρχόμενον
1127 742 1182 793 δὲ
1226 741 1285 793 τὸ
1332 743 1469 794 θεῖον
1519 742 1735 810 Πνεῦμα

208 836 378 898 καλεῖ,
409 834 483 897 ὡς
512 834 573 888 οὒ
605 835 762 901 μόνον
806 832 945 884 κατὰ
984 832 1080 899 τὴν
1109 832 1313 899 ἡμέραν
1346 832 1444 898 τῆς
1472 832 1736 901 Πεντηκο-

209 926 325 993 στῆς
350 922 752 991 ἀπεσταλμένον
793 921 943 988 παρὰ
976 920 1070 971 τοῦ
1116 919 1344 985 Πατρὶς,
1372 920 1483 970 ἀλλ’
1513 921 1601 970 ἀεὶ
1629 937 1734 970 πα-

208 1012 545 1080 ραγινόμενον
584 1013 694 1071 τοῖς
718 1009 886 1072 ἀξίοις
930 1008 1061 1062 αὐτὸ
1100 1007 1369 1071 δέξασθαι,
1398 1009 1488 1059 καὶ
1525 1008 1609 1059 διὰ
1642 1007 1734 1060 τοῦ

208 1101 349 1167 ἁγίου
379 1099 770 1167 βαπτίσματος.

264 1209 477 1276 Εἰρήνη
511 1209 627 1262 ἀπὸ
648 1208 751 1261 τοῦ
782 1212 814 1261 ό
838 1209 939 1261 ὢν.
971 1210 1125 1271 Ἴσως
1155 1210 1209 1262 δὲ
1232 1210 1329 1261 οὐκ
1355 1208 1609 1275 ἀδόκιμον
1639 1208 1733 1259 καὶ

206 1300 331 1351 οὕτω
364 1299 529 1350 ταῦτα
559 1298 788 1351 νοεῖσθαι
815 1301 906 1349 ἐπὶ
940 1299 1032 1350 τοῦ
1062 1299 1272 1367 Πατρὸς
1303 1299 1381 1362 τὸ,
1425 1298 1485 1350 ’Θ
1514 1296 1594 1349 ὢν
1632 1298 1730 1349 καὶ

204 1393 232 1441 ό
262 1385 332 1455 ἦν
377 1388 470 1439 και
503 1390 535 1440 ὀ
571 1388 905 1454 ἐρχόμενος,
946 1386 1021 1447 ὼς
1061 1386 1223 1439 αὑτοῦ
1280 1387 1619 1455 περιέχοντος
1676 1390 1731 1439 ἐν

204 1476 365 1545 ἐαυτῷ
389 1476 729 1541 πάντωντῶν
756 1476 921 1528 ὄντων
960 1476 1055 1544 τὴν
1102 1474 1295 1545 ἀρχὴν,
1328 1477 1421 1528 aut
1452 1477 1517 1527 τὰ
1550 1476 1689 1545 μέσα
1717 1514 1731 1537 ,

203 1568 285 1619 καὶ
314 1566 382 1619 τὰ
413 1566 715 1621 τελευταῖα.
1602 1560 1604 1563 ’

1836 476 2021 542 gelista
2042 478 2283 543 protulit,
2313 496 2329 526 ι
2365 478 2509 541 Erat,
2543 498 2561 529 ι
2596 489 2647 532 et
2699 481 3064 549 inl‘vangelio
3118 496 3217 535 suo
3257 499 3377 535 cum
3468 514 3471 519 ν

1835 562 1985 625 dixit,
2018 580 2036 613 ι
2068 564 2123 616 1η
2164 565 2428 633 principio
2469 576 2582 620 erat
2637 567 2890 633 Verbum,
2919 571 2938 599 ⁸
2968 589 2987 621 s
3032 572 3158 623 etin
3211 573 3379 639 prima

1834 662 2053 702 suarum
2081 650 2440 718 Epistolarum
2476 655 2866 707 catholicarum
2896 671 3018 709 cmn
3058 660 3278 727 scripsit
3312 661 3378 713 de

1836 738 1997 791 verbo
2030 739 2199 799 vitam
2240 738 2392 805 Quod
2421 750 2535 795 erat
2562 741 2629 795 ab
2660 744 2869 795 initio.’
2905 765 2916 777 -
2948 747 3113 799 Porro
3140 748 3375 801 divinum
3414 769 3418 773 ·

1838 827 2093 895 Spiritum
2127 838 2283 884 vocat
2309 846 2433 884 eum
2466 832 2556 899 qui
2591 834 2751 895 venit,
2786 835 2942 887 velut-
2976 849 3077 887 non
3107 837 3278 894 solmn
3294 838 3378 890 die

1835 917 2178 972 Pentecostes
2221 922 2445 974 missum
2499 920 2749 985 a'Patre,
2803 924 2893 976 sed
2930 939 3141 993 διαιρεῖ
3174 928 3239 979 ad
3284 941 3377 979 eos

1835 1009 2173 1061 accedentem
2219 1009 2311 1077 qui
2363 1008 2508 1078 digni
2549 1020 2675 1064 sunt
2723 1011 3029 1080 suscipere.
3076 1012 3239 1067 etiam
3282 1028 3377 1083 per

1835 1105 2079 1149 sanctum
2121 1098 2402 1164 baptisma.
3220 1136 3221 1139 η
3414 1096 3421 1105 ’

1905 1203 1981 1255 Ab
2001 1220 2057 1255 eo
2079 1206 2166 1273 qui
2198 1205 2567 1261 cst.Fortassis
2597 1216 2774 1260 autem
2808 1224 2913 1261 non
2936 1209 3034 1261 erit
3058 1209 3371 1274 absurdum,

1838 1302 1894 1345 ut
1928 1293 2039 1346 hinc
2087 1310 2297 1361 quoque
2336 1296 2406 1347 ita
2459 1296 2821 1365 intelligantur
2865 1298 2928 1349 de
2976 1296 3150 1359 Patre,
3185 1312 3374 1364 nempe

1838 1382 1935 1447 Qui
1964 1395 2062 1447 est,
2106 1395 2153 1437 et
2183 1388 2269 1452 qui
2297 1395 2430 1445 erat.
2469 1397 2513 1438 et
2546 1388 2633 1454 qui
2682 1389 2845 1439 venit:
2878 1398 2934 1439 ut
2964 1389 3050 1455 qui
3104 1388 3154 1439 in
3198 1388 3373 1456 seipso

1836 1475 2110 1527 contineat
2136 1475 2373 1528 omnium
2398 1492 2516 1544 qua:
2542 1484 2667 1529 sunt
2700 1476 3153 1545 origincnreﬁQ
3182 1485 3233 1530 et
3262 1491 3376 1529 me-

1836 1562 1922 1615 dia
1952 1576 2012 1613 ac
2045 1562 2195 1615 fines.

260 1678 363 1732 Kal
390 1678 506 1731 ἀπὸ
546 1678 662 1731 τῶν
697 1679 842 1732 ἑπτὰ
870 1678 1237 1747 πνευμάτων.
1285 1679 1440 1739 Τινὲς
1482 1679 1549 1730 τὰ
1595 1679 1732 1730 ἑπτὰ
1759 1695 1804 1753 Β

1759 1695 1804 1753 Β
1908 1669 1973 1723 Ει
2003 1687 2033 1722 a
2063 1683 2249 1737 sepfem
2275 1672 2568 1738 spiritibus.
2609 1672 2855 1726 Nonnulli
2903 1683 3103 1740 septem
3153 1675 3372 1742 spiritu:

202 1766 488 1835 πνεύματα,
519 1768 615 1829 τὰς
644 1767 919 1836 ἐνεργείας
946 1766 1038 1819 τοῦ
1076 1768 1232 1834 ἁγίου
1265 1766 1532 1819 ὑπέλαϐον
1562 1768 1724 1819 Πνεύ-

203 1870 378 1919 ματος.
407 1854 757 1922 Δοκιμὸτερον
786 1855 841 1905 δὲ
865 1854 1128 1921 ἀγγέλους
1155 1854 1323 1906 ταῦτα
1354 1856 1512 1906 νοεῖν.
1546 1855 1618 1906 0'3
1645 1854 1731 1906 διὰ

200 1943 252 1993 τὸ
299 1943 771 2011 συμπαρειλῆφῦαι
811 1942 866 1993 δὲ
892 1945 955 2010 τῇ
1000 1945 1465 2011 παντοκρατορικῇ
1506 1943 1727 2011 Τριάδι,

200 2029 287 2095 ήδη
329 2030 421 2080 καὶ
463 2029 695 2097 όμότιμα
725 2028 894 2081 ταῦτα
922 2029 1365 2094 καταλογίζεσθαι
1405 2032 1542 2098 αὐτῇ
1591 2033 1726 2099 χρὴ,

198 2114 320 2166 ἀλλὰ
347 2115 505 2168 δοῦλα
540 2117 634 2169 καὶ
662 2117 1026 2186 λειτουργικὰ,
1054 2117 1167 2186 εἴγε
1192 2119 1433 2172 πειστέον
1466 2124 1579 2181 τοῖς
1606 2138 1730 2190 προ⁴

199 2203 381 2268 ςιήταις
443 2206 555 2265 τοῖς
611 2204 1126 2275 διαμαρτυρομένοις
1175 2207 1256 2258 ὃτι
1315 2207 1382 2259 τὰ
1446 2208 1733 2278 σύμπαντα

198 2292 343 2343 δοῦλα
382 2291 561 2353 αὑτοῦ.
595 2294 689 2345 καὶ
720 2292 781 2363 δὴ
810 2294 903 2345 καὶ
936 2292 1012 2364 τῷ
1042 2296 1327 2364 θεοπὰτορι
1358 2296 1540 2361 Δαυῖδ,
1580 2317 1598 2347 ι
1635 2298 1735 2351 Εὑ-

198 2380 410 2447 >.ογεῖτε,
468 2382 765 2449 φάσκοντι,
812 2384 1006 2447 πάντες
1052 2385 1267 2450 ἄγγελοι
1309 2386 1463 2448 Θεοῦ,
1519 2387 1735 2441 δυνατοὶ⁸

198 2469 353 2537 ἰσχύϊ,
386 2470 661 2533 ποιοῦντες
687 2472 774 2524 τδν
806 2471 958 2538 λόγον
1007 2474 1191 2526 αὑτοῦ.
1230 2494 1248 2525 ›
1288 2477 1397 2527 Καὶ
1420 2477 1477 2527 τὸ
1512 2478 1609 2544 μὲν
1647 2478 1733 2529 λέ-

196 2573 301 2620 γειν
347 2558 425 2610 ὅτι
478 2560 536 2612 τὸ
582 2562 1135 2631 συμπαραλαμϐάνειν
1180 2563 1240 2615 τὸ
1293 2565 1442 2615 Θείον
1497 2567 1587 2617 καὶ
1636 2567 1731 2635 τὴν

197 2648 505 2713 ἁγγελιῶτιν
558 2648 738 2716 φύσιν,
786 2651 1156 2718 παριστῶντός
1205 2654 1321 2703 ἐστι
1374 2653 1434 2704 τὸ
1474 2655 1729 2723 ὁμότιμον

196 2733 321 2788 εἶναι
344 2738 439 2802 τῆς
461 2739 892 2807 παντοκράτορος
909 2742 1000 2791 καὶ
1024 2740 1202 2807 πάσης
1230 2742 1319 2792 τοῦ
1343 2738 1480 2794 εἶναι
1504 2744 1729 2807 κτίσεως

196 2826 471 2890 παραιτίας
493 2826 587 2879 καὶ
609 2827 705 2896 τὴν
726 2826 1101 2898 λειτουργικὴν
1126 2830 1442 2892 ὑπόστασιν,
1466 2833 1565 2884 οὐκ
1584 2832 1727 2885 ἔστιν

196 2915 402 2977 εἰδότος,
427 2917 544 2967 οὐδὲ
578 2919 741 2983 ἐγγὺς
759 2958 775 2982 ,
805 2920 919 2971 ἀλλ’
946 2911 1262 2987 ἀγνοοῦντος
1283 2962 1297 2985 ,
1345 2916 1517 2987 οἶμαι,
1548 2923 1621 2984 ὡς
1650 2923 1725 2989 τῷ

1832 1769 2157 1826 acceperunt
2196 1769 2398 1826 septem
2429 1761 2767 1826 operationes
2807 1762 2973 1813 sancti
3002 1761 3252 1829 Spiritus.
3283 1762 3375 1815 Est

1831 1857 2009 1900 autem
2038 1847 2368 1915 probabilius
2405 1850 2501 1900 hos
2530 1848 2775 1915 accipere
2801 1850 3019 1914 angelos
3048 1867 3062 1902 :
3099 1866 3202 1902 non
3229 1853 3370 1918 quod

1830 1924 1950 1991 cum
1987 1936 2337 2003 omnipotenti
2374 1934 2635 1987 Trinitate
2676 1937 3218 2001 comprehendantur,
3260 1940 3373 1991 sive

1830 2022 1987 2076 etiam
2022 2022 2244 2089 aequalis
2278 2037 2399 2076 esse
2424 2036 2545 2073 cum
2575 2036 2635 2073 ea
2666 2022 2887 2075 honoris
2917 2023 3169 2075 arbitrari
3205 2039 3369 2091 opor-

1831 2121 1940 2166 teat
1958 2131 1971 2166 :
1990 2114 2080 2166 sed
2101 2112 2243 2181 quod
2260 2113 2310 2165 ei
2329 2111 2660 2163 famulentur
2686 2119 2741 2163 et
2766 2112 3151 2179 obsequantur,
3175 2112 3217 2165 si
3244 2128 3369 2180 pro—

1832 2203 2006 2271 phetis
2064 2200 2385 2255 credendum
2441 2211 2525 2253 est
2570 2202 2952 2255 attestantibus
3001 2203 3142 2268 quod
3189 2202 3368 2256 omnia

1832 2294 2066 2347 serviant
2105 2292 2233 2360 ipsi:
2276 2300 2329 2345 et
2377 2292 2702 2359 progenitori
2746 2291 2838 2346 Dei
2873 2291 3079 2355 Davidi,
3118 2292 3317 2347 dicenti
3352 2309 3368 2345 :

1838 2402 1856 2434 ι
1888 2382 2209 2445 Benedicitc,
2231 2395 2417 2434 omnes
2445 2381 2616 2449 angeli
2648 2379 2763 2444 Dei,
2794 2390 3034 2450 potentes
3061 2382 3255 2435 virtute
3278 2382 3372 2450 qui

1831 2473 2055 2542 expletis
2096 2486 2399 2527 sermonem
2451 2472 2641 2538 ipsius.
2663 2469 2685 2501 ⁸
2712 2488 2731 2521 s
2767 2468 2832 2523 Et
2853 2480 2999 2524 certe
3031 2470 3207 2525 dicere
3228 2472 3369 2538 quod

1831 2562 1990 2616 simul
2014 2559 2465 2628 comprehendere
2492 2560 2823 2612 divinitatem
2847 2568 2898 2612 et
2922 2569 3165 2611 naturam
3198 2575 3367 2627 ange-

1828 2647 1985 2700 lieam
2015 2647 2083 2700 sit
2105 2649 2477 2700 demonstrare
2506 2646 2863 2713 aequalitatem
2891 2661 3009 2699 esse
3037 2647 3255 2701 honoris
3285 2648 3364 2700 in-

1829 2746 1909 2790 ter
1932 2738 2348 2804 omnipotentem
2372 2735 2683 2787 Trinitatem
2715 2746 2767 2788 et
2783 2736 2873 2803 qni
2902 2735 3078 2788 omnis
3102 2745 3367 2791 creaturae

1825 2836 2013 2880 auctor
2046 2835 2146 2887 est.
2189 2841 2253 2879 ac
2281 2826 2682 2877 ministen’alem
2712 2826 3092 2889 substantiam,
3140 2840 3248 2877 non
3281 2838 3367 2879 est

1827 2913 2167 2979 intelligentis
2190 2921 2281 2965 aut
2301 2912 2680 2981 propemodum
2704 2913 3072 2980 intelligentis,
3092 2913 3184 2965 sed
3212 2914 3361 2980 igno-

196 3005 485 3067 όεσπόζοντι
507 3007 652 3073 φιλεῖ
669 3012 902 3062 συνεῖναι
930 3010 1096 3063 καὶτὸ
1116 3013 1223 3080 ὖπη
1234 3012 1437 3077 ρετοῦν.
1454 3006 1520 3082 ᾯ
1549 3014 1612 3082 δὴ
1634 3015 1725 3066 καὶ
1750 2996 1792 3052 C

1750 2996 1792 3052 C
1825 3003 2013 3064 rantis,
2040 3010 2095 3053 ut
2126 3001 2485 3069 opinor,quod
2512 3002 2736 3068 gaudeat
2755 3015 2815 3053 ea
2837 3013 3078 3054 creatura
3108 3001 3360 3055 assistere

200 3092 393 3156 Παῦλος
417 3095 690 3164 χρώμενος
713 3100 850 3168 ὲντῇ
896 3097 1085 3169 πρώτῃ
1118 3100 1255 3169 (L2)
1295 3101 1428 3168 πρὸς
1468 3101 1726 3169 Τιμόθεον

196 3184 465 3253 Ἐπιστολῇ
490 3184 634 3238 οὕτω
656 3186 770 3249 πώς
794 3202 985 3256 φησιοι
1011 3189 1364 3259 Μαρτύρομαι
1387 3189 1613 3265 ὲνῲπιον
1636 3192 1726 3244 τοῦ

198 3272 319 3325 Θεοῦ
354 3274 441 3326 καὶ
477 3273 588 3327 τῶν
615 3275 898 3329 ’ὶκλεκτῶν
938 3275 1203 3343 ἀγγέλων.
1244 3297 1262 3328 s
1318 3278 1486 3331 Τοῦτο
1514 3275 1604 3331 οὖν
1636 3279 1728 3330 καὶ

197 3364 264 3432 τῷ
309 3366 452 3434 αὐτῷ
484 3367 969 3428 ἰπακολουοοῦντός
1000 3371 1165 3423 ἐστιν.
1223 3368 1381 3419 Ἀλλὰ
1412 3369 1505 3420 καὶ
1536 3369 1596 3420 τὸ
1638 3371 1726 3421 ἐν·

196 3453 358 3506 ταῦθα
386 3455 733 3521 προσκεῖσθαι
766 3455 845 3516 τὸ,
885 3455 953 3508 Ἀ
986 3455 1154 3507 ἐστιν
1180 3456 1432 3508 ἐνώπιον
1461 3457 1565 3509 τοῦ
1596 3457 1725 3523 θρόο

197 3556 296 3591 νου
326 3539 425 3592 τοῦ
456 3540 635 3603 Θεοῦ,
656 3541 755 3609 τὴν
781 3541 1049 3610 οἰκετικὴν
1079 3542 1249 3605 τάξιν,
1277 3543 1337 3594 οὺ
1365 3543 1460 3609 τὴν
1491 3542 1726 3610 ἰσότιμον

199 3627 366 3686 αὐτοῖς
394 3628 932 3697 προσμαρωροῦντὸς
961 3630 1129 3680 ἐστιν.

266 3797 328 3849 '0
341 3798 563 3866 μάρτυς
602 3802 635 3852 ὁ
672 3800 895 3859 πιστός.
931 3800 1020 3850 Δεῖ
1069 3801 1501 3869 προσυπακούειν
1543 3802 1621 3864 τὸ.
1664 3803 1721 3867 ὃς

200 3887 353 3951 ἐστιν,
398 3888 461 3938 ἵν’
594 3888 699 3939 Καὶ
744 3887 850 3940 ἀπὸ
898 3888 1068 3958 Ἰησοῦ
1117 3890 1371 3958 Χριστοῦ,
1406 3893 1462 3953 ὃς
1505 3893 1648 3945 ἐστιν
1693 3892 1722 3943 ὁ

202 3977 413 4045 μάρτυς.
476 3978 892 4045 Ἐπισκοπητέον
937 3978 993 4031 δὲ
1049 3980 1129 4031 ὅτι
1181 3982 1439 4051 πρότερον
1469 3983 1543 4043 ὡς
1595 3982 1721 4051 περὶ

199 4065 423 4131 ἁσὰρκου
470 4064 684 4133 γράψας
730 4065 823 4117 τοῦ
868 4066 1011 4118 θείου
1050 4069 1222 4135 Λόγου
1284 4071 1340 4119 ὲν
1383 4067 1462 4130 οἷς
1516 4071 1716 4137 ἔλεγεν,

203 4171 219 4201 ι
259 4154 317 4205 ’0
343 4151 435 4219 ἦν,
470 4172 489 4201 ι
538 4154 632 4205 νῦν
662 4155 784 4222 περὶ
836 4157 1244 4225 σεσαρκιομένου
1287 4159 1448 4210 αὑτοῦ
1480 4160 1720 4226 διαλέγε-

197 4257 296 4298 ται,
325 4243 523 4309 φήσας,
555 4243 659 4293 Kal
688 4243 805 4294 ἀπὸ
864 4244 1062 4307 Ἰησοῦ
1093 4247 1364 4310 Χριστοῦ,
1411 4247 1468 4298 οὐ
1500 4248 1718 4316 διαιρῶν

1827 3094 2169 3154 dominatori,
2219 3093 2378 3161 eique
2422 3094 2729 3146 ministrare
2778 3108 2791 3142 :
2848 3108 2955 3159 quo
3008 3092 3276 3146 schemate
3311 3101 3365 3146 ct

1829 3182 2027 3235 Paulus
2062 3185 2113 3235 in
2157 3183 2391 3251 Epistola
2419 3184 2589 3251 prima
2628 3182 2692 3234 ad
2718 3179 3056 3234 Timotheum
3088 3189 3265 3241 utens.
3304 3181 3357 3235 in

1830 3273 1973 3326 hunc
1998 3272 2658 3341 quodammodoloquitur
2692 3269 2904 3322 modum
2931 3286 2945 3322 :
2978 3286 2994 3318 ι
3032 3267 3277 3322 Obtestor
3304 3269 3357 3322 in

1829 3368 2117 3426 conspectu
2153 3357 2241 3410 Dei
2272 3368 2319 3411 et
2344 3352 2636 3410 electorum
2659 3356 2990 3422 angelorum.
3017 3356 3037 3385 ’
3070 3374 3088 3405 s
3124 3355 3234 3409 lloc
3256 3356 3358 3423 igi-
3452 3394 3453 3397 η

1829 3461 1912 3505 tur
1934 3449 2068 3501 idem
2083 3462 2292 3516 quoque
2316 3446 2689 3515 prosequentis
2710 3452 2808 3497 est.
2834 3442 2970 3507 Quin
2986 3444 3142 3495 etiam
3164 3444 3358 3497 addere

1825 3541 1927 3592 hoc
1951 3539 2084 3599 loco;
2120 3536 2220 3598 Qui
2242 3537 2293 3586 in
2324 3544 2591 3597 conspectu
2626 3534 2795 3585 throni
2814 3533 2905 3584 Dei
2935 3542 3075 3595 sunt,
3102 3542 3358 3586 attestan—

1824 3628 1891 3680 tis
1921 3636 2000 3679 est
2044 3624 2445 3677 ministerialem
2490 3622 2750 3683 ordinem,
2798 3636 2901 3673 non
2930 3622 3185 3688 aequalem
3213 3623 3346 3689 ipsis

1822 3716 2100 3768 honorem.

1891 3800 2052 3853 Testis
2073 3799 2260 3866 ﬁdelis.
2278 3796 2493 3863 Oportet
2520 3797 2909 3865 subintelligere
2924 3798 2980 3859 ὃς
3000 3798 3161 3861 ἐστιν,
3182 3797 3231 3851 id
3248 3809 3348 3863 est,

1820 3888 1911 3957 qui
1935 3898 2046 3953 est;
2070 3897 2126 3940 ut
2143 3888 2212 3940 sit
2230 3902 2417 3941 sensus
2441 3887 2572 3950 ιριιί
2601 3897 2680 3941 est
2700 3888 2869 3940 testis.
2894 3885 3346 3939 Considerandum

1821 3992 1901 4033 est
1928 3988 2103 4032 autem
2134 3977 2272 4046 quod
2293 3978 2440 4044 prius
2466 3979 2532 4030 de
2557 3977 2728 4031 Verbo
2744 3977 2923 4029 divino
2944 3984 3194 4045 tanquam
3228 3992 3336 4031 non

1822 4070 2096 4122 incarnato
2128 4068 2357 4130 locutus,
2387 4083 2509 4121 cum
2538 4066 2759 4119 diceret.
2801 4065 2903 4129 Qui
2933 4075 3079 4118 erat:
3110 4081 3252 4119 nunc
3277 4068 3346 4121 de

1820 4157 1933 4225 ipso
1961 4156 2234 4208 incarnato
2259 4155 2489 4217 disserit,
2524 4155 2738 4207 dicens:
2771 4153 2835 4204 Et
2866 4156 2929 4205 ab
2955 4152 3081 4205 Jesu
3113 4153 3342 4217 Christo,

1820 4260 1926 4297 non
1949 4244 2233 4296 dividendo
2256 4246 2427 4311 ipsum
2463 4245 2513 4295 in
2535 4242 2668 4295 duos
2696 4258 2786 4309 per
2812 4244 2910 4295 hoc
2938 4242 3077 4308 quod
3110 4242 3341 4308 subjun—

198 4328 343 4378 αὑτὸν
375 4331 449 4388 εἰς
477 4328 588 4391 δύο,
618 4328 703 4380 διὰ
726 4331 785 4380 τὸ
813 4332 1099 4397 ἐπαγαγεῖν
1132 4335 1211 4397 τὸ,
1242 4336 1347 4387 Kal
1381 4336 1496 4388 ἀπὸ
1527 4338 1715 4402 ’1ησοῦ
1748 4319 1791 4373 υ
1818 4370 1819 4377 ι

1748 4319 1791 4373 υ
1818 4332 1919 4397 git:
1957 4328 2021 4381 Et
2050 4330 2112 4379 ab
2154 4329 2278 4381 Iesu
2310 4329 2535 4392 Christo,
2568 4344 2747 4381 verum
2797 4338 2849 4380 et
2891 4329 2989 4381 hoc
3017 4336 3069 4380 et
3102 4329 3228 4380 illud
3275 4330 3343 4384 de

197 4417 452 4481 Χριστοῦ,
480 4416 612 4468 ἀλλὰ
637 4417 791 4469 τοῦτό
816 4435 873 4468 τε
902 4419 991 4470 καὶ
1019 4421 1189 4472 ἐκεῖνο
1221 4425 1341 4488 περὶ
1366 4425 1478 4485 ἐνὸς
1503 4425 1595 4477 καὶ
1620 4426 1712 4476 τοῦ
1812 4439 1818 4470 ι

1812 4419 2015 4481 eodem,
2053 4416 2384 4469 testiﬁcando
2408 4425 2459 4469 et
2484 4417 2621 4483 quod
2652 4417 2817 4482 patris
2840 4418 2909 4468 sit
2938 4416 3144 4483 etquod
3164 4415 3339 4469 incar-

198 4504 345 4554 αὑτοῦ
379 4507 686 4573 μαρτυρῶν,
720 4506 799 4557 ὅτι
844 4509 903 4557 τέ.
946 4509 1057 4559 ἐστι
1086 4509 1178 4561 τοῦ
1228 4512 1454 4579 Πατρδς,
1499 4515 1589 4565 καὶ
1631 4515 1713 4565 ὅτι
1811 4523 1819 4561 1

1811 4518 1967 4561 natus
1996 4506 2083 4557 sit.
2117 4502 2249 4555 Nam
2306 4503 2405 4557 hoc
2428 4503 2739 4570 signiﬁcare
2796 4504 2907 4555 vult
2945 4519 3136 4557 nomen
3179 4504 3336 4558 Chri-

196 4587 482 4654 ὲσαρκώθη.
522 4590 687 4642 Τοῦτο
707 4592 814 4660 γὰρ
842 4591 1082 4659 βούλεται
1108 4594 1298 4662 δηλοῦν
1321 4598 1398 4659 τὸ,
1444 4598 1707 4664 Χριστὸς,

196 4675 367 4742 όνομα.
398 4678 489 4737 Ὃς
514 4679 738 4748 Χριστὸς
767 4683 902 4734 κατὰ
918 4684 1005 4735 τὸν
1032 4687 1294 4753 μακάριον
1316 4688 1520 4739 Παῦλον
1546 4690 1713 4756 ὲμαρο

198 4764 412 4831 τύρησεν
447 4768 538 4818 ac:
573 4770 777 4839 μάρτυς
808 4774 896 4824 ἐπὶ
944 4776 1161 4827 Ποντίου
1208 4778 1455 4839 Πιλάτου,
1487 4779 1715 4846 ὁπηνίκα

199 4848 414 4915 ἕςρασκεν
444 4853 577 4919 πρὸς
618 4857 798 4907 αὐτόν’
831 4878 849 4908 ι
892 4860 952 4910 ’Π
976 4862 1215 4927 βασιλεία
1244 4865 1274 4929 ὴ
1302 4863 1404 4931 ἐμὴ
1450 4864 1546 4915 οὐκ
1571 4864 1714 4915 ἔστιν

198 4937 255 4985 ἐκ
284 4936 368 4987 τοῦ
392 4938 588 5005 κόσμου
615 4942 849 4995 τούτου.)
883 4947 1036 5018 Ιδοεῖν
1066 4949 1171 5014 γὰρ
1200 4948 1302 4998 ἀπὸ
1324 4945 1520 4999 τού-τὼν
1564 4950 1711 5001 διαν-

201 5024 362 5093 ίστησι
389 5027 492 5077 τῶν
516 5028 705 5093 λόγων,
735 5032 807 5094 ὼς
837 5036 926 5085 καὶ
957 5037 1085 5096 Θεός
1112 5037 1253 5088 ἐστιν
1277 5039 1303 5087 ό
1329 5038 1401 5099 ὡς
1434 5037 1712 5104 ἄνθρωπος

1810 4604 1957 4649 stus:
1977 4593 2065 4661 qui
2086 4591 2330 4645 Christus
2353 4593 2499 4659 iuxta
2522 4591 2576 4643 Β.
2596 4594 2814 4646 Paulum
2838 4596 3196 4649 testimonium
3222 4598 3340 4651 tulit

1818 4692 2069 4749 tanquam
2091 4681 2240 4734 testis
2257 4682 2356 4734 sub
2372 4680 2555 4734 Pontio
2570 4682 2757 4747 Pilato,
2788 4698 2907 4737 cum
2932 4683 3065 4737 dixit
3093 4688 3158 4736 ad
3184 4701 3330 4739 eum:

1821 4790 1839 4821 ι
1870 4770 2110 4840 Regnum
2133 4787 2310 4825 meum
2351 4786 2456 4825 non
2484 4781 2565 4826 est
2603 4788 2668 4827 ex
2699 4774 2801 4826 hoc
2849 4775 3066 4827 mundo.
3093 4776 3136 4805 "
3188 4792 3205 4823 ι
3244 4775 3336 4829 llis

1825 4861 2005 4927 itaque
2046 4862 2385 4916 sermonibus
2428 4864 2623 4916 excitat
2652 4865 2716 4916 ad
2748 4864 3143 4931 intelligendum
3175 4868 3319 4932 quod

1814 4950 1973 5002 etiam
2033 4950 2169 5003 Deus
2215 4952 2284 5004 sit
2307 4952 2399 5019 qui
2434 4960 2685 5019 tanquam
2728 4955 2888 5005 homo
2917 4953 3239 5020 conspicitur
3276 4963 3327 5007 et

1810 5036 1921 5104 hzec
1954 5037 2206 5105 loquitur.
2238 5037 2459 5107 Pr0pter
2484 5041 2583 5094 hoc
2620 5043 2779 5109 igitur
2807 5051 2956 5095 testts
2985 5051 3065 5093 est
3105 5058 3121 5090 :
3161 5040 3332 5096 ﬁdelis

198 5115 471 5182 ὁρώμενος,
500 5118 590 5168 καὶ
612 5122 803 5171 ταυτὸν
833 5124 1211 5193 φθεγγόμενος.
1248 5126 1468 5193 Μάρτυς
1497 5128 1590 5195 μὲν
1617 5126 1708 5179 οὖν
1812 5144 1819 5178 t

1707 5146 1708 5164 ι
1812 5135 2012 5191 autem,
2048 5129 2159 5182 sive
2187 5144 2368 5193 verax,
2411 5130 2548 5183 Dens
2581 5139 2633 5183 et
2662 5132 2852 5184 homo:
2878 5132 2995 5183 ideo
3024 5132 3181 5182 etiam
3213 5141 3328 5182 tau-

199 5203 276 5254 διὰ
314 5204 481 5257 τοῦτο.
527 5206 716 5267 Πιστὸς
759 5209 836 5271 δὲ,
870 5213 987 5264 ἀντὶ
1031 5214 1146 5279 τοῦ,
1190 5214 1409 5282 ἀληθὴς,
1441 5216 1568 5277 Θεὸς
1614 5216 1706 5267 καὶ

1808 5230 1964 5283 quam
2014 5216 2171 5272 homo
2222 5228 2464 5273 mortuus
2501 5230 2600 5282 est,
2637 5220 2869 5272 surrexit
2902 5235 3026 5274 vero
3078 5229 3326 5288 tanquam

259 5373 278 5403 ‘
319 5374 524 5439 Jnan.t,
554 5376 602 5428 l.
677 5378 696 5407 ⁷
722 5376 874 5444 Ιυειιιή.
918 5396 953 5444 ι,
990 5382 1037 5435 l.
1112 5384 1132 5415 ⁸
1163 5383 1303 5443 Psul.
1332 5401 1511 5452 cxvut,
1557 5386 1667 5442 109..
1747 5387 1764 5416 ⁹
1803 5386 1818 5440 ἰ
1850 5384 1880 5439 Ἰ

1183 5385 1303 5443 ’sul.
1332 5401 1511 5452 cxvut,
1557 5386 1667 5442 109..
1747 5387 1764 5416 ⁹
1803 5386 1818 5440 ἰ
1850 5384 1987 5441 Tim.
2028 5405 2076 5454 ν,
2116 5390 2201 5445 2|.
2282 5392 2321 5423 '°
2355 5390 2507 5445 Joan.
2544 5405 2687 5456 xvut,
2720 5391 2804 5447 56.

262 5524 396 5595 (1-2)
426 5525 570 5598 νυνε.
601 5542 707 5581 om.
746 5530 945 5598 πρώτη.
