4106 6334
248 271 362 333 509

1287 277 1659 339 COMMENT.
1707 281 1785 340 IN
1827 280 2336 339 APOCALYPSIN.

3320 281 3419 341 510

201 441 207 446 ν
247 363 404 444 θροῦ.
435 375 542 429 ἾΙν
594 379 699 448 γὰρ
725 381 782 432 τὲ
814 382 1112 444 ἀνελλειπὲς
1158 382 1297 435 οὕτω
1321 400 1333 412 ·
1377 384 1459 447 Τῷ
1502 387 1786 438 λοῦσαν-τι

1893 386 2233 453 sulijttnclunt
2271 395 2349 437 est
2389 385 2640 454 ἐποίησεν
2680 389 2856 455 ἡμᾶς,
2901 388 2948 440 id
2998 398 3077 442 est
3124 387 3243 453 [ιτὶι
3292 403 3416 446 nos,

248 464 407 531 ἡμᾶς
434 466 502 516 ὲν
530 465 610 528 τῷ
651 468 846 535 αἵματι
873 470 1075 534 αὑτοῦ,
1121 472 1214 523 καὶ
1263 472 1577 536 ποιήσαντι
1611 473 1781 541 ἡμᾶς.

249 554 373 607 Κᾶν
390 555 486 622 μὲν
504 558 536 624 ἡ
554 557 911 630 ἐπιφερομένη
935 560 1104 612 ἔννοια
1136 562 1510 628 ὁμοιοπτώτως
1531 561 1776 634 ἐπ[ενιή--

247 659 407 695 νειτο
431 644 569 697 οὕτω
593 650 956 718 προαγομένη,
976 644 1018 715 ᾧ
1050 651 1139 701 καὶ
1162 651 1415 719 ἐποίησεν
1433 654 1598 720 ἡμᾶς,
1633 655 1785 704 οὐδὲν

246 733 344 786 νῦν
373 736 501 805 ἡμῖν
528 739 654 807 περὶ
675 738 860 790 τούτου
892 739 1177 807 προύκειτο
1202 740 1435 808 ζήτημα.
1478 742 1784 810 Ἐνὲργειαν

244 824 300 875 δὲ
335 825 727 897 ύποστήσαντος
759 829 845 882 διὰ
879 829 992 893 τοῦ,
1024 829 1287 895 ἐποίησε,
1324 832 1584 900 ῥήματος.
1619 834 1786 898 ἀναγ·

246 913 416 978 καίως
465 918 550 970 ἐπ’
585 918 671 970 εὐ(
741 937 792 970 ιν
840 920 1040 972 πτῶσιν
1083 920 1456 988 ἀποκλίνομεν,
1507 921 1596 972 τὸν
1640 923 1784 990 ἐνερ-

244 1003 448 1070 γοῦντα
498 1006 874 1069 ἐπιποθοῦντες
922 1007 1132 1077 μαθεῖν.
1191 1008 1390 1062 Τούτου
1446 1011 1500 1061 δὲ
1553 1011 1665 1072 πῶς
1721 1013 1784 1063 ἂν

245 1096 621 1163 ἐτυγχάνομεν
643 1097 717 1169 μὴ
763 1098 863 1166 τῆς
911 1101 1268 1168 ὁνομαστικῆς
1317 1099 1571 1162 πτώσεως
1611 1120 1782 1170 παρα-

242 1182 694 1254 λαμϐανομένης;
726 1187 803 1238 Δι’
840 1187 971 1256 ὅπερ
1000 1187 1058 1238 τὸ
1101 1188 1337 1251 ἐλλειπὲς
1369 1189 1584 1256 ἄρθρον,
1612 1194 1642 1260 ἡ
1672 1193 1780 1242 ὀνο-

245 1277 482 1346 μαστικὴ
526 1270 704 1329 εὗθεῖα
735 1277 1002 1345 παρέσχεν
1045 1276 1211 1340 οὕτως
1247 1279 1593 1341 ἐξακούεσθαι
1633 1282 1782 1332 ἀνελ-

243 1362 448 1426 λειπῶς
465 1381 477 1394 ’
513 1367 608 1430 ’ος
635 1364 729 1417 καὶ
755 1365 1034 1431 ἐποίησεν
1060 1365 1212 1434 ἡμᾶς
1233 1369 1574 1431 βασιλείαν,
1601 1371 1778 1433 οἱονεὶ,

255 1455 554 1523 ’Λνήγαγεν
592 1457 734 1531 ἡμᾶς
770 1457 846 1518 εἰς
889 1455 1148 1523 βασίλειον
1177 1458 1350 1522 δόξαν.
1405 1461 1502 1510 Ἢν
1545 1460 1696 1521 δόξαν
1751 1462 1781 1528 ἡ

238 1543 472 1612 ἐχομένη
503 1543 769 1614 ἔγγραφος
789 1543 927 1607 λέξις
952 1546 1104 1613 ἱκανὴ
1132 1549 1500 1616 παραστῆσαι.

1891 493 2006 530 cum
2040 475 2241 529 deft-ctu
2274 475 2482 529 articuli
2535 478 2757 529 relativi.
2793 478 3008 544 Absque
3041 475 3250 528 defectu
3298 491 3425 528 vero

1889 568 1958 619 ita
1992 567 2220 634 positum
2255 564 2462 625 luisset,
2495 565 2571 628 τῷ
2605 565 3019 634 λούσαντιὴμᾶς
3053 570 3108 619 ἐν
3138 567 3211 636 τῷ
3237 570 3423 635 αἵματι

1890 656 2180 720 αὖτοῦ,καὶ
2208 658 2486 721 ποιήσαντι
2529 657 2690 722 ἡμᾶς,
2726 671 2911 724 nempe
2959 669 3242 726 utrumque
3285 661 3423 711 ιιαιί-

1890 763 2033 798 vum.
2081 745 2230 810 Quod
2286 745 2328 796 si
2383 747 2541 799 etiam
2591 747 2920 812 subsequens
2960 749 3223 800 sententia
3269 750 3423 800 coin—

1891 838 2123 890 cidi-ntcr
2168 838 2447 904 subiuncta
2475 836 2664 888 fuisset
2708 837 2756 886 in
2798 837 2937 889 hunc
2968 838 3182 890 modum
3212 858 3223 890 :
3254 832 3296 903 ᾧ
3331 841 3422 890 καὶ

1889 927 2137 995 ἐποίησεν
2165 929 2327 996 ἡμᾶς,
2349 925 2397 978 id
2417 935 2497 979 est
2524 941 2612 986 per
2640 942 2784 993 quem
2815 928 2964 977 etiam
2995 928 3114 994 fecit
3138 945 3246 987 nos,
3279 930 3418 980 nulla

1890 1025 2011 1068 tum
2053 1016 2237 1068 fuisset
2267 1017 2419 1068 nobis
2445 1018 2622 1068 relicta
2653 1019 2896 1083 qu;estio.
2926 1017 3089 1069 Porro
3145 1019 3412 1069 actionem

1888 1118 2044 1171 quam
2079 1105 2294 1170 protulit
2321 1104 2369 1154 in
2409 1106 2566 1157 verbo
2592 1105 2831 1171 ἐποίησε,
2864 1120 3076 1158 necesse
3101 1105 3164 1157 'io
3183 1106 3419 1158 declina-

1890 1208 2006 1244 nus
2036 1194 2099 1243 ad
2140 1208 2322 1245 casum
2361 1201 2587 1256 rectmn,
2641 1193 2849 1246 discere
2883 1195 3156 1260 cupientes
3204 1194 3321 1262 quis
3350 1197 3419 1246 sil.

1887 1281 1976 1347 qui
2011 1281 2225 1334 efﬁciat.
2277 1282 2329 1333 ld
2362 1291 2536 1333 autem
2571 1285 2840 1349 quomodo
2893 1286 3161 1337 consecuti
3208 1298 3414 1344 sumus,

1890 1369 1990 1423 nisi
2033 1381 2308 1439 assumpto
2361 1372 2664 1424 nominandi
2717 1387 2841 1425 casu
2878 1382 3088 1440 propter
3137 1373 3415 1424 articulum

1888 1460 1974 1525 qui
2011 1461 2229 1513 deerat?
2270 1459 2396 1512 Nam
2441 1462 2538 1513 hoc
2567 1463 2722 1513 modo
2759 1463 3118 1514 nominativus
3159 1470 3334 1515 rectus
3363 1461 3412 1512 i-l

1889 1549 2058 1601 echcit
2087 1561 2142 1602 ut
2172 1552 2371 1617 absque
2398 1551 2603 1604 defectu
2637 1551 3018 1616 intelligeretur
3040 1551 3095 1611 ὃς
3118 1551 3208 1601 καὶ
3235 1550 3418 1617 ἐποίη-

240 1651 336 1686 σεν
365 1636 512 1697 ἡιες
546 1635 840 1704 βασιλείαν,
871 1637 959 1704 qui
1006 1637 1162 1690 etiam
1216 1637 1340 1692 fecit
1390 1655 1487 1694 nos
1536 1657 1775 1710 regnum,

1881 1656 2068 1708 nquam
2125 1642 2396 1695 reduxerit
2435 1657 2531 1695 nos
2591 1643 2655 1694 ad
2710 1642 2905 1708 regiam
2949 1642 3192 1707 gloriam,
3256 1655 3416 1708 quam

237 1729 466 1796 gloriam
500 1745 832 1799 consequens
862 1733 1090 1798 ascripta
1116 1733 1278 1785 dictio
1305 1743 1426 1800 apta
1452 1745 1529 1787 est
1556 1748 1881 1801 proponere.

313 1819 482 1884 Αὐτῷ
513 1822 550 1888 ἡ
595 1821 759 1885 δόξα.
814 1821 872 1873 Ἦ
921 1822 1163 1884 σύνταξις

237 1911 561 1963 τελευταίων
589 1913 680 1964 ἐπὶ
711 1915 776 1965 τὰ
800 1914 983 1984 πρῶτα
1015 1916 1289 1965 ἐπάνεισιν
1312 1914 1482 1974 οὕτως
1507 1933 1519 1944 ·
1546 1914 1700 1982 Λύτῴ
1734 1915 1766 1982 ἡ

236 1997 366 2062 δόξα
392 2000 483 2050 καὶ
511 2001 569 2051 τὸ
603 2001 799 2070 κράτος
831 2003 905 2069 τῷ
953 2005 1292 2070 ἀγαπήσαντι
1327 2003 1468 2069 ἡμᾶς
1525 2005 1616 2054 καὶ
1652 2004 1772 2054 λού-

240 2105 399 2140 arm.
429 2090 572 2158 ἡμᾶς
613 2091 671 2140 ἐν
716 2090 791 2158 τῷ
843 2091 954 2159 ἰδίῳ
983 2092 1190 2159 αἵματι.
1241 2092 1347 2142 Καὶ
1394 2090 1506 2151 πῶς
1549 2091 1654 2160 γὰρ
1680 2093 1776 2144 οὐκ

239 2178 552 2246 ἠγάπησεν,
578 2178 765 2230 ἑαυτὸν
795 2181 913 2242 δοὺς
950 2181 1256 2248 ἀντίλυτρον
1286 2181 1460 2247 ἡμῶν,
1493 2181 1566 2242 ὡς
1611 2183 1776 2249 ἀμνὸς

239 2265 616 2331 σ’ξαγιασθεὶς,
649 2269 741 2320 καὶ
775 2269 850 2338 τῷ
883 2270 968 2321 διὰ
1001 2269 1230 2337 σταυροῦ
1268 2271 1428 2322 αὑτοῦ
1467 2272 1652 2340 αἵματι
1689 2275 1778 2324 καὶ

239 2354 397 2406 ὕδατι
433 2354 627 2417 λούσας
657 2359 821 2425 ἡμᾶς,
867 2360 1030 2427 {now
1057 2360 1304 2429 καθάρας
1345 2361 1435 2411 τὸν
1463 2362 1568 2412 τῶν
1597 2363 1775 2431 ἁμαρ-

234 2442 372 2494 τιῶν
428 2444 595 2514 ῥύπον
627 2446 780 2514 ήμῶν
808 2463 822 2509 ;
854 2448 941 2499 καὶ
995 2449 1054 2499 ού
1115 2449 1271 2518 μέχρι
1319 2450 1508 2501 τούτου
1558 2451 1659 2524 ,τὴν
1701 2453 1778 2512 εἰς

236 2532 396 2598 ἡμᾶς
421 2532 580 2584 αὐτοῦ
617 2535 820 2603 στήσας
849 2536 1180 2604 εὐεργεσίαν,
1217 2537 1348 2590 ἀλλὰ
1382 2537 1474 2588 καὶ
1496 2537 1767 2605 βασιλείαν

235 2622 377 2686 ἡμῖν
409 2621 788 2691 δωρησάμενος
811 2641 824 2687 ;
861 2623 967 2675 Καὶ
995 2625 1076 2686 τίς
1097 2627 1129 2693 ἠ
1147 2624 1390 2692 βασιλεία
1416 2640 1430 2686 ;
1463 2626 1628 2693 ὅθενή
1656 2626 1780 2688 δόξα

234 2713 270 2776 ἡ
303 2711 521 2764 δοθεῖσα
548 2714 681 2782 ἡμῖν
732 2713 880 2785 παρὰ
925 2714 1176 2782 Χριστοῦ,
1222 2715 1310 2767 τοῦ
1343 2715 1607 2781 ογενέςθαι
1637 2717 1779 2783 ἡμᾶς

237 2803 415 2869 ιερεῖς
441 2800 532 2853 τοῦ
564 2801 696 2853 Θεοῦ
723 2803 816 2853 καὶ
868 2806 1146 2872 προφήτας
1169 2842 1183 2867 ,
1218 2804 1343 2864 τοὺς
1384 2804 1534 2862 οὐδὲν
1563 2820 1779 2871 προεισ-

234 2891 562 2955 ενεγκόντας
580 2890 679 2957 τῆς
699 2890 946 2957 τοιαύτης
962 2891 1178 2954 ἐπάξιον
1195 2891 1510 2959 ἁγαθοδότου
1528 2892 1618 2944 καὶ
1634 2891 1779 2954 θείας

234 2979 318 3046 τῷ
344 2978 461 3028 δντι
486 2977 707 3046 δωρεᾶς.
754 2978 870 3046 Ἀφ’
917 2972 990 3031 ὧν
1022 2979 1258 3048 δωρεῶν,
1309 2981 1370 3032 οὐ
1415 2981 1572 3050 μόνον
1597 2981 1692 3050 τῆς
1723 2983 1779 3032 ἐν

234 3067 318 3134 τῷ
353 3065 577 3136 παρόντι
606 3066 704 3134 βίῳ
741 3067 814 3137 (ὅ)
851 3067 1003 3135 δόξης
1039 3068 1309 3136 “vim”:
1361 3069 1494 3122 ἀλλὰ
1537 3073 1632 3123 καὶ
1682 3071 1780 3140 τῆς

240 3157 544 3224 μελλούσης
577 3157 754 3224 τυχεῖν
781 3156 1053 3218 εὐέλπιδες
1076 3157 1471 3227 καθιστάμεθα.

320 3244 472 3296 Ἰδοὺ
519 3244 746 3312 ἔρχεται
791 3245 936 3313 μετὰ
975 3245 1088 3297 τῶν
1119 3247 1404 3314 νεφελῶν,
1445 3247 1539 3298 καὶ
1577 3244 1779 3313 ὄψεται

234 3333 430 3384 αὐτὸν
457 3331 573 3398 πᾶς
606 3335 926 3402 ὀφθαλμὸς,
955 3336 1048 3388 καὶ
1090 3337 1305 3401 οἵτινες
1332 3336 1515 3388 αὑτὸν
1551 3335 1782 3399 ἐξεκέν-

239 3439 458 3486 τησαν.
492 3422 596 3476 Καὶ
622 3424 908 3489 κόψονται
936 3425 1027 3476 ἐπ’
1063 3426 1247 3478 αὐτὸν
1275 3425 1462 3479 πᾶσαι
1507 3429 1564 3478 αι
1597 3427 1780 3494 φυλαὶ

237 3510 354 3576 τῆς
379 3509 508 3575 γῆς.
541 3509 669 3571 Ναὶ,
691 3509 864 3575 ἀμήν.
884 3513 1026 3577 Ἑγὼ
1045 3515 1157 3578 ειμι
1197 3514 1262 3565 τὸ
1290 3512 1448 3579 ἄλφα
1501 3514 1595 3565 καὶ
1625 3514 1688 3565 τὸ
1718 3530 1780 3577 ω,

237 3597 402 3662 ,τέγει
425 3596 634 3659 Κύριος
661 3598 692 3646 ὀ
723 3596 884 3658 Θεὸς,
915 3599 946 3647 ὀ
976 3596 1076 3661 ὢν,
1097 3596 1195 3648 καὶ
1223 3600 1254 3647 ό
1284 3592 1375 3663 ἦν,
1412 3597 1510 3647 καὶ
1550 3600 1582 3648 ὀ
1614 3597 1781 3663 ἐρχό-

234 3700 445 3750 μενος,
478 3686 508 3733 o'
539 3684 976 3749 παντοκράτωρ.

325 3770 611 3833 Ἐνταῦθα,
649 3772 830 3838 φησὶν,
857 3770 928 3832 ὡς
959 3772 1122 3839 ἀμνὸς
1148 3770 1515 3839 σφαγιασθεὶς,
1547 3772 1637 3821 καὶ
1679 3770 1783 3821 ἀπὸ

239 3858 337 3911 τοῦ
375 3859 599 3924 αἵματος
627 3860 787 3910 αὑτοῦ
815 3859 1007 3919 λούσας
1043 3860 1132 3910 καὶ
1160 3859 1430 3920 ἀπολύσας
1481 3859 1634 3926 ἡμᾶς
1674 3857 1779 3908 τῶν

242 3948 547 4016 ἁμαρτιῶν,
580 3947 750 4008 οὕτως
777 3949 932 4010 αὐτὸς
961 3948 1254 4010 ἐλεύσεται,
1286 3949 1383 4016 οὐχ
1417 3947 1489 4008 ὡς
1537 3947 1597 3998 τὸ
1635 3947 1783 4014 πρῶ·

243 4058 334 4091 τον
368 4042 425 4091 ἐν
453 4039 781 4108 παραϐύστῳ
807 4041 895 4093 καὶ
925 4040 1410 4106 συνεσκιασμένως,
1436 4039 1462 4091 ὃ
1484 4039 1574 4090 καὶ
1605 4040 1630 4089 ὁ
1655 4054 1783 4106 προ-

245 4134 424 4199 φήτης
448 4130 608 4182 Δαυῖδ
651 4131 734 4182 διὰ
772 4132 866 4199 τῆς
895 4131 985 4183 τοῦ
1015 4131 1166 4182 ὑετοῦ
1200 4131 1273 4192 ὡς
1320 4129 1410 4182 ἐπὶ
1458 4131 1623 4180 πόκον
1651 4128 1784 4194 ἅψο-

247 4222 382 4288 φητὶ
435 4221 653 4289 ᾐνίξατο
701 4222 1046 4282 καταϐάσεως
1087 4262 1101 4284 ,
1163 4220 1295 4273 ἀλλὰ
1366 4219 1642 4289 παρρησίᾳ
1696 4219 1785 4270 καὶ

247 4309 499 4379 φανερῶς
520 4310 575 4358 ἐν
595 4311 662 4376 τῇ
701 4312 934 4376 πατρικῇ
967 4309 1108 4379 δόξῃ,
1140 4309 1279 4359 ὥστε
1323 4311 1483 4360 παντὶ
1519 4306 1782 4376 ὀφθαλμῷ

1194 1825 1282 1874 τοῦ
1319 1826 1503 1893 ῥητοῦ,
1538 1828 1642 1878 ἁπὸ
1669 1826 1774 1877 τῶν
1810 1833 1846 1883 Β

1945 1824 2056 1888 Ipsi
2077 1826 2262 1891 gloria.
2296 1823 2438 1877 Ordo
2473 1826 2749 1877 sententia:
2781 1824 2879 1877 hoc
2911 1824 3066 1876 modo
3099 1838 3128 1876 a
3189 1825 3417 1878 novissi-

1879 1914 1978 1964 mis
2009 1915 2140 1963 redit
2166 1912 2229 1963 ad
2267 1913 2456 1978 prima:
2494 1911 2594 1978 Ipsi
2629 1911 2792 1976 gloria
2820 1920 2871 1962 et
2895 1910 3173 1976 imperium
3206 1914 3296 1978 qni
3328 1913 3410 1964 di-

1877 2001 2000 2052 lexit
2050 2015 2145 2052 nos
2191 2008 2243 2052 et
2278 2000 2404 2051 lavit
2448 2014 2543 2049 nos
2586 2013 2678 2064 per
2705 1999 3016 2065 sanguinem
3053 2014 3231 2052 suum.
3269 1997 3412 2062 Quo-

1877 2088 2032 2142 modo
2061 2087 2249 2140 enim?
2279 2089 2357 2149 An
2393 2102 2494 2138 non
2532 2087 2713 2138 dilexit
2743 2086 2833 2154 qui
2867 2088 3098 2153 seipsuzu
3154 2087 3300 2140 dedit
3352 2091 3403 2140 in

1875 2177 2101 2244 pretium
2133 2176 2511 2243 redemptionis
2542 2184 2734 2228 nostra:
2769 2185 3020 2242 tanquam
3053 2190 3228 2243 agnus
3255 2178 3413 2245 jugu-

1877 2266 2036 2326 latus,
2058 2279 2120 2317 ac
2148 2280 2238 2332 per
2262 2265 2563 2331 passionem
2591 2278 2742 2317 suam
2763 2265 3018 2332 sanguine
3036 2273 3086 2318 et
3114 2281 3250 2332 aqua
3289 2266 3414 2318 lavit

1877 2370 1997 2418 nos,
2037 2354 2151 2408 sive
2181 2353 2484 2421 puritieavit
2507 2368 2534 2404 ει
2561 2352 2808 2405 sordibus
2836 2361 3172 2420 peccatorum
3199 2363 3414 2406 nostro-

1876 2448 2028 2501 rum?
2059 2447 2119 2500 Et
2152 2463 2216 2500 ne
2242 2446 2326 2499 hic
2353 2446 2564 2514 quidem
2591 2446 2891 2499 terminavit
2925 2461 3019 2498 sua
3044 2461 3165 2516 erga
3199 2463 3294 2500 nos
3321 2447 3414 2497 be-

1891 2537 2098 2597 ni-ﬁcia,
2118 2536 2207 2588 sed
2238 2550 2456 2601 regnum
2480 2533 2635 2587 nobis
2656 2534 2874 2586 donavit
2900 2536 3137 2600 :etquod
3167 2533 3416 2601 regnum?

1886 2625 2023 2676 unde
2050 2623 2218 2691 gloria
2254 2624 2407 2676 nobis
2434 2623 2554 2675 data
2589 2629 2669 2675 est
2691 2636 2719 2674 a
2749 2622 2988 2682 Christo,
3011 2620 3416 2673 utefﬁcercmur

1877 2713 2182 2766 sacerdotes
2221 2712 2308 2763 Dei
2337 2725 2399 2763 ac
2437 2710 2727 2777 prophetae,
2757 2724 2877 2762 cum
2934 2709 3065 2760 nihil
3123 2709 3413 2761 obtulisse-

1876 2815 1994 2853 mus
2031 2802 2170 2867 quod
2197 2799 2410 2866 dignum
2436 2805 2578 2875 esset
2615 2797 2916 2861 huiusmodi
2966 2796 3242 2865 magniﬁco
3271 2798 3414 2848 dono

1877 2903 1938 2941 ac
1964 2888 2142 2941 divino
2171 2888 2324 2954 plane
2353 2899 2597 2938 munere:
2632 2885 2827 2953 quibus
2864 2884 3017 2938 donis
3045 2901 3147 2936 non
3182 2886 3233 2935 in
3269 2898 3404 2951 prae-

1876 2978 2014 3031 senti
2049 2977 2152 3030 vita
2183 2985 2389 3028 tantum
2421 2975 2653 3029 assecuti
2709 2990 2894 3029 sumus
2942 2975 3186 3043 gloriam,
3240 2977 3327 3026 sed
3361 2984 3414 3026 et

1878 3068 2030 3120 boote
2077 3066 2189 3134 spei
2221 3065 2513 3130 reddimur,
2565 3064 2705 3132 quod
2737 3064 2878 3117 illam
2911 3063 2960 3114 in
3015 3063 3193 3117 futuro
3238 3063 3410 3116 'etiam

1878 3171 2286 3224 consequemur.

1944 3246 2102 3316 652
2130 3247 2169 3308 l,
2193 3245 2246 3307 7,
2267 3243 2457 3297 8.Ecce
2477 3245 2610 3296 venit
2637 3261 2750 3296 cum
2777 3243 3011 3304 nubibus,
3033 3253 3075 3294 ct
3101 3243 3278 3294 ridebit
3303 3257 3416 3292 cum

1879 3339 2043 3388 omnis
2071 3336 2268 3396 oculus,
2298 3344 2344 3386 et
2368 3337 2453 3401 qui
2486 3336 2653 3400 ipsum
2692 3341 3120 3397 compuna‘eiunt.
3162 3330 3225 3380 Et
3264 3330 3414 3393 plau-

1879 3433 1989 3494 gent
2011 3440 2160 3492 super
2184 3439 2299 3475 cum
2341 3438 2515 3473 omnes
2571 3421 2734 3471 tribus
2788 3431 2954 3479 terra',
3004 3418 3200 3476 Etiam.
3235 3418 3413 3468 Amen.

1888 3512 1991 3578 ligo
2020 3527 2132 3564 sunt
2156 3516 2195 3562 Α
2218 3521 2264 3563 et
2295 3511 2353 3570 Ω,
2391 3510 2519 3560 dicit
2550 3507 2796 3559 Dominus
2823 3507 2975 3572 Deus,
3008 3507 3094 3574 qui
3126 3515 3220 3568 cst,
3254 3515 3298 3555 et
3330 3506 3417 3571 qui

1882 3612 2011 3664 eral,
2047 3612 2090 3652 et
2121 3601 2207 3668 qui
2228 3600 2382 3660 venit,
2412 3597 2749 3662 omnipotens.

1947 3771 2147 3834 Quihic
2176 3769 2334 3821 veluti
2357 3783 2524 3835 agnus
2546 3768 2823 3834 iugulatus
2851 3774 2953 3827 est,
2985 3767 3178 3832 inquit,
3212 3775 3262 3817 et
3289 3782 3410 3818 san-

1883 3860 2039 3929 guine
2060 3872 2159 3911 suo
2181 3856 2306 3909 lavit
2330 3870 2428 3908 nos
2455 3870 2483 3907 a
2512 3857 2762 3923 peccatis,
2787 3855 2895 3922 ipse
2917 3868 2980 3906 eo
3009 3855 3167 3904 modo
3195 3855 3396 3903 veniet:

1888 3962 1992 4000 non
2037 3944 2483 4014 quemadmodum
2525 3943 2674 4010 prius
2722 3940 3031 3994 abseoodite
3060 3950 3150 3991 aut
3181 3940 3410 3998 obteete,

1883 4039 2027 4108 quod
2055 4039 2213 4090 etiam
2239 4033 2495 4102 propheta
2525 4030 2686 4083 David
2729 4043 2820 4097 per
2853 4027 3171 4080 descensum
3210 4028 3404 4093 pluvize

1886 4128 2225 4199 supervcllus
2244 4126 2282 4155 “
2310 4124 2504 4178 sensim
2531 4121 2797 4186 etabsque
2823 4118 3044 4184 strepitu
3071 4119 3406 4184 designavit:

1887 4218 1978 4274 sed
2012 4218 2181 4285 palam
2220 4229 2283 4267 ac
2312 4211 2589 4264 manifeste
2627 4209 2678 4260 in
2730 4217 2946 4275 paterna
2996 4207 3182 4273 gloria,
3238 4216 3296 4258 ut
3347 4207 3414 4256 ab

1893 4307 2036 4361 omni
2066 4305 2222 4358 oculo
2254 4302 2492 4353 videatur
2554 4296 2791 4349 omnium
2820 4297 3001 4363 judex,
3039 4296 3199 4348 nullis
3227 4310 3416 4347 corru-

245 4390 479 4456 δεθῆναι
515 4391 704 4460 κριτὴς
759 4393 1046 4453 ἀδέκαστος
1095 4395 1364 4445 ἁπάντων.
1424 4394 1678 4460 Νεφελῶν
1724 4393 1777 4445 δέ

1907 4404 2024 4462 ptus
2055 4390 2384 4445 muneribus.
2415 4385 2643 4438 Nubium
2676 4395 2852 4437 autem
2890 4385 2973 4438 hic
2996 4401 3210 4453 quoque
3239 4401 3419 4437 sermo

246 4479 522 4530 κάνταῦθα
546 4480 720 4546 λόγος,
744 4480 817 4541 ὡς
842 4483 896 4532 ἐν
926 4485 988 4548 τῇ
1015 4483 1118 4534 ἀπὸ
1142 4482 1242 4549 γῆς
1270 4483 1431 4534 αὑτοῦ
1457 4483 1588 4550 πρὸς
1615 4484 1776 4550 ούρα-

246 4569 372 4627 νοῦς
401 4565 585 4634 ἀνόδῳ.
622 4568 830 4629 Λουκᾶς
855 4568 958 4637 γὰρ
985 4572 1041 4620 ἐν
1069 4572 1182 4629 ταῖς
1217 4571 1446 4636 Πράξεσι
1478 4573 1671 4639 γράφει
1692 4588 1778 4623 νε-

247 4655 418 4721 φέλην
443 4654 530 4705 τὸν
561 4654 763 4722 Κύριον
809 4656 1112 4708 ὑπολαὸεϊν.
1146 4657 1366 4724 Μάρκος
1394 4657 1450 4709 δὲ
1488 4661 1543 4710 ἐν
1577 4660 1652 4728 τῷ
1684 4661 1774 4711 ὑπ’

246 4744 414 4795 αὑτοῦ
445 4745 703 4812 γραρέντι
748 4747 1058 4816 Εὑαγγελίῳ
1097 4748 1187 4800 τὸν
1244 4749 1443 4817 Κύριον
1470 4752 1631 4802 αὑτὸν
1663 4753 1775 4803 sia-

248 4835 374 4898 άγει
400 4834 526 4900 περὶ
557 4835 750 4886 ἐαυτοῦ
783 4837 1002 4903 λέγοντα
1026 4852 1040 4866 °
1082 4855 1099 4887 ι
1135 4839 1240 4889 Καὶ
1267 4838 1484 4905 ὄψονται
1507 4839 1599 4891 τὸν
1649 4843 1776 4894 Tago

248 4923 346 4975 τοῦ
375 4923 653 4990 ἀνθρώπου
682 4926 970 4993 ἐρχόμενον
1014 4929 1103 4979 ἐπὶ
1132 4927 1238 4980 τῶν
1277 4928 1512 4994 νεφελῶν
1564 4931 1654 4982 τοῦ
1684 4933 1774 4984 ού-

250 5011 440 5081 ρανοῦ,
474 5031 492 5062 ι
528 5012 636 5064 τῶν
655 5015 885 5080 νεφελῶν
931 5013 1180 5075 ἐνταῦθα,
1225 5015 1330 5065 είτε
1357 5014 1441 5065 διὰ
1469 5015 1528 5066 τὸ
1584 5019 1780 5083 κοῦφον

246 5102 353 5161 τὰς
379 5101 692 5168 μεταρσίους
723 5103 814 5166 καὶ
845 5103 1135 5168 ἀγγελικας
1164 5103 1460 5169 δηλούντων
1492 5105 1769 5171 δυνάμεις,

245 5191 324 5251 ὼς
365 5190 453 5240 καὶ
481 5189 638 5240 Δαυῒδ
678 5191 704 5241 ὁ
745 5189 1022 5258 θεοπάτωρ
1071 5194 1126 5242 ἐν
1175 5192 1325 5257 νέφει
1377 5190 1472 5260 τὴν
1527 5195 1777 5260 ἐπίύατιν

245 5279 406 5347 αὖτῷ
452 5279 524 5347 τῷ
569 5278 694 5343 θείῳ
735 5279 1018 5340 ὑποτιθείς.
1049 5281 1146 5330 Ἲιν
1179 5282 1271 5332 καὶ
1308 5282 1432 5342 τοὺς
1481 5257 1644 5344 θείως.
1690 5287 1779 5337 καὶ

878 5415 917 5444 ¹²
945 5415 1057 5467 Act.
1094 5430 1129 5476 ι,
1154 5417 1203 5467 9.

330 5532 407 5598 (ὅ)
441 5533 540 5601 Τῆς
572 5532 628 5583 ἐν
653 5531 867 5600 παρόντι
900 5529 1050 5597 δόξης
1078 5530 1218 5595 \‘nlg.

324 5416 375 5447 "
403 5415 536 5469 Psal.
577 5430 720 5479 ιλιι,
751 5414 801 5465 6.
878 5415 917 5444 ¹²
945 5415 1057 5467 Act.
1094 5430 1129 5476 I,
1154 5417 1203 5467 9.
1282 5417 1388 5467 ωλι
1410 5433 1500 5471 ire.
1533 5434 1644 5482 XIII,
1668 5420 1751 5472 '26.

1833 5422 1868 5451 "'
1901 5421 2038 5478 Psal.
2063 5436 2172 5485 cui,
2207 5421 2255 5472 5.

1885 4485 1962 4547 ﬁt,
1999 4481 2135 4535 sicut
2168 4480 2219 4530 in
2254 4490 2480 4529 ascensu
2509 4475 2677 4541 ipsius
2705 4488 2736 4527 α
2763 4484 2903 4527 terra
2933 4475 2998 4527 ad
3028 4474 3218 4527 emtas?
3243 4471 3419 4526 Lucas

1885 4584 2111 4637 namque
2143 4566 2326 4621 scribit
2353 4565 2404 4616 in
2436 4564 2603 4625 Actis,
2635 4565 2829 4617 nubem
2885 4563 3184 4632 suscepisse
3239 4561 3417 4612 Domi-

1883 4677 2006 4714 num
2038 4661 2100 4710 τη
2124 4657 2333 4709 Marcus
2359 4669 2484 4707 vero
2515 4655 2566 4707 in
2600 4653 2884 4723 Evangelio
2910 4671 2939 4707 a
2963 4670 3020 4707 se
3043 4655 3242 4720 scripto
3266 4653 3420 4704 indu-

1879 4753 1952 4804 cit
1979 4751 2151 4817 ipsum
2182 4745 2466 4797 Dominum
2505 4744 2569 4796 de
2597 4744 2773 4811 seipse
2807 4745 3070 4797 dicentem
3095 4760 3135 4794 ιι
3167 4743 3232 4795 Et
3264 4742 3409 4790 vide-

1881 4841 2011 4893 bunt
2033 4835 2222 4888 Filium
2249 4833 2479 4885 hominis
2512 4832 2809 4885 venientem
2837 4834 2888 4884 in
2915 4831 3149 4883 nubibus
3170 4829 3309 4881 cceli.
3329 4827 3366 4855 ¹³
3395 4843 3436 4878 ι.

1884 4929 2003 4979 Sive
2031 4926 2126 4977 hoc
2154 4924 2272 4975 loco
2298 4922 2465 4974 nubes
2510 4920 2577 4973 ob
2608 4921 2873 4974 levitatem
2907 4919 3209 4986 signiﬁcent
3253 4914 3418 4965 subli-

1885 5032 1995 5069 mes
2025 5025 2075 5068 et
2099 5013 2361 5079 angelicas
2407 5019 2718 5078 potestates,
2750 5006 3197 5078 quemadmodum
3236 5011 3303 5055 ω,-
3328 5001 3414 5050 Dei

1879 5107 2176 5176 progenitor
2194 5103 2352 5155 David
2373 5103 2624 5169 supponit
2645 5102 2740 5169 ipsi
2764 5101 2868 5151 Deo
2887 5109 3161 5150 ascensum
3187 5092 3235 5141 in
3259 5089 3414 5139 ιιυιιθε

1886 5198 1925 5227 ³⁵
1957 5207 2045 5248 aut
2072 5195 2228 5247 etiam
2258 5193 2559 5260 signiﬁcent
2591 5191 2830 5244 homines
2857 5188 3038 5240 divino
3064 5198 3125 5234 ac
3151 5177 3408 5244 spirituali

1889 5287 2043 5340 modo
2084 5285 2256 5338 virere
2277 5282 2554 5351 etigcntcs,
2584 5280 2649 5335 de
2696 5279 2890 5347 quibus
2929 5274 3064 5326 idem
3102 5282 3311 5338 quoque
3344 5267 3416 5318 ita
