4106 6334
669 170 763 238 511

1470 178 1783 236 ARETII/E
1822 179 2193 238 CzESAREJE
2225 177 2697 237 CAPPADOCUE
2733 176 3067 236 EPISCOPI
3119 193 3122 195 λ

3750 178 3870 243 512

668 286 906 354 loquitur
936 304 949 338 :
994 303 1011 336 ι
1042 286 1083 338 Δ
1118 285 1321 353 fulgore
1368 288 1485 353 ejus
1516 291 1690 344 nubes
1734 291 2069 344 transierunt
2093 293 2157 342 ".
2188 308 2205 339 ι
2242 294 2262 347 f

2331 288 2689 357 πνευματικῶς
2715 290 2813 358 ζῇν
2842 288 3127 355 ἑλομένους
3154 286 3470 356 ἀνθρώπους
3502 290 3696 359 δηλῶν,
3723 293 3869 358 περὶ

670 375 735 428 Et
767 377 906 430 illius
934 375 1098 430 Amos
1149 374 1311 429 Isaias
1345 376 1409 429 de
1461 378 1663 430 eisdem
1695 398 1707 431 :
1738 397 1756 428 ι
1793 379 2023 444 Quinam
2082 391 2208 433 sunt

670 465 755 517 isti
777 464 864 531 qui
892 474 949 518 ut
967 466 1132 519 nubes
1150 466 1347 528 volant,
1365 468 1575 532 ctquasi
1596 468 1723 534 pulli
1761 470 2064 536 aquilarum
2084 469 2161 520 “Y
2187 487 2203 517 ι

671 551 1020 608 Manifestum
1081 555 1223 606 enim
1271 562 1354 607 est
1407 556 1546 623 quod
1607 557 1673 610 de
1728 558 1809 611 his
1846 557 2212 627 tiguratehaac

670 641 812 694 dicat
831 642 919 708 qui
946 642 1027 708 pie
1044 643 1247 705 vivunt,
1266 644 1408 711 quod
1426 646 1586 696 etiam
1618 647 1787 713 magis
1804 647 2210 713 suscipiendum

669 739 771 789 est.
809 732 850 781 si
884 744 1113 797 praesens
1166 747 1379 799 quoque
1424 732 1623 786 dictum
1650 736 1966 803 conjectura
1996 737 2212 803 assequi

683 834 891 885 aequum
915 829 1016 880 est,
1046 835 1152 886 quo
1173 821 1367 874 dicitur
1390 822 1549 888 iudex
1583 824 1763 879 venire
1786 840 1909 878 cum
1946 826 2210 888 nubibus,

672 918 989 961 nouantem
1035 909 1153 961 vehi
1185 925 1215 962 a
1260 912 1526 966 nubibus:
1585 913 1672 965 cui
1719 913 2018 967 conformis
2047 921 2129 967 est
2160 923 2215 967 et

671 996 892 1061 Paulus,
942 999 1141 1055 docens
1189 1016 1288 1055 nos
1316 1001 1366 1054 in
1417 1002 1651 1055 nubibus
1692 1003 1976 1071 rapiendos
2005 1003 2216 1055 obviam

672 1088 885 1139 Christo
911 1088 959 1139 in
992 1103 1140 1152 aera,
1167 1104 1257 1143 eos
1284 1106 1513 1158 namque
1540 1092 1629 1158 qui
1656 1092 1810 1158 juxta
1841 1092 1993 1146 Pauli
2021 1092 2219 1145 doctri-

674 1190 797 1227 nam
854 1177 1119 1239 vixerunt,
1167 1189 1225 1231 ut
1250 1195 1461 1247 semper
1492 1195 1612 1232 cum
1647 1180 1871 1235 Domino
1911 1183 2036 1236 sint.
2068 1181 2218 1246 Quod

677 1265 719 1315 si
752 1264 911 1316 etiam
945 1266 1214 1333 aliquibus
1260 1268 1452 1320 melius
1493 1267 1737 1321 videatur
1768 1278 1822 1322 ut
1877 1284 2001 1323 vere
2054 1270 2222 1322 nubes

678 1352 895 1416 fuerint,
934 1356 1119 1421 quales
1172 1355 1338 1409 fuisse
1364 1356 1606 1408 feruntur
1640 1373 1758 1425 quae
1793 1358 1845 1411 in
1881 1368 2059 1415 monte
2086 1358 2225 1412 Tha-

681 1443 777 1495 bor
814 1442 1093 1495 Dominum
1129 1444 1406 1512 ipsiusque
1435 1446 1729 1514 discipulos
1757 1448 2113 1513 obumbrasso,
2136 1449 2221 1503 di-

680 1525 895 1589 cuntur.
928 1532 1057 1585 nihil
1090 1534 1155 1585 ob
1184 1534 1295 1586 haec
1327 1545 1532 1600 oportet
1556 1537 1901 1591 contendere.
1928 1526 2222 1591 Ventui‘um

2307 376 2381 434 ὧν
2409 381 2498 433 καὶ
2528 382 2555 431 ὁ
2585 380 2744 441 αὐτὸς
2773 378 2942 440 οὕτως
2975 378 3159 446 φησίν·
3208 395 3226 428 ι
3274 378 3405 430 ’Λπδ
3452 380 3549 447 τῆς
3578 381 3865 449 τηλαυγῆ..

2309 488 2444 531 σεως
2470 469 2628 521 αὑτοῦ
2670 470 2725 522 αἱ
2755 467 2975 534 νεφέλαι
3001 467 3233 536 διῆλθον.
3275 486 3293 518 i
3324 468 3432 520 Καὶ
3476 469 3505 519 ὁ
3550 469 3725 536 Ἀμὼς
3755 472 3864 521 καὶ

2323 561 2547 620 Ἡσαΐας
2580 558 2705 626 περὶ
2753 556 2954 610 αὐτῶν·
2991 574 3010 607 ι
3048 557 3205 617 Τίνες
3232 555 3338 608 οἵδε
3384 555 3458 617 ὡς
3486 558 3701 623 νεφέλαι
3747 556 3865 607 πέ-

2308 665 2491 700 τανται
2526 648 2616 697 καὶ
2638 647 2708 707 ὡς
2742 646 2950 697 νεοσσοὶ⁵
2978 645 3187 707 ἀετῶν;
3227 664 3244 696 ι
3282 644 3446 714 Δῆλον
3484 646 3589 714 γάρ
3617 645 3689 707 ὡς
3721 647 3866 716 περὶ

2311 740 2415 791 τῶν
2446 738 2701 803 θεοφιλῶς
2737 735 2994 804 βιούντων
3022 736 3200 788 ταῦτά
3225 752 3354 803 φησι
3385 736 3673 803 τροπικῶς,
3695 736 3723 786 ὃ
3760 736 3869 788 καὶ

2316 829 2510 897 μᾶλλον
2542 827 2921 895 παραδεκτέον,
2945 826 3057 893 εἴγε
3106 826 3200 879 καὶ
3251 828 3311 878 τὸ
3344 828 3514 895 παρὸν
3548 826 3727 877 ἱκανὸν
3771 841 3870 878 τε·

2320 919 2637 987 κμηριῶσαι
2667 917 2845 985 ῥητὸν,
2880 918 3014 985 μετά
3047 916 3151 968 τῶν
3175 915 3408 983 νεφελῶν
3452 918 3652 982 φάσκον
3700 915 3870 987 ἔρχε-

2318 1008 2440 1061 σθαι
2470 1007 2562 1058 τὸν
2585 1006 2809 1074 Κριτὴν,
2844 1006 2956 1057 ἀλλ’
2978 1006 3073 1073 οὐχ
3113 1005 3218 1057 ὑπὸ
3238 1006 3343 1056 τῶν
3365 1006 3597 1072 νεφελῶν
3628 1004 3871 1071 ἐποχού-

2320 1112 2491 1164 μενον.
2515 1088 2583 1160 ’ᾫ
2616 1093 2706 1143 καὶ
2732 1092 2936 1152 Παῦλος
2983 1091 3215 1160 συνᾴδει,
3264 1091 3678 1160 ἀρπαγήσεσθαι
3708 1092 3869 1160 qua,

2318 1182 2583 1251 ἐμπεδῶν,
2616 1182 2689 1241 εἰς
2722 1181 3025 1245 ἀπάντησιν
3067 1178 3160 1229 τοῦ
3198 1178 3400 1246 Κυρίου
3444 1180 3521 1240 είς
3549 1178 3703 1248 ἀέρα,
3736 1180 3873 1241 τοὺς

2319 1273 2454 1324 κατά
2483 1270 2685 1337 Παῦλον
2716 1268 2912 1335 δηλαδὴ
2936 1267 3278 1335 βεϐιωκότας,
3328 1266 3420 1319 τοῦ
3464 1268 3690 1320 πάντοτε
3722 1285 3866 1321 συν-

2320 1363 2454 1412 εῖναι
2504 1360 2705 1426 Κυρίῳ.
2756 1358 2815 1408 El
2880 1357 2934 1407 δὲ
2970 1356 3062 1408 καὶ
3094 1356 3318 1422 νεφέλας
3342 1355 3415 1424 τῷ
3442 1356 3550 1407 δντι
3583 1358 3722 1409 νοεῖν
3752 1356 3876 1409 τισὶ

2324 1450 2529 1519 βέλτιον
2557 1448 2701 1498 δοκεῖ
2724 1444 2975 1504 τοιαύτας
3011 1443 3129 1505 οἵας
3158 1443 3251 1494 καὶ
3280 1445 3337 1494 ὲν
3375 1442 3450 1511 τῷ
3498 1442 3693 1511 Θαϐὼρ
3742 1443 3871 1512 δρει

2324 1536 2557 1603 καλύψαι
2592 1534 2682 1585 τὸν
2718 1532 2921 1599 Κύριον
2947 1529 3037 1581 xui.
3066 1530 3189 1591 τοὺς
3218 1529 3380 1583 αὐτοῦ
3429 1531 3670 1597 μαθητάς
3704 1533 3732 1582 ὁ
3772 1531 3873 1583 λέ-

683 1631 864 1673 autem
901 1621 1027 1674 dicit
1054 1622 1141 1673 tali
1179 1622 1344 1689 gloria
1373 1624 1650 1677 Dominum
1682 1635 1741 1677 ut
1773 1627 1839 1679 ab
1875 1627 2021 1680 omni
2068 1625 2223 1680 oculo
2256 1604 2262 1659 λ

2331 1643 2417 1694 γος
2451 1602 2680 1694 opma,
2712 1623 2861 1674 οὐδὲν
2891 1622 3016 1689 περὶ
3048 1620 3253 1671 τούτων
3282 1619 3571 1671 διοίσεσθαι
3600 1621 3697 1672 δεῖ.
3741 1622 3875 1689 Ἑρ-

682 1712 942 1767 videatur,
972 1719 1024 1763 et
1046 1712 1110 1762 ab
1128 1712 1211 1765 his
1238 1713 1329 1779 qui
1366 1713 1530 1779 ipsius
1554 1715 1838 1767 adventum
1863 1714 2084 1768 fideliter
2100 1729 2224 1783 spe-

682 1808 821 1864 rant,
850 1799 1005 1868 653
1030 1808 1082 1853 et
1105 1802 1171 1853 ab
1191 1802 1296 1855 illis
1315 1802 1408 1869 qui
1428 1811 1617 1870 pra'ter
1638 1818 1784 1870 spem
1807 1804 1874 1857 ab
1898 1803 1986 1857 illo
2004 1804 2227 1856 circum-

684 1889 951 1941 dahuntur
989 1909 1001 1942 :
1033 1904 1261 1957 quorum
1302 1890 1422 1943 illos
1446 1890 1661 1958 quidem
1702 1888 1942 1942 futurum
1993 1902 2073 1944 est
2104 1890 2228 1945 inde

683 1980 979 2041 lmtaturos,
1013 1979 1144 2032 istos
1162 1993 1288 2033 vero
1315 1979 1535 2032 omnino
1566 1979 1893 2045 plancturos.
1921 1977 2086 2030 Porro
2108 1978 2228 2033 illos

683 2070 1208 2136 dicitcompunxisse
1232 2083 1353 2121 eum
1387 2068 1477 2134 qui
1509 2068 1561 2120 in
1580 2067 1759 2121 crucis
1779 2066 2029 2133 passione
2058 2066 2227 2121 clavis

685 2168 741 2213 et
767 2160 952 2211 lancea
984 2173 1105 2211 eum
1134 2158 1570 2218 vulneraverunt,
1609 2165 1663 2217 et
1713 2170 1806 2210 eos
1834 2156 1926 2224 qui
1955 2171 2059 2209 una
2095 2172 2217 2209 cum

692 2247 826 2312 ipsis
852 2254 905 2298 et
931 2256 1150 2312 propter
1183 2245 1302 2297 illos
1332 2243 1629 2298 convitiose
1666 2244 1718 2296 in
1772 2258 1893 2295 cum
1927 2243 2224 2297 irruebant.

692 2335 860 2388 Porro
908 2337 1059 2387 adea
1104 2349 1223 2402 qua:
1263 2333 1406 2387 dicta
1455 2342 1582 2386 sunt
1618 2331 1980 2385 testimonium
2035 2330 2235 2383 addens

697 2425 989 2488 firmitatis,
1020 2424 1185 2477 veluti
1217 2423 1447 2491 sigillum
1480 2421 1742 2487 adiunxit,
1792 2419 2017 2473 dicendo
2060 2417 2237 2470 Etiam

693 2520 746 2566 et
768 2512 967 2566 Amen:
998 2522 1056 2565 ut
1086 2527 1152 2565 ex
1184 2511 1491 2564 ereorum
1526 2508 1914 2562 consuetudine
1940 2508 2103 2580 vai,id
2134 2516 2236 2568 est,

695 2603 879 2666 etiam,
907 2603 1172 2655 dictorum
1207 2599 1694 2653 immutabilitatem
1746 2606 1931 2650 exacte
1977 2597 2235 2650 absolvat.

696 2692 855 2746 Amen
892 2705 1020 2745 vero
1051 2690 1187 2759 apud
1214 2689 1464 2744 Hebraeos
1495 2689 1857 2758 subiungitur,
1887 2689 1952 2741 ad
1980 2689 2242 2742 denotan-

698 2784 825 2835 dum
869 2782 1010 2851 quod
1039 2783 1168 2835 nihil
1204 2790 1376 2849 potest
1430 2781 1864 2849 impedimentum
1895 2789 2143 2847 praastare
2177 2796 2242 2832 ne

701 2872 1017 2938 contingant
1042 2886 1160 2938 qua:
1193 2873 1445 2923 conclusa
1479 2879 1623 2923 sunt.

774 2960 960 3022 Quiest
980 2969 1025 3010 et
1046 2960 1132 3025 qui
1152 2968 1264 3010 erat
1284 2968 1331 3010 et
1356 2958 1442 3024 qui
1471 2960 1627 3019 venit,
1652 2959 1989 3024 omnipotens.
2004 2957 2170 3020 Quem
2190 2956 2241 3007 in

710 3042 1079 3107 superioribus
1103 3042 1259 3103 dixit,
1287 3042 1387 3102 Qui
1417 3051 1513 3103 est,
1534 3052 1579 3092 et
1619 3044 1706 3107 qui
1735 3054 1867 3105 erat,
1904 3052 1949 3093 et
1981 3043 2067 3107 qui
2096 3043 2247 3105 venit,

708 3140 762 3181 et
786 3142 925 3180 nunc
938 3143 1150 3195 quoque
1168 3137 1319 3180 vocat
1340 3130 1767 3194 omnipotentem:
1790 3144 1944 3195 quem
1966 3130 2126 3181 etiam
2144 3144 2249 3180 non

714 3216 877 3268 alium
912 3231 1031 3269 esse
1082 3231 1242 3284 quam
1278 3216 1551 3268 Christum
1578 3218 1948 3270 ostendimus:
1988 3226 2254 3284 quatenus

714 3319 777 3356 ea
804 3306 924 3371 qum
951 3304 1130 3356 divino
1152 3304 1332 3366 modo,
1360 3303 1422 3355 de
1440 3317 1503 3356 eo
1519 3304 1659 3370 quod
1696 3320 1817 3356 vere
1847 3304 2256 3370 supersubstan-

717 3392 909 3444 tialiter
940 3403 1021 3446 est
1054 3394 1106 3446 in
1138 3394 1318 3446 divina
1383 3392 1663 3459 Trinitate,
1710 3393 1979 3455 dicuntur,
2019 3394 2102 3461 pie
2135 3409 2257 3461 pos-

716 3489 842 3533 sunt
881 3481 1182 3535 indistincte
1228 3484 1465 3546 attribui,
1504 3498 1824 3550 rursumque
1876 3483 2045 3536 cuivis
2077 3498 2259 3551 perso-

719 3586 911 3623 narum
971 3573 1173 3638 absque
1223 3574 1327 3625 ulla
1379 3574 1648 3641 impietate
1687 3573 2015 3641 apprOpriari
2068 3573 2259 3626 :hunc

720 3663 966 3715 eumdem
1022 3678 1234 3728 rursum
1285 3664 1510 3725 inducit,
1571 3672 1848 3731 postquam
1910 3662 2256 3716 novissimum

720 3768 876 3806 suum
927 3754 1214 3808 adventum
1251 3754 1568 3821 significavit
1597 3753 1694 3821 ipsi
1730 3751 2259 3813 futurum,modum-

722 3860 825 3913 que
857 3860 961 3908 quo
991 3845 1076 3897 hie
1105 3845 1320 3896 futurus
1342 3852 1441 3905 est,
1469 3844 1630 3895 etiam
1667 3844 1777 3895 haec
1800 3843 2147 3895 indicantem.

795 3932 903 4001 Ego
940 3950 1053 3985 sum
1079 3936 1123 3983 A
1153 3933 1288 3984 ett).
1316 3932 1381 3992 A,
1413 3930 1479 3982 ab
1506 3945 1570 3981 eo
1599 3930 1741 3996 quod
1774 3930 2093 3996 principium
2148 3930 2259 3987 sit;

726 4025 989 4090 siquidem
1017 4025 1058 4073 Α
1076 4035 1289 4088 quoque
1326 4018 1534 4070 initium
1556 4028 1637 4069 est
1666 4018 1716 4068 in
1742 4017 2005 4082 scriptura
2031 4017 2265 4069 elemen-

729 4122 905 4164 torum
926 4128 938 4162 :
962 4130 1024 4171 ω,
1045 4120 1256 4175 propter
1280 4108 1435 4159 tinem
1460 4106 1791 4158 corumdem.
1814 4105 2138 4174 Principium
2157 4123 2265 4177 'au-

2322 1717 2546 1784 χόμενον
2578 1713 2633 1765 δὲ
2664 1713 2752 1765 τὸν
2781 1711 2979 1778 Κύριον
3009 1709 3130 1778 δόξῃ
3162 1708 3411 1778 τοιαύτῃ,
3443 1708 3671 1775 ὀφθῆναί
3698 1726 3876 1776 φησιν

2326 1806 2427 1857 ὑπὸ
2448 1802 2642 1863 παντὸς
2662 1800 2961 1868 ὀφθαλμοῦ,
2992 1800 3083 1851 καὶ
3114 1798 3222 1851 τῶν
3245 1799 3343 1866 τὴν
3374 1798 3673 1865 παρουσίαν
3701 1797 3877 1848 αὑτοῦ

2326 1894 2529 1955 πιστῶς
2584 1892 2949 1964 ἐλπισάντων..
2989 1890 3082 1941 καὶ
3135 1888 3241 1939 τῶν
3292 1887 3385 1939 ἀπ’
3438 1887 3647 1947 ἐλπίδος
3699 1886 3879 1954 αὐτὴν

2328 1984 2587 2053 θεμένων,
2624 1979 2696 2037 ὧν
2724 1983 2844 2043 τοὺς
2879 1981 2974 2049 μὲν
3002 1976 3387 2046 εὐφρανθῆναι,
3435 1978 3559 2037 τοὺς
3604 1976 3660 2028 δὲ
3710 1972 3880 2039 with—

2331 2076 2451 2128 σθαι
2488 2073 2753 2141 παγγενῆ.
2806 2072 2942 2131 Τοὺς
2997 2069 3051 2120 δὲ
3099 2067 3526 2134 ὲκκεντήσαντας
3558 2066 3700 2132 λέγει
3746 2065 3882 2125 τοὺς

2331 2165 2471 2217 κατά
2518 2164 2577 2214 τδ
2604 2162 2894 2230 σταυρικὸν
2947 2156 3108 2211 αὐτοῦ
3153 2155 3319 2217 πάθος
3369 2154 3517 2223 ἦλοις
3564 2170 3621 2205 τε
3663 2154 3759 2205 καὶ
3805 2155 3874 2221 τῇ

2332 2255 2496 2323 λόγχη
2524 2252 2835 2321 τρώσαντας
2870 2249 3050 2308 αὑτὸν,
3087 2246 3179 2298 καὶ
3213 2246 3308 2297 σὺν
3345 2243 3574 2306 τούτοις,
3621 2244 3741 2305 τοὺς
3773 2243 3879 2294 ἀπ’

2335 2344 2556 2394 ἐκείνων
2588 2340 2917 2407 βλασφήμως
2946 2334 3091 2402 αὐτῷ
3117 2332 3541 2402 ἐπιτιθεμένους.
3573 2333 3794 2393 Τούτοις
3822 2332 3881 2382 δὲ

2335 2434 2443 2494 τοῖς
2473 2430 2779 2499 εἰρημένοις
2803 2426 2862 2477 τὸ
2912 2425 3126 2493 βέϐαιον
3156 2422 3564 2491 ἐπιμαρτυρῶν,
3600 2422 3883 2489 ἐπεσφρά-

2338 2538 2455 2588 γισε
2487 2521 2573 2572 διὰ
2598 2518 2688 2570 τοῦ
2712 2519 2899 2579 εἰπεῖν,
2922 2515 3027 2567 Nai
3060 2514 3171 2575 xui,
3207 2511 3517 2579 Ἀμήν.Τοῦ
3546 2512 3639 2563 ναὶ
3672 2513 3792 2579 μὲν,
3825 2510 3886 2576 ἐξ

2352 2609 2664 2677 Ἑλληνικῆς
2694 2606 2973 2674 συνηθείας
3006 2605 3065 2655 τδ
3098 2603 3489 2671 ἀμετάπτωτον
3516 2600 3623 2652 τῶν
3656 2600 3886 2669 εἰρημέ-

2340 2719 2444 2753 νων
2473 2698 2875 2768 ὲξακριϐοὖντος
2894 2711 2906 2725 ·
2931 2695 3023 2747 τοῦ
3048 2692 3314 2759 δὲἈμὴν,
3350 2692 3478 2760 παρ’
3510 2690 3777 2759 Ἑϐραίοις
3807 2690 3889 2750 είς

2342 2792 2402 2843 τὸ
2434 2775 2597 2859 μηδὲν
2637 2789 2701 2841 ἂν
2731 2786 2982 2854 γενέσθαι
3017 2780 3267 2853 ἐμποδὼν
3298 2781 3371 2849 μὴ
3394 2779 3615 2849 ἐκϐῆναι
3641 2779 3889 2848 τὰὴπει-

2270 2907 2311 2963 C
2345 2881 2575 2948 λημένα,
2604 2875 2961 2963 ἐπαγομένου.

2430 2971 2489 3020 '0
2513 2968 2614 3027 ῶν,
2650 2966 2741 3016 καὶ
2780 2966 2811 3015 ό
2831 2960 2925 3030 ἦν,
2957 2961 3049 3013 καὶ
3077 2962 3109 3013 δ
3135 2960 3470 3025 ἐρχόμενος,
3495 2961 3527 3011 ὁ
3552 2955 3889 3022 παντοκρνὶο

2349 3075 2480 3123 τωρ.
2518 3058 2611 3105 Ὃν
2641 3055 2825 3121 εἴρηκε
2853 3050 3125 3117 ἀνωτέρω,
3168 3047 3229 3098 '0
3256 3046 3368 3111 ὢν,
3403 3047 3499 3098 καὶ
3530 3048 3561 3097 ό
3588 3042 3683 3111 ἦν,
3711 3044 3809 3095 καὶ
3862 3046 3893 3094 ὀ

2351 3144 2684 3209 ἐρχόμενος,
2713 3140 2808 3189 καὶ
2833 3140 2864 3189 ὀ
2899 3133 3333 3200 παντοκράτωρ,
3368 3133 3425 3183 ὃν
3456 3132 3549 3183 καὶ
3586 3134 3681 3182 οὐκ
3729 3130 3892 3181 ἄλλον

2353 3231 2497 3301 ἣτδν
2533 3229 2759 3295 Χριστὸν
2804 3223 2939 3277 εἶναι
2984 3226 3314 3293 ἐδείκνυμεν.
3350 3221 3471 3274 καθ’
3505 3224 3627 3274 ὅσον
3656 3220 3723 3270 τά
3774 3219 3894 3268 θεο-

2356 3320 2576 3390 πρεπῶς
2602 3319 2690 3369 ἐπὶ
2718 3315 2809 3369 τοῦ
2847 3316 3179 3384 ὑπερουσίως
3220 3316 3368 3377 δντος
3398 3316 3455 3367 ὲν
3492 3315 3557 3381 τῇ
3587 3311 3777 3379 Τριάδι
3803 3308 3892 3359 λε-

2356 3410 2576 3478 γόμενα,
2606 3408 2675 3459 τὰ
2705 3407 2838 3459 αὑτά
2871 3405 3028 3456 πάλιν
3056 3405 3415 3464 ἀδιαστάλτως
3455 3403 3544 3454 καὶ
3608 3399 3730 3453 καθ’
3756 3398 3893 3450 ἑκά-

2359 3497 2492 3566 στης
2513 3495 2854 3565 ἐναρμόττειν
2874 3495 2978 3545 τῶν
2997 3494 3361 3550 ὑποστάσεων,
3387 3490 3626 3551 εὐσεϐὲς,
3653 3488 3769 3541 ἀλλ’
3797 3488 3896 3538 οὐκ

2358 3590 2566 3650 ἀσεϐὲς,
2612 3587 2796 3639 τοῦτον
2849 3584 3007 3637 αὐτὸν
3061 3580 3214 3645 αὖθις
3272 3584 3482 3649 εἰσάγει
3513 3580 3648 3649 μετά
3690 3578 3751 3631 τὺ
3796 3576 3899 3646 τὴν

2357 3680 2585 3746 ἐσχάτην
2619 3677 2894 3729 ὲττέλευσιν
2924 3673 3083 3727 αὑτοῦ
3113 3674 3372 3743 γνωρίσαι
3396 3671 3573 3739 αὐτῷ,
3606 3670 3702 3723 καὶ
3748 3669 3900 3728 ὅπως

2360 3770 2495 3837 αὕτη
2532 3770 2701 3837 ἔσται,
2737 3769 2815 3819 ἔτι
2836 3768 2931 3819 καὶ
2960 3766 3133 3818 ταῦτα
3160 3764 3514 3833 γνωρίσαντα.

2444 3940 2585 4006 Ἐγώ
2610 3942 2721 4006 ειμι
2752 3940 2816 3989 τὸ
2843 3938 3003 4003 ἄλφα
3026 3936 3122 3987 καὶ
3146 3936 3211 3988 τὸ
3237 3951 3304 3987 ω.
3331 3933 3509 3998 ’Ἄλφα
3537 3933 3622 3984 διὰ
3645 3932 3703 3983 τδ
3726 3931 3903 4001 ἀρχὴν

2365 4023 2519 4089 εἷναι,
2548 4028 2627 4080 ὅτι
2664 4026 2756 4076 καὶ
2778 4024 2842 4075 τὸ
2869 4024 3028 4089 ἄλφα
3063 4021 3203 4090 ἀρχὴ
3224 4020 3330 4071 τῶν
3353 4021 3408 4070 ὲν
3436 4020 3716 4087 γράμματι
3756 4035 3901 4070 στοι-

2365 4114 2542 4183 κείων,
2585 4130 2631 4164 ω
2662 4112 2746 4164 διὰ
2787 4112 2844 4162 τὸ
2876 4112 3024 4171 τέλος
3071 4110 3179 4161 τῶν
3210 4110 3407 4162 αὐτῶν.
3464 4108 3658 4179 Ἀρχὴν
3702 4108 3757 4159 δὲ
3809 4106 3904 4159 καὶ

731 4209 834 4250 tem
871 4210 923 4249 et
960 4199 1114 4247 linem
1147 4196 1265 4263 quis
1296 4209 1399 4247 non
1439 4194 1692 4262 intelliget
1719 4194 2010 4263 signiﬁcari
2036 4210 2129 4262 per
2164 4196 2262 4247 hoc

2331 4204 2513 4264 »τέλος
2551 4202 2631 4263 τίς
2661 4202 2758 4252 οὐκ
2808 4199 2871 4251 ἂν
2898 4199 3137 4268 ὲννοήσοι
3161 4200 3220 4250 τὸ
3264 4196 3491 4263 πρῶτος
3546 4194 3906 4264 σημαίνεσθαι

731 4290 870 4356 quod
891 4290 1083 4341 dicitur
1097 4290 1291 4355 primus
1307 4302 1367 4340 ac
1378 4300 1683 4354 postremus.
1702 4285 1799 4339 Per
1814 4286 1913 4339 hoc
1930 4296 2104 4340 autem
2126 4286 2265 4355 quod

734 4382 807 4431 ait
844 4378 1068 4437 Primus.
1098 4379 1412 4447 intelligitur
1438 4392 1542 4429 non
1580 4376 1772 4429 habere
1810 4377 2041 4441 initium,
2081 4392 2269 4445 quem-

730 4473 887 4523 admo
909 4473 1012 4521 lum
1045 4470 1203 4522 etiam
1233 4484 1326 4537 per
1364 4469 1467 4521 hoc
1502 4468 1646 4536 quod
1681 4468 1756 4519 ait
1802 4466 2121 4532 Postremus,
2173 4482 2266 4520 ca-

734 4569 863 4623 rercj
898 4561 1016 4613 fme.
1072 4560 1335 4623 Quoniam
1364 4559 1505 4610 enim
1557 4558 1694 4624 apud
1733 4557 1978 4611 homines
2006 4573 2111 4610 non
2140 4573 2272 4610 cou-

736 4656 890 4723 tingit
910 4665 965 4707 nt
996 4652 1196 4721 aliquid
1229 4652 1387 4705 initio‘
1403 4661 1585 4704 careat
1614 4666 1677 4703 ac
1707 4650 1829 4713 line,
1864 4664 1993 4703 usus
2018 4647 2267 4714 estprin-

736 4749 874 4811 ('ipio
901 4761 960 4797 ac
1020 4744 1121 4795 line
1144 4755 1263 4809 quae
1308 4741 1448 4808 apud
1489 4755 1591 4793 nos
1634 4748 1779 4801 sunt,
1813 4752 1906 4804 pro
1936 4753 1997 4790 eo
2026 4737 2164 4804 quod
2192 4745 2276 4789 est

741 4836 860 4887 sine
920 4833 1073 4886 initio
1155 4847 1219 4884 ac
1254 4830 1379 4891 line,
1432 4830 1533 4882 hoc
1603 4837 1706 4893 est,
1777 4838 2085 4895 perpetuus.
2145 4824 2266 4877 llaec

739 4928 897 4977 etiam
992 4939 1080 4991 per
1183 4921 1375 4973 Isaiam
1458 4916 1652 4971 dixit:
1720 4934 1737 4965 ι
1819 4915 1926 4982 Ego
2017 4915 2273 4967 Dominus

744 5015 878 5066 Deus
924 5015 1151 5082 primus,
1199 5025 1296 5080 ego
1335 5011 1495 5063 etiam
1545 5018 1663 5076 post
1712 5008 1945 5071 luem”)
1980 5007 2043 5059 Et
2065 5022 2129 5059 nc
2158 5007 2277 5072 quis

746 5104 1063 5169 principium
1103 5118 1171 5155 ex
1226 5116 1334 5153 non
1377 5099 1591 5152 entibus
1641 5096 1905 5151 introduci
1952 5096 2276 5163 suspicetur.

747 5193 1015 5257 subiungit
1036 5206 1178 5244 nunc
1200 5192 1413 5253 Quiest,
1443 5200 1487 5240 et
1523 5189 1608 5257 qui
1634 5198 1766 5248 erat,
1786 5197 1830 5239 et
1856 5186 1941 5252 qui
1974 5186 2125 5237 venit.
2146 5185 2279 5248 Quid

753 5287 929 5330 autem
962 5280 1073 5332 lucc
1098 5281 1197 5333 sibi
1235 5280 1397 5333 velint
1428 5278 1632 5331 dictum
1665 5285 1748 5329 est
1800 5290 1987 5341 nempe
2016 5274 2158 5341 quod
2192 5288 2281 5327 ve-

1849 5448 1888 5477 ”
1921 5446 2022 5499 Isa.
2060 5460 2199 5507 λων,
2234 5442 2282 5494 ὓ.

831 5449 869 5480 ³⁸
895 5447 1032 5501 Psal.
1060 5466 1183 5510 χιιι,
1220 5453 1301 5505 il.
1380 5453 1422 5482 ¹⁶
1464 5451 1560 5504 lsa.
1602 5466 1687 5513 ιχ,
1720 5448 1769 5511 8,

2370 4295 2463 4347 xui.
2505 4292 2565 4344 τδ
2600 4292 2881 4357 ἓσχατος;
2929 4289 3016 4341 διὰ
3048 4287 3139 4340 τοῦ
3183 4289 3407 4356 πρῶτος
3436 4289 3511 4349 δὲ,
3551 4288 3609 4338 τὸ
3649 4287 3909 4353 ἄναρχος

2373 4385 2646 4439 ἐννοεῖται,
2674 4381 2746 4442 ὼς
2780 4380 2869 4431 καὶ
2898 4379 2986 4430 διὰ
3006 4379 3097 4431 τοῦ
3126 4378 3385 4446 ἐσχάτου
3412 4378 3468 4429 τὸ
3490 4377 3899 4440 ἀτελεύτητος.

2385 4472 2595 4539 Ἐπειδὴ
2628 4470 2733 4539 γὰρ
2784 4470 2883 4521 οὐκ
2928 4471 3038 4520 ἐστι
3068 4471 3213 4535 παρὰ
3259 4467 3562 4537 ἀνθρώποις
3605 4465 3840 4531 ἀναρχάν
3860 4477 3910 4512 τι

2376 4564 2467 4615 καὶ
2499 4562 2869 4628 ἀτελεύτητον,
2903 4562 2966 4627 τῇ
3007 4558 3137 4627 παρ’
3172 4560 3301 4624 ἡμῖν
3331 4559 3465 4624 ἀρχῇ
3509 4572 3565 4607 τε
3598 4556 3690 4606 καὶ
3719 4555 3801 4623 τῷ
3830 4551 3911 4603 τέ-

2375 4653 2454 4705 λει
2475 4651 2591 4705 ἀντὶ
2615 4650 2704 4703 τοῦ
2734 4651 2966 4719 ἄναρχος
2992 4651 3091 4700 xui.
3120 4647 3473 4714 ἀτελεύτητος
3512 4645 3905 4713 κατεχρήσατο.

2377 4743 2544 4796 Τοῦτο
2597 4742 2689 4793 καὶ
2742 4740 2829 4791 διὰ
2878 4739 3099 4791 Ἡσαΐου
3155 4737 3363 4802 ἔλεγεν·
3398 4756 3416 4785 ι
3465 4737 3603 4801 Ἐγὼ
3649 4737 3851 4803 Κύριος
3884 4730 3912 4780 ὁ

2379 4832 2506 4893 Θεὸς
2543 4831 2770 4900 πρῶτος,
2820 4828 2931 4893 ἐγὼ
2973 4828 3069 4877 καὶ
3110 4826 3243 4892 μετά
3288 4826 3477 4881 ταῦτα.
3516 4843 3532 4874 ι
3573 4826 3677 4877 Καὶ
3723 4824 3810 4875 ἴνα
3843 4820 3910 4889 μή

2381 4939 2462 4982 τις
2494 4921 2584 4988 τὴν
2626 4918 2794 4985 ἀρχὴν
2831 4918 2887 4979 ἐξ
2924 4915 3020 4966 οὐκ
3063 4914 3227 4965 ὅντων
3274 4914 3590 4980 εἰσαχθῆναι
3636 4910 3912 4965 ὑπολάϐοι,

2384 5005 2629 5070 ἐπιφέρει
2655 5003 2745 5053 νῦν
2762 5002 2838 5059 τδ,
2856 5001 2917 5050 '0
2940 4998 3039 5059 ὢν,
3074 4998 3167 5048 καὶ
3204 5002 3233 5049 o'
3259 4995 3351 5065 ἦν,
3393 5000 3487 5050 καὶ
3518 5001 3549 5051 d
3578 4998 3912 5064 ἐρχόμενος.

2384 5096 2447 5145 Τί
2479 5094 2723 5145 δὲταῦτα
2762 5091 3000 5151 δύναται,
3041 5090 3267 5157 εἴρηται,
3299 5090 3379 5140 ὅτι
3427 5089 3500 5150 ὡς
3548 5087 3919 5146 διαιωνὶξοντα·

2387 5185 2523 5235 κατά
2549 5200 2605 5233 τε
2641 5184 2813 5249 ἀρχὴν
2845 5181 2935 5231 καὶ
2962 5179 3129 5235 τέλος,
3162 5182 3277 5229 κατ’
3303 5179 3471 5248 ἀρχὴν
3528 5179 3625 5238 μὲν
3650 5217 3666 5233 ,
3688 5173 3918 5226 ἁνελλει-

2388 5271 2522 5333 πῶς,
2562 5270 2698 5323 κατὰ
2724 5269 2869 5330 τέλος
2915 5267 2991 5329 δὲ,
3042 5267 3346 5336 ἁδιαδὸχως.
3388 5269 3442 5319 '0
3487 5267 3549 5317 δε·
3581 5278 3771 5321 ταυτα,
3827 5258 3915 5309 καὶ
