4106 6334
207 412 299 476 517

1232 404 1604 465 COMMENT.
1648 406 1727 463 IN
1767 404 2274 466 APOCALYPSIN.

3240 412 3341 473 518

210 533 315 569 σου’
355 534 372 569 i
410 514 523 577 xui,
564 531 583 564 ι
632 513 689 566 '0
717 510 986 581 φωτισμδς
1016 508 1108 562 τοῦ
1154 510 1440 581 προσώπου
1472 530 1584 575 σου,
1614 513 1723 563 Κύ-
1751 522 1792 576 Α
1825 530 1831 558 ι

1713 544 1723 553 .
1751 522 1792 576 Α
1825 528 1845 561 τ
1885 513 2078 565 Emitte
2108 513 2276 565 lucem
2310 522 2453 566 tuam
2478 521 2536 567 et
2558 515 2832 567 veritatem
2864 524 3006 570 tuam
3038 535 3052 572 :
3083 535 3100 568 ι
3126 527 3179 571 et
3216 539 3233 570 υ
3271 524 3334 573 il-

209 622 306 672 ριε,
337 604 429 655 τοῦ
479 601 793 671 φωτίζοντος
827 603 948 663 τοὺς
996 603 1211 665 πιστοὺς
1258 602 1476 668 νοητιῖκ.
1534 621 1551 652 ι
1585 602 1723 654 Μετ-

207 690 356 758 ὁχους
375 690 466 743 οὖν
494 691 807 757 γενομένους
829 688 1063 741 τοιούτου
1095 690 1298 758 φωτὸς,
1324 690 1573 757 φωτίζειν
1597 706 1725 758 προ-

214 787 453 847 ςριπεται
475 780 665 842 αὐτοὺς
694 779 769 848 τῷ
790 779 885 846 τῆς
919 778 1243 845 θεογνωσίας
1274 778 1429 846 φωτί.

268 947 524 1014 Χρυσᾶς.
565 949 781 1017 Χρυσᾶς
818 964 948 1017 φησι
998 946 1326 1016 χρηματίσαι
1360 948 1454 1008 τὰς
1484 950 1720 1016 λυχνίας,

205 1035 285 1086 διὰ
316 1038 373 1085 τὸ
405 1035 576 1103 τίμιον
610 1038 702 1087 καὶ
734 1037 1022 1102 ὑπεραῖρον
1047 1034 1153 1085 τῶν
1191 1034 1528 1099 ἀξιωθέντων
1570 1037 1723 1100 δέξα-

207 1126 322 1178 σθαι
346 1126 405 1176 τὸ
428 1126 565 1177 θεῖον
590 1125 762 1185 σέλας.
790 1125 851 1176 Ui
880 1126 969 1176 καὶ
1004 1123 1284 1201 φωστῆρες
1314 1127 1451 1177 κατὰ
1468 1126 1557 1177 τὸν
1575 1125 1718 1178 Παῦ-

204 1215 285 1265 λον
318 1214 620 1284 ἐκλήθησαν
660 1213 812 1279 λόγον
852 1212 995 1280 ζωῆς
1038 1212 1266 1281 ἔχοντες,
1309 1211 1494 1284 ὥσπερ
1545 1215 1638 1267 καὶ
1662 1216 1719 1269 αι

201 1303 404 1371 λυχνίαι
437 1304 614 1371 ὄχημα
644 1303 847 1370 λύχνων
872 1299 1047 1366 οὖσαι,
1076 1303 1235 1356 αὑταὶ
1266 1304 1363 1372 μὲν
1408 1303 1467 1367 ἐξ
1513 1306 1718 1357 ἑαυτῶν

202 1393 290 1442 οὐκ
318 1392 493 1459 ἔχουσι
524 1392 657 1459 φῶς,
682 1391 923 1444 κοινωνοὶ
953 1393 1009 1445 δέ
1045 1392 1157 1461 πώς
1186 1395 1292 1446 εἱσι
1319 1394 1423 1446 τῶν
1466 1394 1718 1463 φωτίζειν

206 1481 291 1548 ἀφ’
318 1479 523 1532 εαυτῶν
551 1480 840 1549 λαχόντων.

264 1654 373 1707 Kal
401 1654 469 1707 ἐν
491 1654 656 1724 μέσῳ
695 1655 811 1709 τῶν
854 1656 1002 1712 ἑπτὰ
1049 1660 1310 1726 λυχνιῶν
1346 1661 1550 1729 ὅμοιον
1613 1660 1720 1724 Υιῷ

194 1745 519 1812 ἀνθρώπου.
564 1747 651 1798 Ἐν
684 1747 833 1817 μέσῳ
871 1749 975 1801 τῶν
1004 1750 1141 1801 ἑπτὰ
1163 1752 1386 1820 λυχνιῶν
1406 1754 1585 1819 ὅμοιον
1610 1752 1719 1820 Υἱῷ

1825 598 2098 651 luminatio
2118 599 2297 651 vultus
2327 600 2426 662 tui,
2452 600 2693 662 Domine,
2714 618 2832 669 qua:
2862 604 3208 671 spiritualiter
3224 622 3340 659 cre-

1820 688 2005 741 dentes
2030 688 2310 739 illuminat.
2332 689 2377 718 "
2408 705 2427 737 ι
2458 689 2562 742 Eos
2592 704 2718 757 ergo
2747 692 2836 757 qui
2876 691 3177 760 huiusmodi
3206 695 3343 749 lucis

1821 776 2101 844 participes
2122 774 2295 829 effecti
2316 785 2459 839 sunt,
2483 778 2793 833 exhortatur
2819 787 2875 833 ut
2902 782 3031 836 alios
3047 782 3342 837 illuminent

1821 864 1939 917 luce
1963 865 2153 917 divinae
2192 864 2535 932 cognitionis.

1886 953 2075 1006 Aurea.
2107 954 2279 1006 Aurea
2318 953 2445 1007 dicit
2470 955 2757 1009 constituta
2786 957 2953 1013 fuisse
2990 961 3338 1025 candelabra,

1820 1045 2032 1105 propter
2060 1039 2281 1105 pretium
2318 1049 2368 1092 et
2390 1038 2753 1094 excellentiam
2792 1057 2975 1096 eorum
3004 1047 3093 1113 qui
3135 1063 3342 1102 merue-

1818 1134 1940 1177 runt
1966 1125 2192 1177 divinam
2222 1124 2491 1191 suscipere
2520 1126 2690 1180 lucem
2721 1130 2845 1193 :qui
2868 1129 3025 1182 etiam
3056 1130 3337 1188 luminaria

1821 1226 1852 1266 a
1880 1212 2039 1265 Paule
2059 1214 2195 1267 dicta
2221 1223 2364 1279 sunt,
2384 1214 2553 1267 lucem
2578 1217 2697 1268 vita:
2723 1217 2968 1271 habentia
2989 1220 3338 1286 quemadmo-

1816 1302 1939 1353 dum
1965 1312 2015 1355 ct
2034 1304 2349 1357 candelabra
2366 1304 2656 1361 vehiculum
2677 1314 2802 1357 sunt
2830 1307 3163 1360 lucernarum
3182 1324 3197 1373 ;
3215 1325 3334 1362 nam

1816 1387 1927 1439 haec
1942 1402 2004 1440 ex
2028 1388 2215 1455 seipsis
2244 1389 2533 1459 lucemjuon
2552 1392 2760 1454 habent,
2792 1394 2881 1445 sed
2906 1394 3189 1462 participes
3203 1411 3338 1464 quo-

1815 1474 2096 1529 dammodo
2126 1486 2246 1531 sunt
2272 1492 2457 1531 eorum
2496 1495 2609 1547 qua:
2638 1496 2666 1532 a
2705 1481 2893 1549 seipsis
2927 1484 3119 1536 habent
3152 1492 3209 1536 ut
3253 1485 3337 1538 lu-

1816 1574 1987 1616 ccant.

1885 1652 1949 1705 Et
1970 1655 2019 1706 in
2034 1656 2192 1707 medio
2208 1666 2392 1723 septem
2407 1658 2827 1712 caurlelabrorum
2860 1662 3075 1714 similem
3097 1662 3233 1717 Filio
3248 1665 3337 1718 lto—

1816 1741 1991 1793 mim’s.
2037 1740 2309 1810 Tanquam
2329 1745 2567 1798 videlicet
2584 1747 2977 1801 denuntiantem
2997 1751 3135 1818 quod
3166 1752 3214 1803 in
3239 1766 3333 1805 nos

201 1833 495 1902 ἀνθρώπου,
550 1835 625 1896 ὡς
657 1836 1134 1906 ’ἐπαγγειλάμενον
1181 1840 1380 1910 δηλαδὴ
1424 1843 1721 1909 ἑνοικήσειν
1754 1820 1822 1878 Βη

1712 1859 1721 1888 ,
1754 1820 1793 1873 Β
1821 1828 2081 1882 inhabitet
2106 1846 2167 1884 ac
2204 1834 2530 1886 inambulct:
2564 1836 2833 1899 quietiam
2860 1838 3089 1904 seipsum
3137 1840 3333 1894 dimisit

200 1922 281 1972 ui.
314 1923 781 1993 ἑμπεριπατήσειν
832 1928 890 1979 ἐν
924 1928 1073 1995 ἡμῖν,
1122 1928 1211 1981 τὸν
1267 1930 1359 1982 καὶ
1415 1931 1601 1981 ἑαυτὸν
1650 1931 1717 1982 δι’

198 2012 333 2077 ἡμᾶς
350 2014 749 2067 ταπεινώσαντα
774 2016 899 2085 ἄχρι
923 2016 1017 2084 τῆς
1038 2016 1128 2069 τοῦ
1155 2017 1336 2070 δούλου
1360 2020 1591 2087 μορφῆς,
1627 2022 1718 2071 καὶ

197 2102 474 2171 γενόμενον
537 2106 753 2174 καρπὸν
806 2106 1036 2174 γαστρὸς
1064 2109 1159 2172 τῆς
1210 2110 1577 2177 ἀπειρογάμου
1616 2128 1717 2177 μη-

197 2189 329 2255 τρός.
366 2192 591 2260 Ποδήρει
637 2194 693 2245 δὲ
741 2195 898 2246 αὐτὸν
932 2195 1305 2262 περιεστάλθαι
1334 2197 1425 2249 καὶ
1452 2197 1714 2265 περιεζῶ-

199 2277 307 2326 σθαι
344 2279 475 2345 πρὸς
533 2280 638 2339 τοῖς
672 2281 893 2346 μαστοῖς
940 2280 1013 2341 ὡς
1064 2281 1207 2349 ίερὲα
1247 2283 1396 2349 φησι,
1428 2284 1568 2334 κατὰ
1619 2282 1715 2350 τὴν

196 2365 337 2425 τάξιν
359 2365 709 2433 Μελχισεδὲκ,
758 2369 816 2419 οὐ
862 2368 999 2420 κατὰ
1033 2370 1133 2437 τὴν
1160 2370 1310 2432 τάξιν
1348 2371 1567 2438 Ἀαρὼν,
1595 2372 1715 2422 ἐπεὶ

198 2453 263 2519 μὴ
288 2454 425 2504 κατὰ
453 2456 545 2504 τὸν
588 2456 858 2518 Μωῦσὲως
889 2458 1050 2525 νόμον
1097 2461 1129 2527 ὴ
1172 2461 1267 2511 ἀπ’
1293 2461 1453 2512 αὑτοῦ
1483 2463 1716 2530 παραδε-

194 2539 381 2608 δομένη
440 2542 569 2609 ἡμῖν
601 2542 843 2611 λατρεία,
904 2545 1034 2597 ἀλλὰ
1061 2548 1198 2599 κατὰ
1252 2549 1347 2617 τὴν
1394 2551 1716 2618 Μελχισεδὲκ

195 2627 333 2690 τάξιν
366 2633 579 2701 νεαρὰν,
624 2636 748 2703 περὶ
784 2627 843 2685 οὗ
869 2637 961 2688 καὶ
994 2637 1197 2700 Παῦλος
1242 2640 1269 2690 ὁ
1311 2642 1448 2701 θεῖος
1476 2642 1712 2710 εἴρηκεν,

197 2719 443 2787 ἀρχιερέα
513 2721 605 2772 καὶ
679 2724 967 2776 ἀπόστολον
1025 2724 1259 2778 δεδόσθαι
1311 2729 1436 2796 ἡμῖν
1490 2729 1715 2796 Χριστὸν

197 2806 568 2874 ἱερουργοῦντα
594 2811 802 2875 ἑαυτὸν,
835 2814 926 2864 καὶ
958 2814 1297 2883 προσάγοντα
1324 2816 1399 2883 τῷ
1420 2818 1591 2885 [lupi
1622 2818 1715 2869 καὶ

197 2895 263 2962 τῷ
289 2897 559 2965 Πνεύματι
587 2901 682 2969 τὴν
720 2903 987 2972 ἡμετέραν
1018 2906 1113 2972 τῆς
1155 2907 1385 2967 πίστεως
1410 2906 1711 2974 ὁμολογίαν.

255 2986 365 3037 Καὶ
400 2988 854 3056 περιεζωσμένον
893 2992 1039 3057 πρὸς
1088 2993 1210 3057 τοῖς
1256 2995 1523 3058 μαστοῖς.
1574 2996 1713 3063 Πρὸς

196 3076 295 3132 τοῖς
347 3078 565 3137 μαστοῖς
614 3076 668 3129 δὲ
718 3079 1163 3147 περιεζωσμένον,
1218 3082 1328 3134 ἀλλ’
1371 3083 1429 3135 οὗ
1470 3082 1712 3155 πρδςατῇ

197 3162 371 3226 ὀσφύῖ,
417 3166 494 3215 ὅτι
542 3166 673 3233 μηδὲ
722 3167 969 3231 meum;
1025 3166 1174 3233 οὗτος
1224 3174 1339 3233 ταῖς
1388 3174 1488 3224 ὑπὸ
1525 3179 1718 3245 γαστρὶ

198 3249 451 3315 ὀρέξεσιν,
496 3252 561 3314 ἃς
608 3257 1021 3325 περιεσφίγχθαι
1051 3262 1160 3320 τοῖς
1195 3260 1369 3323 ἄλλοις
1418 3262 1714 3331 ἀνθρώποις

199 3340 471 3407 σωτήριον.
522 3344 618 3394 Διά
676 3343 828 3396 τοῦτο
879 3346 993 3398 οὐδὲ
1030 3349 1164 3415 πρὸς
1193 3349 1268 3416 τῷ
1326 3351 1397 3418 μὴ
1447 3351 1717 3419 ,ὶπροσίτῳ

195 3428 411 3491 ταύταις
442 3434 607 3501 μορίῳ
632 3433 715 3486 διὰ
739 3435 828 3486 τὸν
845 3436 1011 3505 τούτῳ
1038 3453 1440 3506 συμπεφυκοτα,
1456 3441 1555 3493 κᾶν
1585 3442 1718 3511 ὑπὲρ

197 3516 341 3582 λεγον
391 3518 533 3583 Θεὸν,
583 3522 715 3591 πρὸς
757 3524 833 3592 τῷ
875 3527 1055 3595 στήθει
1088 3528 1143 3580 δὲ
1207 3530 1297 3580 καὶ
1346 3530 1454 3590 τοῖς
1509 3531 1715 3597 μαζοὶς,

194 3605 334 3669 ὅπως
373 3610 459 3660 καὶ
487 3610 546 3660 τὸ
585 3612 808 3680 ἄσχετον
835 3614 931 3683 τῆς
958 3614 1167 3678 δικαίας
1200 3618 1288 3668 καὶ
1317 3618 1461 3679 θείας
1490 3620 1655 3687 ὀργῆς
1686 3622 1718 3688 ἠ

200 3696 565 3764 ςιλανθρωπία
607 3702 913 3769 συνέχηται,
949 3706 1039 3755 καὶ
1090 3708 1121 3771 ἡ
1152 3708 1246 3766 τὰς
1296 3708 1387 3757 δύο
1418 3709 1716 3775 Διαθήκας,

201 3782 310 3847 ἦτοι
340 3787 460 3843 τοὺς
485 3788 835 3850 Δεσποτιχοὺς
868 3790 1066 3858 μαζοὺς
1096 3792 1351 3855 ζωννῦσα,
1387 3795 1563 3863 δειχθῇ
1590 3796 1719 3863 ἁλή-

201 3869 331 3933 θειτι,
380 3871 443 3921 δι’
491 3868 563 3923 ὧν
589 3876 678 3924 καὶ
717 3877 763 3926 οί
815 3878 987 3928 πιστοὶ
1020 3879 1318 3945 τρέφονται.
1372 3883 1500 3947 Περὶ
1537 3878 1595 3933 οὗ
1632 3884 1720 3934 καὶ

202 3958 425 4027 είρηται·
468 3979 485 4009 ι
528 3962 714 4014 Ἐσται
750 3963 1051 4033 δικαιοσύνῃ
1077 3967 1373 4033 ὲζωσμένος
1409 3969 1505 4037 τὴν
1554 3971 1719 4034 ὀσφὺν

202 4048 379 4109 αὑτοῦ,
428 4051 517 4101 καὶ
568 4051 789 4121 ἀληθεία
837 4053 1153 4121 ἡλειμμένος
1201 4056 1295 4115 τὰς
1348 4056 1575 4124 πλευρὰς
1620 4060 1717 4109 αὐ-

202 4140 303 4189 τοῦ.
343 4159 362 4190 s
396 4142 712 4213 Δικαιοσύνη
733 4144 787 4195 δὲ
812 4146 906 4212 τὴν
933 4146 1119 4211 ὀσφὺν,
1148 4146 1222 4213 τῷ
1256 4148 1326 4215 μὴ
1360 4148 1719 4216 ὑπερδάθμιον

201 4228 289 4294 τῆς
334 4230 552 4299 λογικῆς
579 4233 829 4301 φέρεσθαι
860 4234 1085 4300 φύσεως.
1127 4237 1369 4304 Ἀληθείᾳ
1392 4238 1446 4288 δὲ
1478 4238 1720 4303 ᾑλεῖφθαι

203 4320 289 4377 τὶς
332 4320 569 4388 πλευρὰς
602 4322 729 4373 ὡσεὶ
783 4323 1131 4391 ἐλαίῳιθείῳ,
1177 4326 1251 4392 τῷ
1298 4326 1356 4376 τὸ
1407 4326 1593 4389 ἀληθὲς
1627 4327 1721 4393 τῆς

1816 1933 1982 1986 usque
2010 1920 2072 1970 ad
2094 1919 2316 1972 formam
2342 1923 2501 1983 servi,
2530 1920 2806 1991 laetusque
2824 1935 2901 1978 est
2924 1925 3125 1980 fructus
3139 1930 3333 1981 ventris

1814 2006 1932 2073 ejus
1960 2009 2142 2059 matris
2169 2024 2284 2075 qua:
2316 2011 2564 2077 nuptialis
2605 2013 2818 2065 thalami
2865 2031 3053 2082 expers
3082 2026 3215 2070 erat.
3240 2020 3329 2071 Ait

1812 2084 2020 2160 quoque
2047 2110 2165 2146 eum
2188 2098 2433 2149 vestitum
2480 2098 2643 2151 fuisse
2673 2112 2815 2152 veste
2837 2102 3005 2165 talari,
3027 2112 3078 2155 et
3110 2106 3331 2170 precem--

1812 2190 1954 2233 etum
1986 2182 2048 2233 ad
2087 2183 2345 2235 mamillas
2376 2194 2620 2250 tanquam
2645 2186 2964 2239 sacerdotem
2994 2189 3142 2255 juxta
3186 2192 3331 2242 ordi-

1813 2284 1932 2322 nem
2002 2269 2342 2326 Melcliiscdec
2368 2313 2407 2335 ,η
2444 2288 2548 2325 ιιοιι
2610 2275 2760 2341 juxta
2804 2278 3044 2329 ordinem
3099 2278 3273 2330 Aaron
3313 2297 3326 2331 :

1810 2358 2058 2423 quoniam
2100 2373 2203 2411 non
2239 2372 2319 2412 est
2361 2360 2510 2427 juxta
2560 2362 2686 2413 Mosi
2722 2363 2885 2430 legem
2917 2364 3085 2417 enltus
3128 2367 3215 2432 qui
3265 2367 3331 2417 ab

1812 2446 1924 2513 ipso
1974 2448 2127 2500 nobis
2181 2448 2403 2501 traditus
2455 2458 2555 2510 est,
2606 2450 2763 2519 657
2812 2452 2904 2504 sed
2938 2452 3087 2515 juxta
3138 2468 3328 2505 norum

1810 2534 2051 2588 ordinem
2110 2536 2452 2591 Melchisech
2484 2558 2494 2591 :
2526 2540 2589 2592 de
2632 2556 2738 2605 quo
2792 2543 2948 2592 etiam
3002 2542 3132 2594 dixit
3179 2544 3333 2595 dirus

1810 2626 2002 2681 Paulus
2030 2629 2071 2659 ¹¹
2109 2630 2412 2697 pontificem
2434 2640 2485 2683 et
2513 2632 2806 2697 apostolum
2829 2634 3006 2684 datum
3043 2634 3194 2685 nobis
3216 2648 3334 2686 esse

1813 2716 2111 2782 Christum,
2142 2719 2230 2786 qui
2264 2720 2494 2786 scipsum
2523 2721 2572 2770 in
2609 2721 2930 2773 sacrificium
2954 2722 3250 2780 obtulisset.
3281 2733 3332 2775 et

1812 2805 2198 2859 introduxisset
2225 2807 2288 2859 ad
2323 2807 2485 2859 Deum
2523 2807 2729 2860 Patrem
2763 2824 2823 2861 ac
2855 2808 3106 2876 Spiritum
3144 2822 3334 2864 nostra:

1811 2893 1930 2946 ﬁdei
1966 2894 2370 2947 confessionem.

1882 2980 1946 3033 Et
1974 2985 2304 3049 praecinctum
2332 2985 2399 3036 ad
2423 2984 2700 3038 mamillas.
2731 2984 3075 3039 Praecinctum
3113 2988 3175 3039 ad
3211 3003 3327 3039 ma-

1817 3069 1988 3123 millas
2020 3072 2164 3134 dicit,
2184 3085 2287 3124 non
2324 3082 2497 3125 autem
2535 3072 2599 3125 ad
2621 3074 2865 3126 lumbos:
2899 3076 3021 3140 quia
3047 3090 3213 3140 neque
3243 3076 3330 3126 liic

1817 3161 1985 3213 fertur
2014 3162 2425 3229 appetitionibus
2484 3178 2600 3227 quae
2633 3165 2730 3216 sub
2764 3172 2943 3215 ventre
2990 3174 3328 3229 generantur,

1815 3264 1947 3316 quas
1976 3252 2182 3305 exteris
2209 3252 2513 3304 hominibus
2548 3252 2777 3305 salutare
2809 3263 2887 3304 est
2910 3266 3166 3303 coercere.
3202 3251 3327 3303 Pri--

1816 3349 1991 3407 pterea
2028 3356 2196 3409 neque
2222 3342 2284 3394 ad
2322 3357 2412 3395 eas
2439 3353 2615 3409 partes
2643 3344 2847 3394 cinctus
2873 3353 2951 3395 est
2990 3345 3053 3394 ad
3083 3359 3215 3409 quas
3246 3344 3329 3395 his

1816 3437 1995 3493 pateat
2025 3444 2273 3482 accessus
2309 3469 2321 3491 ,
2356 3444 2419 3482 eo
2449 3431 2589 3497 quod
2624 3432 2759 3483 Deus
2785 3432 2863 3483 bis
2889 3430 3136 3483 incll‘abili
3170 3433 3325 3482 modo

1817 3517 1885 3567 sit
1908 3518 2177 3584 obseptus,
2204 3519 2293 3571 sed
2322 3510 2393 3569 ad.
2419 3530 2599 3585 pectus
2625 3527 2676 3571 et
2695 3520 2976 3581 rnamillas,
3011 3528 3067 3570 ut
3091 3520 3328 3586 benigni-

1818 3609 1899 3654 tas
1920 3611 1973 3653 et
1996 3604 2298 3655 humanitas
2322 3605 2518 3669 justam
2542 3620 2603 3657 ac
2620 3605 2850 3656 divinam
2878 3604 3006 3655 iram
3036 3606 3325 3667 contineat,

1817 3706 1935 3757 qua:
1962 3692 2174 3743 tolerari
2206 3707 2307 3743 non
2339 3702 2516 3759 posset
2541 3711 2552 3743 :
2582 3703 2635 3744 et
2665 3694 2859 3743 veritas
2882 3692 3191 3744 ostendatur
3218 3709 3331 3760 qua:

1817 3778 1922 3829 duo
1946 3779 2107 3845 cingit
2136 3788 2466 3840 testamenta,
2508 3789 2759 3847 tauquam
2790 3781 2995 3832 Domini
3020 3781 3179 3833 ubera
3215 3784 3301 3848 qui
3322 3810 3335 3817 -

1817 3866 1917 3918 bus
1949 3868 2126 3920 tidelcs
2155 3868 2397 3921 aluntur:
2430 3870 2493 3921 de
2512 3884 2615 3936 quo
2642 3871 2794 3921 etiam
2829 3871 3027 3923 dictum
3060 3880 3139 3923 est
3174 3890 3186 3922 :
3218 3889 3233 3919 ι
3277 3873 3336 3921 Iit

1816 3952 1989 4017 cinget
2016 3952 2219 4017 justitia
2246 3954 2452 4005 lumbos
2475 3956 2608 4018 ejus,
2634 3964 2683 4005 et
2714 3956 2904 4007 veritas
2934 3958 3147 4019 iniunget
3170 3959 3331 4008 latera

1815 4039 1931 4104 ejus
1965 4039 2006 4069 ¹¹
2042 4057 2059 4087 ι
2091 4038 2298 4091 Justitia
2345 4041 2554 4105 quidem
2580 4041 2742 4093 lumbi
2777 4044 2930 4095 cincti
2961 4044 3233 4106 dicuntur,
3271 4062 3334 4095 ne

1818 4129 2055 4181 ferantur
2096 4129 2146 4180 in
2182 4144 2458 4181 excessum
2494 4145 2652 4195 supra
2694 4132 2994 4183 rationalem
3038 4143 3277 4183 naturain
3319 4151 3331 4185 :

1820 4219 2037 4269 veritate
2074 4228 2247 4270 autem
2288 4219 2468 4284 juncta
2500 4220 2657 4270 latera
2694 4227 2942 4286 tauquam
2985 4220 3162 4272 divino
3191 4223 3332 4281 oleu,

1819 4324 1881 4359 eo
1909 4310 2048 4374 quod
2085 4312 2276 4361 veritas
2307 4310 2652 4363 humanitatis
2682 4312 2821 4363 circa
2852 4314 3000 4363 suam
3033 4320 3335 4364 creaturam

204 4412 321 4475 περὶ
367 4411 427 4459 τὸ
477 4412 669 4461 οἰκεῖον
719 4412 934 4479 πλάσμα
982 4413 1379 4482 φιλανθρωπίας
1422 4416 1722 4483 παρῤησιά-
1754 4401 1795 4453 D
1825 4399 1988 4453 “bere
2015 4409 2136 4467 alii“
2177 4410 2227 4453 οι
2256 4401 2518 4467 ιοίιυδιυτ·

204 4495 252 4554 ξε
262 4515 326 4547 ιν.

263 4581 473 4644 Ζώνην
518 4582 770 4648 γρυσῆν.
836 4586 1051 4653 Χρυσῆν
1092 4587 1185 4654 τὴν
1240 4587 1409 4655 ζώνην
1446 4589 1570 4655 ὅρα,
1620 4591 1722 4640 τῶν

204 4670 333 4719 κατᾶ
358 4672 449 4719 τὸν
476 4671 630 4737 νόμον
653 4672 1041 4739 ἰερέωννφάρεσι
1072 4675 1492 4740 πεποικιλμένοις
1514 4679 1723 4745 χρωμέ-

203 4774 316 4810 νων.
370 4760 513 4811 Ἔδει
566 4759 671 4827 γὰρ
721 4761 779 4810 τὸ
825 4761 1072 4829 διάτορον
1115 4763 1339 4830 φανῆναι
1396 4765 1590 4817 δούλων
1636 4768 1724 4817 καὶ

206 4846 458 4908 σκιὼὃους
487 4848 645 4916 νόμου
674 4848 764 4902 καὶ
789 4848 885 4915 τῆς
913 4848 1180 4916 ἀληθείας.

284 4938 349 4989 Ἡ
392 4938 461 4990 δὲ
491 4938 718 5005 κεφαλὴ
758 4936 938 4991 αὑτοῦ
978 4937 1071 4989 καὶ
1102 4938 1161 4987 al
1181 4938 1373 5003 τρίχες
1398 4941 1625 4993 λευκαί.
1658 4941 1728 4991 Τὸ

204 5024 301 5089 γὰρ
332 5022 477 5074 κατὰ
500 5025 729 5092 Χριστὸν
756 5025 1063 5093 μυστήριον,
1095 5022 1373 5090 τιμαλφὲς,
1413 5026 1502 5075 καὶ
1539 5029 1585 5077 εἰ
1616 5028 1729 5079 νέον

205 5114 262 5179 τῇ
309 5113 599 5181 ἐπιφανείᾳ
640 5116 735 5167 καὶ
784 5114 847 5165 δι’
898 5115 1073 5183 ἡμᾶς,
1135 5111 1266 5165 ἀλλὰ
1319 5112 1632 5180 προσιώνιον
1664 5119 1727 5183 τῇ

206 5201 439 5268 sufﬁxit}.
471 5202 558 5253 Διὸ
580 5204 670 5252 καὶ
692 5203 893 5264 Παῦλός
926 5219 1056 5271 φησι
1084 5201 1203 5271 περὶ
1235 5200 1392 5253 αὐτοῦ
1413 5218 1426 5230 ’
1459 5218 1477 5250 t
1518 5202 1587 5251 Τὸ
1619 5219 1723 5268 μυ-

208 5293 421 5359 στήριον
451 5290 507 5341 τὸ
535 5292 1010 5361 ἀποκεκρυμμένον
1044 5294 1147 5345 ἀπὸ
1175 5294 1276 5344 τῶν
1302 5290 1524 5355 αἰώνων,
1548 5290 1638 5342 νῦν
1668 5292 1722 5342 δὲ

208 5380 512 5448 φανερωοὲν
556 5384 665 5441 τοῖς
720 5383 889 5448 ἁγίοις
936 5384 1115 5436 αὑτοῦ.
1161 5401 1177 5433 ι
1232 5381 1395 5435 Τοῦτο
1441 5381 1467 5432 ὃ
1503 5381 1535 5448 ἡ
1568 5380 1721 5431 πολιὰ

209 5468 319 5537 θρὶξ
348 5472 446 5521 καὶ
468 5469 593 5519 ὡσεὶ
620 5471 748 5536 χιὼν
780 5471 1148 5541 ὑποσημαίνει.

269 5667 313 5698 ³⁸
356 5665 503 5719 Psal.
531 5678 686 5727 Lxxv,
711 5664 793 5725 42,
826 5664 909 5717 σίζ’).

985 5666 1025 5695 ¹¹
1054 5664 1210 5719 llclir.
1254 5682 1347 5729 nx,
1382 5666 1427 5718 l.
1503 5667 1543 5694 "
1621 5662 1711 5716 Isa.
1747 5677 1816 5721 χι,
1850 5662 1901 5713 5.

1897 4572 2040 4624 Zona
2070 4589 2245 4625 aurea.
2278 4575 2503 4625 Auream
2531 4574 2733 4626 intuere
2763 4589 2968 4633 zonam,
3000 4576 3339 4639 quemadmo-

1826 4662 1948 4713 dum
1971 4661 2160 4727 lcgalcs
2190 4661 2486 4711 sacerdotes
2512 4661 2681 4725 palliis
2709 4662 2986 4711 utebantur
3034 4662 3334 4725 variegatis.

1825 4750 2069 4815 Oportuit
2100 4749 2236 4800 enim
2266 4749 2622 4799 diversitatem
2654 4748 2974 4799 manil'estari
3000 4749 3133 4799 inter
3158 4766 3339 4801 servos

1826 4840 1935 4891 sive
1965 4840 2125 4904 legem
2177 4838 2510 4887 umbratilem
2540 4845 2591 4887 et
2621 4837 2911 4887 veritatem.

1893 4929 2058 4995 Caput
2094 4943 2205 4980 vero
2240 4929 2347 4993 ejus
2388 4938 2431 4979 et
2487 4927 2660 4993 capilli
2705 4928 2823 4978 alba
2861 4938 3025 4980 erant.
3070 4929 3338 4996 Siquidem

1825 5020 2129 5089 mysterium
2163 5020 2213 5070 in
2252 5018 2463 5070 Christo
2522 5027 2789 5085 peractum
2841 5018 3173 5083 Splentliilum
3209 5031 3283 5068 est
3327 5034 3337 5066 :

1825 5120 1877 5161 ct
1896 5125 2199 5176 quanquam
2227 5116 2465 5159 recculer
2495 5107 2796 5175 apparuerit
2820 5118 3032 5173 propter
3063 5124 3175 5169 nus,
3205 5118 3338 5156 atta-

1834 5214 1955 5250 men
1994 5198 2188 5250 decreti
2228 5196 2551 5263 bencplaeito
2592 5196 2691 5247 fuit
2736 5204 3010 5249 aeternum.
3065 5197 3337 5258 l'rupiesea

1825 5302 2036 5354 quoque
2057 5300 2127 5339 ait
2151 5287 2213 5339 de
2232 5289 2342 5353 ipso
2372 5286 2647 5353 Apostolus
2670 5303 2711 5337 ει
2738 5286 3036 5351 Mysterium
3061 5284 3196 5349 quod
3223 5283 3340 5332 alis-

1828 5377 2097 5427 conditum
2122 5376 2218 5427 fuit
2249 5391 2277 5427 a
2306 5374 2529 5435 sarculis,
2572 5390 2709 5425 nunc
2740 5384 2913 5424 autem
2952 5364 3338 5423 manifestatum

1831 5472 1915 5514 est
1948 5466 2146 5515 sanctis
2173 5465 2305 5529 ejus.
2334 5466 2408 5514 ⁸³»
2443 5464 2583 5531 quod
2602 5465 2835 5529 designat
2864 5477 3025 5514 canus
3049 5461 3266 5527 capillus
3292 5468 3342 5511 ct

1834 5552 1887 5602 in
1914 5553 2125 5603 modum
2152 5554 2307 5605 nivis.

1976 5666 2017 5693 ’³
2047 5662 2247 5716 (Inluss.
2284 5682 2318 5719 I.
2345 5666 2428 5715 26.
2463 5644 2467 5649 Ι
