4106 6334
739 301 839 366 519

747 503 979 568 speciem
1014 515 1121 567 prae
1145 515 1202 553 se
1241 501 1470 575 ferentes
1503 502 1554 555 in
1595 504 1810 558 modum
1857 504 2079 558 ﬂammae
2110 523 2122 558 :
2157 506 2277 561 Ideo

740 590 897 642 etiam
923 588 1313 644 dicitChristus
1348 609 1361 643 :
1394 609 1411 641 ι
1443 593 1550 660 Ego
1568 607 1685 646 sum
1707 593 2102 659 lux'uiundi";
2137 615 2153 646 ι
2187 605 2279 649 aut

756 678 1000 729 ardorem
1030 687 1087 731 et
1116 679 1369 732 ultionem
1397 683 1785 737 comniuantes
1818 686 2072 740 adrasus
2097 686 2278 741 Eccle-

740 764 848 817 sias
876 764 940 817 ad
961 781 1092 833 quas
1124 768 1278 819 verba
1305 769 1641 825 revelatiouis
1669 773 2126 838 transmittuntur,
2153 785 2270 828 tan-

741 868 901 920 quam
934 869 1038 906 non
1073 857 1274 923 integre
1307 858 1419 912 suis
1450 858 1654 929 legibus
1679 865 2074 929 respondentes.

807 1028 875 1081 Et
915 1031 1064 1097 pedes
1092 1033 1204 1101 eius
1254 1034 1450 1087 similes
1492 1035 1881 1090 cliuli-clibano;
1924 1036 2277 1091 Animadver-

739 1119 950 1173 tendum
980 1131 1062 1175 est
1090 1123 1270 1177 Jesum
1307 1123 1470 1176 Deum
1500 1134 1552 1179 et
1582 1126 1847 1180 hominem
1873 1128 2032 1195 pedes
2063 1127 2277 1192 habere,

635 1234 643 1242 -
732 1206 886 1272 juxta
939 1210 1177 1262 divinum
1229 1213 1403 1262 virum
1438 1209 1753 1279 Gregorium
1804 1212 1856 1264 in
1912 1213 2272 1274 sermonibus,

739 1298 860 1364 quia
889 1314 1055 1365 neque
1087 1301 1224 1352 nuda
1255 1299 1529 1352 divinitate
1559 1302 1622 1352 ad
1641 1313 1754 1353 'nos
1777 1303 2033 1354 accedere
2083 1303 2278 1369 potuit,

741 1387 834 1438 sed
870 1402 961 1454 per
987 1403 1222 1441 carnem.
1252 1385 1417 1456 658
1446 1387 1612 1442 Porro
1644 1388 1822 1441 divina
1868 1399 2054 1442 natura
2086 1390 2281 1457 signiti-

740 1485 891 1526 cntur
949 1489 1042 1542 per
1070 1475 1518 1538 chalcolibanum,
1551 1476 1691 1542 quod
1748 1488 1871 1528 vere
1901 1475 2014 1528 auri
2040 1476 2271 1543 speciem

746 1563 924 1623 habet,
986 1571 1039 1614 et
1091 1546 1304 1630 propter
1334 1562 1679 1616 sonoritatem
1734 1561 2123 1629 prmdicationis
2164 1577 2282 1630 quae

744 1648 1055 1714 suscipitur.
1089 1647 1192 1700 Per
1214 1648 1373 1716 pedes
1394 1657 1574 1702 autem
1604 1647 1824 1712 Christi,
1853 1657 1905 1702 et
1935 1647 2280 1704 fundamenta

1543 301 1859 362 ARETii/E
1898 304 2268 364 C/‘ESAREIE
2305 305 2774 365 (ἈΡΡΑΒΟΟΙίΕ
2804 305 3132 365 EPISCOPI

811 411 962 467 Oculi
997 425 1110 463 vero
1137 405 1296 478 ipsius
1326 419 1567 479 tauquam
1597 412 1808 480 ﬂamma
1850 415 1998 483 ignis.
2023 415 2127 468 Aut
2156 416 2287 469 lucis
2317 422 2362 478 Α

3804 306 3912 368 530

2467 415 2563 480 Ὦς
2605 417 2760 483 φλὸξ
2792 415 2859 466 δὲ
2897 393 3082 481 πυρὸς·
3107 414 3160 466 οί
3206 413 3491 480 ὀφθαλμοί
3521 413 3725 467 αὑτοῦ.
3757 415 3824 465 Ἦ
3857 414 3920 464 τὸ

2383 507 2664 572 φωτοειδὲς
2716 503 3145 572 παραδηλοῦντες
3189 501 3372 570 ὥσπερ
3400 504 3434 569 ἡ
3480 501 3607 569 φλὸξ
3641 501 3738 569 (διδ
3770 503 3865 554 καὶ
3892 503 3920 554 6

2383 596 2608 664 Χριστός
2639 611 2799 663 φησιν
2820 610 2834 623 ο
2873 609 2893 643 ι
2950 593 3087 659 Ἐγὼ
3119 593 3232 660 είμι
3259 591 3319 643 τὸ
3349 591 3462 659 φῶς
3496 589 3588 643 τοῦ
3623 588 3913 658 κόσμου)·›

2384 683 2414 752 ἦ
2460 683 2519 735 τὸ
2577 682 2863 735 καυστικόν
2903 698 2960 734 τε
3026 683 3118 734 καὶ
3166 681 3523 750 τιμωρητικὸν
3577 680 3924 741 ἀπειλοῦντες

2383 769 2522 822 κατά
2562 769 2670 821 τῶν
2726 769 3076 837 Ἐκκλησιῶν,
3130 764 3217 829 αἷς
3263 768 3332 821 τά
3362 765 3458 833 τῆς
3507 767 3924 835 Ἀποκαλύψεως

2384 859 2762 928 διαπέμπεται,
2817 859 2890 921 ὡς
2928 860 2988 910 οὐ
3019 858 3195 912 τέλεον
3229 858 3342 920 τοῖς
3379 855 3540 909 αὐτοῦ
3570 857 3748 925 νόμοις
3790 859 3925 909 axo-

2384 949 2714 1012 λουθούσαις.

2451 1038 2557 1091 Καὶ
2583 1040 2636 1093 οι
2665 1038 2844 1103 «ideo
2868 1038 3071 1101 αὐτοῦ,
3097 1037 3280 1104 ὅμοιοι
3299 1035 3724 1104 χαλκολιϐάνῳ.
3750 1036 3925 1098 Πόδας

2384 1127 2572 1196 έχοντα
2615 1129 2704 1181 τὸν
2752 1128 3093 1198 θεάνορωπον
3140 1125 3344 1193 Ἰησοῦν
3367 1127 3662 1178 ἀκουστέον
3696 1125 3926 1178 ἀκολού-

2385 1218 2490 1277 θως
2525 1218 2602 1284 τῷ
2649 1217 2776 1285 θείῳ
2810 1218 2918 1269 τῶν
2946 1218 3117 1284 λόγων
3155 1216 3305 1284 ἀνδρὶ
3339 1215 3634 1284 Γρηγορίῳ,
3667 1215 3746 1266 ὅτι
3785 1213 3926 1284 μηδὲ

2385 1309 2563 1375 γυμνῇ
2592 1308 2656 1375 τῇ
2691 1306 2900 1372 θεότητι
2947 1309 3076 1374 ἡμῖν
3114 1305 3476 1374 ἐπεδήμησεν,
3521 1305 3654 1356 ἀλλά
3678 1303 3761 1356 διὰ
3787 1320 3929 1372 σαρ-

2385 1395 2498 1456 κός.
2526 1393 2624 1446 Διά
2648 1396 2744 1462 μὲν
2769 1397 2860 1448 τοῦ
2878 1395 3074 1462 χαλκοῦ
3092 1396 3431 1467 χρυσοειδοῦς
3463 1397 3626 1458 ὄντως
3656 1397 3749 1463 τῆς
3771 1393 3927 1456 θείας

2387 1483 2597 1550 φύσεως
2647 1483 2994 1553 δηλουμένης,
3048 1488 3142 1538 καὶ
3167 1485 3253 1538 διὰ
3299 1487 3359 1537 τὸ
3387 1486 3660 1556 ἠχητικδν,
3688 1483 3780 1537 τοῦ
3821 1501 3929 1553 κη-

2389 1572 2665 1642 ρύγματος
2709 1574 3195 1643 ἐπιλαμϐανομένου.
3249 1576 3417 1637 Πόδας
3458 1577 3512 1627 δὲ
3561 1575 3654 1627 τοῦ
3689 1573 3928 1645 Χριστοῦ

2389 1664 2481 1715 καὶ
2510 1661 2782 1731 θεμελίους
2811 1665 2908 1730 τῆς
2951 1664 3289 1733 Ἐκκλησίας,
3322 1667 3413 1718 καὶ
3442 1666 3564 1727 τοὺς
3595 1665 3764 1726 θείους
3791 1666 3931 1717 ἁπο-

745 1735 992 1790 Ecclesiae.
1019 1747 1072 1789 et
1099 1737 1259 1790 divini
1306 1739 1532 1807 apostoli
1565 1737 1859 1806 accipiendi
1905 1748 2047 1803 sunt,
2101 1740 2195 1808 qui
2231 1749 2281 1794 et
2309 1754 2355 1813 Β

2390 1752 2605 1814 στόλους
2658 1751 2967 1820 ὲκληπτέον,
3019 1754 3285 1820 καθαροὺς
3341 1753 3436 1821 μὲν
3477 1755 3565 1806 καὶ
3613 1755 3804 1815 αὐτοὺς
3847 1754 3930 1821 τῷ

746 1827 844 1891 ipsi
872 1827 987 1894 puri
1014 1827 1215 1880 ostensi
1245 1837 1369 1879 sunt
1396 1828 1514 1897 igne
1537 1827 1958 1892 tribulationum,
1981 1843 2284 1897 quanquam

745 1930 850 1966 non
872 1923 1054 1967 exacte
1079 1916 1123 1969 si
1145 1915 1210 1968 ad
1235 1915 1728 1970 lmnccouferantur
1751 1935 1765 1969 :
1794 1916 1886 1970 sed
1908 1925 2084 1971 tamen
2109 1932 2286 1984 quem-

745 2001 1047 2054 admodum.
1086 2002 1338 2070 magister
1404 2018 1590 2056 eorum
1661 2003 1905 2060 Christus
1984 2004 2285 2059 Judteorum

744 2091 1097 2154 contumacia,
1140 2091 1211 2143 ita
1239 2098 1292 2144 et
1326 2091 1376 2143 hi
1411 2091 1648 2160 gentium
1684 2091 1959 2147 ferocitate
1988 2094 2068 2146 sui
2088 2092 2274 2160 explo-

747 2179 1005 2232 rationem
1037 2189 1288 2248 tanquam
1320 2195 1414 2249 per
1441 2181 1614 2251 ignem
1643 2181 2099 2236 demonstrarunt.
2127 2181 2282 2247 Quod

747 2279 922 2322 autem
949 2278 1001 2322 et
1026 2270 1268 2324 Christus
1297 2273 1366 2323 sit
1400 2271 1799 2326 fundamentum
1823 2274 1976 2326 dirus
2001 2273 2287 2342 Apostolus

747 2359 940 2412 asserit
965 2359 1203 2412 scribens
1233 2359 1298 2410 ad
1334 2358 1662 2421 Corinthios,
1703 2361 1805 2414 fide
1827 2361 2020 2430 dignus
2048 2364 2143 2430 qui
2187 2378 2287 2418 suo

752 2461 998 2499 sermone
1029 2445 1184 2498 ﬁdem
1225 2447 1299 2501 rei
1331 2445 1488 2499 faciat
1518 2466 1560 2500 ιι
1598 2437 2053 2521 Fundamentum,
2096 2451 2285 2519 inquit,

752 2533 896 2586 aliud
936 2548 1089 2586 nemo
1127 2542 1292 2601 potest
1314 2549 1508 2601 ponere
1555 2545 1747 2604 praeter
1769 2538 1819 2591 id
1873 2541 2011 2606 quod
2054 2541 2287 2606 positum

753 2630 852 2685 est,
881 2621 1020 2688 quod
1053 2631 1134 2675 est
1163 2622 1505 2678 Christum":
1533 2623 1968 2680 Chalcolibanum
1994 2642 2117 2680 vero
2137 2628 2286 2693 dicit,

754 2712 864 2765 sive
895 2711 945 2763 in
974 2721 1150 2766 monte
1183 2711 1384 2766 Libano
1417 2712 1766 2769 fabrefactum
1805 2733 1815 2768 :
1850 2717 2278 2786 quandoquidem

756 2801 880 2853 huic
908 2802 1236 2854 assiniilatur
1277 2803 1324 2858 is
1357 2803 1445 2872 qui
1479 2805 1784 2860 incarnatus
1814 2816 1931 2859 est:
1985 2807 2095 2860 sive
2127 2808 2286 2862 etiant

753 2891 1120 2960 intelligendus
1136 2903 1216 2946 cst
1235 2895 1444 2948 libanus
1466 2898 1586 2952 teris
1605 2899 1834 2966 speciem
1860 2899 2080 2961 habens,
2122 2914 2282 2968 quem

753 2982 944 3034 medici
963 2984 1260 3057 innasculum
1302 2985 1586 3053 appellant,
1611 2986 1698 3052 qui
1719 2994 1770 3040 et
1793 2987 1903 3054 ipse
1931 2988 2034 3057 igni
2063 2987 2285 3043 adsimi-

2386 1841 2520 1907 πυρὶ
2551 1839 2657 1891 τῶν
2694 1841 3012 1909 πειρασμῶν
3041 1841 3425 1908 ἀναφανέντας,
3465 1843 3511 1892 εί
3545 1844 3634 1892 καὶ
3668 1841 3768 1910 πρὸ
3795 1841 3927 1894 τού-

2385 1945 2480 1980 του
2507 1929 2759 1997 μετρίως.
2816 1928 2948 1981 Ἀλλ’
2988 1927 3171 1997 ὥσπερ
3203 1931 3230 1980 6
3259 1929 3567 1991 διδάσκαλος
3597 1930 3824 1998 Χριστὸς
3858 1931 3927 1998 τῇ

2384 2017 2490 2070 τῶν
2555 2019 2815 2071 Ἰουδαίων
2858 2019 3126 2088 ἀπειθείᾳ,
3168 2018 3306 2070 οὕτω
3357 2021 3447 2071 καὶ
3496 2019 3644 2072 αὐτοὶ
3698 2021 3766 2087 τῇ
3813 2019 3930 2071 τῶν

2384 2108 2549 2161 ἐθνῶν
2584 2110 2860 2178 ἀγριότητι
2913 2109 2973 2160 τὸ
3014 2109 3251 2177 δοκίμιον
3302 2110 3506 2161 ἑαυτῖιν
3531 2109 3604 2170 ὡς
3634 2109 3718 2161 διὰ
3756 2109 3931 2177 πυρὸς

2384 2199 2799 2268 ἐπιδεδειγμένοι
2842 2199 2998 2251 εἰσίν.
3028 2198 3147 2251 Ὀτι
3191 2199 3246 2252 δὲ
3297 2199 3387 2250 καὶ
3425 2200 3452 2250 6
3495 2199 3718 2268 Χριστὸς
3755 2199 3927 2266 θεμέ-

2384 2289 2521 2352 λιος,
2570 2288 2868 2357 Κορινθίοις
2909 2289 2938 2340 6
2982 2287 3120 2350 θεῖος
3161 2287 3380 2355 γράφων
3408 2286 3633 2352 Παῦλος,
3671 2288 3934 2356 ἐχέγγυος

2382 2377 2459 2446 τῷ
2490 2378 2629 2447 λόγῳ
2668 2378 3056 2440 πιστώσασθαι,
3091 2379 3123 2426 ἰ
3163 2378 3440 2445 Θεμέλιον,
3477 2377 3717 2445 φάσκων,
3770 2375 3934 2428 ἄλλον

2382 2455 2555 2528 οὐδεὶς
2602 2467 2818 2519 δύναται
2871 2467 3042 2518 θεῖναι
3089 2467 3235 2536 παρὰ
3281 2467 3369 2518 τὸν
3418 2467 3686 2534 κείμενον,
3719 2467 3775 2528 ὅς
3811 2469 3935 2518 ἔστι

2386 2557 2632 2623 Χριστός.
2696 2575 2713 2605 ι
2754 2556 3144 2608 Χαλκολίϐανον
3175 2556 3252 2619 δὲ,
3285 2558 3390 2608 εἴτε
3422 2555 3509 2608 τδν
3537 2558 3592 2608 ἐν
3620 2554 3694 2624 τῷ
3715 2555 3936 2622 Λιῦἁνῳ

2387 2646 2464 2715 τῷ
2495 2645 2607 2714 ὄρει
2656 2646 3130 2712 μεταλλευόμενον,
3164 2647 3345 2714 ἐπειδὴ
3375 2646 3544 2711 τούτῳ
3577 2644 3935 2712 ἀφωμοίωται

2387 2740 2414 2792 6
2442 2738 2879 2808 ὲνανθρωπήσας,
2932 2738 3117 2804 φησὶν,
3148 2737 3255 2788 εἴτε
3295 2737 3388 2788 καὶ
3417 2737 3506 2788 τὴν
3533 2736 3811 2805 χαλκοειδῆ
3850 2735 3936 2786 λί-

2388 2826 2544 2880 ϐανον
2585 2830 2819 2896 νοητέον,
2868 2827 2926 2878 ὃν
2962 2825 3155 2894 ἰατρῶν
3196 2826 3380 2886 παῖδες
3419 2826 3616 2894 ἄρρενα
3652 2821 3933 2885 καλοῦσιν,

2387 2917 2597 2980 εὐώδεις
2639 2919 2727 2969 καὶ
2763 2917 2921 2970 αὐτὸν
2953 2917 3082 2986 πυρὶ
3127 2915 3407 2986 ὁμιλοῦντα
3442 2913 3643 2983 ἀτμοὺς
3678 2911 3937 2981 ἀποπέμ-

2388 3026 2572 3062 ποντα.
2621 3008 2728 3061 Καὶ
2784 3008 2864 3060 ὅτι
2914 3006 3131 3069 εὐώδεις
3170 3007 3260 3058 καὶ
3309 3006 3535 3076 Χριστὸς
3565 3005 3658 3056 καὶ
3689 3006 3734 3055 οί
3767 3001 3938 3054 αὑτοῦ

763 3072 1328 3140 lis,sulfumigatioucs
1356 3075 1536 3127 suavis
1578 3077 1771 3130 emittit
1800 3077 2002 3133 odoris.
2033 3078 2097 3132 Et
2133 3065 2280 3149 quod
2312 3077 2356 3138 Ο

2394 3100 2523 3152 θεῖα.
2576 3098 2877 3160 ἀπόστολοι,
2926 3101 2960 3166 ὴ
3011 3100 3067 3149 ὲν
3113 3065 3374 3166 ν’ᾼσμασιΙ
3406 3095 3608 3164 Νῦμφη
3655 3093 3939 3159 ἀξιόλογος

753 3163 932 3214 suavis
957 3178 1167 3229 quoque
1193 3164 1374 3218 odoris
1398 3165 1468 3219 sit
1509 3165 1756 3220 Christus
1797 3169 2068 3237 divinique
2112 3171 2280 3239 ipsius

754 3251 1011 3314 Apostoli,
1052 3265 1245 3316 sponsa
1308 3254 1359 3303 in
1395 3254 1626 3307 Canticis
1668 3254 1824 3322 digna
1866 3264 1944 3309 est
1979 3273 2098 3323 quae
2137 3258 2293 3310 fidem

758 3335 914 3383 iaciat
940 3350 952 3387 :
983 3352 998 3381 ς
1028 3332 1191 3397 Odor,
1222 3339 1863 3402 inquit,vestimentorum
1893 3352 2104 3395 tuorum
2131 3359 2294 3412 super

757 3421 932 3471 omnia
964 3435 1198 3475 aromata
1230 3424 1294 3485 “,
1334 3442 1351 3472 ι
1388 3436 1441 3476 et
1490 3427 1601 3492 ipse
1647 3426 1889 3496 Sponsus
1942 3432 2185 3485 Christus
2229 3433 2294 3485 de

757 3505 932 3571 scipso
979 3507 1210 3574 loquitur
1243 3510 1306 3560 ad
1347 3509 1607 3577 Sponsam
1643 3530 1656 3565 :
1693 3532 1711 3563 ι
1751 3515 1859 3584 Ego
1887 3515 1984 3569 ﬂos
2017 3521 2189 3586 campi
2244 3531 2291 3573 et

759 3593 924 3643 lilium
952 3596 1268 3646 convallium
1293 3597 1356 3651 ’⁷.
1390 3616 1408 3647 ι
1434 3599 1495 3650 Et
1522 3601 1592 3652 ita
1614 3601 1827 3669 quidem
1847 3603 2111 3659 Chrisms.
2131 3608 2292 3661 l‘orro

759 3680 1157 3749 suarisqnoque
1180 3681 1477 3751 fragrantia:
1508 3697 1634 3740 sunt
1665 3689 1832 3757 ipsius
1860 3696 2084 3760 apostoli
2122 3712 2134 3748 :
2171 3698 2289 3750 ideo

759 3779 917 3822 υιιιιιιι
952 3773 1022 3823 ait
1053 3771 1265 3837 Paulus,
1303 3793 1321 3825 ι
1356 3776 1554 3830 Christi
1585 3780 1718 3831 bona
1782 3778 2070 3852 fragrantia
2106 3802 2291 3843 ulmus

763 3862 811 3912 iu
841 3861 923 3917 his
954 3863 1041 3930 qui
1068 3864 1198 3916 salvi
1218 3866 1348 3918 ίίιιιιι
1370 3878 1422 3920 et
1451 3868 1502 3920 in
1520 3869 1600 3923 his
1628 3871 1715 3939 qui
1739 3873 2067 3940 pereuut'h
2107 3873 2292 3932 Merito

758 3962 932 4004 autem
971 3968 1150 4006 vocem
1181 3955 1298 4022 ejus
1335 3958 1387 4009 in
1429 3963 1645 4013 modum
1693 3976 1955 4030 aquarum
2000 3967 2287 4022 multarum

761 4043 888 4095 dicit
920 4058 1166 4097 resonare
1195 4062 1208 4111 ;
1242 4048 1501 4114 siquidem
1535 4055 1836 4108 communis
1863 4063 1944 4110 est
1975 4056 2142 4123 ipsius
2179 4072 2280 4111 vox

762 4142 812 4184 et
842 4134 1059 4201 spiritus
1089 4153 1101 4185 :
1137 4150 1199 4187 ex
1230 4137 1385 4202 cujus
1422 4141 1726 4204 operatione
1758 4141 1977 4197 ﬂumina
2010 4146 2075 4198 de
2106 4155 2289 4199 ventre

763 4223 878 4286 ejus
914 4221 1200 4284 ﬂuxerunt,
1236 4221 1388 4286 juxta
1436 4227 1803 4293 propheticum
1833 4245 2157 4297 sermonem,
2194 4253 2211 4284 ι
2242 4248 2294 4289 et

769 4309 886 4361 fons
914 4308 976 4360 de
1003 4309 1163 4361 domo
1203 4309 1413 4362 Domini
1441 4315 1762 4380 egredietur,
1792 4331 1855 4370 ac
1894 4318 2137 4388 irrigabit
2181 4333 2292 4376 tor-

767 4403 966 4447 rentem
997 4397 1308 4461 juncorum.
1338 4398 1412 4447 ³⁸»
1452 4398 1583 4462 Quis
1622 4411 1799 4457 autent
1822 4408 2063 4476 ambigat
2088 4411 2153 4464 ad
2190 4412 2291 4467 hoc

770 4483 985 4536 domum
1020 4485 1107 4537 Dei
1130 4501 1219 4539 eos
1239 4488 1536 4554 appellatos
1559 4506 1700 4556 esse,
1732 4498 1819 4563 qui
1849 4512 1966 4552 sese
1985 4501 2140 4570 digne
2159 4519 2293 4572 prte-

772 4588 1023 4641 pararunt
1048 4577 1110 4629 ad
1139 4579 1359 4646 spiritus
1375 4585 1757 4652 operationem,
1781 4598 1831 4641 et
1854 4590 1943 4657 qui
1962 4592 2120 4645 etiam
2145 4593 2293 4647 dixe-

772 4675 1022 4717 runtses‘e
1043 4681 1159 4719 esse
1179 4670 1370 4737 templa
1391 4670 1476 4723 Dei
1508 4683 1558 4726 et
1593 4678 1825 4730 membra
1857 4679 1922 4733 de
1954 4684 2195 4737 membro
2219 4685 2298 4736 "1'

770 4753 1001 4819 pt‘OfL‘ClO
1056 4772 1158 4808 non
1218 4762 1354 4813 alius
1409 4779 1566 4830 quant
1605 4768 1693 4835 qui
1733 4768 1910 4824 divina
1953 4772 2064 4826 htec
2121 4785 2172 4828 et
2222 4792 2298 4828 ra-

772 4842 988 4893 tionalia
1025 4847 1214 4912 templa
1255 4862 1444 4915 sponte
1479 4855 1824 4922 ignoraret-it.
1873 4860 1934 4914 Et
1982 4866 2103 4930 quis
2140 4865 2288 4918 clari-

772 4940 931 4983 tatem
968 4934 1083 4985 soni
1125 4943 1321 4990 terram
1343 4952 1501 4994 totam
1524 4951 1858 5015 pervagantis
1900 4953 2088 5018 poterit
2113 4965 2307 5022 asper-'

772 5025 906 5084 uari,
929 5025 1027 5077 nisi
1047 5027 1089 5078 is
1111 5025 1333 5084 fortasse
1351 5037 1438 5100 qui
1469 5037 1518 5087 in
1544 5043 1701 5106 [porci
1751 5058 1951 5096 morem
1997 5045 2297 5110 spirituales

2396 3191 2756 3258 παραστῆσαι,
2794 3206 2811 3237 ι
2863 3187 3053 3255 Ὀσμὴ.
3088 3186 3383 3252 φάσκουσα,
3414 3183 3639 3251 ἱματίων
3665 3197 3758 3234 σου
3791 3180 3939 3249 ὑπὲρ

2395 3281 2568 3331 πάντα
2592 3280 2656 3331 τὰ
2686 3277 2964 3345 ἀρώματα.
3003 3295 3020 3325 ι
3063 3275 3167 3326 Καὶ
3197 3275 3356 3336 αὐτὸς
3386 3276 3412 3324 6
3439 3272 3684 3340 Νυμφίος
3703 3270 3938 3338 Χριστὸς

2397 3369 2524 3435 πρὸς
2551 3365 2648 3435 τὴν
2676 3366 2908 3433 Νύμφην
2934 3364 3055 3431 περὶ
3094 3363 3282 3414 ἑαυτοῦ
3306 3363 3476 3427 λέγων
3495 3377 3506 3390 ·
3546 3380 3567 3411 ο
3612 3359 3937 3426 Ἐγὼ-ἂνεσς

2393 3454 2484 3506 τοῦ
2521 3456 2699 3506 πεδίου
2746 3456 2837 3505 καὶ
2886 3452 3065 3520 κρίνον
3096 3451 3201 3503 τῶν
3257 3450 3531 3503 κοιλάδωγ.
3575 3469 3595 3499 υ
3637 3447 3744 3499 Καὶ
3791 3446 3940 3499 οὕτω

2397 3544 2492 3612 μὲν
2524 3545 2550 3594 6
2579 3543 2827 3611 Χριστός.
2863 3541 3091 3604 Εὺώδεις
3118 3541 3172 3593 δὲ
3207 3540 3300 3591 καὶ
3337 3540 3385 3588 οί
3415 3537 3598 3591 τούτου
3624 3536 3938 3589 ἀπόστολοι.

2393 3632 2483 3684 Διὸ
2526 3633 2615 3683 καὶ
2647 3635 2838 3698 φάσκει
2872 3630 3103 3692 Παῦλος·
3140 3648 3157 3681 ι
3195 3627 3426 3696 Χριστοῦ
3455 3625 3648 3680 εὐωδία
3678 3625 3843 3695 ἐσμὲν
3881 3628 3940 3678 ἐν

2391 3723 2501 3784 τοῖς
2547 3720 2862 3788 σωζομένοις
2906 3719 2997 3771 καὶ
3054 3716 3456 3786 ἀπολλυμένοις.
3493 3733 3512 3768 ι
3583 3715 3668 3777 '0;
3726 3716 3932 3770 ὐδάτωι

2391 3809 2448 3863 δὶ
2501 3811 2706 3862 πολλῶν
2739 3808 3065 3880 ἀπηχεῖσθαι
3115 3809 3212 3880 τὴν
3271 3808 3451 3879 φωνὴν
3496 3808 3718 3870 εἰκότως
3752 3810 3936 3877 ἶφησί.

2390 3902 2556 3970 Κοινὴ
2587 3903 2694 3969 γὰρ
2722 3902 2754 3971 ἡ
2787 3900 2936 3971 φωνὴ
2959 3900 3119 3953 αὐτοῦ
3152 3899 3245 3953 καὶ
3269 3898 3360 3951 τοῦ
3392 3896 3724 3970 ιινιύματος,
3753 3898 3848 3965 ἀφ’
3873 3891 3938 3949 οὗ

2390 3992 2485 4057 τῆς
2533 3993 2806 4059 ἐνεργείας
2843 4009 2861 4041 ι
2893 3991 2986 4044 καὶ
3037 3990 3264 4057 ποταμοὶ
3296 3991 3357 4041 ὲκ
3389 3988 3487 4055 τῆς
3529 3987 3733 4049 κοιλίας
3764 3985 3938 4038 αὐτοῦ

2390 4081 2671 4150 ἔρρωσαν,
2729 4099 2748 4130 ι
2800 4079 2938 4131 κατά
2985 4078 3076 4129 τὸν
3124 4077 3451 4145 προφητικὸν
3493 4076 3664 4142 λόγον.
3731 4094 3748 4125 ι
3820 4076 3939 4128 Καὶ

2393 4169 2539 4237 πηγὴ
2584 4167 2641 4230 ἐξ
2677 4171 2824 4220 οίχου
2873 4168 3076 4236 Κυρίου
3120 4167 3446 4230 ἐξελεύσεται
3500 4167 3588 4218 καὶ
3625 4169 3799 4219 ποτιεῖ
3845 4173 3940 4219 τὸν

2394 4260 2718 4328 χειμάρρουν
2751 4258 2858 4309 τῶν
2904 4258 3203 4332 σχοίνων..)
3241 4251 3396 4308 Οἶκον
3441 4255 3496 4308 δὲ
3531 4256 3685 4316 Θεοῦ,
3715 4255 3796 4317 τίς
3829 4257 3940 4326 ἀμ-

2401 4347 2611 4414 φιὸἀλοι
2658 4346 2732 4415 μὴ
2779 4348 2902 4408 τοὺς
2952 4344 3113 4410 ἀξίως
3155 4347 3255 4414 τῆς
3303 4344 3395 4396 τοῦ
3444 4344 3586 4397 θείου
3621 4345 3941 4415 Πνεῦματος

2399 4437 2671 4505 ἐνεργείας
2726 4437 2949 4498 ’ἑαυτοὺς
3002 4437 3504 4506 παρεσκευακότας,
3581 4437 3686 4489 ὑπὸ
3737 4437 3938 4491 τούτου

2402 4525 2665 4595 εἰρῆσθαι,
2695 4524 2742 4589 οἳ
2778 4528 2867 4578 καὶ
2897 4526 3173 4595 εἰρήκασιν
3197 4527 3414 4588 ἑαυτοὺς
3453 4522 3587 4580 εἶναι
3612 4529 3766 4588 ναοὺς
3799 4526 3941 4580 Θεοῦ

2402 4616 2494 4668 καὶ
2525 4617 2655 4685 μέλη
2703 4619 2762 4668 ἐκ
2793 4618 3019 4686 μέρους;
3064 4619 3175 4669 Οὺκ
3204 4617 3357 4680 ἀλλος
3389 4620 3485 4686 μὲν
3509 4617 3618 4679 οῦν,
3648 4619 3678 4686 ἡ
3707 4619 3732 4669 6
3764 4617 3943 4671 ταῦτα

2401 4704 2466 4754 τὰ
2493 4704 2605 4755 θεῖα
2637 4705 2728 4756 καὶ
2758 4705 2877 4773 ίερὰ
2900 4704 3064 4772 Λόγια
3097 4705 3361 4776 ἀγνοήσας
3405 4706 3561 4758 ἑκών.
3591 4705 3697 4759 Καὶ
3727 4706 3786 4758 τὸ
3817 4707 3941 4758 δια-

2405 4792 2626 4860 πρύσιον
2673 4792 2726 4844 δὲ
2758 4793 2851 4861 τῆς
2899 4795 2975 4856 εἰς
3014 4794 3186 4844 πᾶσαν
3231 4794 3328 4861 τὴν
3363 4792 3463 4862 γῆν
3501 4795 3825 4864 ἀπηχήσεως
3858 4797 3944 4858 τίς

2403 4879 2667 4947 ἀθετήσει,
2694 4882 2739 4931 εί
2773 4881 2846 4948 μή
2876 4897 2973 4931 που
3002 4879 3028 4930 6
3058 4878 3312 4948 χοιρώδης
3343 4881 3436 4933 καὶ
3473 4881 3499 4930 6
3523 4882 3937 4951 τάςπνευμαῑι-

2403 4970 2500 5030 κάς
2540 4970 2633 5024 καὶ
2685 4969 2832 5030 θείας
2875 4968 3163 5036 ἐλλάμψεις
3219 4968 3482 5038 αίσθητῶς
3509 4972 3750 5026 ἀπαιτῶν
3783 4975 3942 5044 ἐνερ-

2403 5059 2639 5123 γεῖσθαι;

771 5130 832 5165 ac
874 5113 1080 5167 divinas
1105 5116 1488 5190 illuswationcs
1517 5132 1836 5184 sensibiliter
1879 5133 1987 5185 lieri
2017 5137 2288 5200 postulat?
2386 5200 2391 5205 ,

842 5201 904 5254 Et
925 5204 1137 5254 habebat
1161 5206 1209 5256 iu
1231 5209 1438 5262 dextera
1461 5230 1553 5265 sua
1576 5230 1760 5284 septem
1776 5221 2295 5290 stellasllassclttem

774 5293 956 5346 stellas
1001 5293 1086 5345 hic
1119 5296 1229 5362 ipse
1259 5295 1309 5348 iu
1348 5315 1628 5369 progressu
1660 5319 1858 5375 septem
1894 5313 2108 5380 angelos
2138 5313 2299 5365 inter-

843 5489 886 5516 “
915 5487 1065 5540 Joan.
1132 5507 1248 5553 rm,
1281 5497 1362 5549 l2.

776 5555 858 5606 “'1
889 5559 1007 5609 Cor.
1036 5575 1130 5623 xu,
1161 5564 1248 5614 ‘27.

2474 5233 2575 5284 Kal
2626 5232 2779 5298 ἔχων
2826 5233 2893 5283 ἐν
2940 5230 3013 5298 τῇ
3057 5229 3219 5300 δεξιᾷ
3267 5234 3412 5301 χειρί
3460 5234 3639 5288 αὑτοῦ
3681 5234 3945 5300 ἀστέρας

2403 5321 2568 5375 ἑπτά.
2621 5323 2754 5384 Τοὺς
2798 5323 2934 5373 ἑπτὰ
2979 5322 3189 5387 τούτους
3232 5327 3459 5394 ἀστέρας
3489 5326 3746 5394 ἀγγέλους
3777 5324 3945 5385 αὐτὸς

1439 5501 1480 5529 ’⁵
1519 5499 1557 5550 ll
1591 5501 1710 5555 (lor.
1748 5522 1822 5573 ιιι,
1868 5508 1949 5563 Η.
1993 5510 2035 5539 ’⁸
2075 5510 2228 5563 Cant.
2269 5526 2334 5577 IV,
2369 5513 2420 5566 2.
2453 5519 2490 5547 ’7
2522 5517 2674 5571 Cant.
2709 5535 2766 5584 11,
2809 5519 2892 5573 15.
2970 5525 3010 5554 ⁹⁸
3045 5523 3084 5575 ll
3127 5525 3249 5577 (lor.
3285 5541 3339 5589 ll,
3383 5527 3456 5576 l5.
3535 5518 3822 5581 "JUL‘LIN.
3851 5521 3931 5571 ιά-
