4106 6334
273 332 375 393 529

1277 326 1641 385 COMMENT.
1684 324 1757 380 IN
1799 321 2294 379 APOCALYPSIN.

3258 300 3358 359 530

272 444 365 494 τοῦ
391 441 637 507 πειράσαι
662 438 751 489 καὶ
782 437 901 498 τοὺς
925 435 1370 503 ψευδαποστόλους
1408 435 1499 484 καὶ
1534 433 1626 499 τὴν
1662 431 1766 483 τῶν
1794 437 1835 489 Α
1865 448 1893 481 ιι

1733 452 1766 483 ιν
1794 437 1835 489 Α
1865 447 1965 483 una
2006 445 2121 482 eum
2156 444 2217 480 eo
2266 427 2404 495 quod
2437 434 2488 478 et
2546 418 2977 492 pseudaposmlos
3010 412 3280 466 tvulawril
3309 418 3354 458 ι’(

275 528 596 581 Νικολαϊτῶν
638 524 1024 591 αἰσχρουργίαν.
1084 521 1381 589 Ἐμέμψατο
1425 521 1477 570 δὲ
1534 520 1622 570 καί⁵
1670 519 1765 584 τῆς

273 618 405 683 πρὸς
426 618 544 675 τοὺς
570 616 784 681 πλησίον
811 612 1063 679 χορηγίας
1086 611 1180 676 τὴν
1207 609 1503 675 ὀλιγωρίαν,
1536 609 1598 675 ἢν
1621 607 1766 666 αὖθις

272 702 691 755 ἀνακαλέσασθαι
742 700 1075 765 ἐπισκήπτει,
1129 697 1208 747 Τὰ
1261 696 1475 763 πρῶτα,
1530 696 1766 759 φάσκων,

273 792 407 856 ἔργα
435 790 647 855 ποίησον
676 790 731 838 ὲν
777 784 1098 852 δικαιοσύνῃ.
1129 783 1200 834 Οὑ
1245 784 1348 849 γάρ
1391 799 1456 849 με
1496 782 1765 841 λανθάνει,

273 880 452 945 φησὶν,
482 876 599 928 οὔτε
624 877 689 927 τὰ
718 872 903 942 πρῶτά
932 886 1019 922 σου
1048 871 1150 921 τῶν
1176 870 1415 937 πράξεων
1437 870 1624 933 ἀγαθά,
1647 868 1765 920 οὔτε

270 965 352 1015 ὅτι
380 966 473 1031 τὴν
497 965 575 1023 εις
613 963 732 1021 τοὺς
765 958 1039 1024 δεομένους
1087 956 1297 1022 ἀγάπην
1335 956 1608 1021 ὲνέκοψας.
1648 957 1766 1006 Ἐπ-

276 1050 462 1101 ἁνελθε
493 1044 582 1100 οὖν
614 1045 910 1112 διδαχθεῖσα
940 1042 1085 1106 παρὰ
1116 1039 1245 1107 ἐμοῦ
1264 1042 1345 1091 ὅτι
1373 1040 1660 1104 ἐνέλειψας.

346 1135 611 1201 Ἔρχομαι
651 1148 745 1185 σοι
776 1135 939 1196 ταχύ.
984 1131 1074 1189 Τὸ,
1113 1130 1413 1193 Ἔρχομαι,
1452 1128 1511 1176 οὑ
1542 1131 1767 1191 μεταϐα-

268 1226 425 1288 τικὴν
471 1223 615 1290 δηλοῖ
657 1220 861 1287 κίνησιν
905 1221 993 1272 τοῦ
1034 1221 1203 1271 πάντα
1250 1216 1569 1284 πληροῦντος
1614 1215 1764 1274 Θεοῦ,

268 1309 405 1360 ἀλλὰ
446 1308 541 1374 τὴν
593 1308 653 1357 ὲκ
701 1306 960 1372 ῥᾳθυμίας
994 1305 1123 1371 πρὸς
1172 1302 1379 1352 κόλασιν
1425 1300 1765 1364 ἐπιστροφήν.

270 1396 495 1461 Κίνησις
548 1394 601 1445 δὲ
655 1393 967 1458 Ἐκκλησίας
1013 1394 1045 1457 ἡ
1095 1392 1189 1457 τῆς
1229 1388 1372 1448 θείας
1420 1386 1629 1455 χάριτός
1661 1388 1769 1435 ἐστι

266 1482 560 1548 γύμνωσις,
619 1479 683 1531 δι’
732 1481 796 1545 ἣν
848 1481 901 1529 ὲν
942 1478 1080 1544 σάλῳ
1119 1478 1206 1527 καὶ
1247 1476 1467 1527 κλύδωνι
1517 1474 1619 1525 ὑπὸ
1668 1474 1770 1523 τῶν

269 1568 517 1636 πονηρῶν
556 1567 868 1633 πνευμάτων
900 1566 990 1617 καὶ
1016 1564 1118 1613 τῶν
1167 1562 1565 1627 ὑπουργούντων
1596 1560 1772 1618 αὐτοῖς

270 1655 477 1722 μιαρῶν
512 1653 809 1721 ἀνθρώπων·
840 1652 913 1719 (7)
971 1652 1169 1716 γίνεται
1195 1661 1210 1677 ⁸
1241 1648 1375 1701 ὥστε
1420 1651 1539 1708 τοὺς
1576 1646 1769 1712 ταύτην

270 1740 690 1808 συγκροτοῦντας
744 1739 1048 1806 ἀνθρώπους
1089 1738 1259 1801 λέγειν
1286 1736 1364 1793 τὸ,
1411 1753 1429 1784 ι
1477 1733 1769 1801 Ἐταράχθη

267 1831 326 1879 ἐν
352 1832 503 1897 θυμῷ
541 1832 567 1881 6
598 1829 859 1896 ὀφθαλμός
907 1842 1037 1895 μουο
1080 1846 1095 1876 ι
1130 1826 1237 1886 καὶ,
1277 1843 1295 1873 ι
1347 1825 1406 1874 ’Π
1438 1823 1623 1888 καρδία
1673 1837 1769 1887 μου

264 1918 538 1985 ἐταράχθη
567 1921 622 1967 ἐν
650 1917 788 1983 ὲμοί.
822 1934 840 1965 ι

352 2005 529 2055 ’.ἀλλὰ
560 2004 747 2063 τοῦτο,
798 2004 973 2069 φησὶν,
1011 2001 1160 2065 ἔχεις
1191 2000 1273 2050 ὅτι
1303 1998 1485 2064 μισεῖς
1530 1994 1597 2046 τὰ
1637 1998 1771 2060 ἔργα

265 2090 387 2141 τῶν
430 2088 796 2151 Νικολαϊτῶν,
848 2088 1041 2155 μεταξὺ
1070 2088 1174 2137 τῶν
1210 2084 1460 2150 λυπηρῶν
1487 2083 1645 2142 τιθεὶς
1686 2083 1771 2131 καὶ

264 2177 337 2225 τὰ
388 2175 517 2243 πρὸς
562 2176 813 2241 εὐθυμίαν
850 2168 1061 2239 άὴοντα,
1093 2175 1175 2223 ἵνα
1211 2172 1282 2239 μὴ
1331 2174 1394 2239 τῇ
1420 2170 1771 2236 περισσοτέρᾳ

264 2263 412 2329 λύπῃ
459 2264 723 2329 καταποθῇ
766 2263 830 2312 τὰ
877 2264 969 2327 τῆς
1006 2260 1337 2326 Ἐκκλησίας.
1368 2261 1528 2325 Φησὶν
1554 2254 1663 2319 οὖν,
1694 2259 1769 2308 ὅτι

266 2349 537 2415 Μετανοία
579 2365 633 2398 σε
684 2350 1078 2415 εὐεπιχείρητον
1125 2345 1527 2411 καταλαμϐάνω,
1582 2344 1671 2409 ἀφ’
1701 2338 1771 2393 ὧν

267 2434 557 2503 σύνδρομον
606 2436 707 2500 ἔχω
744 2453 798 2486 σε
833 2434 925 2486 τοῦ
974 2436 1154 2502 μίσους
1207 2452 1303 2500 μου
1347 2433 1436 2483 τοῦ
1488 2434 1610 2499 περὶ
1654 2432 1772 2491 τοὺς

262 2521 603 2580 Νικολαῒτας.
657 2516 810 2571 Οὗτοι
860 2522 913 2571 δὲ
956 2524 1401 2589 παρονομάζονται
1458 2522 1559 2572 ἀπὸ
1615 2522 1771 2571 Νικο-

262 2608 398 2659 λάου
444 2609 557 2669 ἑνὸς
611 2610 713 2659 τῶν
767 2610 898 2659 ἑπτὰ
943 2610 1209 2660 διακόνων.
1241 2610 1342 2659 Καὶ
1380 2608 1516 2667 τίνες
1546 2608 1597 2657 δὲ
1641 2603 1774 2673 ἦσαν

262 2696 368 2760 τὴν
408 2697 800 2762 αἰσχρουργίαν,
837 2696 1137 2760 Ἐπιψανίου
1168 2696 1255 2745 τοῦ
1296 2697 1356 2745 ὲκ
1382 2694 1597 2760 Κύπρου
1635 2694 1771 2743 θείου

262 2782 457 2847 ἀνδρὸς
488 2784 518 2847 ἡ
547 2784 651 2831 τῶν
684 2784 1010 2847 Παναρείων
1040 2782 1197 2832 αὑτοῦ
1233 2782 1399 2848 βίϐλος
1437 2781 1673 2843 δηλώσει.
1708 2809 1772 2818 -

266 2871 521 2931 ’Λλλωςο
554 2870 772 2937 Κίνησιν
814 2871 1025 2935 λυχνίας
1057 2870 1223 2929 τινὲς,
1271 2871 1361 2919 καὶ
1395 2872 1479 2917 τὸν
1512 2868 1772 2933 ἱερατικὸν

1862 517 2228 570 Nicolaitarum
2271 512 2664 566 obscenitatem.
2695 510 2920 560 Accusat
2968 513 3139 555 autem
3203 496 3362 559 negli-

1863 608 2085 675 gentiam
2113 605 2162 655 in
2194 600 2499 654 insumendo
2534 607 2588 650 ut
2614 592 2861 665 proximis
2890 587 3183 644 necessaria
3242 598 3361 648 sup-

1864 698 2176 765 peditentur,
2208 693 2342 759 quod
2374 704 2583 742 rursum
2613 688 2763 754 jubet
2791 682 3045 737 revocari.
3067 678 3256 735 Prima,
3286 676 3364 723 iu-

1864 762 1995 854 qnit,
2026 797 2179 848 opera
2228 780 2307 832 fac
2362 779 2410 830 in
2460 775 2684 843 justitia.
2730 771 2908 838 Neque
2960 768 3097 821 enim
3160 779 3242 816 me
3286 762 3363 813 la-

1865 880 1990 927 tent,
2020 870 2204 936 inquit,
2233 879 2320 919 aut
2351 865 2514 932 prima
2547 872 2751 915 tuarum
2781 858 3050 911 actionum
3083 854 3240 911 bona,
3276 857 3365 900 aut

1865 958 2001 1026 quod
2035 956 2340 1007 ebaritatem
2367 968 2483 1020 erga
2546 949 2835 1016 indigentes
2878 942 3222 996 contraxeris.
3259 937 3363 989 Re-

1865 1054 2063 1097 vertere
2092 1043 2265 1110 igitur,
2300 1054 2459 1105 quum
2490 1053 2517 1090 a
2549 1051 2629 1089 me
2657 1032 2900 1087 didiceris
2920 1041 2968 1082 te
2988 1028 3261 1080 defecisse.

1946 1131 2143 1182 Veniam
2166 1130 2252 1179 tibi
2269 1130 2385 1178 cito.
2406 1126 2551 1189 Quod
2576 1125 2679 1175 ait:
2708 1122 2937 1179 Veniant,
2962 1127 3064 1168 non
3085 1113 3365 1181 progressi-

1866 1234 1985 1269 vum
2017 1218 2492 1281 signilieatmetum
2532 1210 2621 1261 Dei
2675 1209 2760 1274 qui
2821 1206 2991 1256 omnia
3037 1202 3217 1266 replet,
3274 1199 3364 1248 sed

1868 1305 2259 1358 conversionem
2288 1302 2347 1351 ad
2384 1298 2631 1351 socordize
2672 1296 2943 1346 ultionem.
2982 1290 3152 1340 Motus
3186 1295 3359 1336 autem

1870 1391 2115 1444 Ecclesire
2156 1401 2233 1441 est
2283 1406 2310 1441 a
2360 1390 2532 1440 dit-ina
2583 1387 2743 1454 gratia
2801 1380 3099 1437 denudatio,
3158 1386 3365 1443 propter

1869 1496 2023 1548 quam
2048 1481 2097 1531 in
2126 1480 2233 1532 salo
2259 1494 2317 1530 ac
2348 1474 2897 1541 undarumjactatione
2917 1485 2944 1520 a
2968 1466 3237 1533 Spirilibus
3257 1479 3364 1512 nta-

1872 1570 1933 1619 lis
1960 1577 2010 1619 et
2044 1566 2311 1619 hominum
2344 1566 2406 1615 iis
2453 1560 2848 1628 obsequentium
2885 1557 3134 1623 pravitate
3173 1549 3365 1602 consti-

1871 1654 2062 1705 tuitur:
2094 1652 2222 1703 adeo
2245 1661 2297 1701 ut
2325 1649 2558 1700 homines
2585 1648 2671 1714 qui
2698 1645 2930 1712 ejusdem
2965 1639 3120 1693 sortis
3135 1653 3250 1688 cum
3272 1635 3367 1684 hac

1870 1749 1985 1791 sunt
2019 1737 2270 1799 Eoi-Iesia,
2297 1736 2471 1787 dicant
2502 1749 2516 1784 :
2544 1733 2923 1785 «Conturbatus
2955 1738 3035 1779 est
3067 1727 3115 1776 in
3151 1725 3224 1774 ira
3245 1737 3368 1771 ocu-

1870 1825 1949 1877 lus
1976 1839 2119 1877 meus
2141 1824 2216 1885 ";
2253 1842 2268 1871 ι
2323 1831 2393 1881 ct,
2419 1823 2545 1873 «Cor
2576 1835 2744 1872 meum
2797 1816 3158 1869 conturbatum
3195 1820 3273 1861 est
3318 1808 3366 1857 in

1869 1926 1949 1962 me
1978 1913 2039 1962 ⁸ο.
2082 1928 2099 1958 ι

1937 1998 2033 2050 Sed
2061 2000 2150 2049 hoc
2178 1998 2329 2047 habet
2355 1997 2486 2062 quod
2511 1995 2663 2046 οιίίδιὶ
2693 1996 2830 2059 facta
2854 1991 3251 2043 Nicolaitarum.
3283 1986 3367 2036 ln-

1870 2096 1944 2137 tcr
1976 2087 2140 2137 tristia
2170 2086 2316 2153 ponit
2350 2085 2503 2135 etiam
2531 2097 2589 2134 ea
2622 2097 2737 2148 qua:
2765 2078 3175 2132 consolationem
3202 2076 3368 2125 addu-

1867 2182 2010 2231 cunt,
2038 2187 2102 2223 ne
2119 2172 2479 2223 abundantiori
2506 2170 2715 2220 tristitia
2743 2167 3089 2219 absorbeatur
3111 2161 3366 2214 Ecclesia.

1869 2262 1952 2312 Ait
1979 2276 2101 2328 ergo
2134 2279 2145 2313 :
2184 2260 2281 2313 Per
2315 2259 2679 2326 pmuitentiam
2718 2272 2811 2323 ego
2840 2255 2991 2307 facile
3019 2262 3067 2305 te
3098 2248 3367 2315 recipiam.

1869 2364 1931 2402 eo
1950 2350 2089 2416 quod
2120 2360 2166 2402 te
2188 2349 2310 2400 mihi
2334 2348 2652 2399 conformem
2707 2347 2921 2396 habeam
2951 2344 3000 2393 in
3029 2342 3148 2394 odio
3176 2340 3367 2391 adver-

1871 2450 1960 2487 sus
1990 2434 2289 2488 Nicolaitas.
2323 2432 2381 2483 lli
2417 2443 2589 2485 autem
2627 2444 2913 2498 cognomen
2947 2428 3209 2493 accipiunt
3235 2441 3263 2478 a
3288 2426 3367 2477 Ni-

1871 2523 2040 2585 colao,
2069 2536 2173 2574 uno
2206 2538 2267 2576 ex
2300 2533 2493 2587 septem
2543 2518 2870 2572 diaconibus.
2928 2516 3151 2579 Quinam
3200 2524 3370 2565 autem

1872 2614 2066 2666 fuerint
2098 2624 2148 2664 et
2182 2626 2361 2662 corum
2393 2610 2761 2661 obscwnitates
2795 2608 2925 2658 liber
2954 2606 3209 2656 Panarion
3258 2605 3373 2669 Epi-

1872 2700 2047 2766 phanii
2082 2700 2241 2751 divini
2278 2714 2336 2747 ex
2368 2698 2537 2761 Cypro
2560 2697 2655 2745 viri
2685 2693 3368 2756 manifestat.-—Al_iomodo.

1872 2788 2061 2839 Motum
2086 2785 2380 2838 candelabri
2439 2782 2761 2846 interpretati
2814 2795 3022 2846 quoque
3073 2790 3196 2831 sunt
3240 2794 3371 2830 non-

1872 2875 1997 2925 nulli
2027 2872 2395 2925 sacerdotalom
2424 2870 2692 2935 Ephesium
2724 2868 2967 2918 Ecclesia:
3004 2868 3200 2927 sedem,
3234 2867 3373 2933 quod

259 2956 369 3019 τῆς
412 2956 624 3020 Ἐφέσου
672 2956 851 3023 θρόνον
899 2957 1178 3019 ὑπέλαϐον,
1227 2956 1769 3007 Κωνσταντινουπόλει
1800 2968 1838 3023 C
1874 2962 1880 3012 i

1536 2956 1769 3007 νουπόλει
1800 2968 1838 3023 c
1874 2962 2036 3027 ipsius
2064 2960 2365 3026 dignitatem
2398 2956 2667 3009 traliderit
2688 2953 3157 3018 Constantinopoli.

261 3041 336 3090 τὰ
374 3042 621 3107 πρεσσεῖα
652 3042 847 3106 ἑαυτῆς
876 3042 1139 3093 ἐπιδοῦσα.

357 3129 410 3177 ὐ
443 3128 589 3193 ἔχων
622 3126 727 3192 οὖς
750 3130 1072 3181 ἀκουσάτω.
1123 3131 1380 3197 Σαρκικὺν
1423 3132 1510 3192 οῦς
1546 3136 1643 3192 πᾶς
1688 3134 1775 3184 ἄν-

260 3217 481 3283 θρωπος
536 3217 676 3283 ἔχει,
737 3220 1089 3283 πνευματικὸν
1143 3219 1196 3269 δὲ
1250 3221 1276 3267 6
1341 3220 1772 3285 θεοφορούμενος,

258 3307 402 3371 ὅπερ
442 3304 514 3368 τῷ
569 3305 755 3371 Ἡσαΐᾳ.
819 3306 1181 3371 προστέθειται
1230 3306 1320 3355 καὶ
1377 3305 1449 3371 τῷ
1499 3307 1772 3371 θεοπάτορι

261 3391 431 3441 Δαυῒδ
467 3392 683 3457 εὑὴκοον
732 3391 1006 3455 γενέσθαι.
1062 3392 1149 3457 ἀφ’
1204 3386 1263 3443 οῦ
1313 3394 1402 3442 καὶ
1454 3393 1773 3459 εὐχαρίστως

258 3479 628 3545 διατιθέμενος
687 3480 919 3545 μελῳδεῖ,
966 3500 980 3528 ι
1016 3482 1102 3539 Εἰς
1136 3481 1295 3546 ἀκοὴν
1326 3480 1480 3531 ὠτίου
1512 3482 1773 3547 ὑπήκουσὲ

265 3582 398 3630 μου,
436 3567 627 3615 »οἱονεὶ
655 3560 731 3625 οἷς
767 3568 897 3631 ἀκοὴ
940 3567 996 3616 τὸ
1044 3567 1309 3617 ἐπαινετὸν
1353 3568 1521 3633 φέρει,
1564 3567 1773 3626 τούτους

261 3652 445 3715 κάμοῦ
481 3654 564 3701 τὸν
596 3652 748 3700 πόθον
771 3651 1171 3717 άφωμοιὼσατο.
1196 3652 1265 3702 Τὸ
1296 3652 1509 3717 Πνεῦμα
1529 3652 1581 3701 δὲ
1612 3653 1771 3702 ταῦτα

259 3735 446 3796 λέγειν
495 3738 675 3801 φησιν,
717 3738 747 3800 ἦ
799 3738 874 3785 ὅτι
920 3738 1287 3802 πνευματικῶς
1331 3738 1601 3802 ἐνηργεῖτο
1639 3754 1771 3804 παρ-

263 3823 431 3872 ιστῶν
468 3823 532 3871 τὰ
579 3823 673 3887 τῆς
714 3823 1109 3887 Ἀποκαλύψεως
1134 3840 1147 3852 ·
1188 3824 1218 3889 ἦ
1254 3823 1469 3887 Πνεῦμα
1508 3825 1594 3872 τὸν
1642 3826 1769 3889 Χρι-

261 3909 392 3958 στόν
419 3925 543 3975 φησι
578 3910 706 3960 καθά
735 3912 845 3960 ἐστι
880 3912 967 3960 καὶ
996 3915 1187 3960 νοεῖται
1219 3912 1363 3973 Θεὸς,
1388 3910 1566 3977 ὥσπερ
1590 3912 1772 3978 ἀμέλει

262 3999 365 4048 καὶ
387 3999 504 4058 Υίὸς
527 3998 803 4065 ἀνθρώπου
827 4002 1161 4067 χρηματίζει,
1190 4001 1317 4051 καθό
1338 4003 1478 4050 ἐστιν
1502 4001 1773 4067 ἅνθρωπος

260 4086 362 4136 καὶ
387 4088 597 4135 νοεῖται.
634 4087 737 4135 Καὶ
776 4087 854 4136 ὅτι
885 4087 1097 4150 Πνεῦμα
1132 4088 1342 4152 λέγεται
1376 4086 1401 4135 6
1434 4088 1581 4149 Θεὸς,
1611 4088 1770 4137 αὑτοῦ

258 4174 361 4225 τοῦ
398 4173 624 4237 Χριστοῦ
672 4175 799 4239 πρὸς
828 4178 921 4242 τὴν
952 4176 1264 4242 Σαμαρεῖτιν
1293 4176 1583 4241 παριστῶσι
1609 4176 1768 4240 λόγοι,

265 4280 285 4309 ε
327 4261 557 4326 Πνεῦμα,
596 4280 612 4309 ι
650 4262 1005 4326 ἀγορεύοντος,
1026 4263 1052 4310 6
1073 4280 1089 4310 ι
1118 4263 1264 4324 Θεὸς,
1290 4265 1376 4313 καὶ
1401 4263 1519 4321 τοὺς
1547 4279 1775 4329 προσκυο

258 4346 483 4405 νοῦντας
525 4346 682 4395 αὑτὸν
724 4350 779 4396 ὲν
825 4348 1083 4413 πνεύματι
1112 4352 1200 4398 καὶ
1226 4349 1465 4415 ἀληθείᾳ,
1506 4367 1523 4395 ι
1574 4349 1664 4398 καὶ
1704 4348 1769 4401 τὰ

258 4434 411 4499 ἑξῆς.
443 4434 545 4483 Καὶ
570 4433 620 4482 τί
650 4433 707 4484 τὺ
734 4433 945 4499 Πνεῦμα
974 4435 1149 4499 λέγεις

342 4598 422 4661 Τῷ
465 4598 691 4650 νικῶντι
739 4601 901 4652 δώσω
937 4604 1137 4667 φαγεῖν
1177 4605 1243 4655 ἐκ
1287 4607 1385 4656 τοῦ
1439 4606 1620 4665 ξύλου
1674 4606 1777 4670 τῆς

258 4682 431 4747 ζωῆς.
448 4713 511 4721 -
524 4686 782 4743 Νικῶντι,
803 4687 889 4736 τὸν
906 4688 1031 4754 πρὸς
1056 4690 1174 4746 τοὺς
1192 4688 1439 4753 δαίμονας
1462 4691 1579 4740 πολε
1590 4709 1704 4757 μον,
1721 4694 1775 4752 ὃς

255 4769 351 4817 διὰ
369 4770 473 4819 τῶν
494 4773 778 4836 συμφύτων
798 4776 920 4839 ἡμῖν
943 4775 1119 4824 παθῶν
1149 4776 1547 4841 ἀνερεθίζεσθαι
1568 4779 1772 4832 εἴωθεν.

256 4855 428 4904 Ξύλον
456 4857 509 4906 δὲ
536 4858 675 4924 ζωῆς
694 4860 767 4924 (8)
785 4863 1069 4927 τροπικῶς,
1090 4865 1147 4911 τὸ
1164 4866 1217 4912 ἐν
1243 4865 1385 4929 μέσῳ
1406 4864 1494 4914 τοῦ
1517 4867 1773 4932 ΙΙαριδεί-

262 4955 383 4999 σου,
416 4942 506 4990 καὶ
544 4945 861 5009 Παράδεισον
889 4949 982 5013 τὴν
1014 4952 1277 5017 μακαρίαν
1307 4954 1391 5001 καὶ
1426 4954 1770 5014 αίωνίζουσαν

257 5021 738 5109 ἐκληπτέονζωὴν,
770 5033 823 5079 εν
910 5035 1089 5099 σοφίας
1116 5036 1333 5100 ἄφθονος
1360 5036 1527 5101 χύσις.
1554 5041 1677 5104 περὶ
1705 5038 1769 5109 ἦς

258 5107 357 5157 καὶ
374 5106 613 5173 Σολομῶν
631 5128 757 5177 φησι
777 5129 787 5139 ·
825 5134 841 5163 ι
864 5118 1024 5169 Ξύλον
1048 5120 1185 5188 ζωῆς
1214 5122 1325 5169 ἐστι
1351 5124 1455 5181 τοῖς
1482 5106 1768 5191 ἀντεχομέ-

330 5254 395 5330 "ﬂ
415 5252 551 5330 Psal.
581 5273 703 5321 xxx,
742 5260 821 5313 ll).
896 5266 936 5294 ³⁸
972 5266 1107 5319 l’sal.
1145 5284 1244 5330 Liv,
1286 5269 1335 5321 5.

263 5338 340 5383 tv,
367 5321 454 5372 24.

338 5444 414 5519 (7)
455 5452 598 5521 ΥιιΙέ.
634 5455 729 5505 ὑπὸ
760 5459 859 5509 τῶν
890 5460 980 5525 τῆς
1020 5468 1263 5530 πονηρίας
1298 5466 1598 5532 ἀνθριῖωων.

1441 5273 1478 5299 ⁶¹
1530 5273 1625 5324 Iszt.
1676 5290 1722 5335 I.,
1771 5278 1961 5343 iSqu.

1944 3130 2040 3191 Qui
2066 3129 2211 3179 liabet
2259 3143 2431 3179 ain-em
2470 3126 2667 3177 audiat.
2705 3124 2939 3189 Quisque
2993 3122 3147 3174 homo
3195 3136 3373 3172 aurem

1875 3220 2028 3271 habet
2050 3216 2667 3280 carnalem,spiritualem
2695 3228 2813 3265 vero
2839 3213 2882 3265 is
2911 3212 2997 3279 qui
3030 3211 3205 3263 divino
3232 3210 3374 3260 allia-

1877 3312 1961 3355 tur
2002 3302 2222 3368 Spiritu,
2255 3318 2370 3366 quae
2400 3302 2544 3352 Isaia:
2588 3300 2810 3351 "addita
2838 3307 2918 3350 est
2950 3298 3143 3362 Deique
3194 3312 3376 3362 proge-

1874 3395 2028 3446 uitori
2083 3392 2351 3453 Davidi“,
2411 3404 2467 3443 ut
2517 3392 2762 3443 obediens
2812 3400 2967 3442 esset.
3029 3390 3172 3442 Unde
3221 3390 3376 3440 etiam

1874 3491 2020 3547 grato
2046 3482 2220 3533 animo
2246 3480 2484 3540 aﬂectus,
2527 3482 2745 3531 dulciter
2771 3482 2909 3531 canit
2941 3498 2951 3529 :
2991 3498 3006 3525 ι
3037 3480 3110 3529 Ad
3142 3480 3375 3529 auditum

1874 3567 2017 3618 auris
2044 3568 2322 3619 obsecutus
2344 3576 2423 3617 est
2460 3566 2584 3617 mihi
2614 3567 2655 3595 ⁵³
2684 3582 2695 3614 :
2727 3585 2742 3613 ι
2772 3569 2869 3617 hoc
2922 3573 3000 3616 est
3034 3566 3082 3615 in
3132 3566 3212 3615 his
3246 3564 3380 3615 unde

1873 3654 2082 3705 auditus
2102 3653 2199 3705 fert
2220 3655 2413 3720 aliquid
2438 3654 2710 3712 laudabile,
2747 3654 2809 3704 ad
2844 3669 3012 3703 meum
3043 3652 3261 3703 accessit
3293 3652 3377 3701 tle-

1873 3739 2141 3791 siderium.
2167 3740 2283 3791 llme
2319 3750 2490 3789 autem
2524 3741 2595 3789 ait
2625 3739 2870 3803 Spiritqu
2911 3740 3101 3797 dieere,
3127 3745 3215 3787 aut
3241 3735 3377 3801 quod

1872 3826 2214 3889 spiritualiter
2276 3826 2607 3889 operabatur,
2660 3826 3027 3874 demonstrans
3092 3838 3207 3889 qua:
3259 3833 3381 3872 sunt

1873 3912 2028 3977 hujus
2059 3911 2404 3970 revelatiouis,
2440 3910 2594 3977 665
2645 3921 2728 3959 aut
2767 3909 3014 3975 Spiritum
3059 3910 3183 3960 dicit
3224 3910 3378 3959 Chri~

1875 4008 2033 4060 stum,
2068 4009 2325 4064 quatenus
2362 4007 2439 4049 est
2471 4008 2521 4049 et
2550 3998 2851 4063 intelligitur
2916 3999 3070 4060 Deus,
3129 3998 3381 4063 quemad-

1875 4087 2086 4138 modum
2120 4101 2293 4137 revera
2328 4101 2536 4152 quoque
2593 4085 2755 4137 Filius
2781 4085 3004 4136 hominis
3067 4086 3377 4150 appellatur,

1875 4182 2137 4239 quatenus
2182 4182 2352 4225 estet
2405 4174 2713 4241 intelligitur
2768 4175 2942 4224 homo.
2999 4171 3145 4234 Quod
3206 4182 3378 4221 autem

1878 4260 2105 4325 Spiritus
2134 4261 2336 4313 dicatur
2369 4261 2520 4322 Deus,
2556 4263 2719 4327 ipsius
2757 4261 2949 4314 Christi
2999 4262 3062 4313 ad
3096 4261 3384 4311 Samarita-

1876 4361 1995 4397 nam
2051 4348 2203 4397 verba
2256 4349 2636 4407 demonstrant,
2690 4349 2949 4400 dicentis:
2984 4367 3000 4396 ι
3043 4348 3265 4413 Spiritus
3303 4358 3383 4397 est

1878 4433 2031 4491 Deus,
2062 4440 2115 4480 et
2140 4446 2229 4483 eos
2266 4434 2355 4498 qui
2383 4436 2603 4484 adorant
2636 4450 2777 4493 eum,
2808 4436 2857 4484 in
2880 4435 3065 4498 spiritu
3088 4441 3139 4484 et
3164 4435 3382 4487 veritate

1875 4523 2078 4581 oportet
2104 4517 2325 4567 adorare
2348 4519 2410 4567 ".
2440 4536 2455 4564 ι
2486 4520 2545 4568 Et
2568 4520 2692 4583 quid
2706 4529 2788 4570 est
2812 4519 2945 4583 quod
2967 4520 3092 4570 dicit
3120 4520 3384 4583 Spiritus?

1957 4602 2179 4655 Vincenti
2227 4605 2355 4656 dabo
2401 4608 2541 4661 edere
2578 4608 2638 4656 de
2671 4606 2802 4672 ligno
2842 4608 2973 4658 vitm.
3038 4606 3274 4658 Vincenti
3331 4609 3382 4658 in

1878 4692 2008 4741 bello
2038 4694 2173 4757 quod
2204 4695 2453 4747 adversus
2484 4696 2744 4747 dremones
2774 4698 2987 4759 geritur,
3022 4696 3157 4762 quod
3189 4711 3277 4762 per
3309 4697 3385 4745 in-

1876 4779 2003 4830 sitos
2030 4777 2178 4827 nobis
2205 4776 2416 4827 allectus
2447 4777 2659 4827 excitari
2694 4778 2841 4827 solet.
2876 4776 3093 4842 Lignum
3121 4791 3240 4827 vero
3269 4780 3380 4823 vita:

1874 4868 2117 4933 quodest
2158 4866 2207 4918 in
2242 4866 2417 4929 medio
2449 4866 2697 4932 paradisi,
2744 4882 2803 4917 ac
2846 4865 3143 4931 paradisum
3186 4861 3379 4924 trepiee

1874 4954 2038 5021 accipi
2073 4963 2276 5018 oportet
2306 4954 2508 5004 beatam
2544 4970 2603 5005 ac
2635 4970 2663 5017 p
2685 4965 2929 5018 'rpetuatu
2980 4953 3154 5008 vitam,
3197 4948 3245 4996 in
3278 4959 3378 5008 qua

1870 5050 1950 5091 est
1983 5043 2252 5093 abundans
2286 5042 2550 5107 sapientiie
2588 5040 2794 5091 dilfusio
2828 5058 2839 5090 ;
2870 5040 2933 5088 de
2972 5050 3071 5101 qua
3125 5032 3277 5081 etiam
3311 5029 3382 5078 ait

1872 5129 2122 5181 Solomon
2168 5148 2178 5181 :
2218 5148 2233 5179 ι
2270 5130 2487 5195 Lignum
2514 5130 2628 5180 vita:
2666 5138 2746 5179 est
2777 5128 2839 5178 iis
2865 5125 2951 5191 qui
3000 5119 3380 5183 amplectuntur

2039 5280 2079 5307 ⁸³
2126 5278 2260 5329 Psal.
2295 5294 2469 5337 xutx,
2498 5279 2547 5327 4.
2640 5273 2842 5323 5"-l‘sal.
2881 5285 3001 5329 wn,
3050 5267 3120 5319 25,
3152 5267 3191 5297 ⁸⁸
3222 5265 3374 5319 Joau.

1938 5469 2006 5533 (δέ)
2042 5466 2225 5517 VUL’L‘HI
2260 5468 2392 5531 ζωὴ,
2423 5470 2612 5518 omittit
2652 5469 2787 5533 Vitis.
