4106 6334
256 335 350 398 5'37

1287 337 1662 398 COMMENT.
1705 336 1782 396 IN
1819 336 2043 394 APOCA
2053 338 2334 398 LYPSIN.

3295 347 3402 408 538

254 443 486 510 Πνεῦμα
507 441 665 510 λέγει
683 443 809 509 ταῖς
842 444 1237 511 Ἐπκλησιάιςο
1264 443 1343 506 Τῷ
1358 444 1588 496 νικῶντι
1604 444 1773 495 δώσω
1802 452 1825 503 Α

1872 443 2006 494 dabo
2033 445 2178 495 edere
2201 460 2266 496 ea:
2291 461 2479 498 manna
2506 449 2826 510 abscondito,
2857 459 2905 504 et
2935 453 3068 504 dabo
3090 454 3186 519 ipsi
3223 454 3399 506 calcu-

252 532 403 596 αὐτῷ
421 534 540 586 ἀπὸ
560 533 663 585 τοῦ
679 534 874 602 μάννα
895 536 996 587 τοῦ
1015 534 1416 601 κεκρυμμένου
1439 550 1453 562 ·
1479 535 1574 584 καὶ
1605 532 1773 585 δώσω

251 621 405 685 αὐτῷ
429 622 634 690 ψῆφον
653 624 899 690 λευκὴν,
939 627 1035 678 καὶ
1073 626 1170 677 ἐπὶ
1214 626 1325 689 τὴν
1355 624 1560 690 ψῆφον
1592 624 1776 689 ὄνομα

253 712 460 765 καινὸν
475 714 898 782 τετραμμένον,
931 714 961 767 ὃ
981 714 1175 778 οὐδεὶς
1201 710 1359 766 οἶδεν
1385 714 1434 765 εὶ
1467 713 1552 779 μὴ
1580 715 1612 765 ό
1634 717 1778 778 λαμ-

253 802 464 854 ὅὰνων.

316 885 384 940 Ὦ
406 890 570 958 βάθος
601 891 831 944 πλούτου
860 891 955 943 καὶ
979 891 1312 959 άταθότητος
1353 891 1517 944 Θεοῦι
1563 891 1642 941 ὃτι
1661 890 1776 942 ’καὶ

253 979 306 1031 ἐν
335 981 402 1046 τῇ
431 978 629 1048 ἀπειλῇ
654 980 689 1048 ή
731 977 1124 1046 φιλανθρωπία.
1162 979 1456 1046 Πολεμήσω
1483 980 1611 1046 γὰρ,
1663 995 1764 1044 φη-

254 1070 350 1130 σὶν,
380 1068 441 1120 οὐ
489 1069 627 1137 μετὰ
656 1068 772 1132 σοῦ,
804 1068 938 1119 ἀλλὰ
986 1069 1119 1134 μετὰ
1165 1068 1270 1120 τῶν
1301 1069 1630 1119 Νικολαϊτῶν
1667 1067 1774 1118 τῶν

251 1157 537 1209 νοσούντων
564 1157 627 1209 τὰ
652 1156 839 1208 ἀνίατα
864 1157 954 1208 καὶ
977 1157 1244 1225 ἄχρηστα.
1273 1156 1390 1207 Τῶν
1419 1155 1520 1222 γὰρ
1548 1158 1604 1207 ἐν
1630 1157 1771 1223 Περ-

251 1249 405 1315 γάμῳ
433 1247 687 1312 ἐφείσατο
720 1246 792 1308 ὡς
816 1245 1041 1310 πιστῶν,
1071 1246 1182 1306 ἑνὸς
1206 1245 1363 1315 μόνου
1384 1245 1764 1313 ἐπιμεμψάμε-

248 1352 330 1394 νος
361 1335 540 1393 αὐτοῖς
586 1335 685 1400 τῆς
717 1334 852 1401 μετὰ
902 1335 1004 1386 τῶν
1045 1334 1379 1386 Νικολαϊτῶν
1408 1335 1772 1402 ἀναστροφῆς.

260 1423 408 1474 Ἀλλὰ
434 1423 525 1473 καὶ
553 1423 616 1474 τὸ
635 1425 770 1490 ταχὺ
794 1424 890 1487 τῆς
917 1423 1036 1475 κατ’
1065 1423 1238 1476 αὐτῶν
1270 1423 1625 1485 ὲπελεύσεως,
1662 1422 1774 1484 πῶς

249 1514 303 1564 οὐ
327 1513 616 1579 κηδεμόνος
643 1513 734 1564 καί
761 1515 835 1581 μὴ
861 1513 1187 1581 ἀνεχομένου
1211 1515 1302 1565 ἐπὶ
1321 1513 1452 1565 πολὺ
1471 1514 1560 1563 τὸν
1578 1512 1775 1581 κλῆρον

247 1602 430 1653 ἑαυτοῦ
473 1602 801 1665 νοθεύεσθαι,
842 1603 976 1656 ἀλλὰ
1020 1602 1240 1672 ταχινὴν
1293 1602 1623 1671 βραϐεύοντα
1676 1601 1775 1669 τὴν

246 1691 518 1760 ἀντίληψιν
536 1709 552 1756 ;

320 1863 423 1919 ‘Er
448 1864 524 1931 τῇ
545 1865 803 1932 ῥομφαίᾳ
840 1865 941 1917 τοῦ
964 1866 1254 1932 στόματός
1295 1882 1432 1932 μου.
1476 1864 1770 1931 Ῥομφαίαν

243 1954 501 2019 στόματος
527 1953 645 2002 τίνα
670 1953 761 2003 καὶ
787 1953 873 2004 δια
897 1952 954 2023 ’τί
979 1952 1190 2020 εἴρηται
1216 1953 1483 2018 δίστομος,
1529 1951 1767 2016 ἑφθημεν

243 2043 344 2109 πρὸ
372 2041 564 2110 μικροῦ
597 2040 975 2107 παραθέμενοι.

313 2130 394 2192 Τῷ
418 2130 649 2181 νικῶντι
667 2130 832 2180 δώσω
853 2129 1008 2191 αὐτῷ
1031 2129 1146 2180 ἀπὸ
1172 2129 1273 2181 τοῦ
1294 2128 1507 2196 μάννα.
1530 2126 1763 2194 Ἐπειδὴ,

239 2217 308 2278 ὡς
339 2217 608 2284 φθάνομεν
655 2216 1017 2284 παραθέμενοι
1048 2217 1105 2278 ἐξ
1149 2218 1460 2283 Ἐπιφανίου
1504 2216 1594 2267 τοῦ
1624 2215 1764 2283 ἱεροῦ

241 2303 505 2366 λαϐόντες,
537 2303 797 2370 ἐτολμᾶτο
835 2305 979 2369 παρᾶ
1006 2303 1336 2355 Νικολαϊτῶν
1361 2303 1482 2365 ἀξία
1522 2303 1618 2370 τῆς
1643 2303 1764 2354 τού-

241 2410 341 2442 των
364 2391 549 2451 αθεῖας
572 2381 629 2442 ἐν
648 2394 713 2460 τῇ
744 2391 1031 2461 ἀκαθάρτῳ
1055 2393 1192 2459 μίξει
1221 2392 1425 2442 ἑαυτῶν
1462 2394 1493 2459 ἡ
1526 2391 1762 2459 βλασφη-

244 2482 440 2548 μοτάτη
475 2479 694 2547 βρῶσις,
749 2479 934 2530 τούτου
981 2481 1137 2549 χάριν
1189 2481 1264 2548 τῷ
1305 2480 1524 2531 νικῶντι
1550 2480 1765 2548 δοθῆναι

241 2570 426 2633 φαγεῖν
452 2566 546 2618 τοῦ
583 2569 754 2635 μάννα
799 2569 916 2621 ἀντὶ
953 2573 1046 2638 τῆς
1088 2571 1385 2638 ἀκαθάρτου
1419 2569 1665 2638 βρώσεως
1703 2588 1763 2623 τε

241 2658 330 2706 καὶ
354 2655 612 2725 βδελυρᾶς
643 2657 926 2726 ὑπέσχετο.
959 2660 1143 2711 Μάννα
1172 2659 1226 2709 δὲ
1253 2659 1519 2726 τροπικῶς
1550 2661 1578 2710 ὁ
1609 2661 1764 2728 ἄρτος

243 2747 351 2795 ἐστὶ
383 2749 477 2812 τῆς
515 2745 660 2813 ζωῆς
701 2748 728 2796 ὁ
771 2747 1054 2814 οὐρανόθεν
1078 2748 1148 2798 δι’
1189 2750 1332 2813 ἡμᾶς
1381 2747 1671 2814 κατελθὼν,
1718 2749 1764 2796 εί

242 2833 333 2881 καὶ
368 2833 545 2882 πάντα
572 2832 638 2882 τὰ
691 2832 945 2899 μέλλοντα
980 2833 1175 2897 ἀγαθὰ,
1224 2834 1298 2892 ὡς
1341 2833 1626 2898 οὐρανόθεν
1671 2833 1760 2880 καὶ

240 2920 372 2970 αὐτὰ
411 2920 815 2983 καταπτάμενα,
863 2921 991 2969 ὅπου
1045 2921 1133 2969 καὶ
1169 2921 1200 2984 ἡ
1248 2919 1357 2969 ἄνω
1396 2919 1756 2984 Ἰερουσαλήμ.

239 3007 469 3057 Νικῶντι
496 3007 549 3056 δὲ
571 3007 657 3056 τὸν
690 3007 943 3067 διάϐολον,
971 3007 1186 3072 δοθῆναι
1214 3008 1301 3056 καὶ
1336 3007 1510 3072 ψῆφον
1541 3007 1757 3075 λευκὴν,
1789 3030 1825 3081 C

237 3097 494 3153 τουτέστι,
528 3093 653 3162 δόξῃ
678 3095 1181 3162 λελαμπρυσμένην.
1208 3094 1373 3146 Τοῦτο
1400 3095 1474 3157 δὲ,
1506 3094 1602 3163 τὴν
1634 3095 1756 3144 λευ-

238 3184 334 3251 κὴν
363 3184 557 3250 ψῆφον.
602 3185 700 3250 τὴν
729 3185 832 3235 ἀπὸ
865 3183 969 3234 τῶν
1016 3185 1072 3234 ἐν
1102 3186 1210 3243 τοῖς
1244 3183 1485 3251 θεάτροις
1518 3186 1608 3235 καὶ
1652 3187 1759 3246 τοῖς

239 3273 463 3332 σταδίοις
493 3272 906 3339 ἀγωνιζομένων
935 3272 1204 3339 γνώριμον
1229 3268 1410 3334 οὖσαν,
1445 3275 1550 3333 τοῖς
1576 3273 1760 3324 νικῶσι

237 3361 632 3430 παρεχομένην,
663 3360 891 3413 ἐνταῦθα
938 3361 1192 3413 τέθεικεν.
1243 3363 1446 3428 Ὀνομα
1473 3361 1526 3412 δὲ
1559 3362 1758 3421 καινὸν,

236 3453 300 3518 τῇ
335 3450 579 3518 παρούσῃ
630 3451 740 3519 ζωῇ
783 3449 1156 3518 ἀγνοούμενον.
1204 3469 1221 3500 ι
1260 3451 1337 3500 Τὰ
1388 3451 1494 3516 γὰρ
1526 3449 1700 3513 ἀγαθὰ
1729 3448 1762 3499 ἃ

235 3539 344 3597 τοῖς
376 3537 658 3603 ἀγαπῶσιν
716 3537 872 3588 αὑτὸν
903 3539 1190 3606 ἡτοίμασεν
1239 3538 1265 3587 ὁ
1314 3538 1463 3600 Θεὸς,
1493 3535 1760 3605 ὀφθαλμὸς

237 3627 333 3675 οὐκ
361 3622 517 3686 εἶδεν,
552 3627 646 3678 καὶ
672 3623 761 3687 οὖς
780 3630 878 3678 οὐκ
909 3629 1154 3695 ἤκουσεν,
1189 3628 1281 3677 καὶ
1305 3627 1395 3677 ἐπὶ
1424 3625 1644 3693 καρδίαν
1668 3626 1762 3674 ἁν-

237 3715 452 3779 θρὼπου
478 3717 576 3766 οὐκ
609 3717 792 3782 ἀνέϐη.
832 3736 849 3766 i
913 3715 1079 3767 Τοῦτο
1107 3718 1160 3768 δὲ
1206 3717 1263 3766 τὸ
1306 3717 1471 3782 ὄνομα
1520 3717 1569 3764 οί
1611 3714 1763 3777 ἅγιοι

237 3802 715 3869 κληρονομήσουσι.
755 3804 872 3863 Πῶς
901 3805 1003 3870 γὰρ
1032 3797 1138 3853 οἷόν
1155 3820 1212 3853 τε
1244 3801 1448 3867 φθαρτῇ
1479 3801 1673 3865 γνώσει
1696 3799 1762 3848 τὰ

237 3889 484 3958 ἄφθαρτα
514 3890 944 3958 παραδηλοῦσθαι
967 3907 982 3954 ;

800 4062 1042 4114 ΚΕΦΔΛ.
1089 4063 1177 4126 ς’.

243 4175 316 4225 Τὰ
360 4171 724 4239 γεγραμμένα
774 4171 852 4236 τῷ
877 4171 1367 4307 (sibinam/pm
1421 4171 1769 4236 Ἐκκλησίας

305 4350 406 4401 Καὶ
437 4350 514 4411 τῷ
548 4347 776 4415 ἀγγέλῳ
807 4347 910 4413 τῆς
945 4349 1012 4398 ἐν
1049 4350 1376 4413 Θυατείροις
1417 4350 1765 4412 Ἐκκλησίας
1801 4335 1842 4389 ί)

235 4439 463 4502 nuier-
488 4453 502 4466 ·
553 4436 696 4486 Τάδε
746 4436 902 4500 λέγει
953 4439 984 4485 ὁ
1035 4437 1162 4497 Υἱὸς
1204 4438 1307 4487 τοῦ
1343 4437 1507 4498 Θεοῦ,
1542 4440 1572 4487 ὁ
1614 4437 1767 4499 ἔχων

235 4525 372 4586 τοὺς
421 4523 754 4587 ὀφθαλμοὺς
803 4521 981 4572 αὐτοῦ
1026 4523 1102 4583 ὡς
1130 4524 1318 4587 φλόγα
1359 4523 1564 4586 πυρὸς,
1593 4523 1686 4572 καὶ
1716 4524 1767 4572 ol

234 4613 412 4673 πόδες
443 4609 629 4662 αὐτοῦ
668 4609 854 4675 ὅμοιοι
902 4609 1310 4672 χαλκολιϐάνῳ
1331 4626 1342 4638 ·
1385 4605 1523 4658 Οἶδά
1554 4625 1666 4658 σου
1700 4608 1769 4658 τὰ

235 4704 392 4768 ἔργα,
425 4701 516 4751 καὶ
549 4698 661 4763 τὴν
686 4696 938 4763 ἀγάπην,
969 4696 1063 4747 καὶ
1114 4696 1226 4760 τὴν
1261 4697 1482 4757 πίστιν,
1537 4696 1633 4746 καὶ
1657 4696 1768 4759 τὴν

234 4789 557 4849 διακονίαν,
590 4787 683 4838 καὶ
710 4786 820 4850 τὴν
849 4784 1156 4850 ὑπομονήν
1205 4800 1337 4843 σου,
1371 4784 1464 4834 καὶ
1514 4784 1583 4834 τὰ
1627 4783 1768 4850 ἔργα

234 4896 374 4938 σου,
400 4880 470 4930 τὰ
507 4878 730 4942 ἔσχατα
762 4876 1006 4925 πλείονα
1030 4872 1144 4923 τῶν
1179 4872 1435 4938 πρώτων.

309 4967 639 5031 Σαςὲστερον
660 4963 851 5015 ἑαυτοῦ
875 4964 1162 5030 παρέχεται
1192 4960 1469 5028 γνώρισμα
1495 4960 1521 5010 ὁ
1551 4979 1766 5030 χρημα-

235 5053 403 5111 τίζων
441 5052 515 5117 τῷ
557 5052 933 5117 εὐαγγελιστῇ,
985 5051 1108 5100 Υἱὺν
1162 5048 1346 5100 ἑαυτὸν
1391 5049 1767 5114 καταγγέλλων

238 5139 396 5201 Θεοῦ,
429 5140 614 5203 ἔχοντα
657 5140 780 5198 τοὺς
825 5139 1128 5204 ὀφθαλμοὺς
1163 5138 1258 5203 μὲν
1310 5137 1767 5203 ἀφωμοιωμένους

239 5228 394 5292 πυρὶ,
448 5226 540 5275 ἇτε
593 5226 735 5285 οἵους
773 5242 828 5274 τε
889 5225 1124 5283 δικαίους
1163 5226 1256 5289 μὲν
1312 5225 1583 5288 φωτίζειν,
1636 5228 1769 5292 πρὸς

240 5316 438 5366 καῦσιν
467 5314 520 5365 δὲ
566 5299 976 5382 ἁμαρτανόντων
1024 5304 1266 5376 ἑτοίμους
1296 5328 1308 5341 ·
1342 5313 1464 5373 τοὺς
1509 5315 1669 5375 πόδας
1714 5315 1769 5367 δὲ

245 5405 615 5474 χαλκολιϐάνῳ
645 5404 1088 5468 ἀπεικασμένους.
1123 5402 1496 5472 Χαλκολιϐάνῳ
1521 5405 1595 5464 δὲ,
1699 5406 1770 5471 cf»

347 5568 358 5588 '
381 5581 391 5591 ·
421 5563 512 5612 lsa.
538 5577 647 5612 LXIV
677 5599 688 5620 ,
712 5559 765 5609 4.
845 5563 885 5588 ⁶⁴’
928 5557 1096 5607 ίιὲυι.
1141 5573 1194 5616 ιι,
1229 5557 1278 5607 ‘J.

1876 532 1984 582 lum
2014 533 2313 591 candidum.
2340 543 2390 584 et
2415 535 2467 584 in
2495 538 2699 589 calculo
2719 554 2897 591 nomen
2922 557 3103 593 norum
3130 543 3400 609 scriptum,

1874 620 2008 687 quod
2031 636 2178 671 nemo
2211 621 2308 670 scit
2328 624 2426 673 nisi
2454 625 2543 688 qui
2570 627 2785 692 accepit.

1957 871 2001 922 0
2050 871 2453 925 immensitatem
2487 872 2959 928 abundantissime
2988 877 3240 933 bonitatis
3271 881 3394 934 Dei!

1873 961 2064 1014 namiu
2090 961 2481 1029 minisquoque
2521 963 2718 1015 relucet
2761 964 3079 1029 benignitas.
3121 967 3399 1035 Pugnabo,

1876 1051 2066 1118 inquit.
2089 1065 2191 1102 non
2217 1059 2413 1107 tecum.
2443 1052 2534 1104 sed
2575 1067 2694 1104 cum
2748 1050 3021 1106 Nieolaitis
3053 1056 3146 1119 qui
3205 1057 3396 1108 imme-

1871 1141 2168 1195 tliCabililel‘
2196 1151 2468 1208 mgrotant.
2495 1152 2546 1195 et
2569 1145 2629 1194 ad
2668 1143 2797 1194 nihil
2837 1152 2959 1195 sunt
3010 1145 3187 1195 utiles.
3209 1145 3400 1211 Siqui-

1873 1231 1988 1282 dem
2048 1244 2229 1282 eorum
2272 1233 2360 1297 qui
2414 1231 2651 1297 Pergami
2694 1239 2846 1284 erant
2876 1239 3123 1298 tanquam
3165 1233 3400 1285 ﬁdelium

1871 1333 2051 1370 amore
2084 1327 2266 1385 raptus
2283 1327 2417 1382 eral,
2448 1319 2748 1386 indignatus
2768 1321 2895 1387 ipsis
2927 1321 2994 1372 ob
3027 1321 3191 1372 solam
3237 1337 3397 1373 unam

1872 1409 2326 1460 conversationem
2345 1423 2464 1460 cum
2491 1407 2785 1460 Nicolaitis.
2820 1406 2920 1461 Sed
2954 1417 3005 1459 et
3025 1408 3076 1459 id
3124 1410 3263 1475 quod
3321 1409 3400 1459 ait

1872 1495 2053 1548 secito
2073 1496 2326 1549 adversus
2350 1497 2468 1549 illos
2501 1508 2804 1559 venturum,
2859 1511 3037 1548 annon
3073 1496 3398 1562 providentis
3472 1495 3474 1497 ’

1871 1591 1972 1642 est,
2005 1592 2056 1634 et
2085 1598 2189 1636 non
2215 1583 2438 1635 sinentis
2471 1583 2672 1636 diutius
2702 1592 2895 1636 sortem
2937 1598 3000 1636 ac
3047 1583 3397 1636 substantiam

1871 1687 2020 1724 suam
2045 1673 2335 1739 corrumpi,
2363 1672 2453 1725 sed
2489 1674 2718 1725 velocem
2747 1672 3070 1739 designautis
3087 1671 3396 1726 retributio-

1802 1748 1840 1800 Β
1869 1775 1986 1813 nem
2017 1761 2039 1811 ἲ

1939 1849 2002 1899 1η
2037 1849 2208 1915 gladio
2240 1852 2345 1901 oris
2370 1851 2486 1905 mei.
2525 1849 2782 1913 Quisnam
2837 1849 2906 1902 sit
2947 1851 3150 1912 gladius
3179 1850 3306 1913 oris,
3345 1857 3402 1902 et

1867 1953 2022 2004 quam
2049 1939 2117 1988 ob
2146 1953 2361 1990 causam
2395 1939 2641 2006 utrinque
2667 1939 2906 1993 incidens
2929 1941 3102 1994 dictus
3115 1941 3207 2003 sit,
3239 1943 3396 2008 paulo

1865 2038 1986 2078 ante
2008 2028 2396 2090 proposuimus.

1947 2113 2173 2165 Vincenti
2202 2112 2333 2164 dabo
2357 2111 2502 2164 edere
2529 2125 2594 2163 ea:
2627 2129 2838 2165 manna.
2885 2113 3169 2176 Quoniam,
3227 2115 3394 2166 veluti

1863 2217 1924 2255 ex
1958 2200 2136 2252 divino
2158 2198 2452 2266 Epiphanio
2475 2209 2744 2264 sumptum
2797 2203 3195 2266 proposuimus,
3220 2214 3250 2252 α
3296 2198 3392 2252 Ni-

1863 2289 2068 2342 colaitis
2108 2295 2304 2340 attenta
2340 2296 2454 2339 erat
2491 2287 2862 2353 indignissima
2907 2287 3186 2348 comestio,
3233 2286 3392 2354 digna

1864 2377 2102 2445 ipsorum
2137 2375 2410 2439 impietate
2437 2375 2488 2426 in
2522 2375 2729 2440 impura
2751 2376 2831 2427 sui
2859 2375 3249 2437 commistione,
3276 2375 3396 2426 ideo

1864 2466 2095 2520 vincenti
2131 2467 2376 2517 daturum
2413 2479 2468 2516 se
2498 2480 2688 2517 manna
2711 2465 2969 2516 edendum
3002 2463 3247 2530 proponit
3278 2464 3396 2515 loco

1865 2558 2058 2623 impuri
2087 2564 2138 2606 et
2162 2554 2500 2606 abominandi
2528 2554 2656 2606 cibi.
2681 2551 2868 2604 Manna
2895 2566 3018 2604 vero
3045 2553 3242 2619 tropice
3263 2552 3393 2603 dici-

1865 2653 1947 2696 tur
1975 2645 2127 2710 panis
2159 2643 2296 2703 vitae,
2329 2641 2419 2706 qui
2463 2651 2677 2707 propter
2709 2657 2805 2693 nos
2826 2641 2890 2692 de
2915 2641 3051 2694 coelo
3080 2641 3391 2693 descendit:

1860 2746 2169 2796 quanquam
2192 2731 2371 2781 omnia
2402 2744 2613 2795 quoque
2642 2729 2817 2780 futura
2838 2729 3084 2779 dicantur
3106 2729 3385 2788 hona,tan-

1859 2834 2016 2882 quam
2048 2826 2099 2868 et
2130 2817 2241 2882 ipsa
2273 2817 2478 2868 ccelitus
2499 2816 2817 2875 devolantia,
2862 2815 2947 2866 ubi
2973 2816 3133 2866 etiam
3181 2825 3262 2866 cst
3305 2831 3395 2866 su-

1860 2924 2015 2974 perna
2058 2906 2372 2959 Jerusalem.
2411 2905 2650 2956 Vincenti
2713 2913 2886 2955 autem
2928 2904 3192 2955 diabolum
3242 2905 3394 2970 polli-

1858 3005 2006 3049 cetur
2031 2994 2186 3045 etiam
2209 3008 2266 3045 se
2319 2996 2563 3044 daturum
2608 3006 2723 3044 esse
2763 2991 3026 3043 calculum
3074 2991 3386 3052 candidum,

1864 3087 1964 3136 hoc
2002 3093 2081 3136 est
2106 3082 2353 3149 opinione
2378 3092 2430 3134 et
2465 3079 2603 3133 fama
2650 3079 2950 3145 fulgentem.
2984 3077 3168 3130 Posuit
3206 3089 3386 3129 autem

1865 3184 1964 3226 hoc
1999 3174 2113 3225 loco
2137 3171 2398 3224 calculum
2431 3169 2738 3233 candidum,
2784 3168 2924 3236 quod
2973 3168 3016 3220 is
3054 3177 3209 3219 notus
3250 3179 3394 3220 esset

1865 3263 1929 3314 ab
1956 3262 2035 3314 his
2067 3262 2153 3328 qui
2181 3262 2231 3312 in
2261 3259 2482 3311 theatris
2530 3273 2592 3309 ac
2619 3259 2805 3310 stadiis
2855 3257 3146 3318 certabant,
3180 3265 3232 3306 et
3275 3257 3393 3306 vin-

1866 3351 2106 3404 cenlibus
2136 3348 2458 3401 tradebatur.
2481 3347 2642 3415 670
2671 3345 2866 3397 Nomen
2907 3361 3030 3397 vero
3069 3357 3263 3396 novum
3298 3346 3397 3395 huc

1865 3450 1965 3502 est,
1991 3439 2127 3506 quod
2166 3435 2408 3503 praesenti
2460 3434 2563 3486 vita
2603 3435 2894 3500 ignoratur.
2928 3432 3197 3499 Siquidem
3251 3450 3268 3479 ι
3325 3431 3394 3483 l"a

1861 3522 2004 3581 bona
2030 3543 2143 3594 quze
2175 3525 2482 3592 prmparavit
2519 3523 2656 3576 Deus
2705 3523 2783 3575 his
2836 3522 3006 3587 quise
3063 3521 3287 3592 diligunt
3330 3523 3392 3579 “,

1869 3620 2056 3671 oculus
2090 3631 2191 3670 non
2228 3615 2376 3677 vidit,
2412 3627 2507 3666 nec
2537 3612 2685 3664 auris
2713 3609 2934 3671 audivit,
2970 3625 3063 3662 nec
3093 3609 3141 3661 in
3178 3624 3270 3660 cor
3305 3609 3396 3658 ho-

1870 3709 2027 3760 minis
2057 3706 2411 3758 ascenderunt
2434 3703 2476 3734 ⁸⁵
2509 3720 2526 3751 ι
2579 3702 2720 3769 (hoc
2756 3707 2928 3750 autem
2987 3712 3174 3748 nomen
3229 3694 3395 3746 sancti

1870 3795 2173 3846 lmrcditate
2211 3788 2574 3859 poSsidebunt)
2601 3805 2614 3850 ;
2641 3786 2906 3852 quomodo
2953 3784 3092 3835 enim
3148 3781 3396 3846 possibile

1868 3888 1946 3931 est
1990 3888 2045 3928 ut
2076 3875 2404 3942 corruptiblii
2462 3873 2647 3923 notitia
2678 3867 3391 3935 apprclicnderenturineor-

1873 3962 2170 4030 ruplibilia?

2459 4068 2680 4123 CAPUT
2707 4066 2794 4118 V'l.

1944 4189 2071 4252 Qua:
2096 4189 2285 4253 scrip:a
2307 4194 2422 4235 sunt
2455 4179 2632 4248 angelo
2672 4177 2914 4230 Ecclesia:
2940 4175 3323 4243 Tliyotirorum.

1939 4360 2185 4420 ll.lB,l9.
2221 4356 2283 4408 Et
2313 4355 2490 4422 angelo
2515 4353 2758 4405 Erclesiw
2797 4351 3158 4420 Thyatiroram
3186 4348 3349 4400 scribe
3380 4362 3397 4397 :

1871 4447 1992 4497 lla'c
2020 4447 2141 4495 dicit
2169 4445 2330 4495 Filius
2380 4443 2468 4493 Dei
2489 4443 2575 4506 qui
2626 4440 2771 4490 habet
2799 4440 2970 4488 oculos
2995 4451 3110 4486 suos
3150 4445 3396 4500 tanquam

1866 4535 2126 4598 ﬂammam
2155 4531 2305 4594 ignis,
2326 4537 2373 4579 et
2406 4528 2552 4586 pedes
2581 4527 2692 4591 ejus
2746 4526 2938 4574 similes
2996 4521 3348 4571 clialcolibano
3378 4535 3396 4571 :

1872 4619 2004 4668 Novi
2033 4632 2185 4681 opera
2225 4624 2314 4664 tua
2336 4623 2383 4664 et
2407 4614 2707 4663 cliaritatem
2732 4627 2789 4660 ac
2812 4609 3147 4658 ministerium
3179 4615 3224 4655 ct
3247 4607 3395 4670 ﬁdem

1867 4723 1925 4757 ac
1949 4705 2250 4772 patientiam
2283 4711 2445 4760 tuam,
2489 4713 2740 4765 operaque
2774 4706 2862 4746 tua
2910 4696 3186 4744 novissima
3247 4695 3398 4758 plura

1869 4793 2071 4860 primis.

1936 4963 2183 5032 Apertius
2211 4961 2409 5029 priehet
2438 4958 2518 5009 sui
2551 4956 2803 5008 imhcium
2843 4955 2886 5005 is
2911 4952 2998 5018 qui
3026 4950 3259 5015 loquitur
3279 4960 3397 5040 cuin

1867 5052 2209 5121 evangelista,
2233 5049 2425 5100 Filium
2457 5048 2544 5098 liei
2581 5063 2637 5096 se
2662 5046 2833 5110 ipsum
2885 5040 3205 5090 annuntians
3237 5050 3248 5084 :
3307 5045 3397 5094 qui

1874 5143 2061 5195 oculos
2099 5141 2310 5208 quidem
2367 5139 2557 5188 habeat
2618 5135 2722 5200 igni
2758 5129 3098 5184 assimilatas,
3147 5130 3398 5182 tanquam

1871 5241 2080 5298 paratos
2126 5228 2188 5279 ad
2249 5224 2684 5277 illuminationcm
2733 5221 3015 5284 justm-um,
3068 5207 3397 5260 cxuslionmn

1871 5295 1998 5370 ζνργο
2029 5327 2365 5385 ρρρωιοι-υιη
2403 5332 2415 5364 ;
2455 5312 2610 5378 pedes
2639 5317 2814 5358 autem
2842 5300 3158 5353 assimilatas
3188 5295 3401 5343 rhalco-

1874 5382 2073 5458 Iihano“!
2103 5402 2502 5462 Chaleolibano,
2550 5398 2786 5463 inquam,
2820 5391 2930 5442 sive
2963 5386 3049 5451 tl“i
3104 5400 3129 5434 ³
3181 5382 3405 5438 medic“
