4106 6334
647 315 748 375 555

1431 304 1749 366 ARETH/E
1788 305 2155 364 CAESARE/ﬁ
2193 307 2665 370 CAPPADOCI/E
2705 311 3038 374 EPISCOPI

3713 315 3827 378 555

647 424 750 476 alia
777 426 1009 488 potestas
1039 417 1274 471 hominis
1311 431 1340 468 a
1380 415 1471 468 Dei
1503 425 1786 484 potestate.
1819 414 1941 468 Ideo
1969 431 2184 482 quoque
2217 431 2254 480 Α
2285 435 2344 471 το

2285 435 2374 479 τος
2426 421 2709 489 ἀνθρώπου
2743 424 2874 490 πρὸς
2908 424 3059 474 Θεόν.
3101 422 3192 474 Διὸ
3245 424 3339 474 καὶ
3400 422 3635 492 Γαϐριὴλ
3686 429 3826 493 προς

643 509 856 563 Gabriel
880 509 1009 560 .lixit
1037 506 1103 559 ad
1128 505 1424 574 Virginem,
1451 506 1703 557 thronum
1730 505 1891 556 David
1924 515 2175 572 tanquam
2282 507 2353 574 τὴν

2283 507 2377 574 τὴν
2412 510 2685 576 Παρθένον
2714 508 2852 574 εἶπε,
2887 513 2975 562 τὸν
3017 512 3201 580 θρόνον
3229 512 3386 562 Δαυῖδ
3431 513 3577 581 παρὰ
3618 516 3827 582 πατρὸς

646 597 949 664 temporarii
993 596 1227 648 dandum
1283 608 1401 647 esse
1457 593 1593 645 Filio
1645 609 1672 645 a
1727 601 1878 660 patre
1921 611 1933 645 :
1969 601 2021 643 at
2056 594 2174 660 ipsi,

646 696 894 752 tanquam
922 693 1121 734 alente
1152 690 1206 733 et
1257 681 1418 733 linem
1466 694 1572 732 non
1600 679 1852 732 habituro
1884 696 1897 730 :
1941 689 1994 731 et
2033 681 2181 731 Sillll-

648 773 763 827 liter
793 787 1008 841 regnum
1054 785 1118 822 ac
1166 777 1501 835 potestatem.
1543 768 1811 835 Quoniam
1846 767 2002 835 igitur
2028 767 2180 819 simi-

648 861 924 914 litudiuem
965 859 1110 926 regni
1136 857 1304 910 David
1330 848 1532 910 ferebat
1569 857 1836 918 Christus,
1874 854 2063 909 merito
2102 857 2182 909 di-

645 951 718 1002 cit
761 968 774 1001 :
822 949 923 1010 Qui
967 948 1118 1000 habet
1165 946 1360 998 clavem
1412 945 1579 997 David
1635 945 1698 999 ad
1741 945 2091 1012 aperiendum
2129 954 2182 998 et

643 1037 996 1091 clauicndum
1030 1055 1046 1088 :
1087 1037 1297 1103 aperire
1339 1035 1555 1102 quidem
1595 1047 1796 1088 vocans
1850 1033 2180 1099 justiticare,

642 1127 889 1181 elati-lere
937 1138 1068 1179 vero
1111 1138 1308 1178 vocans
1355 1121 1733 1176 condemnare.
1789 1122 1896 1174 Sua
1955 1137 2182 1188 namque

645 1225 801 1270 utens
827 1216 1058 1282 potentia
1089 1223 1145 1267 et
1171 1212 1433 1280 justiﬂcat
1463 1222 1516 1265 et
1540 1212 1883 1265 condemnat.

718 1306 846 1358 Ecce
898 1304 1016 1356 dedi
1067 1317 1244 1355 coram
1302 1312 1348 1352 te
1407 1301 1597 1352 ostium
1663 1309 1914 1367 apertum.
1972 1298 2178 1350 Ostium

645 1397 906 1450 binorum
945 1393 1104 1446 datur
1148 1398 1392 1458 apertum
1440 1398 1696 1458 tanquam
1743 1390 2179 1457 paratiss.mum,

648 1498 708 1541 nt
736 1503 830 1556 per
857 1486 1028 1554 ipsum
1052 1497 1268 1551 quoque
1297 1482 1551 1536 auxilium
1583 1479 1650 1532 ad
1683 1479 1922 1541 meliora,
1954 1478 2183 1546 pra'beat

648 1576 922 1630 introitum
960 1575 1026 1627 ad
1065 1572 1394 1625 lruitionem.
1423 1570 1581 1640 681
1635 1569 1757 1622 Ideo
1782 1569 1944 1622 etiam
1995 1567 2178 1620 Domi-

647 1681 752 1719 nus
781 1678 902 1717 cum
953 1663 1073 1714 ait:
1127 1678 1146 1710 ι
1191 1659 1432 1726 Regnum
1480 1657 1572 1710 Dei
1618 1657 1755 1710 intra
1787 1669 1882 1708 vos
1921 1662 2004 1708 est
2045 1656 2114 1716 ’⁵,
2158 1673 2173 1703 ι

647 1769 838 1821 nempe
874 1750 1144 1820 proposito
1175 1747 1402 1802 volentis
1430 1747 1539 1814 jam
1574 1745 1863 1804 traditum,
1899 1744 2184 1795 ostendere

650 1843 855 1894 videtur
878 1839 1176 1907 ingressum
1201 1850 1249 1887 ia
1280 1834 1428 1887 nullo
1454 1831 1696 1902 impediri
1728 1844 1907 1899 posse.
1932 1828 1998 1882 Et
2022 1829 2182 1896 hujus

647 1947 787 1985 nunc
819 1927 1123 1997 promissio,
1147 1907 1291 1992 quod
1316 1938 1410 1976 eos
1438 1923 1530 1991 qui
1562 1920 1977 1974 introducuntur
1999 1920 2182 1971 avidos

647 2020 818 2075 reddit
853 2019 916 2070 ad
961 2015 1400 2085 aggrediendum,
1431 2012 1692 2065 rationem
1727 2009 1929 2063 habens
1957 2007 2180 2062 diliicul-

645 2111 767 2164 tatis
795 2109 1058 2169 laborum,
1083 2115 1138 2158 et
1161 2115 1606 2157 commensurans
1641 2100 1722 2151 his
1755 2098 1849 2166 qui
1879 2111 2043 2166 parva
2070 2098 2178 2150 vir-

643 2210 756 2256 tute
786 2197 989 2265 ingredi
1023 2202 1287 2254 statuunt,
1320 2193 1409 2245 ubi
1438 2205 1531 2259 per
1557 2197 1800 2256 apertum
1831 2185 2030 2239 ostium
2069 2199 2182 2237 ma-

645 2287 914 2345 nilestavit
956 2289 1284 2338 cumulatam
1339 2282 1604 2333 bonorum
1657 2276 2049 2329 multitudinem
2100 2275 2182 2327 his

645 2380 736 2448 qui
764 2375 1156 2445 ingrediuntur,
1187 2386 1296 2424 non
1321 2370 1433 2438 jam
1473 2368 1690 2421 anxium
1719 2379 1837 2418 esse
1872 2364 1999 2417 sinit
2039 2364 2181 2417 solli-

646 2462 884 2517 citudine
934 2457 1422 2511 contrahendorum
1480 2453 1762 2516 laborum,
1809 2451 1900 2516 qui
1962 2450 2068 2517 jam
2115 2450 2183 2501 ob

648 2551 879 2603 divinam
929 2545 1238 2597 fruitionem
1288 2542 1697 2611 despiciuntur,
1754 2537 1881 2601 sed,
1922 2553 1988 2589 ne
2044 2545 2183 2590 retro

651 2638 862 2706 quidem
924 2635 1265 2702 aspiciendo.
1325 2633 1590 2683 hortatur-
1624 2628 1868 2695 amplecti
1922 2626 2179 2687 labores,

648 2723 941 2795 reputando
973 2724 1274 2776 suaviorem
1305 2735 1426 2773 esse
1467 2727 1772 2785 susceptum
1825 2725 2039 2783 protitcr
2082 2715 2180 2768 ista

649 2817 881 2870 laborem
905 2814 1093 2881 quavis
1116 2811 1463 2862 rclaxatione.
1489 2809 1654 2860 Porro
1680 2804 1822 2874 quod
1852 2818 1945 2872 per
1973 2803 2180 2855 labores

650 2903 862 2970 assequi
922 2908 1168 2969 oporteat
1211 2909 1536 2950 aeternorum
1582 2896 1845 2948 bonorum
1906 2891 2182 2945 haeredita-

649 3003 775 3055 tcni,
805 2991 935 3045 satis
981 2988 1217 3042 ostendit
1265 2988 1316 3038 in
1367 2982 1671 3054 Evangeliis
1701 2981 1943 3035 divinum
1989 2995 2183 3033 oracu-

649 3087 780 3146 lum,
810 3097 918 3152 quo
959 3080 1154 3134 dicitur
1181 3077 1286 3128 vim
1316 3077 1425 3142 pati
1462 3088 1686 3142 regnum
1723 3071 2004 3126 maiorum.
2044 3070 2183 3124 Ilur-

650 3187 768 3226 sum
798 3170 959 3223 etiam
991 3167 1131 3234 quod
1167 3164 1216 3217 is
1260 3164 1349 3231 qui
1397 3161 1581 3228 incipit
1613 3159 1899 3226 degustare
1942 3157 2183 3210 dulcedi-

649 3273 770 3312 nem
819 3253 1024 3309 noverit
1071 3258 1415 3306 contemnere
1460 3247 1704 3309 labores,
1750 3245 1966 3299 divinus
2017 3245 2185 3311 ipsius

651 3346 813 3401 David
845 3342 1077 3409 Spiritus
1114 3340 1274 3390 docet
1302 3351 1423 3389 cum
1459 3334 1533 3385 ait
1564 3349 1578 3387 :
1617 3351 1636 3383 ‹
1673 3330 1894 3386 GuSIate
1921 3340 1974 3384 et
2014 3331 2186 3383 videte

653 3435 792 3501 quod
826 3430 1005 3484 suavis
1041 3428 1113 3478 sit
1151 3424 1411 3476 Dominus
1436 3423 1502 3473 ".
1551 3440 1568 3472 ι
1604 3422 1709 3474 Aut
1738 3421 1898 3474 etiam
1944 3428 2184 3486 apertum

653 3521 850 3576 ostium
887 3515 1199 3582 intelligitur
1240 3514 1512 3580 ingressus
1550 3510 1792 3564 docentis
1841 3523 1940 3562 nos
1999 3510 2186 3576 prmdi-

653 3610 912 3672 rationis,
965 3606 1056 3674 qui
1093 3603 1258 3656 semel
1305 3610 1542 3669 apertus,
1595 3600 1754 3653 nullis
1795 3598 1969 3652 claudi
2013 3609 2187 3665 potest

653 3696 1047 3758 aﬂlictionibus,
1074 3693 1314 3744 vincente
1338 3691 1499 3742 animi
1528 3689 1740 3742 illorum
1769 3688 2186 3755 promptitudine

652 3788 744 3857 qui
797 3782 998 3851 ingredi
1036 3781 1333 3848 elegerunt,
1386 3778 1456 3830 ob
1499 3775 1947 3846 pulchritudinem
1999 3789 2182 3827 eorum

651 3889 769 3942 quae
818 3870 1049 3939 reposita
1095 3876 1243 3929 sunt,
1276 3881 1395 3935 quae
1437 3866 1672 3918 laborem
1711 3878 1772 3917 ac
1820 3861 2181 3916 difficultatem

653 3961 994 4016 aiﬂictionum
1035 3956 1336 4010 demulcent
1375 3963 1430 4008 et
1471 3954 1865 4022 quodammodo
1911 3950 2182 4007 fraudant.

652 4053 708 4105 In
755 4052 860 4112 his,
886 4049 1082 4116 inquit,
1117 4045 1241 4098 licet
1287 4044 1379 4096 tibi
1436 4045 1643 4097 modica
1671 4043 1742 4094 sit
1787 4040 1978 4099 virtus,
2012 4039 2107 4092 sed
2152 4055 2180 4092 a

634 4148 741 4193 'me
769 4139 926 4191 datur
951 4145 1189 4204 apertum
1209 4133 1302 4186 tibi
1325 4134 1518 4185 ostium
1545 4148 1559 4195 ;
1585 4141 1640 4183 tu
1679 4143 1806 4181 vero
1831 4127 1991 4180 etiam
2020 4143 2181 4195 supra

653 4225 898 4279 virtutem
926 4239 1044 4291 qua:
1073 4224 1126 4273 in
1159 4232 1210 4274 te
1237 4231 1320 4274 est
1352 4220 1608 4279 tolerasti,
1642 4230 1836 4270 nomen
1869 4229 2043 4267 meum
2078 4231 2181 4268 non

2218 1723 2254 1774 Β

2279 597 2355 664 τῷ
2408 599 2517 667 Υίῷ
2555 599 2629 661 ὡς
2673 601 3030 670 προσκαίρου,
3057 602 3256 670 καίπερ
3298 602 3498 670 αἰωνίῳ
3534 602 3678 669 αὐτῷ
3727 608 3830 654 καὶ

2281 685 2620 755 ἀτελευτήτῳ
2676 687 2913 755 δοθῆναι,
2971 689 3233 749 ὡσαύτως
3281 690 3336 740 δὲ
3401 690 3490 739 καὶ
3549 689 3832 755 βασιλείαν

2281 773 2371 822 καὶ
2430 771 2692 835 ἐξουσίαν.
2764 778 2912 827 Ἐπεὶ
2962 773 3054 829 οὖν
3101 779 3346 846 ὁμοίωμα
3399 778 3496 844 τῆς
3553 778 3831 846 βασιλείας

2280 859 2439 914 Δαυῒδ
2463 861 2652 930 ἔφερεν
2684 866 2711 915 ὁ
2732 865 2984 934 Χριστὸς,
3017 866 3239 928 εἰκότως
3266 866 3429 932 λέγει·
3448 867 3508 917 '0
3529 868 3680 932 ἔχων
3707 867 3831 933 τὴν

2282 948 2445 999 κλεῖν
2485 951 2591 1003 τοῦ
2648 954 2848 1016 Δαυῒδι,
2887 955 3022 1024 πρὸς
3058 955 3117 1006 τὺ
3164 956 3368 1021 ἀνοῖξαι
3424 956 3516 1008 καὶ
3570 956 3776 1008 κλεῖσαι
3807 972 3827 989 '

2281 1038 2483 1102 ἀνοῖξαι
2520 1040 2615 1107 μὲν
2641 1042 2701 1092 τὸ
2733 1043 3018 1096 δικαιῶσαι
3049 1043 3240 1110 λέγων,
3275 1045 3369 1095 καὶ
3399 1044 3604 1096 κλεῖσαι
3632 1044 3691 1096 τὸ
3719 1061 3831 1097 κα.-

2280 1129 2548 1194 τακρῖναι.
2577 1130 2653 1197 Τῇ
2689 1133 2795 1198 γὰρ
2855 1131 2971 1199 θείᾳ
3015 1131 3178 1184 αὑτοῦ
3219 1134 3312 1184 καὶ
3341 1133 3494 1201 ἀϊδίῳ
3533 1135 3812 1202 χρώμενος

2282 1213 2514 1280 ὲξονσίξι.
2548 1220 2636 1266 καὶ
2663 1217 2851 1268 δικαιοῖ
2931 1222 2999 1268 ’τί
3040 1219 3373 1287 κατακρίνει.

2364 1301 2513 1354 Ἰδοὺ
2540 1303 2765 1356 δέδωκα
2787 1305 2987 1358 ἐνώπιι
3107 1325 3186 1360 3v.
3211 1310 3252 1359 Τ
3257 1308 3331 1360 ῶν
3363 1307 3579 1374 ἀγαθῶν
3601 1309 3634 1378 ἡ
3681 1308 3827 1376 θύρα

2279 1389 2593 1460 ἀνεῳγμένη
2631 1391 2848 1454 δίδοται,
2895 1394 2971 1456 ὡς
3021 1396 3339 1464 έτοιμοτάτη
3373 1395 3466 1446 καὶ
3515 1396 3610 1448 ἀπ’
3658 1397 3831 1465 αὐτῆς

2280 1478 2376 1546 τῆς
2421 1476 2556 1545 πρὸς
2587 1478 2656 1529 τὰ
2701 1479 2940 1549 κρείττω
2969 1482 3162 1549 ῥοπῆς,
3201 1485 3462 1552 παρέχειν
3500 1484 3596 1552 τὴν
3626 1484 3832 1536 εἴσοδον

2281 1567 2414 1634 πρὸς
2442 1567 2751 1622 ἀπόλαυσιν.
2778 1569 2868 1621 Διὸ
2888 1572 2977 1621 καὶ
3008 1573 3036 1622 ὁ
3068 1573 3265 1640 Κύριος
3296 1575 3536 1639 φάσκων,
3568 1574 3646 1626 ὅτι
3681 1593 3701 1625 t
3755 1575 3825 1625 Ἠ

2283 1653 2526 1723 βασιλεία
2556 1655 2662 1706 τῶν
2686 1657 2928 1724 οὐρανῶν
2966 1658 3112 1719 ἐντὸς
3145 1660 3293 1725 ὑμῶν
3316 1662 3480 1725 ἐστιν,
3516 1680 3533 1710 ι
3577 1661 3735 1712 οἱονεὶ
3755 1664 3827 1730 τῇ

2283 1742 2534 1812 προθέσει
2583 1747 2924 1815 παρεχομένη
2968 1746 3062 1798 τοῦ
3113 1747 3451 1815 βουλομένου,
3496 1749 3586 1800 ὑπ’
3617 1750 3829 1810 οὐδενὸς

2284 1834 2697 1901 ἐμποδοστατεῖν
2740 1836 2907 1886 οῐεται
2944 1835 3042 1903 τὴν
3088 1836 3310 1889 εἴσοδον.
3353 1837 3462 1888 Καὶ
3512 1836 3695 1888 τούτου
3733 1836 3832 1887 νῦν

2272 1923 2314 1990 ,ἡ
2368 1922 2665 1990 ἐπαγγελία
2712 1924 3042 1992 λιχνεύοντος
3084 1926 3208 1985 τοὺς
3261 1925 3661 1994 εἰσαγομένους,
3691 1925 3833 1993 πρὸς

2282 2007 2379 2076 τὴν
2405 2010 2752 2078 ιὲγχείρησιν,
2783 2011 2887 2062 τῶν
2921 2012 3096 2065 πόνων
3147 2012 3574 2082 ὑπολογιζομένη
3595 2014 3666 2065 ’τὺ
3700 2014 3832 2065 δυσ-

2283 2099 2460 2167 χερὲς,
2498 2101 2589 2151 καὶ
2628 2100 2726 2167 τὴν
2753 2101 2961 2152 ἐἴσοδον
3014 2103 3469 2170 συμμετρουμένη
3506 2105 3617 2163 τοῖς
3657 2105 3833 2170 μικρᾷ

2281 2188 2503 2256 δυνάμει
2557 2190 2618 2240 τὸ
2673 2190 2890 2241 εἰσιέναι
2956 2193 3424 2261 προαιρουμένοις,
3474 2192 3689 2244 ἐπειδὰν
3733 2192 3832 2245 τὸν

2282 2277 2726 2346 ἀποσωρευθέντα
2770 2279 2879 2338 τοῖς
2917 2279 3141 2332 εἰσιοῦσι
3173 2281 3280 2333 τῶν
3306 2280 3523 2347 ἀγαθῶν
3560 2281 3724 2348 ἑσμὸν
3758 2283 3828 2350 τῇ

2283 2367 2595 2436 ἀνεῳγμένη
2633 2365 2769 2435 θύρα
2788 2369 3092 2449 gagaten,
3121 2374 3314 2439 μηκέτι
3360 2374 3425 2440 τῇ
3462 2372 3697 2439 φροντίδι
3733 2371 3833 2422 λυ-

2285 2458 2493 2505 πεῖσθαι
2527 2457 2590 2524 ἑᾷ
2617 2455 2708 2506 τοῦ
2738 2440 2840 2506 ὑπὸ
2870 2440 2986 2508 τῶδ’
3011 2459 3310 2512 ἀπόλαυσιν
3336 2461 3830 2530 καταϐαλλομένων

2284 2543 2563 2595 ὲλκύεσθαι
2599 2545 2792 2608 πόνων,
2828 2549 3230 2614 ἀμεταστρεπτὶ
3263 2549 3317 2600 δὲ
3346 2549 3453 2601 τῶν
3489 2551 3659 2601 πόνων
3700 2551 3832 2602 ἀντ-

2283 2630 2500 2697 έχεσθαι
2547 2633 2802 2698 παραινεῖ
2846 2632 3021 2698 πάσης
3054 2633 3287 2694 ἀνέσεως
3318 2634 3426 2701 (l7)
3455 2635 3583 2702 ἡδίω
3615 2635 3702 2685 τὸν
3737 2634 3833 2684 διὰ

2283 2716 2451 2770 ταῦτα
2475 2718 2714 2786 κάματον
2738 2717 3121 2788 λογιζομένοις.
3152 2723 3257 2772 Καὶ
3297 2723 3375 2773 ὅτι
3402 2723 3630 2789 έγκοπος
3656 2726 3688 2791 ἡ
3717 2725 3830 2777 τῶν

2287 2806 2518 2859 αἰωνίων
2584 2807 2801 2874 ἀγαθῶν
2851 2809 3200 2877 κληρονομία,
3256 2811 3314 2862 τὸ
3368 2813 3426 2862 ἐν
3485 2813 3830 2878 Εὐαγγελίοις

2285 2897 2463 2949 ἰκανὸν
2493 2897 2632 2950 θεῖον
2661 2897 2840 2965 λόγιον
2891 2900 3255 2967 παραστῆσαι,
3292 2918 3308 2949 t
3347 2899 3564 2967 Βιαστὴ,
3598 2901 3827 2967 φάσκον,

2284 2987 2428 3039 ἐστὶν
2461 2987 2492 3053 ἡ
2525 2985 2766 3053 βασιλεία
2797 2987 2903 3040 τῶν
2926 2989 3185 3056 οὐρανῶν.
3227 3009 3244 3040 ι
3295 2991 3415 3042 Ὀτι
3459 2990 3514 3041 δὲ
3540 2996 3632 3042 καὶ
3667 2992 3694 3042 ὀ
3736 2991 3832 3042 διὰ

2284 3075 2377 3125 τοῦ
2409 3074 2776 3142 κατάρξασθαι
2802 3078 3169 3142 έγγλυκαίνων
3196 3077 3293 3145 τὴν
3320 3079 3569 3146 αἴσθησιν
3594 3079 3830 3145 ἀφειδεῖν

2284 3164 2393 3216 οἶδε
2441 3165 2544 3215 τῶν
2588 3166 2783 3228 πόνων,
2819 3167 2880 3216 τὸ
2920 3167 3079 3219 Δαυῒδ
3122 3168 3261 3219 θεῖον
3293 3168 3511 3236 Πνεῦμα
3566 3169 3826 3234 διδάσκει,

2291 3271 2308 3300 ι
2337 3252 2625 3314 Γεύσασθε,
2644 3254 2838 3318 λέγων,
2858 3256 2948 3306 καὶ
2977 3255 3110 3306 ίδετε
3133 3257 3211 3306 ὅτι
3241 3257 3468 3323 χρηστὸς
3497 3260 3523 3307 ὁ
3553 3258 3768 3325 Κύριος.
3796 3276 3820 3309 ο

2287 3341 2354 3390 ’Ἡ
2387 3341 2479 3390 καὶ
2513 3339 2649 3406 θύρα
2681 3342 2994 3410 ἀνεῳγμένη
3021 3345 3216 3394 νοεῖται
3270 3349 3303 3411 ἡ
3329 3344 3420 3396 τοῦ
3452 3345 3826 3397 διδασκαλικοῦ

2287 3429 2631 3496 κηρύγματος
2685 3430 2904 3493 εἴσοδος,
2945 3431 3064 3498 ἥτις
3111 3432 3412 3500 ἀνοιχθεῖσα
3493 3434 3552 3484 οὐ
3607 3434 3828 3486 δύναται

2287 3515 2371 3565 διὰ
2403 3518 2720 3584 πειρασμῶν
2765 3519 3101 3586 κλεισθῆναι,
3125 3521 3360 3590 νικώσης
3391 3523 3484 3589 τῆς
3527 3523 3829 3591 προθυμίας

2285 3606 2390 3655 τῶν
2424 3606 2641 3658 εἰσιέναι
2664 3607 2948 3674 ἑλομένων,
2970 3608 3045 3677 τῷ
3068 3608 3250 3661 κάλλει
3276 3610 3382 3661 τῶν
3402 3610 3513 3680 (18)
3547 3612 3827 3663 ἐναποκει-

2290 3694 2464 3760 μένων
2495 3693 2850 3760 θελχθέντων,
2877 3697 2936 3747 τὸ
2968 3696 3074 3748 τῶν
3100 3700 3410 3768 πειρασμῶν
3434 3701 3702 3752 ἐπίπονον.
3739 3699 3829 3750 Ἐν

2283 3775 2360 3841 οἷς
2388 3783 2433 3831 εί
2466 3783 2555 3833 καὶ
2591 3784 2656 3850 τῇ
2682 3781 2906 3850 δυνάμει
2948 3799 3038 3834 σου
3067 3785 3394 3854 σύμμετρος,
3418 3787 3530 3837 ἀλλ’
3569 3782 3661 3838 οῦν
3695 3785 3828 3854 παρ’

2285 3869 2435 3937 ἐμοῦ,
2480 3871 2660 3937 φησιν,
2693 3873 2724 3940 ἡ
2765 3873 3080 3939 ἀνεῳγμένη
3111 3873 3310 3924 δίδοται
3345 3891 3422 3925 σοι
3478 3873 3633 3941 θύρα.
3659 3874 3826 3934 Αὐτὸς

2285 3957 2338 4008 δὲ
2365 3959 2454 4009 καὶ
2477 3960 2614 4028 ὑπὲρ
2645 3959 2866 4027 δύναμιν
2898 3961 2997 4028 τὴν
3042 3961 3278 4013 ὑποῦσαν
3309 3979 3387 4013 σοι
3433 3964 3822 4030 ἐκαρτέρησας,

2288 4046 2360 4113 μὴ
2387 4047 2753 4116 ἀρνησάμενος
2777 4048 2833 4098 τὸ
2855 4049 3021 4116 ὖνομά
3045 4065 3143 4115 μου
3173 4049 3301 4116 (19).
3335 4049 3539 4100 Οὔκουν
3562 4053 3624 4118 τῇ
3657 4051 3828 4118 μικρᾷ.

2285 4135 2506 4203 δυνάμει
2539 4154 2630 4188 σου
2688 4138 3090 4204 παραμετρήσω
3130 4141 3227 4203 τὴν
3270 4138 3518 4206 ἀμοιϐὴν,
3554 4139 3686 4189 ἀλλά
3737 4155 3827 4205 με-

2288 4223 2609 4292 γαλοδωρίᾳ,
2628 4225 2700 4286 ὼς
2722 4225 2839 4285 ἔθος
2866 4224 3008 4291 ἐμοὶ,
3027 4224 3408 4293 μετελεύσομαι
3425 4227 3520 4293 τὴν
3539 4226 3820 4278 ἀντίδοσιν.

653 4317 949 4380 abnegans.
995 4311 1108 4362 Non
1168 4323 1295 4377 ergo
1328 4308 1394 4359 ad
1437 4306 1698 4358 modicam
1741 4312 1883 4355 tuam
1939 4303 2185 4355 virtutem
2227 4313 2678 4365 commensurabo
2719 4313 3121 4366 retributionem
3156 4332 3167 4364 :
3202 4315 3292 4366 sed
3332 4331 3393 4366 ex
3440 4316 3824 4383 muniﬁcentia,

655 4409 716 4457 υι
743 4400 871 4455 mihi
903 4398 1069 4452 moris
1093 4406 1195 4460 est,
1226 4394 1499 4465 przeniium
1533 4389 1836 4459 rependam.

723 4491 811 4554 Ill,
843 4489 990 4544 9-15.
1014 4486 1146 4539 Ecce
1168 4486 1235 4537 do
1263 4485 1325 4535 de
1352 4497 1612 4551 synagoga
1645 4478 1857 4532 Satame
1885 4478 1972 4546 qui
2003 4477 2182 4528 dicunt
2218 4483 2260 4535 ι)

652 4598 707 4636 se
735 4580 942 4634 εἰκάθοι
983 4593 1090 4628 esse
1129 4584 1178 4627 et
1215 4590 1313 4626 non
1363 4581 1503 4633 sunt,
1555 4568 1639 4620 sed
1675 4569 2008 4619 mentiuntur.
2055 4566 2184 4618 Ecce

656 4672 860 4737 adigam
887 4668 1004 4718 illos
1054 4674 1109 4716 ut
1153 4665 1354 4714 veniant
1395 4671 1440 4711 et
1479 4658 1689 4709 adorent
1725 4666 1842 4710 ante
1870 4656 2017 4722 pedes
2048 4663 2179 4715 tuos,

655 4769 703 4810 et
743 4764 1046 4822 cognoscant
1092 4752 1228 4818 quod
1275 4749 1541 4801 dilexerint
1591 4755 1636 4798 te
1684 4745 1929 4811 quoniam
1967 4743 2183 4795 servasti

655 4859 930 4898 sermonem
958 4842 1222 4905 patientia
1260 4853 1401 4888 mew.
1437 4835 1501 4887 Et
1534 4848 1623 4902 ego
1657 4834 1864 4886 servabo
1889 4844 1935 4885 te
1967 4836 2027 4884 ab
2057 4835 2184 4885 hora

573 4949 577 4952 ‘
655 4933 964 5004 aﬂlictionis,
1006 4944 1120 4995 qua:
1149 4936 1361 4977 ventura
1393 4935 1465 4976 est
1506 4926 1559 4976 iu
1589 4924 1884 4974 universum
1917 4925 2087 4974 orbem
2127 4932 2182 4973 ut

653 5025 844 5095 afﬂigat
884 5019 1174 5071 habitantes
1212 5016 1266 5065 in
1311 5023 1467 5064 terra.
1525 5010 1679 5062 Venio
1729 5011 1863 5072 cito,
1913 5020 2022 5061 tene
2051 5014 2183 5077 quod

654 5115 806 5167 habet
846 5121 899 5162 ut
951 5121 1096 5159 uenio
1127 5104 1349 5169 accipiat
1379 5115 1620 5153 coronam
1649 5107 1812 5152 tuam.
1845 5098 1946 5160 Qui
1987 5101 2185 5163 vicerit,

653 5206 842 5271 faciam
875 5199 1024 5252 illum
1067 5197 1364 5246 cciuntuam
1403 5190 1456 5241 in
1486 5186 1672 5254 templo
1707 5186 1801 5238 Dei
1831 5189 1950 5251 mei,
1996 5195 2043 5240 et
2071 5204 2186 5239 am-

723 5357 768 5387 ⁸³
799 5355 927 5404 Luc.
965 5366 1092 5413 xvii,
1125 5350 1213 5402 2|.
1288 5347 1332 5378 "
1362 5345 1496 5398 Psal.
1532 5357 1720 5406 xum,
1761 5344 1814 5395 9.

725 5503 833 5570 (Π)
865 5503 1128 5570 Λίρέσεως
1157 5499 1297 5570 vulg.

727 5562 833 5635 (18)
872 5562 1050 5637 Ἐλομ.
1091 5570 1176 5621 διὰ
1198 5562 1272 5619 τὺ’
1290 5568 1568 5621 κάλλιστον
1599 5562 1703 5616 τῶν
1734 5562 1876 5628 vulg.

1391 5791 1480 5836 alr

2372 4480 2522 4532 Ἰδοὺ
2549 4481 2749 4548 δίδωμι
2774 4482 2841 4533 ἐκ
2870 4480 2980 4545 τῆς
3016 4481 3367 4548 συναγωγῆς
3420 4483 3524 4535 τοῦ
3571 4487 3822 4552 Σατανᾶ,

2289 4570 2402 4622 τῶν
2435 4574 2728 4637 λεγόντων
2758 4572 3005 4634 ἑαυτοὺς
3046 4573 3360 4635 Ἰουδαίους
3388 4569 3556 4634 εἶναι,
3588 4575 3685 4627 καί
3713 4581 3824 4630 οὐκ

2287 4660 2459 4716 εἰσιν,
2523 4661 2681 4712 ἀλλὰ
2739 4660 3078 4726 ψεύδονται.
3140 4659 3290 4711 Ἰδοὺ
3337 4661 3566 4728 ποιήσω
3606 4654 3827 4732 αὐτοὺς

2290 4748 2387 4798 ἵνα
2418 4748 2598 4811 ἢξωσι
2632 4750 2725 4799 καὶ
2766 4747 3271 4814 προσκυνήσωσιν
3294 4749 3545 4803 ἐνώπιον
3564 4751 3679 4805 τῶν
3722 4772 3826 4808 πο-

2289 4835 2408 4885 δῶν
2466 4854 2598 4897 σου,
2663 4840 2755 4888 καὶ
2803 4835 3040 4901 γνῶσιν,
3117 4837 3201 4886 ὅτι
3257 4838 3536 4905 ἠγάπησὰ
3593 4859 3685 4909 σε,
3736 4845 3826 4897 ὅτι

2287 4924 2581 4991 ἐτήρησας
2624 4926 2727 4978 τὸν
2775 4929 2956 4991 λόγον
2991 4926 3096 4987 τῆς
3150 4929 3450 4996 ὑπομονῆς
3491 4951 3629 4998 μου.
3657 4936 3827 5001 Κάγώ

2288 5029 2360 5064 σε
2407 5014 2646 5079 τηρήσω
2708 5017 2775 5064 ἐκ
2813 5013 2918 5076 τῆς
2962 5013 3112 5078 ὧρας
3172 5016 3273 5067 τοῦ
3323 5022 3646 5088 πειρασμοῦ
3715 5024 3828 5087 τῆς

2281 5103 2621 5168 μελλούσης
2659 5102 3056 5168 ἕρχεσθαιοέπί
3125 5102 3231 5169 τῆς
3281 5107 3631 5174 οἰκουμένης
3678 5109 3830 5174 ὅλης

2289 5191 2561 5258 πειρᾶσαι
2610 5189 2750 5251 τοὺς
2805 5190 3221 5256 κατοικοῦντας
3252 5194 3344 5246 ἐπὶ
3390 5195 3498 5262 τῆς
3521 5197 3652 5264 γῆς,
3692 5198 3832 5264 Ἕρ-

2362 5430 2472 5560 (l9‘)
2506 5493 2600 5545 Διά
2630 5495 2688 5544 τὸ
2719 5494 2883 5561 ὄνομά
2917 5514 3015 5562 μου
3053 5502 3191 5568 vulg.
