4106 6334
204 441 308 504 55⁵1

1249 430 1627 492 COMMENT.
1671 429 1747 487 IN
1789 433 1826 485 Α
1840 427 2218 485 POCALYPSI
2232 427 2298 484 Ν.

3276 423 3375 484 558

204 566 382 618 χομαι
433 547 604 612 ταχύ.
643 543 847 611 Κράτει
887 543 916 594 ὃ
958 542 1135 610 ἔχεις,
1185 544 1282 593 ἵνα
1321 542 1530 607 μηδεὶς
1590 537 1742 600 λάϐῃ
1777 583 1781 593 .

1871 538 1978 586 ilius
2015 553 2112 586 non
2159 535 2447 601 egredietur
2481 535 2624 600 [oras
2660 549 2677 585 :
2708 535 2869 604 682
2902 544 2948 585 et
2977 535 3198 586 scribam
3230 549 3379 597 super

205 640 316 690 rdr
354 636 654 703 στέφανόν
699 648 838 685 σου.
907 632 967 681 '0
1033 630 1232 692 νικῶν,
1293 630 1519 692 ποιήσω
1567 626 1749 679 αὑτὸν

206 727 439 779 στύλον
493 725 560 774 ἐν
618 721 697 786 τῷ
767 720 887 784 ναῷ
942 720 1045 772 τοῦ
1109 719 1252 770 Θεοῦ
1280 736 1435 783 μου,
1487 716 1580 768 καί
1638 715 1749 774 ἔξω

209 816 284 866 οὐ
330 812 415 881 μὴ
449 812 663 876 ἐξέλθῃ
715 809 842 861 5n-
893 808 990 860 καὶ
1041 806 1244 873 γράψω
1305 805 1394 855 ἐπ’
1444 804 1627 856 αὐτὸν
1687 802 1748 854 τὸ

212 902 399 968 ὄνομα
435 900 539 952 τοῦ
575 898 720 952 Θεοῦ
743 914 881 965 μου,
906 897 1000 948 καί
1047 897 1108 946 τὸ
1151 895 1333 959 ὄνομα
1383 891 1491 958 τῆς
1525 891 1746 952 πόλεως

1849 621 1962 676 eum
1991 641 2167 675 nomen
2193 623 2286 675 Dei
2311 625 2425 683 mei,
2460 632 2506 674 et
2537 639 2716 673 nomen
2749 624 2971 674 civitatis
3006 622 3096 672 Dei
3123 623 3218 670 mei
3244 637 3382 670 now

1851 713 2172 774 Jerusalem,
2211 727 2324 779 qua:
2368 713 2626 762 descendit
2662 712 2722 762 de
2765 713 2886 762 c0310
2926 729 2954 760 a
3002 710 3103 760 Deo
3141 726 3249 758 meo
3283 725 3299 758 :
3339 716 3383 754 rt

1854 817 2035 852 nomen
2075 817 2236 851 meum
2281 814 2484 849 novum.
2531 796 2633 860 Qui
2666 797 2815 848 habet
2846 813 3021 849 aurem
3052 795 3232 846 audiat
3265 794 3387 860 quid

1856 887 2081 952 Spiritus
2107 888 2242 936 dicat
2273 885 2520 935 Ecclesiis
2532 923 2544 935 .

210 990 320 1043 τοῦ
349 989 492 1043 Θεοῦ
509 1006 627 1055 μου
661 987 767 1054 τῆς
796 984 1005 1051 καινῆς
1045 984 1452 1049 Ἰερουσαλὴμ,
1485 980 1521 1047 ἡ
1597 978 1925 1030 καταϐαίνει
1970 976 2082 1027 ἀπὸ
2152 975 2252 1026 τοῦ
2302 973 2553 1038 οἰρανοῦ
2612 973 2727 1024 ἀπὸ
2747 972 2851 1023 τοῦ
2879 971 3021 1023 Θεοῦ
3045 988 3180 1038 μου.
3205 969 3390 1022 καὶτὸ

213 1083 402 1150 ὄνομα
452 1082 518 1132 τὸ
572 1079 797 1130 καινόν.
848 1076 910 1126 '0
936 1075 1088 1141 ἔχων
1117 1069 1243 1137 οὖς,
1271 1070 1579 1124 ἀκουσάτω
1616 1070 1670 1119 τί
1707 1068 1769 1118 τὸ
1809 1064 2043 1130 Πνεῦμα
2062 1063 2215 1130 λέγει
2242 1062 2365 1125 ταῖς
2396 1063 2791 1124 Ἐκκλησιάις.

290 1173 398 1240 Τῆς
421 1168 728 1238 ὁμολογίας,
756 1167 907 1235 φησὶ,
931 1165 1027 1233 τῆς
1074 1164 1194 1231 περὶ
1221 1163 1313 1213 τοῦ
1344 1161 1475 1229 ὲμοῦ
1499 1160 1756 1226 ὀνόματος

213 1263 521 1320 ἁντὲκτισις
573 1260 723 1310 ἔσται
776 1259 808 1324 ὴ
860 1255 970 1306 τῶν
1018 1254 1283 1305 Ἰουδαίων
1338 1251 1638 1317 ἐπιστροφὴ
1668 1251 1760 1298 καὶ

217 1353 495 1418 μετάνοια.
530 1348 591 1398 Οἳ
634 1349 732 1410 τῆς
763 1345 897 1414 πρὸς
932 1343 1030 1412 ἐμὲ
1083 1342 1257 1395 αὐτῶν
1287 1340 1643 1408 προσαγωγῆς
1671 1337 1758 1388 τὸν

214 1442 278 1507 ἐξ
319 1439 448 1509 ἐμοῦ
474 1437 748 1505 φωτισμὸν
771 1433 1181 1496 ἀπαλλάξονται
1207 1435 1312 1483 τῶν
1345 1437 1399 1483 ὲν
1435 1431 1510 1498 τῷ
1540 1429 1761 1498 κρυπτῷ

212 1532 318 1599 τῆς
343 1528 564 1598 καρδίας
614 1525 895 1587 Ἰουδαίων,
929 1523 1042 1576 ἀλλ’
1071 1523 1129 1574 οὐ
1180 1523 1284 1572 τῶν
1323 1525 1379 1574 ἐν
1423 1521 1497 1589 τῷ
1530 1518 1760 1588 φανερῷ,

212 1620 296 1680 ὼς
330 1619 419 1669 καὶ
458 1615 654 1685 Παύλῳ
685 1616 847 1676 δοκεῖ,
869 1614 1089 1673 ἑαυτοὺς
1119 1611 1549 1664 ἐπιδεικνύντων.
1569 1610 1762 1677 Θρόνον

211 1708 274 1760 δὲ
297 1706 393 1759 τοῦ
431 1707 638 1758 Σατανᾶ
660 1704 755 1772 τὴν
784 1703 888 1756 τῶν
928 1703 1194 1755 Ἰουδαίων
1231 1702 1376 1767 λέγει
1418 1699 1760 1765 Συναγωγὴν.

210 1797 294 1858 ὡς
328 1797 402 1866 τῷ
431 1795 611 1862 ψεύδει
643 1793 1134 1861 συγκροτουμένην,
1163 1793 1281 1843 ἐπεὶ
1307 1792 1398 1842 καὶ
1421 1789 1510 1840 τοῦ
1541 1789 1764 1855 ψεύδους

1929 1155 2262 1220 Responsio,
2317 1153 2521 1219 inquit,
2579 1151 2934 1205 confessionis
3001 1150 3233 1203 nominis
3284 1150 3386 1200 mei

1859 1243 1958 1296 erit
1985 1241 2289 1295 Judzeorum
2334 1245 2614 1293 conversio
2642 1252 2696 1294 et
2725 1241 3034 1308 pmnitentia
3055 1275 3070 1299 ,
3096 1240 3184 1306 qui
3220 1252 3391 1290 meam

1862 1335 2302 1386 Illuniiuatiouem
2336 1347 2439 1399 qua
2473 1333 2571 1400 ipsi
2604 1332 2670 1383 ad
2706 1347 2790 1385 me
2828 1331 3042 1384 adducti
3074 1339 3217 1391 aunt,
3248 1343 3394 1380 com-

1865 1423 2144 1474 mntahunt
2198 1423 2249 1474 in
2299 1437 2393 1474 eos
2437 1421 2525 1487 qui
2587 1420 2640 1471 in
2694 1420 3008 1472 abscondito
3056 1419 3232 1469 cordis
3277 1432 3397 1467 sese

1863 1512 2076 1565 JUdiCOS
2130 1526 2248 1570 esse
2294 1512 2699 1572 demonstrant,
2746 1517 2802 1561 et
2849 1524 2952 1561 non
2988 1509 3040 1559 in
3082 1507 3396 1573 propatulo,
3468 1579 3470 1581 _

1868 1603 2028 1653 veluti
2074 1600 2240 1653 Paulo
2295 1614 2506 1668 quoque
2536 1599 2761 1651 videtur.
2811 1597 2998 1649 Sedem
3043 1612 3165 1649 vero
3193 1595 3402 1647 Sataua:

1868 1691 1994 1743 dicit.
2044 1690 2377 1759 Synagogam
2405 1687 2729 1750 Judworum,
2766 1696 3019 1754 tauquam
3062 1693 3400 1752 pimstantem

1869 1784 2126 1834 auxilium
2155 1781 2467 1832 mendacio:
2494 1778 2929 1846 quandoquidem
2955 1778 3113 1829 etiam
3144 1777 3227 1827 ille
3255 1789 3402 1826 men-

215 1865 409 1952 πατὴρ
437 1883 542 1935 ἀπὸ
569 1881 873 1948 καταδολῆς
906 1880 1116 1948 κόσμου
1149 1878 1378 1963 ἐδείχθη.
1432 1879 1647 1934 Τούτοις
1679 1871 1767 1926 οὖν

1871 1871 2004 1923 dacii
2045 1881 2193 1938 pater
2236 1885 2264 1921 a
2313 1869 2532 1921 condito
2580 1868 2774 1920 szeculo
2801 1867 3064 1932 apparuit.
3103 1865 3208 1917 llos
3246 1866 3406 1931 igitur

216 1971 688 2041 npoaﬁpapeiaiiat
717 1971 776 2021 οὑ
805 1969 945 2021 κατὰ
970 1969 1030 2019 τὸ
1060 1969 1238 2035 τυχὸν,
1273 1967 1405 2017 ἀλλὰ
1461 1966 1596 2032 μετὰ
1642 1963 1769 2012 πολο

215 2061 329 2128 λῆς
346 2064 442 2128 τῆς
463 2059 786 2128 θερμότητος
816 2059 909 2109 καὶ
950 2057 1237 2124 συντριὸἧς
1262 2073 1408 2120 φησι.
1457 2055 1622 2104 Τοῦτο
1668 2054 1770 2120 γὰρ

215 2145 519 2198 αἰνίττεται
548 2147 607 2197 τὸ
653 2145 786 2214 πρὸς
829 2145 952 2205 τοὺς
1003 2146 1162 2205 πόδας
1206 2143 1573 2210 προσκυνῆσαι
1599 2143 1688 2192 καὶ
1717 2143 1772 2191 ἐν

219 2236 477 2301 ἐσχάτοις
505 2232 715 2286 ἑλέσθαι
735 2233 986 2300 τετάχθαι
1013 2234 1111 2300 τῆς
1157 2231 1495 2298 Ἐκκλησίας.

308 2323 420 2373 Τὸν
455 2323 638 2388 λόγον
687 2321 793 2387 τῆς
840 2323 1143 2389 ὑπομονῆς
1181 2339 1316 2389 μου.
1344 2322 1452 2387 Ούχ
1495 2322 1573 2370 ὅτι
1616 2321 1773 2380 αὐτὸς

219 2406 252 2458 6
282 2407 633 2475 χρηματίζων
677 2408 932 2474 ὑπέμεινέ
974 2425 1042 2469 τι,
1097 2407 1227 2459 ἀλλὰ
1279 2407 1544 2473 ὑπομονὴν
1585 2405 1774 2456 ἑαυτοῦ

223 2497 333 2564 τὴν
361 2496 425 2548 δι’
457 2495 615 2547 αὑτὸν
648 2498 739 2546 καὶ
773 2497 867 2562 τὴν
896 2497 1028 2564 πρὸς
1060 2496 1216 2546 αὑτὸν
1242 2496 1528 2562 καρτερίαν
1571 2496 1664 2561 τῆς
1690 2495 1773 2544 πί-

227 2587 404 2646 στεώς
435 2601 592 2652 φησιν
610 2601 624 2614 ·
652 2585 836 2654 ὥσπερ
864 2588 955 2637 καὶ
971 2588 1050 2638 ὅτι
1083 2587 1144 2637 ἂν
1173 2585 1330 2636 Δαυῖδ
1348 2587 1484 2636 αἰτεῖ
1505 2587 1590 2636 τὸν
1617 2586 1745 2634 Θεό-ι
1763 2598 1775 2612 σ

231 2692 254 2726 ι
305 2676 401 2726 Ἐκ
426 2673 708 2744 προσώπου
739 2692 832 2726 σου
861 2675 920 2727 τὸ
979 2676 1149 2743 κρῖμά
1191 2692 1292 2742 μου
1337 2675 1560 2738 ἐξέλθοι.
1605 2697 1622 2725 ι
1665 2677 1779 2725 ἀντὶ

225 2762 357 2825 τοῦ,
391 2764 451 2818 ’Β
471 2763 534 2814 δι’
563 2765 662 2831 ὲμέ
699 2781 788 2814 σου
819 2764 1150 2831 δικαιοσύνη.

308 2850 478 2917 Κάγώ
503 2867 574 2902 σε
603 2851 840 2915 τηρήσω
857 2852 924 2902 ἐκ
957 2850 1064 2917 τῆς
1097 2851 1247 2917 ὥρας
1292 2851 1392 2904 τοῦ
1430 2851 1777 2918 πειρασμοῦ.

229 2939 415 3008 ’Ὥραν
456 2940 838 3008 πειρασμοῦ,ῆ
883 2942 970 2991 τὸν
1027 2942 1116 2991 ἐπὶ
1175 2939 1496 3007 Δομετιανοῦ
1549 2941 1782 3005 διωγμὸν

230 3030 410 3095 λέγει,
471 3029 717 3097 δεύτερον
758 3029 884 3080 ὄντα
932 3031 1068 3098 μετὰ
1113 3031 1353 3096 Νέρωνα,
1410 3029 1483 3090 ὡς
1533 3029 1783 3087 Εύσέὸιος

235 3121 447 3187 ἱστορεί
469 3121 495 3171 ὁ
529 3119 808 3185 Παμφίλου
834 3135 848 3148 ·
885 3120 969 3170 ὅτε
1023 3120 1113 3168 καὶ
1142 3120 1298 3180 αὐτὸς
1323 3121 1349 3168 ὁ
1403 3118 1784 3185 εὐαγγελιστὴς

232 3209 320 3268 είς
359 3207 454 3275 τὴν
473 3207 685 3274 Πάτμον
715 3207 803 3257 ὑπ’
833 3207 992 3259 αὐτοῦ
1013 3208 1101 3259 τοῦ
1121 3207 1440 3274 Δομετιανοῦ
1460 3207 1778 3273 κατεκρίθη·

235 3291 272 3358 ἦ
307 3291 406 3358 τὴν
457 3292 546 3341 ἐπὶ
585 3292 857 3360 συντελείᾳ
881 3293 971 3344 τοῦ
1025 3294 1215 3353 αἰῶνος
1271 3295 1372 3345 ὑπὸ
1399 3294 1490 3343 τοῦ
1528 3295 1786 3360 ’Λντιχρί-

240 3395 376 3430 στου
418 3381 554 3431 κατά
585 3382 919 3450 Χριστιανῶν
945 3384 1212 3450 ἐσομένην
1245 3385 1600 3452 παγκόσμιον,
1636 3385 1784 3434 ἀναι-

242 3467 467 3536 ροῦντος
499 3469 621 3528 τοὺς
675 3469 1051 3537 Χριστιανούς.
1089 3471 1301 3522 Τούτων
1349 3469 1439 3523 οὖν
1467 3473 1786 3537 ἀμφοτέρων

240 3555 565 3624 ἐλευθεροῦν
628 3561 751 3620 τοὺς
797 3561 1035 3627 ζηλωτὰς
1081 3559 1239 3610 αὑτοῦ
1273 3562 1604 3627 ὑπισχνεῖται
1659 3577 1788 3626 προ-

237 3647 723 3714 αναρπαζομένους
753 3650 838 3700 διὰ
853 3649 947 3716 τῆς
968 3651 1031 3699 ὲκ
1059 3648 1165 3700 τῶν
1193 3649 1437 3700 ἐντεῦθεν
1465 3649 1786 3707 ἀναλύσεως,

241 3732 341 3782 ἴνα
371 3732 442 3799 μὴ
467 3733 601 3799 ὑπὲρ
635 3735 730 3799 τὴν
752 3733 977 3800 δύναμιν
1003 3735 1351 3801 πειρασοὼσι.
1381 3736 1469 3784 Διό
1494 3751 1624 3801 φησι
1652 3739 1741 3784 καί
1765 3736 1791 3783 ὁ

245 3817 453 3884 Κύριος
474 3833 487 3846 ·
519 3819 790 3884 Ἔρχομαι
812 3821 958 3885 ταχύ
988 3835 1001 3846 ·
1037 3822 1172 3886 μετὰ
1189 3822 1292 3886 γὰρ
1315 3821 1411 3887 τὴν
1449 3819 1623 3884 Θλὶψιν
1651 3822 1790 3868 ἐκεί-

242 3918 370 3971 νην·
398 3905 678 3970 Ἔρχομαι
706 3905 877 3972 ταχὺ,
913 3907 1031 3957 ἀντὶ
1058 3906 1172 3971 τοῦ,
1199 3908 1592 3973 ἀνυπερθέτως.
1624 3906 1790 3956 Τοῦτο

244 3997 361 4062 γὰρ
383 3994 439 4046 τὸ
462 3995 609 4061 ταχύ
630 3993 898 4061 σημαίνει,
921 3995 1095 4055 οἱονεὶ,
1119 3994 1438 4054 Καταπόδας
1468 3995 1575 4044 τῶν
1599 4011 1790 4062 πειρα-

256 4081 416 4150 σμῶν
459 4083 857 4150 ἐνεργουμένων
888 4083 1195 4150 ἐλεύσομαι.
1245 4081 1333 4132 Διὸ
1376 4083 1471 4132 καὶ
1501 4082 1793 4150 παρεγγυῶ

249 4171 531 4238 κρατῆσαι
552 4172 642 4222 τὸν
663 4171 930 4239 Θησαυρὸν
956 4172 1050 4238 τῆς
1078 4170 1307 4231 πίστεως
1329 4171 1541 4235 ἄσυλον,
1559 4171 1643 4222 ἵνα
1674 4171 1747 4238 μὴ
1765 4173 1791 4222 ὁ

247 4261 352 4328 τῆς
368 4261 639 4328 ὑπομονῆς
674 4261 822 4329 ὑμῶν
853 4261 1113 4326 ἀπόληται.
1144 4260 1421 4328 στέφανος.

341 4439 443 4488 ’Er
489 4435 568 4500 τῷ
611 4436 735 4500 ναῷ
765 4437 868 4490 τοῦ
904 4438 1051 4490 Θεοῦ
1077 4455 1214 4505 μου.
1247 4438 1563 4507 Προείρηται
1605 4441 1684 4490 ὅτι
1715 4439 1793 4502 τὸ,

250 4527 406 4578 Θεοῦ
455 4543 606 4591 μου,
663 4527 759 4593 οὐχ
797 4527 939 4576 οῦτω
995 4527 1089 4594 τῆς
1133 4529 1190 4578 ὲν
1244 4528 1324 4596 τῷ
1372 4528 1589 4595 Χριστῷ
1649 4528 1805 4588 Θείας·

251 4615 472 4681 φύσεως
517 4615 944 4685 ὲνυεωρουμένης
993 4609 1349 4684 ἀναιρετικὸν,
1379 4619 1500 4669 ὅσον
1528 4621 1626 4686 τῆς
1671 4635 1794 4669 συν-

251 4703 560 4764 ουσιώσεως
583 4710 1002 4774 παραστατικόν.
1026 4709 1066 4758 Τ
1069 4710 1096 4759 ὸ
1123 4709 1226 4777 γὰρ
1247 4691 1605 4762 ἀδιάσπαστον
1637 4706 1795 4772 εἶναι,

248 4799 358 4866 τὴν
399 4795 508 4847 τῶν
557 4797 650 4848 δύο
699 4798 909 4864 φύσεων
953 4801 1160 4864 ἕνωσιν,
1191 4801 1455 4868 Θεότητος,
1497 4801 1656 4868 φημὶ,
1707 4803 1798 4852 καὶ

251 4886 690 4953 ἀνθρωπύτητος,
725 4889 780 4937 ὲν
807 4891 872 4956 τῇ
906 4892 1045 4942 κατὰ
1081 4891 1168 4941 τὸν
1195 4891 1394 4959 Κύριον
1441 4889 1642 4956 Ἰησοῦν
1669 4890 1796 4940 ὑπο-

255 4978 474 5036 στάσει,
500 4977 599 5027 κᾶν
627 4977 818 5046 μέχρις
841 4981 1042 5041 ἑννοίας
1061 4981 1239 5048 ψιλῆς,
1270 4983 1317 5032 εί
1345 4981 1435 5032 καὶ
1466 4982 1797 5048 ἀσυγχύτως,

255 5066 518 5134 παριστᾷ.
557 5064 896 5119 Ἀντιδιδόασι
927 5071 1032 5138 γὰρ
1064 5069 1306 5140 ἀλλήλοις
1342 5071 1478 5140 ὑπὲρ
1504 5069 1799 5136 κατάληψιν

253 5155 609 5224 ἀνθρωπίνην
633 5157 979 5219 οἰκειωτικῶς
1003 5160 1068 5211 τὰ
1105 5161 1222 5213 θεῖα
1264 5163 1374 5222 τοῖς
1419 5158 1795 5227 ἀνθρωπίνοις,

256 5247 360 5297 καὶ
385 5245 455 5294 τὰ
487 5241 793 5311 ἀνθρώπινα
821 5248 929 5306 τοῖς
961 5247 1120 5310 Θείοις
1142 5247 1409 5317 ίδιὼμασι.
1441 5247 1633 5308 Στόλος
1661 5247 1716 5297 δὲ
1746 5247 1800 5295 ἐν

257 5335 345 5400 τῷ
403 5332 514 5400 ναῷ
569 5331 660 5384 τοῦ
704 5333 836 5385 Θεοῦ
900 5331 1051 5398 οὗτος
1101 5337 1459 5402 καθίσταται,
1513 5336 1805 5405 ὑπερείδων

257 5425 329 5490 τῇ
370 5421 500 5487 περὶ
530 5420 684 5470 αὑτὸν
717 5421 800 5472 τοῦ
837 5422 967 5472 Θεοῦ
1002 5425 1359 5495 ἀγαθοδωρίᾳ,
1397 5428 1486 5477 καὶ
1516 5428 1636 5486 τοὺς
1677 5425 1806 5492 πρὸς

261 5511 578 5562 συντέλειαν
604 5510 696 5577 τῆς
725 5510 842 5560 καῡ⁹
875 5513 1016 5578 ἡμᾶς
1055 5514 1143 5564 τοῦ
1186 5516 1414 5583 Χριστοῦ
1466 5516 1692 5574 πίστεως
1749 5515 1806 5562 ἀ-

332 5693 375 5724 "
411 5691 554 5746 Psal.
578 5708 682 5754 χιι,
706 5691 758 5743 Ξ.

1872 1973 2149 2012 accurrere
2175 1960 2323 2018 dicit,
2362 1975 2463 2008 non
2494 1958 2694 2024 vulgari
2726 1957 2903 2016 modo,
2933 1955 3022 2006 sed
3060 1971 3180 2005 cum
3218 1969 3407 2021 magno

1872 2049 2078 2101 fervore
2123 2059 2175 2100 et
2231 2047 2556 2098 contritione
2593 2064 2604 2096 :
2658 2045 2757 2097 hoc
2788 2045 2929 2096 enim
2975 2045 3216 2109 designat
3267 2044 3404 2108 quod

1873 2136 2114 2197 adorent,
2143 2147 2189 2188 et
2215 2135 2350 2188 inter
2377 2145 2644 2186 extremos
2671 2133 2760 2200 qui
2789 2134 2840 2185 iu
2873 2133 3106 2186 Ecclesia
3134 2142 3258 2185 sunt
3284 2135 3403 2199 poni

1872 2225 2144 2292 elegerint.

1943 2309 2232 2361 Sermonem
2277 2310 2538 2376 patientiw
2592 2326 2732 2361 inea).
2789 2307 2901 2361 Non
2938 2311 3077 2376 quod
3119 2311 3160 2362 is
3193 2309 3278 2374 qui
3319 2310 3409 2359 dat

1873 2404 2172 2461 oraculum,
2201 2403 2397 2468 aliquid
2446 2418 2633 2468 passus
2667 2405 2754 2464 sit,
2785 2403 2875 2454 sed
2918 2418 3066 2454 suam
3095 2403 3406 2468 patientiam

1876 2491 2004 2543 dicit
2059 2492 2175 2544 lidei
2230 2493 2564 2544 tolerantiam
2595 2508 2713 2557 qme
2763 2503 2975 2558 propter
3017 2494 3213 2558 ipsuur
3241 2503 3317 2543 est
3360 2502 3411 2543 et

1877 2596 2000 2638 erga
2035 2582 2206 2646 ipsum
2244 2597 2256 2631 :
2288 2582 2736 2646 quemadmodum
2769 2584 2928 2632 etiam
2964 2581 3051 2632 ubi
3091 2582 3250 2632 David
3287 2583 3415 2646 petit

1879 2683 1909 2719 a
1942 2667 2069 2730 Deo,
2104 2685 2120 2716 ι
2157 2668 2228 2720 De
2261 2670 2408 2719 vultu
2439 2669 2807 2735 tuojmlicium
2837 2686 3006 2720 memu
3036 2671 3251 2736 prodeat
3273 2672 3312 2699 ³⁷
3340 2685 3353 2722 :
3391 2690 3408 2720 ι
3458 2732 3464 2739 Ι

1883 2759 1980 2809 hoc
2012 2768 2091 2810 est
2113 2797 2126 2820 ,
2158 2759 2362 2822 justilia
2393 2768 2478 2810 tua
2509 2775 2626 2825 qua:
2668 2763 2723 2811 lit
2759 2769 2971 2827 propter
3008 2775 3108 2810 me.

1950 2844 2173 2897 Servabo
2200 2857 2246 2896 te
2285 2847 2345 2896 ab
2383 2849 2510 2896 hora
2553 2848 2866 2912 a/Ilictionis.
2902 2846 3094 2897 lloram
3123 2847 3417 2900 afﬂictionis

1883 2946 1974 2986 aut
1999 2946 2150 2987 vocat
2177 2937 2596 3002 persecutionem
2646 2938 2749 2988 sub
2792 2936 3087 2988 Domitiano
3108 2939 3415 2993 excitatam.

1885 3039 2000 3091 qua:
2051 3025 2147 3075 fuit
2193 3026 2425 3076 sccumla
2477 3033 2595 3090 post
2636 3023 2932 3084 Neronem,
2969 3025 3416 3091 quemadnnulnm

1887 3113 2071 3164 scribit
2115 3112 2375 3163 Eusebius
2420 3113 2704 3177 Pamphili,
2767 3114 2979 3179 quando
3017 3122 3068 3164 et
3115 3114 3226 3178 ipse
3257 3129 3409 3165 evan-

1887 3206 2073 3273 gelista
2104 3205 2154 3256 in
2184 3205 2426 3256 Patmum
2455 3206 2652 3272 abipso
2683 3205 2985 3256 Domitiano
3011 3207 3269 3271 relegatus
3295 3214 3376 3256 est
3405 3224 3417 3257 :

1887 3306 1977 3348 aut
2026 3312 2140 3346 cam
2208 3310 2325 3362 qua:
2385 3295 2484 3345 sub
2533 3295 2716 3346 rnundi
2776 3294 3290 3346 consummationem
3357 3296 3424 3345 ab

1887 3385 2213 3436 Antichristo
2264 3384 2520 3434 adversus
2567 3382 2906 3434 Christianos
2959 3383 3278 3433 excitabitur
3333 3396 3425 3446 per

1889 3473 2196 3524 universum
2250 3472 2430 3522 orbem
2455 3509 2468 3529 .
2505 3471 2593 3536 qui
2630 3471 2965 3522 llhristianos
3014 3471 3299 3524 interimet.
3345 3469 3427 3520 Ab

1891 3571 2114 3626 utraque
2143 3560 2302 3626 igitur
2331 3560 2515 3610 harum
2548 3572 2604 3608 se
2638 3558 2896 3624 promittit
2925 3558 3272 3609 liberaturum
3300 3571 3427 3609 suos

1890 3659 2182 3702 sectatores
2208 3660 2258 3700 et
2290 3659 2578 3710 amatores,
2614 3647 2970 3713 praeripiendo
3002 3648 3119 3699 illos
3150 3664 3240 3713 per
3277 3661 3423 3699 mor-

1891 3748 1995 3790 tem
2031 3739 2096 3790 ab
2130 3738 2212 3789 liis
2252 3753 2370 3803 qua:
2397 3748 2524 3788 tunc
2559 3737 2889 3802 contingent,
2922 3751 2985 3788 ne
3021 3738 3153 3787 ultra
3189 3737 3236 3787 id
3284 3737 3427 3802 quod

1894 3829 2029 3879 ferre
2052 3836 2274 3892 possunt
2303 3826 2625 3890 amigantur.
2655 3825 2775 3875 Ideo
2804 3839 3016 3890 quoque
3047 3827 3117 3873 ait
3141 3825 3425 3875 Dominus:

1907 3915 2058 3964 Venio
2102 3916 2238 3972 cito,
2287 3914 2547 3976 siquidem
2583 3921 2699 3976 post
2755 3912 2896 3961 illam
2943 3911 3281 3961 alnictiouem
3321 3913 3426 3962 cito

1891 4002 2132 4062 veniam,
2167 4002 2268 4052 hoc
2319 4009 2400 4051 cst
2438 4001 2636 4064 absque
2670 3999 2773 4048 ulla
2814 3998 3067 4048 dilatione
3116 4013 3129 4046 :
3167 4012 3286 4046 nam
3331 3998 3427 4049 hoc

1895 4090 2156 4158 signiﬁcat
2192 4089 2312 4147 cito,
2343 4096 2598 4152 tanquam
2635 4085 2837 4134 diceret
2866 4102 2878 4135 :
2921 4082 3187 4149 Evesligio
3214 4085 3424 4134 veniam

1895 4196 2012 4232 cum
2050 4180 2132 4231 his
2160 4194 2273 4244 qum
2325 4179 2449 4228 ﬁent
2488 4173 2858 4226 aﬁlictionibus
2904 4190 2916 4225 :
2961 4182 3235 4238 propterea
3270 4174 3427 4224 etiam

1895 4270 2150 4324 denuntio
2185 4278 2238 4321 ut
2283 4278 2451 4320 tutum
2482 4265 2806 4317 conservctis
2851 4263 2969 4314 ﬁdei
3003 4263 3334 4326 thesaurum,
3368 4281 3431 4314 ne

1899 4371 2080 4429 pereat
2110 4355 2306 4412 corona
2336 4352 2627 4408 tolerantia:
2654 4363 2864 4405 vestrze.
3226 4405 3227 4408 η

1971 4449 2036 4501 In
2083 4449 2268 4513 templa
2319 4447 2407 4497 Dei
2449 4445 2563 4495 mei.
2607 4442 2761 4493 Prius
2807 4443 3005 4493 dictum
3043 4454 3123 4496 est
3166 4445 3304 4510 quod
3342 4444 3433 4497 Dei

1903 4543 1996 4591 mei
2025 4554 2127 4590 non
2161 4538 2306 4588 tollat
2340 4537 2568 4586 divinam
2624 4547 2742 4598 (μισ)
2779 4533 2827 4583 in
2857 4533 3069 4586 Christo
3109 4536 3434 4600 consliicitur

1903 4637 2168 4687 naturam,
2206 4627 2295 4674 sed
2342 4621 2772 4673 coexsistentiam
2808 4631 2859 4671 et
2903 4624 3154 4674 unionem
3179 4625 3432 4676 ostendit.

1900 4711 2058 4779 683
2088 4711 2418 4761 Demonstrat
2444 4708 2583 4757 enim
2620 4707 3040 4761 iudissolnhilem
3066 4727 3182 4763 esse
3209 4713 3435 4762 duarum

1902 4813 2207 4853 naturarum
2241 4799 2508 4857 unionem,
2541 4798 2855 4861 divinitatis,
2896 4802 3132 4863 inquam,
3173 4813 3223 4854 et
3253 4803 3438 4854 huma-

1901 4891 2082 4944 nitatis
2108 4890 2158 4940 in
2195 4904 2418 4955 persona
2444 4890 2650 4940 Domini
2687 4890 2835 4950 Jesn,
2869 4894 2966 4945 nisi
2999 4895 3112 4944 solo
3144 4894 3432 4950 intellectu,

1906 4991 2208 5045 quanqiiam
2272 4975 2567 5028 inconfuse.
2639 4978 2992 5031 Familiariter
3052 4995 3278 5044 namque
3336 4980 3433 5030 sibi

1908 5075 2090 5118 mutuo
2118 5064 2288 5116 reddit
2319 5065 2388 5116 ob
2418 5065 2765 5120 humanitatis
2791 5070 3228 5133 assumptiomrni,
3260 5068 3435 5117 divina

1909 5155 2177 5213 humanis.
2210 5163 2264 5206 et
2301 5155 2533 5208 humana
2572 5157 2770 5209 divinis
2814 5159 3100 5208 idiomatis.
3143 5158 3305 5207 l‘orro
3354 5157 3438 5205 hic.

1910 5243 2104 5308 tetnplo
2141 5241 2229 5294 Dei
2268 5245 2514 5296 columna
2553 5249 2917 5305 constituitur,
2955 5257 3009 5297 ut
3053 5247 3236 5297 fulciat
3264 5254 3314 5295 et
3351 5247 3438 5296 Ih-i

1910 5334 2050 5382 circa
2100 5345 2154 5383 se
2201 5334 2642 5398 muniﬁcentiam,
2671 5345 2723 5388 et
2767 5351 2857 5387 eos
2887 5337 2975 5401 qui
3007 5336 3227 5386 debilius
3269 5333 3440 5385 aﬂ'ecti

1915 5431 2055 5481 sunt,
2087 5420 2148 5471 ad
2184 5421 2558 5488 pcrfecﬁonem
2610 5424 2728 5476 ﬁdei
2777 5424 2998 5484 Christi,
3041 5437 3154 5487 qua:
3198 5421 3246 5470 iu
3292 5421 3444 5471 nobis

1915 5521 2015 5573 est,
2056 5513 2342 5564 exhortans
2376 5515 2510 5576 illos,
2549 5523 2602 5566 ut
2633 5523 2680 5566 et
2724 5514 2822 5579 ipsi
2864 5512 3004 5564 dono
3043 5510 3264 5564 docendi
3296 5512 3445 5562 sinti-
