4106 6334
705 345 807 408 559

1434 338 1437 341 λ
1490 347 1805 407 ΑΒΕΤΗᾸΞ
1843 346 2207 407 ΟᾸΞΞΑΒΕΑΞ
2250 346 2713 410 CAPPADOCIE
2764 345 3094 405 EPISCOPI

3744 344 3852 406 £60

702 457 823 509 liter
861 454 1157 523 proﬁciant.
1208 454 1272 512 In
1308 455 1491 526 templo
1523 466 1697 512 autem
1735 456 1823 509 Dei
1846 496 1860 519 ,
1904 466 1960 509 ut
2005 472 2215 523 semper
2244 471 2282 522 Α
2318 456 2518 507 σθενέσ·

2318 439 2664 522 σθενέστιερονΔ
2693 455 3078 521 διακειμένους,
3108 454 3192 522 ἐφ’
3236 452 3402 520 ὁμοίῳ
3432 453 3695 520 προκόψαι
3752 460 3852 505 καὶ

702 546 925 597 latetur.
954 543 1084 596 Nam
1122 546 1219 598 hoc
1243 556 1323 598 est
1354 547 1598 600 columna
1630 547 1682 597 in
1722 546 1919 613 templo
1952 544 2040 596 Dei
2075 545 2211 595 lieri.

701 633 971 699 Siquidem
1014 634 1105 700 qui
1162 634 1345 686 vicerit
1386 636 1717 687 adversarias
1768 642 2080 701 potestates,
2122 646 2216 685 co-

702 720 881 772 lumna
931 729 982 773 et
1020 721 1406 774 ﬁrmamentum
1450 724 1691 777 veritatis
1742 723 2107 785 constituitur,
2166 729 2221 774 et

702 807 819 873 ipse
864 805 1085 859 firmiter
1131 817 1185 860 et
1240 809 1640 864 immutabiliter
1688 811 1944 878 gaudens,
1992 818 2044 862 et
2089 809 2222 864 alios

703 896 925 950 fulciens
952 911 1019 950 ne
1045 897 1098 950 in
1128 896 1267 951 bono
1289 899 1533 952 excidant
1560 917 1588 951 a
1619 914 1716 953 sua
1746 900 1891 953 sede.

2319 544 2508 603 αὐτοὺς
2538 542 2887 609 διδασκαλικῷ
2923 542 3215 611 χαρίσματι
3251 543 3699 612 προτρεπόμενος.
3742 543 3851 593 Ἐν

2321 629 2398 693 τῷ
2434 629 2553 693 ναῷ
2583 631 2637 681 δὲ
2678 630 2782 682 τοῦ
2810 630 2975 695 Θεοῦ,
3000 631 3092 682 τοῦ
3128 631 3213 682 διά
3245 630 3439 692 παντὸς
3466 629 3848 698 εὐφραίνεσθαι

2323 721 2497 787 χάριν,
2533 719 2698 771 Τοῦτο
2734 720 2841 789 γὰρ
2870 718 2929 770 τδ
2970 719 3156 771 στύλον
3201 719 3450 786 γενέσθαι
3489 718 3565 787 τῷ
3604 716 3714 785 ναῷ
3749 716 3850 768 τοῦ

2325 808 2477 875 Θεοῦ.
2556 808 2613 860 '0
2664 808 2770 877 γάρ
2826 809 3050 876 νικητὴς
3106 808 3213 861 τῶν
3266 807 3515 859 ἐναντίων
3556 807 3853 873 δυνάμεων,

2281 900 2286 906 ’
2328 898 2512 961 στύλος
2550 898 2641 950 καὶ
2662 898 2931 967 ἑδραίωμα
2968 898 3283 950 καθίσταται
3324 896 3424 964 τῆς
3454 895 3719 964 ἀληθείας,
3743 894 3853 947 ab-

700 988 793 1050 τός
864 1003 923 1040 τε
986 988 1397 1057 εὐφραινόμενος
1448 976 1902 1057 ἀμετατρέπτως,
1956 988 2048 1039 καὶ
2094 986 2217 1049 τοὺς
2253 987 2439 1051 ἄλλους
2500 989 2714 1058 ἐρείδων
2742 988 2833 1040 τοῦ
2872 989 2947 1058 μὴ
2976 989 3060 1040 ἐπ’
3122 987 3330 1056 ἀγαθῷ,
3359 987 3459 1056 τῆς
3500 986 3699 1047 οἰκείας
3754 986 3852 1035 ικ-

702 1071 886 1145 στῆναι
917 1074 1098 1143 ιδρις.

768 1165 836 1218 Et
880 1167 1104 1218 scribam
1156 1179 1307 1231 super
1338 1178 1466 1217 eum
1515 1182 1699 1219 nomen
1740 1166 1835 1220 Dei
1872 1168 1991 1220 inci.
2048 1164 2222 1232 Super

701 1255 1002 1307 columnam
1055 1253 1421 1321 spiritualem,
1474 1268 1595 1307 eum
1654 1270 1845 1322 nempe
1897 1256 1989 1322 qui
2028 1255 2221 1307 divinis

700 1342 863 1409 jussis
894 1342 959 1394 ad
990 1341 1394 1394 imbecillion
1425 1341 1793 1395 fulcimentum
1826 1343 2088 1409 perfectus
2120 1351 2220 1406 est,

704 1430 866 1483 scribi
914 1429 1043 1483 dicit
1080 1443 1271 1482 nomen
1326 1429 1414 1483 Dei
1456 1440 1505 1481 et
1553 1444 1743 1482 nomen
1769 1431 2001 1483 civitatis
2038 1428 2226 1493 ,Jeru-

705 1521 869 1569 salem
902 1532 1049 1570 novae
1088 1535 1101 1570 :
1142 1532 1335 1570 novam
1361 1517 1658 1571 Jerusalem
1689 1519 1910 1587 ejusque
1940 1534 2129 1572 nomen
2168 1532 2230 1571 ac

707 1606 798 1658 Dei
832 1619 1025 1659 nomen
1078 1618 1183 1658 non
1212 1604 1353 1657 aliud
1398 1590 1669 1674 quippiam
1705 1606 1889 1661 dicens
1924 1622 2082 1674 quam
2115 1608 2227 1673 glo-

705 1696 841 1747 riam
883 1694 994 1745 sive
1025 1692 1401 1761 cognitionem.
1456 1694 1595 1748 sicut
1621 1704 1676 1747 et
1703 1694 1864 1749 David
1921 1712 1935 1749 :
1991 1713 2010 1745 ι
2059 1694 2229 1759 Quam

2390 1158 2711 1225 Καὶτράψω
2730 1159 2822 1211 ἐπ’
2854 1159 3037 1213 αὑτὸν
3072 1158 3137 1211 τὸ
3192 1160 3374 1227 ὄνομα
3403 1158 3505 1211 τοῦ
3533 1160 3680 1212 Θεοῦ
3702 1177 3854 1227 μου.

2336 1247 2454 1301 Ἐπὶ
2480 1247 2569 1299 τὸν
2591 1248 2773 1313 νοητὸν
2801 1247 3001 1312 στύλον,
3024 1250 3081 1308 ὃς
3143 1249 3287 1301 ἐστιν
3312 1248 3339 1298 ὁ
3374 1250 3482 1309 τοῖς
3513 1248 3671 1309 θείοις
3692 1268 3861 1319 προσ-

2323 1336 2591 1402 τάγμασιν
2654 1337 2737 1413 εἰς¹
2777 1336 3000 1403 ῑρεισμα
3024 1335 3131 1387 τῶν
3173 1337 3564 1406 ἀσθενεστέρων
3592 1356 3854 1407 κατηρτι-

2328 1426 2541 1493 σμένος,
2574 1426 2845 1495 γραφῆναί
2884 1442 3015 1492 φησι
3059 1427 3118 1479 to
3158 1426 3323 1494 ὄνομα
3351 1428 3443 1479 τοῦ
3484 1428 3640 1490 Θεοῦ,
3671 1431 3759 1482 καὶ
3793 1433 3864 1481 τὸ

2327 1515 2491 1584 ὄνομα
2515 1517 2611 1584 τῆς
2666 1515 2868 1577 πόλεως
2890 1516 2977 1567 τοῦ
3009 1516 3142 1568 Θεοῦ
3174 1516 3310 1586 (17⁸)
3358 1517 3702 1585 Ἰερουσαλὴμ
3756 1522 3863 1587 τῆς

2329 1605 2533 1672 καινῆς·
2594 1604 2784 1674 καινὴν
2834 1606 3195 1675 Ἰερουσαλὴμ,
3230 1609 3321 1658 καλ⁵
3361 1607 3420 1657 τὸ
3468 1606 3635 1674 ὄνομα
3666 1607 3860 1677 αὐτῆς,

2328 1692 2417 1743 καὶ
2446 1692 2535 1744 τοῦ
2565 1693 2697 1745 Θεοῦ
2725 1694 2785 1745 τὸ
2805 1694 2970 1763 ὄνομα
3000 1696 3095 1746 οὐκ
3127 1694 3249 1746 ἀλλο
3273 1711 3325 1745 τι
3352 1694 3543 1759 λέγων,
3568 1694 3601 1761 ἦ
3624 1696 3717 1763 τὴν
3761 1696 3859 1747 δός

707 1781 1021 1835 admirabile
1061 1790 1146 1833 est
1174 1794 1365 1833 nomen
1403 1789 1552 1834 tuum
1583 1782 1634 1834 in
1665 1784 1904 1836 universa
1934 1792 2074 1836 terra
2099 1783 2165 1848 ",
2199 1801 2217 1833 ι
2248 1766 2296 1825 Β
2325 1778 2438 1841 ξαν,
2467 1781 2518 1849 ἧι

2325 1778 2438 1841 ξαν,
2467 1781 2583 1849 ἦτοι
2620 1780 2720 1849 τὴν
2776 1780 2993 1846 γνῶσιν,
3024 1779 3203 1843 καθὼς
3251 1780 3344 1832 καὶ
3395 1782 3423 1831 ὁ
3475 1780 3637 1831 Δαυῖδ
3661 1795 3676 1811 ⁸
3716 1797 3735 1831 ι
3768 1780 3865 1840 Ὠς

709 1871 809 1923 hoc
859 1880 943 1922 est
980 1870 1148 1921 honor
1192 1880 1246 1921 et
1298 1869 1371 1921 tui
1415 1869 1666 1937 cognitio.
1708 1869 1762 1923 In
1809 1871 1999 1924 tabulis
2050 1872 2227 1937 itaque

707 1957 881 2009 cordis
936 1956 1230 2023 spiritualis
1272 1957 1535 2010 columnae
1583 1958 1836 2026 scriptum
1900 1967 1982 2012 est.
2033 1974 2224 2012 nomen

707 2044 821 2107 Dei.
854 2046 963 2099 sive
989 2046 1307 2114 cognitionis
1347 2046 1459 2099 sive
1494 2047 1695 2114 gloria,
1725 2048 1970 2101 similiter
2006 2056 2061 2100 et
2094 2048 2225 2101 civi-

705 2138 829 2189 tatis
854 2134 1147 2201 Jerusalem
1181 2151 1193 2186 :
1229 2134 1319 2187 Dei
1345 2133 1577 2201 quidem,
1608 2149 1797 2203 nempe
1826 2136 1968 2202 quod
2007 2145 2224 2188 sanctus

705 2226 794 2287 sit,
820 2224 961 2292 quod
990 2224 1187 2292 justus,
1217 2238 1281 2276 ac
1307 2223 1533 2277 reddens
1563 2222 1849 2290 unicuique
1873 2223 2019 2289 juxta
2044 2239 2221 2290 opera,

705 2315 848 2381 quod
902 2314 1044 2365 Omni
1102 2311 1339 2365 bonitate
1382 2312 1604 2379 plenus,
1657 2311 1953 2378 talibusque
1992 2312 2226 2378 gaudens

707 2400 999 2453 cultoribus
1038 2415 1051 2449 :
1089 2400 1257 2465 ipsius
1308 2406 1483 2450 autem
1520 2395 1809 2450 Jerusalem
1835 2434 1851 2459 ,
1908 2399 2050 2464 quod
2095 2398 2224 2450 dileo

707 2496 849 2541 ctum
885 2488 951 2538 sit
982 2485 1071 2537 Dei
1107 2484 1505 2538 tabernaculum
1535 2494 1589 2539 et
1628 2500 1754 2539 suos
1781 2487 1921 2539 cives
1949 2486 2013 2537 ad
2042 2500 2225 2552 super-

708 2591 834 2629 nam
862 2575 1181 2639 transmittat
1204 2574 1538 2642 metropolim
1564 2589 1579 2627 :
1618 2588 1736 2641 qua:
1762 2572 1983 2625 inferior
2008 2571 2227 2625 Jerusa-

618 2732 621 2737 ι
710 2667 811 2718 lem
837 2673 1086 2729 tanquam
1109 2664 1320 2716 colonia
1339 2675 1582 2729 superna:
1605 2661 1967 2724 constituitur,
1994 2660 2228 2713 retinens

706 2768 800 2807 eos
827 2754 916 2820 qui
953 2753 1162 2803 interim
1192 2751 1247 2803 in
1286 2751 1400 2817 ipsa
1438 2756 1717 2802 versantur
1744 2757 1997 2815 tanquam
2038 2745 2227 2799 litteris

709 2851 916 2895 utentes
940 2856 1000 2894 ac
1030 2855 1272 2909 supernae
1298 2840 1419 2892 vitae
1451 2838 1758 2891 interiorem
1803 2845 2063 2903 aptantes.
2121 2832 2227 2887 Eos

709 2932 870 2997 igitur
898 2930 988 2997 qui
1029 2938 1210 2981 mutua
1246 2928 1345 2981 hac
1375 2928 1638 2993 scriptura
1681 2934 1927 2991 tanquam
1961 2923 2224 2976 indelebili

707 3020 961 3073 memoria
1002 3015 1329 3085 (hujusmodi
1374 3016 1515 3068 enim
1567 3023 1649 3067 est
1694 3015 1984 3080 scriptura,
2038 3027 2225 3079 nempe

707 3124 825 3175 qua:
858 3108 1131 3161 stabiliora
1164 3105 1354 3158 emciat
1384 3118 1446 3156 ea
1484 3117 1602 3170 qua:
1635 3102 1771 3155 facta
1798 3102 1941 3169 sunt)
1972 3110 2024 3153 et
2056 3100 2146 3153 Dei
2177 3110 2229 3153 et

710 3211 950 3263 superna:
982 3193 1277 3246 Jerusalem
1306 3190 1487 3258 gloria:
1520 3197 1730 3255 gestant
1769 3190 1992 3255 insigne,
2019 3203 2085 3240 an
2125 3202 2229 3239 non

709 3285 862 3335 divos
889 3283 1145 3348 quosdam
1169 3281 1384 3347 dignum
1406 3289 1486 3331 est
1514 3278 1816 3345 appellare?
1844 3276 2008 3329 Porro
2037 3291 2229 3328 nomen

712 3383 906 3422 novum
936 3368 1279 3433 intelligimus
1314 3367 1513 3418 sanctis
1544 3364 1871 3431 impositum,
1905 3364 2046 3431 quod
2072 3362 2233 3431 684

710 3459 894 3519 etiam,
929 3466 1118 3523 prater
1144 3454 1543 3507 delectationem
1574 3454 1736 3504 divini
1764 3454 1999 3505 muneris
2024 3462 2077 3505 et
2102 3452 2233 3503 frui-

712 3548 911 3597 tionem
942 3544 1148 3597 decoris
1188 3542 1665 3609 incorruptibilium
1704 3542 1985 3601 bonorum,
2022 3541 2148 3607 ipsis
2179 3542 2231 3592 in

714 3634 893 3686 futuro
926 3633 1119 3685 seculo
1148 3640 1395 3698 tanquam
1429 3631 1634 3697 insigne
1656 3631 1866 3683 additur
1899 3638 2233 3697 :etpraeter-

636 3718 641 3723 ’
714 3736 773 3774 ea
822 3721 904 3774 his
958 3721 1049 3788 qui
1103 3734 1242 3771 nunc
1288 3718 1625 3769 invenientur
1691 3716 1885 3771 Christi
1938 3718 2128 3769 fratres
2180 3726 2232 3770 et

712 3812 867 3863 amici
907 3825 968 3863 ac
1004 3810 1249 3862 cultores.

1295 4001 1517 4054 CAPUT
1553 4001 1638 4053 IX.

716 4112 841 4174 Quae
874 4114 1163 4180 signiﬁcata
1193 4125 1311 4181 sunt
1344 4116 1521 4181 angelo
1546 4115 1787 4167 Ecclesia:
1816 4116 2227 4167 Laodicensium.

788 4276 882 4339 III,
940 4278 1118 4329 14-47.
1182 4277 1247 4328 Et
1310 4280 1487 4346 angelo
1540 4281 1785 4334 Ecclesia:
1841 4282 2227 4335 Laodicensium

718 4366 881 4416 scribe
925 4381 941 4416 :
999 4366 1123 4417 llwc
1162 4367 1286 4418 (lirit
1331 4370 1487 4421 Amen
1531 4374 1617 4437 qui
1662 4383 1734 4424 est
1786 4376 1925 4424 testis
1963 4374 2131 4439 ﬁdelis
2183 4384 2230 4425 et

717 4470 891 4516 rerus,
939 4457 1241 4522 principium
1287 4471 1534 4511 creatura:
1578 4460 1717 4513 Dei:
1756 4460 1889 4514 Nori
1930 4480 2082 4530 opera
2115 4476 2224 4524 tua,

718 4542 1053 4609 quod_neque
1101 4546 1317 4611 frigidus
1364 4548 1433 4597 sis
1491 4564 1643 4610 neque
1693 4552 1911 4617 fervidus
1964 4566 1981 4603 :
2033 4553 2229 4605 utinam

719 4632 939 4697 [rigidus
968 4649 1097 4685 esses
1136 4644 1225 4685 aut
1254 4636 1494 4701 fervidus.
1531 4636 1717 4705 Itaque
1747 4642 1985 4706 quoniam
2030 4643 2227 4708 tepidus

719 4738 769 4772 es
809 4728 855 4771 et
881 4736 1034 4786 neque
1063 4724 1281 4787 fervidus
1323 4742 1476 4791 neque
1502 4727 1740 4794 frigidus,
1771 4730 2010 4796 incipiam
2046 4741 2091 4782 te
2120 4746 2231 4781 evo-

720 4823 853 4860 mere
872 4824 934 4859 επ
958 4826 1040 4860 ονε
1059 4827 1188 4864 meo.
1222 4814 1475 4875 Quoniam
1507 4816 1632 4867 dicis
1662 4833 1678 4868 :
1711 4817 1854 4869 Dives
1887 4836 1999 4871 sum
2023 4829 2070 4872 et
2094 4820 2230 4870 dita-

722 4905 802 4949 tus
824 4912 956 4959 sum,
987 4906 1030 4948 et
1058 4898 1247 4949 nullius
1286 4916 1435 4966 egeo:
1464 4912 1510 4953 et
1550 4906 1711 4955 nescis
1734 4907 1867 4973 quod
1895 4917 1948 4958 tu
1978 4909 2049 4961 sis
2079 4908 2230 4959 miser

718 4996 768 5037 et
805 4986 1107 5037 miserabilis
1128 5024 1143 5048 ,
1183 4996 1228 5037 et
1267 4999 1457 5055 pauper
1478 5001 1524 5043 et
1553 5007 1714 5044 cacus
1746 5011 1805 5046 ac
1837 4997 2022 5047 nudus.

790 5244 956 5297 Amen
1022 5258 1102 5297 cst
1168 5246 1435 5312 profecto,
1494 5263 1655 5306 certe.
1718 5256 1871 5313 Certe
1932 5258 2093 5325 igitur
2154 5264 2235 5310 est

794 5393 841 5428 ⁸⁸
861 5397 994 5448 Psal.
1018 5414 1132 5463 vnn,
1154 5400 1207 5464 2,
1242 5399 1301 5451 l0

798 5542 927 5609 (17‘)
958 5543 1057 5594 Τοῦ
1091 5545 1217 5596 Θεοῦ
1247 5549 1513 5601 omittebat
1542 5552 1681 5617 vulg.

2323 1867 2630 1935 θαυμαστὸν
2674 1867 2733 1919 τὺ
2772 1866 2941 1935 δνομά
2986 1884 3076 1919 σου
3122 1867 3179 1918 έν
3206 1867 3351 1936 πάσῃ
3386 1867 3451 1934 τῇ
3484 1866 3594 1933 γῇι
3674 1883 3693 1916 ι
3739 1868 3863 1919 ἀντὶ

2322 1955 2434 2016 τοῦ,
2477 1956 2540 2007 Ἦ
2569 1955 2722 2025 τιμὴ,
2748 1958 2781 2025 ἡ
2823 1956 2949 2024 περὶ
2983 1955 3077 2009 σοῦ
3132 1955 3346 2023 γνῶσις.
3398 1954 3484 2005 Ἐν
3522 1954 3642 2014 ταῖς
3694 1954 3861 2018 πλαξὶ

2322 2044 2606 2113 τοιγαροῦν
2654 2045 2754 2112 τῆς
2784 2044 3005 2111 καρδίας
3031 2047 3125 2096 τοῦ
3165 2042 3353 2113 νοητοῦ
3392 2044 3581 2095 στύλου
3625 2044 3862 2112 γραφέν·
3948 2079 3957 2087 -

2321 2151 2409 2195 τος
2442 2134 2533 2186 τοῦ
2558 2135 2814 2203 ὀνόματος
2844 2134 2936 2185 τοῦ
2960 2133 3116 2195 Θεοῦ,
3144 2134 3308 2201 ἧγουν
3334 2132 3431 2201 τῆς
3458 2133 3729 2199 γνώσεως,
3753 2133 3857 2199 τῆς

2318 2223 2495 2291 δόξης,
2532 2223 2788 2286 ὡσαύτως
2812 2226 2903 2277 καὶ
2929 2224 3024 2291 τῆς
3065 2222 3449 2291 Ἰερουσαλήμο
3479 2223 3573 2275 τοῦ
3620 2222 3716 2291 μὲν
3763 2220 3862 2273 τοῦ

2322 2317 2473 2381 Θεοῦ,
2498 2318 2571 2375 ὡς
2603 2318 2773 2384 ἅγιος,
2820 2320 2894 2381 ὡς
2935 2319 3139 2379 δίκαιος
3178 2320 3270 2369 καὶ
3311 2317 3588 2379 ἀποδιδοὺς
3644 2317 3860 2385 έκάστῳ

2327 2408 2466 2456 κατά
2498 2407 2564 2458 τὰ
2599 2407 2755 2474 ἔργα,
2777 2407 2849 2466 ὡς
2888 2390 3064 2475 πάσης
3107 2408 3436 2474 ἀγαθότητος
3494 2406 3726 2473 πλήρης,
3760 2404 3859 2455 καὶ

2325 2492 2581 2553 τοιούτοις
2620 2493 2820 2562 χαίρων
2873 2494 3197 2561 θεράπουσι*
3241 2494 3340 2561 τῆς
3398 2490 3742 2559 Ἰερουσαλὴμ
3776 2488 3859 2549 δὲ,

2325 2578 2397 2637 ὡς
2416 2577 2546 2629 Θεοῦ
2580 2578 2839 2646 σκήνωμα
2861 2579 3133 2645 ἀγαπητόν
3162 2581 3275 2630 ἐστι
3301 2578 3545 2639 καὶτοὺς
3572 2578 3735 2643 αὐτῆς
3761 2592 3863 2626 πο⁶

2324 2664 2473 2727 λίτας
2518 2665 2651 2733 πρὸς
2701 2664 2797 2732 τὴν
2856 2665 2964 2717 ἄνω
3009 2665 3444 2732 παραπέμπουσα
3506 2662 3858 2734 μητρόπολιν,

2323 2754 2442 2822 ἥτις
2483 2752 2630 2805 κάτω
2679 2752 3054 2822 Ἰερουσαλὴμ,
3080 2751 3264 2820 ὥσπερ
3299 2751 3563 2819 μετοίκιον
3614 2749 3713 2816 τῆς
3746 2749 3861 2801 ἀνω

2329 2842 2664 2904 καθίσταται,
2694 2844 2817 2903 τοὺς
2846 2842 2980 2903 τέως
3017 2840 3449 2905 ὲνδιαιτωμένους
3466 2842 3522 2891 ὲν
3538 2839 3693 2907 αὐτῇ.
3724 2839 3863 2889 οίον-

2324 2935 2372 2985 εὶ
2432 2933 2714 3001 γράμμασι
2767 2931 3105 2998 χρωμένους,
3184 2932 3247 2998 τῇ
3294 2930 3403 2981 ἀνω
3451 2927 3706 2996 ἐμϐιώσει
3761 2928 3863 2996 τὴν

2255 3054 2295 3109 C
2326 3023 2472 3073 κάτω
2513 3019 2865 3088 ρυθμίζοντας
2908 3018 3333 3086 κατέχουσα.Τῇ
3379 3015 3694 3084 καταλλήλῳ
3750 3015 3862 3084 γὰρ

2327 3105 2416 3160 οὖν
2444 3108 2615 3177 ταύτῃ
2638 3110 2836 3177 γραφῇ,
2876 3108 3140 3167 τουτέστι,
3172 3109 3236 3175 τῇ
3283 3106 3617 3174 ἀνεπιλὴστῳ
3673 3107 3862 3175 μνήμῃ

2330 3198 2583 3266 (τοιοῦτον
2617 3200 2784 3268 γὰρὴ
2823 3198 3003 3266 γραφὴ
3054 3198 3129 3258 ὡς
3170 3198 3533 3265 μονιμώτερον
3564 3199 3670 3251 τῶν
3711 3215 3867 3265 γενο-

2336 3286 2508 3351 μένων
2551 3285 2948 3351 ὲκτελουμένη),
2979 3286 3074 3349 τῆς
3120 3298 3178 3333 τε
3214 3282 3304 3331 τοῦ
3350 3282 3480 3331 Θεοῦ
3513 3282 3605 3331 καὶ
3630 3282 3722 3347 τῆς
3748 3280 3865 3332 ἄνω

2341 3372 2685 3438 Ἰερουσαλὴμ
2722 3371 2819 3436 τῆς
2848 3370 3001 3438 δόξης
3023 3370 3081 3421 τὸ
3111 3370 3431 3437 παράσημον
3489 3369 3862 3437 κομιζόμενοι,

2330 3460 2446 3519 πῶς
2493 3460 2555 3511 οὐ
2612 3458 2741 3509 θεῖοί
2788 3474 2929 3518 τινες
2974 3458 3395 3525 χρηματίζοιενς
3452 3457 3523 3507 Τὸ
3574 3456 3629 3508 δὲ
3682 3458 3867 3508 καινὸν

2330 3547 2494 3614 ὄνομα
2540 3545 2863 3613 νοοῦμεν,τδ
2903 3545 3269 3611 ἐπιτιθέμενον
3307 3546 3417 3604 τοῖς
3456 3545 3646 3609 ἀγίοις,
3672 3544 3700 3595 δ
3758 3547 3860 3596 καὶ

2329 3636 2460 3703 πρὸς
2478 3637 2541 3701 τῇ
2574 3634 2873 3704 εὐφροσύνῃ
2896 3634 2992 3701 τῆς
3022 3633 3168 3694 θείας
3204 3634 3405 3702 δωρεᾶς
3438 3634 3529 3684 καὶ
3570 3633 3867 3685 ἀπολαύσει

2328 3723 2419 3775 τοῦ
2454 3725 2679 3795 κάλλους
2708 3723 2813 3773 τῶν
2842 3721 3127 3789 ἀκηράτων
3160 3721 3371 3787 ἀγαθῶν
3416 3724 3471 3773 εν
3505 3721 3579 3789 τῷ
3620 3720 3864 3789 μέλλοντι

2330 3808 2481 3860 αίῶνι
2504 3810 2681 3869 αὐτοῖς
2702 3809 2767 3861 ἂν
2784 3808 3053 3877 γνώριμον
3071 3808 3163 3859 καὶ
3180 3812 3288 3870 τοῖς
3304 3809 3618 3877 ληψομένοις
3642 3811 3747 3869 τοῖς
3764 3809 3867 3860 νῦν

2327 3897 2566 3963 ἀδελφοῖς
2586 3895 2815 3965 Χριστοῦ
2842 3897 3115 3964 καὶφίλοις
3137 3898 3225 3947 καὶ
3247 3897 3556 3964 θεράπουσι,
3581 3898 3863 3966 πρόσεστι.

2898 4007 3138 4057 ΚΕΦΑΔ.
3194 4006 3267 4056 ϐ’.

2336 4114 2407 4164 Τὰ
2434 4113 2764 4178 δηλωθέντα
2782 4112 2929 4178 πρὸς
2953 4111 3056 4162 τὸν
3096 4110 3203 4175 τῆς
3243 4110 3572 4163 Λαοδικέων
3618 4113 3865 4177 Ἐκκλη-

2870 4180 3007 4240 σίας
3029 4178 3299 4244 ἄγγελον.

2399 4286 2503 4338 Kal
2528 4285 2605 4349 τῷ
2630 4284 2854 4352 ἀγγέλῳ
2882 4282 2987 4348 τῆς
3017 4283 3084 4333 ἐν
3127 4282 3435 4346 Λαοδικείᾳ
3497 4285 3864 4349 Ἐκκλησίος

2334 4371 2559 4439 γράψον
2590 4387 2604 4399 ⁸
2642 4370 2781 4423 Τάδε
2801 4370 2957 4436 λέγει
2986 4372 3018 4423 ό
3048 4371 3243 4436 Ἀμὴν,
3268 4373 3299 4421 ό
3320 4370 3545 4437 μάρτυς
3576 4375 3607 4423 ό
3639 4373 3859 4438 πιστός

2333 4462 2427 4511 καὶ
2472 4459 2775 4534 ἀληθινὸς,
2807 4460 2841 4525 ἠ
2894 4458 3044 4524 ἀρχὴ
3087 4458 3193 4522 τῆς
3248 4460 3489 4523 κτίσεως
3527 4460 3632 4511 τοῦ
3675 4461 3859 4513 Θεοῦ·

2338 4546 2477 4599 Οἶδά
2530 4562 2642 4601 σου
2688 4549 2759 4599 τὰ
2794 4547 2955 4613 ἔργα,
3006 4545 3093 4596 ὅτι
3149 4546 3287 4596 οὒτε
3334 4545 3563 4612 ψυχρὸς
3612 4542 3681 4609 εἴ,
3717 4548 3862 4599 οὔτε

2336 4636 2551 4699 ζεστός.
2612 4638 2864 4702 Ὀφελον
2914 4634 3145 4701 ψυχρὸς
3221 4633 3328 4698 ἧς,
3378 4633 3415 4699 ἢ
3458 4632 3675 4697 ζεστός.
3742 4637 3860 4685 Οὗ-

2336 4744 2443 4789 τως
2484 4726 2568 4776 ὅτι
2595 4725 2833 4792 χλιαρὸς
2864 4720 2920 4776 εἶ
2954 4723 3048 4773 καί
3091 4723 3159 4772 οὐ
3195 4720 3391 4783 ζεστὸς
3423 4722 3557 4772 οὔτε
3602 4724 3859 4787 ψυχρὸς,

2330 4812 2533 4879 μέλλω,
2576 4826 2647 4862 σε
2722 4810 2923 4877 ἐμέσαι
2972 4810 3037 4860 ἐκ
3084 4807 3185 4858 τοῦ
3239 4810 3531 4873 στόματός
3573 4828 3688 4875 μου
3723 4828 3734 4840 ·
3763 4812 3861 4866 ὅτι

2334 4899 2547 4964 λέγεις,
2579 4898 2663 4948 ὅτι
2714 4896 3007 4960 Πλούσιός
3048 4897 3161 4961 εἰμι
3206 4896 3299 4946 καὶ
3329 4900 3725 4963 πεπλούτηκα,
3756 4902 3863 4952 καὶ

2338 4992 2577 5054 οὐδενὸς
2621 4991 2823 5056 χρείαν
2878 4990 3010 5055 ἔχω.
3044 4988 3149 5039 Kal
3177 4990 3283 5040 οὐκ
3323 4986 3483 5053 οἶδας
3514 4992 3595 5041 ὅτι
3631 4991 3710 5043 σὺ
3732 4988 3787 5043 εἴ
3826 4997 3865 5046 ό

2340 5080 2701 5145 ταλαίπωρος
2739 5079 2830 5129 καί
2859 5080 2907 5143 ὁ⁸
2931 5078 3206 5141 ἐλεεινὸς,
3243 5080 3334 5131 καί
3366 5082 3592 5146 πτωχὸς
3633 5083 3725 5136 καί
3752 5100 3864 5135 τυ-

2340 5170 2492 5235 φλὸς
2516 5169 2609 5219 καί
2662 5168 2903 5234 γυμνός.

2421 5257 2585 5325 Ἀμήν
2631 5257 2742 5307 ἐστι
2790 5258 2848 5306 τὸ
2872 5255 2977 5307 ναί.
3028 5256 3130 5308 Ναὶ
3160 5252 3248 5310 οὖν
3282 5260 3422 5325 ἐστιν
3465 5257 3519 5311 ἑν
3551 5258 3691 5328 πᾶσι⁸
3743 5260 3867 5320 τοῖς
