4106 6334
673 208 772 274 563

1463 215 1779 274 ARETH/E
1817 216 2186 281 CAESARE/‘13
2220 221 2687 281 CAPPADOCUE
2727 220 3062 282 EPISCOPI

3733 212 3849 280 56$

675 324 973 390 baptizatus
1027 331 1077 374 et
1109 336 1212 374 non
1247 321 1474 389 tepidus.
1514 324 1785 392 Siquidem
1839 329 1882 380 is
1921 329 2014 396 qui
2067 343 2203 382 nou-
2231 355 2278 410 Α
2307 334 2544 401 σωτήρια
2575 334 2658 385 ὲαι

2307 334 2544 401 σωτήρια
2575 334 2768 403 ἐαυτῷ.
2809 334 2868 389 Ὀ
2895 335 2950 386 δὲ
2976 333 3212 401 χλιαρὸς,
3238 332 3310 392 ὡς
3341 332 3437 401 ήδη
3471 329 3847 398 παρεθέμεθα.

673 415 798 464 dum
837 411 1070 477 Spiritus
1121 413 1346 478 gratiam
1390 415 1593 480 accepit
1633 430 1724 482 pcr
1772 415 2114 482 baptismum,
2147 418 2200 471 in

671 516 763 566 spe
787 509 1026 552 versatur
1055 502 1196 568 quod
1221 502 1508 569 aliquando
1538 518 1599 556 ca
1648 520 1766 572 quae
1816 505 1914 558 sibi
1944 506 2198 560 salutaria

2308 423 2496 489 μικρὸν
2559 424 2691 491 πρὸς
2737 426 2802 493 τῇ
2851 422 2999 484 ζέσει
3058 422 3149 472 καὶ
3195 421 3256 471 τό
3303 437 3429 472 ποτε
3487 419 3853 488 βαπτισθῆναι

2301 510 2594 579 ἀφῄρηται.

669 601 796 646 sunt
824 593 1082 661 accipiet:
1126 605 1178 646 at
1200 597 1427 663 tepidus,
1462 597 1625 650 veluti
1656 599 1765 666 jam
1789 600 2196 664 declaravimus,
2237 617 2424 670 parum
2464 605 2624 659 liabet
2687 605 2754 659 ad
2783 604 3069 666 fervorem,
3099 611 3151 656 et
3213 617 3277 656 eo
3319 601 3460 654 bono
3495 600 3727 666 privatus
3758 604 3857 651 est

669 685 810 750 t‘ptod
835 686 1152 752 quandoque
1188 686 1540 753 baptizandus
1570 689 1661 740 sit.

739 774 994 843 Incipiam
1045 789 1090 829 te
1135 794 1381 832 evomere.
1423 778 1730 847 Metapliura
1785 780 1940 848 tepidi
1993 782 2199 836 decenti

668 869 826 918 modo
855 883 982 920 usus
1006 876 1105 928 est,
1140 867 1281 933 quod
1307 868 1498 921 medici
1526 870 1588 920 ad
1613 868 1864 920 vomitum
1908 884 2198 936 procuran-

666 958 787 1007 dum
819 966 1119 1010 assumunt.
1150 957 1298 1010 Unde
1329 973 1449 1010 cum
1471 957 1633 1025 aliqui
1662 957 1935 1011 dillieulter
1955 969 2194 1021 vomunt,

667 1048 854 1112 tepida:
903 1061 1053 1113 aquze
1079 1049 1295 1113 potione
1346 1049 1604 1099 vomitum
1661 1062 1877 1099 sursqu
1931 1048 2190 1101 educunt.

666 1133 776 1187 Hoc
808 1151 1020 1204 quoque
1043 1137 1169 1189 dicit
1203 1155 1214 1189 :
1247 1136 1497 1204 Incipiam
1525 1145 1573 1188 te
1603 1136 1747 1188 velut
1778 1137 2190 1190 abominandum

663 1227 839 1276 cilium
875 1241 1142 1286 evomere,
1199 1226 1300 1277 lioe
1348 1235 1450 1288 est,
1483 1240 1576 1291 per
1611 1239 1910 1277 sermonem
1946 1225 2056 1278 oris
2093 1227 2192 1277 mei

664 1315 913 1378 rejectum
948 1330 976 1366 a
1031 1330 1145 1366 mea
1203 1314 1565 1366 familiaritate
1626 1313 1926 1366 ostendere.
1967 1313 2033 1365 Et
2075 1328 2195 1379 quae

667 1404 856 1454 borum
888 1403 1183 1455 estcausa?
1205 1402 1338 1465 Quia
1374 1403 1424 1454 in
1459 1402 1675 1454 incertis
1705 1400 1904 1453 divitiis
1931 1416 2076 1466 spem
2101 1417 2195 1470 po-

660 1493 841 1551 sitisti.
873 1502 924 1543 et
953 1494 1154 1546 semine
1195 1491 1339 1544 verbi
1379 1491 1464 1543 Dei
1523 1491 1657 1543 inter
1696 1491 1877 1558 spinas
1914 1491 2191 1556 suﬂ‘ocato,

659 1577 823 1644 686
861 1578 958 1630 hoc
988 1588 1067 1629 cst
1104 1578 1239 1630 inter
1289 1578 1609 1630 tentationes
1644 1577 1804 1645 bujus
1841 1577 1959 1631 vitae
1993 1594 2055 1632 ac
2097 1595 2193 1634 sm-

662 1667 922 1716 Cularium
973 1666 1298 1725 divitiarum,
1338 1666 1664 1733 spiritualem
1730 1672 1873 1718 tuam
1914 1655 1967 1720 et
2008 1682 2193 1736 perpe-

659 1763 803 1806 tuam
842 1766 1200 1822 paupertatem
1257 1756 1510 1824 ignorasti
1547 1755 1620 1808 ⁷⁸.

727 1866 981 1928 Quoniam
1012 1869 1137 1920 dicis
1171 1885 1187 1921 :
1220 1868 1368 1922 Dives
1398 1886 1532 1922 sum.
1579 1870 1799 1924 Divitias
1833 1881 1984 1926 vocat
2025 1883 2191 1926 terre-

657 1972 752 2009 nas
782 1957 1015 2009 divitias.
1059 1958 1270 2024 Ignoras
1301 1959 1443 2026 quod
1491 1971 1545 2012 tu
1583 1971 1631 2014 te
1685 1963 1937 2016 miserum
1998 1963 2189 2017 reddas

655 2042 793 2095 inter
814 2059 905 2096 eos
924 2047 1013 2110 qui
1049 2055 1272 2112 pereunt
1301 2064 1312 2095 :
1341 2046 1461 2097 ideo
1486 2061 1696 2114 quoque
1722 2050 2189 2104 commiseratione

654 2134 847 2198 dignus
878 2150 955 2191 es.
992 2144 1046 2184 ut
1081 2135 1170 2200 qui
1197 2150 1223 2185 a
1259 2136 1588 2189 sublimitate
1618 2137 1871 2189 virtutum
1901 2139 2185 2204 excideris,

655 2223 1099 2273 tibtenrbt'alione
1134 2237 1195 2273 ac
1226 2224 1466 2276 caecitate
1500 2232 1690 2291 captus
1725 2226 1776 2277 in
1825 2226 1904 2278 bis
1931 2243 2048 2294 qua:
2078 2243 2188 2280 me-

655 2311 788 2363 liora
815 2321 938 2361 sunt
981 2312 1262 2377 eligendis,
1291 2322 1342 2365 et
1380 2314 1679 2367 denudatus
1711 2329 1771 2368 ea
1807 2330 1928 2383 quae
1951 2326 2000 2369 te
2030 2317 2189 2383 paulo

657 2413 779 2452 ante
819 2401 1076 2453 vestiebat
1112 2402 1288 2454 divina
1319 2403 1508 2470 gloria.

727 2489 811 2550 lli,
840 2491 1013 2541 ιε-εε.
1040 2491 1239 2542 Suadeo
1275 2493 1438 2543 tibiut
1474 2509 1504 2542 ιι
1531 2507 1607 2544 me
1629 2509 1767 2545 emas
1801 2488 2189 2559 aurumproba-

656 2592 764 2630 tum
790 2595 849 2630 cI
869 2581 972 2647 igni
1006 2590 1056 2630 ut
1084 2582 1324 2639 ditescas,
1356 2591 1402 2632 et
1431 2585 1727 2634 vestimenta
1756 2585 1876 2634 alba
1917 2592 1971 2634 ut
1997 2585 2186 2636 indua-

654 2670 747 2728 ris,
784 2679 828 2719 ct
865 2686 964 2719 non
998 2679 1240 2733 appareat
1272 2671 1487 2721 dedecus
1529 2673 1780 2722 mutilatis
1835 2683 1956 2733 ture,
1993 2686 2037 2724 ct
2079 2672 2186 2725 col-

656 2761 840 2826 lyrium
868 2776 964 2826 quo
992 2761 1210 2827 iuungas
1247 2761 1419 2812 oculos
1449 2773 1561 2813 tuos
1590 2771 1643 2812 ut
1671 2763 1859 2813 videas.
1896 2761 2003 2828 Ego
2030 2779 2187 2829 quos-

653 2861 846 2911 cunque
881 2862 1014 2905 amo,
1042 2862 1200 2911 arguo
1227 2857 1274 2897 ct
1311 2847 1512 2898 erudio.
1546 2846 1818 2898 Ᾱὶηιιιίπαιίε
1859 2864 1977 2915 ergo
2006 2865 2065 2899 ac
2108 2865 2186 2902 re-

2365 781 2576 833 Μέλλω
2627 795 2700 832 σε
2745 780 2968 848 ἐμέσαι,
3023 778 3098 847 Τῇ
3149 779 3424 848 μεταφορᾷ
3473 776 3564 828 τοῦ
3619 775 3849 845 χλιαροῦ

2295 869 2516 930 δεόντως
2554 871 2817 938 ἐχρήσατο
2840 906 2854 928 ,
2894 868 2920 918 ὃ
2953 870 3045 920 καὶ
3079 867 3275 934 ίατρῶν
3318 864 3502 925 παῖδες
3534 866 3612 925 εἰς
3648 863 3852 930 ἔμετον

2295 959 2552 1028 ἐρεθίζειν
2587 959 3116 1026 παραλαμϐάνουσιν.
3152 957 3311 1008 Ὅθεν
3350 955 3442 1005 καὶ
3474 957 3582 1014 τοῖς
3611 953 3848 1019 δυσεμε-

2292 1047 2491 1107 τοῦσιν,
2525 1046 2712 1106 ὓδατος
2740 1047 2954 1114 χλιαροῦ
2985 1047 3340 1113 ἀποροφήσει,
3372 1043 3460 1094 τὸν
3489 1043 3674 1110 ἔμετον
3706 1043 3847 1093 ἁνα-

2298 1134 2532 1184 σοϐοὖσι.
2563 1132 2729 1184 Τοῦτο
2755 1138 2845 1184 καὶ¹
2879 1133 2970 1185 νῦν
2997 1150 3180 1199 φησιν,
3211 1133 3290 1183 ὅτι
3319 1132 3509 1183 Μέλλω
3536 1148 3594 1182 σε
3619 1131 3691 1192 ὠς
3716 1129 3848 1198 βδε-

2295 1224 2488 1275 λυκτὸν
2518 1224 2709 1291 βρῶμα
2739 1224 2959 1291 ὲμέσαι,
2988 1223 3253 1285 τουτέστι,
3285 1222 3370 1272 διὰ
3389 1221 3545 1286 λόγου
3579 1218 3846 1288 στόματός

2299 1330 2398 1381 μου
2445 1313 2746 1380 ἀπόϐλητον
2794 1314 2890 1379 τῆς
2935 1311 3072 1379 ὲμῆς
3105 1312 3429 1378 οἰκειότητος
3481 1309 3841 1375 καταστῆσαι.

2298 1403 2404 1452 Καὶ
2439 1401 2576 1467 τίςὴ
2615 1400 2799 1452 τούτου
2847 1400 3018 1463 αἰτία;
3076 1400 3192 1451 Ὅτι
3245 1399 3333 1448 ἐπὶ
3377 1397 3599 1449 πλούτου
3646 1396 3845 1463 ἀδηλίᾳ

2297 1490 2516 1550 ὲλπίσας
2537 1529 2551 1552 ,
2584 1492 2674 1541 καὶ
2702 1491 2790 1540 τὸν
2820 1490 3011 1557 σπόρον
3047 1489 3140 1540 τοῦ
3170 1487 3310 1538 θείου
3339 1487 3494 1552 λόγου
3539 1485 3840 1547 ἀποπνίξας

2297 1581 2412 1640 ταῖς
2444 1580 2700 1638 ἀκάνθαις
2719 1619 2732 1641 ,
2767 1578 2930 1630 οίονεὶ
2959 1580 3066 1638 τοῖς
3097 1578 3417 1643 πειρασμοῖς
3448 1574 3537 1625 τοῦ
3575 1573 3840 1642 προσκαίς

2301 1687 2391 1737 ρου
2420 1669 2603 1721 τούτου
2633 1669 2859 1720 πλούτου
2890 1664 2980 1739 καὶ
3011 1667 3146 1734 βίου,
3186 1667 3280 1736 τὴν
3312 1665 3676 1734 πνευματικὴν
3705 1665 3839 1732 (19')

2297 1759 2487 1811 ἑαυτοῦ
2520 1762 2612 1810 καὶ
2641 1759 3043 1821 διαιωνίζουσαν
3074 1758 3341 1826 ἠγνόησας
3375 1757 3659 1825 πτωχείαν.

2365 1871 2491 1922 Ὀτι
2529 1870 2817 1932 πλούσιός
2862 1869 2974 1935 ειμι
3016 1867 3112 1918 καί
3157 1865 3558 1929 πεπλούτηκα.
3604 1861 3841 1914 Πλοῦτόν

2296 1981 2425 2031 φησι
2441 1963 2530 2013 τὸν
2546 1963 2729 2030 γήϊνον
2750 1959 2990 2012 πλοῦτον.
3026 1959 3260 2024 Ἀγνοεῖς
3279 1957 3358 2007 ὅτι
3383 1955 3445 2006 σὺ
3463 1952 3511 2005 εἴ
3526 1955 3553 2004 ό
3568 1954 3841 2006 ταλαιπω-

2299 2052 2403 2120 ρῶν
2435 2052 2492 2101 ὲν
2523 2052 2633 2110 τοῖς
2663 2048 3066 2115 ἀπολλυμένοις.
3111 2045 3198 2098 Διὸ
3237 2046 3329 2096 καὶ
3357 2044 3535 2103 ἐλέους
3577 2041 3718 2104 ἄξιος
3759 2037 3831 2101 εἴ,

2293 2143 2367 2202 ὼς
2397 2140 2454 2202 ἐξ
2487 2140 2650 2206 ὕψους
2681 2141 2785 2190 τῶν
2819 2137 3025 2206 ἀρετῶν
3063 2134 3339 2197 ἐκπεσὼν,
3372 2130 3664 2199 σκοτοδινίᾳ
3706 2131 3838 2198 περὶ

2292 2229 2388 2296 τὴν
2426 2230 2650 2297 ἐκλογὴν
2682 2228 2787 2279 τῶν
2832 2228 3148 2295 κρειττόνων
3179 2225 3358 2285 ἁλοὺς,
3403 2224 3497 2276 καὶ
3530 2219 3832 2289 γυμνωθεὶς

2293 2318 2388 2383 τῆς
2415 2319 2547 2376 τέως
2573 2317 3021 2384 περιστελλούσης
3047 2316 3194 2376 θείας
3221 2315 3396 2380 δόξης.

2360 2489 2793 2558 Συμϐουλεύσω
2809 2505 2904 2540 σοι
2933 2487 3216 2554 ἀγοράσαι
3248 2484 3499 2551 χρυσίον
3525 2479 3655 2546 παρ’
3683 2477 3832 2547 ἐμοῦ

2294 2580 2712 2648 πεπυρωμένον
2770 2579 2837 2633 ἐκ
2893 2579 3095 2644 πυρὸς,
3152 2577 3252 2628 ἵνα
3305 2570 3672 2636 πλουτήσῃς,
3731 2566 3833 2618 και

2293 2670 2485 2738 ἱμάτια
2510 2669 2693 2722 λευκὰ
2723 2670 2821 2720 ἵνα
2846 2666 3184 2732 περιϐάλλῃ,
3218 2665 3312 2716 καί
3343 2663 3425 2730 μὴ
3456 2654 3760 2729 φανερωθῇ
3787 2656 3830 2721 ἠ

2292 2761 2548 2828 αἰσχύνη
2597 2758 2704 2824 τῆς
2755 2758 3115 2826 γυμνότητός
3146 2771 3292 2818 σου,
3327 2753 3425 2806 καὶ
3479 2749 3827 2814 κολλύριον,

2293 2850 2390 2900 ἵνα
2418 2849 2666 2916 ἐγχρίσῃ
2702 2848 2838 2910 τοὺς
2883 2847 3220 2914 ὀφθαλμούς
3262 2859 3409 2905 σου,
3437 2843 3535 2894 ἵνα
3570 2838 3828 2902 βλέπῃς.

652 2934 854 2997 δὶρίλτε.
900 2933 1023 2984 Ιίεεσ
1055 2943 1130 2984 sto
1155 2935 1221 2984 ad
1259 2937 1448 2985 ostium
1471 2945 1516 2987 et
1549 2935 1713 2999 pulso.
1742 2935 1798 2987 Si
1826 2939 1936 3003 quis
1965 2939 2187 2988 audierit
2215 2951 2256 3006 ο
2291 2939 2397 2990 Καὶ
2435 2937 2617 3000 ὅσους
2647 2955 2658 2987 ι

2293 2939 2397 2990 Καὶ
2435 2937 2617 3000 ὅσους
2647 2938 2752 2988 ἐὰν
2783 2938 2952 3003 φιλῶ,
3000 2936 3223 3001 ἐλέγχω
3265 2934 3360 2985 καὶ
3390 2928 3660 2983 παιδεύω.
3713 2924 3829 2989 Ζή-

653 3031 1089 3081 vocemmeam,et
1111 3024 1371 3085 aperuerit
1394 3023 1635 3083 januam,
1671 3024 1874 3074 intrabo
1915 3025 1982 3074 ad
2016 3025 2184 3090 ipsum
2281 3029 2419 3077 λευε
2445 3021 2556 3078 οὖν
2593 3043 2658 3077 κο

2293 3029 2419 3077 leve
2445 3021 2556 3078 οὖν
2593 3027 2687 3077 καί
2714 3028 3109 3092 μετανόησον.
3151 3023 3305 3076 Ἰδοὺ
3344 3023 3566 3085 ἕστηκα
3593 3017 3688 3069 ἐπὶ
3716 3013 3832 3080 τὴν

652 3118 699 3160 et
739 3109 942 3158 (wnabo
974 3125 1086 3158 cum
1113 3124 1170 3159 eo
1201 3119 1246 3159 et
1288 3111 1394 3173 ipse
1422 3126 1636 3161 mecum.
1694 3112 1796 3171 Qui
1829 3113 2005 3163 vicerit
2052 3113 2186 3163 dabo

651 3199 699 3248 ci
734 3208 786 3247 ut
814 3197 982 3247 sedeat
1030 3213 1224 3248 mecum
1255 3199 1305 3247 in
1341 3199 1523 3249 throno
1565 3213 1692 3258 meo,
1721 3200 1917 3251 sicutet
1945 3216 2035 3266 ego
2064 3201 2185 3263 vici,

653 3294 702 3335 ct
733 3283 840 3334 sedi
873 3298 986 3332 rum
1023 3282 1177 3333 Patre
1208 3299 1314 3334 meo
1347 3285 1401 3332 in
1458 3285 1639 3334 throno
1673 3285 1852 3350 ipsius.
1906 3285 2008 3348 Qui
2042 3286 2190 3338 habet

655 3387 830 3431 aurem
863 3371 1040 3421 audiat
1070 3370 1189 3436 quid
1223 3369 1448 3436 Spiritus
1479 3371 1616 3422 dicat
1646 3371 1913 3426 Ecclesiis.

2285 3117 2468 3179 θύραν
2508 3115 2603 3165 καί
2639 3115 2846 3178 κρούω.
2906 3113 3046 3164 Ἐἀν
3083 3130 3170 3172 τις
3203 3113 3434 3173 ἀκούσῃ
3473 3106 3579 3171 τῆς
3625 3101 3830 3170 φωνῆς

2280 3220 2395 3269 μου
2416 3240 2430 3262 .
2463 3203 2559 3254 καὶ
2588 3204 2799 3267 ἀνοίξῃ
2847 3202 2958 3265 τὴν
2994 3203 3206 3265 θύραν,
3238 3197 3648 3261 εἰσελεύσομαι
3678 3191 3829 3256 πρὸς

2287 3292 2486 3354 αὐτὸν,
2519 3292 2614 3342 καὶ
2649 3292 2948 3354 δειπνήσω
2973 3289 3095 3357 μετ’
3125 3289 3305 3341 αὑτοῦ
3326 3326 3338 3346 ,
3375 3287 3467 3337 καί
3498 3283 3678 3345 αὐτὸς
3699 3279 3829 3347 μετ’

2289 3378 2432 3446 ἐμοῦ
2459 3381 2527 3433 ἐν
2568 3378 2645 3442 τῷ
2678 3370 2863 3445 θρόνῳ
2894 3397 3007 3447 μου
3031 3420 3043 3442 ,
3099 3380 3176 3443 ὡς
3218 3378 3374 3445 κάγὼ
3419 3376 3695 3438 ἐνίκησα,
3729 3371 3824 3422 καί

653 3457 899 3508 ἐκάθισα
939 3461 1081 3522 μετὰ
1111 3456 1214 3508 τοῦ
1243 3459 1470 3524 Πατρός
1493 3466 1610 3526 μου
1659 3459 1726 3512 ἐν
1771 3459 1848 3522 τῷ
1918 3462 2104 3528 θρόνῳ
2143 3467 2344 3520 αὑτοῦ.
2393 3469 2454 3520 '0
2480 3469 2634 3537 ἔχων
2671 3467 2803 3534 οὖς,
2842 3469 3150 3524 ἀκουσάτω
3177 3469 3232 3520 τί
3269 3467 3335 3520 τὸ
3399 3463 3632 3532 Πνεῦμα
3666 3460 3827 3530 λέγει

653 3553 779 3613 ταῖς
816 3551 1211 3617 Ἐκκλησιάις.

725 3641 778 3694 Si
813 3644 912 3703 vis,
945 3644 1132 3710 inquit,
1159 3644 1391 3710 locuples
1448 3643 1580 3705 fieri,
1621 3660 1772 3698 veras
1797 3645 1890 3698 tibi
1931 3661 2181 3715 compara

650 3730 861 3783 divitias
893 3745 920 3781 a
951 3746 1033 3784 tne
1077 3733 1163 3799 qui
1208 3747 1420 3798 possum
1456 3736 1796 3788 manentibus
1839 3737 2045 3789 divitiis
2103 3737 2183 3790 lo—

649 3823 938 3888 cupletare.
979 3822 1238 3889 Compara
1270 3832 1446 3874 autem
1474 3823 1677 3874 ardenti
1706 3824 1977 3877 desiderio
2000 3837 2182 3879 saneta

649 3909 742 3961 Dei
792 3911 1006 3962 ovacula
1059 3911 1469 3976 septempliciter
1506 3912 1624 3974 igne
1655 3912 1892 3975 probata.
1924 3911 2180 3974 Quaenam

647 4011 824 4055 autem
863 4009 986 4053 sunt
1023 3999 1147 4050 illa?
1177 3999 1492 4050 Doctrinalis
1532 4013 1594 4050 ac
1633 4000 1846 4051 divinus
1872 4015 2051 4052 sermo
2092 4001 2182 4070 qui

648 4105 754 4142 non
784 4089 980 4139 frustra
1011 4102 1181 4154 neque
1203 4087 1431 4140 inaniter
1454 4087 1693 4153 procedit
1729 4088 1794 4140 ad
1823 4102 1915 4141 eos
1945 4088 2038 4156 qui
2088 4091 2184 4142 do-

647 4188 860 4238 centur‘,
888 4177 976 4226 sed
1007 4191 1069 4228 ex
1123 4190 1184 4225 eo
1217 4175 1355 4240 quod
1396 4187 1547 4226 antea
1588 4177 1631 4228 is
1662 4177 1750 4245 qui
1791 4178 1942 4230 docet
1970 4179 2178 4232 ardenti
2215 4158 2255 4210 θ

649 4265 829 4317 studio
864 4265 1062 4316 ditatus
1115 4264 1204 4315 sit.
1270 4265 1689 4318 Demonstratam
1741 4282 1968 4335 namque
2025 4269 2178 4322 tidem

649 4354 928 4405 annuntiat
978 4354 1194 4421 justus:
1233 4363 1284 4405 et
1337 4355 1505 4408 bonus
1554 4357 1847 4423 negotiator
1904 4359 1968 4410 de
2039 4358 2181 4410 bono

651 4443 904 4498 thesauro
926 4445 1101 4496 cordis
1130 4444 1328 4510 profert
1357 4457 1531 4498 vetera
1556 4455 1605 4497 et
1640 4461 1774 4497 nova
1804 4448 1823 4475 ⁸
1851 4461 1881 4501 a
1915 4449 2184 4500 veteribus

649 4536 859 4601 quidem
892 4537 1019 4588 viris
1044 4536 1244 4600 majora
1274 4535 1448 4589 ferens
1503 4535 1744 4601 exempla
1771 4536 2029 4588 bonorum
2061 4552 2184 4602 ope-

648 4641 786 4686 rum,
820 4640 846 4675 a
879 4624 1264 4676 recentioribus
1292 4636 1465 4676 autem
1519 4633 1571 4677 et
1599 4626 1689 4690 qui
1724 4623 1943 4677 ferventi
1987 4627 2177 4678 ardore

646 4716 979 4773 laborarunt,
1021 4714 1229 4779 egregia
1264 4714 1517 4766 facinora.
1562 4713 1663 4765 Sed
1693 4714 1947 4780 quoniam
1983 4714 2175 4766 talibus

646 4806 907 4855 ditescere
944 4818 1046 4852 non
1087 4802 1347 4865 contingit
1381 4805 1536 4853 alleui
1580 4805 1782 4870 absque
1812 4802 1995 4855 divino
2022 4804 2174 4854 auxi—

646 4895 736 4953 lio,
770 4894 886 4945 ideo
938 4891 1066 4944 dicit
1105 4891 1148 4942 is
1191 4892 1281 4955 qui
1350 4892 1504 4942 tradit
1553 4893 1787 4954 oracula,
1825 4909 1855 4944 a
1895 4909 1991 4943 me.
2035 4891 2175 4943 Divi-

645 4986 729 5038 ti;e
790 4998 913 5034 vero
953 4989 1076 5033 sunt
1122 4980 1559 5032 vestimentorum
1601 4985 1846 5044 amictus,
1888 4983 1975 5049 qui
2011 4981 2176 5047 possit

646 5075 973 5126 indecentem
1004 5072 1258 5122 virtutum
1287 5068 1575 5120 nuditatem
1612 5078 1803 5138 tegere,
1834 5079 1884 5123 et
1915 5086 2018 5123 non
2057 5071 2173 5120 vul-

643 5166 752 5230 gari
797 5164 953 5214 modo
981 5163 1218 5223 anticirc,
1248 5160 1340 5213 sed
1374 5174 1492 5210 cum
1529 5161 1758 5226 pompali
1788 5163 1955 5229 gloria
1984 5162 2170 5214 trium-

781 5331 792 5379 Ι
830 5333 963 5384 Ἰἰιιι.
996 5349 1068 5394 vi,
1105 5333 1184 5382 ΓΙ.
1251 5332 1268 5362 ⁸
1308 5331 1630 5393 Μιιιιίιλιιι,
1666 5332 1727 5380 52

713 5494 815 5556 μυ)
844 5485 1102 5556 πατρική-ι
1135 5502 1150 5532 ι
1168 5484 1269 5555 ωε.

2364 3649 2420 3701 Ei
2456 3649 2749 3716 πλουτῆσαι
2777 3684 2791 3704 .
2835 3648 2983 3715 φησι,
3038 3645 3249 3714 βούλει,
3280 3646 3368 3696 τὸν
3410 3645 3570 3708 ὅντως
3602 3646 3826 3700 πλοῦτον

2290 3741 2483 3806 κτῆσαι
2508 3739 2635 3805 παρ’
2662 3736 2792 3802 ἐμοῦ
2817 3735 2905 3787 τοῦ
2936 3734 3234 3796 πλουτίζειν
3263 3734 3456 3794 εἰδότος
3479 3732 3545 3785 τὰ
3575 3734 3819 3801 μένοντα.

2289 3817 2581 3894 magna:
2623 3825 2864 3891 διαπύρῳ
2908 3822 3156 3890 προθέσει
3205 3822 3272 3872 τὰ
3315 3820 3466 3885 λόγια
3515 3821 3712 3889 Κυρίου
3754 3826 3823 3874 τὰ

2289 3914 2445 3977 ἁγνὰ,
2473 3912 2540 3962 τὰ
2566 3911 2928 3978 πεπυρωμένα
2956 3908 3348 3968 ὲπταπλασίως.
3382 3908 3511 3960 Τίνα
3539 3909 3591 3959 δὲ
3620 3910 3818 3975 ταῦτας

2299 4000 2356 4050 Ὀ
2389 3998 2759 4057 διδασκαλικὸς
2796 3999 2886 4048 καὶ
2921 3996 3056 4058 θεῖος
3098 3997 3271 4061 λόγος,
3305 3995 3362 4055 ὃς
3393 3996 3450 4045 οὗ
3499 3995 3670 4064 μάτην
3702 3996 3820 4047 οὐδὲ

2288 4086 2540 4146 διακένως
2583 4085 2820 4152 πρόεισιν
2857 4085 2934 4145 είς
2978 4086 3099 4146 τοὺς
3147 4084 3571 4151 διδασκομένους,
3606 4077 3718 4135 ἀλλ’
3757 4085 3820 4136 ἐκ

2283 4175 2373 4226 τοῦ
2409 4176 2666 4244 πρότερον
2691 4173 2932 4243 διαπύρῳ
2965 4173 3162 4242 σπουδῇ
3197 4173 3288 4226 τὸν
3316 4173 3629 4226 διδάσκοντα
3658 4174 3817 4225 εὐπο-

2279 4251 2483 4336 ρῆσαι·
2525 4266 2966 4331 ἐπιδεικνυμένην
3018 4264 3124 4333 γὰρ
3167 4264 3344 4316 πίστιν
3398 4263 3694 4329 ἀπαγγελεῖ
3740 4263 3818 4315 δί-

2283 4373 2451 4417 καιος.
2486 4356 2591 4407 Καὶ
2623 4356 2650 4405 ό
2681 4355 2878 4419 ἀγαθὸς
2906 4355 3137 4422 ἔμπορος
3170 4355 3232 4404 ὲκ
3268 4353 3359 4403 τοῦ
3389 4352 3592 4418 ἀγαθοῦ
3624 4352 3818 4419 θησαυ-

2282 4444 2374 4515 ροῦ
2405 4445 2500 4510 τῆς
2527 4444 2749 4511 καρδίας
2773 4444 2989 4511 ἐκφέρει
3017 4441 3218 4493 παλαιὰ
3252 4442 3345 4493 καὶ
3371 4440 3485 4503 νέα,
3509 4441 3570 4490 ὲκ
3601 4439 3695 4506 μὲν
3713 4440 3820 4490 τῶν

2282 4536 2524 4587 παλαιῶν
2577 4534 2780 4599 ἀνδρῶν
2831 4535 2934 4584 τῶν
2967 4532 3416 4600 ,κατορθωμάτων
3472 4527 3705 4595 κομίζων
3753 4528 3818 4579 τὰ

2287 4624 2501 4691 μείζονα
2546 4623 2910 4688 ὑποδείγματα
2931 4661 2944 4682 ,
2979 4624 3039 4672 ὲκ
3066 4621 3118 4672 δὲ
3152 4620 3259 4671 τῶν
3287 4620 3419 4670 νέων
3454 4618 3542 4670 καὶ
3580 4616 3686 4667 τῶν
3717 4617 3817 4669 αύ-

2283 4713 2357 4778 τῷ
2398 4714 2777 4780 πεπονημένων
2806 4711 3046 4779 διαπύρῳ
3085 4711 3248 4772 ζέσει,
3295 4707 3363 4758 τὰ
3391 4706 3814 4775 κατορθώματα.

2295 4803 2430 4851 Ἀλλ’
2480 4803 2660 4869 ἐπειδὴ
2713 4803 2780 4852 τὰ
2836 4804 3053 4853 τοιαῦτα
3106 4800 3348 4850 πλουτεῖν
3403 4798 3499 4848 οὐκ
3546 4798 3818 4865 ἀνευ.τῆς

2283 4890 2481 4941 ἄνωθέν
2530 4910 2632 4942 τινι
2666 4893 2992 4959 περιγίνεται
3024 4890 3238 4959 ῥοπῆς,
3280 4887 3365 4939 διὰ
3395 4887 3549 4940 τοῦτό
3581 4904 3742 4955 φησιν
3788 4889 3818 4939 ὁ

2284 4983 2661 5047 χρηματίζων,
2709 4985 2841 5047 παρ’
2868 4982 3029 5050 ἐμοῦ.
3095 4980 3150 5030 Ὀ
3196 4979 3420 5040 πλοῦτος
3467 4981 3545 5040 δὲ,
3591 4979 3816 5047 ἱματίων

2284 5072 2537 5139 περιϐολὴ
2591 5073 2952 5141 περιστέλλειν
2999 5071 3189 5138 ἔχουσα
3238 5071 3333 5138 τὴν
3386 5073 3663 5138 ἀσχήμονα
3708 5072 3817 5122 τῶν

2282 5160 2484 5226 ἀρετῶν
2533 5162 2805 5230 γύμνωσιν
2828 5199 2842 5223 ,
2882 5159 2972 5212 καὶ
3005 5159 3098 5226 οὑχ
3134 5159 3313 5219 ἀτελῶς
3360 5160 3774 5229 περιστέλλουσα
3799 5196 3816 5220 .
