4106 6334
645 281 748 344 567

1454 282 1772 342 ΛΠΕΤΙΙιΕ
1812 281 2183 342 (ΞίΕΞΑΠΕΙΕ
2221 282 2694 344 (ΙΑΡΡΛΒΟΟῙΕ
2735 283 3074 344 EPISCOPI

3742 285 3858 347 568

647 399 854 451 dictum
886 406 986 453 est.
1025 398 1275 466 Oportuit
1310 397 1449 452 enim
1488 399 1561 451 ita
1603 399 1782 451 dicere
1810 414 1823 450 :
1857 397 1919 450 Et
1949 399 2199 476 vosejus

2315 400 2506 468 Ἐχρῆν
2529 401 2634 469 γὰρ
2660 402 2798 454 οὕτω
2834 403 3030 475 λέγειν·
3067 404 3174 455 Καὶ
3204 405 3236 472 ἡ
3267 402 3415 471 φωνὴ
3446 399 3540 454 τοῦ
3571 401 3861 466 λαλοῦντος

648 491 738 555 qui
770 491 1088 557 loquebatur
1133 505 1339 543 meeum
1374 490 1548 542 dixit:
1584 490 1829 544 Ascende
1883 492 1988 543 huc
2026 508 2039 542 :
2075 505 2197 542 nam

648 579 720 630 ita
751 591 872 646 apto
902 580 1060 633 modo
1094 579 1466 644 processisset.

719 668 806 733 IV,
844 671 958 722 2-5.
992 668 1058 721 Et
1078 687 1191 722 ecce
1235 671 1450 721 thronus
1501 669 1789 736 ponebatur
1838 670 1891 720 in
1951 669 2075 721 caelo
2108 681 2197 721 :et

647 773 800 822 super
818 764 1055 809 thronum
1082 760 1259 810 sedens
1281 769 1494 826 aspectu
1515 759 1706 810 similis
1734 759 1898 825 lapidi
1926 760 2126 826 juspidi
2151 768 2197 810 et

645 845 822 894 sardio
854 859 871 894 :
902 855 947 895 et
1000 846 1092 896 iris
1120 846 1173 897 in
1213 849 1434 898 circuitu
1492 846 1663 898 throni
1701 846 1943 898 similiter
1988 858 2199 912 aspectu

645 935 975 1002 smaragdina
1011 952 1026 985 .·
1060 947 1107 988 et
1139 938 1192 988 in
1227 937 1450 987 circuitu
1489 937 1665 988 throni
1729 936 1912 1004 viginti
1954 925 2200 1003 'quatuor

641 1025 785 1074 sedes
818 1039 836 1074 :
867 1035 914 1076 et
972 1041 1124 1091 sitper
1177 1026 1357 1092 viginti
1399 1034 1625 1092 quatuor
1661 1024 1803 1077 sedes
1853 1025 1959 1076 vidi
2017 1025 2198 1091 riginti

640 1123 867 1178 quatuor
899 1119 1124 1167 seniores
1150 1120 1380 1169 sedentes
1412 1119 1832 1184 cireumamictos
1863 1119 2084 1169 restibus
2115 1119 2199 1167 al-

643 1203 742 1264 bis,
774 1213 820 1254 et
843 1220 997 1271 super
1029 1206 1202 1271 capita
1244 1207 1476 1272 ipsorum
1526 1221 1744 1257 coronas
1775 1222 1978 1257 aureas.
2020 1205 2088 1256 Et
2137 1207 2199 1256 de

645 1293 826 1344 throno
878 1296 1213 1360 egrediuntur
1242 1294 1454 1361 fulgura
1509 1305 1556 1345 et
1577 1310 1721 1346 voces
1765 1311 1826 1344 ac
1854 1296 2106 1347 tonitrua.
2133 1293 2198 1344 Et

645 1393 830 1446 septem
880 1383 1156 1449 lampades
1213 1385 1346 1451 ignis
1380 1399 1609 1436 accensa:
1637 1385 1688 1435 in
1721 1395 1995 1451 conspectu
2029 1385 2198 1436 throni

645 1473 830 1535 ipsius,
861 1489 976 1538 quw
1009 1483 1126 1524 sunt
1157 1484 1345 1539 septem
1376 1473 1595 1539 spiritus
1623 1472 1736 1525 Dei.

716 1645 938 1712 Spiritu,
998 1646 1190 1713 inquit.
1251 1646 1568 1699 immutatus
1635 1646 1741 1699 ridi
1784 1647 2054 1710 thronum,
2103 1664 2197 1716 per

645 1751 802 1801 quem
833 1736 1166 1804 signiﬁcatur
1207 1736 1295 1790 Dei
1325 1735 1541 1804 requies
1567 1753 1734 1806 quam
1769 1739 1931 1793 habet
1961 1741 2013 1792 in
2061 1756 2191 1794 san-

644 1828 782 1878 ctis:
829 1828 879 1878 in
915 1827 1048 1895 ipsis
1084 1827 1226 1880 enim
1264 1827 1562 1880 collocatur
1614 1838 1870 1897 tanquam
1899 1831 2189 1898 capacibus

642 1920 944 1972 divinarum
984 1919 1307 1987 specierum.

711 2015 931 2079 Aspectu
993 2012 1181 2063 similis
1232 2011 1399 2076 lapidi
1451 2011 1674 2078 jaspidi.
1707 2011 1972 2076 Quoniam
2017 2013 2191 2065 visum

643 2105 729 2156 hic
775 2104 1109 2155 demonstrat
1161 2101 1398 2166 Patrem,
1434 2103 1766 2168 corporalem
1825 2102 1924 2170 ipsi
1968 2106 2192 2173 ﬁguram

643 2210 747 2247 non
790 2195 1048 2262 assignat,
1080 2194 1534 2258 quemadmodum
1572 2194 1704 2248 Filio
1752 2195 1804 2246 in
1864 2196 2038 2262 prima
2094 2211 2191 2249 sua

643 2285 857 2337 visione
901 2284 1032 2334 :srd
1069 2283 1320 2348 pretiosis
1377 2284 1644 2350 lapidibus
1669 2285 1846 2351 ipsum
1884 2286 2189 2339 assimilat:

637 2375 848 2441 iaspide
895 2373 1109 2438 quidem
1187 2381 1367 2437 utpote
1420 2371 1574 2424 viridi
1610 2411 1624 2434 ,
1672 2374 1985 2438 designante
2053 2377 2192 2440 quod

643 2479 856 2531 semper
881 2463 1089 2523 ﬂoreat,
1117 2464 1393 2529 vitamque
1423 2463 1744 2515 mortalibus
1769 2464 1958 2518 atl‘erat
1979 2504 1994 2528 ,
2040 2466 2192 2531 juxta

644 2555 695 2606 id
745 2553 888 2621 quod
929 2553 1132 2604 dictum
1181 2562 1281 2617 est,
1319 2573 1336 2603 ι
1370 2562 1424 2605 et
1474 2553 1693 2605 herbam
1727 2555 1974 2607 servituti
2021 2556 2194 2608 homi-

643 2659 771 2695 num
810 2645 850 2694 ³.
889 2662 906 2692 ›
948 2640 1122 2695 llerha
1150 2657 1384 2708 namque
1409 2657 1568 2694 onme
1592 2658 1774 2696 semen
1806 2643 1956 2697 aﬂ‘ert
1982 2646 2122 2712 quod
2165 2661 2192 2698 a

643 2735 750 2786 Deo
773 2734 1078 2785 ordinatum
1113 2743 1192 2784 est
1215 2732 1278 2784 ad
1299 2733 1612 2784 alimentum
1648 2734 1966 2787 mortalibus
1997 2735 2196 2804 :689

637 2823 805 2890 jaspis
828 2832 1002 2875 autem
1033 2823 1328 2890 appellatur
1350 2837 1413 2874 co
1439 2822 1580 2889 quod
1605 2822 2008 2892 assimileturltp
2038 2825 2086 2877 id
2114 2835 2196 2879 est

641 2929 844 2965 veneno
869 2913 1070 2981 aspidis
1107 2931 1118 2964 :
1146 2913 1325 2966 sardio
1357 2929 1485 2965 vero
1525 2922 1740 2980 propter
1769 2924 2024 2967 terrorem
2065 2916 2191 2971 Dei:

644 3004 802 3055 habet
825 3020 1056 3071 namque
1075 3003 1296 3056 Sardius
1325 3003 1461 3072 ignis
1486 3005 1741 3069 Speciem.
1770 3006 2034 3068 Quoniam
2053 3011 2196 3064 cnim

647 3095 778 3145 t'erri
819 3110 923 3145 non
978 3103 1157 3156 posset
1187 3094 1347 3155 Deus,
1377 3094 1419 3145 si
1453 3096 1515 3143 ad
1545 3103 1842 3146 extremum
1892 3084 2067 3163 usque
2110 3101 2200 3168 ju-

641 3184 803 3247 stitiae
847 3192 1086 3234 uteretur
1137 3183 1362 3248 judicio,
1400 3184 1595 3232 merito
1640 3183 1919 3237 clementis
1967 3203 2030 3238 ac
2073 3190 2200 3244 boni

643 3272 842 3336 pra:th
898 3271 1269 3338 argumentum
1329 3271 1564 3332 sardius,
1592 3281 1772 3337 utpote
1831 3284 2039 3329 terrens
2078 3282 2200 3346 qui-

643 3363 786 3422 dem,
817 3369 868 3412 et
900 3361 1036 3427 ignis
1089 3361 1322 3428 speciem
1381 3360 1559 3411 ferens
1626 3361 1776 3427 lapis,
1810 3373 1864 3415 ut
1896 3366 2068 3428 aiunt,
2107 3370 2198 3420 sed

646 3468 806 3518 quem
837 3469 941 3504 non
967 3453 1139 3504 solum
1207 3452 1399 3502 terrori
1426 3452 1747 3505 dieuntesse
1772 3453 1899 3508 leris
1935 3472 1997 3508 ac
2047 3473 2198 3509 mon-

647 3546 795 3604 stris,
826 3560 1007 3597 verum
1033 3545 1194 3596 etiam
1226 3543 1474 3594 virtutem
1510 3543 1709 3594 habere
1739 3549 1961 3599 curandi
1985 3549 2198 3602 dolores

646 3651 709 3687 ac
746 3635 1017 3687 molestias
1052 3651 1168 3704 qua:
1205 3635 1404 3686 nostris
1448 3635 1802 3686 innascuntur
1845 3640 2193 3705 corporibus.

642 3727 888 3778 Aitenim
925 3742 1148 3793 magnus
1185 3726 1538 3792 Epiphanius,
1576 3727 1776 3791 ipsum,
1810 3729 1853 3778 si
1906 3729 2196 3796 inungatur

643 3835 834 3871 curare
882 3828 1121 3870 tumores
1164 3829 1211 3870 et
1248 3819 1430 3884 plagas
1454 3835 1481 3868 a
1521 3818 1666 3869 lcrro
1698 3819 1892 3871 illatas.
1939 3821 2195 3872 Animad-

641 3911 955 3962 vertendum
982 3921 1060 3962 est
1093 3920 1270 3961 autem
1303 3919 1608 3976 assumptus
1634 3925 1750 3962 esse
1785 3912 1887 3961 hoc
1921 3911 2038 3962 loco
2063 3913 2196 3978 lapi-

641 4000 735 4052 des
779 4017 882 4051 non
938 4000 1095 4066 pretii
1131 4000 1323 4065 gratia,
1355 3999 1447 4050 sed
1486 4000 1553 4049 oh
1594 3987 1710 4048 eam
1743 3999 2193 4064 signiﬁcationem

643 4101 802 4152 quam
831 4102 890 4137 ex
935 4087 1111 4138 colore
1144 4086 1432 4136 habebant.

721 4175 781 4224 lc't
840 4177 932 4224 iris
987 4177 1037 4223 in
1117 4175 1336 4224 circuitu
1391 4174 1608 4224 throni.’
1641 4167 1766 4222 lris'
1809 4173 2022 4239 quidem
2081 4191 2199 4241 qua:

647 4278 807 4314 sensu
836 4262 1146 4328 percipitur,
1187 4277 1344 4328 quam
1397 4260 1574 4311 divina
1611 4261 1889 4326 Scriptura
1921 4271 2076 4314 vocat
2109 4279 2198 4315 ar-

2305 491 2417 556 μετ’
2448 492 2579 557 ἐμοῦ
2601 507 2614 520 ·
2663 493 2860 545 ’Δνάὸα
2889 488 2990 545 ὧδε
3009 533 3022 556 ,
3052 495 3266 562 ἐλεγεν.-
3288 493 3443 545 Οὕτω
3469 493 3578 563 γὰρ
3607 494 3857 562 προήχθη

2303 580 2662 648 ἁρμοζόντως.
3121 583 3125 585 ’

2369 670 2472 720 Καὶ
2509 669 2634 721 ἰδοὺ
2666 672 2873 738 θρόνος
2910 673 3098 725 ἔκειτο
3131 673 3198 724 ἐν
3225 670 3302 734 τῷ
3331 671 3580 736 οὐρανῷ.
3619 664 3719 725 Kal
3751 672 3858 723 ἐπὶ

2297 760 2403 809 τὸν
2429 762 2638 823 θρόνον
2659 760 2990 828 καθήμενος
3010 761 3208 829 ὅμοιος
3231 761 3432 827 ὁράσει
3454 765 3599 824 λίθῳ
3625 761 3859 814 ἰάσπιδι

2300 851 2393 899 καὶ
2426 850 2665 916 σαρδίῳ·
2691 852 2787 903 καὶ
2810 849 2921 918 ἶρις
2941 853 3236 904 κυκλόθεν
3257 852 3360 904 τοῦ
3390 840 3862 919 θρόνουίόμοίως
3909 837 3914 841 ’

2301 939 2510 1004 ὁράσει
2545 941 2921 1006 σμαραγδίνῳ
2951 957 2964 970 ·
3006 942 3102 993 καὶ
3132 943 3429 994 κυκλόθεν
3475 941 3580 993 τοῦ
3613 942 3856 1007 θρόνου.

2300 1029 2495 1094 θρόνοι
2517 1032 3016 1098 είκοσιτέσσίιρες.
3042 1032 3146 1084 Kal
3165 1033 3259 1084 ἐπὶ
3284 1032 3421 1097 τοὺς
3444 1032 3691 1097 θρόνους
3709 1031 3861 1094 τοὺς

2298 1119 2808 1184 εἰκοσιτέσσαρας,
2837 1122 3272 1186 πρεσϐυτέρους
3289 1120 3660 1188 καθημένους
3686 1134 3857 1186 περι-

2300 1207 2694 1273 ϐεϐλημένους
2707 1209 2772 1258 ἐν
2783 1210 3028 1275 ἱματίοις
3047 1209 3303 1272 λευκοῖς,
3327 1209 3423 1261 καὶ
3443 1209 3536 1260 ἐπὶ
3553 1208 3657 1273 τὰς
3669 1224 3861 1276 κεφα-

2299 1297 2409 1361 λὰς
2437 1296 2633 1349 αὐτῶν
2648 1299 2981 1364 στεφάνους
3000 1300 3285 1364 χρυσοῦς.
3306 1299 3411 1352 Kal
3427 1299 3494 1350 ἐκ
3514 1297 3618 1350 τοῦ
3635 1300 3858 1364 θρόνου

2298 1385 2720 1450 ἐκπορεύονται
2753 1386 3069 1452 ἀστραπαὶ,
3090 1387 3185 1437 καὶ
3212 1387 3420 1452 φωναὶ,
3445 1386 3542 1437 καὶ
3577 1385 3853 1451 βρονταί.

2301 1475 2401 1526 Καὶ
2424 1474 2568 1526 ἑπτὰ
2595 1475 2902 1540 λαμπάδες
2929 1476 3115 1541 πυρὸς
3145 1477 3447 1542 καιόμεναι
3467 1474 3722 1527 ἐνώπιον
3741 1476 3858 1527 τοῦ

2300 1566 2512 1628 θρόνου
2535 1563 2739 1624 αὑτοῦ,
2771 1565 2832 1617 αἵ
2863 1567 3017 1616 εἰσιν
3044 1565 3190 1616 ἑπτὰ
3218 1565 3521 1630 πνεύματα
3545 1564 3651 1617 τοῦ
3678 1565 3854 1618 Θεοῦ.

2371 1653 2458 1720 Τῷ
2489 1652 2783 1719 Πνεύματι,
2820 1654 2971 1719 φησὶ,
3001 1655 3286 1715 τυπωῦεὶς,
3307 1653 3495 1721 θρόνον
3519 1652 3857 1720 ἐθεασάμην,

2297 1741 2361 1793 δι’
2387 1737 2446 1792 οὒ
2469 1741 2720 1808 δηλοῦται
2746 1744 2777 1808 ἡ
2804 1742 2862 1791 ἐν
2889 1743 3000 1802 τοῖς
3033 1742 3208 1806 ἁγίοις
3239 1742 3541 1800 ἀνάπαυσις
3570 1738 3661 1790 τοῦ
3692 1737 3855 1789 Θεοῦ.

2297 1833 2485 1892 Λὺτοῖς
2539 1833 2646 1900 γὰρ
2691 1829 3048 1899 ἐνθρονίζεται
3098 1831 3173 1893 ὡς
3215 1832 3537 1900 χωρητικοῖς
3584 1825 3701 1882 οὖσι
3743 1827 3863 1880 τῶν

2297 1922 2454 1972 Οείων
2476 1922 2783 1987 ἐμφάσεων.

2368 2014 2605 2080 "Opoth
2681 2011 2883 2076 όρὰσει
2941 2013 3088 2073 λίθῳ
3153 2008 3378 2062 ἰάσπιδι
3442 2010 3539 2061 καὶ
3603 2007 3857 2074 σαρδίῳ.

2306 2101 2520 2169 Ἐπειδὴ
2544 2102 2632 2152 τὸν
2655 2101 2870 2167 Πατέρα
2890 2101 2978 2151 τὸν
2999 2100 3259 2167 ὁραθέντα
3285 2099 3512 2150 ἐνταῦθα
3535 2098 3858 2165 παρίστησι,

2296 2193 2603 2261 σωματικὸν
2629 2192 2775 2260 αὐτῷ
2805 2193 3125 2260 χαρακτῆρα
3159 2193 3218 2243 οὐ
3251 2191 3589 2259 περιτίθησιν
3609 2229 3623 2253 ,
3663 2190 3860 2256 ὥσπερ

2294 2281 2369 2350 τῷ
2400 2281 2510 2348 Υίῷ
2533 2282 2590 2331 ἐν
2619 2284 2683 2348 τῇ
2715 2281 2956 2348 προτέρᾳ
2993 2281 3154 2331 αὐτοῦ
3193 2281 3444 2348 ὀπτασίᾳ,
3475 2279 3608 2331 ἀλλά
3649 2279 3861 2346 τιμίοις

2294 2370 2454 2420 αὑτὸν
2479 2370 2646 2430 λίθοις
2672 2370 2979 2430 ἀπεικάζει,
3008 2371 3104 2437 τῆς
3135 2370 3232 2436 μὲν
3263 2371 3503 2430 ἰάσπιδος
3529 2370 3602 2427 ὡς
3625 2368 3861 2436 χλοερᾶς

2298 2461 2662 2529 σημαινούσης
2693 2461 2750 2512 τὸ
2780 2460 3026 2521 ἀειθαλὲς
3066 2460 3199 2526 ὁμοῦ
3232 2462 3324 2510 καὶ
3355 2460 3638 2525 φερέσϐιον
3662 2497 3674 2517 ,
3715 2456 3858 2508 καοδ

2296 2554 2527 2620 εἴρηται,
2566 2570 2582 2602 ι
2636 2553 2729 2602 κα),
2760 2552 2922 2619 χλόην
2961 2553 3026 2618 τῇ
3068 2550 3277 2618 δουλείᾳ
3315 2551 3418 2600 τῶν
3462 2549 3776 2617 ἀνθρώπων.
3830 2566 3851 2597 ι

2297 2643 2408 2693 Πᾶν
2432 2644 2539 2709 γὰρ
2580 2641 2798 2710 σπέηομα
2832 2639 3119 2709 χλοηφορεῖ
3152 2640 3282 2708 πρὸς
3311 2640 3510 2708 τροφὴν
3539 2641 3646 2700 τοῖς
3688 2639 3858 2699 ζῶσιν

2297 2733 2401 2783 ὑπὸ
2430 2731 2562 2781 Θεοῦ
2590 2732 2934 2798 τεταγμένον.
2974 2730 3186 2794 Ἴασπις
3216 2729 3268 2780 δὲ
3291 2729 3530 2779 καλεῖται
3559 2728 3639 2778 ὅτι
3669 2725 3858 2794 ὁμοία,

2296 2824 2387 2874 καὶ
2431 2822 2490 2890 tif)
2528 2821 2748 2882 ἀσπίδος
2791 2802 3018 2872 ἐοικυῗα.
3057 2819 3264 2888 Σαρδίῳ
3304 2818 3382 2882 δὲ,
3414 2818 3498 2869 διὰ
3529 2818 3588 2869 τὸ
3622 2816 3860 2885 φοϐερὸν

2296 2912 2390 2964 τοῦ
2418 2911 2881 2990 Θεοῦκῐῖυροειδές
2908 2911 3014 2978 γὰρ
3041 2910 3100 2962 τὸ
3135 2910 3365 2978 σάρδιον.
3409 2900 3622 2976 Ἐπειδὴ
3652 2908 3758 2976 γάρ
3789 2908 3863 2956 τὺ

2228 3005 2420 3077 an‘
2485 3004 2658 3069 ἄκρας
2730 3002 2961 3069 χρῆσθαι
3023 3003 3086 3070 τῇ
3145 3000 3508 3069 δικαιοκρισία
3565 3000 3732 3061 Θεὸν,
3788 2996 3858 3047 οὗ

2307 3093 2558 3162 φορητὸν,
2584 3093 2804 3152 εἰκότως
2826 3091 2916 3142 τοῦ
2945 3091 3262 3153 ἁνεξικάκου
3292 3094 3382 3143 καὶ
3409 3090 3611 3157 ἀγαθοῦ
3633 3089 3693 3139 τὸ
3720 3089 3861 3156 σάρ-

2307 3184 2415 3234 διον
2445 3185 2639 3248 δεῖγμα
2668 3183 2914 3249 παρέχει,
2949 3182 3023 3242 ὡς
3052 3181 3143 3231 τοῦ
3175 3180 3400 3250 φοϐεροῦ
3433 3180 3526 3231 καὶ
3553 3178 3646 3230 τοῦ
3684 3195 3862 3245 πυρο-

2306 3273 2496 3335 ειδοῦς,
2528 3271 2601 3332 ὥς
2634 3289 2782 3337 φασι,
2816 3270 2982 3321 λίῦου.
3027 3272 3120 3321 ’¹ον
3161 3271 3220 3320 οὐ
3253 3271 3409 3336 μόνον
3442 3268 3667 3336 φοϐερόν
3697 3283 3866 3334 φασιν

2306 3359 2441 3413 εἷναι
2473 3361 2678 3429 θηρίοις
2708 3360 2800 3410 καὶ
2831 3359 3105 3426 φάσμασιν
3132 3399 3145 3420 ,
3180 3357 3311 3408 ὀλλά
3344 3357 3435 3408 καὶ
3465 3354 3869 3424 Θεραπευτικὴν

2304 3452 2411 3502 τῶν
2446 3450 2818 3517 ἐπιφυομένων
2862 3449 2936 3515 τῷ
2983 3447 3191 3517 σώματι
3225 3447 3380 3516 ἡμῶν
3420 3446 3678 3512 ἀλγεινῶν
3713 3445 3870 3512 ἔχειν

2303 3543 2549 3609 δύναμιν.
2577 3542 2734 3605 Λέγει
2759 3540 2864 3606 γὰρ
2888 3540 2914 3589 ὁ
2941 3541 3109 3606 μέγας
3139 3532 3445 3605 Ἑπιφάνιος
3474 3534 3735 3604 ἰατρεύειν
3762 3535 3872 3588 αὑ-

2301 3630 2398 3698 τὴν
2435 3629 2695 3698 οἰδήματα
2732 3646 2788 3679 τε
2823 3629 2914 3680 καὶ
2955 3629 3061 3680 ἀπὸ
3097 3629 3311 3696 σιδήρου
3367 3627 3866 3695 πληγὰςέπιχριο-

2304 3723 2489 3788 μένην.
2548 3722 2969 3788 Ἐπισημαντέον
3005 3721 3058 3771 δὲ
3101 3719 3174 3780 ὡς
3211 3723 3241 3786 ἡ
3285 3718 3393 3768 τῶν
3421 3718 3583 3768 λίΟων
3625 3715 3868 3767 ἐνταῦθα

2302 3813 2644 3881 παράληψις,
2685 3813 2744 3862 οὐ
2795 3812 2886 3863 τοῦ
2929 3813 3108 3877 τιμίου
3157 3811 3333 3878 χάριν,
3364 3809 3500 3861 ἀλλὰ
3547 3807 3607 3858 τὸ
3652 3808 3716 3858 ἐκ
3753 3804 3868 3875 τῆς

2300 3904 2459 3970 χρόας
2491 3901 2885 3968 σημαινόμενον
2918 3899 3093 3966 ἔσχεν.

2372 4159 2473 4209 Καὶ
2509 4155 2621 4222 Ϊρις
2660 4154 2955 4205 κυκλόθεν
2997 4151 3100 4203 τοῦ
3124 4153 3358 4217 θρόνου.
3398 4151 3464 4202 Ἦ
3495 4149 3594 4219 μὲν
3625 4148 3866 4221 αἰσθητὴ

2299 4244 2430 4315 ἶρις,
2462 4249 2526 4314 ἣν
2545 4249 2577 4313 ἡ
2605 4245 2723 4297 Θεία
2755 4243 2943 4311 Γραφὴ
2968 4241 3117 4304 τόξον
3147 4242 3297 4292 καλεῖ
3321 4240 3480 4300 ἡνίκα
3502 4240 3718 4307 φάσκεν
3737 4258 3755 4289 ι
3778 4239 3867 4291 Τὸ

647 4368 791 4414 cum,
848 4351 934 4404 ubi
969 4352 1096 4403 dicit
1132 4370 1142 4403 :
1179 4370 1195 4400 ι
1253 4355 1449 4403 Arcum
1491 4368 1663 4403 meum
1711 4366 1902 4418 ponam
1947 4352 1999 4405 in
2045 4353 2202 4407 nubi-

2304 4343 2452 4404 τόξον
2483 4360 2582 4408 μου
2607 4341 2795 4408 τίθημι
2825 4339 2880 4390 ἐν
2911 4341 2976 4406 τῇ
3006 4337 3217 4404 νεφέλῃ,
3256 4354 3273 4385 ι
3308 4337 3370 4386 ἐκ
3397 4334 3496 4402 τῆς
3518 4333 3863 4388 ἀντανακλά-

650 4447 749 4496 bus
784 4445 843 4506 '°,
881 4463 894 4491 ι
929 4459 991 4494 ex
1014 4444 1142 4496 solis
1173 4444 1582 4509 repereussione
1614 4444 1877 4515 exoritur,
1910 4449 2124 4511 quando
2147 4446 2198 4498 in

647 4532 805 4585 nubis
854 4547 1070 4598 aquosae
1116 4532 1380 4584 densitate
1431 4532 1726 4585 conclusus
1771 4535 1961 4602 objicit
2025 4537 2196 4602 ipsam

644 4624 842 4683 lucem,
879 4624 995 4688 eius
1056 4638 1147 4689 per
1201 4624 1394 4695 nubpm
1442 4623 1754 4685 cultissione,
1786 4636 1836 4676 et
1881 4626 2083 4678 variam
2137 4641 2200 4680 ac

646 4713 992 4778 oinnigenam
1043 4713 1283 4762 colorum
1337 4713 1702 4777 apparentiam
1737 4715 1979 4766 assumit.
2008 4715 2070 4767 Et
2111 4716 2199 4768 illa

643 4803 861 4871 quidem
890 4802 984 4854 iris
1009 4802 1130 4854 talis
1161 4811 1261 4853 est.
1304 4801 1472 4852 Porro
1503 4817 1622 4867 qua:
1676 4804 1925 4855 thronum
1957 4807 2197 4858 circum-

646 4895 901 4955 ambibat,
947 4893 1114 4946 solius
1170 4891 1437 4958 smaragdi
1485 4894 1716 4958 speciem
1774 4909 1883 4960 pra:
1951 4911 2008 4948 se
2065 4898 2200 4950 fere-

647 4986 756 5038 hat.
810 4983 999 5047 [rident
1048 4994 1173 5032 vero
1215 4979 1384 5046 ipsam
1431 4981 1642 5032 vocavit
1671 4982 1734 5032 ab
1785 4983 1919 5036 iride
1957 4986 2201 5036 diverso-

649 5092 766 5128 rum
799 5076 1040 5128 eolorum
1074 5087 1194 5140 qua:
1229 5071 1366 5138 apud
1402 5088 1499 5125 nos
1533 5082 1637 5132 est,
1672 5081 1728 5124 ut
1759 5075 2067 5127 varietatem
2114 5078 2195 5128 in-

649 5168 951 5232 telligamus
1019 5164 1246 5217 studiosi
1289 5163 1594 5215 divinorum
1673 5165 1981 5233 angelorum
2047 5167 2200 5218 mini-

649 5255 795 5304 sterii
852 5272 861 5304 :
923 5269 1152 5319 qttorum
1203 5251 1564 5304 diversitatem
1630 5252 1681 5303 in
1736 5269 1900 5305 unum
1951 5256 2199 5307 terminat

650 5347 829 5393 rllirax'
910 5343 1317 5406 ministerium,
1378 5343 1440 5393 ad
1515 5343 1871 5394 imitationem
1938 5344 2189 5409 honuni,

654 5433 1086 5499 quandoquidem
1123 5443 1173 5486 ct
1210 5434 1369 5502 hujus
1413 5434 1816 5486 beneﬁcentiam
1854 5451 1957 5502 qua
2011 5447 2198 5490 cuneta

1310 5615 1344 5638 ΔΕ
1398 5613 1430 5639 τ’
1479 5627 1504 5641 ιι
1575 5626 1618 5642 z.‘

2303 4451 2433 4494 σεως
2461 4433 2553 4483 τοῦ
2585 4431 2730 4500 ἡλίου
2765 4429 3090 4490 συνίσταται,
3121 4428 3245 4478 ὅταν
3274 4426 3329 4476 ἐν
3359 4426 3626 4493 παχύτητι
3656 4425 3862 4493 νέφους

2301 4524 2594 4584 ὑδατώδους
2643 4520 3045 4588 ἀποληφθέντος
3068 4557 3082 4580 ,
3129 4517 3555 4583 ἀντιφράσσηται
3595 4517 3689 4584 μὲν
3727 4517 3870 4567 αὐτὸ
3908 4576 3914 4598 ⁸

2299 4617 2358 4668 τὸ
2389 4616 2503 4683 φῶς
2548 4613 2644 4682 τὴν
2678 4611 2868 4663 ἑαυτοῦ
2905 4609 3188 4677 ἐκπομπὴν
3230 4607 3312 4657 διὰ
3346 4605 3436 4658 τοῦ
3475 4609 3668 4672 νέφους
3692 4646 3705 4666 ,
3738 4624 3873 4657 ποιη-

2308 4709 2462 4776 κίλην
2493 4707 2546 4756 δὲ
2578 4706 2669 4756 καὶ
2697 4705 2981 4772 παντοειδῆ
3015 4702 3310 4769 φαντασίαν
3345 4702 3539 4768 χροιῶν
3568 4701 3880 4752 ὑποϐάλλει.

2312 4816 2421 4849 ται.
2455 4797 2692 4864 Κάκείνη
2730 4795 2826 4863 μὲν
2865 4793 3085 4859 τοιαύτη
3117 4794 3148 4858 ἡ
3181 4785 3310 4859 ἶρις.
3359 4791 3422 4840 'll
3449 4791 3503 4840 δέ
3529 4807 3590 4856 γε
3619 4792 3708 4841 τὸν
3732 4791 3875 4858 θρό-

2313 4904 2399 4939 νον
2431 4885 2829 4954 τεερικυκλοῦσα
2851 4924 2865 4947 ,
2915 4881 3186 4952 μονοειδὴς
3220 4880 3674 4948 σμαραγδίζουσα.
3717 4875 3874 4947 Ἶριν

2311 4979 2364 5030 δέ
2393 4979 2666 5046 κέκληκεν
2686 4977 2851 5044 αὐτὴν
2872 5015 2884 5036 ,
2912 4973 3017 5026 ἀπὸ
3048 4975 3144 5038 τῆς
3178 4971 3304 5038 παρ’
3331 4973 3457 5039 ἡμῖν
3487 4972 3648 5039 ἴριδος
3679 4986 3875 5022 ποικι-

2311 5072 2663 5140 λοχρωμάτου
2688 5109 2702 5130 ,
2736 5069 2808 5128 ὼς
2839 5066 2902 5118 ἂν
2931 5065 2991 5114 τὸ
3022 5065 3271 5130 διάφορον
3300 5062 3405 5112 τῶν
3435 5062 3592 5114 Οείων
3615 5060 3873 5128 ἀγγέλων

2307 5161 2402 5228 τῆς
2450 5156 2816 5225 άγαΟοεργοῧς
2869 5155 3203 5221 ἐννοήσωμεν
3251 5151 3628 5221 λειτουργίας,
3676 5143 3748 5200 ὧν
3797 5147 3873 5198 τὸ

2309 5249 2560 5319 διάφορον
2600 5253 2675 5311 εἰς
2726 5250 2850 5317 μίαν
2881 5244 3229 5312 ἐνεργητικὴν
3273 5244 3600 5310 ἀποτελευτᾷ
3645 5239 3868 5308 χρείαν,
3944 5236 3947 5238 ’

2311 5344 2446 5393 κατά
2482 5343 2708 5410 μῖμηςιν
2757 5337 2848 5389 τοῦ
2888 5338 3172 5388 Aser-tritae.
3233 5336 3381 5386 Ἐπεὶ
3421 5335 3514 5386 καὶ
3563 5334 3751 5382 τούτου
3799 5327 3872 5379 τὸ

2311 5435 2611 5502 πάντροφον
2639 5431 2730 5482 καὶ
2762 5426 3119 5497 εὐεργετικὸν,
3152 5428 3183 5496 ἡ
3218 5425 3514 5494 χλοάζουσα
3540 5420 3638 5489 τῆς
3672 5418 3866 5469 ldum-
