4106 6334
203 299 296 360 569

1244 304 1628 366 COMMENT.
1670 304 1750 363 IN
1787 303 2305 366 APOCALYPSIN.

3306 317 3409 378 570

203 415 279 474 δος
312 411 458 464 λίθου
503 415 660 481 χροιὰ
713 414 1054 483 παραδηλοῦν
1098 417 1385 482 ὲόούλετο,
1435 419 1511 488 τῷ
1547 420 1757 487 πρασίῳ

1867 421 2053 485 nutrit,
2089 422 2328 476 indicare
2354 424 2521 476 voluit
2545 425 2727 480 virens
2756 426 2949 494 lapidis
2985 427 3189 495 iaspiui.
3236 443 3408 496 ceter,

204 503 318 557 εἴδει
349 507 447 572 τῆς
476 506 789 573 σμαράγδου
813 507 962 560 λίθου
990 511 1339 580 ὁμοιουμένη.

267 600 470 664 Θρόνοι
499 601 1004 668 εἰκοσιτέσσαρες.
1036 603 1233 672 Θρόνον
1257 647 1269 666 ,
1301 605 1400 656 οὐκ
1432 605 1558 657 ἄλλο
1588 621 1638 657 τι
1673 605 1757 655 ἒν-

203 688 362 741 ταῦθα
382 689 489 760 χρὴ
517 693 674 755 νοεῖν,
704 691 750 742 εξ
785 693 873 764 μὴ.
890 693 948 743 τὸ
974 694 1110 762 πρὸς
1132 696 1197 747 τὰ
1220 693 1338 748 θεῖα
1367 696 1760 763 προστάγματα

206 777 473 846 φιλότιμον
527 780 662 848 πρὸς
723 781 1000 856 ἐργασίαν.
1056 783 1258 860 ’Μόνως
1308 783 1414 854 γὰρ
1450 787 1535 860 ⁸ειν
1589 785 1759 846 οὕτως

207 874 706 938 παρασκευασθεῶα
750 855 930 943 ψυχὴ,
978 856 1158 944 ὄχημα
1194 875 1336 928 θεῖον
1380 855 1606 948 hyali“
1643 881 1758 930 ἐστι

209 959 304 1010 τῶν
325 960 624 1028 Χερουὸἰμ.

268 1052 707 1118 Πρεσϐυτέρους
733 1052 1119 1121 καθημένους.
1158 1055 1290 1129 Περὶ
1322 1056 1415 1107 τοῦ
1443 1056 1674 1124 ἀριθμοῦ
1705 1057 1759 1108 δὲ
1791 1073 1794 1078 ·

209 1139 304 1188 τῶν
325 1141 778 1208 εἰκοσιτεσσάρων
814 1142 1200 1211 πρεσϐυτέρων
1227 1139 1316 1196 ὧδ’
1348 1146 1416 1196 ἂν
1441 1146 1696 1212 θεωροῖτο
1727 1148 1758 1214 ἡ

211 1229 524 1297 ὑπεράρχιος
546 1231 638 1282 καὶ
663 1232 694 1299 ἡ
720 1231 979 1299 ὑπέρθεος
1012 1234 1252 1300 παναγία
1281 1235 1470 1302 Τριὰς,
1495 1237 1584 1286 τὸν
1614 1238 1761 1287 ἑϐδο-

213 1319 424 1384 ματικὸν
455 1319 706 1387 ἀριθμὸν,
739 1321 796 1372 ὃν
833 1323 924 1373 καὶ
953 1324 1230 1390 σύστοιχον
1267 1323 1344 1391 τῷ
1385 1323 1564 1392 ὁρατῷ
1591 1327 1761 1392 αὐτῆς

216 1408 507 1475 συστήματι
559 1409 732 1478 τούτῳ
779 1409 952 1474 ἔθετο,
996 1415 1276 1482 καταρχὰς
1332 1416 1470 1466 κατὰ
1513 1416 1574 1466 τὸ
1609 1415 1760 1476 ἀνεξ-

212 1498 488 1566 ερεύνητον
514 1499 613 1567 τῆς
639 1501 837 1569 ἑαυτῆς
873 1505 1064 1570 σοφίας
1095 1504 1255 1572 βάθος
1274 1505 1572 1573 ἰσαρίθμως
1593 1505 1758 1574 ἑαυτῇ

211 1588 522 1652 ἀνελίξασα,
585 1591 676 1643 τὸν
733 1593 1146 1663 εἰκοσιτέσσαρα
1211 1594 1439 1662 ἀριθμὸν
1495 1594 1755 1662 ὑπέφηνε.

166 1741 168 1743 ς
210 1680 422 1746 Τριὰκις
462 1683 570 1751 γὰρ
615 1683 790 1746 ἑπτὰ,
843 1683 1013 1735 εἴκοσι
1065 1685 1160 1737 καὶ
1196 1685 1252 1738 ἓν
1279 1686 1616 1753 ἀποσωρεύει
1666 1684 1757 1734 τοῦ

210 1771 622 1840 ἀπολειπομένου
640 1773 806 1825 ποσοῦ
825 1774 915 1826 τοῦ
941 1775 1112 1826 εἴκοσι
1134 1778 1225 1827 καὶ
1241 1777 1476 1842 τέσσαρα
1501 1773 1751 1842 ἀριθμοῦ,

209 1861 259 1920 ὃς
280 1862 419 1912 ἐστιν
449 1863 477 1911 ὁ
499 1863 625 1929 τρία
645 1866 708 1931 τῇ
739 1865 1060 1932 παντουργῷ
1091 1865 1209 1933 θείᾳ
1239 1866 1427 1932 Τριάδι
1460 1864 1753 1922 ἀνατεθείς.

212 1949 292 2000 Διδ
311 1951 398 2002 καὶ
420 1953 448 2000 ὁ
467 1951 688 2020 ἕϐδομος
715 1953 942 2020 ἀριθμὸς
967 1954 1254 2022 τριαδικῶς
1280 1954 1598 2019 ἅνελιχθεὶς,
1621 1955 1755 2021 μετὰ

210 2039 291 2090 τοῦ
330 2043 672 2109 ἀνελιχθῆναι
697 2082 710 2104 ,
757 2044 846 2094 τὸν
873 2047 1282 2112 εἰκοσιτέσσαρα
1315 2045 1622 2095 ἀπετέλεσε.
1667 2044 1754 2110 Τῷ

213 2129 407 2196 ὲῦδόμῳ
432 2129 508 2189 δὲ,
538 2131 597 2181 οὐ
630 2133 721 2181 καὶ
753 2132 838 2183 διὰ
894 2133 1089 2194 παντὸς
1131 2133 1222 2183 τοῦ
1254 2133 1505 2200 αἰσθητοῦ
1553 2134 1753 2199 κόσμου

213 2218 384 2270 τούτου
433 2222 618 2288 χωρεῖ,
652 2222 745 2272 καὶ
786 2222 922 2273 κατά
954 2240 1074 2272 τινα
1106 2223 1294 2274 ἑαυτοῦ
1337 2225 1558 2291 δύναμιν
1590 2223 1752 2290 θνητῇ

215 2309 356 2374 φύσει
388 2310 646 2362 ἀδύνατον
683 2313 760 2372 εἰς
791 2312 904 2362 τόδε
938 2312 1168 2375 εἰδέναι;
1221 2313 1512 2381 Ἰσάριθμοι
1554 2314 1606 2364 δὲ
1648 2315 1754 2372 τοῖς

217 2399 406 2466 θρόνοις
436 2401 484 2449 οἱ
509 2399 821 2468 καθήμενοι,
855 2402 946 2451 καὶ
977 2401 1356 2469 πρεσϐύτεροι,
1386 2402 1444 2452 οὐ
1480 2401 1752 2468 νεώτεροι,

218 2491 323 2539 ἐπεὶ
349 2491 440 2541 καὶ
481 2492 512 2558 ἡ
543 2491 844 2557 ἐπαγγελία
874 2493 971 2558 τῆς
995 2492 1357 2560 κληρονομίας
1389 2495 1753 2560 πρεσϐυτάτη,

217 2575 280 2636 ὡς
322 2577 421 2646 πρὸ
469 2578 771 2646 καταϐολῆς
821 2579 1025 2647 κόσμου
1074 2583 1583 2647 προητοιμασμένης
1628 2583 1758 2646 ἡμῖν

222 2666 495 2732 βασιλείας.
530 2669 752 2730 Πάντως
775 2670 828 2720 δὲ
855 2673 964 2730 τοῖς
991 2669 1095 2737 πρὸ
1127 2671 1428 2736 καταϐολῆς
1464 2671 1663 2737 κόσμου
1700 2671 1758 2720 τὸ

220 2757 432 2809 ἔπαθλον
467 2757 680 2826 ἔχουσιν
707 2759 1044 2826 ἑτοιμασθὲν,
1085 2760 1181 2827 οὐχ
1211 2760 1284 2819 ὡς
1315 2761 1614 2828 νεωτέροις,
1642 2759 1756 2810 ἀλλ’

220 2849 285 2908 ὡς
329 2850 662 2916 ἑγγηρὰσασι
705 2852 815 2909 τοῖς
860 2848 1020 2909 θείοις
1065 2849 1444 2917 προστάγμασι
1482 2850 1678 2900 δίδοται
1725 2852 1756 2918 ὴ

223 2939 413 2998 αἰώνιος
444 2939 710 3007 βασιλεία.
750 2939 995 3008 Χρυσοῦς
1035 2941 1089 2991 δέ
1122 2959 1252 3009 φησι
1288 2943 1411 3002 τοὺς
1442 2943 1754 3008 στεφάνους.

223 3027 338 3077 Οὐδὲ
375 3026 478 3094 γὰρ
509 3023 623 3094 εἶχέ
661 3045 713 3078 τι
752 3028 948 3095 χρυσοῦ
993 3029 1418 3096 τιμαλφέστερον
1449 3032 1558 3090 τοῖς
1588 3031 1644 3080 ἐν
1682 3029 1757 3096 τῷ

225 3118 428 3185 παρόντι
451 3117 549 3188 βίῳ
573 3119 1014 3186 ὲνστρεφομένοες
1039 3119 1384 3171 ὑποτίθεσθαι
1407 3120 1538 3188 πρὸς
1556 3120 1758 3188 ἐναργῆ

226 3207 421 3271 γνῶσιν.

291 3472 383 3524 Καὶ
411 3473 559 3524 ἑπτὰ
585 3472 894 3538 λαμπάδες
925 3473 1113 3538 πυρὸς
1138 3477 1464 3541 καιόμεναι.
1494 3477 1601 3538 Τὰς
1629 3478 1766 3530 ἑπτὰ

228 3565 510 3632 λαμπάδας,
533 3563 699 3627 αὐτὸς
723 3566 1066 3632 ήρμήνευσεν
1092 3566 1230 3616 ἑπτὰ
1261 3567 1562 3634 πνεύματα,
1589 3570 1761 3630 ἅτινα,

232 3654 328 3718 ἦτοι
354 3653 424 3714 ὡς
465 3652 712 3712 Ἥσαῒας,
744 3653 809 3702 τὰ
835 3652 947 3704 θεῖα
979 3653 1068 3703 τοῦ
1103 3655 1408 3720 Πνεύματος
1436 3657 1764 3722 χαρίσματα,

235 3743 416 3808 σοφίας,
445 3743 646 3810 ἰσχύος,
683 3741 895 3808 βουλῆς,
923 3743 1096 3793 καὶτὰ
1125 3744 1328 3802 τούτοις
1355 3745 1479 3810 έξῆς
1506 3746 1582 3795 δεῖ
1605 3749 1764 3807 νοεῖν,

234 3837 276 3898 ἢ,
304 3834 370 3893 ὡς
398 3834 678 3902 Εἰρηναῖος
711 3834 802 3882 καὶ
839 3833 1067 3899 Κλήμης
1097 3835 1122 3883 ὁ
1155 3834 1533 3900 Στρωματεὺς,
1569 3835 1633 3884 τὰ
1661 3835 1766 3884 λει-

211 3924 460 3992 τουργικά
494 3925 722 3975 καὶτῶν
758 3923 928 3974 ἄλλων
953 3923 1204 3992 ἐξέχοντα
1241 3924 1554 3991 ταγμάτων.
1599 3926 1767 3978 Ἐπτὰ

237 4015 333 4078 μὲν,
375 4014 457 4066 διὰ
507 4015 603 4084 τὴν
659 4016 912 4082 ἐφορείαν
967 4014 1114 4066 τοῦδε
1163 4016 1255 4066 τοῦ
1310 4019 1512 4083 κόσμου
1562 4019 1654 4068 τοῦ
1696 4018 1768 4086 τῷ

235 4107 414 4175 ἑϐδόμῳ
441 4109 721 4176 συστοίχου
752 4109 993 4177 ἀριθμῷ,
1037 4110 1091 4177 ἦ,
1143 4111 1216 4177 ὡς
1258 4112 1355 4179 ἤδη
1400 4113 1766 4182 παρεθέμεθα.

237 4196 502 4262 Ιὶαιόμεναι
521 4196 597 4257 δὲ,
626 4197 713 4247 διὰ
737 4197 796 4248 τὸ
820 4198 1102 4250 ἀνένδοτον
1133 4202 1223 4250 καὶ
1250 4201 1490 4267 διηνεκὲς
1521 4203 1620 4270 τῆς
1647 4204 1771 4272 περὶ·

235 4285 282 4329 τὸ
313 4283 439 4333 θεῖον
468 4285 772 4348 ἁγιαστίας.
808 4278 1058 4337 Τοιοῦτον
1095 4287 1200 4356 γὰρ
1246 4290 1337 4339 καὶ
1373 4289 1481 4356 πῦρ
1523 4291 1680 4341 τοῦτο
1709 4286 1767 4342 τὸ

1862 513 2193 563 assimilatus
2219 513 2269 563 iu
2301 513 2533 580 speciem
2560 515 2773 567 viridati
2810 515 2998 582 lapidis
3025 519 3313 583 smaragdi.

1942 600 2133 668 Viginti
2159 612 2383 668 quatuor
2408 603 2572 655 sedes.
2600 602 2790 656 Sedem
2817 622 2919 657 non
2945 606 3087 658 aliud
3139 606 3410 674 quippiam

1861 703 2068 755 oportet
2099 692 2197 744 hoc
2235 692 2353 744 loco
2384 693 2678 761 intelligere
2711 709 2872 760 quam
2910 693 3211 746 studiosum
3247 709 3414 754 cona-

1864 791 1974 834 tum
2033 785 2097 835 ad
2147 786 2514 851 operationem
2572 785 2878 838 divinorum
2931 786 3231 853 jussorum.
3285 784 3411 838 Solo

1861 874 2002 924 enim
2041 873 2139 926 hoe
2173 875 2330 926 modo
2365 884 2660 941 praeparata
2698 874 2878 926 anima
2916 874 3157 925 divinum
3188 884 3269 927 est
3317 889 3411 926 ve-

1863 963 2120 1026 hiculum,
2147 965 2594 1032 quemadmodum
2622 975 2672 1018 et
2696 967 2804 1032 ipsa
2837 965 3130 1017 Cherubin.

1949 1051 2186 1105 Seniores
2215 1055 2465 1104 sedentes.
2501 1052 2570 1103 De
2597 1067 2822 1104 numero
2851 1050 3039 1118 viginti
3065 1057 3297 1116 quatuor
3326 1063 3410 1100 se-

1863 1143 2074 1194 niorum
2111 1145 2209 1193 hoc
2275 1144 2392 1194 loco
2450 1141 2900 1195 considerandqu
2950 1141 3069 1192 erit.
3104 1139 3410 1206 Snpcremi-

1863 1249 1995 1285 nens
2047 1243 2099 1284 et
2153 1232 2489 1285 divinissima
2534 1232 2982 1298 sanctissimaun
3023 1230 3257 1281 Trinitas
3311 1244 3411 1280 1111-

1863 1338 2070 1374 merum
2117 1323 2505 1389 septenarinm,
2554 1339 2714 1391 quem
2763 1325 2921 1374 etiam
2971 1323 3178 1375 aliincm
3237 1319 3412 1388 posuit

1863 1416 1987 1466 huic
2010 1429 2119 1466 sum
2144 1415 2496 1473 multitudini,
2524 1415 2678 1465 initio
2706 1414 2858 1481 juxta
2880 1412 3280 1466 inscrutabilmu
3303 1425 3412 1463 sua:

1863 1505 2144 1571 sapientia:
2184 1503 2604 1571 profunditatem
2661 1505 2850 1571 aequali
2910 1520 3131 1556 numero
3160 1503 3258 1555 sibi
3312 1501 3412 1568 ipsi

1863 1596 2206 1655 convolvens,
2233 1609 2515 1646 numerum
2553 1594 2744 1662 viginti
2775 1603 3008 1662 quatuor
3044 1593 3300 1646 ostendit.
3325 1589 3412 1642 Si-

1864 1684 2080 1751 quidem
2111 1691 2190 1734 ter
2219 1691 2422 1749 septem
2466 1683 2654 1748 viginti
2689 1691 2741 1734 et
2780 1698 2946 1734 unum
2979 1681 3232 1742 efficiunt,
3257 1680 3417 1748 690

1862 1773 1951 1839 qui
1981 1781 2064 1824 est
2090 1787 2349 1824 numerus
2383 1771 2638 1824 deliciens
2677 1787 2706 1822 a
2743 1772 2930 1838 viginti
2965 1781 3199 1838 quatuor
3241 1785 3414 1822 terna-

1863 1865 1965 1926 rio,
1996 1863 2088 1930 qui
2121 1864 2387 1914 ternarius
2444 1862 2637 1914 divinae
2687 1861 2935 1913 Trinitati
2990 1862 3228 1913 omnium
3269 1876 3415 1912 crea-

1863 1953 1982 2006 trici
2032 1961 2378 2006 consecratus
2434 1960 2517 2003 est
2570 1969 2582 2004 ε
2646 1951 2766 2002 ideo
2817 1966 3033 2017 quoque
3079 1950 3413 2016 septenarius

1865 2057 2124 2094 numerus
2145 2042 2301 2093 tertio
2335 2040 2763 2091 rircunn'olutus
2805 2053 3054 2091 unacum
3089 2036 3409 2090 circumvol-

1865 2143 2021 2183 vcnte
2079 2131 2313 2182 ternario
2364 2145 2645 2181 ntunerum
2692 2129 2877 2196 \iginti
2912 2138 3139 2195 quatuor
3171 2129 3408 2196 perfecit.

1865 2220 2161 2287 Septenarii
2212 2230 2389 2271 autem
2444 2221 2652 2271 muneri
2700 2234 2826 2270 num
2863 2228 3006 2271 totus
3046 2221 3131 2270 hic
3179 2221 3409 2273 mundus

1863 2311 2134 2363 sensibilis
2167 2325 2334 2377 capax
2366 2320 2445 2362 est
2467 2310 2931 2362 secutnlumsuam
2972 2311 3218 2362 virtutem
3254 2328 3412 2362 mor~

1865 2403 1953 2454 tali
1996 2413 2200 2454 natura!
2278 2402 2495 2468 Cognitn
2560 2401 2986 2469 impossibilent‘?
3055 2399 3268 2468 [Equali
3320 2403 3412 2453 1111⁴

1865 2504 1970 2545 tem
1997 2508 2220 2544 munero
2247 2508 2366 2544 cum
2399 2493 2620 2545 sedibus
2653 2501 2778 2544 sunt
2813 2491 2862 2542 hi
2903 2491 2991 2558 qui
3019 2493 3222 2551 sedent,
3256 2499 3307 2543 et
3332 2505 3412 2542 se-

1867 2587 2045 2638 niores
2067 2596 2215 2645 sunt.
2248 2583 2618 2650 nonjuniores
2643 2600 2654 2632 :
2683 2583 2936 2649 quoniam
2973 2582 3410 2647 ltrt)ltli>slt)qt10-

1863 2691 1969 2742 que
1995 2675 2277 2728 haereditas
2308 2671 2682 2724 vetustissima
2711 2678 2811 2730 est,
2838 2677 3020 2735 utpote
3047 2678 3228 2733 parato
3257 2667 3411 2720 nobis

1868 2782 2030 2831 regno
2053 2773 2178 2815 ante
2223 2762 2409 2814 mundi
2472 2759 2954 2812 constitutionem:
2999 2774 3158 2823 porro
3194 2757 3277 2809 his
3319 2756 3410 2824 qui

1866 2862 2220 2923 praeparatum
2244 2852 2443 2903 habent
2464 2859 2585 2902 ante
2609 2848 2791 2900 mundi
2821 2848 3258 2900 constitutionem
3277 2861 3410 2911 prcc-

1867 2945 2054 3005 mium,
2083 2957 2188 2993 non
2245 2950 2498 3006 tanquam
2557 2936 2968 2997 recentioribus,
3002 2937 3092 2988 sed
3152 2946 3408 3000 tanquam

1865 3032 2174 3086 inv'eteratis
2206 3032 2255 3082 in
2297 3031 2491 3082 divinis
2523 3029 2798 3096 przeceptis
2826 3027 2983 3078 datur
3013 3041 3229 3093 regnum
3254 3033 3411 3075 :cter-

1864 3139 2013 3177 num.
2062 3123 2283 3175 Domum
2318 3135 2509 3172 aureas
2559 3119 2689 3171 dicit
2745 3132 2864 3171 esse
2913 3130 3192 3171 coronas:
3236 3130 3410 3181 neque

1865 3213 2037 3280 potuit
2085 3213 2373 3279 quidquam
2439 3226 2571 3263 auro
2630 3210 2919 3278 pretiosius
2971 3222 3269 3276 proponere
3330 3206 3414 3258 his

1865 3303 1956 3371 qui
1991 3305 2040 3354 111
2083 3303 2183 3355 hac
2215 3303 2322 3354 vita
2355 3312 2639 3354 versantur
2663 3302 2727 3352 ad
2762 3300 3030 3352 ellicaccm
3054 3309 3106 3351 ct
3132 3313 3412 3366 operosam

1865 3394 2250 3460 cognitionem.

1941 3483 2008 3536 Et
2038 3494 2229 3550 septem
2283 3483 2550 3550 lampades
2577 3484 2708 3549 ignis
2746 3496 2998 3533 σει-1³118111.
3032 3481 3243 3549 Septem
3283 3480 3418 3532 lam-

1869 3576 2030 3642 pades
2060 3576 2174 3642 ipse
2204 3575 2588 3640 interpretatus
2611 3583 2692 3625 est
2735 3585 2936 3640 septem
2984 3573 3205 3639 spiritus
3247 3591 3259 3624 :
3300 3586 3419 3638 qum

1867 3676 1980 3726 aut,
2007 3667 2151 3717 sicut
2177 3666 2334 3717 habet
2359 3665 2548 3722 Isaias,
2578 3664 2758 3714 divina
2790 3663 3021 3728 Spiritus
3044 3663 3180 3712 dona
3212 3670 3418 3726 Oportet

1868 3753 2182 3816 intelligere,
2232 3766 2422 3816 nempe
2462 3749 2760 3814 sapientia},
2796 3749 3148 3807 fortitudinis,
3180 3748 3414 3808 consilii,

1864 3851 1916 3893 et
1940 3856 2058 3906 quze
2088 3847 2208 3907 post
2245 3840 2355 3889 lucc
2386 3847 2685 3903 sequuntur
2722 3853 2732 3885 :
2771 3845 2884 3898 aut,
2919 3835 3057 3885 sicut
3087 3835 3318 3884 lrenasus
3364 3843 3418 3884 et

1867 3911 2244 3994 Cleniens'qui
2293 3926 2438 3977 varia
2501 3925 2918 3984 ronsarcinavit,
2955 3923 3318 3973 ministrantes
3364 3932 3417 3973 et

1867 4019 2168 4071 eminentes
2200 4033 2358 4085 supra
2389 4025 2610 4069 creteros
2663 4016 2900 4066 ordines.
2939 4013 3150 4078 Septem
3179 4012 3414 4077 quidem,

1868 4125 1932 4161 c0
1956 4110 2096 4176 quod
2124 4108 2251 4161 huic
2293 4107 2495 4159 mundo
2535 4106 2872 4173 praesidcant,
2907 4103 2995 4168 qui
3043 4118 3162 4153 cum
3197 4115 3418 4151 numero

1873 4201 2174 4268 septenario
2206 4200 2387 4251 nescio
2417 4195 2545 4265 quid
2579 4206 2864 4263 cognatum
2911 4194 3064 4244 habet
3096 4209 3108 4243 :
3146 4199 3235 4242 aut
3258 4190 3416 4242 sicuti

1872 4293 1980 4359 jam
2046 4291 2426 4357 proposuimus
2470 4305 2481 4338 :
2522 4302 2765 4339 accensa:
2811 4301 2954 4346 vero,
2987 4292 3196 4351 propter
3250 4280 3420 4333 conti-

236 4369 388 4418 ἔνυλον
424 4371 778 4433 ἀδιαλείπτως
813 4374 1041 4437 φωτίζον
1072 4377 1164 4426 καὶ
1193 4377 1421 4442 φλέγον.
1472 4380 1559 4429 Διὸ
1592 4381 1684 4430 καὶ
1727 4383 1754 4430 ὁ

1864 4395 2024 4430 111111111
2044 4388 2282 4433 tenorem
2320 4395 2382 4429 ae
2426 4377 2830 4445 perpetuitatem
2883 4373 3249 4426 sanctimonia:
3280 4371 3418 4420 circa

237 4460 490 4526 προφήτης
522 4461 685 4527 φησιν
707 4477 721 4490 ·
763 4480 780 4514 ι
842 4462 900 4513 '0
932 4464 1098 4515 ποιῶν
1128 4467 1251 4525 τοὺς
1294 4466 1557 4531 ἀγγέλους
1602 4468 1765 4518 αὐτοῦ

238 4544 509 4614 πνεύματα.
547 4566 566 4597 1
1689 4540 1693 4545 ”

291 4804 382 4855 Kal
427 4804 680 4858 ἐνώπιον
719 4808 822 4860 τοῦ
862 4810 1077 4874 θρόνου
1109 4812 1186 4874 ὠς
1225 4813 1502 4864 θάλασσα
1546 4817 1762 4882 ὑαλίνη

236 4895 379 4960 ὁμοία
415 4896 791 4961 κρυστάλλῳ.
827 4902 933 4952 Kal
963 4902 1030 4952 ἐν
1059 4902 1223 4968 μέσῳ
1254 4903 1357 4953 τοῦ
1390 4907 1634 4968 θρόνου,
1667 4910 1764 4959 καὶ

237 4988 410 5050 κύκλῳ
441 4987 545 5039 τοῦ
569 4989 784 5052 θρόνου
826 4990 1091 5054 τέσσαρα
1121 4989 1229 5048 ζῶα
1262 4989 1511 5057 γέμοντα
1543 4995 1762 5059 ὀφθαλ-

236 5075 340 5142 μῶν
368 5079 698 5145 ἔμπροσθεν
726 5079 822 5129 καὶ
853 5081 1117 5131 ὀπνσθενο
1144 5081 1239 5132 καὶ
1270 5083 1333 5132 τὸ
1361 5082 1502 5138 (iber
1526 5086 1586 5135 τὸ
1611 5087 1761 5150 πρῶ-

240 5185 323 5220 τον
355 5170 550 5236 ὅμοιον
580 5170 810 5221 λέοντι·
851 5170 944 5232 καὶ
976 5171 1040 5221 τὸ
1068 5171 1343 5236 δεύτεροι·
1375 5173 1535 5235 (ζῶον,
1564 5177 1764 5241 ὅμοιον

237 5259 434 5326 μόσχῳ·
465 5259 560 5310 καί
591 5259 656 5310 τὸ
687 5259 883 5324 τρίτον
911 5257 1086 5318 ζῶον.
1123 5261 1264 5326 ἕχον
1303 5265 1625 5326 πρόσωπον
1652 5266 1758 5317 ἀνα

241 5349 462 5411 υρώπου·
487 5349 583 5401 καὶ
616 5349 680 5400 τὸ
707 5349 983 5414 τέταρτον
1009 5349 1210 5415 ὅμοιον
1261 5349 1409 5413 ἀετῷ
1439 5355 1758 5420 πετομένῳ.

299 5441 532 5510 θαλάσσῃ
565 5438 852 5502 ἀπεικάζει
876 5439 935 5492 τὸ
976 5439 1305 5493 κατενώπιον
1336 5441 1425 5492 τοῦ
1459 5443 1668 5511 θρόνου,
1703 5447 1762 5498 τὸ

303 5616 335 5646 ¹¹
369 5618 498 5673 l‘sal.
519 5634 628 5683 cui,
653 5617 699 5671 1.

1873 4469 2078 4520 divina.
2109 4465 2257 4519 Talis
2290 4476 2372 4517 est
2403 4481 2633 4531 namque
2663 4474 2713 4514 et
2740 4464 2877 4529 ignis
2915 4463 2997 4513 hic
3031 4459 3319 4512 Inatcrialis
3344 4458 3417 4506 ir;-

1862 4567 2138 4611 cessanter
2191 4555 2502 4607 illuminaus
2533 4570 2595 4605 ac
2647 4553 3022 4604 inflammatis:
3058 4551 3176 4601 ideo
3208 4545 3418 4614 quoque

1860 4653 1934 4702 ait
1972 4648 2235 4715 Propheta
2289 4666 2301 4700 :
2339 4667 2357 4697 1
2393 4647 2494 4710 Qui
2520 4645 2648 4698 facit
2684 4646 2900 4709 angelos
2932 4658 3059 4695 suos
3108 4641 3327 4708 spiritus
3366 4648 3418 4690 ct

1871 4741 2152 4792 ministros
2181 4753 2308 4791 suos
2339 4738 2511 4803 ignem
2545 4746 2785 4788 urentem
2815 4735 2874 4784 “.
2911 4751 2930 4782 1

1938 4828 2022 4892 IV,
2053 4827 2106 4890 6,
2127 4828 2177 4878 7.
2205 4826 2270 4877 Et
2301 4828 2352 4878 in
2377 4837 2651 4890 conspectu
2685 4823 2856 4880 throni
2882 4831 3130 4886 tanquam
3169 4833 3310 4867 mare
3342 4814 3390 4863 ri

1867 4927 2036 4969 treum
2072 4918 2244 4969 simile
2296 4916 2568 4984 crystallo.
2603 4914 2664 4966 Et
2699 4916 2752 4964 in
2793 4913 3014 4964 circuitu
3067 4909 3235 4960 throni
3291 4920 3403 4969 (μυι-

1865 5018 1982 5058 tuor
2020 5009 2268 5058 anitnulia
2301 5009 2450 5075 plena
2476 5006 2640 5058 oculis
2672 5017 2787 5055 ante
2821 5013 2866 5054 et
2898 5011 3068 5053 retro:
3097 5008 3143 5050 et
3195 4996 3412 5059 γηίηιωη

1861 5096 2062 5147 (1111111111
2078 5097 2246 5147 simile
2275 5098 2432 5158 leoni,
2456 5107 2502 5147 et
2561 5094 2848 5145 secundum
2900 5086 3097 5140 animal
3140 5080 3308 5134 simile
3343 5079 3412 5128 vi-

1863 5185 1991 5246 tulo,
2025 5195 2074 5235 et
2115 5186 2326 5236 tertium
2377 5183 2576 5235 annual
2611 5181 2801 5233 habens
2841 5179 3024 5245 faciem
3075 5169 3317 5230 Iwminis,
3367 5174 3414 5217 ct

1859 5281 2101 5338 quartum
2139 5274 2335 5337 animal
2378 5271 2553 5324 simile
2594 5271 2786 5338 aquila:
2815 5264 3031 5319 volanti.

1933 5451 2064 5505 Mari
2093 5452 2357 5507 assimilat
2389 5451 2440 5505 id
2497 5449 2638 5519 quod
2679 5455 2760 5500 est
2795 5445 2844 5497 in
2882 5447 3170 5508 conspectu
3207 5437 3410 5504 tlu'oni,
