4106 6334
692 282 792 346 571

1482 287 1795 346 ΛΠΕἸἯΕ
1832 288 2198 348 Ci’ESAREx‘E
2234 288 2706 355 CAPPADOCIE
2742 298 3076 360 EPISCOPI

3751 307 3868 368 572

695 397 979 448 maximam
1018 404 1071 447 ct
1109 395 1576 461 incomparabilem
1623 397 1932 465 signiﬁcans
1980 399 2217 450 multitn-
2255 402 2294 455 Α
2323 400 2392 451 ἀπ

2323 400 2544 471 ἄπειρον
2604 409 2694 459 καὶ
2742 409 3055 462 ἀνείκαστον
3100 410 3307 480 ’πλῆθος
3365 414 3470 465 τῶν
3522 417 3871 470 κυκλούντων

692 484 870 536 dinem
921 483 1222 535 divinarum
1259 485 1508 536 virtutum
1535 501 1652 551 quae
1694 487 1744 536 in
1773 486 1997 539 circuitu
2042 487 2216 539 throni

693 569 783 621 Dei
813 578 958 632 sunt,
997 569 1135 636 quod
1168 579 1218 623 et
1243 569 1422 623 Daniel
1458 571 1757 638 signiﬁcare
1783 575 1890 625 vult
1919 588 2012 640 per
2045 572 2218 626 mille-

692 654 899 704 narium
929 664 980 706 et
1032 654 1378 722 myriadlcum
1417 671 1718 710 numerum.
1748 659 1982 719 Vitreum
2039 669 2215 712 autem

690 756 835 794 mare
858 751 909 794 et
936 731 1294 809 cr'yslallinam
1324 745 1481 815 691
1518 747 1718 800 habens
1750 748 2003 815 speciem,
2039 749 2217 817 splen-

688 833 866 886 dorem
902 835 1138 902 designat
1167 836 1600 904 incorporearmn
1629 831 1939 893 naturarum
1965 849 2020 895 et
2048 842 2216 910 ipsius

687 923 884 986 throni,
918 925 1028 977 sive
1081 927 1332 993 angelicae
1365 929 1488 980 vitae
1527 931 1987 998 tranquillitatem,
2017 941 2075 984 ut
2100 947 2218 999 qua

685 1010 1024 1066 immobiliter
1053 1015 1412 1082 conglutinata
1464 1018 1535 1070 sit
1565 1019 1704 1073 sicut
1746 1021 1940 1073 vitrum
1994 1027 2048 1073 et
2105 1035 2220 1090 cry.

685 1097 895 1161 stallus,
918 1100 996 1152 sic
1028 1109 1081 1152 ut
1110 1102 1253 1154 nulla
1276 1105 1433 1157 sosde
1455 1099 1797 1162 obtcnebrata
1829 1108 1892 1162 ad
1920 1107 2221 1164 inaensatas

683 1185 1008 1239 turbationes
1039 1190 1512 1246 circumﬁcctatur.

755 1272 818 1322 Et
847 1275 897 1324 in
930 1277 1147 1328 circuitu
1194 1280 1362 1331 throni
1403 1292 1626 1348 quatuor
1658 1286 1930 1338 animalia.
1974 1287 2221 1350 Quatuor

684 1359 794 1409 luce
818 1361 1065 1413 animalia
1107 1367 1347 1416 nonnulli
1370 1377 1422 1418 et
1451 1377 1680 1434 quatuor
1699 1370 1985 1438 Evangelia
2010 1384 2061 1425 et
2089 1389 2224 1440 qua-

685 1455 802 1496 tuor
829 1450 1100 1512 generales
1122 1463 1442 1517 acceperunt
1470 1457 1693 1508 virtutes
1725 1474 1738 1508 :
1773 1467 1829 1509 ut
1879 1459 1962 1512 leo
2005 1463 2219 1528 qu‘hlem

683 1535 947 1600 signiﬁcet
995 1537 1380 1602 fortitudinem,
1421 1552 1472 1593 et
1517 1541 1861 1612 Evangelium
1927 1550 2219 1601 secundum

682 1624 967 1689 Joannem,
994 1630 1132 1694 quod
1165 1632 1322 1681 etiam
1354 1631 1818 1686 sanctuslrenaeus
1851 1633 2222 1703 Lugdunensis

683 1713 815 1779 dicit
842 1716 1024 1766 aeterni
1068 1718 1215 1783 regni
1261 1718 1669 1785 signiﬁcativum
1724 1737 1861 1787 esse,
1920 1740 2014 1791 per
2041 1725 2219 1778 illud:

687 1800 802 1868 «,ln
834 1803 1097 1870 principio
1130 1813 1244 1857 erat
1300 1805 1525 1860 Verbum
1562 1827 1574 1861 :
1618 1827 1635 1859 ι
1681 1824 1774 1876 per
1796 1812 2016 1866 vitulum
2045 1823 2219 1870 autem

676 1886 939 1955 justitiam
997 1902 1248 1958 tanquam
1304 1892 1537 1960 propriis
1580 1905 1880 1950 contentam
1930 1900 2220 1967 laboribus,

681 1986 732 2027 et
758 1974 1101 2045 Evangelium
1133 1979 1283 2045 juxta
1331 1981 1554 2046 Lucam,
1599 1993 1851 2052 tanquam
1904 1988 2138 2055 legitime
2167 1998 2220 2047 et

681 2066 993 2118 sacerdotali
1031 2070 1186 2119 modo
1217 2068 1414 2122 Christi
1448 2075 1809 2141 genealogiam
1850 2078 2159 2133 describens
2201 2097 2217 2133 :

683 2168 776 2218 per
809 2156 1042 2220 aquilam
1078 2172 1200 2206 vero
1237 2161 1663 2225 temperantiam,
1696 2178 1814 2214 nam
1849 2165 1913 2216 de
1941 2165 2040 2219 hac
2068 2169 2220 2222 testi-

683 2243 918 2293 monium
949 2244 1105 2295 datur
1138 2245 1263 2295 huic
1288 2247 1526 2308 animali,
1564 2258 1618 2300 et
1670 2249 2014 2317 Evangelium
2059 2255 2216 2322 juxta

685 2327 941 2388 Marcum,
1003 2339 1179 2395 utpote
1229 2333 1663 2398 compendiosum
1713 2348 1766 2390 et
1817 2354 1845 2391 a
1904 2341 2215 2409 prophetico

685 2411 888 2480 Spiritu
925 2417 1207 2483 incipiens.
1236 2417 1403 2472 Porro
1441 2437 1531 2488 per
1557 2423 1820 2478 hominem
1857 2430 2214 2494 prudentiam,

682 2516 734 2556 et
765 2504 1104 2574 Evangelium
1132 2509 1280 2574 juxta
1314 2510 1638 2576 Matthaaum,
1668 2524 1725 2566 ut
1765 2517 1855 2582 qui
1902 2520 2216 2573 naturaliter

680 2603 734 2645 ct
761 2610 865 2646 non
904 2595 1016 2662 lege
1043 2597 1408 2663 praedicaverit
1453 2601 1648 2653 Christi
1682 2605 2034 2658 nativitatem.
2085 2605 2214 2660 For-

683 2683 840 2735 tassis
875 2693 1049 2738 autem
1085 2697 1130 2738 et
1161 2705 1254 2753 per
1277 2691 1385 2742 haec
1423 2690 1747 2759 signiticatnr
1770 2692 1965 2749 Christi
1995 2696 2211 2764 dispen-

677 2775 816 2824 satio
855 2795 865 2826 :
899 2790 989 2841 per
1031 2775 1259 2837 leonem,
1306 2787 1559 2848 tanquam
1615 2796 1705 2834 rex
1743 2785 2044 2839 ostenditur
2075 2804 2087 2839 :
2118 2802 2211 2855 per

678 2862 923 2924 vitulum,
947 2875 1002 2916 ut
1025 2867 1292 2929 sacerdos,
1320 2869 1423 2920 imo
1453 2870 1618 2936 magis
1644 2880 1699 2923 ut
1731 2874 2083 2942 sacriﬁcium;
2117 2892 2210 2944 per

681 2950 969 3014 hominem,
1031 2956 1168 3019 quod
1213 2965 1425 3023 propter
1479 2973 1574 3009 nos
1609 2959 1686 3010 vir
1730 2961 1798 3011 sit
1824 2960 2040 3014 ellectus
2074 2983 2086 3016 :
2117 2978 2209 3030 per

676 3039 930 3102 aquilam.
965 3049 1215 3107 tanquam
1241 3045 1393 3093 dator
1426 3045 1614 3097 viviﬁci
1650 3044 1883 3113 Spiritus
1941 3064 2002 3103 ac
2047 3065 2207 3119 super

678 3139 865 3175 omnes
891 3126 1206 3179 devolantis.
1234 3131 1337 3179 Aut
1364 3131 1504 3196 quod
1544 3147 1638 3197 per
1670 3143 1901 3199 quatuor
1925 3136 2038 3188 haec
2083 3139 2205 3189 ani-

682 3213 839 3263 inalia
893 3213 983 3262 Dei
1019 3225 1290 3279 aspectum
1323 3229 1636 3283 assequatur
1678 3233 1921 3275 creatura
1976 3240 2038 3279 ex
2077 3240 2210 3292 qua-

681 3307 801 3350 tuor
825 3301 1100 3353 elementis
1123 3304 1402 3356 commista
1432 3322 1445 3356 :
1472 3321 1658 3370 nempe
1690 3309 1829 3374 igne,
1862 3325 2020 3374 aqua,
2048 3322 2206 3375 terra,

679 3402 820 3449 aere,
856 3399 1102 3455 tanquam
1134 3391 1242 3440 inec
1263 3394 1511 3454 animalia
1539 3395 1651 3448 visa
1695 3398 1758 3449 ad
1790 3398 2207 3466 designationem

679 3477 1068 3528 mundanorum
1113 3480 1494 3534 elementorum
1552 3484 1850 3539 referantur
1903 3507 1915 3540 :
1959 3489 2039 3542 leo
2087 3492 2208 3556 qui-

677 3565 822 3627 dem,
847 3577 1056 3630 prOpter
1086 3568 1477 3624 animositatem
1525 3582 1577 3626 et
1622 3575 1896 3630 audaciam
1940 3579 2003 3630 ad
2032 3579 2204 3647 ignem

679 3652 1098 3719 designandum;
1136 3657 1330 3710 vitulus
1362 3667 1562 3727 autem,
1606 3672 1823 3733 propter
1870 3668 2205 3734 Operationes

678 3742 817 3793 circa
863 3752 1077 3800 terram.
1119 3746 1287 3811 ipsam
1332 3759 1525 3802 terram
1567 3767 1725 3820 quam
1763 3768 1996 3821 exercet;
2047 3757 2204 3811 homo

676 3845 803 3882 vero
835 3845 1029 3895 acrem,
1066 3834 1324 3899 siquidem
1362 3838 1519 3890 homo
1567 3841 1796 3895 cmlestis
1845 3857 1907 3895 ac
1961 3845 2204 3909 sublimis

674 3928 921 3971 creatura
983 3929 1064 3972 est
1123 3933 1334 3989 prOpter
1393 3926 1589 3978 mentis
1635 3930 2004 3983 subtilitatem.
2038 3931 2204 3985 Porro

675 4007 848 4072 aquila
908 4009 970 4058 ad
1023 4023 1213 4075 aquam
1265 4011 1681 4078 designandam;
1735 4030 1801 4069 ex
1864 4020 2018 4086 aquis
2062 4022 2202 4074 enim

675 4105 844 4144 nacta-
869 4104 993 4146 sunt
1025 4098 1266 4147 volucres
1304 4101 1722 4161 generationem.

749 4180 833 4243 IV,
866 4182 1016 4231 8-H.
1057 4181 1119 4231 Et
1142 4181 1367 4246 quatuor
1390 4187 1698 4239 animalium
1718 4191 1922 4259 singula
1951 4195 2198 4249 habebant

2324 489 2478 542 θείων
2521 495 2797 562 δυνάμεων
2825 497 2901 565 τῷ
2945 499 3114 567 θρόνῳ
3159 501 3432 568 σημαίνων
3457 503 3548 555 τοῦ
3590 507 3741 561 Θεοῦ.
3797 510 3872 559 Ὃ

2323 582 2414 634 καὶ
2444 585 2633 653 Δανιὴλ
2654 587 2741 638 διὰ
2768 589 2858 639 τοῦ
2891 589 3132 657 χιλιακοῦ
3158 594 3250 644 καὶ
3282 595 3595 661 μυριαδικοῦ
3626 599 3870 664 ἀριθμου

2323 675 2585 740 παριστᾷν
2612 673 2875 741 βούλεται.
2917 677 2980 728 Ἦ
3004 677 3059 729 δὲ
3093 677 3277 747 ὑαλίνη
3301 681 3393 732 καὶ
3415 684 3829 751 κρυσταλλοειδίς
3838 702 3871 745 ς

2322 758 2559 812 θάλασσα
2594 764 2722 838 ἑτὴν
2777 763 3051 828 διαύγειαν
3109 767 3248 838 τῶνί
3293 768 3596 837 ἀσωμάτων
3643 773 3872 838 φύσεων

2323 829 2689 914 σημαίνονεῖὁς-
2715 851 2877 908 ἐστιν,
2909 852 3001 902 καὶ
3031 851 3121 903 τοῦ
3160 837 3284 919 περὶ
3309 829 3618 922 τὸνδρόνον
3639 829 3666 916 ,1
3687 857 3870 923 ἢγουν

2321 935 2415 1002 τῆς
2443 936 2730 1005 ἀγγελικῆς
2757 938 2901 1006 ζωῆς
2928 940 2987 991 τὸ
3014 940 3304 1010 ἀτάραχον,
3337 944 3430 996 ἀτι
3465 945 3728 1009 ἀκινήτως
3773 944 3869 1004 ὡς

2324 1022 2481 1085 ὕαλος
2501 1029 2774 1093 πεπηγυῖα
2801 1028 2891 1080 καὶ
2914 1029 3263 1095 κρύσταλλος,
3296 1031 3372 1100 τῷ
3399 1033 3527 1100 μηδι
3560 1035 3656 1101 μιᾷ
3680 1033 3869 1100 κηλίδι

2325 1113 2656 1181 σκοτουμένη
2693 1116 2826 1183 πρὸς
2865 1119 3118 1188 ἀνοήτους
3152 1121 3864 1190 περισπᾶσθαιικλονήσεις.

2399 1281 2663 1346 Τέσσαρα
2693 1280 2802 1340 ζῐῦα
2823 1283 3093 1350 γέμοντα.
3144 1287 3326 1340 Ταῦτα
3355 1289 3422 1341 τά
3460 1290 3697 1358 τέσσαρα
3734 1292 3865 1352 ζῶἁ

2324 1383 2484 1429 τινες,
2516 1367 2610 1420 καὶ
2635 1369 2704 1420 τά
2747 1372 2982 1440 τέσσαρα
3005 1374 3305 1441 Εὑαγγέλια
3330 1378 3421 1428 καὶ
3448 1378 3544 1438 τὰς
3587 1379 3864 1447 τέσσαρας

2325 1458 2540 1520 γενικὰς
2569 1457 2764 1524 ἀρετὰς
2793 1459 3059 1523 ἐξέλαϐον,
3083 1463 3176 1514 τοῦ
3202 1464 3298 1530 μὲν
3323 1465 3531 1526 λέοντος
3571 1467 3862 1536 δηλοῦντος

2323 1545 2421 1611 τὴν
2455 1546 2700 1614 ἀνδρείαν
2757 1549 2850 1598 καί⁵
2871 1551 2932 1600 τὺ
2974 1551 3112 1602 κατά
3153 1553 3401 1621 Ἰωάννην
3443 1557 3783 1622 Εὑαγγέλιον,
3827 1558 3861 1607 ὃ

2326 1633 2417 1682 καὶ
2444 1631 2720 1697 Εἰρηναῖος
2748 1633 2776 1683 6
2803 1636 3128 1700 Λουγδούνου
3153 1639 3303 1704 ἀγιός
3332 1658 3460 1709 φησι
3483 1643 3579 1710 τῆς
3611 1661 3861 1712 προαιω-

2249 1692 2295 1752 Β
2323 1718 2435 1768 νίου
2483 1692 2752 1784 βασιλείας
2801 1692 2935 1775 εἷναί
2975 1692 3299 1794 δηλωτικὸν,
3488 1692 3861 1784 ’Ἲς-ἢέν

2321 1806 2461 1874 ἀρχῇ
2494 1803 2560 1874 ἦν
2599 1808 2626 1858 ὁ
2659 1809 2829 1876 Λόγος
2850 1825 2865 1841 ’
2893 1829 2924 1861 κι
2969 1812 3063 1864 τοῦ
3096 1813 3154 1865 δὲ
3197 1816 3414 1883 μόσχου,
3444 1819 3541 1886 τὴν
3581 1819 3861 1872 δικαιοσύ-

2321 1910 2438 1960 νην,
2473 1894 2567 1946 ἅτε
2604 1900 2713 1959 τοῖς
2753 1899 2972 1960 οἰκείοις
3019 1902 3354 1971 ἀρκουμένου
3402 1905 3605 1972 πόνοις,
3654 1910 3743 1961 καὶ
3784 1911 3858 1961 τὸ

2320 1984 2456 2034 κατά
2481 1985 2689 2038 Λουκᾶν
2713 1987 3057 2053 Εὑαγγέλιον,
3088 1990 3161 2051 ὡς
3189 1992 3422 2060 νομικῶς
3442 1994 3536 2046 καὶ
3567 1995 3856 2064 ίερατικῶς

2316 2073 2406 2123 τὸν
2447 2073 2677 2142 Χριστὸν
2729 2077 3222 2148 γενεαλογήσανταο
3274 2081 3366 2134 τοῦ
3429 2083 3484 2134 δὲ
3544 2083 3698 2137 ἀετοῦ
3747 2086 3857 2153 τὴν

2322 2165 2692 2232 σωφροσύνηψ
2734 2165 2922 2235 (ταύτῃ
2961 2167 3066 2236 γὰρ
3094 2173 3444 2240 μαρτυρεῖται
3487 2173 3546 2224 τὸ
3569 2174 3724 2242 ζῶον)
3753 2178 3856 2225 καὶ

2314 2250 2375 2300 τὸ
2405 2251 2542 2301 κατά
2575 2253 2796 2320 Μάρκον
2829 2254 3152 2320 Εὐαγγίλιον
3188 2257 3445 2327 σύντομον
3480 2259 3558 2321 ὃν,
3597 2262 3687 2312 καὶ
3733 2263 3852 2313 ἀπὸ

2314 2337 2406 2388 τοῦ
2434 2341 2764 2407 προφητικοῦ
2800 2342 3104 2409 Πνεύματος
3143 2343 3475 2413 ἀρξάμενον·
3518 2347 3610 2400 τοῦ
3653 2348 3708 2400 δὲ
3748 2350 3853 2400 ἀν-

2315 2425 2528 2492 θρώπου
2550 2429 2643 2494 τὴν
2681 2431 2954 2497 φρόνησιν,
2983 2435 3074 2484 καὶ
3103 2434 3164 2485 τὸ
3193 2437 3330 2487 κατά
3367 2437 3637 2488 Ματθαῖον
3666 2438 3850 2504 Εὐαγ-

2314 2514 2508 2580 γέλιον,
2537 2516 2611 2576 ὼς
2641 2518 2879 2583 φυσικῶς
2911 2521 3000 2569 καὶ
3050 2519 3109 2570 οὐ
3143 2521 3290 2589 νόμῳ
3316 2523 3553 2591 κηρύξας
3576 2526 3672 2592 τὴν
3709 2527 3816 2594 Χρι
3835 2555 3850 2566 -

2314 2600 2437 2651 στοῦ
2467 2601 2736 2668 γέννησιν.
2772 2601 2924 2666 Ἴσως
2962 2605 3015 2656 δὲ
3046 2606 3136 2657 καὶ
3159 2609 3243 2659 δια
3280 2609 3533 2678 τούτωνη
3564 2613 3849 2680 οἰκονομία

2311 2691 2544 2758 Χριστοῦ
2581 2692 2839 2759 δηλοῦται.
2890 2696 2985 2746 Διά
3037 2695 3125 2748 τοῦ
3160 2697 3402 2760 λέοντος,
3451 2699 3525 2759 ὡς
3567 2700 3843 2768 βασιλεύς.

2312 2779 2408 2830 Διά
2439 2780 2529 2831 τοῦ
2575 2781 2792 2848 μόσχου,
2827 2782 2901 2845 ὡς
2942 2785 3137 2851 ἱερεὺς,
3176 2788 3369 2854 μᾶλλον
3395 2788 3450 2840 δὲ
3493 2791 3583 2841 καὶ
3623 2791 3843 2859 ίερείον.

2309 2869 2407 2919 Διά
2436 2869 2527 2920 τοῦ
2556 2869 2838 2938 ἀνθρώπου
2870 2873 2942 2933 ὡς
2987 2873 3053 2924 δι’
3098 2876 3240 2942 ἡμᾶς
3269 2877 3572 2946 ἀνδρωθείς.
3618 2880 3716 2932 Διά
3742 2881 3843 2933 τοῦ

2236 3004 2280 3061 c
2313 2959 2490 3020 ἀετοῦ,
2540 2959 2614 3022 ὡς
2658 2962 2885 3029 χορηγὸς
2936 2963 3025 3013 τοῦ
3079 2964 3336 3025 ζωοποιοῦ
3385 2968 3689 3036 Πνεύματος
3745 2973 3846 3022 καὶ

2298 3049 2405 3099 Ἐπὶ
2435 3050 2641 3112 πάντας
2672 3051 3057 3114 καταπτάντος.
3093 3056 3159 3104 Ἢ
3184 3056 3262 3107 ὃτι
3296 3057 3380 3129 διὰ
3413 3059 3519 3109 τῶν
3563 3062 3845 3129 τεσσάρων

2313 3133 2513 3185 τούτων
2549 3134 2718 3199 ζώων,
2749 3137 2781 3204 ἢ
2805 3138 2867 3188 ὲκ
2894 3138 3002 3190 τῶν
3032 3143 3307 3209 τεσσάρων
3335 3145 3839 3215 στοιχείων,πυρὸς,

2314 3220 2516 3283 ὕδατος,
2542 3223 2661 3288 γῆς,
2687 3223 2863 3289 ἀέρος,
2881 3226 3173 3293 σύγκρατος
3193 3231 3361 3290 κτίσις
3383 3233 3478 3296 τῆς
3502 3234 3723 3300 ὲποψίας
3743 3237 3843 3287 τοῦ

2314 3308 2444 3357 Θεοῦ
2476 3312 2779 3376 τυγχάνειν,
2811 3310 2884 3372 ὡς
2913 3312 2979 3385 in.
3006 3313 3206 3366 τούτων
3247 3318 3543 3382 ὀραθέντων
3579 3321 3728 3381 ζώων
3756 3327 3843 3385 είς

2314 3393 2653 3448 ὑποτύπωσιν
2673 3399 3081 3467 ἀναφερομένων
3109 3402 3212 3453 τῶν
3243 3406 3517 3472 κοσμικῶν
3539 3412 3838 3479 στοιχείων,

2311 3483 2518 3545 λέοντος
2553 3485 2668 3551 μὲν,
2689 3486 2776 3539 διὰ
2804 3487 2862 3539 τὸ
2889 3487 3114 3556 θυμικὸν
3143 3492 3234 3542 καὶ
3261 3492 3477 3562 θερμὸν,
3509 3499 3587 3560 είς
3614 3500 3673 3550 τὸ
3701 3499 3834 3569 πῦρ.

2312 3571 2521 3640 Μόσχου
2559 3572 2632 3632 δὲ,
2660 3573 2743 3625 διά
2771 3573 2836 3626 τὰ
2868 3577 2992 3644 περὶ
3021 3577 3115 3646 τὴν
3158 3579 3258 3646 γῆν
3286 3581 3419 3650 ἔργα
3456 3585 3533 3645 είς
3571 3585 3667 3655 τὴν
3706 3588 3835 3654 γῆν.

2322 3660 2630 3728 ’Λνθρώπου
2653 3663 2728 3721 δὲ,
2759 3664 2835 3725 είς
2863 3663 2950 3715 τὸν
2978 3665 3130 3733 ἀέρα.
3162 3669 3418 3737 Οὐράνιον
3447 3673 3552 3742 γὰρ
3578 3675 3668 3726 κα)⁵
3701 3693 3834 3744 μετ-

2311 3751 2498 3820 άρσιον
2531 3752 2694 3819 φυτὸν
2722 3753 3002 3822 ἄνθρωπος
3027 3756 3112 3806 διὰ
3144 3759 3240 3824 τὴν
3269 3759 3360 3810 τοῦ
3391 3761 3480 3813 νοῦ
3501 3759 3832 3832 ρεπτότητα.

2322 3838 2501 3889 Ἀετοῦ
2531 3839 2586 3890 δὲ
2617 3841 2692 3900 είς
2730 3841 2788 3890 τὸ
2827 3841 2984 3909 ὕδωρ.
3028 3844 3113 3905 Ἐξ
3160 3844 3362 3898 ὑδάτων
3391 3848 3498 3917 γὰρ
3521 3864 3553 3917 η
3578 3852 3835 3917 γέννησις

2307 3928 2415 3988 τοῖς
2441 3931 2672 3995 πτηνοῖς.
2926 3933 2928 3935 ’

2377 4181 2481 4233 Kal
2526 4181 2783 4248 τέσσαρα
2807 4181 2915 4240 ζῶα
2949 4183 3016 4236 ἓν
3040 4188 3164 4239 καθ’
3193 4186 3276 4252 ἓν,
3300 4185 3465 4256 εἶχον
3490 4192 3604 4246 ἀνὰ
3626 4194 3836 4261 πτέρυ-

675 4270 790 4316 alas
822 4283 968 4317 senas
995 4269 1046 4316 in
1077 4269 1315 4330 circuitu,
1343 4280 1389 4320 et
1417 4270 1554 4324 intus
1582 4274 1729 4338 plena
1754 4289 1899 4329 erant
1927 4281 2110 4334 oculis.
2136 4281 2200 4333 Et
2237 4306 2276 4358 ο
2309 4287 2392 4337 γας

2309 4287 2410 4337 rae
2454 4270 2519 4330 ἔξ
2570 4270 2877 4323 κυκλόθεν.
2928 4272 3032 4323 Καί
3071 4274 3291 4326 ἔσωθεν
3325 4277 3573 4345 γέμοντα
3614 4282 3831 4347 65900.1-

677 4354 898 4417 rrquiem
931 4371 1025 4404 non
1051 4357 1234 4406 habent
1262 4359 1341 4409 die
1376 4377 1435 4410 ac
1468 4371 1613 4415 nocte
1637 4364 1862 4418 dicentia
1890 4381 1907 4416 :
1953 4368 2198 4433 Sanctus,

675 4452 904 4504 sanctus,
924 4455 1153 4508 sanctus,
1182 4447 1430 4502 Dominus
1451 4451 1581 4504 Deus
1602 4458 1943 4522 omnipotens,
1962 4461 2197 4526 quierat,

675 4547 722 4581 et
746 4535 829 4596 qui
853 4544 949 4594 est,
974 4545 1018 4586 et
1050 4538 1134 4601 qui
1161 4541 1306 4590 venit.
1342 4536 1405 4590 Et
1423 4543 1823 4613 quandocunque
1844 4548 2071 4602 dederint
2107 4551 2202 4601 illa

677 4622 926 4670 animalia
989 4626 1202 4689 gloriam
1247 4639 1291 4677 et
1340 4630 1580 4682 honorem
1821 4644 1868 4686 et
1910 4640 2199 4703 gratiarum

679 4711 927 4761 actionem
962 4714 1148 4763 sedenti
1178 4718 1226 4764 in
1255 4718 1432 4769 throno
1463 4720 1551 4786 qui
1572 4720 1693 4770 vivit
1735 4724 1786 4772 in
1821 4727 2010 4776 arcula
2039 4745 2201 4781 ra'cu-

679 4801 866 4859 lorum,
895 4801 1149 4862 procidant
1172 4805 1346 4867 viginti
1367 4822 1586 4872 quatuor
1608 4810 1830 4862 seniores
1867 4825 1984 4864 ante
2023 4815 2198 4866 seden-

682 4901 775 4938 tem
803 4890 850 4939 in
887 4890 1081 4951 throno,
1113 4902 1158 4942 et
1187 4895 1469 4946 adorabunt
1498 4900 1735 4951 viventem
1759 4903 1808 4952 in
1830 4905 2015 4954 sarcula
2039 4922 2199 4955 utcu—

679 4971 866 5029 lorum.
905 4976 968 5027 Et
998 4980 1233 5044 objicient
1268 4997 1478 5034 coronas
1525 5003 1641 5037 suas
1681 5000 1796 5041 ante
1833 4992 2087 5052 thronum,
2121 4995 2200 5043 (li-

678 5078 842 5117 centes
874 5084 890 5118 :
917 5069 1107 5134 Dignus
1142 5086 1212 5128 es,
1263 5070 1476 5123 Domine
1515 5087 1560 5126 et
1610 5077 1740 5130 Deus
1782 5094 1949 5132 noster
2001 5093 2192 5140 sancte,

679 5158 902 5220 accipere
943 5160 1158 5224 gloriam
1191 5169 1235 5209 et
1273 5161 1507 5213 honorem
1534 5183 1592 5214 ac
1625 5172 1921 5231 potentiam,
1961 5172 2196 5236 quoniam

683 5255 738 5292 tu
766 5250 948 5297 creasti
986 5249 1176 5310 omnia,
1222 5259 1267 5300 ct
1305 5262 1506 5316 propter
1539 5255 1847 5308 voluntatem
1892 5269 2027 5310 tuum
2057 5272 2198 5310 erant

683 5347 727 5382 et
756 5347 923 5386 creata
965 5347 1100 5389 sunt.

2300 4357 2443 4423 μῶν,
2488 4358 2580 4408 καὶ
2636 4359 2976 4412 ἀνάπαυσιν
3009 4365 3114 4413 οὐκ
3172 4365 3420 4431 ἔχουσιν
3462 4369 3680 4434 ἡμέρας
3733 4373 3828 4423 καὶ

2301 4449 2516 4510 νυκτὸς
2555 4449 2827 4516 λέγοντες
2862 4465 2874 4477 °
2906 4452 3110 4516 Ἀτιος,
3135 4454 3312 4520 ἅγιος,
3358 4457 3539 4524 ἅγιος,
3562 4462 3769 4525 Κύριος
3799 4465 3832 4512 ὁ

2305 4539 2442 4599 Θεὸς
2480 4542 2511 4588 ό
2534 4540 2958 4606 παντοκράτωρ,
2991 4545 3021 4592 ό
3051 4539 3144 4609 ἦν,
3171 4545 3263 4595 καί
3287 4547 3317 4595 ὁ
3347 4546 3450 4609 ὢν,
3484 4548 3578 4598 καὶ
3602 4551 3633 4599 ό
3661 4549 3828 4612 ἐρχό-

2296 4641 2492 4690 μενος.
2522 4627 2620 4676 Kal
2653 4626 2733 4676 ὅτ’
2767 4626 2840 4678 ἂν
2876 4627 3019 4679 δῶσι
3051 4632 3119 4680 τὰ
3151 4630 3258 4688 ζῶα
3276 4632 3476 4695 δόξαν,
3506 4636 3599 4684 καί
3628 4636 3824 4701 τιμὴν,

2302 4714 2393 4763 καί
2435 4717 2813 4780 εὐχαριστίαν
2850 4717 2925 4779 τῷ
2965 4721 3269 4785 καθημένῳ
3321 4722 3415 4771 ἐπὶ
3459 4724 3560 4774 τοῦ
3591 4726 3821 4789 θρόνου,

2301 4802 2376 4864 τῷ
2415 4803 2572 4859 ζῶντι
2607 4809 2693 4868 εἰς
2723 4805 2859 4868 τοὺς
2887 4805 3095 4869 αἰῶνας
3130 4808 3242 4857 τῶν
3280 4807 3518 4872 αίὼνων,
3571 4813 3824 4863 πεσοῦν-

2299 4910 2385 4942 tm
2418 4896 2468 4943 (μί
2514 4894 2981 4959 εἰκοσιτέσσαρες
3015 4897 3386 4961 πρεσϐύτεροι
3423 4900 3669 4951 ἐνώπιον
3719 4902 3822 4953 τοῦ

2300 4984 2626 5048 καθημένου
2658 4985 2750 5034 ἐπὶ
2790 4985 2891 5033 rm“)
2936 4985 3167 5047 θρόνου,
3202 4988 3293 5036 καὶ
3333 4991 3823 5055 προσκυνήσουσι

2300 5075 2373 5134 τῲ
2401 5074 2559 5130 ᾇῖιντι
2586 5077 2668 5134 είς
2698 5075 2833 5135 τοὺς
2864 5073 3075 5136 αἰῶνας
3130 5073 3242 5124 τῶν
3286 5079 3522 5129 αἰώνων.
3561 5083 3661 5130 Καὶ
3710 5081 3820 5140 ,βα-

2299 5163 2468 5212 λωῡσι
2511 5163 2646 5225 τοὺς
2685 5163 3012 5227 στεφάνους
3047 5163 3238 5214 αὐτῶν
3273 5167 3519 5217 ἐνώπιον
3547 5168 3648 5218 τοῦ
3693 5171 3814 5230 (hui.

2299 5267 2425 5308 νου,
2461 5252 2762 5314 λέςγλντεςο
2804 5251 2997 5312 ’Ἄξιος
3029 5247 3098 5311 εἴ,
3158 5255 3188 5302 ό
3229 5255 3432 5316 Κύριος
3463 5256 3556 5305 καί
3599 5259 3630 5304 ὀ
3679 5256 3822 5316 Θεὸς

2303 5339 2463 5401 ἡμων
2519 5344 2546 5387 (5
2576 5340 2752 5403 ἅγιος,
2787 5337 2984 5387 λαϐεῖν
3012 5338 3122 5401 τὴν
3154 5341 3325 5399 δόξαν
3369 5343 3462 5390 καὶ
3493 5342 3600 5403 τὴν
3646 5341 3824 5403 τιμὴν

2305 5427 2396 5474 ml
2442 5428 2549 5490 τὶν·
2597 5429 2862 5490 δύιιιμιν.
2894 5427 3015 5476 ’Ὅτι
3064 5426 3141 5475 σὺ
3181 5428 3418 5488 ἔκτισας
3463 5427 3672 5486 πάντα,
3727 5433 3816 5479 καὶ

2305 5515 2394 5563 (ut
2425 5519 2482 5565 to
2511 5515 2732 5580 (λέ-..ίιυιιὶ
2757 5531 2866 5565 (που
2899 5510 3051 5581 ἦσαν
3081 5516 3172 5564 καὶ
3200 5517 3576 5579 ἐκτίσθησαν.
