4106 6334
287 271 396 336 573

1321 270 1702 332 COMMENT.
1741 271 1822 332 IN
1863 271 2377 334 APOCALYPSIN.
2419 274 2425 282 ’

3357 285 3457 346 5Ἱᾷ

359 379 543 432 Είπὼν
579 380 648 432 τὰ
674 378 912 450 τέσσαρα
942 379 1055 442 ζῶα
1076 379 1144 431 τὰ
1168 381 1257 432 τὸν
1289 381 1473 448 θρόνον
1500 381 1817 444 κυκλοῦντα,

1990 382 2280 449 Postquam
2341 381 2476 435 dixit
2537 390 2770 451 quatuor
2813 386 3064 442 animalia
3117 388 3171 442 in
3230 389 3457 446 circuitu

283 468 387 520 καὶ
424 469 484 520 τὸ
513 465 648 531 εἶδος
672 469 900 524 ἑκάστου
940 467 1236 532 διεξελθὼν,
1269 469 1298 520 δ
1326 470 1420 522 καὶ
1445 470 1601 538 ἡμεῖς
1627 470 1701 532 ὡς
1727 469 1820 536 ἐφ-

283 556 438 608 ικτὸν
461 557 591 624 ἡμῖν
608 558 748 610 κατὰ
773 558 835 609 τὸ
849 559 967 610 κατ’
986 559 1140 621 ἀξίαν
1159 557 1305 609 δοθὲν
1325 557 1564 625 χάρισμα
1589 558 1821 627 παρεθέο

283 645 451 710 μεθα,
478 645 558 697 ὅτι
589 645 650 696 τὺ
678 646 1024 715 προνοητικὸν
1051 646 1176 715 περὶ
1223 649 1398 697 πᾶσαν
1422 646 1519 709 τὴν
1549 647 1818 714 περίγειον

277 731 451 785 αὑτοῦ
477 735 648 787 κτίσιν
679 735 1041 805 παριστῶντός
1063 736 1175 786 ἐστι
1191 735 1282 786 τοῦ
1312 735 1464 799 Θεοῦ,
1487 736 1567 788 διὸ
1583 738 1672 798 καὶ
1694 737 1818 788 τέσ-

279 836 432 890 σαρα
468 822 579 885 ζῶα
639 823 896 892 ἰσάριθμα
929 825 993 890 τῇ
1043 823 1328 887 τετρακτύῖ
1364 822 1469 873 τῶν
1504 825 1813 891 ποιοτήτων,

274 904 350 956 δι’
379 901 451 958 ὧν
478 907 545 960 τά
574 909 879 975 στοιχειώδη
916 907 1132 974 σώματα
1175 908 1374 977 ὑπέστη
1411 908 1558 960 τοῦδε
1584 909 1675 961 τοῦ
1709 909 1817 960 ὑλι-

273 993 384 1045 κοῦ
404 995 623 1062 κόσμου,
647 995 739 1047 νῦν
755 996 919 1048 καὶτὸ
937 997 1030 1064 τῆς
1045 1000 1099 1046 λε
1110 998 1378 1063 ιτουργίας
1389 999 1478 1062 ὀξύ
1487 1000 1682 1067 ρῤοπον
1706 999 1816 1068 (20)

272 1084 462 1134 αὑτῶν
496 1084 837 1151 παρίστησιν,
885 1085 911 1136 ὃ
937 1086 1026 1136 καὶ
1056 1086 1213 1137 Δαυῖδ
1258 1087 1548 1154 παρίστησι
1591 1088 1676 1140 διὰ
1705 1088 1816 1150 τοῦ,

280 1187 304 1218 α
343 1173 569 1223 Δυνατοὶ
624 1171 764 1240 ίσχύῖ
809 1174 1084 1236 ποιοῦντες
1131 1174 1220 1225 τὸν
1274 1175 1428 1241 λόγον
1481 1176 1663 1237 αὑτοῦ,
1724 1175 1817 1228 τοῦ

271 1259 510 1310 ἀκοῦσαι
537 1260 633 1327 τῆς
666 1260 845 1331 φωνῆς
866 1317 872 1321 _
895 1265 999 1316 τῶν
1045 1265 1215 1332 λόγων
1268 1266 1451 1329 αὑτοῦ,
1484 1285 1501 1317 ι
1535 1268 1693 1318 οἱονεὶ
1721 1269 1818 1320 οὑκ

275 1347 422 1415 Εῖρθη
473 1349 532 1398 τὸ
566 1351 890 1419 πρόσταγμα
925 1354 1020 1422 τὴν
1069 1355 1370 1406 συντέλειαν
1418 1355 1510 1406 τοῦ
1566 1373 1820 1424 προτετα-

275 1437 506 1502 γμένου,
538 1438 644 1489 ἀλλ’
679 1441 737 1503 ἐξ
777 1444 939 1509 αὑτῆς
963 1445 1059 1511 τῆς
1108 1445 1322 1512 ἐντολῆς
1353 1445 1563 1514 ἠνύσθη¹
1595 1446 1652 1496 τὺ
1696 1445 1818 1513 βού-

273 1525 450 1593 λημα.
487 1528 555 1578 Τὸ
583 1529 740 1596 τάχος
765 1529 819 1580 δὲ
849 1532 933 1583 διὰ
973 1534 1078 1584 τῶν
1128 1534 1412 1601 πτερύγων
1445 1534 1502 1599 ἒξ
1561 1534 1820 1586 κατανύε-

277 1613 410 1665 σθαί
445 1631 604 1681 φησιν
636 1617 866 1686 ἑκάστῳ.
897 1619 1063 1671 Τοῦτο
1085 1622 1188 1687 γὰρ
1226 1622 1304 1681 τὸ,
1327 1622 1394 1672 ἓν
1428 1624 1553 1674 καθ’
1577 1621 1646 1673 ἓν
1680 1624 1812 1689 (2i),

274 1702 643 1770 ἔνυποφαὶνει,
689 1706 775 1758 ἵνα
820 1709 891 1776 μή
923 1725 1001 1770 τις
1026 1712 1118 1771 τὰς
1154 1710 1210 1771 ἐξ
1256 1711 1526 1776 πτέρυγας
1561 1712 1811 1771 ἀκούσας,

272 1795 437 1860 κοινῇ
469 1794 662 1856 ταύτας
699 1799 939 1865 προεῖναι
968 1799 1175 1864 νομίσῃ.
1219 1798 1290 1848 Τὸ
1329 1798 1384 1847 δὲ
1413 1800 1706 1849 κυκλόθεν
1754 1800 1813 1848 οὑ

271 1881 392 1932 τῶν
428 1883 725 1951 πτερύγων,
755 1885 888 1937 ἀλλὰ
917 1885 1019 1935 τῶν
1045 1885 1317 1951 τεσσάρων
1361 1886 1456 1952 τὴν
1489 1886 1674 1937 στάσιν
1719 1888 1814 1952 ὲμ-

273 1971 480 2034 φαίνει,
510 1971 587 2022 ὅτι
613 1971 688 2038 μὴ
712 1972 999 2039 στοιχηδὸν,
1033 1971 1164 2023 ἀλλὰ
1194 1973 1286 2023 καὶ
1310 1973 1559 2034 κυκλικὸς
1589 1969 1674 2041 ἦν.
1697 1975 1814 2025 Τῶν

271 2056 336 2108 δὲ
371 2060 643 2126 πτερύγων
667 2061 694 2110 ό
714 2058 940 2127 ἀριθμὸς
985 2060 1043 2111 τὸ
1079 2060 1227 2121 τέλος
1251 2061 1540 2114 αἰνίττεται
1585 2064 1680 2130 τῆς
1707 2064 1816 2114 λει-

271 2145 553 2210 τουργίας,
588 2144 756 2196 καὶτὸ
786 2145 917 2212 πρὸς
938 2145 965 2196 δ
991 2148 1022 2214 ἡ
1049 2146 1350 2214 λειτουργία
1373 2147 1542 2199 πέλει.
1572 2149 1677 2199 Καὶ
1709 2151 1814 2215 γὰρ

270 2231 304 2280 ὁ
340 2231 399 2292 ἓξ
416 2231 640 2298 ἀριθμὸς
689 2232 836 2298 παρὰ
859 2224 964 2293 τοῖς
986 2233 1051 2283 τὰ
1077 2233 1296 2285 τοιαῦτα
1316 2235 1540 2302 κομψοῖς
1562 2235 1813 2302 άνυμνεῖο

269 2333 376 2370 ται
399 2332 414 2348 ·
448 2317 596 2368 οὐδὲν
634 2317 688 2369 δὲ
722 2319 870 2386 παρὰ
893 2321 1000 2380 τοῖς
1028 2319 1122 2386 τὴν
1150 2319 1396 2388 αἴσθησιν
1428 2321 1813 2384 ἀναὸεόηκόσιν

269 2411 485 2476 ἁτελὶς,
512 2414 629 2466 οὐδὲ
657 2415 749 2484 τὴν
781 2417 843 2466 ὲκ
877 2412 1223 2484 μεταμελείας
1265 2412 1644 2481 συμπλήρωσιν
1665 2412 1814 2462 ὲκδε-

270 2505 524 2573 χύμενον.
560 2506 652 2569 Ἐξ
678 2507 733 2558 δὲ
767 2507 1016 2574 πτέρυξιν
1045 2507 1070 2556 ὁ
1103 2505 1244 2565 θεῖος
1266 2503 1534 2563 Διονύσιος
1557 2503 1625 2553 τὰ
1652 2504 1814 2570 νοερὰ

271 2593 396 2656 ζῶα
427 2595 743 2663 διηρτῆσθαι
767 2611 916 2664 φησι,
935 2595 1051 2645 δυσὶ
1074 2594 1139 2644 τὰ
1160 2592 1426 2659 πρόσωπα
1455 2590 1809 2651 καλύπτοντα,

270 2687 396 2744 ταῖς
425 2685 481 2735 δὲ
514 2683 630 2734 δυσὶ
679 2685 800 2744 τοὺς
840 2683 1021 2743 πόδας,
1053 2683 1168 2739 ταῖς
1202 2680 1393 2747 μέσαις
1426 2679 1481 2728 δὲ
1522 2679 1808 2742 πετᾶσθαι,

271 2775 367 2823 ἵνα
405 2774 528 2839 περὶ
566 2757 630 2823 τὰ
679 2772 977 2839 ὑψηλότερα
1030 2772 1118 2821 καὶ
1173 2770 1440 2838 βαθύτερα
1481 2771 1576 2836 τῆς
1609 2770 1809 2829 οἰκείας

272 2859 626 2924 καταλήψεως
656 2863 792 2926 φανῇ
828 2859 998 2909 αὑτῶν
1029 2861 1056 2923 ἡ
1087 2858 1353 2915 εὐλάϐεια.
1393 2857 1458 2907 δι’
1488 2857 1552 2926 ἦν
1571 2861 1678 2919 τοῖς
1716 2859 1810 2925 μὲ-

274 2965 395 3008 σοις
428 2949 847 3014 προστάσσεσθαι
881 2949 972 3006 τὰς
995 2949 1221 3016 ἀρχικὰς
1245 2949 1414 3014 αὐγὰς
1445 2948 1604 3008 θείοις
1631 2946 1808 3015 ζυγοῖς

267 3038 588 3090 ἀνατείνειν.
621 3040 690 3089 Τὸ
730 3040 783 3091 δὲ
821 3041 1125 3097 κυκλόθεν,
1175 3039 1258 3090 διὰ
1295 3040 1352 3090 τὸ
1388 3041 1812 3090 παντεπίσκοπον

269 3128 660 3195 παρείληπται.
680 3129 765 3180 οτὸ
811 3129 861 3179 δὲ
887 3131 1127 3189 ἔσωθεν,
1159 3130 1238 3180 ὅτι
1269 3128 1416 3178 οὐδὲν
1442 3129 1509 3180 τὰ
1539 3129 1651 3179 θεῖα
1686 3129 1812 3179 λαν-

217 3263 220 3266 λ
270 3215 460 3267 Θάνειν
495 3217 730 3276 δύναται,
766 3218 883 3269 οὑδὲ
908 3217 1012 3269 τῶν
1046 3219 1102 3268 ἑν
1132 3219 1460 3286 παραϐύστῳ
1493 3221 1601 3270 τισὶ
1632 3219 1807 3268 τελουι

273 3304 475 3370 μένων.
495 3306 564 3357 Τὸ
582 3307 656 3357 δέ’
676 3325 690 3354 ι
717 3307 1037 3358 Ἀνάπαυσιν
1056 3307 1151 3358 οὑκ
1168 3308 1394 3375 ἔχουσιν,
1410 3326 1426 3357 ι
1447 3309 1542 3374 οὑχ
1562 3309 1639 3359 ὅτι
1662 3309 1816 3371 ἔγκο-

269 3392 375 3442 πόν
403 3410 456 3444 τι
484 3394 813 3458 ὑφίστανται,
846 3398 908 3462 τῇ
939 3395 1194 3462 άνενδότῳ
1230 3395 1643 3464 λειτουργοῦντα
1681 3398 1814 3462 ὑμν-

267 3485 427 3552 ῳδία.
456 3486 586 3552 Περὶ
609 3486 706 3553 τὴν
743 3487 996 3556 αίσθητῂν
1021 3488 1125 3554 γὰρ
1152 3488 1325 3538 κτίσιν
1369 3490 1396 3538 ὁ
1444 3487 1606 3549 κόπος
1625 3505 1639 3517 ’
1682 3489 1813 3540 ἀκά-

273 3589 420 3640 ματα
442 3573 494 3623 δὲ
515 3574 687 3624 πάντα
719 3575 817 3624 ὅσα
848 3575 982 3642 ὑπὲρ
1003 3574 1055 3626 τί
1126 3574 1276 3640 ὓλην.
1305 3593 1323 3623 ι
1359 3576 1500 3626 Ἑκεῖ
1524 3577 1602 3636 δὲ,
1627 3593 1645 3625 ι
1674 3576 1810 3626 κατὰ

269 3663 366 3712 τὸν
393 3661 631 3724 εἰπόντα,
659 3679 676 3711 ι
704 3662 907 3729 ἀπέδρα
929 3662 1082 3730 ὀδύνη
1141 3663 1302 3729 λύπη,
1331 3663 1424 3713 καὶ
1452 3663 1764 3729 στεναγμός.
1782 3681 1798 3711 ι

269 3751 348 3802 Οὑ
374 3751 436 3801 τὸ
471 3750 698 3816 ἔγκωπον
727 3747 816 3803 οὖν
850 3752 927 3802 τό*
959 3769 977 3802 ι
1028 3753 1352 3804 Ἀνάπαυσιν
1393 3751 1495 3802 οὑκ
1544 3751 1740 3820 ἔχουσι,
1784 3769 1802 3802 ι

269 3841 530 3907 παριστᾷ,
564 3839 696 3892 ἀλλὰ
741 3841 801 3892 τδ
834 3840 958 3908 περὶ
989 3840 1084 3907 τὴν
1116 3839 1259 3892 θείαν
1282 3839 1550 3908 ὑμνῳδίαν
1596 3840 1804 3891 ἀνένδο-

267 3944 382 3988 τον,
425 3928 660 3996 ὡσπερεὶ
687 3931 1167 3998 κατεντρυφὼντων
1191 3931 1322 3998 πρὸς
1348 3929 1502 3995 δόξαν
1530 3931 1624 3983 καὶ
1655 3925 1804 3984 αἶνον

267 4015 364 4067 τοῦ
395 4016 536 4069 θείου
570 4018 663 4070 καὶ
696 4019 1138 4085 συντελουμένων.
1180 4019 1251 4070 Τὸ
1298 4019 1352 4071 δὲ
1385 4020 1805 4087 τρισυπόστατον

268 4106 351 4173 τῷ
387 4109 798 4176 τριπλασιασμῷ
826 4109 920 4175 τῆς
940 4108 1094 4176 δόξης
1126 4110 1220 4160 καὶ
1258 4109 1349 4160 τοῦ
1383 4110 1653 4177 ἁγιασμοῦ
1688 4111 1805 4180 Exo-

272 4210 375 4258 μεν
415 4198 569 4245 νοεῖν.

1853 1699 1890 1749 Β

1925 469 2121 532 throni,
2154 478 2207 521 et
2242 468 2506 536 cujusque
2553 471 2774 535 llguram
2810 473 3010 538 retulit,
3063 476 3206 543 quod
3254 485 3310 530 et
3336 493 3458 538 nos.

1923 569 2178 623 quantum
2219 558 2470 625 possibile
2502 557 2600 610 fuit
2627 558 2781 625 juxta
2809 560 2994 613 datum
3045 564 3201 618 nobis
3231 566 3452 631 donum,

1922 647 2102 700 debito
2128 647 2285 699 modo
2311 647 2699 710 enarravimus,
2742 662 2931 716 nempe
2965 651 3105 715 quod
3157 653 3460 722 signiﬁcent

1923 735 2015 788 Dei
2059 734 2445 802 providentiam
2494 749 2652 802 quam
2705 736 2920 790 exhibet
2968 737 3110 792 circa
3154 743 3456 797 universam

1923 840 2072 878 suam
2109 832 2373 876 terrenam
2397 834 2695 876 creaturam
2732 842 2745 876 :
2795 835 2953 894 atque
2995 827 3197 882 idcirco
3224 843 3458 898 quatuor

1923 914 2174 966 animalia
2205 913 2393 979 aequali
2427 913 2713 966 constituta
2753 925 2876 967 sunt
2914 932 3137 968 numero
3164 934 3284 971 cum
3311 936 3456 985 qua-

1923 1002 2163 1054 ternione
2213 1000 2550 1067 qualitatum,
2603 1001 2799 1068 quibus
2858 1004 3173 1058 elementala
3231 1022 3452 1074 corpora

1923 1089 2002 1150 (ut
2029 1088 2096 1139 ita
2130 1087 2432 1156 loquamur)
2455 1090 2612 1155 hujus
2633 1092 2920 1144 materialis
2959 1094 3139 1146 mundi
3163 1097 3454 1150 constituta

1923 1187 2093 1229 Slltll:
2134 1191 2274 1228 nunc
2301 1191 2485 1228 eorum
2534 1193 2748 1245 quoque
2788 1181 3118 1235 demonstrat
3187 1186 3251 1237 ad
3297 1186 3454 1239 obse-

1922 1269 2044 1334 quia
2073 1266 2425 1327 alacritatem,
2455 1268 2592 1332 quod
2647 1256 2700 1320 et
2732 1267 2892 1321 David
2943 1274 3176 1325 ostendit
3221 1275 3405 1327 dicens
3437 1292 3451 1328 :

1927 1373 1946 1404 ι
1984 1356 2228 1408 Potentes
2261 1355 2453 1408 virtute
2477 1356 2731 1411 facientes
2750 1359 2966 1411 verbum
2992 1361 3129 1415 illius
3154 1362 3217 1414 ad
3238 1364 3459 1417 audien-

1922 1446 2038 1496 dam
2064 1458 2243 1496 vocem
2268 1458 2573 1496 sermonum
2603 1445 2721 1511 ejus
2745 1447 2786 1475 “
2817 1463 2829 1498 :
2874 1463 2893 1496 ι
2930 1446 3030 1500 hoc
3055 1458 3156 1512 est,
3183 1466 3288 1503 non
3327 1467 3459 1518 prte-

1921 1536 2065 1585 veuit
2091 1542 2410 1600 praceptum
2436 1534 2842 1598 complctionem
2874 1536 2991 1603 ejus
3018 1541 3159 1604 quod
3187 1542 3448 1606 praeordi-

1924 1634 2104 1674 nalum
2125 1630 2226 1681 est,
2259 1622 2349 1673 sed
2382 1622 2538 1672 simul
2585 1631 2641 1673 ut
2672 1623 2928 1689 praecipit.
2971 1626 3264 1692 perfectum
3300 1636 3380 1679 est
3407 1629 3456 1680 id

1921 1708 2063 1774 quod
2105 1708 2237 1759 vult.
2275 1709 2439 1759 Porro
2471 1709 2801 1760 velocitatem
2838 1725 2931 1776 per
2970 1727 3127 1766 senas
3161 1714 3274 1767 alas
3331 1717 3459 1767 dicit

1921 1797 2113 1862 cuique
2136 1796 2480 1861 contingere:
2507 1796 2604 1846 hoc
2626 1796 2766 1846 enim
2786 1797 3085 1848 subindical
3109 1814 3209 1850 vox
3227 1800 3452 1865 singula,

1923 1901 1986 1938 ne
2031 1885 2150 1951 quis
2198 1885 2421 1935 audiens
2471 1899 2629 1936 senas
2695 1883 2829 1946 alas,
2883 1885 3087 1951 vulgari
3150 1885 3310 1938 modo
3361 1889 3455 1938 bas

1920 1977 2106 2026 adesse
2141 1975 2427 2027 existimet.
2469 1972 2618 2037 Quod
2651 1985 2826 2025 autem
2874 1974 2966 2036 ait,
2997 1975 3046 2025 in
3074 1977 3314 2036 circuitu,
3350 1993 3451 2030 ηομ

1920 2071 2146 2127 alarum,
2181 2067 2270 2119 sed
2303 2075 2535 2132 quatuor
2592 2065 2904 2117 animalium
2940 2074 3134 2118 statum
3188 2067 3446 2133 designat.

1919 2160 2059 2222 quod
2091 2173 2194 2207 non
2230 2165 2381 2207 erant
2416 2170 2563 2207 more
2585 2154 2991 2216 elementorum,
3020 2155 3112 2207 sed
3152 2156 3204 2207 iu
3243 2158 3450 2208 modum

1921 2245 2130 2300 circuli.
2183 2244 2447 2297 Numerus
2507 2258 2630 2295 vero
2683 2244 2887 2294 alarum
2934 2240 3317 2311 pet-lectionem
3361 2246 3452 2296 de-

1919 2339 2096 2403 signat
2117 2333 2421 2395 ministerii,
2453 2342 2503 2384 et
2527 2332 2576 2383 id
2608 2332 2747 2384 circa
2773 2333 2912 2399 quod
2943 2342 3183 2384 versatur
3216 2333 3452 2384 ministe-

1918 2425 2094 2477 rium:
2127 2423 2388 2489 siquidem
2421 2435 2678 2473 numerus
2709 2420 2950 2473 senarius
2979 2421 3118 2486 apud
3158 2436 3248 2474 eos
3283 2422 3371 2485 qui
3402 2422 3450 2472 in

1919 2512 2222 2578 hujusmodi
2248 2512 2407 2561 rebus
2436 2509 2616 2560 diserti
2645 2519 2788 2569 sunt,
2823 2522 2925 2559 non
2956 2509 3200 2559 laudatur
3225 2548 3239 2569 ,
3271 2523 3444 2559 verunt

1917 2602 2053 2667 apud
2077 2614 2168 2651 eos
2199 2599 2289 2665 qui
2340 2613 2553 2648 sensum
2592 2595 3093 2662 supergrediuntur,
3140 2595 3271 2646 nihil
3300 2596 3453 2647 habet

1917 2684 2123 2743 inutile,
2157 2697 2222 2734 ne
2255 2682 2303 2733 id
2335 2680 2546 2747 quidem
2569 2679 2710 2746 quod
2736 2680 3163 2746 supplementum
3199 2681 3456 2747 snscipiat

1914 2789 1974 2825 ex
2016 2771 2327 2840 pccnitcntia
2359 2769 2696 2836 proveniens.
2743 2766 2908 2820 Porro
2967 2770 3109 2822 senis
3171 2771 3271 2821 alis
3309 2786 3455 2821 com-

1915 2861 2086 2927 posita
2130 2858 2294 2910 fuisse
2335 2855 2631 2922 spiritualia
2662 2855 2910 2906 animalia
2967 2856 3095 2906 dicit
3135 2856 3288 2907 divus
3327 2855 3449 2905 Dio-

1917 2950 2122 3018 nysius,
2157 2962 2380 3012 quarum
2422 2946 2628 2998 duabus
2680 2942 2842 2997 facies
2898 2945 3185 3010 operirent,
3244 2944 3452 2996 duabus

1920 3053 2041 3089 vero
2089 3036 2268 3102 pedes,
2301 3042 2353 3085 et
2384 3033 2593 3084 duabus
2623 3046 2740 3096 quae
2769 3030 2951 3081 media:
2981 3040 3131 3082 erant
3165 3031 3404 3083 volarent
3435 3046 3448 3080 :

1922 3124 2133 3177 lllCllC:t
2162 3123 2475 3174 sublimiora
2504 3135 2564 3171 ac
2611 3118 2955 3186 profundiora
2997 3133 3108 3170 sna:
3160 3118 3454 3184 appreltenc

1915 3215 2083 3268 sionis
2119 3213 2360 3264 videatur
2388 3213 2623 3278 ipsorum
2650 3225 2766 3262 esse
2793 3211 2987 3270 cultus,
3047 3217 3261 3274 propter
3289 3223 3448 3274 quem

1916 3305 2103 3356 mediis
2136 3305 2511 3369 praeciperetur
2535 3301 2760 3352 eximios
2795 3300 3107 3366 splendores
3141 3299 3334 3351 divinis
3361 3312 3446 3347 se-

1913 3394 2068 3444 dibus
2101 3393 2393 3444 concitarc.
2444 3389 2592 3452 Quod
2642 3397 2815 3440 autem
2866 3380 3167 3440 additnr'in
3207 3386 3446 3447 circuitu,

1913 3493 2128 3550 prOpter
2162 3483 2532 3534 universorum
2580 3480 2964 3546 inspectioncm
3025 3477 3274 3531 traditum
3308 3484 3387 3528 est
3432 3491 3446 3527 :

1911 3573 2048 3623 intus
2069 3581 2268 3631 autem,
2301 3571 2422 3636 quia
2458 3570 2587 3619 nihil
2615 3567 2777 3619 latere
2804 3577 2973 3633 potest
3003 3580 3061 3617 ea
3096 3581 3216 3631 quae
3267 3565 3447 3617 divina

1909 3668 2058 3717 sunt.
2094 3674 2158 3710 ne
2196 3673 2256 3708 ea
2292 3659 2507 3722 quidem
2540 3671 2657 3722 qua:
2694 3670 2721 3706 a
2747 3656 3014 3706 nonnullis
3041 3654 3197 3721 693
3235 3654 3366 3704 ﬁunt
3394 3654 3445 3704 in

1909 3748 2139 3801 occulto.
2169 3746 2428 3798 Caeterum
2465 3745 2695 3810 requiem
2727 3758 2829 3794 non
2869 3745 3064 3794 habent
3111 3760 3123 3794 :
3164 3758 3268 3793 non
3303 3743 3446 3805 quod

1909 3835 2237 3890 laboriosum
2270 3830 2469 3898 aliquid
2505 3831 2732 3882 subeant
2775 3830 3032 3881 continuo
3080 3837 3238 3880 cantu
3284 3828 3445 3878 mini-

1907 3929 2145 3983 strando.
2178 3926 2329 3979 Circa
2367 3925 2670 3978 sensibilem
2717 3924 2856 3974 enim
2902 3935 3203 3975 creaturam
3257 3932 3337 3974 est
3365 3923 3444 3974 la-

1906 4018 2023 4079 hor,
2064 4014 2407 4079 ittfaligabilia
2438 4027 2611 4065 autem
2649 4022 2773 4064 sunt
2826 4027 3163 4079 qumcunque
3197 4011 3447 4063 dicuntur

1910 4106 2281 4161 immaterialia
2319 4123 2330 4156 :
2364 4123 2381 4153 ι
2417 4103 2479 4154 Et
2512 4104 2602 4162 ibi,
2647 4121 2664 4152 ι
2705 4115 2762 4154 ut
2808 4104 2881 4154 ait
2911 4103 3018 4164 ille,
3054 4121 3070 4152 ι
3111 4103 3245 4170 fugit
3275 4103 3444 4161 dolor,

1906 4196 2081 4249 luctus
2115 4209 2182 4245 ae.
2201 4193 2429 4260 gemitus
2456 4192 2517 4244 ".
2551 4210 2567 4242 ι
2618 4189 2733 4242 Νοιι
2775 4191 2934 4257 igitur
2976 4191 3302 4242 laboriosum
3348 4189 3445 4238 ali-

266 4284 395 4348 quid
425 4283 752 4349 signiﬁcatur
789 4299 878 4347 per
906 4284 1006 4335 hoc
1027 4287 1167 4351 quod
1197 4285 1414 4346 dicitur,
1450 4285 1687 4352 Requiem
1709 4303 1807 4338 non
1843 4283 2049 4343 habent,
2109 4281 2203 4333 sed
2261 4281 2546 4331 continuus
2586 4289 2736 4328 tenor
2766 4278 2905 4328 circa
2935 4276 3166 4327 divinant
3217 4277 3445 4336 laudent,

268 4376 492 4441 utquod
522 4375 775 4426 deliciose
805 4383 1083 4426 versentur
1108 4390 1170 4428 ac
1193 4375 1423 4442 perlecta
1455 4376 1564 4428 sint
1598 4377 1663 4429 ad
1694 4377 1916 4442 gloriam
1943 4381 1994 4425 et

2066 4372 2275 4422 laudem
2305 4369 2416 4419 Dei.
2460 4367 2677 4419 Demttm
2735 4367 3088 4432 triplicatione
3155 4366 3337 4433 gloria:
3387 4383 3448 4417 ae

266 4464 574 4518 sanctitatis
596 4463 886 4530 intelligere
910 4478 1197 4531 possumus
1232 4480 1579 4531 personarum
1626 4465 1946 4516 trinitatem.

336 4555 664 4609 Πεσοῦνται
698 4551 748 4606 οι
773 4553 1243 4619 εἰκοσιτέσσαρες
1268 4555 1665 4618 πρεσϐύτεροι.
1705 4552 1800 4603 Διὰ

1975 4547 2248 4600 Procident
2271 4545 2448 4609 viginti
2475 4554 2696 4610 quatuor
2719 4545 2961 4595 seniores.
2997 4543 3098 4596 Per
3141 4544 3251 4596 lucc
3291 4548 3447 4599 nobiS

258 4643 468 4693 τούτων
495 4644 746 4710 δηλοῦται
781 4644 872 4696 καὶ
919 4645 1041 4704 τοὺς
1070 4644 1352 4712 νοηθέντας
1404 4644 1528 4709 ἡμῖν
1563 4640 1798 4710 πρεσϐυ-

258 4733 453 4797 τέρους
479 4733 764 4791 κοινωνοὺς
795 4729 930 4784 εἶναι
957 4733 1054 4797 τῆς
1081 4732 1348 4800 ὑμνῳδίας
1391 4730 1497 4780 τῶν
1538 4729 1797 4797 οὐρανίων

259 4819 561 4883 δυνάμεων,
615 4819 1001 4885 ὁμολογοῦντας
1056 4824 1116 4872 ὲκ
1161 4821 1292 4872 Θεοῦ
1349 4819 1666 4886 κεκομίσθαι
1702 4819 1796 4884 τῆς

258 4908 370 4958 τῶν
410 4905 613 4973 νοητῶν
646 4907 850 4974 ἐχθρῶν
877 4909 1027 4976 νίκης
1058 4912 1151 4976 τὴν
1181 4911 1424 4979 δύναμιν.
1469 4912 1786 4975 Ἐπισκοπη-

259 4998 382 5048 τέον
419 4995 472 5046 δὲ
512 4995 609 5060 τὴν
641 4994 747 5045 τῶν
778 4999 1041 5063 χρονικῶν
1080 5000 1456 5067 διαστημάτων
1490 5003 1546 5050 ὲν
1586 5002 1652 5068 τῇ
1691 5001 1797 5066 (rp-

259 5086 459 5152 ηγήσει
477 5083 773 5150 ἀκρίϐειαν.
801 5084 926 5135 Ἀπὸ
938 5087 1042 5153 γὰρ
1064 5092 1158 5155 τῆς
1180 5092 1285 5140 τῶν
1304 5089 1603 5142 ἐνεστώτων
1624 5090 1792 5151 ἐπαγ-

260 5175 473 5241 γελίας,
506 5174 595 5224 ἐπὶ
623 5173 690 5224 τὰ
717 5172 976 5240 μέλλοντα
1003 5180 1187 5242 χωρεῖ,
1219 5180 1316 5230 οὑκ
1364 5176 1617 5246 ἀσυνεσὶᾳ
1643 5176 1795 5230 τοῦτο

337 5349 383 5382 ⁸³
410 5346 550 5402 Psal.
580 5361 675 5409 Cll,
703 5347 790 5400 20.
866 5347 907 5377 ¹³
939 5350 1038 5403 lsa.
1076 5367 1232 5415 xxxv,
1270 5352 1352 5405 l0.

327 5502 445 5569 i2")
481 5500 666 5553 Vocem
698 5497 983 5566 ὁξύρῤοπον
1019 5516 1117 5550 non
1147 5500 1297 5550 habet
1337 5501 1475 5566 vulg.
1511 5504 1636 5552 edtt.

1903 4634 2235 4703 signiﬁcatur
2265 4631 2406 4695 ipsos
2433 4646 2647 4698 quoque
2691 4631 2932 4684 seniores
2980 4649 3114 4699 quos
3139 4635 3447 4686 considera-

1903 4727 2077 4776 vimns
2114 4723 2398 4790 participes
2430 4737 2548 4774 esse
2583 4733 2771 4776 cantus
2825 4739 2886 4775 ac
2918 4723 3092 4777 laudis
3149 4725 3443 4776 ccelestinm

1903 4819 2180 4872 Virtutum.
2217 4830 2336 4867 cum
2372 4814 2478 4864 Deo
2513 4813 2750 4866 referunt
2781 4823 3051 4879 acceptam
3074 4815 3358 4881 potentiam
3381 4825 3442 4860 ac

1902 4909 2202 4968 victoriam,
2237 4924 2395 4975 quam
2423 4907 2486 4958 de
2540 4906 2906 4969 spiritualibus
2950 4905 3192 4955 hostibus
3246 4898 3438 4949 retule—

1902 5007 2045 5050 runt.
2074 4995 2472 5051 Consideraoda
2503 5005 2582 5045 est
2614 5003 2788 5045 autem
2846 4994 3117 5058 diligentia
3156 4992 3204 5038 in
3251 4998 3437 5034 narra-

1903 5088 2043 5140 tione
2069 5088 2469 5138 distinctionum
2503 5093 2830 5150 temporum:
2857 5081 3121 5147 siquidem
3154 5091 3179 5125 a
3213 5070 3436 5138 promis-

1903 5178 2051 5230 sione
2081 5174 2417 5243 przescntium
2477 5173 2713 5241 procedit
2768 5171 2828 5222 ad
2885 5168 3060 5218 futura
3120 5174 3268 5214 :noa
3322 5159 3438 5213 sine

1978 5499 2088 5564 (2|)
2117 5495 2300 5548 Eidem
2333 5492 2524 5545 desunt
2551 5503 2728 5552 voces,
2764 5486 2835 5547 τὸ,
2872 5482 2936 5535 ἓν
2962 5485 3084 5536 καθ’
3115 5487 3199 5539 έν.
