4106 6334
240 341 324 403 581

299 451 394 501 Kal
425 449 672 515 εἴληφεν
695 447 761 500 ἐκ
791 446 897 514 τῆς
933 445 1130 510 δεξιᾶς
1169 446 1270 498 τοῦ
1299 445 1632 510 καθημένου
1666 442 1760 493 ἐπὶ
1793 449 1838 502 Α

238 537 330 589 τοῦ
365 537 577 601 θρόνου
620 535 684 588 τὸ
726 537 985 598 βιϐλίον.
1037 536 1108 586 Τὸ
1160 533 1436 602 εἰληφέναι
1483 533 1543 582 τὸ
1581 532 1764 598 ἀρνίον

239 629 293 675 ὲκ
315 624 405 692 τῆς
431 623 610 686 δεξιᾶς
637 623 730 674 τοῦ
775 624 1080 691 καθημένου
1121 624 1212 674 ἐπὶ
1236 621 1330 674 τοῦ
1371 620 1557 689 θρόνου
1587 619 1647 672 τὸ
1683 620 1763 686 βι-

239 712 398 771 6λίον.
463 711 603 764 κατά
646 712 707 765 τὸ
765 712 1101 780 ἀνθρώπινον
1163 712 1409 778 νοητέον,
1454 709 1642 776 ὥσπερ
1705 709 1762 761 τὸ

239 800 513 868 ὲσφάχθαι.
555 802 709 852 Κατά
743 800 851 869 γάρ
882 802 940 852 τὸ
982 802 1141 865 θεῖον,
1178 800 1328 852 οὐδὲν
1372 797 1764 866 ὲξιδιαζόμενον

237 892 340 948 ταῖς
375 890 548 954 τρισὶν
597 889 918 939 ὑποστάσεσι
956 888 1060 939 τῶν
1116 884 1448 956 θεοπρεπῶν,
1487 885 1626 956 πλὴν
1665 886 1761 953 τῆς

237 977 317 1026 τοῦ
345 977 541 1044 τρόπου
569 979 891 1046 προαγωγῆς
919 979 1010 1029 τοῦ
1040 979 1103 1043 ἀγ
1114 979 1333 1046 εννήτου
1360 977 1452 1027 καὶ
1480 977 1759 1044 γεννητοῦ,

239 1066 320 1115 καὶ
352 1065 696 1132 ὲκπορευτοῦ.

301 1155 402 1205 Kal
454 1156 550 1206 ὅτε
600 1155 772 1208 ἔλαϐε
821 1154 886 1208 τὸ
917 1157 1155 1218 βιϐλίον
1176 1196 1191 1220 ,
1226 1158 1298 1210 τὰ
1346 1159 1608 1225 τέσσαρα
1653 1157 1763 1217 ζῶα

238 1245 322 1294 καί
360 1247 412 1294 οι
449 1244 846 1308 εἰκοσιτέσσαί
862 1263 926 1310 ες
973 1249 1355 1314 πρεσϐύτεροι
1411 1247 1632 1300 ἔπεσον
1664 1251 1758 1300 ὲνο

237 1333 405 1382 ώπιον
431 1333 533 1384 τοῦ
562 1334 797 1399 ἀρνίου,
823 1335 1062 1402 ἔχοντες
1089 1335 1344 1402 ἕκαστος
1381 1338 1626 1404 κιθάραν
1662 1339 1758 1390 καὶ

237 1420 440 1485 φιάλας
469 1421 700 1488 χρυσᾶς
740 1426 1034 1490 γεμούσας
1074 1426 1471 1493 θυμιαμάτων,
1503 1429 1565 1479 αῖ
1607 1431 1760 1481 εισιν

234 1515 284 1562 al
315 1512 635 1578 προσευχαὶ
666 1511 781 1563 τῶν
805 1508 1004 1582 ἁγίων,
1040 1516 1135 1567 καὶ
1165 1517 1417 1582 ᾄδουσιν
1446 1517 1606 1582 ᾠδὴν
1639 1536 1759 1570 και-

235 1598 340 1662 νὴν
362 1599 636 1665 λέγοντες
658 1616 672 1628 '
707 1602 897 1667 Ἄξιος
922 1599 977 1655 εἷ
1004 1604 1209 1658 λαϐεῖν
1241 1604 1308 1657 τὸ
1340 1606 1578 1668 βιϐλίον
1599 1646 1612 1669 ,
1660 1608 1756 1658 καὶ

233 1687 448 1748 ἀνοῖξαι
486 1689 588 1751 τὰς
622 1691 946 1757 σφραγῖδας
983 1694 1185 1757 αὑτοῦ,
1224 1695 1311 1746 ὅτι
1354 1695 1622 1761 ἐσφάγης
1663 1696 1756 1746 καὶ

231 1773 516 1838 ili-opaca;-
563 1774 642 1839 τῷ
690 1778 808 1840 Θεῷ
843 1777 995 1844 ἡμᾶς
1023 1780 1089 1831 ἐν
1135 1781 1212 1844 τῷ
1253 1783 1450 1847 αἵματί
1495 1798 1628 1834 σου.
1688 1783 1753 1833 ἐκ

232 1862 420 1928 πάσης
466 1865 667 1933 φυλῆς
699 1867 793 1918 καὶ
829 1870 1146 1934 γλώσσης,
1198 1872 1291 1921 καὶ
1331 1870 1481 1921 λαοῦ
1527 1871 1622 1920 καὶ
1666 1872 1756 1920 ἕθ-

231 1968 382 2016 νους,
417 1953 512 2006 καί
540 1955 827 2022 ἐποίησας
855 1956 1010 2024 ἡμᾶς
1037 1958 1116 2020 τῷ
1146 1959 1262 2021 Θεῷ
1292 1959 1457 2025 ἡμῶν
1482 1961 1755 2023 βασιλεῖς

230 2043 314 2092 καὶ
338 2043 505 2108 ιερεῖς
528 2061 541 2074 ·
583 2045 678 2096 καὶ
700 2047 1146 2113 βασιλεύσομεν
1176 2049 1270 2098 ἐπὶ
1304 2047 1403 2111 τῆς
1438 2049 1564 2115 γῆς.

291 2130 352 2180 Ol
383 2130 480 2197 μὲν
517 2133 844 2200 ὑπεροχικάς
873 2133 1018 2195 Θείας
1049 2135 1379 2203 ἐξηγήσαντο
1414 2137 1664 2201 δυνάμεις
1696 2138 1753 2188 τὸ

233 2221 706 2288 παντοκρατορικὸν
755 2222 846 2272 τοῦ
883 2221 1015 2273 Θεοῦ
1062 2226 1187 2290 περὶ
1234 2224 1321 2275 τὸν
1369 2226 1428 2275 ἐκ
1479 2228 1752 2292 τεσσάρων

234 2307 491 2372 στοιχείων
546 2309 1012 2378 δημιουργηθέντα
1063 2313 1264 2380 κόσμον
1311 2315 1590 2381 ἐμφαίνειν
1638 2317 1753 2376 οἵας

232 2408 283 2443 τε
327 2395 518 2456 οίίσας⁸
555 2400 604 2448 ot
637 2400 690 2450 δὲ
737 2401 990 2464 δυνάμεις
1033 2405 1160 2472 μὲν,
1195 2408 1417 2474 ἐφόρους
1460 2409 1513 2459 δὲ
1553 2411 1658 2460 τῶν
1698 2410 1752 2472 ἐξ

232 2475 297 2529 ὧν
321 2483 430 2533 τόδε
462 2485 518 2536 τὸ
552 2489 655 2539 πᾶν
697 2488 901 2559 ὑπέστη
936 2494 1228 2561 στοιχείων,
1255 2495 1312 2545 τὸ
1343 2496 1557 2563 διαρκὲς
1591 2497 1751 2548 αὑτοῦ

235 2571 477 2639 συντηρού
485 2589 599 2634 σας.

300 2739 809 2795 Ἔπεσονένὼπιον
826 2747 927 2800 τοῦ
944 2747 1167 2813 ἀρνίου.
1185 2753 1428 2804 Λαϐόντα
1440 2755 1529 2804 τὸν
1549 2757 1752 2824 Κύριον

233 2825 293 2915 τὸ,
321 2827 507 2892 βιϐλίον
562 2834 966 2903 προσεκύνησαν
1021 2840 1214 2901 πάντες
1254 2846 1655 2910 προεγνωκότες
1687 2848 1753 2915 ἢν

239 2913 398 2978 μέλλει
428 2921 695 2986 σωτηρίαν
727 2923 836 2983 τοῖς
866 2923 1169 2992 ἀνθρώποις
1206 2930 1487 2988 ἐπιτελεῖν,
1535 2913 1751 2985 κόλασιν

1267 330 1643 392 COMMENT.
1690 330 1772 390 IN
1814 329 2331 393 APOCALYPSIN.

3298 337 3401 397 582

1937 441 2002 492 Et
2052 443 2245 505 accepit
2285 443 2348 494 de
2388 443 2570 496 dextra
2617 445 2838 497 sedentis
2875 444 2928 496 in
2967 444 3147 496 throno
3195 443 3399 497 librum.

1864 532 2070 598 Agnum
2108 534 2379 608 accepisse
2414 535 2476 586 de
2508 537 2725 588 dextera
2763 534 2996 588 sedentis
3035 535 3084 587 in
3122 533 3405 598 tlirono’li-

1863 626 2040 688 brum,
2064 627 2213 692 juxta
2237 628 2620 679 humanitatem
2652 628 3048 692 intelligendum
3081 637 3180 689 est,
3212 640 3406 692 quent-

1863 716 2147 768 admodum
2180 716 2418 768 occisum
2449 731 2567 770 esse
2596 733 2609 768 :
2637 717 2787 783 hasta
2816 717 3146 769 divinitatem
3179 730 3406 782 namque

1862 804 1994 855 nihil
2024 803 2294 870 proprium
2334 813 2414 857 est
2451 805 2623 857 tribus
2653 805 2897 870 personis
2931 821 2996 857 ex
3032 805 3114 857 liis
3142 820 3261 870 qua:
3298 801 3405 853 Deo

1863 896 2202 952 conveniunt.
2229 903 2417 960 prteter
2449 894 2664 946 modum
2694 894 3060 959 productionis
3095 893 3315 959 ingeniti
3350 902 3405 941 et

1861 982 2018 1047 geniti
2054 997 2114 1036 ac
2154 983 2510 1049 procedentis.

1932 1154 2159 1222 Cumque
2195 1156 2467 1221 accepisset
2513 1156 2737 1215 librum,
2784 1166 3006 1222 quatuor
3055 1141 3310 1207 animalia
3353 1166 3401 1207 et

1860 1244 2048 1308 viginti
2077 1253 2300 1308 quatuor
2335 1244 2554 1293 seniores
2577 1245 2900 1307 prociderunt
2934 1260 3106 1293 coram
3140 1243 3283 1309 Agna
3310 1244 3404 1292 Ita-

1861 1332 2025 1383 bentcs
2060 1332 2251 1398 singuli
2283 1332 2510 1383 citharas
2549 1343 2595 1382 et
2629 1333 2830 1398 phialas
2865 1349 3047 1384 aureas
3084 1334 3257 1398 plenas
3280 1335 3403 1384 odo-

1860 1431 2239 1481 ramentorum,
2282 1438 2396 1488 quia
2437 1433 2553 1474 sunt
2601 1426 2919 1488 precationes
2958 1434 3300 1475 sanctorum:
3355 1435 3401 1476 et

1859 1519 2046 1559 canum
2076 1511 2329 1562 canticum
2358 1528 2540 1562 novum
2566 1515 2787 1564 dicentes
2811 1529 2828 1564 :
2863 1514 3059 1580 Dignus
3090 1531 3139 1564 es
3176 1517 3403 1580 accipere

1859 1597 2044 1647 librum
2091 1610 2138 1649 et
2183 1601 2382 1662 aperire
2431 1601 2699 1668 signacula
2734 1603 2866 1668 ejus,
2910 1604 3150 1670 quoniam
3207 1605 3402 1654 occisus

1860 1687 2003 1752 fuisti
2053 1699 2095 1738 ιιι
2132 1690 2389 1741 redeatiin
2437 1707 2526 1742 nos
2567 1692 2672 1743 Deo
2707 1708 2797 1758 per
2824 1695 3127 1759 sanguinem
3153 1706 3297 1745 tuum
3342 1709 3402 1744 απτ

1859 1779 1997 1826 omni
2025 1779 2158 1828 tribu
2195 1791 2241 1829 et
2276 1779 2451 1847 lingua
2475 1791 2522 1831 et
2565 1780 2752 1846 populo
2797 1792 2844 1833 et
2873 1783 3098 1843 natione,
3133 1793 3180 1832 et
3231 1784 3400 1848 fecisti

1858 1882 1947 1916 nos
1978 1865 2083 1916 Deo
2108 1877 2280 1916 nostro
2309 1883 2514 1934 regnum
2551 1877 2595 1918 et
2627 1868 2918 1920 sacerdotes
2945 1885 2962 1920 :
2992 1879 3038 1920 et
3074 1873 3398 1936 regnabimus

1856 1970 1906 2003 ill
1939 1965 2095 2004 terra.

1924 2131 2147 2196 Quidam
2185 2147 2312 2184 sane
2365 2133 2680 2198 interpretati
2718 2142 2841 2185 sunt
2876 2134 2988 2186 luce
3015 2146 3248 2201 quatuor
3281 2139 3397 2186 ani-

1855 2221 2011 2272 malia
2074 2221 2395 2272 excellentes
2458 2222 2667 2274 divinas
2726 2222 2948 2275 virtutes
2998 2226 3396 2290 qualescunque

1856 2309 1956 2360 illae
2005 2311 2143 2370 sint,
2198 2325 2313 2373 quae
2365 2310 2451 2361 Dei
2510 2311 2799 2376 potentiam
2857 2311 3199 2376 designarent
3255 2314 3395 2364 circa

1854 2397 2109 2448 mundum
2160 2413 2220 2448 ex
2264 2408 2490 2464 (ptatuor
2523 2398 2802 2448 elementis
2853 2400 3205 2450 constitutum
3249 2419 3260 2451 :
3307 2401 3395 2450 alii

1854 2494 1982 2535 vero‘
2007 2487 2228 2537 virtutes
2260 2488 2499 2552 quidem,
2531 2487 2620 2538 sed
2654 2502 2770 2552 ane
2797 2488 3072 2540 elementis
3102 2489 3399 2554 praeﬁciun-

1856 2581 1958 2633 tur,
1987 2575 2125 2624 unde
2157 2574 2328 2639 ipsum
2363 2576 2600 2626 subsistit
2636 2577 2966 2636 universum,
3002 2587 3054 2627 et
3079 2592 3195 2642 qum
3224 2578 3396 2644 ipsum

1854 2675 2173 2716 COIISCI'VﬂHl
2202 2674 2254 2714 Ili.
2279 2677 2603 2730 permaneat.

1923 2751 2260 2803 Prociderunt
2300 2770 2474 2804 coram
2509 2770 2659 2820 agno.
2712 2756 2919 2820 Aguum
2951 2755 3038 2822 qui
3090 2757 3290 2822 accepit
3335 2757 3397 2808 li-

1853 2841 2006 2892 brum
2065 2842 2357 2893 adorarunt
2405 2856 2591 2892 omnes
2638 2842 2724 2906 qui
2759 2843 3105 2907 prwscierunt
3164 2844 3394 2895 salutem

1853 2945 2011 2997 quam
2059 2931 2360 2982 hominibus
2410 2931 2573 2997 698
2617 2932 2926 2991 exhiberet,
2971 2941 3021 2982 et
3076 2934 3396 2998 supplicium

233 3001 283 3053 δὲ
318 3008 416 3066 τοῖς
457 3008 780 3076 ἀκαθάρτοις
819 3012 1050 3080 δαίμοσι.
1084 3017 1154 3066 Τὸ
1181 3017 1236 3067 δὲ
1277 3019 1417 3086 ἔχειν
1456 3024 1749 3089 πρεσϐυτέ-
1775 3026 1816 3080 C

1854 3021 1988 3084 quod
2022 3021 2244 3084 impuris
2272 3019 2602 3070 ιίίοιηυιιὶὺιιε
2644 3018 2922 3085 indigeret.
2961 3019 3126 3069 Porro
3158 3021 3397 3071 seniores

384 3095 604 3162 κιθάρας
651 3099 711 3148 τὸ
758 3102 1070 3168 ἐναρμόνιον
1117 3105 1265 3173 δηλοῖ
1297 3112 1388 3160 καὶ
1427 3109 1618 3181 εὔηχον
1655 3116 1750 3182 τῆς

237 3181 304 3238 είς
326 3179 442 3232 Θεὸν
466 3183 786 3252 δοξολογίας.
816 3190 880 3240 Al
905 3191 960 3242 δὲ
989 3197 1184 3262 χρυσαῖ
1213 3198 1416 3262 φιάλαι,
1446 3202 1500 3252 αἱ
1524 3179 1751 3256 διάνοιαί

237 3271 328 3361 εἱσι
357 3272 456 3324 τῶν
497 3277 876 3345 ἐργαζομένων
916 3282 982 3333 τὰ
1038 3282 1252 3352 Θεοφιλῆ
1297 3288 1401 3354 (διὸ
1442 3293 1533 3340 καὶ
1571 3293 1751 3361 χρυσῷ

239 3359 669 3432 ὐπεσημάνθησαν
711 3367 814 3418 ἀπὸ
861 3369 958 3437 τῆς
1003 3373 1128 3440 παρ’
1169 3375 1300 3441 ἡμῖν
1333 3377 1516 3443 τιμίας
1565 3378 1692 3446 ὕλης
1710 3359 1750 3447 )-,

236 3447 308 3512 τῷ
343 3451 686 3522 ὲνδελεχισμῷ
723 3459 818 3523 τῆς
855 3460 985 3528 πρὸς
1028 3461 1088 3512 τὸ
1130 3463 1270 3515 θεῖον
1300 3467 1639 3531 ἀναστάσεως
1693 3474 1752 3522 τὸ

239 3539 362 3588 κατά
405 3544 677 3612 προκοπὴν
717 3547 890 3614 τίμιον
917 3551 1243 3617 εὑρηκότων.
1299 3555 1390 3606 Ἐκ
1432 3556 1632 3609 τούτων
1662 3562 1751 3612 καὶ

239 3625 300 3675 τά
331 3627 670 3695 ἐξατμίζοντα
695 3633 753 3683 τὸ
794 3636 923 3703 ἴαμα
954 3638 1052 3703 τῆς
1082 3641 1202 3691 καθ’
1241 3643 1396 3709 ἡμῶν
1419 3645 1628 3707 δικαίας
1660 3649 1750 3700 τοῦ

241 3709 356 3762 Θεοῦ
380 3715 535 3782 ὀργῆς
569 3719 846 3786 ἐνάμιλλον
876 3722 983 3772 τῶν
1011 3728 1255 3791 πονηρῶν
1287 3732 1746 3798 ἐπιτηδευμάτων,

243 3800 511 3853 ἀναδίδοται
563 3807 897 3874 θυμιάματα.
948 3811 1036 3862 Διὸ
1076 3814 1169 3865 καὶ
1219 3817 1576 3882 θυμιάματα,
1633 3823 1750 3886 οὐχὶ

243 3886 475 3954 ἀρώματα
509 3892 739 3959 εἴρηται.
795 3914 810 3943 ι
869 3896 1027 3964 Ἴαμα
1074 3917 1091 3947 ι
1135 3899 1260 3968 γάρ,
1305 3903 1438 3953 κατά
1476 3905 1565 3953 τὸν
1603 3906 1751 3974 εἰρη-

244 3975 373 4034 κότα,
399 3993 415 4024 ι
453 3979 800 4032 Καταπαύσει
847 3983 1116 4050 ἁμαρτίας
1163 3988 1417 4053 μεγάλας.
1461 4008 1478 4038 ι
1519 3994 1625 4044 Καὶ
1670 3996 1750 4045 ὅτι

246 4059 312 4118 εἰς
357 4063 514 4129 θυμοῦ
567 4065 701 4132 ἴαμα
733 4068 788 4118 αἱ
822 4073 1116 4138 προσευχαὶ⁵
1166 4072 1269 4123 τῶν
1301 4075 1466 4140 ἁγίων
1501 4078 1616 4147 Θεῷ
1663 4082 1751 4132 ὲν-

247 4150 570 4216 τυγχάνουσι,
610 4155 801 4223 δῆλον·
837 4176 855 4209 ι
886 4161 949 4210 ὲκ
1005 4161 1099 4228 μὲν
1136 4164 1232 4230 τῆς
1288 4166 1522 4230 Παλαιᾶς
1556 4171 1622 4221 δι’
1679 4169 1751 4224 ὧν

250 4255 357 4306 φησι
373 4243 631 4313 Σαμουὴλ·
660 4264 677 4296 ι
703 4246 824 4301 Ἐἀν
847 4252 923 4310 εἰς
941 4251 1030 4302 τὸν
1056 4251 1183 4305 Θεὸν
1212 4256 1432 4328 ἀμάρτῃ
1451 4275 1554 4320 τις,
1577 4279 1745 4328 προσ-

251 4329 429 4391 εύξεται
479 4334 606 4402 περὶ
658 4336 820 4388 αὑτοῦ
847 4352 862 4365 ⁶
909 4341 972 4391 ἐκ
1011 4341 1067 4393 δὲ
1111 4344 1210 4412 τῆς
1258 4345 1420 4409 Νέας,
1466 4349 1531 4400 δι’
1583 4346 1655 4402 ὧν
1701 4356 1745 4405 οἱ

253 4412 359 4509 θεῖοι
385 4420 480 4509 τοῦ
521 4423 721 4509 Κυρίου
758 4425 992 4493 μαθηταὶ
1032 4429 1175 4481 λύειν
1211 4434 1304 4484 καὶ
1333 4426 1543 4505 δεσμεῖν
1578 4441 1752 4509 ἀμαρ-

251 4501 358 4596 τιπις⁵
380 4505 614 4567 ἐξουσίαν
645 4509 852 4564 ιλαδον.
886 4515 957 4564 Τὸ
987 4516 1040 4567 δὲ
1078 4520 1266 4589 καινὴν
1300 4501 1442 4590 ᾅδειν
1474 4501 1634 4596 ᾠδὴν,
1667 4501 1750 4581 sla

253 4590 300 4638 τὸ
318 4588 434 4644 εἶναι
469 4598 648 4648 καινὸν
683 4602 773 4650 καί
807 4602 866 4653 τὸ
903 4603 1206 4674 ἱλαστήριον
1240 4612 1330 4662 τοῦ
1356 4613 1524 4682 Θυμοῦ
1561 4619 1631 4679 ὼς
1659 4621 1751 4686 ἀρ-

257 4680 346 4775 νίου
365 4685 694 4752 ἐσφαγμένου
717 4690 948 4757 Χριστοῦ
977 4695 1054 4756 εἰς
1085 4697 1346 4766 κάθαρσιν
1373 4680 1461 4753 καί
1486 4680 1752 4775 σωτηρίαν

256 4772 326 4863 τοῦ
357 4776 542 4844 κόσμου
587 4781 803 4844 παντὸς,
835 4784 970 4854 ὑπὲρ
998 4781 1057 4839 οὗ
1091 4789 1182 4840 καὶ
1223 4792 1425 4854 ἀνοῖξαι
1459 4794 1517 4845 τὸ
1553 4772 1752 4863 βιϐλίον

256 4862 376 4932 ἐδόθη
406 4868 542 4935 αὐτῷ
587 4871 680 4921 καὶ
711 4871 867 4925 λῦσαι
914 4877 1010 4937 τὰς
1055 4881 1378 4946 σφραγῖδας,
1423 4886 1495 4946 ὡς
1539 4889 1622 4940 διά
1657 4889 1748 4940 τοῦ

257 4953 444 5019 αἵματος
479 4959 638 5010 αὑτοῦ
676 4962 1000 5028 ἀγοράσαντι
1047 4969 1189 5036 ἡμᾶς
1224 4973 1285 5021 ὲκ
1324 4976 1517 5038 παντὸς
1567 4976 1748 5039 ἔθνους

258 5042 330 5136 καὶ
354 5043 578 5136 χλιυσσης
620 5048 852 5118 ἀπάσης.
889 5054 1054 5106 Τοῦτο
1102 5060 1206 5127 γάρ
1254 5065 1284 5128 ὴ
1319 5065 1470 5133 καινὴ
1506 5066 1632 5136 ᾠδὴ,
1675 5070 1742 5121 δι’

257 5130 308 5194 ἣν
338 5135 419 5198 τῆς
447 5134 795 5204 παλαιότητος
823 5141 911 5192 τοῦ
949 5148 1191 5212 γραπττοῦ
1226 5151 1385 5217 νόμου
1413 5130 1749 5223 ἀπαλλαγέν-

259 5236 353 5283 τις,
377 5227 426 5274 ἐν
458 5227 728 5296 καινότητι
756 5229 807 5281 δὲ
843 5234 985 5302 ζωῆς
1015 5240 1431 5306 περιπατοῦντες
1458 5247 1503 5295 οί
1549 5247 1610 5297 ἐκ
1647 5250 1749 5300 πά-

261 5325 335 5404 σης
364 5317 450 5404 τῆς
476 5315 571 5382 γῆς
602 5323 1087 5388 καταυγασθέντες,
1123 5328 1263 5395 ᾅδειν
1313 5336 1633 5404 χαριστήρια
1662 5338 1747 5391 διὰ

258 5400 329 5451 τοῦ
357 5403 482 5455 θείου
512 5406 815 5476 Πνεῦματος
843 5412 1208 5487 ἐδιδάχθημεν.

318 5577 352 5606 ¹¹
375 5579 526 5635 Eecle.
556 5599 609 5648 χ,
637 5585 687 5638 4.

1855 3109 2049 3160 haltere
2091 3109 2349 3173 citharas,
2375 3109 2792 3170 coneinuunrac
2831 3125 3048 3160 suavem
3081 3125 3272 3160 sonum
3319 3112 3395 3162 si-

1854 3200 2068 3266 gniﬁcat
2117 3199 2518 3265 glot'il‘u-ationis
2578 3213 2700 3265 erga
2765 3198 2928 3248 Deum
2981 3214 2994 3247 :
3041 3213 3216 3248 aurea:
3270 3213 3394 3248 vero

1853 3289 2081 3354 phialaa.
2139 3298 2342 3339 mentes
2389 3303 2507 3356 qtue
2551 3297 2698 3354 grata
2746 3287 2853 3337 Deo
2900 3302 3060 3352 opera
3118 3289 3398 3352 perficiunt

1854 3378 1871 3444 (
1898 3379 2011 3428 ideo
2039 3393 2250 3443 quoque
2278 3394 2368 3442 per
2408 3393 2596 3428 aurum
2629 3377 2915 3442 designata:
2940 3385 3081 3437 sunt,
3118 3380 3394 3427 materiam

1853 3466 1991 3532 apud
2032 3483 2127 3517 nos
2160 3467 2491 3532 pretiosam),
2525 3483 2643 3532 quae
2682 3482 2742 3516 ex
2777 3481 2839 3517 co
2873 3468 3015 3532 quod
3048 3466 3262 3517 assidue
3295 3467 3398 3516 eri--

1853 3564 2051 3623 guntur
2092 3556 2155 3606 ad
2189 3556 2236 3606 id
2282 3557 2421 3622 quod
2472 3555 2708 3606 divinum
2758 3565 2870 3616 est,
2922 3555 3195 3621 prtemium
3243 3554 3394 3620 juxta

1853 3660 2190 3712 progressum
2251 3647 2300 3695 in
2360 3645 2555 3696 virtute
2605 3645 2941 3695 invenerunt.
2993 3645 3065 3694 Ex
3107 3645 3187 3694 liis
3235 3643 3394 3693 etiam

1855 3734 2151 3798 procedunt
2178 3735 2524 3784 olorautenla
2556 3735 2900 3799 evaporaulia
2942 3733 3104 3798 justa:
3156 3731 3244 3782 Dei
3299 3733 3394 3781 ad-

1852 3832 2066 3870 versum
2100 3835 2198 3870 nos
2242 3821 2333 3870 irae
2370 3821 2702 3870 curationem
2744 3837 2860 3884 qua:
2917 3833 3077 3884 prava
3124 3828 3398 3885 Oppugnat

1851 3906 2025 3957 studia
2059 3923 2073 3956 :
2109 3905 2225 3957 ideo
2255 3906 2415 3956 etiam
2442 3906 2773 3956 odoramema
2806 3907 2964 3967 dixit,
2997 3922 3100 3957 non
3128 3917 3390 3960 aromata.

1857 4011 1874 4043 ι
1905 3992 2122 4046 Curatio
2168 4013 2186 4044 ι
2221 3994 2385 4054 enim,
2433 4004 2488 4044 ut
2545 3994 2680 4044 dixit
2729 3993 2834 4052 ille,
2894 4011 2909 4040 ι
2963 3994 3185 4044 Cessare
3234 3993 3392 4044 faciet

1851 4094 2064 4151 peccata
2115 4100 2302 4150 magna
2328 4084 2395 4135 ".
2439 4102 2455 4133 ι
2493 4083 2645 4146 Quod
2694 4093 2870 4134 autem
2923 4083 2986 4134 ad
3038 4084 3200 4133 animi
3235 4098 3391 4134 cura-

1854 4173 2053 4225 tionem
2101 4185 2408 4225 saitctm-uttt
2474 4171 2808 4239 precationes
2860 4170 3196 4236 interpellent
3250 4170 3388 4235 apud

1856 4262 2054 4322 Deum,
2089 4272 2141 4313 et
2177 4279 2241 4314 ex
2270 4261 2447 4314 Veteri
2498 4261 2840 4313 Testamento
2891 4260 3232 4311 manifestum
3274 4271 3386 4322 est,

1851 4370 1968 4406 cum
2006 4354 2080 4404 ait
2108 4352 2324 4404 Samuel
2360 4370 2372 4405 :
2411 4352 2466 4403 Si
2494 4353 2615 4418 quis
2643 4352 2692 4402 in
2730 4351 2893 4403 Deum
2925 4351 3243 4417 peccaverit,
3272 4365 3391 4417 pre-

1847 4443 2054 4494 cabitur
2073 4455 2166 4506 pro
2196 4455 2258 4491 eo
2285 4457 2298 4490 :
2326 4455 2390 4491 ex
2417 4440 2564 4492 Novo
2585 4447 2785 4499 autem,
2806 4453 2926 4490 cum
2945 4439 3116 4490 sancti
3145 4438 3391 4506 discipuli

1850 4528 2056 4582 Domini
2088 4537 2412 4592 acceperunt
2446 4534 2765 4593 potestatem
2793 4526 3035 4578 solvendi
3075 4537 3292 4593 peccata
3329 4543 3390 4577 ac

1852 4617 2064 4686 ligandi.
2099 4614 2264 4665 Porro
2297 4629 2488 4665 novum
2516 4614 2777 4666 canebant
2809 4615 3095 4666 canticum.
3135 4617 3257 4682 quia
3293 4633 3390 4668 no-

1849 4723 1967 4759 vum
1990 4714 2103 4756 erat
2127 4703 2266 4769 quod
2295 4702 2426 4753 iram
2450 4701 2704 4768 placaret,
2725 4703 2865 4769 quod
2891 4703 3107 4754 occisus
3135 4704 3203 4755 sit
3223 4720 3389 4771 agnus

1847 4796 2096 4850 Christus
2143 4794 2204 4844 ad
2253 4791 2607 4857 expiationem
2649 4805 2711 4844 ac
2755 4792 2980 4844 salutem
3026 4794 3258 4846 universi
3299 4811 3388 4844 or—

1845 4889 1971 4950 bis;
2007 4886 2123 4938 ideo
2162 4898 2374 4949 quoque
2402 4882 2558 4934 datus
2591 4891 2672 4935 est
2701 4884 2775 4936 illi
2823 4884 2954 4936 liber
2987 4894 3040 4936 ut
3073 4886 3301 4951 aperiret
3330 4901 3388 4934 ac

1843 4978 2071 5031 solveret
2124 4971 2424 5037 signacula,
2462 4973 2655 5040 ut‘qui
2710 4989 2801 5040 per
2857 4975 3168 5042 sanguinem
3231 4990 3383 5025 suum

1840 5065 1928 5118 red
1956 5061 2120 5114 merit
2167 5075 2263 5112 nos
2305 5074 2367 5112 ex
2401 5062 2548 5112 omni
2604 5065 2818 5122 natione
2872 5065 3126 5129 omnique
3163 5063 3332 5128 lingua
3367 5080 3380 5113 ε

1852 5167 1972 5207 nam
2022 5151 2117 5201 hoc
2152 5157 2231 5200 est
2270 5162 2465 5200 novum
2509 5152 2775 5202 canticum
2816 5171 2826 5204 :
2874 5161 3087 5216 prepter
3117 5151 3254 5214 quod
3293 5151 3380 5214 qui

1852 5257 1914 5294 ex
1950 5237 2094 5290 onmi
2137 5245 2274 5288 terra
2321 5238 2564 5290 illustrali
2601 5256 2806 5299 sumus,
2844 5243 3169 5292 discedentes
3202 5256 3260 5289 ex
3294 5255 3381 5291 vc-

1854 5313 2206 5393 tustateilegis
2228 5325 2457 5393 scriptae,
2482 5338 2531 5380 et
2550 5329 2880 5380 ambulantes
2907 5330 2954 5378 in
2986 5317 3212 5377 novitate
3241 5328 3380 5391 vitze,

1853 5414 2023 5467 edocti
2059 5429 2246 5468 sumus
2270 5428 2461 5470 canere
2487 5429 2706 5470 munera
2735 5409 3107 5483 per45piritum
3138 5427 3380 5466 sanctum

1853 5507 2071 5559 donata.
