4106 6334
637 298 738 364 583

1433 291 1756 351 ARETH/‘E
1794 290 2166 352 ΟΕΞΑΒΕίΕ
2199 289 2674 351 CAPPADOCI/E
2711 288 3050 349 EPISCOPI

3742 277 3858 339 58L

703 412 786 464 Ea:
812 409 953 462 omni
991 407 1128 461 tribu
1157 417 1206 461 et
1234 407 1431 476 lingua.
1466 407 1672 472 Dicere,
1701 423 1764 461 ea:
1793 409 1934 460 omni
1974 410 2113 462 tribu
2140 418 2187 461 et
2216 464 2221 472 ε

2355 386 2471 462 ’Ἕκ
2504 408 2704 472 πάσης
2737 408 2939 474 φυλῆς
2968 408 3064 460 καὶ
3093 405 3394 474 γλώσσης.
3426 403 3520 464 Τὸ,
3545 401 3612 453 ἐκ
3642 399 3855 464 πάσης

633 504 810 570 lingua
833 539 848 559 ,
879 511 930 552 et
959 515 1087 560 non,
1154 500 1354 550 tribum
1399 508 1451 551 et
1485 499 1743 567 linguam,
1782 499 2182 551 distinctionem

636 593 788 645 docet
835 589 974 658 quod
1019 605 1123 641 non
1167 603 1375 648 omnes,
1436 588 1528 641 sed
1582 587 1794 655 quidam
1829 589 1974 656 digni
2021 586 2186 639 habiti

637 679 841 731 fuerint
870 679 958 746 qui
989 693 1016 729 a
1046 678 1159 730 suis
1188 675 1463 730 laboribus
1491 676 1636 730 caede
1665 676 1789 745 agni
1813 687 1866 729 et
1896 692 1990 744 per
2019 675 2188 744 ipsius

636 772 949 839 sanguinem
981 769 1398 822 redimerentur.

707 959 772 1010 Et
824 959 988 1028 fecisti
1018 974 1109 1008 nos
1159 957 1261 1010 Deo
1301 967 1478 1008 nostra
1527 973 1735 1026 regnum
1778 967 1826 1009 et
1876 957 2186 1010 sacerdotes.

639 1049 761 1102 llaac
798 1051 959 1101 etiam
986 1050 1138 1116 juxta
1169 1049 1402 1100 litteram
1440 1048 1547 1116 jam
1579 1051 1881 1102 sortiuntur
1921 1050 2190 1112 effectum,

635 1150 916 1209 prepterea
948 1141 1090 1207 quod
1127 1147 1181 1192 et
1214 1155 1366 1208 reges
1391 1147 1445 1192 et
1470 1139 1800 1203 sacerdotes,
1835 1139 1926 1193 Dei
1957 1141 2192 1194 cultores

637 1246 698 1283 ac
737 1231 916 1283 ﬁdeles
945 1241 1310 1297 perseverant.
1345 1232 1530 1286 Potest
1579 1242 1758 1285 autem
1806 1244 1859 1285 et
1907 1234 2195 1288 sublimius

637 1321 857 1389 intelligi
896 1330 951 1373 ut
983 1336 1136 1390 reges
1173 1320 1391 1388 quidem
1442 1324 1550 1376 sint
1593 1326 1685 1391 qui
1718 1325 1920 1392 regiam
1953 1325 2194 1378 vietoriaz

636 1427 893 1464 coronam
920 1412 1179 1466 adversus
1204 1413 1430 1466 allectus
1458 1416 1618 1481 capiti
1644 1415 1841 1468 habent
1863 1417 2195 1483 impositam,

636 1505 942 1557 sacerdotes
961 1518 1088 1556 vero
1111 1504 1200 1569 qui
1225 1504 1452 1556 hostiam
1477 1507 1650 1556 vivam
1670 1504 1778 1558 Deo
1802 1516 2018 1574 accepta
2029 1507 2192 1561 bilem

638 1593 844 1660 seipsos
873 1593 1254 1646 exhibuerunt.
1290 1592 1391 1656 Qui
1424 1594 1580 1660 juxta
1615 1595 1752 1646 hanc
1797 1596 2198 1665 interpretatio-

639 1695 758 1732 nem
827 1680 989 1733 tradit
1060 1679 1246 1732 haberi
1315 1689 1534 1741 terram.
1608 1684 1910 1737 mansuetis
1999 1699 2028 1736 a
2095 1684 2201 1736 Do-

2289 500 2487 567 ρρυλῆς
2517 501 2612 552 καὶ
2651 503 2953 567 γλώσσης,
2999 500 3190 559 εἰπεῖν,
3228 497 3361 547 ἀλλὰ
3397 494 3492 563 μὴ,
3532 493 3712 545 πᾶσαν
3747 508 3860 556 φυ-

2289 591 2385 657 λὴν
2439 591 2531 642 καὶ
2584 591 2870 657 γλῶσσαν,
2923 589 3204 656 διαστολὴν
3262 589 3556 655 εἰσηγεῖται
3615 582 3708 633 τοῦ
3774 581 3861 648 μὴ

2291 680 2516 742 πάντας,
2549 679 2683 733 ἀλλὰ
2711 681 2859 740 τινὰς
2890 677 3149 747 ἠξιῶσθαι
3188 676 3248 739 ἐξ
3285 674 3496 727 οἰκείων
3535 673 3708 724 πόνων
3749 667 3860 734 τῆς

2290 772 2395 823 ἀπὸ
2433 772 2524 822 τοῦ
2566 772 2750 839 ἀρνίου
2795 770 3005 838 σφαγῆς
3053 769 3129 837 τῷ
3182 768 3370 834 αἵματι
3411 765 3597 816 τούτου
3637 763 3861 830 ἀγορα-

2293 863 2500 930 σθῆναι.

2362 974 2469 1026 Καὶ
2529 973 2821 1038 ἐποίησας
2877 970 3032 1038 ἡμᾶς
3073 968 3151 1033 τῷ
3205 967 3322 1030 Θεῷ
3366 965 3529 1033 ἡμῶν
3566 962 3864 1027 βασιλεῖς

2293 1062 2390 1114 καὶ
2431 1062 2622 1127 ἱερεῖς.
2665 1061 2834 1112 Τοῦτο
2884 1060 2974 1113 καὶ
3018 1059 3110 1111 ἀπ’
3162 1057 3407 1109 ἐντεῦθεν
3455 1056 3553 1122 ἤδη
3600 1055 3738 1105 κατὰ
3791 1052 3864 1102 τὸ

2295 1152 2527 1219 γράμμα
2556 1152 2889 1219 λαμϐάνουσι
2919 1151 3086 1214 τέλος,
3118 1150 3237 1202 καθ’
3260 1150 3339 1202 ὅτι.
3363 1149 3454 1199 καί
3489 1145 3720 1214 βασιλεῖς
3756 1143 3866 1194 καὶ

2300 1242 2462 1310 ἱερεῖς
2522 1241 2845 1308 θεράποντες
2896 1241 3030 1291 Θεοῦ
3068 1243 3165 1309 τῆς
3213 1241 3444 1298 πίστεως
3495 1234 3862 1288 διατελοῦσιν.

2300 1334 2454 1385 Ἔστι
2482 1332 2538 1384 δὲ
2572 1332 2758 1396 νοῆσαι
2802 1335 2892 1383 καὶ
2925 1333 3415 1401 Οεωρητικὼτερον,
3451 1329 3684 1397 βασιλεῖς
3725 1325 3862 1394 μὲν,

2297 1425 2422 1486 τοὺς
2452 1423 2590 1475 κατὰ
2624 1423 2731 1474 τῶν
2763 1424 2944 1474 παθῶν
2996 1424 3093 1489 τῆς
3120 1425 3272 1490 νίκης
3304 1423 3392 1472 τὴν
3429 1420 3691 1490 βασίλειον
3734 1417 3867 1468 στέ-

2303 1533 2466 1584 φανον
2497 1515 2930 1586 ἀναδησαμένους
2957 1530 2970 1543 ·
3004 1516 3166 1583 ἱερεῖς
3192 1515 3270 1575 δὲ,
3304 1514 3426 1574 τοὺς
3453 1511 3638 1562 Θυσίαν
3672 1508 3866 1570 ζῶσαν

2305 1607 2596 1675 εὐάρεστον
2623 1609 2698 1673 τῷ
2731 1606 2847 1674 Θεῷ
2879 1607 3099 1665 ἑαυτοὺς
3126 1604 3537 1671 κατηρτικότας.
3571 1600 3719 1652 Κατὰ
3752 1599 3864 1666 τὴν

2306 1697 2528 1763 ἐκδοχὴν
2552 1694 2773 1762 ταύτην,
2807 1695 2900 1745 καὶ
2926 1696 2953 1745 ὁ
2975 1695 3068 1762 τὴν
3091 1695 3191 1761 γῆν
3220 1694 3317 1761 τὴν
3346 1694 3454 1750 τοῖς
3492 1691 3714 1757 πραέσιν
3751 1686 3867 1738 ὑπὸ

639 1771 788 1823 mino
810 1769 933 1837 jure
962 1769 1303 1823 haereditario
1330 1771 1679 1839 promissam,
1729 1787 2069 1841 nequaquam
2111 1775 2196 1827 iu-

2304 1786 2503 1850 Κυρίου
2535 1782 2945 1851 ἐπηγγελμένην
2973 1777 3562 1848 κατακληρονομείσῦαι
3604 1774 3864 1842 στοιχῶν,

640 1871 719 1911 ter
744 1875 838 1912 eos
865 1860 954 1927 qui
989 1875 1016 1911 a
1049 1873 1211 1928 scopo
1251 1858 1506 1912 aberrant
1533 1862 1740 1914 censeri
1767 1870 1961 1930 potest.

710 1969 777 2021 Et
815 1972 1138 2038 regnabimus
1171 1972 1222 2026 iu
1255 1981 1416 2028 terra.
1448 1973 1611 2041 699
1648 1973 1797 2038 Quod
1833 1975 2016 2027 dicunt
2047 1991 2060 2026 :
2097 1973 2202 2027 Re-

639 2062 924 2126 gnahnnus'
970 2060 1021 2113 in
1056 2070 1219 2124 terra,
1257 2064 1411 2131 juxta
1449 2067 1832 2132 promptiorem
1869 2065 2199 2120 intellectum

641 2161 692 2203 et
721 2151 812 2219 qui
847 2151 1030 2205 multis
1063 2154 1292 2217 videtur,
1331 2155 1548 2207 modum
1592 2155 1803 2208 vivendi
1845 2155 1999 2224 juxta
2032 2157 2201 2225 legem

639 2242 922 2310 designat,
977 2245 1068 2311 qui
1119 2245 1290 2312 magis
1339 2246 1736 2301 introductivus
1781 2258 1882 2308 est.
1936 2258 1990 2301 et
2037 2249 2200 2301 veluti

640 2335 858 2388 tradens
889 2337 1156 2388 elementa
1193 2335 1602 2402 perfectissima:
1641 2340 2074 2392 conversationis
2109 2356 2195 2393 se-

641 2424 876 2482 cundum
930 2423 1225 2485 Christum,
1273 2435 1540 2492 quatenus
1597 2419 1728 2478 nihil
1789 2428 1853 2481 ad
1907 2426 2199 2496 perlectum

641 2512 797 2564 dux-it
827 2514 930 2565 lex.
962 2512 1120 2565 Juxta
1159 2529 1344 2567 verum
1386 2526 1562 2568 autem
1599 2518 1927 2572 intellectum
1959 2534 2075 2571 eam
2107 2519 2201 2571 dc-

644 2600 822 2668 signat
855 2601 1014 2655 vitam
1048 2604 1259 2657 beatam
1299 2618 1724 2675 perpetuamque
1753 2624 1816 2660 ac
1857 2608 2205 2660 indissolubi-

644 2693 769 2753 lem,
799 2708 919 2762 qua:
963 2695 1015 2746 in
1071 2694 1253 2748 futuro
1295 2698 1398 2750 erit
1441 2699 1680 2752 saeculo:
1731 2698 1958 2766 ideoque
1997 2698 2051 2750 in
2102 2697 2205 2749 line

645 2787 747 2839 hoc
773 2786 1099 2838 insinuatur.

727 2896 786 2960 V,
838 2896 1025 2948 H-H.
1071 2897 1138 2948 Et
1181 2899 1287 2949 vidi
1311 2908 1359 2950 et
1399 2900 1575 2951 audivi
1607 2909 1854 2967 tanquam
1903 2916 2072 2952 vocem
2105 2917 2201 2950 an-

643 2986 874 3054 gelorum
917 2988 1199 3039 multorum
1238 2989 1293 3039 in
1332 2990 1554 3040 circuitu
1591 2991 1763 3041 tln'oni
1802 3000 1847 3042 et
1889 2981 2204 3041 animalium

2300 1877 2359 1926 οὐ
2392 1877 2499 1935 τοῖς
2528 1877 2770 1943 ἀστόχοις
2799 1872 3231 1943 προσλογισοείη.

2371 1991 2479 2042 Καὶ
2512 1989 2965 2055 ,ϐασιλεύσομεν
2996 1987 3090 2037 ἐπὶ
3120 1986 3228 2052 τῆς
3270 1986 3403 2054 γῆς.
3433 1982 3524 2043 Τὸ,
3563 1980 3670 2033 Καὶ
3700 1979 3866 2048 βασι-

2301 2081 2581 2134 λεύσουσιν
2633 2084 2722 2135 ἐπὶ
2761 2079 2859 2147 τῆς
2890 2081 3018 2148 γῆς,
3052 2079 3189 2133 κατὰ
3225 2078 3322 2147 μὲν
3351 2077 3410 2128 τὺ
3443 2077 3725 2144 πρόχειρον
3765 2071 3873 2122 καὶ

2304 2172 2574 2242 θεωρητὴν
2622 2177 2732 2233 τοῖς
2766 2174 2977 2233 πολλοῖς
3001 2213 3014 2234 ,
3043 2172 3142 2240 τὴν
3193 2170 3331 2221 κατὰ
3361 2170 3521 2236 νόμον
3559 2166 3869 2219 αἰνίττεται

2305 2265 2578 2316 πολιτείαν
2602 2308 2616 2331 ,
2667 2265 3173 2331 είσαγωγικωτέραν
3217 2262 3381 2318 οὖσαν
3412 2264 3503 2317 καὶ
3543 2258 3870 2328 στοιχειώδη

2301 2354 2394 2405 τοῦ
2424 2356 2558 2407 κατὰ
2605 2357 2834 2424 Χριστὸν
2884 2355 3212 2409 τελεωτάτην
3255 2356 3677 2424 πολιτεύματος,
3723 2353 3874 2420 παρ’

2303 2447 2424 2497 ὅσον
2476 2447 2624 2497 οὐδὲν
2667 2447 2978 2498 ἐτελείωσεν
3009 2450 3035 2499 ὁ
3080 2449 3275 2514 νόμος·
3325 2449 3465 2500 κατὰ
3507 2449 3562 2500 δὲ
3594 2449 3650 2499 τὸ
3689 2448 3873 2510 ὅντως

2303 2535 2381 2596 ὃν,
2417 2535 2511 2601 τὴν
2541 2535 2679 2585 κατὰ
2709 2537 2766 2584 τὸ
2804 2537 2991 2603 μέλλον
3026 2539 3295 2605 μακαρίαν
3337 2540 3517 2607 βιοτὴν
3553 2539 3779 2590 αἰωνίαν
3807 2556 3872 2590 τε

2304 2619 2467 2673 οὖσαν
2516 2626 2608 2674 καὶ
2660 2624 3015 2677 ἁκατάλυτον.
3051 2629 3138 2679 Διὸ
3181 2629 3273 2677 καὶ
3316 2628 3392 2695 τῷ
3432 2630 3573 2680 τέλει
3603 2629 3874 2694 ἐγκολπί-

2306 2714 2474 2776 ζεται.

2375 2917 2477 2968 Kal
2531 2912 2692 2968 εἶδον
2745 2916 2840 2967 καί
2893 2916 3130 2983 ἤκουσα
3187 2917 3267 2982 ὡς
3335 2919 3543 2986 φωνὴν
3596 2919 3884 2985 ἀγγέλων

2305 3007 2548 3059 πολλῶν
2597 3009 2794 3072 κύκλῳ
2835 3008 2938 3060 τοῦ
2992 3009 3208 3074 θρόνου
3255 3014 3350 3062 καὶ
3391 3010 3507 3062 τῶν
3562 3011 3714 3070 ζώων
3766 3015 3876 3064 καὶ

643 3088 691 3129 et
726 3080 1007 3131 seniorum.
1037 3078 1102 3130 Et
1137 3089 1250 3131 erat
1290 3096 1533 3132 numerus
1578 3098 1756 3132 eorum
1801 3082 2058 3150 myriades
2091 3098 2201 3148 my-

2304 3098 2418 3149 τῶν
2449 3099 2879 3165 πρεσϐυτέρων.
2922 3102 3027 3152 Kal
3066 3098 3142 3169 ἦν
3172 3105 3202 3153 ὀ
3237 3103 3477 3170 ἀριθμὸς
3507 3103 3701 3156 αὐτῶν
3751 3123 3877 3170 μυ-

644 3171 848 3221 riadum
880 3180 928 3223 et
956 3171 1123 3222 millia
1164 3172 1388 3222 millium
1422 3173 1646 3223 dicentia
1702 3189 1818 3223 voce
1851 3190 2036 3240 magna
2063 3190 2079 3224 :
2113 3172 2204 3223 Di-

641 3277 772 3327 gnus
804 3270 877 3311 est
910 3263 1085 3327 Agnus
1128 3266 1214 3328 qui
1250 3263 1450 3313 occisus
1471 3263 1568 3330 fuit
1591 3265 1818 3325 accipere
1851 3264 2133 3328 potentiam
2162 3273 2210 3314 et

644 3352 854 3402 divitias
874 3361 920 3400 et
949 3353 1277 3416 sapientiam,
1311 3361 1358 3402 et
1393 3331 1780 3416 fortitudinem,
1807 3354 2132 3413 ethonorem,
2162 3362 2208 3402 et

648 3439 888 3506 gloriam,
914 3450 961 3492 et
997 3440 1423 3490 benedictionem.
1453 3440 1516 3489 Et
1541 3457 1741 3490 omnem
1768 3453 2061 3491 creaturam
2097 3457 2210 3507 qua:

648 3530 835 3580 eratin
867 3530 991 3579 coelo
1016 3537 1062 3579 et
1092 3531 1142 3580 in
1178 3540 1313 3579 terra
1343 3539 1392 3580 et
1429 3533 1603 3580 subter
1635 3540 1828 3581 terram
1861 3541 1908 3580 et
1949 3532 2000 3581 in
2049 3532 2202 3591 mari,

647 3630 693 3669 et
720 3634 834 3684 qua:
857 3619 909 3668 in
942 3620 1065 3684 ipsis
1097 3627 1237 3680 sunt,
1266 3635 1438 3670 omnes
1469 3621 1666 3681 audiri,
1695 3621 1920 3672 dicentes
1947 3635 1963 3672 .'
1989 3619 2202 3672 Sedenti

647 3709 700 3764 in
737 3710 916 3760 (In-uno
951 3718 999 3758 et
1045 3709 1187 3775 Agna
1238 3710 1531 3762 benedictio
1567 3719 1616 3762 et
1659 3710 1823 3763 honor
1867 3721 1915 3763 et
1954 3711 2122 3779 gloria
2157 3723 2204 3764 et

649 3801 915 3864 imperium
968 3803 1018 3852 in
1050 3802 1243 3853 scvrula
1276 3803 1605 3863 steculorum,
1647 3803 1826 3855 Amen.
1889 3801 1954 3854 Et
1981 3813 2206 3868 quatuor

649 3887 898 3942 animalia
922 3893 1143 3942 (licentia
1174 3906 1191 3943 :
1222 3894 1404 3945 Amen.
1439 3891 1506 3945 Et
1533 3894 1761 3945 seniores
1784 3894 2116 3960 prociderunt
2142 3910 2203 3946 ac

653 3982 1019 4035 adorarerunt.

2299 3188 2506 3254 ριάδες,
2523 3189 2856 3256 μυριάδων,
2892 3190 2988 3243 καὶ
3019 3195 3286 3259 χιλιάδες
3317 3194 3619 3261 χιλιάδων,
3653 3195 3874 3262 ,λέγον-

2305 3295 2403 3341 τες
2459 3279 2624 3345 φωνῇ
2657 3280 2931 3346 μετιίλῃ’
2990 3284 3197 3347 Ἀξιόις
3247 3285 3374 3335 ἐστι
3429 3285 3493 3336 τὸ
3541 3287 3749 3352 ἀρνίον
3799 3288 3875 3337 τὸ

2305 3368 2702 3435 ἐσφαγμένον,
2735 3371 2940 3421 λαϐεῖν
2968 3371 3082 3434 τὴν
3121 3372 3373 3439 δύναμιν
3409 3374 3504 3423 καὶ
3538 3375 3639 3424 τὸν
3677 3377 3882 3426 πλοῦ-

2305 3473 2437 3517 τον,
2469 3457 2562 3507 καὶ
2608 3459 2846 3524 σοφίαν,
2881 3460 2975 3510 καὶ
3012 3462 3214 3525 ἰσχὺν,
3251 3463 3346 3513 καὶ
3393 3465 3590 3529 τιμὴν,
3629 3464 3722 3514 καί
3771 3464 3881 3517 δό-

2307 3543 2456 3606 ξαν,
2508 3547 2602 3596 καὶ
2640 3550 2943 3615 εὐλογίαν.
2998 3551 3105 3602 Kal
3159 3551 3282 3606 πᾶν
3342 3553 3561 3618 κτίσμα
3606 3554 3636 3604 ὃ
3673 3554 3740 3604 ἐν
3792 3555 3886 3618 τῷ

2310 3633 2538 3698 οὐρανῷ
2582 3637 2676 3686 καὶ
2715 3638 2807 3688 ἐπὶ
2855 3638 2960 3704 τῆς
3008 3640 3149 3707 γῆς,
3182 3642 3276 3692 καὶ
3311 3643 3584 3695 ὑποκάτω
3614 3643 3721 3709 τῆς
3752 3644 3885 3709 γῆς

2309 3723 2404 3773 καὶ
2444 3723 2541 3774 ἐπὶ
2593 3724 2699 3790 τῆς
2746 3730 3254 3796 (Ιαλιὶσσηςβέστὶ,
3287 3733 3381 3784 καὶ
3427 3734 3495 3784 τὰ
3535 3734 3603 3784 ἐν
3639 3733 3879 3796 αὐτοῖς,

2271 3856 2288 3878 ,
2309 3811 2536 3879 πάντας
2569 3817 2801 3883 ἤκουσα
2830 3822 3117 3889 λέγοντας
3139 3839 3152 3852 ο
3182 3824 3262 3886 Τῷ
3295 3825 3603 3891 καθημένῳ
3633 3825 3728 3875 ἐπὶ
3762 3825 3882 3876 τοῦ

2309 3907 2523 3970 θρόνου
2557 3910 2651 3960 καὶ
2683 3909 2761 3973 τῷ
2783 3912 2983 3984 ἀρνίῳ,
3023 3917 3060 3979 ἡ
3087 3917 3350 3982 εὐλογία.
3376 3917 3472 3968 καὶ
3511 3918 3547 3981 ἡ
3576 3916 3731 3983 τιμὴ,
3772 3916 3886 3966 καὶ

2308 3997 2345 4061 ἡ
2368 3996 2550 4060 δόξα,
2579 4000 2674 4051 καί
2705 4000 2768 4053 τὸ
2792 4003 3003 4068 κράτος
3042 4009 3126 4068 εἰς
3163 4007 3307 4069 τοὺς
3336 4007 3551 4069 aitEn-ac
3590 4007 3706 4058 τῶν
3729 4004 3884 4057 αἰώ-

645 4092 788 4127 νων·
842 4075 1033 4142 Ἀμήν·
1087 4074 1192 4126 Καὶ
1236 4074 1309 4125 τὰ
1366 4075 1635 4140 τέσσαρα
1668 4074 1779 4132 ζῶα
1827 4075 2081 4143 λέγοντα
2129 4081 2229 4129 τό⁹
2285 4083 2477 4150 Ἀμήν.
2515 4089 2626 4140 Kal
2653 4092 2707 4140 οι
2737 4095 3121 4159 πρεσϐύτεροι
3154 4097 3378 4147 ἔπεσον
3440 4097 3538 4147 καὶ
3573 4097 3884 4163 προσεκύο

647 4184 720 4233 νη
727 4181 864 4218 σαν.

722 4282 1086 4350 Spiritualitcr
1115 4295 1215 4330 vox
1247 4288 1363 4332 erat
1387 4319 1402 4342 ,
1435 4288 1488 4331 at
1520 4295 1626 4331 non
1660 4281 1990 4332 sensibilitcr
2034 4291 2086 4334 et
2114 4297 2208 4349 per

650 4373 935 4438 strepitum
972 4371 1023 4420 in
1061 4384 1184 4419 acre
1225 4383 1487 4420 resonans
1521 4386 1532 4420 :
1570 4369 1688 4422 ideo
1720 4386 1934 4437 quoque
1970 4372 2209 4424 ealculus

651 4457 906 4526 przeconii
936 4456 1058 4522 agni
1085 4456 1224 4521 quod
1257 4454 1439 4508 futuro
1461 4457 1564 4507 erit
1590 4467 1830 4525 tempore
1858 4461 2206 4526 describitur,

655 4561 758 4597 non
804 4546 945 4612 quod
995 4545 1104 4611 jam
1155 4547 1482 4614 completum
1521 4557 1603 4600 est
1649 4566 1661 4600 :
1713 4558 1983 4617 quatenus
2032 4553 2210 4606 omnis

653 4637 744 4707 qui
781 4636 885 4688 Deo
921 4637 1189 4701 adhaeret,
1242 4647 1295 4690 et
1349 4654 1520 4706 usque
1573 4640 1638 4692 ad
1681 4643 2205 4696 consummationem

654 4743 747 4794 per
780 4728 1093 4779 memoriam
1140 4727 1490 4795 benignarum
1527 4743 1621 4794 pro
1663 4730 1817 4782 nobis
1852 4731 1971 4797 agni
2001 4732 2209 4798 passio-

654 4836 779 4871 num
814 4821 1059 4886 prudenti
1104 4820 1372 4873 dementia
1406 4829 1652 4890 urgetur,
1705 4822 1768 4872 ad
1805 4821 2004 4875 domini
2055 4827 2211 4878 retri-

655 4910 964 4968 butionem,
997 4925 1304 4975 quanquam
1353 4925 1538 4963 servus
1579 4911 1675 4969 sit,
1715 4925 2002 4978 properare
2049 4917 2206 4967 solet.

654 4997 786 5047 Nam
817 4996 881 5047 de
920 4998 1223 5062 (equalitatc
1254 4999 1473 5053 honoris
1503 4998 1832 5067 superﬂuum
1863 5015 2004 5055 esset
2037 5004 2206 5071 loqui.

654 5089 789 5152 Quid
832 5087 973 5139 enim
1005 5103 1258 5155 magnum
1292 5089 1479 5143 iecerit
1511 5107 1720 5155 scrrus,
1754 5091 1795 5143 si
1823 5093 2007 5145 eadem
2042 5097 2211 5160 patia-

657 5191 742 5232 tur
773 5195 888 5248 qure
919 5179 1209 5231 dominus?
1234 5178 1478 5242 Quodam
1509 5192 1688 5236 autem
1726 5183 1917 5235 ordine
1949 5197 2202 5250 separata

657 5286 776 5322 esse
809 5271 1046 5330 divitias,
1078 5270 1391 5335 potentiam,
1418 5273 1737 5337 sapientiam
1766 5273 1983 5340 aliaque
2017 5273 2208 5341 hujus-

660 5361 822 5422 modi,
848 5377 908 5411 ex
939 5360 1154 5412 decreto
1195 5374 1302 5428 quo
1336 5360 1421 5411 illa
1453 5377 1544 5427 per
1567 5363 1910 5416 eminentiam
1939 5363 2212 5430 accipian-

657 5461 779 5514 tur,
813 5467 933 5503 cum
968 5467 1053 5504 res
1085 5452 1156 5504 ita
1208 5467 1265 5504 se
1293 5465 1396 5502 non
1431 5453 1649 5518 haheat,
1695 5456 1928 5507 humana
1961 5455 2212 5520 opinione

662 5556 995 5610 assumptum
1017 5553 1098 5596 est
1123 5562 1135 5595 :
1156 5545 1411 5596 divinitas
1429 5545 1572 5596 enim
1600 5546 1682 5599 his
1710 5563 1816 5598 non
1843 5556 1982 5614 eget,
2015 5556 2072 5596 ut
2094 5562 2213 5613 qua:

664 5648 874 5686 ornncm
902 5636 1110 5689 excedit
1143 5637 1426 5700 honorem,
1454 5645 1506 5689 et
1537 5650 1657 5690 cum
1692 5639 1870 5691 omnia
1906 5653 2062 5691 suum
2097 5653 2214 5692 esse

2385 4289 2776 4360 Πνευματικῶς
2815 4296 2847 4362 ἡ
2883 4297 3053 4366 φωνὴ,
3090 4299 3203 4350 ἀλλ’
3233 4300 3329 4350 οὐκ
3360 4301 3630 4370 αἰσθητῶς
3660 4304 3753 4356 καὶ
3796 4308 3883 4374 τῷ

2313 4380 2433 4449 ἀέρι
2473 4383 2801 4452 διηχητικῶς
2845 4390 3217 4457 ἀπηχουμένη.
3253 4391 3341 4441 Διὸ
3390 4393 3526 4443 κατὰ
3566 4393 3626 4444 τὸ
3679 4395 3882 4461 μέλλον

2311 4474 2400 4523 τοῦ
2441 4474 2629 4542 χρᾶνου
2679 4477 2710 4543 ἡ
2761 4477 2935 4544 ψῆφος
2980 4479 3077 4546 τῆς
3129 4482 3476 4550 ἀναρρήσεως
3530 4483 3622 4535 τοῦ
3678 4486 3878 4554 ἀρνίου

2283 4563 2626 4643 -ι-ίστορεῐται,
2663 4566 2722 4617 οὐ
2750 4568 2890 4620 κατὰ
2917 4570 2976 4620 τὸ
3033 4572 3130 4639 ἠδη
3171 4575 3683 4642 συντετελεσμένον,
3733 4583 3877 4644 παρ’

2460 4655 2480 4666 ο·

2310 4656 2430 4706 ὅσον
2458 4656 2599 4718 ἆπας
2636 4659 2662 4708 ὁ
2693 4658 2812 4726 Θεῷ
2845 4663 3366 4730 προσανατιοέμενος
3387 4703 3403 4724 ,
3446 4667 3537 4717 καὶ
3574 4668 3733 4735 μέχρι
3765 4669 3878 4736 τῆς

2315 4746 2617 4809 συντελείας
2643 4752 2704 4817 τῇ
2732 4753 2917 4819 μνήμῃ
2936 4751 3042 4802 τῶν
3070 4753 3208 4820 ὑπὲρ
3232 4754 3386 4820 ἡμῶν
3415 4755 3504 4806 τοῦ
3534 4757 3717 4824 ἀρνίου
3747 4760 3879 4824 φιλ-

2313 4835 2613 4903 ανθρώπων
2671 4839 2856 4891 παθῶν
2907 4843 3139 4906 σώφρονι
3184 4845 3348 4910 μανία
3390 4849 3875 4916 κατεπειγὸμενος,

2315 4926 2448 4992 πρὸς
2482 4927 2745 4979 ἀντίδοσιν
2777 4929 2877 4981 κᾶν
2908 4932 3120 4998 οἰκέτης
3151 4933 3242 4982 τοῦ
3265 4933 3519 4986 δεσπότου
3557 4939 3881 4991 κατασπεῦο

2316 5031 2402 5065 σαι
2441 5015 2618 5068 εἴωθε.
2651 5018 2721 5067 Τὸ
2764 5017 2871 5086 γὰρ
2901 5019 2962 5081 ἐξ
2985 5020 3267 5088 ὀμοτίμου,
3305 5027 3553 5092 περιττὸν
3582 5030 3673 5080 καὶ
3702 5031 3876 5096 ἐρεῖν.

2313 5104 2377 5154 Τί
2411 5104 2515 5172 γὰρ
2562 5107 2701 5171 μέγα
2736 5108 2903 5176 δούλῳ
2940 5111 3130 5161 παθεῖν
3162 5112 3231 5163 τὰ
3272 5113 3362 5165 τοῦ
3399 5104 3689 5184 δεσπότους
3720 5122 3782 5170 τὸ
3815 5120 3874 5170 δὲ

2313 5194 2399 5244 διὰ
2444 5195 2784 5264 ψηφίσματος
2832 5199 2889 5249 ἐν
2932 5199 3078 5261 τάξει
3108 5207 3210 5251 τινὶ
3256 5204 3477 5256 πλοῦτον
3508 5210 3599 5258 καὶ
3642 5210 3879 5276 δύναμιν

2315 5287 2406 5337 καὶ
2457 5287 2642 5352 σοφίαν
2685 5291 2775 5340 καὶ
2808 5291 2873 5340 τὰ
2914 5292 3134 5343 τοιαῦτα
3173 5298 3246 5356 ὡς
3295 5299 3413 5347 καθ’
3465 5299 3736 5368 ὑπερογὴν
3772 5300 3872 5352 τοῦ

2314 5375 2677 5443 λαμϐάνοντος
2711 5381 2995 5447 ἀφορίσῦαι
3038 5383 3110 5444 ὡς
3154 5387 3250 5437 οὐκ
3280 5388 3487 5456 ἔχοντος
3511 5429 3526 5451 ,
3554 5391 3877 5460 ἀνθρωπίνῃ

2317 5466 2575 5533 ὑπολήψει
2612 5470 2994 5537 παρείληπται.
3020 5475 3090 5526 Τὸ
3115 5479 3266 5528 θεῖον
3301 5481 3405 5547 γὰρ
3436 5481 3638 5532 τούτων
3662 5483 3878 5544 ἀπροσ-

2315 5551 2453 5612 δεὲς,
2485 5556 2556 5614 ὡς
2604 5558 2780 5622 πάσης
2811 5560 2971 5627 τιμῆς
3007 5563 3324 5633 ὑπέρτερον,
3376 5570 3467 5620 καὶ
3501 5571 3573 5628 ὡς
3600 5569 3705 5617 τῶν
3730 5569 3872 5618 πάν-

2316 5660 2420 5694 των
2461 5646 2548 5695 ὑπ’
2604 5646 2763 5697 αὑτοῦ
2805 5649 2863 5699 τὸ
2914 5647 3051 5705 εἶναι
3081 5654 3350 5710 λαϐόντων
3382 5660 3474 5711 καὶ
3510 5660 3734 5710 κατόπιν
3773 5663 3878 5713 τοῦ
