4106 6334
872 327 964 392 591

1669 324 1982 384 ARETH/E
2015 324 2381 384 CrESABEtE
2413 324 2876 384 CAPPADOCI/E
2910 323 3233 384 EPISCOPI

3889 324 3982 385 592

876 437 1000 496 Deo,
1021 431 1286 484 dicentes:
1316 445 1332 479 ι
1365 427 1551 483 Fecisti
1580 428 1838 497 judicium
1868 444 2040 482 meum
2080 437 2127 481 et
2158 444 2371 485 causam
2404 438 2445 490 Α
2481 445 2497 479 c

2361 438 2445 490 ιΑ
2481 429 2709 491 σιᾶσθαι,
2759 431 2815 481 ὲν
2862 428 2936 497 τῷ
2973 428 3223 495 φάσκειν·
3277 443 3295 477 ι
3340 427 3619 496 Ἑποίησας
3671 429 3770 498 τὴν
3818 433 3982 499 κρίσιν

871 535 1042 576 meam
1068 518 1134 570 ³³.
1170 536 1189 568 ι

938 608 1146 662 Clzwnia:
1180 594 1338 658 triciti
1378 607 1605 659 denario.
1640 606 1891 659 Triticum
1922 621 2113 673 magno
2154 606 2378 660 distrahi

849 686 1062 752 ‘futurae
1088 697 1243 749 famis
1290 698 1497 763 signum
1541 705 1640 757 est,
1670 711 1789 764 qua
1817 696 1974 748 etiam
2023 696 2159 748 facta
2191 706 2291 756 est,
2325 708 2382 749 ut

870 787 922 838 in
945 785 1286 850 sequentibus
1307 784 1534 836 dicetur.
1561 781 1717 851 704
1743 781 1917 835 Potest
1942 792 2116 834 autem
2147 784 2378 833 triticum

870 874 1140 928 moraliter
1170 888 1261 925 eos
1292 874 1570 940 designare
1600 874 1688 938 qui
1722 872 1953 940 legitime
1984 881 2195 939 propter
2222 872 2380 924 Chri-

872 974 1009 1016 stum
1050 972 1402 1019 certaverunt,
1437 961 1526 1028 qui
1554 961 1709 1013 ctiam
1750 961 1969 1013 denario
1998 960 2140 1027 digni
2183 960 2379 1013 inventi

872 1058 1014 1114 sunt,
1044 1058 1227 1118 utpote
1274 1051 1409 1101 datae
1443 1050 1543 1102 sibi
1586 1050 1775 1102 divina
1812 1050 2057 1117 imaginis
2104 1050 2380 1116 diligentes

866 1141 1235 1193 obser-vatoz-es
1277 1137 1499 1190 ostensi.
1535 1136 1667 1189 Tres
1698 1152 1823 1191 vero
1854 1138 2122 1191 chozniees
2156 1138 2267 1190 sive
2297 1152 2381 1189 se-

866 1229 1120 1281 mimodia
1169 1227 1350 1279 hordei
1409 1240 1500 1278 eos
1563 1228 1867 1294 designant,
1921 1227 2011 1293 qui
2061 1240 2179 1277 cum
2238 1239 2383 1278 more

866 1317 1143 1369 brutorum
1171 1331 1233 1367 ex
1262 1316 1424 1367 animi
1459 1330 1527 1381 pu
1566 1315 1897 1367 illanimitate
1925 1325 1977 1366 et
2005 1314 2211 1382 ignavia
2240 1312 2381 1378 judi-

866 1404 1018 1457 cibus
1046 1403 1486 1463 suc0ubuisseut,
1518 1405 1629 1469 pari
1682 1403 1838 1454 modo
1877 1402 2213 1469 postmodum
2250 1402 2380 1454 resio

868 1492 1148 1557 piscentes,
1200 1490 1467 1542 sordidam
1504 1490 1734 1541 animam
1782 1490 2027 1558 lacrymis
2072 1491 2376 1542 ahluerunt.

867 1579 1033 1632 Porro
1087 1588 1193 1631 tres
1242 1578 1293 1629 hi
1339 1578 1610 1632 choenices
1668 1579 1889 1630 denario
1939 1593 2044 1630 uno
2098 1578 2379 1645 appretiati

868 1674 1012 1727 sunt,
1046 1673 1296 1731 tanquam
1350 1667 1507 1716 unius
1553 1664 1748 1717 Christi
1803 1664 2048 1717 triduana
2105 1665 2375 1731 sepultura

2481 534 2583 585 μου
2609 519 2695 568 καὶ
2723 518 2814 585 τὴν
2844 518 2994 585 δίκην
3032 534 3151 585 μου.
3192 535 3209 566 ι

2546 605 2738 667 Χοῖνιξ
2772 606 2939 657 σίτου
2968 606 3269 673 δηναρίου.
3317 605 3387 656 Τὸ
3426 606 3515 656 τὸν
3558 608 3700 656 σῖτον
3747 607 3981 673 τιμιουλ-

2477 695 2701 754 κεῖσθαι,
2732 693 2885 761 λιμοῦ
2927 694 3138 762 δεῖγμα,
3180 694 3237 749 ὃν
3279 697 3368 747 καὶ
3405 694 3744 761 γεγενῆσθαι,
3780 695 3852 755 ὡς
3896 698 3979 748 καὶ

2477 782 2533 833 ἑν
2560 783 2668 842 τοῖς
2717 782 2837 849 ἑξῆς
2886 784 3194 850 ῥηθήσεται.
3243 785 3392 835 Ἐστι
3436 784 3491 835 δὲ
3521 785 3793 849 τροπικῶς
3853 788 3982 837 σῖτον

2477 871 2598 931 τοὺς
2639 871 2872 938 νομίμως
2925 871 3250 940 ἀθλήσαντας
3289 871 3373 923 διὰ
3421 874 3649 942 Χριστὸν
3682 876 3897 939 ἐννοεῖν,
3940 876 3981 928 οἳ

2482 962 2572 1009 καὶ
2612 959 2856 1029 δηναρίου
2883 960 3169 1029 ἐκρίθησαν
3216 960 3370 1023 ἄξιοι,
3404 962 3476 1024 ὡς
3504 963 3601 1031 τῆς
3625 963 3866 1031 δοθείσης
3897 968 3981 1015 αὐ-

2476 1049 2586 1107 τοῖς
2617 1046 2760 1107 θείας
2797 1048 2996 1110 είκόνος
3036 1048 3272 1116 ἀκριϐεῖς
3322 1051 3551 1116 φύλακες
3609 1054 3982 1114 καταστάντες.

2480 1135 2613 1195 Τοὺς
2659 1135 2712 1185 δὲ
2769 1138 2910 1203 τρεῖς
2960 1137 3193 1203 χοίνικας
3235 1135 3419 1208 [κατὰ]
3464 1139 3559 1204 τῆς
3603 1138 3817 1207 κριθῆς,
3874 1143 3983 1200 τοῦς

2480 1223 2859 1289 κτηνοπρεπῶς
2907 1227 3013 1282 τοῖς
3056 1225 3326 1286 δικασταῖς
3370 1226 3437 1277 δι’
3482 1226 3792 1301 άνανδρείαν
3820 1226 3983 1293 ψυχῆς

2480 1310 2850 1377 ὑποκύψαντας
2882 1313 2970 1361 καὶ
3008 1312 3271 1377 ἀναλόγως
3304 1316 3724 1382 μετανοήσαντας
3754 1314 3981 1383 ὕστερον,

2479 1397 2570 1447 καὶ
2616 1396 2711 1464 τὴν
2750 1398 3001 1464 ρυπῶσαν
3044 1400 3222 1469 εἰκόνα
3264 1401 3517 1469 δάκρυσιν
3565 1402 3981 1463 ἀποπλύναντας.

2478 1485 2634 1551 Τρεῖς
2668 1484 2722 1534 δὲ
2752 1483 2975 1550 χοίνικες
3022 1468 3161 1536 οὗτοι
3206 1468 3448 1554 δηναρίου
3479 1488 3590 1548 ἑνὸς
3639 1488 3979 1555 ἐτιμήθησαν,

2478 1572 2551 1633 ὠς
2590 1571 2681 1623 τοῦ
2722 1573 2834 1633 ἑνὸς
2862 1572 3088 1640 Χριστοῦ
3113 1576 3179 1641 τῇ
3204 1576 3476 1640 τριημέρῳ
3504 1575 3661 1626 αὐτοῦ
3687 1579 3829 1643 ταφῇ
3863 1577 3983 1640 ὑπὲρ

2477 1658 2566 1710 τοῦ
2596 1658 2793 1725 κόσμου
2827 1660 3021 1721 παντὸς
3064 1659 3155 1710 τοῦ
3180 1660 3261 1711 διὰ
3289 1662 3386 1725 τῆς
3428 1663 3691 1728 ἁμαρτίας
3722 1664 3821 1731 τὴν
3850 1663 3985 1713 θείον

864 1754 1041 1806 oblata
1071 1766 1166 1820 pro
1202 1753 1451 1804 universo
1503 1754 1721 1813 mundo,
1754 1753 1843 1819 qui
1889 1752 2065 1804 datam
2104 1752 2203 1805 sibi
2238 1752 2374 1803 divi-
2408 1753 2485 1805 BI

2360 1778 2374 1791 .
2408 1753 2448 1805 Β
2475 1744 2651 1794 εἰκόνα
2686 1744 2924 1796 δοθεῖσαν
2962 1745 3105 1813 αὐτῷ
3142 1746 3497 1813 ῥυπώσαντος.
3542 1748 3707 1809 Αὐτὸς
3743 1749 3842 1815 μὲν
3889 1750 3981 1815 γὰρ

865 1857 986 1894 nam
1038 1841 1315 1907 imaginem
1372 1857 1464 1908 per
1502 1852 1772 1909 peccatum
1833 1840 2207 1894 defmdaverat.
2264 1840 2377 1907 Ipse

864 1930 1122 1997 siquidem
1169 1929 1413 1981 Christus
1447 1930 1618 1995 primo
1662 1930 1747 1982 die
1787 1930 1924 1996 apud
1973 1928 2173 1982 inferos
2226 1929 2376 1981 haesit

869 2033 965 2083 pro
997 2018 1077 2070 his
1108 2019 1195 2085 qui
1227 2027 1345 2069 ante
1380 2015 1508 2071 Mosi
1550 2019 1712 2086 legem
1743 2027 2107 2085 peccaverant,
2143 2018 2376 2071 secundo

866 2120 961 2172 pro
1010 2106 1090 2158 his
1117 2105 1202 2173 qui
1236 2107 1287 2158 iu
1337 2105 1468 2174 lege.
1509 2104 1741 2160 Tametsi
1777 2107 1916 2159 enim
1957 2107 2194 2159 nonnulli
2243 2110 2376 2160 resi-

867 2196 1173 2263 piscentialn
1214 2195 1573 2248 ostendissent
1608 2196 1677 2248 ob
1717 2210 1876 2264 prava
1911 2210 2069 2263 opera
2101 2211 2129 2249 a
2160 2212 2213 2249 se
2251 2212 2375 2264 per-

867 2293 1066 2349 petrata
1093 2321 1108 2345 ,
1162 2284 1360 2351 pariter
1419 2284 1556 2336 hanc
1605 2284 1709 2337 illis
1748 2295 2106 2351 opponentes,
2138 2296 2373 2339 attamen

865 2371 987 2422 licet
1017 2385 1140 2422 vere
1168 2378 1471 2435 sperassent
1492 2370 1720 2431 veniam,
1746 2386 1864 2423 cum
1894 2372 1937 2423 is
1959 2373 2190 2424 nondum
2216 2388 2377 2440 appa-

865 2457 1062 2509 ruisset
1090 2455 1179 2524 qui
1208 2455 1344 2510 hanc
1381 2456 1509 2511 dare
1535 2466 1737 2526 posset,
1770 2458 2003 2512 nondum
2037 2461 2202 2528 ipsam
2231 2476 2376 2515 asse-

865 2545 972 2596 cuti
1027 2552 1178 2596 erant
1210 2559 1222 2595 :
1258 2554 1533 2612 propterea
1583 2561 1711 2600 sane
1753 2556 1804 2599 ιιι
1840 2548 2076 2601 secundo
2113 2549 2196 2602 die
2239 2550 2376 2617 apud

870 2632 1070 2684 inferos
1102 2635 1387 2698 permansit
1421 2648 1435 2685 :
1466 2636 1617 2686 tertia
1655 2650 1778 2687 vero
1808 2650 1953 2688 mora
1984 2636 2077 2690 fuit
2106 2638 2158 2690 in
2188 2653 2289 2704 qua
2322 2647 2377 2693 et

866 2722 1179 2784 resurrexit,
1214 2722 1465 2787 quoniam
1498 2722 1827 2789 impossibile
1864 2722 1961 2775 fuit
1989 2739 2081 2792 per
2111 2741 2167 2778 se
2196 2728 2377 2778 viven-

866 2812 968 2857 tem
1018 2820 1046 2858 a
1089 2807 1425 2875 corruptione
1502 2810 1763 2878 superari.
1821 2812 2077 2864 Praeterea
2142 2813 2374 2864 triticum

865 2895 1074 2959 quidem
1106 2897 1441 2963 evangelicae
1467 2911 1530 2950 ac
1560 2899 1812 2951 salutaris
1844 2914 2021 2951 sermo
2049 2900 2153 2952 dici
2182 2909 2374 2968 potest,

864 2991 916 3035 et
961 2984 1051 3050 qui
1101 2984 1360 3051 perfectos
1405 2985 1555 3039 decet
1600 2988 1744 3041 viros
1792 2990 1879 3054 qui
1933 3003 2126 3041 sensus
2180 2989 2375 3042 habent

2476 1833 2530 1882 ὲν
2556 1830 2679 1899 ᾅδου
2721 1833 3017 1901 διατρίψας,
3064 1835 3161 1903 τὴν
3204 1833 3419 1901 πρώτην
3452 1835 3586 1903 ὑπὲρ
3620 1835 3725 1886 τῶν
3754 1838 3860 1904 πρὸ
3901 1836 3983 1887 τοῦ

2474 1919 2745 1980 Μωῦσὲως
2778 1921 2951 1987 νόμων
3003 1922 3404 1990 ἡμαρτηκότων,
3430 1922 3526 1987 τὴν
3555 1922 3825 1992 δευτέραν,
3858 1924 3983 1991 ὑπὲρ

2472 2008 2579 2058 τῶν
2624 2010 2681 2059 ὲν
2730 2008 2806 2077 τῷ
2843 2009 3006 2077 νόμῳ.
3062 2010 3168 2060 Καὶ
3194 2008 3297 2078 γὰρ
3332 2011 3379 2059 εί
3417 2010 3507 2060 καὶ
3548 2010 3825 2076 μετάνοιάν
3850 2027 3983 2070 τινες

2474 2095 2807 2157 ὑπεδείξαντο
2838 2096 2945 2147 τῶν
2976 2096 3185 2148 ἀτόπων
3213 2097 3389 2158 αὐτοῖς
3422 2096 3763 2164 πραχθέντων
3792 2097 3985 2165 ταύτην

2474 2183 2749 2252 ἐνάμιλλον
2792 2185 2970 2245 αὐτοῖς
3016 2185 3455 2252 άντιστήσαντες,
3490 2183 3598 2236 ἀλλ’
3648 2186 3791 2252 ὅμως
3847 2186 3983 2251 σαφῆ

2472 2271 2567 2340 τὴν
2613 2272 2949 2340 συγχώρησιν
2985 2273 3288 2339 ἠλπικότες,
3340 2272 3430 2323 τοῦ
3462 2272 3751 2340 δυναμένου
3787 2273 3983 2344 ταύτην

2473 2367 2767 2432 παρασχεῖν
2804 2364 2897 2433 οὐχ
2941 2365 3265 2433 ἑωραμένον,
3310 2365 3456 2419 οὔπω
3485 2364 3681 2437 ταύτης
3710 2372 3979 2436 ἐπέτυχον.

2472 2450 2566 2500 Διὰ
2598 2448 2752 2501 τοῧτο
2795 2453 2890 2518 μὲν
2919 2453 3010 2504 καὶ
3058 2456 3088 2519 ή
3130 2454 3349 2522 δευτέρα
3382 2457 3438 2505 ἐν
3468 2457 3591 2523 ᾅδου
3619 2457 3883 2524 διατριϐή.
3926 2456 3982 2506 'll

2472 2540 2622 2606 τρίτη
2648 2538 2723 2599 δὲ,
2748 2539 2866 2590 καθ’
2890 2541 2953 2606 ἣν
2982 2540 3072 2590 καὶ
3093 2541 3305 2607 ἀνέστη.
3336 2543 3455 2593 Ὅτι
3485 2544 3613 2610 μηδὲ
3640 2547 3703 2612 τῇ
3728 2544 3983 2612 διαφθορᾷ

2475 2625 2805 2695 κρατηθῆναι
2823 2622 2929 2679 οἷόν
2942 2644 2999 2679 τε
3015 2629 3111 2692 τὴν
3128 2630 3396 2697 αὐτοζωήν
3417 2632 3547 2697 (25).
3565 2632 3673 2682 Καὶ
3687 2633 3715 2681 ό
3737 2631 3833 2698 μὶν
3852 2634 3982 2691 σῖτος

2472 2716 2500 2765 ό
2527 2715 2867 2781 εὐαγγελικὺς
2904 2716 2967 2767 ἂν
3006 2718 3089 2784 εἴη
3130 2718 3219 2768 καὶ
3257 2720 3509 2786 σωτήριος
3538 2719 3707 2786 λόγος,
3738 2720 3829 2770 καὶ
3859 2720 3984 2787 πρέ-

2474 2819 2587 2854 πων
2610 2804 2825 2871 ἀνδράσι
2851 2802 3069 2865 τελείοις
3096 2808 3203 2867 τοίς
3242 2805 3307 2857 τὰ
3339 2805 3656 2875 αἰσθητήρια
3685 2806 3865 2875 ἔχουσι
3897 2823 3985 2871 γε·

2473 2892 2818 2958 γυμνασμένα
2846 2892 2977 2960 πρὸς
3004 2893 3263 2961 διάκρισιν
3293 2893 3453 2945 καλοῦ
3477 2898 3568 2945 καὶ
3597 2895 3784 2945 κακοῦ.
3814 2896 3984 2963 Κριθὴ

2474 2980 2528 3030 δὲ
2556 2983 2586 3047 ή
2635 2981 2901 3041 Μωῦσέως
2930 2982 3231 3048 νομοθεσία,
3257 2981 3494 3051 ὦσπερή
3523 2983 3679 3051 κριθὴ
3708 2986 3963 3051 προακμά

866 3073 1182 3124 exercitatos
1203 3073 1265 3124 ad
1288 3073 1658 3127 discretionem
1697 3077 1818 3127 boni
1851 3090 1912 3128 ac
1936 3077 2057 3128 mali
2082 3093 2093 3127 :
2119 3077 2371 3129 hordeum
2400 3039 2444 3099 Ο
2476 3085 2487 3117 <

2362 3039 2444 3128 ιε
2476 3083 2613 3128 σασα
2649 3067 2740 3117 τοῦ
2788 3068 2951 3132 σίτου,
2997 3070 3135 3119 οὕτω
3184 3070 3274 3120 καὶ
3312 3071 3446 3137 αὑτὴ
3499 3070 3590 3121 τοῦ
3637 3071 3983 3136 εὐαΠελικοῦ

866 3172 995 3209 vero
1024 3158 1123 3210 erit
1152 3157 1285 3209 Mosi
1331 3158 1611 3225 legislatio.
1642 3157 1772 3210 Nam
1804 3160 1942 3211 sicut
1966 3158 2224 3210 hordeum
2253 3167 2375 3211 ante

2470 3155 2832 3223 κηρύγματος,
2858 3156 2947 3208 καὶ
2968 3157 3229 3225 τρέφουσα
3256 3159 3378 3217 τοὺς
3408 3159 3861 3227 κτηνωδεστέρους
3894 3161 3984 3209 ἀνι

869 3245 1100 3296 triticum
1130 3244 1455 3305 maturescit,
1488 3244 1559 3296 ita
1589 3252 1642 3295 et
1668 3246 1775 3297 hinc
1800 3252 1921 3296 ante
1949 3243 2373 3313 prmdicatiohem
2472 3242 2490 3295 ε

2363 3260 2373 3296 I
2472 3242 2737 3312 θρώπους,
2770 3245 2889 3303 τοὺς
2925 3243 3288 3312 διακειμένου;
3316 3247 3441 3315 περὶ
3469 3248 3535 3297 τὰ
3561 3246 3677 3297 θεῖα
3725 3248 3984 3315 Ἰσραηλί-

869 3331 1247 3397 evangelicam,
1279 3330 1429 3384 alens
1456 3330 1698 3385 homines
1722 3333 1887 3399 magis
1910 3332 2164 3393 brutales,
2192 3346 2377 3398 nempe
2473 3347 2490 3381 ι

2364 3347 2377 3384 3
2473 3347 2586 3392 τας.
2615 3332 2777 3397 Φησὶν
2799 3328 2890 3382 οὖν
2914 3334 2940 3382 ό
2971 3334 3316 3400 χρηματίζων
3337 3335 3392 3384 ἐν
3421 3334 3562 3402 μέσῳ
3582 3335 3687 3386 τῶν
3716 3336 3985 3403 τεσσάρων

869 3418 1134 3473 lsraelitas
1164 3418 1233 3471 ita
1267 3433 1447 3473 crasse
1486 3419 1704 3473 allectos
1734 3423 1796 3472 ad
1828 3420 2024 3472 divina.
2054 3419 2141 3472 Ait
2168 3434 2296 3488 ergo
2332 3421 2378 3472 is
2474 3420 2490 3484 ζ

2363 3436 2378 3472 3
2474 3420 2641 3484 ζώων,
2663 3420 2910 3489 δηναρίου
2934 3421 3029 3488 μὲν
3048 3420 3333 3473 ἀποδόσθαι
3355 3422 3442 3473 τὸν
3465 3424 3673 3490 χοίνικα
3696 3422 3788 3475 τοῦ
3823 3424 3984 3486 σίτου,

868 3507 958 3573 qui
990 3507 1167 3560 divina
1210 3507 1363 3560 nobis
1407 3508 1495 3560 dat
1552 3523 1801 3576 responsa
1845 3508 1897 3560 in
1929 3508 2101 3561 medio
2150 3516 2377 3575 quatuor
2478 3525 2489 3541 ι

2366 3524 2377 3559 .'
2478 3510 2639 3577 τριιὶν
2666 3508 2721 3560 δὲ
2749 3509 2843 3577 τῆς
2872 3509 3079 3578 κριθῆς,
3110 3508 3181 3570 ὡς
3209 3509 3298 3562 τοῦ
3326 3511 3673 3578 εὐαγγελικοῦ
3703 3512 3987 3581 κηρύγμα-

869 3595 1198 3661 animalium,
1244 3596 1403 3648 tritici
1452 3596 1663 3664 quidem
1701 3598 1992 3651 chenicem
2023 3596 2177 3650 veudi
2208 3596 2373 3649 dena-
2476 3613 2490 3646 ιι

2285 3611 2373 3648 na-
2476 3613 2564 3658 τος
2590 3598 2929 3668 άπορωτίρου
2957 3598 3103 3661 ὄντος
3128 3600 3215 3652 διὰ
3240 3600 3299 3652 τὺ
3324 3600 3413 3653 τοῦ
3437 3601 3633 3669 βιϐλίου
3660 3602 3906 3671 ἀκριϐὲς.

867 3688 968 3751 rio,
1000 3685 1181 3739 hordei
1210 3701 1332 3739 vero
1378 3698 1482 3740 tres
1510 3687 1776 3742 chmnices
1808 3690 1965 3743 etiam
2006 3690 2252 3756 denario,
2295 3674 2543 3760 tanquam
2585 3692 2757 3762 major
2787 3694 2854 3747 sit
2895 3694 3210 3764 evangelica:
3269 3698 3655 3765 praedicationis
3715 3696 3900 3766 inopia
3920 3698 3984 3750 ob

866 3776 986 3829 libri
1019 3774 1413 3844 perfectionem.

1425 3882 1645 3937 CAPUT
1676 3885 1809 3938 XVI.

869 3992 1067 4044 Salutio
1096 3994 1267 4061 quarti
1301 3993 1457 4059 sigilli
1496 3996 1829 4059 manifestans
1863 3996 2073 4045 inducta
2098 3998 2377 4061 castigato-

939 4062 1019 4110 ria
1050 4060 1257 4125 flagella
1303 4061 1355 4109 in
1402 4076 1485 4111 eos
1517 4064 1605 4127 qui
1656 4062 1932 4111 Dominum
1984 4060 2283 4127 negaverunt
2315 4064 2374 4113 ob

939 4128 1192 4191 defectum
1227 4128 1535 4177 tolerantia.

939 4255 1024 4308 Vl.
1058 4254 1174 4315 7,8.
1203 4253 1265 4305 Et
1300 4271 1413 4305 cum
1438 4257 1714 4323 aperuisset
1743 4266 1978 4323 quartum
2008 4258 2250 4325 sigillum.
2273 4276 2368 4309 au-

3030 3888 3269 3940 ΚΕΦΔΔ.
3305 3887 3416 3952 IC'.

2471 3997 2655 4065 Λύσις
2675 3994 2787 4065 τῆς*
2809 3997 3080 4065 τετάρτης
3114 3998 3449 4065 σφραγῖδος,
3478 3998 3849 4063 ἐμφαίνουσα
3885 4002 3983 4065 τὰς

2535 4062 2895 4126 ἐπαγομένας
2919 4062 3287 4123 παιδευτικὰςέ
3308 4062 3595 4129 μάστιγας
3628 4066 3747 4128 τοῖς
3784 4067 3863 4117 δι’
3887 4062 3984 4121 ἀνζ

2539 4131 2941 4193 υπομονησίας
2971 4129 3397 4195 ἀρνησαμένοις
3421 4131 3524 4181 τὸν
3555 4132 3785 4197 Κύριον.

2548 4257 2648 4309 Kal
2697 4257 2790 4307 ὅτε
2830 4257 3028 4321 ἤνοιξε
3075 4257 3184 4322 τὴν
3232 4259 3517 4326 σφραγῖδα
3539 4260 3650 4326 τὴν
3682 4263 3982 4331 τετάρτην,

870 4345 973 4395 divi
997 4352 1235 4411 quartum
1262 4344 1475 4405 animal,
1503 4345 1671 4397 dicens
1698 4358 1715 4394 :
1742 4344 1893 4412 705
1934 4344 2053 4396 Veni
2080 4357 2125 4397 et
2150 4347 2276 4397 vide.
2307 4346 2372 4397 Et
2404 4324 2448 4380 ί)
2474 4343 2491 4394 1‘

2362 4324 2448 4397 ιθ
2474 4343 2699 4407 ἥκουσα
2749 4343 2849 4394 τοῦ
2902 4343 3171 4407 τετάρτου
3231 4342 3368 4400 ζώου
3399 4324 3726 4412 νλέγοντοῳ
3772 4324 3983 4418 ’έρχςου

870 4449 977 4484 ecce
1022 4449 1176 4500 equus
1227 4432 1467 4499 pallidus,
1492 4440 1539 4484 et
1568 4433 1761 4485 sedenti
1804 4450 1953 4501 super
1991 4434 2155 4501 ipsum
2194 4451 2372 4486 nomen

869 4531 974 4571 erat
1007 4536 1162 4581 mors,
1188 4529 1233 4571 et
1262 4520 1488 4586 infernus
1523 4520 1819 4587 sequebatur
1846 4521 2029 4585 ipsum.
2064 4518 2128 4569 Et
2156 4520 2278 4570 data
2301 4529 2372 4571 est

869 4609 974 4659 illis
1020 4618 1237 4674 potestas
1285 4624 1437 4674 super
1483 4618 1717 4675 quartam
1772 4619 1967 4674 portent
2006 4616 2169 4668 term,
2210 4616 2261 4657 ut
2294 4610 2373 4658 iu-

872 4695 1149 4758 terficerent
1207 4694 1395 4761 gladio,
1429 4706 1475 4745 et
1523 4696 1674 4761 fame,
1722 4706 1768 4746 et
1816 4708 1992 4757 morte,
2033 4706 2079 4747 et
2120 4714 2148 4748 a
2200 4698 2370 4750 bestiis

872 4792 1037 4834 terra.

938 4954 1193 5017 Quartum
1242 4952 1458 5013 animal,
1511 4967 1695 5018 nempe
1730 4954 1944 5019 aquila,
2002 4963 2179 5021 utpote
2231 4958 2368 5007 acuti

870 5052 1113 5110 aspectus
1146 5053 1196 5094 et
1231 5042 1490 5093 velociter
1537 5044 1754 5093 tendens
1788 5043 1851 5093 ad
1892 5056 2099 5105 escam,
2148 5059 2372 5110 superne

870 5134 1011 5184 venit
1036 5146 1098 5183 ex
1130 5132 1270 5199 illata
1303 5144 1331 5180 a
1367 5128 1468 5180 Deo
1499 5128 1595 5189 ira,
1634 5130 1813 5196 plagas
1853 5128 2084 5183 inferens
2113 5131 2175 5183 ad
2209 5130 2365 5183 ultio-

875 5236 991 5272 nem
1024 5222 1250 5286 piorum.

938 5376 977 5404 ⁸³
1007 5373 1139 5422 Ρςιιι.
1171 5388 1243 5433 tx,
1275 5373 1325 5423 5.

936 5518 1042 5583 (επ)
1072 5516 1172 5585 Τὴν
1199 5518 1351 5569 αὑτοῦ
1380 5519 1515 5587 ζωὴν
1541 5521 1676 5589 vulg.

2469 4434 2561 4483 καί
2592 4432 2676 4483 ἴδε
2694 4448 2705 4460 ·
2737 4432 2839 4484 Kal
2864 4432 2986 4484 ἰδοὺ
3013 4434 3187 4494 ἵππος
3202 4434 3441 4497 χλωρὸς,
3473 4436 3565 4486 καί
3596 4440 3627 4488 ό
3653 4440 3983 4506 καθήμενος

2467 4520 2657 4571 ἐπάνω
2684 4521 2882 4580 αὐτοῦ,
2914 4521 3093 4587 ὄνομα
3124 4520 3276 4581 αὐτῷ
3307 4524 3337 4571 ό
3372 4523 3635 4587 θάνατος,
3663 4526 3756 4577 καί
3781 4532 3813 4579 ό
3840 4530 3981 4595 ᾅδης

2468 4610 2772 4674 ἠκολούθει
2815 4609 2987 4670 αὐτῷ.
3018 4610 3118 4660 Καὶ
3160 4608 3329 4673 ἐδόθη
3374 4610 3569 4673 αὐτοῖς
3609 4614 3858 4675 ἐξουσία
3890 4620 3980 4670 ἐπὶ

2470 4700 2533 4747 τὸ
2580 4698 2851 4761 τέτα;τον
2902 4697 3005 4761 τῆς
3054 4698 3177 4762 γῆς,
3220 4698 3547 4749 ἀποκτεῖναι
3591 4702 3659 4752 ἐν
3685 4704 3981 4771 ῥομφαίᾳ,

2476 4786 2566 4837 καὶ
2593 4788 2655 4837 ὲν
2696 4785 2842 4852 λιμῷ
2865 4787 2957 4836 καί
2992 4787 3057 4836 ἐν
3084 4786 3326 4850 θανάτῳ,
3358 4788 3449 4837 καί
3490 4790 3600 4839 ὑπὸ
3631 4791 3743 4841 τῶν
3769 4796 3982 4859 θηρίων

2468 4874 2571 4935 τῆς
2602 4875 2724 4940 γῆς·

2538 4965 2607 5013 Τὸ
2639 4965 2885 5033 τέταρτον
2927 4967 3077 5029 ζῶον,
3128 4969 3155 5018 ό
3198 4966 3343 5027 ἀετὸς
3375 4967 3595 5037 δηλαδὴ,
3632 4971 3704 5031 ὡς
3732 4971 3981 5041 όξυωπὴς

2471 5052 2557 5099 καὶ
2582 5051 2699 5113 ὀξὺς
2725 5054 2851 5119 πρὸς
2874 5055 3051 5121 βορὰν,
3082 5054 3277 5105 ἄνωθεν
3305 5056 3423 5121 ἥκει
3452 5060 3507 5107 ἐκ
3531 5058 3784 5125 θῖηὶάτου
3814 5062 3979 5129 ὀργῆς

2467 5140 2561 5199 τὰς
2597 5139 2800 5207 πληγὰς
2839 5143 3104 5208 ἐπιφέρων
3131 5141 3260 5208 πρὸς
3296 5142 3561 5210 ἐκδίκησιν
3589 5146 3691 5196 τῶν
3722 5147 3978 5197 εὐσεϐῶν.
