4106 6334
165 315 274 380 593

1189 327 1566 389 COMMENT.
1613 330 1692 389 IN
1729 329 2246 391 APOCALYI’SIN.

3218 330 3320 393 594

241 424 342 478 Kal
370 424 495 480 ἰδοὺ
528 428 707 493 ἵππος
731 430 972 498 χλωρός.
1014 431 1069 483 Ὀ
1093 432 1291 500 χλωρὸς
1317 435 1497 501 ἵππος,
1527 437 1686 505 ὀργῆς

1744 443 1764 494 L
1867 435 1932 490 Et
1957 451 2070 489 ecce
2097 452 2256 496 equus
2281 435 2533 502 pallidus.
2567 435 2749 504 Equus
2772 436 2992 507 χλωρὸς,
3013 436 3060 489 id
3090 447 3187 498 est,
3215 437 3323 504 palo

161 515 453 585 σύμϐολον·
483 520 576 571 καὶ
597 520 761 581 οὕτως
783 524 814 589 ἡ
838 523 961 590 χλόη
986 525 1016 590 ἡ
1044 524 1144 575 ὑπὸ
1173 525 1365 593 ἰατρῶν
1388 527 1688 595 καλουμένη

160 605 364 674 χλωρά.
399 607 454 660 ΤΟ
485 608 540 660 δέ
563 626 623 674 γε
653 609 874 672 θάνατος
904 613 992 663 καὶ
1017 614 1043 664 ὸ
1071 613 1198 682 ᾅδης
1235 615 1690 681 καταστρατεῠσαι

157 695 362 761 νοητῶς
392 695 620 764 ἔστησαν
665 697 801 749 κατὰ
833 697 937 748 τῶν
965 699 1251 766 ἀλιτηρίων
1281 701 1564 769 δαιμόνων,
1599 708 1690 755 καὶ

134 783 316 851 ,δίκην
357 786 739 852 εἰσπράξασθαι
785 789 881 854 τῆς
926 789 1031 839 τῶν
1059 789 1355 856 ἀνθρώπων
1397 791 1686 854 ἀπωλείας.

155 872 326 924 Οὖπω
345 874 397 924 δέ
427 874 503 942 τῷ
535 875 675 943 λόγῳ
701 878 732 944 ἡ
762 876 934 929 τελεία
965 877 1275 944 καθαίρεσις
1297 877 1402 930 τῶν
1426 879 1689 947 δαιμόνων

153 965 484 1032 εἰσφέρεται,
515 965 644 1018 ἀλλὰ
686 967 838 1031 μόνον
863 967 1112 1035 τετάρτου
1146 967 1368 1036 μέρους,
1405 968 1586 1039 ἐπειδὴ
1613 970 1688 1036 τῷ

151 1050 300 1119 λόγῳ
331 1052 424 1117 τῆς
467 1053 604 1120 μετά
647 1055 796 1120 χεῖρα
825 1053 1101 1115 ὀπτασίας,
1142 1053 1290 1107 οὔπω
1320 1057 1455 1108 κατά
1486 1057 1546 1108 τδ
1579 1057 1690 1126 τρί-

151 1155 250 1190 τον
295 1140 454 1201 πάθος
503 1141 742 1209 ἐπράχθη
805 1140 1054 1211 Χριστοῦ.
1105 1140 1214 1210 Τὴν
1267 1144 1322 1196 δὲ
1379 1145 1688 1216 καθαίρεσιν

148 1232 422 1295 τροπικῶς
479 1232 687 1298 σφαγὴν
751 1231 1026 1299 ὀνομάζει,
1078 1235 1171 1287 καὶ
1200 1235 1352 1304 λιμὸν
1379 1236 1484 1288 τῶν
1525 1237 1688 1291 πάλαι

150 1319 596 1384 προσκυνούντων
622 1320 800 1380 αὐτοῖς
838 1321 930 1388 τὴν
957 1320 1210 1389 ἔκλειψιν,
1250 1323 1341 1374 καὶ
1370 1325 1458 1375 τὸν
1491 1327 1687 1392 ἀφανι-

149 1406 292 1472 σμὸν
337 1408 430 1474 τῆς
467 1408 772 1475 τυραννίδος
824 1410 996 1461 αὐτῶν
1044 1412 1136 1463 καὶ
1187 1411 1288 1462 ὑπὸ
1336 1414 1443 1465 τῶν
1469 1413 1687 1481 ,θηρίων

145 1496 442 1565 διαφθορὰν
486 1500 685 1562 αὐτῶν,
733 1499 892 1568 θηρία
922 1501 1100 1554 καλῶν
1145 1504 1266 1571 γῆς,
1301 1505 1398 1566 τὰς
1442 1507 1548 1558 τῶν
1574 1507 1687 1559 δαι-

150 1585 329 1649 μοὶνων
354 1583 473 1636 καθ’
511 1588 542 1653 ἡ
553 1587 665 1654 μῶν
694 1590 771 1650 εἰς
800 1589 1094 1660 φθοροποιά
1132 1594 1273 1662 πάθη
1324 1593 1567 1664 ὀχλήσεις
1597 1597 1689 1648 καὶ

149 1673 559 1736 ἐπαναστάσεις.

219 1935 440 2000 Ἄλλως
485 1935 553 1989 ἐκ
589 1936 703 1990 τῶν
737 1937 840 1990 τοῦ
900 1937 1192 2005 Ἀνδρέου.
1252 1940 1502 2001 Εὐσέϐιος
1553 1941 1607 1992 δὲ
1658 1944 1686 1992 ὁ

146 2022 432 2090 Παμφίλου
482 2026 538 2075 ἐν
580 2024 655 2093 τῷ
680 2025 846 2094 ὀγδόῳ
892 2028 1163 2096 κεφαλαίῳ
1201 2029 1292 2080 τοῦ
1325 2027 1367 2080 θ’
1405 2031 1560 2094 λόγου
1588 2030 1684 2096 τῆς

131 2111 695 2179 .Ἑκκ.1ησιαστικῆς
734 2115 995 2180 ἱστορίας
1045 2117 1240 2184 γράφει
1293 2118 1448 2170 τάδε·
1498 2119 1581 2170 Ἐν
1617 2121 1682 2187 τῇ

144 2199 252 2249 τῶν
272 2198 519 2265 διωγμῶν
548 2201 694 2269 ἀκμῇ
728 2201 817 2252 ἐπὶ
848 2201 1181 2271 Μαξιμιανοῦ
1226 2204 1504 2274 ⁹Ρωμαίων
1533 2207 1683 2275 βασι-

146 2285 404 2348 λεύοντος,
442 2287 547 2338 ὑπὸ
584 2289 678 2356 μέν
708 2289 865 2357 λιμοῦ
896 2292 986 2342 καὶ
1023 2292 1208 2358 λοιμοῦ
1240 2294 1684 2362 κατασκήψαντος

148 2376 325 2436 αὐτοῖς
381 2378 477 2428 σὺν
522 2377 724 2445 ἑτέροις
781 2378 1194 2446 συμπτώμασιν,
1252 2381 1451 2450 ἄπειρα
1507 2383 1680 2453 πλήθη

149 2462 522 2530 διεφθείροντο,
553 2463 692 2540 ὥστε
716 2469 859 2535 ταφῇ
890 2467 964 2533 μὴ
993 2467 1245 2519 δύνασθαι
1279 2471 1681 2538 παραδίδοσθαι,

149 2553 346 2620 καίπερ
375 2552 707 2622 Χριστιανῶν
732 2556 848 2608 τότε
874 2556 1163 2626 φιλοτίμως
1197 2561 1321 2629 περὶ
1341 2561 1437 2621 τὰς
1467 2561 1684 2628 κηδείας

146 2643 544 2712 ἦσχολημένων,
592 2644 683 2696 καὶ
700 2645 809 2714 ἐτῷ
849 2646 1208 2718 φιλανθρώπῳ
1236 2650 1358 2710 τοὺς
1408 2651 1682 2718 πεπλανη-

152 2733 332 2796 μένους
360 2735 656 2799 ἐναγόντων
687 2735 818 2804 πρὸς
842 2736 937 2804 τὴν
961 2738 1056 2804 τῆς
1085 2737 1339 2804 ἀληθείας
1369 2739 1678 2805 ἐπίγνωσιν.

160 2819 289 2869 Ὑπὸ
336 2821 392 2872 δέ
439 2823 736 2889 Ἀρμενίων
786 2827 1197 2878 ἐπαναστάντων
1261 2828 1547 2893 Ῥωμαίοις
1585 2831 1682 2881 οὐκ

149 2906 349 2972 ὀλίγους
387 2909 687 2977 ἀνῃρῆσθαι
739 2912 992 2981 ῥομφαίᾳ.
1049 2914 1153 2963 Καὶ
1233 2915 1336 2964 ὑπὸ
1389 2916 1561 2966 κυνῶν
1627 2916 1682 2967 δέ

150 3010 304 3059 φησιν
345 2995 650 3063 ἀνηλῶσθαι
699 2996 765 3047 τὰ
817 2996 921 3048 τῶν
973 2998 1237 3050 θανόντων
1296 3000 1548 3067 σώματα,
1608 3002 1682 3064 ὡς

149 3082 324 3134 λοιπὴν
350 3085 475 3145 τοὺς
513 3083 862 3151 λειπομένους
896 3087 973 3148 εἰς
1010 3088 1355 3141 κυνοκτονίαν
1386 3090 1678 3158 τραπῆναι,

147 3171 373 3234 δεδιότας
393 3173 467 3242 μὴ
486 3175 579 3226 καὶ
595 3174 744 3226 αὐτοὶ
760 3174 1006 3238 θανόντες
1027 3177 1229 3239 ζῶντας
1247 3179 1465 3242 τούτους
1482 3182 1680 3248 τάφους

150 3262 464 3329 κτήσωνται.
510 3263 622 3315 Οὐκ
673 3264 890 3326 ἀπεικὸς
936 3264 992 3317 δὲ
1037 3269 1147 3326 τοῖς
1203 3268 1328 3320 κυσὶ
1377 3269 1474 3336 τῆς
1513 3271 1679 3339 αὐτῆς

150 3350 317 3417 θοίνης
361 3352 452 3403 καὶ
501 3352 719 3421 ἀγρίους
767 3353 931 3422 θῆρας
979 3359 1334 3426 συμμετέχειν
1383 3355 1469 3412 διὰ
1499 3362 1558 3412 τὸ
1584 3361 1679 3428 τῆς

149 3439 340 3506 τροφῆς
367 3439 613 3507 ἄφθονον.
638 3442 746 3494 Καὶ
773 3445 827 3494 ἐν
855 3447 918 3513 τῇ
951 3446 1188 3516 ἡμετέρᾳ
1212 3447 1265 3500 δέ
1291 3452 1450 3518 γενεᾷ
1474 3450 1678 3502 τούτων

147 3525 363 3579 ἕκαστον
398 3529 606 3597 συμῦὰν
636 3529 896 3601 ἔγνωμεν,
928 3534 991 3584 ἐκ
1022 3535 1128 3586 τῶν
1153 3537 1270 3589 νυνί
1315 3540 1672 3608 φαινομένων.

707 3707 946 3760 ΚΕΦΛΑ.
993 3713 1087 3763 ΙΖ’.

150 3806 321 3890 Λύσις
347 3808 472 3884 ,τῆς
510 3823 780 3890 περιπτης
819 3816 1141 3890 σφραγῖδος
1183 3821 1297 3884 τὴν·
1330 3822 1446 3874 τῶν
1490 3826 1672 3890 ἁγίων

209 3876 415 3952 ψυχῶν
445 3876 820 3957 σημαίνουσα
1039 3876 1251 3952 Κύριοῦ
1289 3876 1670 3957 καταΰόήσιιέ,

206 3945 352 3994 ὣστε
383 3945 650 4010 γενέσθαι
677 3945 1047 4003 συντέλειαν.

206 4055 306 4106 Καὶ
334 4056 431 4109 ὅτε
475 4059 674 4125 ἤνοιξε
718 4061 828 4127 τὴν
856 4064 1126 4132 πέμπτην
1171 4069 1482 4136 σφραγῖδα,
1511 4069 1670 4126 εἶδον

147 4145 404 4198 ὑποκάτω
430 4149 532 4201 τοῦ
557 4152 979 4218 θυσιαστηρίου
1005 4157 1108 4220 τὰς
1129 4159 1325 4226 ψυχὰς
1354 4160 1470 4213 τῶν
1488 4163 1669 4229 ἐσφα-

148 4233 356 4299 γμένων
377 4236 470 4287 διὰ
493 4237 792 4306 τὸνλόγον
825 4244 927 4295 τοῦ
954 4246 1122 4306 Θεοῦ,
1147 4247 1243 4299 καί
1270 4248 1367 4301 διὰ
1391 4253 1503 4318 τὴν
1524 4270 1667 4320 μαρ-

1795 528 1934 581 lidus
1962 536 2052 579 aut
2081 525 2285 589 viridis,
2304 525 2548 590 geritira:
2569 527 2870 596 symbolum
2902 542 2915 579 :
2942 527 3082 580 sicut
3101 535 3151 579 et
3172 527 3321 596 χλόη,

1797 617 1846 669 id
1894 624 1996 680 est,
2047 615 2208 668 herba
2258 630 2376 683 quae
2417 630 2454 669 a
2497 617 2717 670 medicis
2768 617 2953 685 χλωρά
3005 617 3319 684 appeliatur.

1793 703 1934 758 Mors
1967 713 2142 758 autem
2173 712 2225 757 et
2252 701 2494 756 infernus
2545 713 2833 767 steterunt,
2882 714 2939 759 ut
2968 707 3322 774 spiritualiter

1793 803 2090 862 pugnarent
2118 793 2374 846 adversus
2416 792 2671 845 scelestos
2721 795 3010 860 daemones,
3046 805 3098 849 et
3123 796 3322 863 Suppli-

1793 884 1933 937 cium
1966 883 2224 936 inl‘errent
2255 889 2471 949 propter
2517 881 2799 933 hominum
2837 883 3319 951 iutcremptioncm.

1792 971 2034 1026 Nondum
2094 982 2270 1025 tamen
2318 971 2418 1024 hoc
2476 984 2724 1024 sermone
2805 970 3033 1023 infertur
3089 972 3320 1038 perlecta

1792 1062 2091 1115 daamonum
2147 1061 2507 1128 interemptio,
2560 1059 2650 1114 sed
2702 1074 2767 1113 ex
2816 1070 3005 1128 quarta
3063 1059 3324 1113 duntaxat

1793 1157 1976 1218 parte:
2001 1149 2251 1216 quoniam
2277 1149 2426 1216 juxta
2457 1157 2770 1216 praesentem
2796 1148 3054 1202 visionem
3085 1151 3318 1202 nondum

1793 1236 2027 1301 perfecta
2077 1245 2160 1289 est
2213 1235 2410 1289 Christi
2483 1237 2662 1305 passio
2713 1251 2778 1290 ex
2831 1237 3001 1291 tribus
3058 1237 3317 1304 partibus.

1791 1324 1956 1378 Porro
1996 1326 2344 1379 vastationem
2412 1327 2612 1394 tropice
2679 1327 2921 1380 nominat
2953 1328 3319 1380 occisionem:

1791 1424 1842 1468 et
1869 1414 2084 1477 famem,
2115 1417 2325 1469 illorum
2357 1415 2709 1470 defectionem
2740 1417 2828 1483 qui
2857 1416 2999 1484 ipsos
3031 1416 3155 1468 olim
3189 1416 3320 1469 ado-

1793 1514 2174 1559 ravcrunt:et
2219 1505 2489 1559 interitum
2552 1507 2845 1574 tyrannidis
2903 1507 3137 1574 ipsorum
3188 1505 3317 1559 dicit

1791 1593 2146 1646 vastationem
2202 1591 2282 1646 vel
2343 1592 2742 1661 corruptionem
2810 1606 2993 1646 eorum
3037 1591 3319 1646 abestiis:

1794 1679 1991 1736 vorans
2046 1683 2246 1736 bestias
2302 1691 2454 1736 terra:
2513 1682 2816 1736 daemonum
2884 1685 3165 1737 adversum
3225 1695 3323 1736 l.03

1717 1759 1756 1813 Β
1787 1771 2090 1824 vexationes
2121 1778 2172 1824 et
2203 1769 2436 1823 insultus
2452 1769 2517 1823 ad
2547 1769 2883 1835 alIlictioues,
2915 1787 3031 1838 qua:
3058 1771 3322 1824 adducant

1784 1859 2080 1911 interitum.

1856 1946 1971 1996 ΑΙ-ὀ
2016 1945 2164 1996 modo
2194 1960 2258 1997 ea:
2298 1944 2530 1996 Andron.
2593 1944 2851 1998 Eusebius
2897 1961 3024 1999 vero
3057 1945 3322 2012 Pamphili

1784 2042 1974 2086 octavo
2025 2034 2198 2100 capite
2231 2032 2349 2085 libri
2397 2033 2521 2085 noni
2577 2031 2957 2086 Ecclusiastica:
2997 2035 3228 2088 historia:
3265 2035 3318 2088 in

1783 2124 1926 2176 hunc
1948 2123 2137 2175 scribit
2165 2123 2377 2175 modum
2403 2138 2416 2172 :
2450 2120 2502 2173 In
2530 2120 2736 2174 fervore
2762 2124 3190 2190 persecutionum
3220 2123 3320 2177 sub

1785 2211 2112 2265 Maximiano
2139 2212 2228 2279 qui
2265 2211 2516 2264 Romanis
2553 2212 2867 2279 imperabat,
2921 2211 3058 2264 fame
3092 2224 3145 2265 et
3174 2221 3320 2279 peste

1785 2300 1924 2353 inter
1940 2300 2052 2353 haec
2079 2308 2268 2367 praeter
2285 2309 2507 2352 caeteros
2527 2314 2687 2352 casus
2707 2310 3001 2367 grassante,
3033 2301 3315 2352 innumera

1787 2389 2074 2442 multitudo
2106 2389 2454 2448 moriebatur,
2491 2388 2623 2441 adeo
2693 2396 2748 2440 ut
2780 2389 2878 2456 ipsi
2913 2390 3156 2459 sepulcro
3181 2390 3315 2442 tradi

1785 2497 1891 2534 non
1925 2493 2141 2549 possent
2171 2501 2182 2534 :
2214 2497 2522 2549 quanquam
2564 2482 2863 2536 Christiani
2919 2493 3043 2536 tunc
3069 2483 3226 2535 enixe
3257 2496 3318 2535 ac

1784 2572 2082 2626 liberaliter
2123 2573 2265 2626 circa
2313 2573 2498 2625 funera
2540 2583 2954 2642 oet-nparentur,
2983 2584 3035 2626 et
3064 2575 3316 2627 seductos

1785 2661 2117 2714 humanitate
2152 2661 2466 2714 inducerent
2495 2662 2557 2713 ad
2587 2662 2825 2715 veritatis
2859 2663 3201 2730 agnitionem.
3235 2663 3316 2715 Ab

1782 2748 2052 2801 Armeniis
2074 2766 2219 2810 vero,
2243 2750 2333 2816 qui
2362 2750 2412 2800 in
2442 2748 2713 2803 Romanos
2749 2751 3173 2814 insurrexerunt,
3207 2767 3315 2804 non

1782 2852 1982 2904 paucos
2008 2838 2134 2890 dicit
2158 2839 2335 2905 gladio
2361 2839 2524 2890 fuisse
2552 2840 2868 2904 trucidatos,
2892 2849 2944 2890 et
2969 2843 3311 2894 morientium

1782 2940 2006 2991 corpora
2029 2942 2056 2979 a
2080 2928 2304 2981 canibus
2321 2926 2486 2980 fuisse
2508 2937 2823 2997 consumpta
2850 2949 2862 2981 :
2886 2931 2963 2982 sic
2995 2940 3049 2982 ιιι
3078 2940 3315 2996 postmo-

1783 3015 1908 3066 dum
1940 3016 2113 3067 cazteri
2147 3017 2238 3083 qui
2295 3017 2464 3070 relicti
2516 3026 2689 3079 erant,
2719 3018 2782 3070 ad
2826 3033 3018 3070 canum
3059 3020 3314 3072 interem-

1780 3105 2015 3172 ptionem
2040 3115 2499 3170 converterentur,
2528 3107 2679 3160 veriti
2711 3123 2776 3161 ne
2797 3117 2847 3160 et
2874 3109 2971 3176 ipsi
2995 3110 3308 3172 morientes.

1779 3195 1896 3259 bos,
1947 3197 1991 3251 si
2043 3198 2318 3262 viverent,
2370 3197 2614 3266 sepulcra
2679 3199 3017 3252 sortirentur.
3067 3198 3180 3252 Non
3228 3210 3311 3253 est

1779 3293 1954 3338 autem
1990 3285 2281 3338 absurdqu
2309 3295 2364 3338 ut
2396 3300 2556 3339 canes
2581 3285 2630 3337 in
2651 3284 2779 3353 ipsis
2803 3300 3015 3354 quoque
3041 3285 3310 3338 alimentis

1777 3376 2065 3444 participes
2091 3375 2292 3430 faciant
2319 3375 2441 3428 ferae
2463 3385 2718 3443 agrestes,
2744 3385 2961 3445 propter
2985 3391 3119 3430 esca:
3142 3377 3312 3430 abun-

1777 3464 2037 3518 dantiam.
2066 3466 2224 3534 706
2253 3466 2306 3517 In
2335 3474 2516 3518 nostra
2549 3467 2708 3518 etiam
2742 3467 2956 3520 natione
2987 3466 3175 3519 horum
3204 3465 3311 3520 sin-

1777 3557 1899 3624 gula
1928 3557 2230 3626 contigisse.
2251 3556 2603 3624 cognovimus
2631 3572 2691 3609 cx
2723 3558 2804 3610 his
2835 3573 2953 3624 quae
2982 3573 3121 3610 nunc
3150 3570 3311 3624 appa-

1778 3633 1942 3698 rcnt'

2320 3733 2544 3788 CAPUT
2596 3734 2756 3788 XVII.

1772 3839 1976 3891 Salutio
2019 3842 2185 3906 quinti
2234 3841 2392 3906 sigilli
2435 3843 2734 3907 signiﬁcans
2786 3845 3063 3894 clamorem
3095 3822 3306 3898 sancta-

1839 3924 1967 3987 rum.
2014 3910 2308 3959 animarum
2364 3910 2431 3959 ad
2475 3910 2786 3974 Dominum,
2824 3920 2879 3960 ut
2927 3912 3021 3976 ﬁat
3061 3927 3303 3963 consumo

1841 3986 2020 4028 matto.

1840 4085 1925 4147 Vl,
1958 4087 2044 4139 9-1
2064 4087 2106 4139 l.
2131 4085 2193 4138 Et
2219 4103 2329 4138 cum
2356 4087 2634 4154 aperuisset
2672 4088 2905 4156 quintum
2926 4087 3175 4157 sigillum,
3201 4091 3304 4142 uidi

1767 4180 1941 4230 subter
1975 4180 2138 4229 altare
2187 4179 2389 4230 animas
2427 4178 2813 4243 interfectorum
2847 4187 3054 4245 propter
3099 4180 3302 4231 verbum

1766 4266 1880 4327 Dei,
1916 4278 1961 4320 et
1997 4278 2205 4336 propter
2231 4268 2576 4319 testimonium
2612 4269 2744 4336 Agni
2769 4269 2905 4336 quod
2937 4269 3185 4322 habebant
3212 4287 3229 4324 :
3256 4280 3303 4323 et

145 4321 334 4425 tvpllar
360 4321 463 4425 tot}
507 4324 731 4390 Ἀρνίου
760 4327 837 4392 ἣν
864 4325 1048 4397 εἶχον.
1081 4335 1188 4385 Καὶ
1214 4335 1474 4401 ἔκραξαν
1494 4340 1662 4407 φωνῇ

1764 4354 2109 4404 clamauerunt
2144 4371 2259 4405 rore
2310 4372 2519 4421 magna,
2555 4357 2778 4407 dicentes
2811 4372 2826 4407 :
2863 4355 3148 4425 Usquequo,
3198 4359 3305 4412 Dos

140 4406 353 4494 perdam
376 4409 681 4476 λέγοντες·
711 4417 860 4480 Ἕως
875 4421 1036 4481 πότε,
1063 4424 1096 4473 ό
1118 4426 1417 4490 Δεσπότης
1446 4430 1478 4479 ό
1504 4406 1665 4494 ἅγιος

145 4490 244 4580 καί-
257 4492 569 4558 ἀληθινὸς,
617 4500 686 4550 οὐ
739 4503 957 4568 κρίνεις
1005 4507 1102 4558 καί
1145 4508 1397 4575 ἐκδικεῖς
1435 4515 1497 4563 τὸ
1526 4490 1664 4580 αἷμα

144 4576 289 4667 ημῶν
329 4581 398 4632 ἐκ
449 4583 566 4635 τῶν
607 4591 1037 4644 κατοικούντων
1083 4596 1179 4649 ἐπὶ
1232 4597 1336 4662 τῆς
1377 4599 1525 4667 τῆς;
1555 4576 1660 4652 lia!

143 4663 296 4732 ἐδόθη
345 4670 545 4734 αὐτοῖς
584 4676 774 4742 στολὴ
807 4681 1017 4746 λευκὴ,
1051 4681 1147 4735 καί
1177 4663 1393 4751 sppan-
1424 4663 1622 4749 αὐτοῖς
1645 4726 1658 4747 ,

145 4753 225 4804 ira
248 4755 700 4816 ἀνακαύσωνται
722 4765 806 4817 ἔτι
833 4771 1068 4834 χρόνον,
1116 4771 1224 4833 ἕως
1249 4774 1660 4840 πληρώσονται

143 4843 224 4894 καί
246 4849 296 4898 οι
331 4848 656 4903 σύνδουλοι
687 4855 900 4918 αὐτῶν,
943 4859 1038 4910 καί
1070 4864 1122 4912 οὶ
1159 4860 1403 4926 ἀδελφοὶ
1442 4861 1658 4927 αὐτῶν,

145 4931 222 4982 καί
248 4935 299 4985 oi
315 4935 642 5004 μέλλοντες
669 4942 1117 4998 ἀποκτείνεσθαι
1135 4948 1213 5010 ὡς
1239 4949 1332 4999 καὶ
1362 4950 1549 5004 αὐτοί.

199 5021 300 5089 Τῆς
339 5023 589 5094 πέμπτης
637 5034 925 5098 σφραγῖδος
973 5035 1068 5101 τὴν
1113 5035 1281 5098 λύσιν,
1342 5039 1390 5090 οἰ
1423 5041 1519 5110 τὴν
1551 5046 1658 5097 τῶν

144 5113 526 5201 προειρημένων
560 5119 836 5186 τεσσάρων
885 5123 964 5182 εἰς
1004 5123 1071 5172 τὰ
1114 5124 1347 5192 Χριστοῦ
1378 5130 1520 5201 πάθη
1566 5137 1660 5188 καὶ

142 5199 196 5248 τὰ
230 5200 322 5265 τῆς
366 5201 627 5269 σωτηρίου
656 5203 787 5270 ἡμῖν
807 5205 1271 5275 βνανθρωπήσεως
1312 5199 1659 5287 οἰκονομικῶς

144 5287 433 5340 τελεσθέντα
476 5290 885 5359 προσνέμοντες.
926 5296 1000 5357 ὡς
1034 5297 1133 5366 ἤδη
1165 5302 1531 5373 παρεθέμεθα»
1567 5313 1659 5365 καὶ

143 5376 319 5448 ταύτην
347 5379 567 5441 εἰκότως
596 5380 688 5449 τὴν
717 5384 1040 5454 καταδόησιν
1059 5390 1168 5451 τοῖς
1199 5394 1662 5460 προτελειωθεῖσιν

145 5465 311 5557 ἀνάψει
361 5470 658 5539 προφήταις
707 5472 799 5524 καὶ
837 5473 1108 5543 θεοσόφοις
1145 5479 1366 5550 ἀνδράσι
1418 5489 1514 5557 τὴν
1562 5491 1656 5544 τοῦ

145 5554 358 5617 Χριστοῦ
384 5560 670 5631 ἐπιδημίαν
700 5563 915 5618 ποθοῦσι
945 5571 1034 5621 καὶ
1072 5569 1168 5639 τὴν
1193 5554 1655 5652 ἀναθολὴν-αὐτῆς

1765 4441 1916 4497 utine,
1950 4443 2033 4506 qui
2061 4458 2110 4492 cs
2134 4442 2310 4506 justus
2348 4453 2393 4492 et
2425 4460 2596 4502 uerax,
2633 4460 2734 4494 non
2760 4438 2974 4508 jndicus
2998 4456 3044 4496 et
3069 4449 3300 4498 vindicas

1762 4529 2056 4592 sanguinem
2089 4539 2320 4578 nostrum
2354 4531 2413 4580 de
2444 4533 2522 4579 Itis
2550 4532 2636 4596 qui
2667 4534 2900 4582 habitant
2942 4535 2992 4583 in
3028 4537 3209 4586 terra?
3233 4532 3300 4588 Et

1761 4615 1887 4665 data
1919 4625 1990 4666 est
2027 4617 2151 4681 ipsis
2194 4620 2330 4667 stola
2381 4617 2520 4678 alba,
2576 4621 2869 4686 dictumque
2915 4631 2987 4671 est
3025 4624 3097 4672 eis
3127 4633 3180 4673 ut
3215 4640 3297 4675 re-

1759 4704 2070 4768 quiescerent
2124 4704 2289 4756 att/mc
2335 4706 2402 4756 ad
2447 4715 2666 4773 tempus,
2716 4707 2873 4760 donec
2925 4711 3299 4778 complerentur

1761 4794 1986 4843 conservi
2024 4809 2221 4857 eorum,
2267 4805 2312 4848 et
2360 4796 2550 4863 fratres
2601 4812 2800 4860 eorum,
2831 4807 2878 4851 et
2905 4800 2994 4867 qui
3033 4802 3299 4856 occidendi

1757 4891 1904 4934 erant
1938 4883 2070 4935 sicut
2096 4893 2145 4936 et
2173 4885 2292 4951 ipsi.

1826 5047 2009 5113 Quinti
2069 5049 2229 5119 sigilli
2291 5050 2642 5118 apertionem,
2686 5052 2742 5105 hi
2786 5053 2876 5121 qui
2917 5051 3290 5120 praedictorum

1758 5147 1990 5205 quatuor
2019 5140 2342 5193 solutionem
2366 5139 2566 5193 Christi
2603 5141 2943 5208 passionibus
2974 5140 3289 5202 attribuunt,

1758 5237 1814 5279 et
1839 5226 1921 5280 his
1951 5241 2071 5294 qua!
2099 5227 2491 5295 dispensatorie
2523 5238 2735 5296 peracta
2765 5236 2890 5280 sunt
2915 5227 3054 5278 circa
3087 5227 3291 5279 saluta-

1761 5326 1872 5364 rem
1906 5312 2061 5367 nobis
2091 5312 2540 5377 incarnationem,
2575 5313 2728 5366 sicuti
2751 5313 2858 5380 jam
2882 5312 3285 5378 proposuimus,

1757 5399 1896 5456 hanc
1923 5402 2082 5455 etiam
2108 5403 2379 5470 querelam
2403 5411 2456 5456 et
2483 5404 2766 5456 clamorem
2799 5402 2988 5454 merito
3015 5401 3299 5470 prophetis.

1757 5490 2000 5545 tribuunt
2054 5502 2209 5546 antea
2265 5494 2522 5552 mortuis,
2557 5499 2611 5543 et
2659 5490 2750 5542 Dei
2801 5491 3060 5558 sapientia
3113 5493 3287 5571 plenis

1758 5583 1911 5652 viris,
1944 5585 2141 5640 Christi
2181 5585 2464 5639 adventum
2491 5579 2888 5648 exoptantibus,
2919 5583 3141 5653 ejusque
3168 5599 3287 5638 mu-
