4106 6334
236 334 344 400 597

1267 341 1642 403 COMMENT.
1689 344 1764 402 IN
1812 342 2322 404 APOCALYPSIS.
2405 387 2408 389 -

3288 343 3386 402 593

233 442 337 494 τοῦ
375 441 615 512 φθαρτοῦ
677 442 959 512 ἠνέσχοντο
1015 444 1346 515 καρτερικῶς
1398 445 1620 514 ικδῆναι
1673 448 1766 498 κό-

1868 449 2028 518 708
2077 447 2656 510 nmndo'exccdrrcnt,
2692 446 2778 500 ubi
2837 461 2976 499 nunc
3021 447 3084 500 ad
3124 447 3280 500 vitam
3310 449 3395 499 in-

235 546 402 595 σμου,
423 530 516 583 νῦν
541 530 908 609 ἀφθάρτῳβῑῳ
929 534 1022 585 καὶ
1041 535 1259 603 ἀμόχθῳ
1284 535 1772 604 προσορμισθέντας

232 618 479 688 ὡσπερεὶ
537 619 696 688 κόρον
753 623 936 673 τούτου
997 622 1252 684 λαϐόντας
1314 624 1662 693 ἀνασείρασιν
1710 626 1773 676 ὲκ

232 709 400 797 πτέρου
450 709 650 762 λαϐεῖν’
712 712 804 779 ἀφ’
854 703 912 763 οὗ
969 712 1124 781 καὶή
1163 713 1267 764 τῶν
1306 713 1546 780 ἀγγέλων
1583 714 1662 775 είς
1705 714 1776 766 τὰ

231 797 434 853 αἰώνια
468 801 779 870 παράκυψις
826 801 1025 868 ἀγαθὰ,
1057 803 1160 854 τινὶ
1200 801 1306 854 τῶν
1341 803 1774 872 θεοφορουμένων

233 890 612 958 παρείληπται
655 890 719 942 δι’
749 888 1034 958 ἐπιθυμίας
1079 889 1233 954 εἶναι,
1261 892 1336 953 ὡς
1359 892 1446 943 διὰ.
1471 894 1568 960 τῆς
1596 908 1773 961 παρα-

231 979 451 1047 κύψεως
481 981 534 1031 τί
570 981 634 1034 ἂν
658 981 783 1033 ἄλλο
820 981 1151 1050 ζητήσαντος·
1171 980 1353 1042 αὐτοῦ,
1386 981 1417 1050 ἢ
1451 983 1542 1034 καὶ
1586 982 1647 1034 τὸ
1680 999 1770 1050 μι-

229 1070 378 1137 κρὰν
419 1070 592 1122 αὐτῶν
639 1069 832 1136 γνῶσιν
883 1069 1062 1124 λαϐεῖν
1125 1071 1183 1124 ἐν
1221 1070 1542 1140 eam:th
1593 1071 1772 1140 ἐφέσει

229 1156 723 1225 προσλιπαροῦνται
740 1173 756 1222 ;

803 1260 1049 1314 ΚΕΦΑΔ.
1107 1262 1211 1316 ΙΗ’.

223 1393 420 1458 Λύσις
447 1390 552 1464 τῇς
576 1393 753 1464 ἕκτης
775 1395 1115 1463 σφραγῖδος,
1141 1399 1245 1460 τὰς
1269 1398 1337 1450 ἐν
1360 1397 1432 1464 τῇ
1455 1399 1772 1464 συντελείᾳ

476 1461 842 1530 ἐπαγομένας
857 1461 984 1531 πλη
993 1466 1094 1533 τὰς
1119 1461 1513 1532 σημαίνουσα.

302 1592 410 1643 Kal
439 1590 597 1645 εἶδον
625 1593 720 1646 ὅτε
749 1593 950 1662 ἤνοιξε
980 1594 1092 1661 τὴν
1116 1595 1409 1663 σφραγῖδα
1435 1596 1548 1662 τὴν
1568 1597 1766 1662 ἕκτην.

222 1682 346 1734 Kal
375 1684 624 1750 σεισμὸς
649 1683 833 1752 μέγας
861 1685 1114 1753 ἐγένετο.
1146 1687 1253 1738 Kal
1285 1688 1317 1738 ό
1343 1686 1513 1751 ἣλιος
1539 1686 1770 1754 ἐγένετο

1879 535 2274 611 corruptibilem
2312 546 2366 590 et
2390 536 2572 590 labore
2602 545 2868 590 carentem
2902 535 3242 604 appulerunt,
3283 545 3402 588 tan-

1879 641 2038 694 quam
2065 636 2273 695 sumpta
2301 626 2458 694 hujus
2483 626 2749 686 satietate,
2795 626 3124 678 evulsionem
3147 639 3210 677 ex
3241 625 3402 677 satie—

1879 724 1984 767 tate
2025 716 2286 782 accipere.
2332 713 2478 768 Unde
2525 712 2688 766 etiam
2739 712 3049 780 angelorum
3094 712 3159 764 ad
3207 723 3401 764 aeterna

1878 801 2013 856 bona
2061 810 2390 869 prospectus,
2419 815 2449 853 a
2473 800 2706 868 quodam
2765 798 2940 852 amato
2969 798 3148 852 divino
3185 798 3402 850 numine

1878 899 2125 957 sumptus
2159 898 2241 942 est
2273 897 2488 957 propter
2521 888 2786 941 desideria
2820 904 2833 939 :
2863 897 3116 955 tanquam
3151 901 3244 955 per
3276 900 3402 954 pro-

1877 989 2112 1047 spectum
2142 978 2272 1030 nihil
2309 978 2450 1032 aliud
2499 978 2595 1045 ipsi
2628 977 2973 1044 requisierint
3001 991 3158 1045 quam
3183 976 3264 1027 vel
3290 989 3404 1027 mo-

1876 1070 2048 1124 dicam
2087 1069 2296 1123 illorum
2327 1069 2568 1137 accipere
2596 1067 2975 1135 cognitionem,
3022 1066 3236 1119 assiduo
3259 1064 3400 1118 desi-

1886 1159 2034 1213 derio
2060 1174 2270 1227 semper
2298 1157 2530 1212 amxam.

2419 1267 2641 1323 CAPUT
2668 1266 2848 1320 XVIII.

1878 1397 2077 1452 Salutio
2107 1401 2239 1452 sexti
2263 1400 2425 1466 sigilli
2460 1399 2758 1465 signiﬁcans
2796 1414 2881 1451 eas
2908 1412 3020 1464 qua;
3046 1396 3326 1463 inferantur
3350 1395 3399 1445 iu

2304 1468 2741 1520 consummatione
2772 1466 2973 1533 plagas.

1951 1598 2035 1664 VI,
2086 1602 2170 1659 12,
2245 1601 2325 1654 15.
2396 1599 2459 1652 Et
2514 1600 2614 1652 ridi
2668 1615 2783 1652 cum
2841 1598 3120 1664 aperuisset
3177 1595 3404 1663 sigillum

1875 1698 2077 1742 sextum
2111 1705 2128 1741 :
2158 1700 2205 1742 et
2255 1699 2576 1742 lerrwmotus
2629 1689 2798 1755 fartus
2847 1695 2920 1739 est
2954 1701 3190 1753 magnus,
3240 1693 3285 1735 et
3327 1684 3402 1735 sol

216 1772 441 1838 μέλας,
489 1775 566 1838 ὡς
599 1773 822 1839 σάκκος
868 1776 1129 1843 τρίχινος
1149 1791 1162 1804 ·
1197 1776 1292 1829 καί
1338 1778 1374 1843 ἠ
1403 1776 1632 1841 σελήνη
1662 1775 1773 1840 ὅλη

1874 1780 2043 1848 factus
2064 1790 2139 1834 est
2158 1783 2559 1848 nigrrtanquam
2577 1796 2758 1831 saccus
2788 1779 3048 1841 cilicinus,
3078 1786 3124 1828 et
3153 1777 3278 1827 luna
3296 1784 3404 1826 tota

219 1863 467 1929 ἐγένετο
511 1865 588 1927 ὠς
622 1858 779 1932 αἷμα,
833 1865 928 1917 καί
978 1868 1032 1918 ol
1077 1866 1324 1933 ἀστέρες
1375 1867 1480 1919 τοῦ
1514 1866 1770 1932 οὐρανοῦ

222 1952 459 2006 ἔπεσον
479 1956 565 2018 εἷς
590 1952 703 2017 τὴν
725 1952 858 2021 γῆν,
889 1956 966 2018 ὡς
997 1955 1157 2022 συκῆ
1185 1956 1401 2019 ,ϐάλλει
1434 1956 1570 2020 τοὺς
1598 1957 1772 2009 ὀλύν-

223 2047 379 2107 θους
414 2043 623 2109 αὐτῆς,
656 2043 771 2097 ὑπὸ
799 2044 1019 2112 ἀνέμου
1049 2045 1311 2112 μεγάλου
1341 2045 1637 2113 σειομένη.

317 2131 379 2182 Ἦ
413 2131 546 2198 ἕκτη
588 2134 683 2200 τῆς
730 2131 1016 2199 σφραγῖδος
1085 2132 1235 2194 λύσις
1277 2132 1605 2200 τελεωτάτην
1642 2133 1772 2200 ἡμῖν

225 2219 334 2288 τὴν
359 2219 628 2288 σωτηρίαν
668 2219 970 2288 εἰργάσατο.
1005 2221 1156 2272 Κατὰ
1210 2220 1407 2288 ταύτην
1438 2221 1543 2288 γὰρ
1577 2221 1604 2272 ὁ
1636 2222 1772 2288 Χρι-

225 2307 358 2370 στὸς
385 2307 472 2359 τὸν
497 2307 716 2360 θάνατον
740 2308 1018 2371 κατέλυσε,
1043 2309 1136 2375 τὴν
1161 2309 1302 2378 ζωὴν
1323 2311 1652 2379 ἐπανήγαγε,
1682 2310 1771 2361 τὸν

226 2396 460 2465 νικητὴν
490 2397 597 2448 τῶν
617 2397 910 2465 ἀνθρώπων
939 2400 1355 2466 ἁπεστεφάνωσε
1383 2399 1771 2468 θριαμϐεύσας,

231 2485 378 2537 κατὰ
421 2483 482 2536 τὸ
511 2486 912 2554 γεγραμμένον·
972 2505 990 2537 ι
1039 2486 1255 2555 Ἀνέόης
1291 2488 1367 2548 εἰς
1400 2485 1548 2554 ὕψος,
1597 2488 1774 2554 ᾐχμα-

227 2572 510 2633 λώτευσας
537 2571 925 2641 αἰχμαλωσίαν.
967 2592 984 2622 ι
1020 2573 1114 2634 Τίς
1151 2574 1205 2625 δὲ
1237 2575 1270 2641 ἡ
1303 2572 1451 2635 λύσις
1489 2573 1587 2640 τῆς
1613 2574 1777 2641 ἕκτης

232 2661 562 2729 σφραγῖδοςς
621 2662 676 2715 '0
721 2663 946 2732 σταυρὸς
975 2662 1065 2714 τοῦ
1113 2662 1316 2731 Κυρίου
1355 2663 1444 2713 καὶ
1475 2664 1501 2713 ὁ
1533 2663 1771 2726 Θάνατος,

229 2747 320 2813 οἷς
357 2751 716 2820 ἠκολούθησεν
764 2755 797 2820 ἡ
855 2752 1076 2804 εὐκταία
1131 2755 1257 2804 πᾶσι
1313 2755 1518 2812 πιστοῖς
1567 2769 1625 2802 τε
1686 2753 1777 2804 καὶ

231 2840 514 2906 αἰσθητοῖς
545 2835 853 2900 ἀνάστασις.
888 2838 1064 2907 Ἦπερ
1109 2838 1168 2890 οὐ
1201 2837 1356 2904 μόνον
1382 2839 1505 2898 τοὺς
1539 2837 1774 2899 ζῶντας,

233 2926 381 2978 ἀλλὰ
410 2927 503 2978 καὶ
533 2928 658 2988 τοὺς
686 2941 1018 2995 προκεκοιμη
1030 2926 1221 2991 μένους
1248 2924 1602 2992 εὐηργέτησε.

311 3015 417 3068 Kal
446 3016 694 3081 σεισμὸς
718 3013 904 3083 μέγας
933 3014 1182 3082 ἐγένετο.
1229 3015 1418 3078 Σαφῶς
1449 3015 1516 3064 τὰ
1564 3015 1654 3065 ἐπὶ
1698 3014 1775 3082 τῷ

1873 1871 2011 1931 facta
2037 1879 2112 1921 est
2142 1881 2386 1936 tanquam
2426 1870 2658 1936 sanguis.
2693 1877 2740 1919 et
2764 1868 2926 1919 s'ellw
2956 1867 3072 1918 εοειὶ
3110 1866 3401 1917 (ρσίιιετιιιιι

1869 1957 1923 2008 in
1956 1967 2166 2018 terram,
2215 1960 2350 2009 sicut
2396 1957 2524 2024 ﬁcus
2587 1953 2767 2021 abjicit
2825 1969 3030 2022 graues
3069 1969 3187 2006 suos
3224 1969 3339 2004 cum
3371 1969 3402 2003 a

1869 2060 2014 2100 vento
2053 2065 2236 2116 magno
2268 2058 2518 2101 movetur.

1941 2137 2087 2191 Sexti
2119 2138 2278 2206 sigilli
2312 2138 2510 2193 solutio
2533 2136 2970 2206 perfectissimam
2999 2134 3154 2188 nobis
3175 2135 3398 2188 salutem

1871 2236 2086 2294 operata
2128 2238 2232 2282 est.
2261 2227 2337 2280 Ex
2370 2230 2468 2281 hac
2493 2228 2635 2281 enim
2676 2227 2924 2281 Christus
2955 2233 3175 2278 mortem
3210 2221 3403 2276 dissol-

1871 2317 1985 2379 vit,
2035 2318 2198 2370 vitam
2251 2317 2484 2382 reduxit,
2515 2318 2581 2371 ab
2613 2332 2676 2370 eo
2710 2315 2800 2384 qui
2848 2314 3091 2368 homines
3137 2314 3404 2366 devicerat

1872 2406 2280 2474 triumphando,
2346 2421 2604 2460 coronam
2661 2405 2885 2459 abstulit
2922 2404 3113 2471 :juxta
3168 2403 3219 2456 id
3262 2401 3402 2470 quod

1875 2495 2130 2562 scriptum
2159 2504 2274 2548 est:
2310 2514 2326 2544 (
2366 2495 2664 2549 Ascendisti
2699 2495 2750 2547 in
2797 2496 2994 2554 altum,
3048 2491 3402 2560 captivitatem

1876 2584 2074 2636 duxisti
2104 2585 2370 2651 captivam
2403 2585 2465 2638 “.
2504 2603 2521 2635 ι
2566 2584 2694 2649 Qua:
2740 2594 2820 2636 est
2859 2592 3033 2636 autem
3085 2580 3218 2634 sexti
3246 2580 3402 2648 sigilli

1877 2674 2104 2726 solutio?
2150 2673 2292 2726 Crux
2319 2682 2371 2727 ct
2403 2688 2545 2726 mors
2596 2672 2803 2724 Domini
2833 2708 2847 2730 ,
2903 2671 3046 2723 unde
3091 2679 3273 2721 secuta
3321 2680 3404 2719 est

1877 2761 2104 2828 optanda
2128 2762 2338 2814 cunctis
2365 2769 2470 2812 tam
2497 2761 2742 2813 ﬁdelibus
2761 2775 2922 2826 quam
2952 2773 3168 2812 sensum
3186 2771 3407 2823 seque»

1876 2851 2017 2905 tibus
2071 2849 2413 2910 resurrectio,
2465 2864 2582 2916 quae
2622 2863 2726 2900 non
2758 2848 2908 2899 vivos
2944 2847 3117 2898 solum
3153 2841 3407 2896 beneﬁcio

1877 2940 2071 2999 aﬂ‘ecit,
2107 2955 2288 2990 verum
2320 2939 2478 2990 etiam
2513 2938 2630 2990 illos
2655 2937 2748 3004 qui
2788 2945 2940 2988 antea
2974 2933 3328 2986 dormierant.

1947 3026 2011 3078 Et
2045 3036 2365 3078 (cruentatus
2405 3027 2574 3092 factus
2623 3034 2699 3077 est
2728 3039 2964 3092 magnus.
3003 3021 3276 3074 Manifesta
3308 3020 3402 3073 dc-

232 3102 456 3171 σταυρῷ
483 3104 818 3172 γεγενημένα
845 3103 1041 3171 σημεῖα
1088 3102 1121 3170 ἡ
1151 3099 1380 3152 ὀπτασία
1409 3100 1540 3166 ἡμῖν
1569 3098 1772 3160 ἀναζω-

1881 3112 2065 3164 scribit
2109 3111 2264 3162 nobis
2308 3111 2443 3164 visio
2493 3111 2644 3176 signa
2683 3125 2801 3178 qua:
2835 3109 2887 3162 in
2913 3108 3113 3162 Christi
3161 3106 3406 3176 passione

231 3194 457 3260 γραφεῖ,
485 3191 576 3242 τὸν
605 3190 823 3260 σεισμὸν
853 3192 945 3242 καὶ
979 3190 1066 3241 τὸν
1100 3189 1281 3241 κλόνον
1314 3188 1411 3256 τῆς
1443 3189 1562 3253 γῆς,
1595 3188 1653 3237 τὸ
1681 3186 1772 3236 τοῦ

231 3282 390 3350 ἡλίου
440 3281 629 3341 σκότος
677 3282 768 3332 καὶ
817 3280 915 3348 τῆς
965 3280 1185 3347 σελήνης
1231 3278 1357 3346 ὅλης
1389 3276 1484 3344 τὴν
1515 3279 1592 3336 είς
1640 3272 1774 3342 αἷμα

235 3368 560 3437 μεταϐολήν.
607 3369 750 3422 Πάνυ
787 3369 842 3420 at
886 3367 1120 3437 ἀκριϐῶς
1155 3367 1244 3416 ἐπὶ
1287 3366 1386 3429 τῆς
1433 3364 1656 3431 σελήνης
1694 3364 1771 3424 τὸ,

231 3457 372 3522 ὅλη,
425 3457 735 3526 δεδήλωται.
779 3457 1091 3523 Πλησιφαὴς
1138 3453 1244 3521 γὰρ
1276 3452 1427 3512 οὖσα,
1462 3451 1553 3502 ἆτε
1585 3467 1775 3502 τεσσα-

234 3547 685 3617 ρεσκαιδεκαταία
717 3545 869 3606 οὖτα,
900 3545 992 3595 καὶ
1019 3543 1151 3594 κατὰ
1180 3541 1461 3608 διάμετρον
1488 3539 1773 3605 ἀφεστῶσα

232 3637 329 3688 τοῦ
358 3638 527 3706 ἡλίου,
560 3635 675 3694 πῶς
699 3634 784 3686 οἶα
814 3650 870 3684 τε
897 3634 983 3683 τὸν
1012 3633 1156 3700 ἥλιον
1187 3633 1250 3699 τῇ
1276 3630 1473 3695 ἑαυτῆς
1498 3630 1770 3700 ὑποδρομῇ

233 3725 519 3786 σκοτίσαις
555 3722 708 3774 Οὕτω
736 3721 842 3789 γὰρ
869 3721 964 3788 τὴν
988 3720 1211 3788 ἡλιακὴν
1237 3719 1473 3784 ἔκλειψίν
1519 3736 1648 3786 φασι
1700 3720 1776 3786 γί-

234 3813 423 3863 νεσθαι
464 3813 514 3861 οἱ
562 3809 758 3878 ταύτης
805 3809 898 3877 τὴν
931 3808 1124 3876 σχολὴν
1159 3807 1533 3875 πεποιημένοι.
1567 3808 1686 3870 Πῶς
1718 3810 1773 3861 δὲ

234 3898 398 3951 πάλιν
431 3896 650 3949 δυνατὸν
671 3900 767 3965 τὴν
797 3895 1018 3964 σελήνην
1050 3898 1105 3947 ὲν
1131 3895 1207 3964 τῷ
1235 3896 1475 3965 ἡμερινῷ
1501 3899 1772 3966 καταστή-

239 4004 370 4056 ματι
420 3985 670 4055 τοιαύτην
711 3985 970 4054 φανῆναι;
1023 3985 1140 4053 Ἀφ’
1180 3979 1240 4038 οὗ
1292 3987 1383 4038 καὶ
1435 3986 1703 4050 Διονύσιος
1747 3991 1775 4040 ὁ

249 4078 641 4144 ’Λρεοπαγὲτης
687 4079 763 4138 είς
814 4075 1133 4145 θεοσημείαν
1167 4076 1425 4146 ἀναφέρει
1462 4078 1520 4129 τὸ
1549 4080 1640 4130 ἐπὶ
1681 4080 1774 4131 τοῦ

238 4166 472 4233 σταυροῦ
514 4166 721 4241 συμϐὰν
773 4166 849 4232 τῷ
890 4167 1057 4235 ἡλίῳ,
1105 4167 1201 4218 οὐκ
1257 4169 1336 4230 είς
1373 4167 1556 4229 εἰωθὸς
1607 4167 1776 4230 πάθος

235 4257 371 4326 τοίς-
398 4256 513 4304 κατ⁹
561 4243 786 4321 οὖρανὺν
836 4254 1069 4322 σώμασι.
1111 4255 1261 4318 Τινὲς
1290 4255 1344 4306 δὲ
1368 4255 1532 4306 ταῦτα
1563 4259 1640 4317 εἰς
1679 4259 1776 4325 τὴν

240 4345 348 4395 ὑπὸ
395 4343 795 4395 Οὐεσπασιανοῦ
825 4345 1115 4416 γενομένην
1155 4344 1470 4413 πολιορκίαν
1503 4346 1773 4410 ἐξέλαϐον,

1878 3201 2014 3253 facta
2066 3210 2192 3254 sunt
2226 3218 2239 3250 :
2270 3209 2627 3252 terraamotum
2678 3207 2731 3252 ct
2772 3198 3171 3267 quassationcm
3229 3207 3402 3261 term,

1879 3291 2006 3343 solis
2056 3291 2324 3351 tenebras,
2360 3299 2413 3342 ct
2446 3289 2609 3342 totius
2655 3292 2791 3342 lunae
2820 3290 3167 3342 mutationem
3200 3287 3254 3340 in
3281 3303 3404 3341 san-

1877 3383 2111 3449 guinem.
2147 3382 2218 3434 Ex
2250 3383 2479 3434 maxima
2520 3391 2700 3434 autem
2737 3381 3015 3449 diligentia
3045 3380 3399 3449 signiﬁcatum

1875 3477 1956 3521 est
1984 3469 2036 3520 in
2064 3470 2190 3524 luna
2233 3470 2374 3537 quod
2405 3479 2514 3523 tota
2548 3478 2748 3522 mutata
2786 3467 2946 3521 fuerit
2984 3469 3035 3521 in
3070 3466 3401 3536 sanguinem.

1876 3554 2009 3610 Cum
2041 3559 2182 3610 enim
2209 3567 2350 3612 esset
2373 3559 2528 3625 pleno
2551 3558 2765 3617 lumine,
2795 3566 2973 3623 utpote
3005 3555 3405 3623 decimoquartu

1875 3647 1981 3707 die,
2009 3655 2061 3698 et
2087 3662 2149 3698 ex
2180 3645 2441 3697 diametro
2469 3644 2690 3696 distaret
2722 3658 2750 3694 a
2780 3643 2910 3703 sole,
2945 3642 3212 3708 quomodo
3237 3645 3405 3710 possi-

1877 3735 1982 3788 bile
2012 3735 2112 3788 i'uit
2142 3744 2199 3786 ιιι
2226 3734 2389 3786 solem
2428 3733 2710 3799 repentino
2754 3745 2854 3783 suo
2891 3731 3119 3782 adventu
3147 3731 3373 3783 obscura
3392 3759 3404 3767 -

1877 3825 1989 3877 ret?
2022 3824 2181 3892 709
2206 3821 2335 3874 Nam
2375 3822 2447 3874 ita
2488 3821 2716 3873 solarcm
2765 3818 3006 3884 eclipsim
3059 3817 3170 3870 ﬁeri
3220 3818 3405 3870 dicunt

1876 3915 1964 3982 qui
2005 3915 2145 3967 circa
2173 3927 2290 3966 eam
2329 3906 2748 3977 investigandum
2785 3922 2905 3960 sese
2934 3915 3216 3975 occupant.
3257 3907 3400 3962 Rur-

1877 4018 1995 4058 sum
2027 4002 2298 4072 quomodo
2347 3999 2604 4068 possibile
2649 3998 2832 4049 fuitut
2869 3997 2991 4048 luna
3026 3996 3079 4048 in
3119 3997 3293 4050 medio
3316 3995 3406 4049 die

1878 4095 2167 4148 constituta
2216 4092 2335 4146 talis
2381 4088 2695 4158 appareret?
2729 4085 2875 4141 Unde
2909 4086 3070 4139 etiam
3110 4084 3396 4155 Dionysius

1879 4184 2193 4252 Arcopagita
2226 4182 2290 4235 ad
2316 4182 2552 4235 divinum
2580 4178 2743 4232 refert
2771 4175 3083 4229 miraculum
3113 4176 3252 4242 quod
3271 4184 3413 4228 tenv-

1880 4289 2005 4340 pore
2023 4274 2286 4340 passionis
2309 4272 2363 4324 in
2388 4272 2496 4324 sole
2525 4270 2766 4337 contigit,
2791 4283 2894 4320 non
2915 4269 3066 4334 juxta
3097 4265 3405 4320 aﬂ'ectionrs

1881 4365 1931 4416 in
1969 4363 2285 4430 corporibus
2321 4363 2633 4414 cmlestibus
2671 4360 2782 4413 tieri
2810 4359 3018 4411 solitas.
3053 4357 3277 4423 Quidam
3303 4371 3397 4409 au-
3433 4351 3437 4355 ’

238 4433 417 4485 πάντα
441 4433 510 4481 τὰ
534 4431 792 4500 εἰρημένα
825 4433 1331 4501 τροπολογήσαντες.
1367 4433 1430 4486 Οἱ
1455 4433 1510 4484 δὲ
1540 4434 1773 4485 πλεῖστοι

1883 4465 1984 4506 tem
2017 4451 2265 4520 prmdicta
2290 4451 2468 4502 omnia
2499 4449 2770 4501 moraliter
2798 4448 3157 4514 intelligendo,
3180 4446 3245 4498 ad
3275 4446 3405 4498 civio

238 4523 348 4575 τῶν
393 4520 733 4589 έρμηνευτῶν
802 4525 1022 4588 σεισμὸν
1068 4522 1162 4590 τὴν
1217 4523 1507 4590 μετάϐασιν
1549 4523 1773 4576 ἐνταῦθα

1882 4541 2002 4594 tatis
2050 4538 2550 4603 obsidionem'qua:
2599 4536 2700 4588 sub
2749 4534 3077 4601 Vespasiano
3129 4532 3266 4586 facta
3300 4541 3402 4593 est,

238 4611 518 4676 εἰρήκασι.
547 4608 644 4674 τὴν
669 4607 772 4659 ἀπὸ
802 4608 907 4658 τῶν
936 4611 990 4659 ὲν
1024 4611 1132 4669 τοῖς
1160 4609 1246 4660 διὰ
1275 4611 1778 4680 Χριστὺνμξιωγμοῖς

240 4697 535 4766 γενομένην
570 4696 647 4755 είς
690 4695 778 4747 τὸν
829 4698 967 4748 κατᾶ
1009 4697 1100 4748 τοῦ
1161 4697 1528 4765 ’Δντιχρὶστοϋ
1569 4703 1778 4771 καιρὸν,

243 4786 464 4854 σεισμὸν
497 4785 744 4843 εἰωθυίας
773 4785 864 4850 τῆς
911 4786 1125 4854 Γραφῆς
1158 4787 1338 4839 καλεῖν
1366 4790 1461 4854 τὴν
1493 4791 1600 4841 τῶν
1643 4808 1783 4859 πρα-

241 4877 463 4944 γμάτων
492 4872 800 4940 μετάϐασιν,
828 4873 1010 4945 ὥσπερ
1043 4875 1119 4925 τό·
1163 4895 1180 4924 ι
1213 4876 1328 4927 Ἔτι
1364 4878 1508 4940 ἅπαξ
1537 4880 1715 4930 σείσω.
1753 4899 1771 4930 ι

242 4967 406 5033 Δηλοῖ
430 4963 534 5032 γὰρ
577 4962 671 5029 τὴν
699 4962 802 5013 τῶν
859 4964 1223 5031 σαλευομένων
1271 4967 1574 5032 μετάθεσιν,
1631 4969 1703 5032 ὡς
1748 4975 1775 5022 ὁ

246 5055 392 5115 θεῖός
422 5067 552 5119 φησι
604 5049 826 5112 Παῦλος.
876 5052 983 5102 Καὶ
1010 5055 1066 5102 ὲν
1095 5056 1158 5119 τῇ
1197 5054 1400 5123 Παλαιᾷ
1430 5058 1460 5124 ἦ
1491 5059 1584 5108 ἀπ’
1609 5061 1774 5126 Λίγύο

248 5159 385 5194 πτου
410 5139 514 5189 τῶν
559 5136 892 5206 Ἰσραηλιτῶν
936 5136 1107 5198 ἔξοδος
1161 5141 1376 5207 σεισμὸς
1421 5144 1649 5212 εἴρηται,
1689 5164 1783 5198 κα-

251 5235 360 5296 θὼς
393 5238 480 5286 καὶ
512 5235 670 5288 Δαυῖδ
703 5251 830 5302 φησι
851 5251 863 5264 ο
902 5254 918 5285 ι
955 5237 1026 5303 Γῆ
1057 5237 1298 5305 ἐσείσθη·
1332 5241 1553 5309 καὶγὰρ
1591 5245 1638 5292 οι
1688 5244 1780 5294 ού-

253 5328 408 5393 ρανοὶ
449 5324 692 5385 ἐσταξαν,
743 5341 760 5372 ι
808 5323 1080 5384 Tom-31:2;
1133 5326 1236 5392 γὰρ
1280 5326 1486 5392 θλίψεις
1537 5331 1783 5393 γενέσθαι

251 5417 442 5484 φασὶν,
482 5415 597 5474 οἵας
643 5414 845 5464 οὐδέπω
889 5417 1250 5481 γεγενημένας
1288 5416 1552 5484 ἔγνωμεν,
1609 5423 1783 5488 σοφῶς

327 5590 378 5620 ³⁵
410 5589 545 5644 I‘sal.
598 5605 756 5653 εει-ιι,
810 5590 892 5643 19.
969 5591 1009 5620 ³⁵
1051 5588 1207 5641 Ilchr.
1239 5606 1331 5653 xu,
1361 5591 1426 5642 illi

1847 4653 1849 4656 ί
1879 4629 2192 4683 retulerunt.
2225 4626 2450 4678 Plurimi
2479 4639 2603 4678 vero
2653 4625 3003 4691 interpretum
3041 4631 3398 4675 tcrrarmotum

1880 4719 1978 4771 hoc
2001 4719 2115 4770 loco
2133 4716 2385 4767 dixerunt
2413 4714 2694 4768 transitum
2718 4729 2781 4766 ex
2804 4711 3264 4780 persecutionibus
3287 4726 3407 4778 qua:

1882 4812 2094 4872 propter
2127 4801 2398 4854 Christum
2455 4801 2683 4853 inducta:
2729 4807 2881 4860 sunt,
2915 4800 2980 4851 ad
3011 4808 3216 4864 tempus
3255 4797 3407 4850 Anti-

1882 4891 2069 4946 christi
2105 4907 2118 4942 :
2146 4903 2207 4941 ex
2235 4886 2619 4939 consuetudine
2648 4885 2934 4953 Scriptura:
2966 4885 3203 4937 dicentes
3229 4893 3408 4936 term-

1882 4991 2081 5035 motum
2107 4978 2282 5032 vocari
2317 4978 2660 5030 mutationem
2695 4993 2868 5029 rermn
2891 5017 2903 5035 .
2954 4972 3400 5044 quemadmodum

1882 5074 1968 5126 ubi
2002 5072 2232 5125 dicitur:
2266 5087 2284 5118 ι
2316 5068 2503 5120 Adhuc
2532 5068 2714 5127 semel,
2749 5083 2845 5134 ego
2880 5067 3181 5132 concutiatp
3216 5063 3280 5116 ”.
3324 5059 3405 5113 Si-

1880 5159 2262 5232 gniﬁcatenim
2322 5155 2724 5208 translationem
2775 5169 2961 5206 eorum
3008 5167 3125 5220 qua:
3162 5163 3402 5209 commo-

1883 5260 2092 5314 ventur,
2123 5247 2284 5302 veluti
2316 5246 2554 5298 declarat
2597 5243 2753 5294 divus
2800 5242 3018 5294 Paulus.
3052 5239 3115 5293 Et
3145 5239 3196 5290 in
3232 5235 3402 5290 Veteri

1884 5340 2228 5392 Testamento
2249 5349 2498 5406 egressus
2522 5333 2878 5384 lsraelitarum
2903 5345 2962 5382 ex
2989 5328 3215 5397 Egypto
3233 5326 3406 5375 dictus

1881 5437 1963 5481 est
2016 5435 2364 5490 tct'razmotus,
2442 5417 2885 5489 quemadmodum
2971 5415 3046 5466 ait
3093 5421 3143 5466 et
3194 5409 3404 5461 David;
