4106 6334
233 293 334 355 617

1268 285 1644 346 COMMENT.
1691 280 1769 339 IN
1808 281 2315 340 APOCALYPSIN.

3272 277 3372 336 (338

229 417 375 454 ισεσιν
398 399 674 469 ἁγριαῖνον
709 396 1022 468 παραδηλοῖ.
1055 395 1127 447 To
1162 395 1216 446 δὲ
1245 396 1418 462 τρίτον
1441 395 1534 460 τῆς
1563 392 1755 444 θαλὰσ-
1785 399 1825 452 Α

1747 421 1755 431 -
1785 399 1825 452 Α
1858 391 1963 443 rios
1995 405 2153 443 casus
2178 390 2308 441 mari
2345 388 2571 440 ferocior
2603 385 2843 439 ellicitur.
2875 383 3133 438 timterum
3169 387 3368 436 tertiam

228 504 349 554 σης,
387 482 524 555 αἷμα
556 486 825 552 γενέσθαι,
855 485 959 537 τῶν
991 486 1078 536 διὰ
1108 482 1399 552 μαρτυρίου
1430 481 1752 541 τελειώσεως

230 576 648 642 ἑρυθρωσάντων
701 577 797 641 τὴν
858 575 1126 643 περίγειον
1187 575 1377 625 κτίσιν.
1442 562 1589 623 Ἐπεὶ
1630 571 1686 622 δὲ
1729 573 1756 621 ὁ

227 662 354 732 τρία
385 663 609 730 ἀριθμὸς
635 663 774 731 ἀρχὴ
803 663 1035 730 πλήθους
1087 663 1228 713 ὲστίν
1252 661 1324 721 ὡς
1371 662 1404 729 ἠ
1431 659 1756 728 ἀριθμητικὴ

233 750 476 812 βούλεται
515 750 753 816 μέθοδος,
781 751 841 800 τὸ
885 750 1044 801 πλέον
1076 749 1180 799 τῶν
1206 747 1580 816 ἀπολλυμένων
1607 746 1665 797 οὐ
1698 747 1758 795 τὸ

231 839 360 899 πᾶν,
397 838 469 899 ὡς
497 840 588 889 καὶ
616 840 718 904 πρὸ
748 837 938 905 μικροῦ
969 836 1331 906 παρεθέμεθα,
1352 835 1438 887 διὰ
1459 839 1550 886 τοῦ
1579 835 1755 904 τρίτου

229 926 519 995 εδήλωσεν.

307 1101 414 1154 Καὶ
433 1101 492 1151 τὸ
522 1099 716 1165 τρίτον
744 1096 860 1150 τῶν
889 1099 1111 1150 πλοίων
1152 1096 1449 1164 διεφθάρη.
1475 1095 1636 1148 Πλοῖα
1663 1094 1758 1156 τὰς

228 1191 339 1242 τῶν
366 1190 532 1255 ἁγίων
563 1188 733 1257 ψυχὰς
786 1188 1052 1255 τροπικῶς
1083 1186 1331 1254 ὀνομάζει
1363 1200 1380 1218 ο
1401 1185 1435 1237 ἃ
1460 1185 1553 1236 καὶ
1599 1200 1762 1236 κατα.-

229 1280 417 1340 παίξει
451 1278 571 1338 τοὺς
595 1278 651 1328 ἐν
677 1279 741 1344 τῇ
769 1275 1004 1344 θαλάσσῃ
1039 1277 1349 1342 δράκοντας,
1366 1274 1440 1334 ὡς
1463 1274 1518 1323 ὲν
1541 1273 1614 1341 τῷ
1635 1274 1762 1323 ἐκα-

227 1367 402 1434 τοστῷ
430 1366 590 1434 τρίτῳ
615 1365 806 1433 ψαλμῷ
852 1364 1218 1433 ἀλληγορικῶς
1258 1363 1606 1431 τεθεώρηται.
1647 1362 1762 1412 Ἐν-

225 1453 406 1506 ταῦθα
437 1455 490 1504 δὲ
542 1454 771 1521 μάλιστα
823 1453 991 1514 οὕτως
1049 1451 1352 1519 ἐκδέχεσθαι
1396 1451 1472 1501 δεῖ
1525 1449 1761 1517 σύμϐολα

228 1543 575 1610 πράγματος,
602 1541 698 1592 οὐκ
751 1541 1024 1616 ἐνέργειαν
1069 1541 1167 1606 τῆς
1220 1537 1580 1608 προκειμένης
1634 1538 1764 1588 ἀπο-

231 1631 517 1698 καλύψεως
560 1630 928 1698 παριστώσης.
962 1630 1110 1680 Ἐπεὶ¹
1144 1629 1234 1681 οὖν
1260 1629 1353 1680 καὶ
1389 1629 1493 1680 ἀπὸ
1524 1626 1629 1677 τῶν
1671 1626 1766 1692 τῆς

231 1720 508 1786 σωτηρίας
550 1717 856 1785 δεξαμένων
892 1716 1221 1785 πλανηθῆναί
1248 1731 1395 1777 τινας
1426 1715 1585 1777 εἰκὸς,
1620 1713 1764 1780 φόϐῳ

228 1805 334 1856 τοῦ
351 1807 425 1874 μὴ
441 1806 594 1856 τοῦτο
620 1807 807 1857 παθεῖν
828 1806 1012 1873 ἄρδην,
1033 1809 1094 1873 τῇ
1118 1805 1210 1856 τοῦ
1243 1805 1420 1871 τρίτου
1442 1802 1765 1870 προαγγελίᾳ

229 1895 335 1964 τὴν
358 1895 755 1948 παντοπάθειαν
788 1895 1135 1962 ἠσφαλίσατο.

806 2022 1048 2072 ΚΕΦΑΛ.
1075 2022 1192 2071 ΚΔ¹.

241 2155 316 2205 '0
340 2153 530 2218 τρίτος
569 2150 816 2219 ἅγγελος
860 2154 960 2231 rei“
987 2149 1102 2201 τῶν
1150 2153 1422 2217 ποταμῶν
1479 2150 1760 2214 πικραίνει

516 2282 534 2307 φ
618 2218 622 2219 ⁷
887 2218 1096 2269 ὕδατα.

310 2345 413 2399 Καὶ
435 2346 467 2397 ό
494 2345 684 2410 τρίτος
710 2342 954 2410 ἅγγελος
978 2342 1287 2406 ἐσάλπισε,
1316 2343 1410 2394 καὶ
1447 2342 1661 2394 ἔπεσεν
1695 2343 1762 2394 ἐκ

229 2432 345 2484 τοῦ
372 2429 624 2496 οὐρανοῦ
647 2429 834 2494 ἀστὴρ
863 2429 1040 2496 μέπτις
1073 2432 1376 2493 καιόμενος
1397 2428 1472 2492 ὠς
1488 2427 1722 2495 λαμπάς
1744 2443 1758 2457 ο

231 2521 338 2572 καί
381 2520 596 2571 ἔπεσεν
649 2519 743 2570 ἐπὶ
802 2521 867 2569 τὸ
925 2519 1118 2582 τρίτον
1167 2515 1281 2568 τῶν
1323 2518 1621 2585 ποταμῶν,
1667 2520 1760 2572 καὶ

229 2611 337 2662 ἐστὶ
372 2611 474 2673 τὰς
516 2606 707 2675 πηγὰς
751 2604 867 2658 τῶν
898 2605 1141 2660 ὑδάτων.
1164 2607 1268 2658 Kal
1316 2608 1377 2657 τὸ
1429 2607 1610 2674 ὄνομα
1658 2608 1762 2660 τοῦ

232 2696 488 2763 ἀστέρος
539 2696 769 2762 λέγεται
831 2698 862 2746 ό
910 2695 1178 2759 ἄψιν-θος.
1239 2694 1345 2746 Καὶ
1393 2695 1622 2760 ἐγένετο
1695 2698 1760 2746 τό

235 2788 439 2852 τρίτον
462 2783 579 2837 τῶν
604 2783 829 2836 ὑδάτων
864 2784 947 2844 είς
975 2783 1267 2846 άψίνθιον,
1289 2782 1382 2834 καὶ
1411 2785 1622 2835 πολλοὶ
1649 2782 1765 2834 τῶν

233 2871 557 2937 ἀνθρώπων
608 2871 901 2924 ἀπέθανον
955 2870 1022 2921 ἐκ
1072 2870 1188 2921 τῶν
1230 2871 1476 2935 ὑδάτων,
1503 2872 1590 2922 ὅτι
1641 2873 1762 2923 ἑπι-

235 2963 370 3029 apd:
393 2966 603 3027 θησαν.

313 3049 393 3118 Τῇ
424 3048 665 3100 σαλπίσει
691 3046 779 3099 τοῦ
805 3047 1002 3115 ,τρίτου
1029 3047 1254 3113 ἀγγέλου
1283 3047 1367 3098 τόν
1398 3049 1598 3116 ἀστέρα
1629 3053 1758 3118 φησὶ
1799 3035 1835 3051 υ

234 3140 425 3190 πεσεῖν
454 3137 541 3187 τὸν
571 3135 740 3203 μέγαν
768 3135 840 3196 ὡς
869 3134 1120 3201 λαμπάδα
1174 3135 1473 3202 καιόμενον,
1499 3137 1682 3188 τοῦτον
1706 3140 1760 3190 δὲ

235 3229 445 3278 εκεῖνον
482 3222 618 3276 εἶναι
657 3227 744 3275 τὸν
784 3221 1020 3275 διᾶσολον
1071 3225 1360 3292 ἡγούμεθα.
1399 3227 1671 3295 Ποταμοὺς
1706 3229 1761 3279 δὲ

233 3318 307 3368 τὰ
372 3317 496 3384 ἔθνη
539 3315 802 3383 τροπικῶς
844 3316 1126 3382 ὀνομάζει·
1188 3318 1362 3384 πηγὰς
1409 3318 1482 3380 δὲ,
1509 3319 1602 3379 τὰς
1650 3320 1764 3371 τοὺ·

234 3422 350 3456 των
380 3404 606 3472 φατρίας
638 3419 650 3431 ·
681 3407 712 3470 ἡ
743 3404 940 3464 πτῶσις
975 3405 1031 3454 δὲ
1059 3405 1244 3456 τούτου
1271 3406 1365 3474 τὴν
1410 3409 1498 3458 ἐπὶ
1524 3411 1634 3469 τοῖς
1674 3410 1762 3460 ὑπ’

237 3495 409 3545 αὐτοῦ
445 3494 858 3559 πλανησομὲνοις
893 3493 1186 3559 παραδηλοῖ
1215 3495 1493 3560 ἐπιφορὰν,
1531 3495 1647 3562 μεθ’
1691 3492 1763 3549 ὧν

235 3583 317 3647 τῷ
342 3580 560 3647 γεέννης
581 3581 902 3648 παραδοθείη
933 3582 1059 3648 πυρὶ
1094 3583 1169 3641 είς
1204 3582 1390 3634 καῦσιν
1415 3585 1626 3636 αίώνιον
1671 3588 1762 3638 καὶ

238 3668 612 3732 ἀτελεύτητον.
1118 3731 1122 3735 ,

311 3755 419 3807 Καὶ
443 3754 509 3805 τὸ
541 3753 721 3820 ὄνομα
750 3753 851 3803 τοῦ
883 3753 1130 3818 ἀστέρος
1163 3754 1389 3821 λέγεται
1420 3759 1451 3806 ὀ
1491 3755 1758 3821 ἄψινθος.

242 3843 444 3911 ίιικρδν
471 3844 564 3911 μὲν
591 3843 649 3894 τὸ
677 3841 912 3911 ἁψίνθιον
941 3844 973 3910 ἠ
1007 3843 1220 3910 βοτάνη.
1264 3844 1557 3908 Ὀξυωπίαν
1580 3846 1633 3896 δὲ
1667 3849 1758 3899 αὑ-

235 3934 338 4001 τὴν
360 3931 612 4001 παρέχειν
632 3934 738 3992 τοῖς
764 3931 1023 3983 ἐσθίουσιν
1053 3933 1248 4000 ἰατρῶν
1279 3934 1457 3995 παῖδες
1487 3935 1759 3988 διδάσκου-

239 4041 347 4077 σιν.
387 4022 796 4083 Ἐπιτευκτικῶς
837 4019 926 4074 οὖν
957 4022 1160 4077 καὶτὸν
1197 4023 1520 4092 παντολμίαν
1560 4027 1757 4096 ἀστέρα

232 4114 382 4179 ἄγαν
419 4112 659 4180 ἀψίνθιον
691 4113 930 4164 ἐκάλεσε.
971 4114 1192 4180 Πικρίαν
1219 4115 1322 4182 γὰρ
1351 4114 1413 4166 δι’
1452 4115 1635 4185 ἡδονῆς
1665 4135 1759 4167 πο-

234 4201 404 4261 τίζων
429 4199 548 4260 τοὺς
594 4197 903 4267 ἀνθρώπους
926 4200 1016 4251 καὶ
1054 4202 1354 4270 ἀνατροπὴν
1395 4202 1634 4271 θολεράν,
1665 4207 1758 4256 καὶ

1855 479 2015 530 maris
2043 486 2240 544 partem
2271 477 2381 529 fieri
2401 476 2711 543 sanguinem
2738 476 2911 526 innuit
2942 482 3202 526 terrenam
3227 489 3371 526 crea-

1856 575 2027 617 turam
2060 565 2355 630 expletione
2383 563 2620 629 martyrii
2666 561 2944 613 rubriCari.
2994 561 3252 624 Quoniam
3281 576 3374 611 au-

1856 665 1958 708 tem
2007 669 2259 705 numerus
2309 653 2571 704 ternarius
2605 652 2813 702 initium
2863 661 2944 702 est
3000 650 3378 710 multitudinis,

1857 744 2013 795 veluti
2040 743 2196 794 tradit
2223 741 2554 793 arithmetica
2579 740 2878 807 disciplina,
2911 753 3004 804 per
3031 739 3236 791 tertiam
3257 754 3377 806 par-

1859 843 1959 884 tem
1992 831 2305 898 significavit
2354 832 2642 881 maximum
2699 843 2816 881 esse
2850 841 3126 880 numerum
3192 843 3376 879 eorum

1857 920 1945 987 qui
1969 929 2207 987 pereunt,
2242 934 2344 970 non
2382 929 2554 970 tamen
2589 917 2890 976 universos,
2925 917 3373 982 quemadmodum

1861 1009 2017 1076 paulo
2056 1018 2176 1060 ante
2201 1007 2594 1075 proposuimus.

1928 1095 1994 1147 Et
2025 1097 2175 1147 tertia
2198 1112 2314 1162 pars
2337 1095 2654 1162 navigiorum
2681 1093 2894 1145 interiit.
2922 1091 3233 1145 Sanctorum
3264 1092 3380 1144 ani-

1862 1200 1974 1238 mas
1999 1184 2196 1250 tropice
2221 1184 2422 1249 navigia
2443 1183 2687 1250 appellat,
2717 1197 2832 1249 quae
2854 1182 3012 1234 etiam
3042 1182 3300 1234 dracou:s
3328 1184 3376 1234 in

1863 1273 1994 1325 mari
2029 1273 2184 1340 722
2217 1282 2486 1324 versantes
2523 1270 2768 1330 illudunt.
2799 1269 2956 1322 veluti
3007 1271 3208 1336 psalmo
3261 1287 3384 1322 ceu-

1863 1361 2052 1412 tesimo
2081 1361 2230 1412 tertio
2261 1359 2542 1425 allegorice
2601 1357 2754 1409 datur
2804 1357 3016 1409 intueri.
3047 1354 3155 1410 Hoc
3208 1367 3382 1409 autem

1863 1452 1980 1503 loco
2016 1451 2086 1502 ita
2113 1450 2446 1517 pmissimum
2474 1450 2742 1516 suscipere
2765 1456 2971 1514 Oportet
2997 1447 3145 1514 signa
3183 1463 3382 1508 rerum,

1862 1549 1914 1593 et
1942 1555 2042 1592 non
2065 1540 2496 1608 cllectumipsum
2550 1538 2794 1607 praise-nti
2837 1538 3160 1591 Γυιϊιιιιίυιιο
3221 1541 3384 1591 addu-

1864 1638 2028 1682 ctmn.
2061 1627 2319 1692 Quoniam
2346 1631 2506 1697 igitur
2536 1629 2820 1681 verisimile
2876 1637 2987 1679 erat
3017 1632 3272 1694 quosdam
3310 1643 3391 1680 se.

1794 1698 1837 1754 Β
1863 1718 1984 1770 duci
2007 1733 2069 1770 ex
2097 1719 2176 1770 his
2208 1720 2296 1786 qui
2321 1721 2383 1771 ad
2407 1720 2630 1771 salutem
2651 1730 2907 1784 assumi.“
2928 1725 3068 1777 sunt,
3102 1732 3195 1783 per
3231 1717 3385 1770 timo-

1864 1820 1973 1857 rem
2013 1809 2085 1858 ne’
2108 1822 2327 1874 prorsus
2355 1810 2455 1860 hoc
2482 1809 2765 1875 patiantur,
2792 1809 2930 1860 tertii
2949 1809 3116 1874 angeli
3148 1824 3386 1874 praenun-

1866 1893 2083 1945 tiationc
2103 1896 2168 1945 ab
2188 1895 2492 1947 omnimoda
2521 1896 2800 1948 afﬂictione
2822 1897 3180 1963 praemunivit.

2365 2022 2587 2077 CAPUT
2615 2022 2801 2076 XXIV.

1868 2143 2067 2197 Tertius
2097 2148 2305 2215 angelus
2335 2164 2495 2216 aquas
2525 2150 2798 2215 ﬂuminum
2829 2154 2992 2205 reddit
3022 2170 3248 2208 amaras.

1932 2335 2169 2400 Vlll,10,
2194 2339 2278 2390 Η.
2316 2337 2380 2390 Et
2409 2342 2587 2392 tertius
2622 2344 2832 2410 angelus
2889 2340 3011 2396 tum
3047 2348 3238 2407 cecinit
3287 2365 3306 2403 :
3340 2363 3385 2403 et

1863 2426 2042 2476 cecidit
2063 2425 2125 2477 de
2148 2427 2269 2478 cwlo
2292 2429 2438 2480 stella
2469 2446 2657 2497 magna
2685 2433 2871 2484 ardens
2901 2443 3142 2501 tanquam
3172 2437 3344 2504 {ocule
3371 2457 3385 2491 :

1861 2526 1908 2566 et
1939 2516 2120 2567 cecidit
2173 2518 2225 2567 in
2254 2523 2457 2572 tertiam
2508 2529 2702 2585 partem
2745 2522 3015 2586 ﬂuminum
3058 2534 3104 2575 et
3134 2526 3184 2577 ίιι
3225 2529 3386 2594 fontes

1861 2616 2130 2668 aquarum.
2184 2601 2249 2653 Et
2283 2619 2463 2655 nomen
2485 2605 2646 2657 stella:
2702 2608 2894 2658 dicitur
2954 2610 3284 2665 absinthium.
3322 2615 3386 2666 Et

1864 2704 2002 2739 rersa
2029 2698 2100 2739 est
2133 2691 2285 2740 tertia
2313 2707 2433 2756 pars
2452 2708 2704 2758 aquarum
2727 2695 2780 2744 in
2803 2694 3140 2758 absinthium,
3168 2708 3214 2750 et
3239 2701 3387 2753 multi

1864 2775 2122 2826 hominum
2162 2780 2353 2828 mortui
2385 2789 2584 2830 siutch
2614 2781 2781 2846 aquis,
2832 2783 2952 2847 quia
2984 2799 3178 2838 amara:
3237 2789 3387 2853 factm

1863 2873 2031 2914 erant.

1940 3043 2099 3097 Tertii
2131 3047 2300 3113 angeli
2331 3045 2702 3101 buccinationc
2749 3051 2954 3103 Slt‘llalll
3011 3056 3287 3111 cecidissc‘
3320 3061 3394 3115 ait

1869 3149 2110 3200 magnam
2144 3145 2394 3203 tanquam
2429 3137 2653 3190 faculam
2689 3140 2958 3194 ardentem
2998 3160 3010 3194 :
3045 3145 3182 3198 hanc
3216 3158 3390 3203 autem

1867 3223 2040 3290 ipsum
2091 3238 2210 3276 esse
2248 3225 2512 3278 diabolum
2554 3226 2898 3281 arbitramur.
2939 3229 3182 3286 Flumina
3237 3251 3361 3290 vero

1870 3313 2071 3380 tropice
2118 3312 2350 3382 appellat
2387 3324 2612 3382 gentes:
2679 3317 2849 3372 fontes
2908 3331 3106 3386 autem,
3158 3326 3390 3393 ipsarum

1867 3402 2116 3456 familias.
2157 3403 2324 3455 Porro
2371 3403 2526 3470 hujus
2565 3420 2722 3459 casus
2775 3408 3025 3476 impetum
3090 3416 3392 3470 manilestat

1867 3491 2120 3544 adversus
2152 3506 2245 3546 eos
2266 3493 2354 3563 qui
2386 3495 2452 3546 ab
2485 3495 2574 3547 illo
2608 3495 2895 3550 scducendi
2931 3507 3077 3562 sunt,
3117 3515 3237 3554 cum
3269 3504 3390 3572 qui-

1867 3581 1965 3632 bus
1998 3581 2048 3631 in
2085 3580 2256 3645 ignem
2283 3585 2533 3650 gehennae
2565 3585 2821 3646 tradatur,
2875 3586 2940 3638 ad
2999 3603 3278 3655 perennent
3337 3603 3390 3646 et

1866 3683 2132 3734 nunquam
2153 3669 2429 3721 finiendam
2456 3673 2806 3723 cxnstionem.

1936 3753 2002 3804 Et
2035 3771 2214 3806 nomen
2237 3756 2394 3807 stella:
2435 3757 2628 3808 dicitur
2685 3758 3020 3811 absinthium.
3050 3763 3388 3817 Absinthium

1864 3842 2023 3894 herba
2061 3858 2239 3896 amara
2262 3852 2342 3896 est
2377 3858 2392 3895 :
2423 3857 2579 3911 porro
2625 3847 2903 3900 edentibus
2954 3850 3126 3903 visum
3191 3868 3383 3906 acuere

1865 3931 2078 3982 tradunt
2111 3931 2318 3985 medici.
2354 3929 2737 3985 Convenienter
2789 3934 2950 4002 igitur
3005 3937 3210 3992 Stellam
3265 3955 3385 4008 qua:

1864 4036 2072 4074 onmem
2122 4021 2331 4074 adducit
2367 4021 2714 4089 perditionem
2770 4025 2977 4076 vocavit
3013 4027 3332 4081 absinthium
3364 4045 3378 4081 :

1867 4127 1988 4163 nam
2017 4128 2105 4179 per
2128 4112 2447 4179 voluptatem
2471 4113 2559 4166 dat
2587 4113 2892 4168 hominibus
2926 4118 3210 4183 potandam
3236 4133 3382 4172 ama-

1866 4200 2143 4252 ritudinem
2179 4215 2241 4253 ac
2266 4199 2503 4253 dolosam
2527 4202 2928 4255 subversionem
2966 4220 2978 4254 :
3013 4213 3064 4256 et
3085 4206 3153 4258 ob
3173 4207 3221 4258 id
3250 4223 3377 4275 pra:-

232 4291 322 4342 at:
379 4290 529 4342 τοῦτο
565 4291 1018 4361 συγχωρούμενος,
1047 4294 1143 4355 τὰς
1171 4297 1533 4364 τιμωρητικὰς
1582 4298 1758 4360 ἀύτοῖς
1789 4305 1835 4360 Ι)

1751 4305 1835 4360 η)
1865 4288 2089 4340 mittitur
2125 4288 2212 4340 hic
2257 4303 2439 4341 severa
2502 4288 2702 4356 flagella
2745 4290 2794 4341 in
2848 4305 2940 4343 eos
2998 4290 3245 4346 inducere
3279 4315 3290 4348 :
3323 4310 3372 4349 ul

237 4381 433 4445 ἐπάγει
467 4380 690 4432 ἐνταῦθα
743 4383 1023 4449 μάστιγας,
1050 4383 1122 4445 ὡς
1149 4385 1211 4436 ἂν
1237 4386 1286 4435 οἱ
1329 4385 1607 4454 δυνάμενοι
1645 4389 1756 4440 δια-

237 4467 453 4534 βλέψαι,
505 4467 572 4518 δι’
629 4469 894 4538 ὑπομονῆς
942 4473 1032 4522 καὶ
1079 4475 1362 4542 καρτερίας
1415 4479 1758 4546 χαριστήριον

235 4558 547 4626 ἀναφέρωσι
591 4557 665 4626 τῷ
699 4561 1068 4628 συμφερόντως
1104 4565 1220 4623 ταῖς
1276 4562 1477 4631 θλίψεσι
1509 4584 1756 4635 παραχω-

239 4647 424 4716 ροῦντι
444 4645 835 4714 δοκιμάζεσθαι.
870 4650 930 4700 Oi
965 4650 1129 4713 οὕτως
1153 4640 1243 4701 οὖν
1270 4652 1528 4718 ὀξυωπείν
1550 4657 1755 4723 ἔχοντες

235 4741 302 4803 τῇ
343 4735 521 4802 ἀδοξία
554 4734 661 4785 τῶν
689 4735 933 4802 θλίψεων,
971 4738 1056 4788 διὰ
1085 4739 1293 4802 ἀδοξίας
1338 4741 1429 4793 καὶ
1456 4743 1757 4812 δυσφημίας

237 4829 302 4875 ἐκ
336 4824 442 4875 τῶν
467 4823 753 4875 δοκούντων
783 4825 1059 4893 ζημιωδῶν
1100 4829 1293 4896 μᾶλλον
1335 4831 1632 4900 ἐκέρδαινον
1681 4833 1758 4886 δό-

238 4918 337 4976 ξαν
361 4913 453 4962 καὶ
482 4912 769 4979 εὐφημίαν,
796 4916 886 4965 καὶ
916 4917 1004 4966 ἐπὶ
1031 4917 1200 4985 τούτῳ
1241 4918 1336 4986 τὴν
1366 4922 1576 4972 αἰώνιον
1611 4921 1756 4990 31n-

238 5003 409 5062 λείαν,
432 4999 496 5051 δι’
539 4999 602 5066 ἦν
647 5002 735 5051 καὶ
761 5002 860 5054 ὑπὸ
886 5003 976 5054 τοῦ
1004 5007 1329 5070 ἀγωνοθέτου
1379 5009 1758 5079 δοκιμασθῆναι

239 5110 314 5142 πα
325 5089 727 5158 ρεχωρήθησαν.

311 5179 423 5232 Καὶ
442 5176 669 5245 ἐγένετο
697 5181 755 5229 τὸ
780 5185 970 5244 τρίτον
986 5183 1100 5234 τῶν
1117 5185 1343 5239 ὑδάτων
1358 5191 1442 5252 εἰς
1467 5190 1758 5254 ἀψίνθιον.

241 5270 353 5323 ἰὐὖ
385 5266 668 5336 πειραστοῦ
697 5270 791 5334 τῆς
836 5268 1116 5334 διαθέσεως
1158 5277 1550 5343 μεταλαμόἀνει
1581 5281 1671 5330 καὶ
1698 5279 1764 5330 τὰ

242 5358 707 5429 περιστατούμενά
729 5374 784 5409 τε
824 5360 915 5409 καὶ
945 5364 1320 5430 πειραζόμενα.
1355 5366 1760 5434 Μεταλαμϐάνει

240 5452 324 5513 ἑὲ,
356 5447 413 5499 οὗ
444 5446 580 5498 κατά
604 5446 663 5496 τὸ
691 5446 1006 5514 πικραίνειν,
1038 5452 1167 5502 ἀλλὰ
1185 5451 1274 5502 τοῦ
1304 5454 1509 5522 διὰητῆς
1545 5458 1762 5523 πικρίας

241 5540 303 5590 τὸ
341 5537 556 5589 ὸπτικὸν
591 5533 877 5604 ρωννύντος
907 5536 1110 5597 ἑαυτοῖς
1155 5544 1448 5608 σωτηρίως.
1484 5541 1608 5594 Εἶτα
1649 5547 1767 5596 ὲπι-

490 5625 748 5684 Ρηιιοι..
780 5625 823 5682 (ἱ
835 5643 891 5682 ιι.
926 5624 1076 5685 CH.

1861 4379 1951 4444 qui
1978 4378 2272 4443 perspicere
2313 4387 2554 4445 possunt,
2587 4394 2677 4445 per
2708 4380 3015 4444 patientiam
3058 4397 3117 4432 ac
3155 4384 3376 4437 toleran-

1861 4469 1982 4520 tiam
2022 4466 2219 4535 gratias
2248 4465 2321 4518 illi
2345 4477 2501 4533 agant
2556 4466 2646 4533 qui
2703 4468 2766 4517 ad
2805 4467 3039 4531 ipsorum
3097 4470 3372 4522 utilitatem

1858 4556 2096 4623 permisit
2116 4564 2172 4607 ut
2189 4554 2561 4609 afﬂictionibus
2591 4554 2957 4622 probarentur.
2983 4557 3264 4626 ltaqueqni
3284 4574 3377 4627 per

1858 4645 2194 4698 aiilictiouum
2223 4645 2561 4711 ignominiam
2588 4646 2720 4698 adeo
2736 4655 2889 4699 acute
2921 4646 3097 4700 ridere
3126 4663 3371 4715 possunt.

1859 4740 1908 4790 hi
1940 4752 2030 4805 per
2065 4744 2422 4801 contemptum
2456 4745 2508 4788 et
2544 4735 2817 4788 infamiam
2850 4739 2987 4791 unde
3016 4739 3268 4792 damnum
3291 4754 3372 4793 re-

1858 4826 1998 4880 ferre
2025 4823 2354 4888 videbantur,
2373 4824 2528 4892 723
2565 4825 2729 4893 magis
2762 4826 3130 4882 lucrifecerunt
3156 4829 3373 4896 gloriam

1858 4926 1911 4972 et
1947 4918 2136 4970 bonam
2193 4910 2411 4977 faniam,
2460 4914 2676 4983 insuper
2725 4926 2779 4969 et
2822 4934 3038 4986 regnum
3099 4930 3373 4984 atternum,

1859 5016 2069 5076 promer
2095 5005 2236 5072 quod
2269 5006 2425 5058 etiam
2458 5006 2524 5059 ab
2552 5009 2868 5074 agonotheta
2905 5011 3113 5077 probari
3136 5010 3375 5076 permissi

1860 5107 2002 5153 sunt.

1937 5187 1996 5239 Et
2040 5201 2181 5238 versa
2211 5193 2285 5236 est
2330 5186 2479 5237 tertia
2511 5202 2631 5254 pars
2662 5203 2909 5254 aquarum
2944 5188 2996 5237 in
3045 5186 3374 5237 absinthium.

1861 5280 2163 5331 Coinmutat
2189 5291 2249 5327 ea
2279 5290 2397 5342 qua:
2420 5291 2483 5327 ex
2514 5276 2702 5330 alTeetu
2725 5276 3002 5329 tentatoris
3031 5275 3265 5341 afﬂigunt
3317 5291 3379 5327 ac

1865 5375 2064 5419 tentant
2094 5382 2106 5415 :
2142 5372 2464 5417 transmutat
2490 5374 2664 5418 autem
2697 5382 2797 5418 non
2834 5366 2883 5415 in
2933 5379 2994 5415 eo
3025 5364 3162 5430 quod
3201 5378 3378 5416 amara

1867 5458 1992 5520 sint,
2023 5454 2108 5506 sed
2136 5453 2186 5504 in
2223 5467 2286 5504 eo
2316 5455 2454 5520 quod
2505 5456 2719 5507 salutari
2752 5440 2904 5505 modo
2929 5468 3021 5518 per
3073 5455 3379 5506 amaritudi-

1868 5557 1984 5596 nem
2015 5541 2182 5594 risum
2214 5539 2311 5592 sibi
2345 5542 2705 5595 corroborent.
2732 5539 2926 5592 Deinde
2949 5539 3217 5606 subiungit
3238 5542 3377 5608 quod

2999 5626 3075 5684 20
