4106 6334
306 433 400 497 6‘21

850 536 1094 591 ΚΕΦΔᾸ.
1150 537 1280 591 κη’.

306 647 435 713 Περὶ
480 646 584 698 τοῦ
652 646 920 712 πέμπτου
958 645 1258 714 ἀγγέλου,
1306 647 1399 699 καί
1437 648 1557 700 τῶν
1617 648 1683 700 ἐκ
1722 645 1835 714 τῆς

366 716 637 793 ἀϐύσσου
663 713 1090 793 ’ἀνδριζομένων
1106 714 1354 793 ,νοητῶν
1385 716 1638 783 ἀκρίδων
1667 754 1682 778 ,
1731 713 1833 767 καὶ

372 784 476 835 τοῦ
513 784 786 834 ποικίλου
804 784 911 849 τῆς
932 784 1167 849 μορφῆς
1201 784 1417 836 αὐτῶν.

370 889 475 941 Καὶ
512 892 545 942 ό
596 888 857 957 πέμπτος
912 890 1160 958 ἄγγελος
1180 890 1475 943 ἐσάλπισε
1498 907 1513 922 ο
1551 891 1644 943 καί
1674 886 1835 943 εἷδον

303 978 518 1044 ἀστέρα
538 980 604 1030 ἐκ
630 979 733 1031 τοῦ
769 978 1022 1044 οὐρανοῦ
1048 980 1393 1031 πεπτωκότα
1414 982 1499 1044 είς
1528 980 1640 1045 τὴν
1679 980 1794 1046 γῆν
1819 995 1833 1008 ·

306 1068 398 1119 καί
427 1066 604 1133 ἐδόθη
632 1066 790 1130 αὐτῷ
817 1068 855 1133 ἠ
887 1068 1051 1131 κλεὶς
1092 1066 1197 1119 τοῦ
1218 1067 1465 1135 φρέατος
1497 1067 1606 1135 τῆς
1648 1070 1833 1122 ἀϐύσ-

309 1171 421 1209 σου
450 1172 466 1187 ·
488 1156 587 1207 καὶ
617 1157 797 1221 ἀνέϐη
834 1156 1058 1219 καπνὸς
1094 1156 1161 1207 ἐκ
1191 1156 1295 1209 τοῦ
1322 1156 1590 1223 φρέατος,
1614 1156 1693 1219 ὠς
1735 1172 1837 1208 κα-

309 1246 455 1309 πνὸς
480 1246 729 1312 καμίνου
760 1244 1072 1311 καιομένης
1099 1261 1113 1275 ο
1156 1245 1250 1298 καί
1279 1245 1595 1311 ἐσκοτίσθη
1615 1248 1647 1298 ὀ
1669 1246 1839 1310 ἥλιος

309 1334 401 1384 καί
428 1336 460 1385 ό
486 1333 602 1400 ἀὴρ
627 1334 693 1385 ἐκ
714 1332 816 1385 τοῦ
843 1332 1071 1387 καπνοῦ
1093 1333 1196 1386 τοῦ
1217 1334 1466 1401 φρέατος
1494 1350 1510 1365 ο
1532 1334 1629 1386 καί
1653 1335 1717 1385 ἐκ
1736 1334 1840 1386 τοῦ

310 1422 539 1474 καπνοῦ
574 1420 832 1487 ἐξῆλθον
865 1422 1101 1490 ἀκρίδες
1124 1424 1210 1488 είς
1249 1423 1360 1489 τὴν
1382 1421 1513 1491 γῆν,
1543 1423 1638 1476 καί
1668 1423 1840 1489 ἐδόθη

307 1508 511 1574 αὑταῖς
531 1510 777 1572 ἐξουσία
804 1510 884 1576 ὡς
902 1510 1157 1578 ἔχουσιν
1178 1511 1463 1575 ἐξουσίαν
1492 1515 1545 1565 οι
1568 1512 1842 1578 σκορπίοι
1866 1506 1869 1509 ’

309 1617 416 1651 τη(-
454 1618 583 1651 mc.

346 1618 630 1743 "furios
679 1689 914 1759 ούρανοῦ
960 1689 1142 1742 πεσὼν
1180 1690 1376 1760 ἀστὴρ,
1406 1691 1433 1743 δ
1466 1689 1708 1751 διάϐολός
1753 1690 1844 1741 ὲσ-

1342 433 1719 495 (ΞΟΜΜΕΝΤ.
1753 434 1835 494 ΙΝ
1873 434 2387 494 APOCALYPSIN.

3393 438 3462 499 9‘2

3356 443 3389 502 6

2421 538 2647 594 CAPUT
2675 541 2917 597 XXVIII.

1936 648 2210 719 Βργᾳιιίιιιο
2234 648 2414 719 angelo
2436 660 2484 702 et
2508 652 2867 719 spirituulibus
2913 656 3123 707 locustis
3144 654 3467 707 ascendenti-

2003 718 2095 769 bus
2129 732 2193 769 ea:
2216 718 2398 786 abysso
2430 727 2602 784 terra,
2649 722 2809 789 deque
2856 724 3000 776 varia
3021 723 3184 790 specie
3217 723 3463 789 ipsarum.

2017 886 2082 940 Et
2111 889 2321 957 quintus
2347 889 2556 957 angelus
2597 890 2720 942 tuba
2773 892 2974 957 cecinit,
2991 901 3037 945 et
3055 893 3161 945 vidi
3178 894 3381 946 stellam
3410 896 3470 942 de

1935 977 2059 1032 (telo
2086 978 2327 1030 cecidisse
2349 979 2400 1030 iu
2420 989 2611 1032 terram
2638 994 2657 1032 :
2686 989 2735 1033 et
2756 982 2887 1033 data
2918 990 2996 1035 est
3052 982 3153 1050 ipsi
3175 982 3330 1037 claris
3378 1000 3472 1049 pu-

1938 1069 2005 1119 tei
2027 1068 2218 1136 abyssi,
2237 1078 2286 1120 et
2325 1069 2526 1132 aperuit
2563 1077 2770 1134 puteum
2792 1068 2963 1137 abyssi
2985 1080 3068 1123 :et
3104 1072 3333 1123 ascendit
3383 1080 3469 1138 [u-

1937 1171 2049 1206 nius
2066 1156 2127 1208 de
2144 1164 2316 1222 puteo,
2347 1157 2479 1209 sicut
2504 1156 2678 1224 fumus
2698 1156 2928 1224 fornacis
2954 1158 3204 1222 ardentis,
3221 1168 3268 1211 et
3286 1159 3469 1211 obscu-

1939 1258 2083 1297 ratus
2098 1255 2173 1297 est
2191 1246 2269 1297 sol
2294 1255 2342 1297 et
2365 1263 2453 1299 aer
2474 1263 2506 1298 α
2528 1248 2668 1313 fumo
2700 1249 2841 1315 putei
2863 1262 2880 1301 :
2908 1257 2957 1300 et
2985 1248 3047 1301 de
3074 1250 3215 1317 fumo
3237 1250 3472 1302 exierunt

1941 1334 2149 1387 locusta:
2166 1334 2218 1385 iu
2238 1341 2449 1396 terram,
2462 1346 2509 1387 et
2526 1336 2651 1388 data
2671 1346 2744 1390 est
2761 1337 2885 1406 ipsis
2901 1347 3121 1405 potestas
3136 1339 3266 1392 sicut
3286 1339 3473 1391 habent

1938 1435 2235 1491 patestatem
2260 1427 2545 1491 scorpiones
2584 1435 2751 1482 terrw.

2012 1684 2171 1755 725
2189 1685 2503 1753 Stella,quae
2517 1699 2545 1738 e
2562 1685 2695 1739 caelo
2712 1686 2923 1747 cecidit,
2936 1694 3018 1741 est
3035 1686 3298 1754 diabolus;
3311 1688 3474 1742 clavis

310 1796 391 1831 τιν
413 1794 429 1810 ⁸
475 1781 510 1850 ὴ
536 1779 682 1842 κλεὶς
716 1779 773 1832 δὲ
802 1780 892 1833 τοῦ
919 1780 1167 1851 φρέατος,
1191 1782 1224 1849 ἡ
1255 1780 1464 1832 δοθεῖσα
1508 1779 1653 1848 αύτῷ
1677 1779 1847 1847 τούτῳ

1947 1785 2122 1829 autem
2143 1774 2306 1841 putei,
2319 1790 2439 1843 quae
2452 1774 2575 1827 huic
2598 1775 2697 1841 ipsi
2720 1774 2840 1828 data
2854 1782 2954 1838 est,
2976 1775 3172 1829 dicitur
3186 1776 3471 1830 certitudo:

311 1868 571 1936 ἀσφάλεια
602 1886 616 1902 ⁸
671 1870 1064 1942 ἀνεκφεύκτους
1099 1865 1235 1922 εἶναι
1290 1870 1411 1930 τοὺς
1441 1870 1842 1937 κατεχομένους,

317 1958 544 2025 μάλιστα
578 1959 626 2011 εί
656 1958 965 2027 ἁμαρτωλοὶ
1011 1954 1119 2010 εἷεν
1149 1974 1163 1989 ο
1198 1959 1372 2028 φρέαρ
1421 1959 1497 2022 δὲ,
1530 1960 1588 2011 τὸ
1642 1962 1699 2010 ὲν
1733 1962 1801 2027 τῇ
1829 1974 1843 1986 '

313 2046 371 2097 οὐ
402 2047 510 2115 γὰρ
541 2047 712 2108 ἄλλως
740 2048 802 2099 τὸ
829 2049 1228 2116 ἀναπόδραστον
1253 2048 1286 2116 ἢ
1318 2048 1401 2100 διὰ
1432 2047 1657 2115 φρέατος
1686 2047 1850 2114 δηλω-

314 2135 450 2203 θείη.
482 2135 745 2198 ’Δϐυσσος
775 2137 831 2188 δὲ
858 2138 949 2188 καὶ⁵
980 2138 1037 2188 ὲν
1066 2140 1136 2205 τῇ
1171 2150 1186 2165 ·
1215 2136 1306 2188 ἐπὶ
1336 2136 1440 2203 γῆς
1470 2136 1575 2203 γὰρ
1598 2136 1632 2204 ἡ
1674 2152 1845 2202 τιμω-

317 2224 406 2291 ρία
435 2225 530 2277 καὶ⁸
559 2226 615 2275 ὲν
650 2224 868 2293 ἀϐύσσῳ
926 2226 1139 2294 φρέατι.
1179 2226 1446 2277 ’Λϐυσσον
1476 2226 1583 2293 γὰρ
1630 2224 1849 2276 καλοῦσι

315 2308 373 2359 τὸ
401 2310 534 2362 πολὺ
567 2310 726 2378 βάθος
750 2311 842 2363 τοῦ
874 2313 1085 2379 πρώτου
1122 2312 1402 2381 στοιχείου,
1428 2311 1461 2380 ἢ
1487 2312 1627 2363 κατὰ
1656 2314 1848 2381 στέρη-

318 2413 399 2447 σιν
456 2395 548 2447 τοῦ
600 2396 856 2464 βιϐύσθαι
901 2399 959 2449 τὸ
1015 2398 1262 2467 ἀειχανὲς
1310 2397 1770 2466 ὕποϐαλλομένου,
1808 2397 1842 2467 ἢ

320 2484 458 2536 κατά
507 2484 752 2537 ἐπίτασιν
809 2486 870 2537 τὸ
913 2485 1211 2549 πολυϐαθὲς
1263 2487 1691 2556 παριστάνοντος.
1732 2487 1851 2539 Ὀτι

316 2573 371 2623 δὲ
401 2576 457 2624 ὲν
485 2577 555 2641 γῇ
578 2576 611 2643 η
636 2573 833 2643 κρίσις,
860 2574 967 2627 τῶν
996 2576 1163 2642 ἁγίων
1193 2592 1276 2637 τις
1322 2575 1609 2644 προφητῶν
1636 2576 1722 2628 διὰ
1756 2578 1853 2643 τῆς

318 2663 556 2724 κοιλάδος
582 2664 799 2733 ⁴ᾐνίξατο
826 2664 917 2717 τοῦ
951 2665 1233 2733 Ἰωσαφὰτ,
1258 2667 1314 2717 ὲν
1403 2665 1739 2718 καθεδεῖσθαι
1764 2667 1853 2718 τὸν

320 2752 448 2803 Θεὸν
493 2756 571 2812 είς
618 2754 797 2823 κρίσιν
840 2754 1324 2823 ὲχρησμοδότησεν,
1352 2753 1430 2821 τῷ
1478 2752 1700 2816 πολλοὺς
1741 2754 1855 2805 ἐκεῖ

321 2843 582 2910 πολέμους
633 2847 925 2911 συμπεσεῖν
965 2845 1057 2897 καὶ
1101 2843 1491 2913 συγχωσθῆναι.
1537 2844 1752 2895 Καπνὸν
1798 2844 1854 2896 δὲ

322 2935 641 3002 ἀναδοθῆναι
666 2936 773 2989 ἀπὸ
795 2936 888 2988 τοῦ
923 2937 1174 3006 φρέατος,
1202 2936 1297 3004 τῆς
1334 2936 1441 2987 τῶν
1468 2937 1581 2986 ἐκεῖ
1618 2951 1853 3005 περιειρ·

1946 1865 2091 1934 quod
2147 1864 2221 1918 illi
2261 1880 2367 1918 non
2421 1863 2673 1932 eifugient
2724 1869 2816 1934 qui
2844 1865 2909 1918 ab
2946 1866 3063 1932 ipso
3118 1865 3474 1934 possidentur,

1946 1956 2175 2007 maxime
2194 1954 2237 2007 si
2255 1963 2560 2020 peccatores
2584 1953 2688 2007 sint
2710 1970 2724 2018 ;
2756 1963 2944 2020 puteus
2966 1967 3092 2007 vero
3119 1953 3172 2005 in
3203 1962 3339 2005 terra
3360 1961 3439 2006 est
3458 1966 3479 2007 :

1946 2057 2121 2112 neque
2145 2042 2289 2096 enim
2319 2042 2424 2095 alio
2450 2041 2609 2093 modo
2632 2042 3027 2108 signiﬁcaretur
3077 2042 3474 2104 incvitabilitas,

1920 2130 2049 2197 nisi
2083 2144 2177 2197 per
2204 2136 2420 2194 puteum
2451 2145 2465 2179 :
2496 2129 2724 2196 abyssus
2753 2142 2965 2197 quoque
2992 2130 3043 2181 in
3070 2139 3209 2183 terra
3238 2146 3357 2184 esse
3398 2132 3477 2182 di-

1945 2221 2084 2273 citur
2116 2234 2276 2272 :nam
2320 2219 2373 2271 in
2412 2225 2553 2271 terra
2602 2228 2683 2271 est
2718 2220 3031 2287 supplicium
3085 2230 3134 2274 et
3188 2222 3240 2274 in
3286 2221 3479 2291 abysso

1948 2317 2128 2377 puteo.
2155 2306 2425 2376 Siquidem
2453 2307 2703 2375 abyssum
2754 2318 2947 2362 vocant
2970 2309 3333 2364 vehementem
3373 2311 3490 2380 pri-

1949 2396 2021 2449 mi
2054 2395 2303 2450 elementi
2329 2394 2764 2463 profunditatem,
2793 2403 2888 2448 aut
2912 2410 3005 2463 per
3020 2396 3366 2465 privationem
3384 2396 3478 2449 τοῦ

1951 2482 2223 2553 βεϐύσθαι,
2246 2482 2301 2537 id
2339 2493 2424 2538 est
2446 2483 2843 2549 occultationis,
2881 2485 3026 2554 quod
3050 2500 3261 2555 semper
3282 2486 3481 2541 hiando

1951 2589 2057 2627 non
2090 2573 2318 2627 occultet
2354 2574 2404 2627 id
2439 2574 2577 2642 quod
2607 2575 2942 2643 suppositum
2974 2585 3067 2629 aut
3104 2576 3354 2644 injectum
3375 2589 3478 2642 est,

1951 2676 2041 2720 aut
2075 2681 2166 2735 per
2218 2666 2569 2720 intensionem
2604 2659 2818 2736 (nam’a
2864 2676 2917 2721 et
2942 2669 3291 2736 privationem
3315 2669 3484 2737 signi-

1954 2757 2073 2807 licat
2103 2763 2155 2806 et
2185 2753 2579 2821 intensionem)
2625 2755 2766 2821 quod
2815 2755 3182 2808 vehementem
3242 2757 3484 2809 ostendat

1954 2844 2387 2912 profunditatem.
2415 2843 2565 2908 Quod
2590 2856 2765 2897 autem
2798 2844 2849 2896 in
2877 2852 3013 2897 terra
3041 2843 3281 2897 futurum
3306 2846 3375 2898 sit
3393 2846 3481 2912 ju-

1953 2934 2174 2995 dicium,
2204 2933 2419 3001 quidam
2444 2941 2751 2985 sanctorum
2778 2933 3152 3001 prophetarqu
3178 2948 3270 3000 per
3293 2933 3479 2986 vallem

322 3024 535 3091 γμὲνων
552 3024 759 3077 ἀσεϐῶν
785 3026 998 3095 μνήμης
1012 3043 1069 3077 τε
1089 3027 1181 3078 καὶ
1203 3025 1511 3092 ὲκφάνσεως
1525 3024 1858 3093 όργιλώτατα

1954 3021 2207 3089 Josaphat
2240 3020 2552 3083 insinuavit,
2585 3019 2773 3087 inqua
2825 3032 3097 3074 sessurum
3152 3035 3271 3074 esse
3317 3020 3483 3074 Deum

328 3113 776 3182 παραστησάσης,
819 3115 911 3167 καὶ
943 3113 1229 3183 τοσαύτην,
1257 3114 1387 3181 ὅσην
1432 3114 1574 3174 εἰκὸς
1610 3115 1700 3166 καὶ
1755 3113 1857 3165 ἀπὸ

1956 3108 2021 3162 ad
2048 3107 2309 3176 judicium
2339 3106 2661 3160 vaticinatus
2689 3114 2809 3159 est:
2859 3106 3003 3175 quod
3036 3105 3200 3159 multa
3230 3106 3301 3159 ibi
3349 3107 3485 3161 bella

324 3201 550 3269 καμίνου
583 3202 943 3258 ἀναδίδοσθαι.
974 3202 1081 3255 Καὶ
1111 3201 1297 3271 ὥσπερ
1343 3204 1544 3264 ἐκεῖνος
1571 3203 1598 3252 δ
1650 3201 1849 3263 καπνὸς

1954 3195 2289 3265 contigerint,
2329 3193 2591 3263 multique
2620 3194 2893 3249 exercitus
2923 3192 3028 3249 fusi
3066 3195 3197 3250 sint.
3254 3194 3483 3250 Fumum

325 3291 481 3359 ἀχλύῖ
534 3292 629 3345 καὶ
688 3293 862 3363 σκότῳ
914 3294 975 3346 τὸ
1025 3293 1277 3362 περιέχον
1324 3291 1747 3360 ἀναμπιμπλῶν,
1797 3290 1856 3341 τὸ

1955 3295 2128 3341 autem
2153 3299 2183 3338 a
2225 3292 2387 3352 puteo
2433 3282 2653 3351 produci
2686 3283 2906 3345 dicitur,
2952 3283 3091 3351 quod
3136 3284 3391 3338 memoria
3425 3300 3488 3338 ac

325 3380 544 3447 ἡλιακὸν
588 3380 702 3446 φῶς
747 3382 1019 3450 ἀμαυροῖ⁶
1064 3380 1153 3432 τὸν
1211 3378 1367 3430 αὐτὴν
1419 3378 1613 3447 τρόπον
1681 3376 1774 3428 καὶ
1824 3377 1857 3442 ἡ

1958 3374 2195 3429 narratio
2236 3373 2301 3426 de
2349 3372 2529 3441 impiis
2579 3372 2669 3441 qui
2721 3372 2791 3426 ibi
2822 3372 3146 3435 detinentur,
3170 3373 3400 3441 proferat
3425 3389 3487 3427 ea

328 3467 431 3517 τῶν
460 3466 667 3519 ἀσεϐῶν
699 3467 884 3537 μνήμη
914 3466 1370 3525 ἀνακαινισθεῖσα,
1405 3465 1533 3526 πᾶν,
1576 3463 1677 3515 εἴτι
1718 3480 1855 3530 συμ-

1956 3480 2076 3533 qua:
2109 3462 2397 3515 maximam
2436 3461 2711 3516 continent
2760 3462 2917 3526 iram,
2971 3469 3024 3514 et
3056 3471 3261 3515 tantum
3314 3462 3491 3518 luctus

330 3557 551 3617 παθείας
596 3556 728 3622 φῶς,
760 3558 1012 3610 ἐσϐέσθαι
1040 3556 1321 3626 ἐνεποίησε
1348 3555 1423 3623 τῷ
1455 3553 1723 3623 μεγαλείῳ
1748 3553 1852 3605 τῶν

1958 3563 2216 3621 quantum
2246 3550 2378 3605 fumi
2403 3550 2693 3604 verisimile
2726 3560 2808 3605 est
2835 3566 2864 3604 a
2893 3551 3105 3606 camino
3132 3553 3374 3620 produci.
3428 3554 3492 3607 Et

330 3641 415 3691 τολ
423 3642 696 3708 μηθέντων
730 3644 932 3703 αὐτοῖς.

1956 3642 2407 3711 quemadmodum
2468 3641 2556 3694 ille
2585 3641 2762 3696 fumus
2786 3641 3011 3711 caligine
3044 3655 3108 3695 ac
3138 3644 3370 3697 tenebris
3396 3659 3485 3697 re-

335 3732 477 3794 plens
506 3732 726 3799 quiquid
758 3733 1198 3800 circumadjacct,
1267 3732 1445 3786 solare
1478 3732 1655 3786 lumen
1702 3736 2001 3790 obscurat:
2054 3737 2118 3789 ad
2151 3736 2395 3790 eumdem
2459 3750 2673 3803 quoque
2724 3736 2938 3789 modum
2989 3748 3246 3792 renovata
3300 3736 3494 3804 impio-

335 3834 446 3870 rum
485 3823 761 3881 memoria,
820 3820 863 3871 si
908 3822 1049 3886 quod
1085 3828 1169 3872 est
1225 3820 1609 3886 compassionis
1650 3821 1851 3886 lumen,
1891 3837 2049 3876 omne
2080 3824 2206 3876 illud
2266 3821 2530 3891 exstingui
2551 3824 2722 3891 coegit
2749 3823 2819 3877 ob
2846 3838 3029 3878 eorum
3063 3811 3483 3896 magnitudinem

334 3927 446 3979 qua:
478 3913 574 3979 ipsi
601 3923 809 3977 patrare
834 3914 949 3966 ausi
983 3922 1123 3964 sunt.

399 4004 502 4055 Καὶ
527 4003 593 4053 ἐκ
622 4003 726 4054 τοῦ
758 4003 987 4055 καπνοῦ
1010 4002 1266 4069 ἐξῆλθον
1292 4000 1543 4068 ἀκρίδες.
1597 4000 1657 4053 Ἥ
1685 4004 1867 4072 μνήμη

336 4091 435 4143 τῶν
487 4090 757 4159 ἀκρίδων,
818 4091 1202 4158 ὑποσημαίνειν
1259 4088 1433 4141 ἔοικεν
1498 4090 1866 4158 ἁπηνεστέραν

335 4182 424 4249 τὴν
459 4182 673 4251 μνήμην
697 4182 792 4249 τῆς
827 4180 934 4232 τῶν
968 4180 1300 4250 ἁμαρτωλῶν
1339 4182 1395 4230 ὲν
1427 4181 1492 4247 τῇ
1553 4178 1864 4250 προσκαίρῳ

337 4270 492 4324 αὐτοῦ
535 4270 645 4342 ζωῇ
676 4274 1051 4339 ὲκτοπωτάτης
1078 4271 1371 4340 διαγωγῆς.
1418 4270 1505 4321 Διὸ
1544 4270 1637 4321 καὶ
1674 4272 1738 4322 ὲκ
1769 4271 1863 4322 τοῦ

337 4361 537 4415 καπνοῦ
561 4363 659 4431 τὴν
691 4362 904 4431 γένεσίν
948 4378 1111 4431 φησιν
1161 4361 1480 4435 ἔσχηκέναι,
1513 4360 1737 4429 ἐπείπερ
1771 4359 1866 4412 καὶ

2040 4004 2106 4056 Et
2134 4004 2197 4056 de
2220 4004 2362 4071 fumo
2388 4005 2624 4056 exierunt
2667 4004 2901 4058 locusta.
2931 4005 3127 4059 Mentio
3165 4006 3220 4059 ﬁt
3260 4009 3493 4066 locusta-

1968 4108 2086 4146 rum
2115 4092 2180 4145 ad
2216 4091 2594 4161 designandum
2647 4090 3082 4145 violentissimam
3157 4106 3492 4162 peccatorum

1967 4183 2422 4238 conversationem
2462 4183 2515 4234 in
2548 4183 2645 4235 hac
2672 4181 2947 4249 temporali
2977 4183 3105 4247 vita,
3138 4186 3213 4238 sic
3238 4194 3491 4241 uteorum

1968 4286 2183 4341 quoque
2214 4270 2468 4324 memoria
2495 4271 2566 4325 sit
2601 4270 2919 4338 gravissima
2953 4287 2967 4323 :
3007 4271 3124 4326 ideo
3168 4288 3382 4344 quoque
3419 4280 3497 4332 ait

1968 4376 2032 4415 ex
2060 4360 2204 4414 fumo
2231 4374 2323 4415 eas
2344 4368 2519 4413 ortum
2540 4360 2815 4423 habuisse,
2850 4362 3280 4431 quandoquidem
3301 4375 3355 4420 et
3376 4382 3497 4421 cor-

333 4451 436 4503 τῶν
477 4450 747 4520 αἰσθητῶν
805 4452 1035 4520 ἀκρίδων
1093 4453 1127 4520 ἠ
1178 4451 1386 4516 γένεσις
1436 4452 1502 4501 ἐκ
1546 4448 1865 4519 φθοροποιοῦ

1934 4476 1941 4517 μ
1970 4454 2236 4524 poralium
2268 4454 2596 4508 locustarum
2628 4455 2904 4523 generatio
2955 4455 3290 4510 occasionem
3334 4464 3497 4513 sumit

334 4539 668 4608 περιέχοντος
713 4540 975 4608 λαμϐάνει
1005 4540 1101 4609 τὴν
1153 4540 1427 4607 ἀφορμήν.
1472 4537 1630 4589 Ἀλλὰ
1673 4537 1766 4590 καὶ
1807 4537 1865 4588 τὸ

334 4625 568 4693 ἀκρίδες
591 4626 783 4695 ὅνομα,
818 4630 917 4680 οὐκ
939 4629 1042 4693 ἔξω
1084 4628 1177 4681 τοῦ
1224 4629 1343 4681 κατ’
1375 4629 1545 4697 ἄκρας
1582 4628 1679 4689 τὰς
1701 4644 1867 4695 τιμω-

337 4714 453 4782 ρίας
485 4716 783 4782 ἐπαχθῆναι
814 4716 947 4785 πρὸς
988 4717 1218 4786 δήλωσιν
1247 4716 1585 4785 παρελήφθη.
1613 4715 1866 4767 Δεθόσθαι

336 4804 390 4855 δὲ
428 4804 670 4866 ἐξουσίαν
694 4806 769 4867 ὡς
801 4806 894 4858 ἐπὶ
921 4807 1175 4875 ἐμψύχων
1204 4808 1389 4867 αὐταῖς
1419 4803 1773 4872 διεσκευάσθη
1797 4804 1863 4871 τῇ

338 4894 766 4963 προσωποποιίᾳ,
811 4895 888 4962 τῷ
936 4895 1309 4955 ἀνυποστόλως
1359 4893 1451 4944 καὶ
1496 4891 1868 4965 ἀπαρεμποδί-

340 5000 475 5043 στως
505 4982 604 5043 τάς
639 4985 905 5052 τιμωρίας
953 4985 1242 5036 ἀνύεσθαιο
1268 4983 1381 5035 ἀλλ’
1433 4983 1517 5033 ἵνα
1559 4982 1631 5049 μή
1680 4997 1762 5042 τις
1804 4980 1869 5030 τὰ

335 5075 444 5126 τῶν
490 5072 723 5141 ἀκρίδων
762 5075 1012 5142 δήγματα
1048 5074 1197 5137 εἰδὼς
1239 5074 1299 5125 ού
1356 5070 1619 5139 τοσαύτην
1680 5068 1869 5135 ὀδύνην

339 5164 668 5233 παρέχοντα,
702 5165 937 5231 φορητὴν
959 5164 1215 5216 ὑπολάϐοι
1240 5163 1338 5231 τὴν
1369 5159 1654 5228 ἀλγηδόνα,
1678 5158 1737 5209 τὸ
1765 5158 1871 5207 τῶν

339 5254 614 5324 σκορπίων
676 5253 923 5320 ἑπιφέρει
982 5254 1299 5321 ὑπόδειγμα,
1349 5250 1720 5318 ἀλγεινοτέραν
1774 5248 1869 5311 τὴν

340 5346 587 5411 aldiqu
616 5345 678 5412 τῇ
708 5345 930 5412 κέντρου
960 5344 1247 5412 ἐγχρίμψει
1274 5346 1630 5412 παρεχόντων.
1656 5336 1746 5389 Διὸ
1779 5337 1872 5389 καὶ

337 5437 535 5508 ἐρρέθη
562 5435 624 5485 οὐ
674 5436 784 5495 τοῖς
825 5437 1073 5499 καρποῖς,
1104 5435 1235 5485 ἀλλὰ
1266 5436 1382 5494 ταῖς
1412 5432 1617 5498 ἀκρίσι,
1646 5434 1709 5496 τῇ
1744 5445 1872 5495 προ-

340 5524 641 5578 σωποποιία
687 5523 954 5589 ἐπιμένων
992 5524 1284 5582 κάνταῦθα,
1310 5524 1396 5573 ἵνα
1438 5522 1511 5589 μὴ
1550 5521 1873 5583 ἀδικῄσωσιν

336 5618 400 5671 οὐ
425 5617 546 5674 τοὺς
574 5612 907 5681 ἀνθρώπους,
939 5611 1070 5662 ἀλλὰ
1095 5613 1160 5662 τὰ
1191 5614 1295 5663 ἀπὸ
1314 5613 1413 5679 γῆς
1446 5611 1698 5677 φυόμενα.
1722 5606 1872 5665 Τινὲς

339 5707 399 5760 δὲ
435 5706 538 5759 τῶν
560 5703 812 5773 Πατέρων
827 5702 923 5763 τὰς
962 5702 1180 5768 ἀκρίδας
1208 5704 1283 5763 εἰς
1328 5701 1608 5769 σκώληκας
1657 5698 1875 5767 μετέλαο

1966 4559 2030 4596 ex
2067 4552 2441 4608 corrumpente
2480 4544 2655 4611 aliqua
2704 4543 3187 4611 circumadjaccnte
3249 4549 3493 4601 materia.

1965 4631 2066 4684 Sed
2086 4639 2137 4681 et
2164 4644 2353 4682 nomen
2381 4624 2634 4697 expiem;
2655 4629 2708 4682 id
2725 4636 2806 4682 est
2828 4629 3174 4691 locustarum,
3195 4645 3298 4682 non
3320 4632 3415 4685 abs
3442 4649 3497 4685 re

1968 4726 2299 4784 assumptum
2324 4725 2423 4778 est,
2449 4715 2539 4767 sed
2570 4716 2633 4766 ad
2664 4714 3067 4782 signiﬁcandum
3108 4718 3362 4783 supplicia
3412 4719 3492 4770 in-

1965 4807 2084 4862 duci
2106 4805 2221 4856 κατ’
2241 4805 2410 4873 ἄκρας
2433 4804 2584 4856 idest
2610 4803 2660 4854 in
2685 4817 2895 4856 summo
2913 4804 3023 4856 sive
3039 4804 3185 4871 juxta
3203 4818 3492 4859 extremam

1966 4897 2327 4950 acerbitatem.
2388 4891 2554 4945 Porro
2606 4893 2780 4944 datam
2820 4892 2949 4961 ipsis
3000 4907 3118 4948 esse
3176 4890 3488 4962 potestatem

1969 4996 2214 5052 tanquam
2237 4981 2370 5033 vivis
2390 4980 2732 5041 animalibus,
2754 4995 2847 5048 per
2873 4985 3297 5050 prosopopmiam
3317 4986 3497 5053 disp”-

1968 5076 2126 5129 situm
2178 5083 2283 5136 est,
2351 5071 2489 5137 quod
2564 5071 2715 5144 nullo
2765 5080 2905 5124 metu
2963 5074 3212 5142 nulloque
3275 5078 3496 5143 impedi-

1971 5173 2145 5216 mento
2168 5158 2425 5226 supplicia
2453 5168 2799 5226 exsequatur.
2825 5160 2926 5213 Sed
2949 5164 3145 5230 nequis
3169 5164 3343 5216 sciens
3366 5181 3496 5231 qua—

1972 5253 2046 5304 les
2083 5251 2187 5303 sint
2217 5250 2542 5302 locustarum
2578 5264 2810 5313 morsus,
2856 5260 2913 5302 ut
2944 5252 3031 5318 qui
3078 5267 3183 5303 non
3245 5269 3493 5319 magnum

1969 5339 2189 5394 afferant
2222 5339 2536 5401 cruciatum,
2578 5339 2901 5391 tolerabilem
2927 5341 3494 5406 suspiceturdulorcn-,

1970 5427 2306 5493 scorpionum
2371 5425 2643 5495 subiungit
2714 5426 3037 5492 exemplum,
3089 5427 3177 5491 qui
3247 5428 3494 5492 majorem

1972 5514 2169 5582 praebet
2204 5512 2373 5565 aculei
2408 5514 2693 5579 punctione
2723 5512 3028 5564 scnsibilcm
3060 5512 3320 5564 dolorem.
3376 5512 3495 5564 ltIt‘U

1971 5617 2180 5671 quoque
2226 5602 2425 5655 dictum
2469 5614 2551 5656 est
2612 5619 2715 5654 non
2770 5601 3050 5663 fructibus,
3110 5600 3197 5653 scd
3258 5604 3498 5669 locustis,

1972 5694 2132 5748 etiam
2165 5692 2249 5747 hic
2272 5692 2324 5746 in
2386 5693 2752 5763 pt‘osopopmia
2795 5690 3074 5753 manendo,
3108 5706 3172 5744 ne
3224 5706 3496 5760 nocerem,
