4106 6334
91 330 172 394 699
1093 322 1477 384 COMMENT.
1517 319 1598 379 ΙΝ
1637 317 1712 376 ἈΙ

1093 322 1477 384 COMMENT.
1517 319 1598 379 ΙΝ
1637 314 2167 414 'APOCADYPSIN.

3150 308 3254 369 630

89 440 192 491 οὐαί
216 435 354 504 μετὰ
374 435 578 490 ταῦτα.
607 433 710 490 Kal
745 437 778 488 ό
805 435 976 500 ἕκτος
1000 434 1252 502 ἄγγελος
1276 431 1594 488 ἐσάλπισε,
1626 434 1671 484 Α
1697 442 1710 475 ι

1636 434 1671 484 Α
1697 426 1800 476 duo
1848 440 1921 476 va:
1950 432 2062 490 post
2097 422 2226 474 Iiwc.
2291 418 2353 470 Et
2401 426 2580 471 sextus
2620 416 2836 486 angelus
2879 415 3005 468 tuba
3057 427 3257 468 cecinit.

93 528 165 580 καὶ
193 525 418 593 ἤκουσα
444 525 653 595 φωνὴν
684 525 831 594 μίαν
855 525 924 578 ἐκ
948 523 1066 577 τῶν
1092 522 1404 589 τεσσάρων
1439 517 1606 586 κερά-

91 636 182 670 των
201 617 296 671 τοῦ
344 619 778 684 θυσιαστηρίου
807 618 913 671 τοῦ
948 615 1180 685 χρυσοῦ
1218 612 1323 666 τοῦ
1350 612 1607 665 ἐνώπιον

89 709 172 762 τοῦ
191 709 345 771 Θεοῦ,
374 710 661 778 λέγοντος
684 709 763 775 τῷ
788 709 937 775 ἕκτῳ
961 709 1213 778 ἀγγέλῳ,
1244 707 1313 772 ὃς
1345 703 1471 774 εἶχε
1492 705 1608 770 τὴν

89 800 387 868 σάλπιγγα·
412 801 618 854 Λῦσον
646 801 787 867 τοὺς
817 799 1117 867 τέσσαρας
1141 798 1436 868 ἀγγέλους
1465 797 1605 862 τοὺς

86 890 412 959 δεδεμένους
441 893 537 944 ἐπὶ
569 891 646 956 τῷ
674 891 914 958 ποταμῷ
939 890 1019 956 τῷ
1037 890 1277 960 μεγάλῳ
1301 889 1602 960 εὐφράτπ·

88 985 172 1035 Kal
220 983 520 1048 ἐλύθησαν
553 984 605 1034 οι
639 983 930 1050 τέσσαρες
965 982 1207 1050 ἄγγελοι
1257 983 1314 1034 ot
1366 983 1609 1048 ἡτοιμα-

85 1071 268 1137 σμένοι
290 1073 371 1135 εἰς
392 1070 504 1137 τὴν
523 1069 679 1136 ὥρην
695 1071 788 1122 καί
815 1073 900 1136 εις
925 1071 1040 1137 τὴν
1061 1071 1306 1139 ἡμέραν,
1329 1069 1427 1122 καὶ
1444 1069 1609 1138 μῆνα

87 1164 162 1211 καὶ
200 1161 488 1224 ἐνιαυτὸν,
551 1163 651 1214 ἵνα
697 1161 1092 1215 ἀποκτείνωσι
1141 1162 1208 1214 τὸ
1248 1163 1451 1229 τρίτον
1489 1160 1608 1215 τῶν

87 1249 391 1314 ἀνθρώπων.
419 1250 526 1303 Καὶ
556 1253 587 1302 d
612 1251 850 1316 ἀριθμὸς
885 1249 1001 1302 τῶν
1022 1250 1481 1318 στρατευμάτων
1503 1249 1608 1302 τοῦ

87 1337 321 1401 ἱππικοῦ,
376 1338 485 1392 δύο
536 1337 818 1406 μυριάδες
855 1339 1190 1408 μυριάδων·
1231 1340 1326 1394 καὶ
1373 1338 1609 1407 ἥκουσα

88 1427 170 1476 τὸν
187 1427 426 1494 ἀριθμὸν
453 1426 672 1479 αὐτῶν.

141 1514 204 1564 Τὸ
231 1513 360 1567 οὐαὶ
382 1515 667 1585 ἐπίρρημα
696 1516 812 1568 ἑστι
837 1515 1240 1585 σχετλιαστικὸν
1260 1532 1274 1545 ο
1312 1517 1508 1587 σχέτλη
1552 1518 1608 1571 δὲ

86 1609 129 1654 ιδ
153 1607 335 1674 ὀδύνην
384 1606 642 1675 ὲπιφὲρον
677 1607 944 1661 καλεῖται.
1007 1608 1272 1678 Ἀπῆλθεν
1321 1607 1414 1663 οὖν
1458 1613 1520 1663 ου
1549 1610 1610 1664 τὸ

83 1699 355 1766 ὲπέρῤημα.
383 1698 634 1769 Πῶςγὰρ
653 1700 712 1752 τὸ
745 1700 887 1754 κατὰ
905 1701 1269 1771 συμϐεϐηκὸς,
1295 1703 1387 1754 καὶ
1405 1703 1464 1754 οὐ
1487 1702 1608 1755 καθ’

1709 515 1776 567 Ει
1809 515 1983 580 audivi
2017 527 2186 566 vocem
2219 527 2379 562 unam
2424 524 2489 562 ea:
2522 517 2749 577 quatuor
2794 507 3037 559 cornibus
3076 507 3260 559 altaris

1706 607 1872 668 aurei,
1902 602 2036 672 quod
2066 613 2178 655 erat
2219 610 2340 652 ante
2377 599 2561 659 Deum,
2585 598 2836 650 dicentem
2882 607 3029 650 sexto
3077 599 3261 663 angelo

1705 695 1797 762 qui
1838 693 2056 746 habebat
2094 689 2314 742 tubam:
2350 685 2503 741 Solve
2553 694 2780 754 quatuor
2830 688 3042 754 angelos
3080 686 3169 754 qui
3197 686 3265 737 li-

1708 787 1818 856 gati
1844 794 1963 839 sunt
1995 799 2150 852 super
2195 783 2385 849 ﬂumen
2415 794 2661 847 magnum
2689 778 3029 844 Euphratem.
3070 777 3137 830 Et
3178 795 3265 831 so-

1709 876 1806 929 luti
1847 885 1964 928 sunt
1998 883 2224 943 quatuor
2263 871 2451 940 angeli,
2480 871 2571 938 qui
2605 868 2779 937 parati
2811 877 2959 920 erant
2997 868 3050 919 in
3081 867 3266 918 harant

1707 976 1756 1021 et
1784 968 1919 1020 diem
1966 978 2015 1020 et
2056 981 2279 1019 mensem
2309 974 2356 1017 et
2396 978 2615 1020 annum.
2647 969 2700 1012 ut
2733 959 3024 1012 occiderent
3061 959 3267 1010 tertiam

1707 1067 1908 1126 partem
1966 1056 2252 1110 hominum.
2308 1052 2374 1106 Et
2421 1067 2665 1105 numerus
2711 1049 2964 1120 equestris
3009 1049 3265 1102 exercitus

1708 1148 1863 1201 vicies
1909 1146 2097 1200 millies
2146 1146 2320 1198 decem
2384 1143 2552 1196 millia
2594 1151 2692 1196 :et
2755 1140 2932 1193 audivi
2993 1153 3266 1192 numerum

1707 1253 1904 1291 eorum.

1792 1498 1887 1561 ντε,
1905 1500 2217 1554 adverbium
2245 1507 2330 1554 est
2357 1498 2591 1568 miseriae
2635 1496 3014 1562 iudicativum,
3053 1493 3269 1549 miseria

1713 1600 1891 1644 autem
1949 1600 2180 1644 vocatur
2228 1589 2371 1658 quod
2425 1588 2583 1642 affert
2642 1587 2904 1643 dolorem.
2977 1584 3094 1639 Non
3143 1599 3274 1652 ergo

1713 1680 2026 1734 adverbium
2059 1681 2195 1734 abiit
2235 1698 2246 1734 :
2285 1680 2559 1748 quomodo
2588 1681 2732 1733 enim
2783 1679 2927 1747 quod
2961 1676 3277 1745 contingen-

84 1758 346 1840 ὑπέστασιν
399 1758 664 1860 ὕπαρχον,
707 1789 822 1843 ἀλλ’
852 1758 1066 1860 suum
1099 1758 1308 1858 γενέσει
1350 1792 1608 1857 ἀφανιζό-
1640 1758 1682 1813 Β

1651 1758 1682 1813 Β
1716 1782 1795 1826 ter
1824 1773 2041 1836 accidit,
2089 1781 2144 1827 et
2191 1787 2298 1824 non
2350 1771 2511 1824 habet
2557 1769 2942 1832 substantiam,
2983 1767 3077 1821 sed
3112 1765 3272 1820 simul

87 1895 236 1942 μενον,
275 1877 498 1947 πρόοδον
543 1879 732 1948 σχοίη;
776 1879 915 1934 Ἀλλ’
951 1880 1177 1932 ἐκείνων
1229 1879 1608 1949 παρελθόντων

83 1965 164 2013 τῶν
195 1965 463 2035 ὀδυνηρῶν
499 1965 567 2018 δι’
604 1965 640 2018 ἃ
687 1967 783 2018 καὶ
838 1970 898 2020 τὸ
952 1967 1190 2020 τοιοῦτον
1231 1966 1609 2036 προσφώνημα

83 2059 282 2118 τένεται,
316 2057 408 2108 καὶ
428 2058 489 2109 τδ
519 2056 652 2111 οὐαί
675 2058 898 2121 εἰκότως
931 2058 1122 2128 ἐλέχθη
1155 2057 1431 2111 ἀπελθεῖν.

137 2223 225 2274 Kal
291 2222 533 2290 ἥκουσα
581 2225 787 2292 φωνὴν
824 2227 971 2293 μίαν
1009 2227 1076 2279 ἐκ
1131 2227 1249 2280 τῶν
1297 2229 1608 2297 τεσσάρων

81 2314 333 2378 κεράτων.
377 2314 473 2367 Ἐκ
496 2315 605 2368 τῶν
632 2316 915 2384 τεσσάρων
948 2318 1192 2386 κεράτων
1222 2320 1255 2387 ἡ
1282 2322 1456 2388 φωνὴ,
1500 2321 1608 2372 τῶν

81 2403 283 2464 ἐχόντων)
306 2403 373 2454 ’τὸ
405 2403 810 2474 θυσιαστήριον,
842 2404 878 2457 ἃ.
911 2405 1117 2474 κέρατα
1168 2407 1266 2470 τὰς
1289 2408 1610 2476 περιϐεϐλη-

83 2495 220 2558 μένας
273 2492 421 2556 θείας
463 2495 718 2562 δυνάμεις
754 2496 1064 2550 ἀκουστέον.
1101 2498 1256 2550 Ἤτοι
1283 2498 1377 2551 τοῦ
1419 2498 1605 2552 θυσια-

82 2584 277 2651 στηρῐου
324 2585 780 2655 ἁπαρτιζομένου,
820 2588 878 2638 ἐν
914 2580 958 2654 ᾧ
1008 2588 1075 2639 τὰ
1116 2587 1334 2657 θύματα
1364 2592 1502 2660 πυρὶ
1533 2591 1610 2661 τῷ

78 2676 173 2743 θεῷ
219 2675 557 2743 καθήπτετο,
601 2677 943 2748 καθεκὰστην
1006 2679 1225 2747 γωνίαν·
1267 2680 1609 2752 κερατοειδὴς

79 2767 208 2835 ἐξοχὴ
261 2768 675 2838 συνεστήρικται
715 2770 1008 2835 συνέξουσα
1057 2772 1156 2833 τὰς
1207 2772 1419 2841 σχίζας,
1451 2770 1540 2836 αἷς
1579 2776 1608 2827 ὀ

79 2859 234 2926 βωμὸς
265 2860 638 2928 ἀναπτόμενος
680 2863 794 2923 τοῖς
844 2861 1073 2929 θύμασι,
1108 2861 1169 2913 τὸ
1202 2863 1610 2935 καλλιερετσθαι

81 2951 336 3016 παρεῖχεν,
385 2948 443 3014 ἐξ
481 2941 542 3002 οὖ
592 2949 686 3000 καὶ
744 2949 823 3019 τῷ
879 2949 989 3002 ἄνω
1050 2951 1444 3023 θυσιαστηρίῳ,
1491 2955 1611 3008 κατ’

77 3039 255 3100 dum,
290 3037 352 3090 τὸ
403 3038 556 3090 κάτω
592 3038 683 3089 καὶ
711 3038 815 3090 ὑπὸ
854 3039 1094 3102 Μωσέως
1145 3042 1203 3092 ἐν
1248 3040 1326 3110 τῷ
1369 3043 1496 3113 Σινᾷ
1533 3043 1611 3096 δι-

78 3128 324 3181 ετάττετο.
342 3127 440 3180 Διὸ
471 3129 565 3180 καὶ
594 3129 622 3180 ὁ
644 3130 999 3198 χρηματίζων
1021 3130 1186 3200 αὐτῷ,
1215 3151 1232 3182 ι
1263 3133 1431 3203 Ὀρα,
1454 3136 1608 3205 φησὶ,

79 3222 294 3289 ποιήσεις
323 3220 506 3274 πάντα
543 3221 684 3273 κατὰ
707 3219 799 3272 τὸν
825 3220 998 3274 τύπον
1018 3221 1110 3275 τὸν
1138 3223 1416 3293 δειχθέντα
1441 3244 1522 3280 σοι
1552 3231 1611 3282 ὲν

75 3309 136 3376 τῷ
157 3309 284 3377 ὄρει.
326 3328 347 3362 ι
375 3305 490 3372 Τὰς
519 3307 708 3379 ἐξοχὰς
751 3309 816 3380 δὴ
853 3309 1076 3374 ταύτας,
1108 3312 1174 3375 ἃς
1231 3316 1422 3385 νοερὰς
1456 3317 1611 3373 δυνά-

80 3416 180 3466 μεις
205 3401 530 3469 εἰρήκαμεν,
578 3403 827 3469 συνέχειν
865 3402 1014 3465 εἰκὸς
1041 3404 1103 3456 τὺ
1146 3405 1472 3475 ύπερούσιον
1521 3410 1612 3463 καὶ¹

77 3492 362 3562 ἀνθρωπίνῃ
390 3491 549 3560 φύσει
573 3492 868 3560 ἀπρόσιτον
911 3494 1128 3564 μύημα,
1180 3497 1275 3548 τοῦ
1311 3501 1446 3569 μήτε
1485 3518 1614 3571 προσ

78 3581 247 3646 χῑίρως
291 3585 406 3644 τοῖς
461 3582 578 3650 μετ’
618 3583 794 3635 έκεῖνο
846 3585 945 3654 τὴν
997 3587 1158 3653 φύσιν
1209 3585 1349 3641 εἶναι
1384 3591 1607 3661 ληπτὸν,

81 3668 192 3730 μήτε
230 3667 326 3728 τὰς
351 3666 576 3733 λογικὰς
605 3668 793 3731 θυσίας
828 3675 1242 3741 προσαγομένας
1271 3678 1420 3746 αὐτῷ
1441 3680 1515 3741 ὡς
1545 3681 1610 3733 ἂν

79 3755 202 3819 τύχοι
236 3755 702 3824 διαρρυϊσκεσθαι.
737 3760 1091 3828 Τετράγωνον
1121 3763 1176 3813 δὲ
1206 3766 1266 3815 τὸ
1292 3769 1478 3834 σχῆμα
1515 3769 1608 3820 τοῦ

78 3845 457 3915 θυσιαστηρίου,
497 3847 874 3916 ίσοσχημάτως
903 3849 980 3918 τῷ
1019 3855 1386 3922 τετραστοίχῳ
1421 3857 1608 3926 κόσμῳ

75 3933 243 4000 witty,
271 3934 367 4001 ἀφ’
397 3927 460 3988 οὗ
495 3935 590 3987 καὶ
620 3937 685 3989 ὲκ
714 3938 916 3998 παντὸς
939 3937 1104 3992 αὑτοῦ
1138 3942 1338 4011 μέρους
1363 3945 1419 3997 αι
1459 3943 1610 4012 λογι-

76 4024 150 4074 κιὶ
197 4025 380 4078 θυσίαι
431 4026 700 4097 καθαραὶ,
743 4028 885 4081 κατὰ
939 4029 1031 4082 τὸν
1080 4034 1386 4104 προφήτην,
1439 4053 1605 4106 προσ-

78 4129 298 4180 αγονται.
1127 4128 1131 4131 “

131 4295 328 4348 Λῦσον
379 4295 524 4360 τοὺς
568 4297 866 4364 τέσσαρας
903 4298 1216 4367 ἀγγέλους.
1273 4302 1506 4364 Τούτους
1558 4305 1606 4356 οἱ

1710 1881 1832 1918 cum
1875 1881 1976 1920 suo
2030 1874 2153 1918 ortu
2211 1865 2601 1931 corrumpitur,
2667 1877 3011 1931 progressum
3075 1860 3277 1914 habere

1711 1956 1928 2023 posset?
1960 1954 2063 2008 Sed
2089 1954 2500 2008 transeuntibus
2528 1953 2633 2006 illis
2656 1967 2777 2020 quae
2799 1952 2989 2004 dolore
3014 1950 3271 2007 alliciunt.

1711 2054 1926 2115 promer
1954 2060 2074 2114 quae
2102 2045 2226 2098 data
2257 2053 2340 2098 est
2379 2043 2692 2109 huiusmodi
2726 2041 3038 2110 appellatio,
3077 2041 3272 2093 merito

1709 2152 1925 2206 quoque
1952 2152 2028 2189 vae
2054 2136 2262 2190 dictum
2295 2144 2379 2189 est
2407 2133 2690 2188 transisse.

1782 2226 1849 2280 Et
1879 2229 2055 2280 audivi
2084 2243 2255 2280 vocem
2287 2241 2447 2279 unam
2494 2226 2557 2278 de
2587 2233 2814 2294 quatuor
2841 2223 3105 2278 cornibus.
3139 2223 3273 2276 Pro-

1711 2317 1935 2371 cedebat
1984 2332 2081 2370 vox
2127 2318 2194 2371 de
2254 2325 2490 2386 quatuor
2539 2315 2797 2370 cornibus
2829 2330 2950 2384 qua:
3001 2315 3275 2368 habebant

1711 2409 1878 2461 altare
1911 2423 1922 2458 :
1951 2424 2070 2477 quae
2111 2423 2317 2462 cornua
2368 2406 2713 2476 intelligenda
2749 2414 2878 2460 sunt
2927 2420 3049 2459 esse
3081 2405 3275 2458 divinae

1711 2497 1937 2552 virtutes
1963 2499 2225 2567 stipantes
2255 2515 2268 2551 :
2301 2507 2394 2552 aut
2426 2497 2569 2567 quod
2613 2497 2847 2565 perfecto
2877 2495 3034 2548 altari
3063 2496 3117 2548 in
3167 2510 3277 2563 quo

1712 2589 1940 2643 vietimze
1986 2588 2094 2643 Deo
2139 2590 2264 2659 igne
2311 2588 2768 2651 accendebantur,
2805 2586 2870 2639 ad
2899 2585 3142 2654 singulos
3188 2601 3278 2637 an-

1711 2679 1867 2750 gulos
1923 2695 2049 2750 pars
2091 2681 2340 2734 eminens
2384 2681 2438 2731 iu
2486 2678 2720 2746 speciem
2767 2691 2936 2729 cornu
2983 2676 3273 2728 constituta

1709 2779 1861 2834 erat,
1911 2786 2030 2839 qua:
2078 2770 2309 2824 ﬁssuras
2359 2768 2695 2831 contineret,
2754 2766 2957 2836 quibus
3016 2767 3278 2834 praeberet

1711 2861 1879 2915 altare
1928 2871 1986 2915 ut
2027 2860 2278 2915 accensis
2312 2859 2554 2914 victimis
2614 2872 2779 2927 super
2829 2857 2961 2909 illud
3010 2857 3274 2909 litaretur.

1713 2949 1864 3005 Unde
1897 2951 2063 3022 Moysi
2086 2966 2305 3021 quoque
2334 2959 2660 3020 praeceptum
2694 2948 2796 3002 fuit
2823 2949 2876 3000 in
2910 2956 3092 3000 monte
3119 2947 3273 3008 Sina,

1710 3050 1772 3097 ut
1803 3041 2029 3097 inferius
2059 3041 2264 3095 laceret
2305 3042 2372 3094 ad
2419 3038 2831 3094 similitudinem
2870 3037 3169 3106 superioris
3197 3038 3277 3091 al-

1720 3131 1870 3186 taris.
1915 3133 2004 3186 Ait
2050 3135 2194 3186 enim
2229 3132 2322 3202 qui
2352 3131 2453 3202 ipsi
2481 3131 2647 3186 dabat
2679 3131 2897 3185 oracula
2934 3147 2947 3182 :
2985 3148 3004 3180 ι
3045 3128 3178 3184 Vide
3219 3136 3279 3183 ut

1719 3224 1900 3279 omnia
1938 3224 2104 3279 facias
2143 3225 2296 3294 juxta
2332 3233 2516 3295 typum
2558 3223 2650 3294 qui
2684 3223 2777 3278 tibi
2821 3231 3157 3277 monstratus
3193 3230 3278 3276 est

1719 3317 1772 3370 in
1805 3325 1985 3371 monte
2007 3317 2074 3371 ⁸ο.
2114 3336 2133 3368 ι
2170 3315 2280 3371 llas
2329 3331 2459 3370 sane
2492 3316 2791 3370 eminentes
2828 3323 3005 3382 partes
3034 3329 3171 3383 quas
3199 3312 3279 3366 in-

1721 3405 2046 3460 tellectuales
2081 3407 2307 3460 virtutes
2331 3419 2452 3459 esse
2481 3405 2740 3468 diximus,
2782 3404 2941 3473 731
2983 3401 3275 3457 verisimile

1718 3506 1802 3550 est
1823 3496 2102 3549 continere
2150 3496 2729 3565 supersubstantialem
2782 3507 2833 3548 et
2895 3495 3143 3547 humana:
3176 3508 3275 3546 na-

1718 3597 1854 3640 tura:
1893 3587 2229 3640 inaccessum
2263 3587 2577 3658 mysterium
2617 3587 2738 3640 :sic
2784 3595 2842 3638 ut
2893 3600 3069 3653 neque
3121 3583 3276 3636 facile

1718 3677 1958 3744 sitjuxta
1992 3686 2239 3729 naturam
2271 3676 2758 3743 comprehensibile
2786 3675 2854 3728 ab
2902 3675 2985 3728 his
3024 3664 3114 3742 qui
3145 3673 3272 3727 illud

1716 3769 2038 3827 sequuntur,
2068 3776 2241 3827 neque
2271 3763 2562 3813 rationales
2590 3762 2795 3813 hostias
2826 3761 2878 3812 in
2910 3763 3024 3826 ipso
3057 3761 3269 3814 oblatas

1717 3855 1918 3899 temere
1939 3846 2199 3899 difﬂuere.
2233 3847 2331 3899 Est
2361 3859 2539 3898 autem
2575 3848 2762 3900 altaris
2791 3848 2960 3915 figura
2994 3850 3270 3915 quadran-

1715 3935 1952 4003 gularis,
1989 3934 2181 4002 aequali
2236 3935 2403 4002 ﬁgura
2461 3950 2586 3989 cum
2626 3937 2729 3989 hoc
2782 3939 2986 3991 mundo
3037 3948 3275 4008 quatuor

1715 4023 1933 4078 ordines
1966 4025 2215 4091 habente.
2254 4023 2407 4082 Unde
2434 4025 2598 4080 etiam
2645 4041 2709 4080 ex
2748 4028 2900 4081 omni
2929 4029 3097 4097 ipsius
3120 4039 3273 4099 parte

1716 4116 2004 4170 rationales
2076 4117 2268 4172 hostiae
2329 4133 2477 4186 purae
2537 4118 2690 4189 juxta
2757 4121 3076 4190 prophetam
3139 4120 3272 4176 olfe-

1715 4215 1928 4260 ΓυΙΙῐιΙΓ.

1787 4297 1937 4352 Solve
1982 4312 2204 4367 quatuor
2249 4302 2479 4371 angelos.
2516 4303 2626 4358 llos
2673 4305 2896 4373 angelos
2953 4320 3116 4373 super
3156 4321 3274 4358 ma-

78 4385 159 4453 μὲν
185 4386 361 4447 θείους
393 4387 698 4455 παρέθεντο
739 4389 819 4459 τῷ
868 4390 1098 4462 ποταμῴ
1123 4392 1200 4461 τῷ
1235 4394 1453 4462 μεγάλῳ
1506 4396 1606 4446 Εύ-
1641 4397 1682 4451 D

1648 4397 1682 4451 D
1711 4405 1874 4458 gnum
1906 4389 2105 4444 ﬂumen
2137 4393 2389 4462 alligatos
2423 4394 2640 4464 quidam
2669 4395 2885 4449 divinos
2911 4410 3035 4451 esse
3063 4397 3269 4460 dicunt,

78 4481 228 4548 φρὰτῃ
283 4479 626 4546 δεδεμένους,
668 4481 830 4534 οἱονεὶ
870 4483 1372 4554 προσλιπαροῦντας
1419 4488 1509 4539 καὶ
1539 4490 1606 4557 τῇ

77 4569 180 4636 περὶ
240 4569 407 4620 αὐτὸν
464 4570 961 4639 ἐνασχολουμένους
1011 4573 1108 4625 καὶ
1153 4575 1607 4644 εὐφραινομένους

76 4661 211 4727 mnta
254 4658 500 4729 θεωρίᾳο
542 4655 681 4712 εἶναι
741 4660 851 4729 γὰρ
917 4662 1106 4714 τοῦτον
1146 4663 1309 4716 Θεόν·
1357 4666 1484 4734 περὶ
1547 4662 1608 4719 οὗ

85 4748 286 4814 Ἡσαΐας
314 4751 424 4820 μὲν
461 4751 659 4819 φάσκει
684 4752 760 4814 ὡς
791 4752 851 4815 ἐξ
875 4752 1040 4804 αὑτοῦ
1065 4753 1158 4805 τοῦ
1189 4753 1323 4806 Θεοῦ
1352 4772 1367 4788 ο
1411 4775 1428 4806 ι
1476 4757 1607 4811 Ἰδοὺ

77 4839 162 4900 ἐγὼ
189 4840 429 4894 {mdium
481 4843 562 4903 εἰς
592 4841 789 4904 αὐτοὺς
821 4843 896 4904 ὡς
948 4844 1190 4910 ποταμὸς
1228 4844 1470 4914 εἰρήνης’
1514 4849 1610 4900 καὶ

77 4928 131 4988 ὡς
154 4932 490 5001 χειμάρρους
509 4929 816 4992 ἐπικλύζων
830 4930 986 4993 δόξαν
1007 4931 1176 4983 ἐθνῶν
1201 4947 1214 4959 ·
1252 4951 1271 4981 ι
1305 4933 1398 4984 καὶ
1423 4933 1605 4998 Δαυῒδ,

83 5039 94 5067 ι
124 5022 214 5073 Τοῦ
248 5022 500 5090 ποταμοῦ
527 5023 593 5073 τα
618 5022 920 5090 ὁρμήματα
945 5022 1296 5090 εὐφραίνουσι
1331 5023 1430 5090 τὴν
1456 5025 1608 5076 πόλιν

79 5111 146 5160 το]
182 5111 337 5163 Θεοῦ.
388 5129 408 5159 ι
455 5107 608 5162 Εἶναι
660 5111 717 5163 δὲ
760 5112 885 5173 τοὺς
917 5112 1187 5179 τέσσαρας
1231 5113 1494 5178 ἀγγέλους
1521 5115 1610 5167 τὸν

77 5203 200 5269 rapi
223 5203 315 5251 τὸν
346 5198 577 5265 Δανιὴλ,
612 5199 852 5266 Μιχαὴλ,
878 5200 1116 5269 Γαϐριὴλ
1148 5202 1294 5268 παρὰ
1342 5200 1416 5268 τῷ
1462 5202 1611 5254 Ματ-

77 5293 203 5359 inim,
247 5287 504 5355 Ῥαφαὴλ
523 5287 672 5353 παρὰ
691 5285 767 5354 τῷ
793 5289 1138 5356 Μαρδοχαίῳ,
1162 5293 1254 5340 καὶ
1279 5289 1367 5340 τδν
1385 5291 1608 5358 Οὑριήλ.

87 5380 428 5446 ’λπολυθῆναι
461 5377 519 5426 δὲ
560 5371 767 5438 ἀὐτοὺς
796 5377 915 5444 τῆς⁶
948 5380 1205 5447 τοιαύτης
1254 5379 1405 5440 θείας
1447 5383 1608 5449 ἀσχο-

77 5473 168 5534 iiz;
223 5473 300 5532 εἰς
357 5467 464 5518 οὐκ
527 5465 840 5533 ἀπᾴδουσαν
891 5469 1228 5537 λειτουργίαν
1278 5469 1376 5537 τῆς
1409 5487 1467 5520 τε
1518 5472 1609 5522 τοῦ

131 5648 163 5671 ³³
199 5639 371 5694 Exod.
412 5650 538 5698 xxv,
564 5636 671 5690 ω.
741 5639 783 5667 ⁸¹
820 5637 922 5692 lsa.
961 5654 1104 5702 wa,
1131 5641 1230 5696 '12.

1710 4489 1966 4547 tanquam
1994 4482 2216 4536 assidue
2256 4486 2325 4538 ibi
2355 4486 2630 4555 degentes,
2666 4496 2718 4540 et
2749 4487 3018 4555 spirituali
3041 4496 3276 4540 contem—

1711 4571 1948 4639 platioue
1996 4573 2140 4626 circa
2195 4575 2324 4630 illud
2357 4585 2654 4645 occupatos
2678 4586 2730 4630 et
2764 4577 3063 4630 delectatos
3107 4591 3270 4628 :uam

1712 4663 1842 4716 illud
1875 4663 2040 4718 Deum
2070 4681 2191 4720 esse
2215 4668 2407 4721 dicunt
2441 4685 2453 4722 :
2479 4669 2545 4723 de
2572 4683 2681 4737 quo
2704 4667 2870 4722 lsaias
2897 4668 3114 4736 quidem
3142 4665 3270 4719 dicit

1711 4765 1964 4823 tanquam
1986 4771 2048 4809 ex
2078 4772 2309 4825 persona
2341 4759 2514 4828 ipsius
2541 4758 2635 4811 Dei
2669 4775 2680 4809 :
2714 4776 2735 4808 ι
2775 4757 2911 4811 Ecce
2937 4773 3036 4826 ego
3060 4757 3271 4811 decline

1711 4847 1777 4898 ad
1805 4847 1952 4921 ipsos
1983 4857 2238 4917 tanquam
2262 4851 2459 4906 ﬂuvius
2494 4850 2664 4920 pacis,
2691 4859 2744 4903 et
2774 4859 3030 4917 tauquam
3059 4857 3271 4902 torrens

1714 4936 1982 4990 inundans
2012 4940 2239 5008 gloriam
2281 4942 2586 5011 gentium“
2629 4960 2648 4993 ι
2678 4949 2729 4994 et
2768 4940 2972 4994 David:
3010 4957 3027 4987 ι
3068 4937 3270 4989 Flumi-

1714 5026 1798 5078 nis
1841 5027 2075 5096 impetus
2129 5031 2402 5086 laatilicant
2446 5033 2719 5087 civitatem
2779 5031 2869 5084 Dei
2899 5031 2966 5083 ⁸³.
3014 5047 3030 5076 ι
3075 5027 3269 5079 Dicunt

1714 5125 1888 5170 autem
1923 5120 2020 5174 hos
2054 5133 2286 5189 quatuor
2315 5125 2534 5191 angelos
2556 5140 2678 5179 esse
2704 5123 3040 5182 Michaelem,
3070 5118 3138 5170 de
3163 5134 3271 5185 quo

1715 5207 1854 5272 apud
1889 5208 2160 5265 Daniclem
2185 5256 2199 5278 ,
2258 5214 2562 5268 Gabrielem
2597 5215 2737 5282 apud
2788 5211 3115 5273 Matthzeum,
3149 5207 3269 5262 Ra-

1716 5296 1953 5362 phat-lem
1981 5303 2119 5370 apud
2156 5303 2572 5366 Mardochamm.
2601 5314 2654 5359 et
2675 5302 2900 5355 Urielem
2929 5318 2942 5350 :
2972 5300 3118 5365 ipsos
3145 5312 3270 5351 vero

1717 5387 1921 5443 solutos
1967 5408 2089 5446 esse
2145 5395 2211 5448 ab
2264 5396 2571 5464 huiusmodi
2603 5394 2779 5448 divina
2815 5388 3170 5456 occupatione
3200 5389 3268 5442 ad

1722 5493 1826 5530 non
1864 5479 2130 5550 ingratum
2165 5486 2546 5549 ministerium,
2584 5494 2692 5537 tum
2734 5481 3052 5535 redditionis
3077 5480 3273 5537 divina:

1306 5646 1347 5676 ⁵⁸
1386 5644 1526 5698 l’sul.
1570 5663 1652 5713 ιν,
1689 5652 1737 5706 ὅ,
