4106 6334
413 267 524 331 635

1218 269 1540 328 ΛΠΕΤΗᾹΞ
1580 269 1956 329 ΟΕΞΛΒΕᾹΞ
1995 270 2476 330 CAPPADOCl/E
2517 271 2852 333 EPISCOPI

3523 262 3627 336 ωδ
3705 221 3718 232 ’

433 389 690 442 ipsorum.
755 374 916 442 Atqui
963 376 1324 429 exercebatur
1382 378 1542 429 etiam
1611 387 1736 431 ante
1789 379 2017 437 oculos;

2097 379 2283 446 ρὲρειν,
2331 380 2502 432 καίτοι
2540 396 2603 447 γε
2650 381 2745 435 καὶ
2792 379 2896 448 πρὸ
2943 379 3202 448 ὀμμάτων
3235 380 3630 448 ἐνεργουμένης

426 467 684 518 malorum
721 466 1035 530 retributio,
1069 467 1121 518 lii
1147 477 1322 521 tamen
1357 467 1560 522 lanium
1593 471 1744 525 abest
1777 478 1834 523 ut
1860 479 1970 523 ter-

421 557 658 609 tibilium
697 572 816 624 qua:
851 558 954 627 sibi
991 568 1174 626 parata
1206 569 1362 611 erant
1384 561 1602 626 aspectu
1636 561 1829 629 seipsis
1866 576 1979 614 me-

419 646 586 700 liores
649 647 1023 710 efﬁcerentur,
1084 659 1143 702 ut
1201 650 1363 702 etiam
1436 650 1643 718 pejores
1699 650 1978 719 magisque

422 737 659 804 pereatis
691 738 930 790 immersi
954 777 968 800 ,
1006 754 1224 792 cursum
1257 755 1414 792 suum
1446 749 1909 794 consummarcnt.

496 824 615 877 Non
659 829 985 893 resipueruut
1042 826 1104 878 ab
1160 829 1396 894 operibus
1451 829 1561 879 suis
1615 829 1807 894 pravis.
1863 826 1977 880 Non

425 915 558 978 line,
605 917 718 978 ait,
769 915 910 983 quod
963 931 1069 968 non
1115 917 1440 982 resipueriut
1491 919 1543 968 in
1579 915 1763 969 futura
1811 916 1918 968 vita
1964 938 1976 971 :

421 1007 699 1072 quomodo
737 1007 880 1059 enim
917 1016 1011 1058 aut
1056 1023 1176 1075 quan
1213 1017 1394 1074 posset
1423 1023 1542 1060 esse
1599 1007 1981 1074 resipiscentia

423 1095 476 1148 in
513 1096 831 1149 immutabili
862 1097 1006 1148 vita?
1038 1097 1129 1149 Sl‘li
1155 1097 1295 1165 quod
1334 1099 1510 1150 adhuc
1534 1098 1774 1150 virentes
1793 1137 1807 1160 ,
1835 1104 1890 1148 et
1917 1112 1983 1150 ex

421 1186 607 1238 auditu
638 1199 690 1239 et
719 1196 936 1253 aspectu
970 1202 1158 1239 eorum
1193 1202 1314 1254 qua:
1351 1197 1477 1240 tunc
1507 1186 1685 1240 fulura
1721 1199 1846 1239 sunt
1875 1203 1982 1241 non

425 1273 804 1339 resipiscentcs
831 1274 900 1325 ab
924 1272 1181 1340 operibus
1209 1288 1328 1339 qua:
1357 1272 1608 1325 videbant
1643 1289 1764 1325 esse
1796 1290 1983 1342 prava,

423 1362 749 1416 addiderunt
790 1363 856 1414 ad
899 1363 1090 1430 prima,
1126 1370 1251 1428 puta
1285 1363 1347 1413 ad
1398 1361 1638 1414 insanam
1679 1361 2005 1416 (Immonum-

425 1469 490 1507 ac
544 1455 808 1505 idolorum
865 1453 1176 1511 cnlturam,
1231 1453 1394 1504 etiam
1445 1467 1506 1504 ea
1543 1467 1661 1517 quae
1706 1453 1890 1507 odium
1934 1464 1988 1508 et

427 1543 684 1595 invidiam
716 1558 822 1593 una
862 1558 984 1594 eum
1014 1541 1329 1593 adorationc
1363 1541 1624 1594 aﬂerrent
1657 1556 1676 1594 :'
1702 1558 1806 1596 non
1841 1545 1986 1610 quod

427 1633 900 1686 insensibilitatcm
938 1633 1114 1686 solum
1152 1633 1394 1699 designet
1431 1647 1618 1686 eorum
1665 1649 1786 1701 quae
1822 1651 1982 1688 manu

2078 467 2177 536 τῆς
2218 468 2325 519 τῶν
2355 470 2603 538 πονηρῶν
2631 471 2996 540 ἀντιμισθίας.
3045 471 3108 522 Ol
3155 469 3210 521 δὲ
3247 470 3343 538 οὐχ
3387 471 3532 530 ὃπως
3564 473 3629 538 τῇ

2081 558 2180 628 θέᾳ
2213 559 2319 610 τῶν
2349 560 2592 629 φοϐερῶν
2617 561 2726 614 τῶν
2754 562 2936 624 αὐτοῖς
2975 561 3225 629 ἑτοίμων,
3273 560 3507 628 βελτίους
3536 575 3630 624 γε-

2080 648 2301 714 γόνασιν
2333 651 2558 714 ἑαυτῶν,
2584 652 2633 701 εί
2669 649 2742 720 μὴ
2761 652 2854 703 καὶ
2874 652 3091 722 χείρους
3117 653 3211 704 καὶ
3238 655 3348 713 τοίς
3375 652 3631 718 ἀμαρτω-

2082 735 2319 805 λοτέροις
2354 737 2797 806 ὲνδολιχεύοντες.

2153 827 2235 879 Οὐ
2265 827 2642 892 μετενόησαν
2677 829 2746 880 ἐκ
2773 827 2890 880 τῶν
2922 827 3110 896 ἔργων
3143 825 3260 880 τῶν
3289 828 3502 894 χειρῶν
3531 830 3635 881 αὑ-

2083 913 2217 966 τῶν.
2252 916 2326 966 Οὐ
2355 917 2517 971 τοῦτό,
2550 934 2734 985 φησιν,
2769 919 2851 970 ὃτι
2891 919 2939 971 οἱ
2990 918 3066 986 μὴ
3120 919 3543 986 μετανοήσαντες
3575 920 3633 969 ὲν

2082 1003 2159 1072 τῷ
2197 1005 2372 1056 ἐκεῖσε
2404 1005 2502 1074 βίῳ
2570 1007 2706 1074 (πῶς
2734 1009 2841 1077 γὰρ
2865 1011 2957 1061 καὶ
3001 1009 3082 1070 τίς
3115 1011 3146 1078 ή
3197 1011 3528 1076 μετάγνωσις
3577 1012 3633 1062 ὲν

2085 1091 2160 1159 τῷ
2184 1091 2522 1160 ἁναλλοιώτῳ
2552 1093 2707 1162 βίῳ),
2738 1095 2852 1146 ἀλλ’
2881 1096 2960 1147 ὅτι
3010 1096 3058 1147 οἱ
3097 1095 3295 1157 ζῶντες
3327 1095 3406 1146 ἔτι
3439 1096 3528 1147 καὶ
3560 1095 3633 1163 μὴ

2085 1182 2150 1233 ὲκ
2181 1182 2279 1248 τῆς
2319 1184 2485 1251 ἀκοῆς
2523 1185 2614 1236 καὶ
2657 1184 2784 1247 θέας
2825 1186 2934 1238 τῶν
2986 1186 3107 1238 τότε
3155 1186 3426 1255 ἐσομένων
3473 1203 3636 1254 μεταο

2086 1272 2374 1338 νοήσαντες
2413 1273 2520 1323 ἀπὸ
2566 1273 2672 1325 τῶν
2705 1275 2880 1342 ἔργων
2909 1270 2982 1328 ῶν
3027 1276 3302 1338 κατεῖδον,
3343 1275 3636 1345 παρέθεντο

2090 1359 2223 1428 πρὸς
2239 1360 2305 1410 τὰ
2323 1361 2507 1429 πρῶτα
2525 1360 2621 1427 τῆς
2642 1361 3058 1430 δαιμονομανίας
3072 1356 3166 1415 καὶ
3179 1363 3635 1432 είδωλολατρείας,

2091 1449 2184 1498 καὶ
2213 1448 2280 1498 τὰ
2308 1449 2443 1514 πρὸς
2471 1447 2529 1498 τὸ
2561 1447 2722 1510 σέϐας
2747 1448 2844 1517 τὴν
2869 1449 3190 1518 δυσμένειαν
3217 1449 3465 1518 φέροντα,
3495 1450 3553 1501 οὑ
3580 1452 3638 1500 τὸ

2089 1538 2411 1606 ἀναίσθητον
2450 1538 2795 1607 ὑπειδόμενος
2825 1540 2930 1591 τῶν
2955 1542 3354 1609 χειροκμήτων,
3399 1541 3514 1592 ἀλλ’
3556 1541 3638 1592 ὅτι

2091 1629 2178 1680 ἐπ’
2232 1628 2431 1697 ἀνομίᾳ
2478 1628 2707 1695 ἀνομίαν
2764 1628 3113 1696 προσέθεσαν.
3162 1629 3361 1696 Διόπερ
3409 1630 3500 1681 καὶ
3542 1631 3640 1696 τῆς

427 1724 568 1775 facta
605 1734 751 1785 sunt,
793 1724 883 1776 sed
923 1721 1066 1790 quod
1118 1725 1350 1788 peccatis
1381 1723 1702 1776 addiderunt
1746 1737 1985 1790 peccatu.

2097 1721 2320 1790 ἀληθοῦς
2368 1721 2801 1789 ἀπεκλείσθησαν
2855 1721 3215 1788 δικαιοσύνης.
3270 1723 3366 1785 Τίς
3415 1723 3520 1790 γὰρ
3566 1723 3639 1774 διο

431 1815 553 1867 Ideo
582 1829 796 1882 quoque
840 1829 868 1865 a
898 1827 1023 1866 vera
1069 1813 1277 1880 justitia
1318 1812 1520 1866 exclusi
1561 1823 1705 1865 sum.
1748 1815 1878 1878 Qua:
1905 1824 1988 1876 est

426 1903 572 1955 enim
595 1904 808 1971 justitia
843 1903 896 1955 in
926 1918 990 1955 co
1016 1905 1106 1971 qui
1141 1904 1306 1954 alium
1353 1903 1435 1954 sui
1466 1903 1677 1971 generis
1705 1903 1983 1969 interimit,

428 2004 522 2045 aut
568 1994 728 2062 gladii
773 1993 999 2060 impetu,
1044 2002 1139 2045 aut
1172 2009 1500 2046 venenorqu
1531 1995 1778 2050 insidiis?
1823 1996 1988 2052 Porro

425 2087 547 2151 quis
576 2101 698 2138 eum
747 2100 852 2136 non
889 2085 1100 2148 oderit,
1132 2086 1224 2153 qui
1259 2101 1324 2138 ne
1369 2086 1470 2139 sibi
1523 2087 1738 2155 quidem
1777 2089 1987 2156 parcit,
2016 2111 2030 2116 -

426 2189 525 2227 nec
583 2176 788 2227 tardior
838 2183 924 2228 est
973 2185 1030 2228 ut
1083 2176 1351 2242 exCOgitet
1405 2179 1664 2231 adversus
1709 2180 1986 2248 seipsum,

425 2277 688 2332 quantum
721 2269 922 2320 laceret
956 2268 1211 2322 inimicus
1237 2269 1327 2336 qui
1370 2270 1623 2324 insidiose
1649 2288 1771 2341 erga
1813 2275 1986 2342 ipsum

427 2357 655 2411 allectus
683 2359 867 2411 esset?
893 2359 996 2411 Aut
1031 2360 1154 2428 quis
1194 2377 1299 2413 non
1348 2364 1733 2416 exsecrandain
1768 2375 1820 2419 et
1858 2369 1990 2419 abeo

430 2447 740 2499 niiuaudam
772 2448 996 2500 duceret
1033 2450 1382 2502 scortationis
1426 2452 1738 2519 Spurcitiam
1771 2464 1824 2506 ct
1849 2457 1992 2508 assi-

428 2535 716 2597 duitatem,
756 2553 857 2604 qua
891 2539 1129 2606 seipsum
1174 2541 1297 2609 quis
1337 2541 1511 2610 privat
1542 2560 1607 2595 ne
1643 2545 1882 2598 divinum
1921 2546 1993 2600 sit

381 2625 385 2638 ’
426 2624 830 2691 habitaculum,
863 2629 907 2680 si
942 2629 1064 2682 divo
1096 2630 1263 2683 Paulo
1305 2632 1618 2686 credimus?
1651 2632 1908 2698 Demuin,
1947 2636 1994 2689 is

428 2717 522 2782 qui
557 2715 610 2769 in
661 2717 818 2772 lurtis
851 2731 1162 2788 perseverat
1199 2724 1441 2787 assidue,
1488 2725 1616 2777 illud
1651 2725 1751 2778 sibi
1803 2725 1994 2780 vendi-

428 2807 599 2868 cavit,
633 2817 687 2862 ut
717 2810 818 2864 sibi
859 2811 960 2880 ipsi
993 2811 1169 2867 factus
1203 2815 1273 2866 sit
1303 2815 1700 2870 incommodus.

967 2945 1194 3002 CAPUT
1232 2948 1468 3005 XXVIII.

2088 1811 2344 1879 καιοσύνη
2373 1813 2599 1880 φονῶντι
2630 1812 2720 1864 τὸν
2748 1810 3013 1880 ὁμόφυλον
3043 1811 3075 1882 ἢ
3115 1811 3205 1864 διὰ
3235 1811 3418 1878 ξίφους
3451 1815 3642 1878 ἐπιφο-

2091 1901 2210 1968 ρᾶς,
2247 1902 2278 1971 ἦ
2311 1902 2396 1953 διὰ
2423 1901 2730 1970 φαρμάκων
2757 1899 3082 1968 ὲπιδουλῆς;
3113 1901 3196 1963 τίς
3221 1900 3276 1952 δὲ
3305 1900 3644 1966 τδνξάφειδῶς

2086 1990 2265 2058 ἐαυτῷ
2308 1990 2588 2058 χρώμενον
2646 1990 2706 2041 οὐ
2753 1989 3007 2059 μισήσεις
3044 1990 3138 2042 καὶ
3172 1990 3273 2042 ὅσα
3311 1992 3400 2041 καὶ
3454 1989 3644 2058 ὲχθρδς

2089 2079 2392 2140 ἐπιϐούλως
2417 2080 2756 2148 διακείμενος
2789 2079 2956 2148 αὐτῷ,
2999 2079 3342 2148 μηχανᾶσθαι
3378 2082 3457 2142 είς
3483 2078 3645 2131 αὑτὸν

2087 2171 2147 2222 οὐ
2179 2173 2544 2238 κατοκνήσει;
2579 2172 2676 2232 Τίς
2723 2171 2832 2241 γὰρ
2854 2170 2912 2222 τὸ
2941 2171 3026 2222 διὰ
3073 2170 3325 2238 πορνείας
3377 2170 3645 2238 μυσαρίαν

2089 2259 2184 2310 καὶ
2231 2260 2585 2329 προσεδρείαν
2633 2257 2726 2311 τοῦ
2770 2259 2910 2310 θεῖον
2962 2255 3098 2310 εἶναι.
3163 2259 3424 2325 σκήνωμα
3458 2257 3647 2309 ἑαυτὸν

2091 2350 2411 2418 ἀποστερεῖν
2439 2351 2574 2414 (εἴγε
2608 2350 2684 2417 τῷ
2711 2350 2840 2417 θείῳ
2888 2348 3084 2418 Παύλῳ
3139 2349 3406 2415 πειστέον)
3435 2348 3495 2399 ού
3529 2347 3649 2415 βδε-

2091 2436 2326 2505 λυγμίαν
2369 2439 2524 2505 σχοίη
2561 2439 2656 2488 καὶ
2707 2437 3107 2505 ἁποτρόπαιον;
3158 2435 3217 2488 ’0
3274 2435 3330 2486 δὲ
3369 2430 3648 2503 κλέμμασι

2094 2527 2481 2596 προσλιπαρῶν
2513 2528 2686 2577 ἐκεῖνο
2713 2525 2776 2576 ἂν
2800 2525 3136 2594 ᾠκειώσατο,
3168 2523 3242 2587 ὡς
3266 2525 3364 2578 καὶ
3391 2523 3567 2595 ἑαυτῷ
3585 2526 3649 2575 τὸ

2093 2615 2404 2686 ἀσύμφορον
2429 2617 2561 2684 ἐμνίἱ
2570 2612 2693 2666 στεύ
2703 2630 2851 2668 σατο.

2663 2922 2912 2975 usam.
2948 2919 3095 2989 una;

433 3055 504 3108 De
535 3058 718 3123 angelo
749 3058 1077 3111 circumdato
1105 3061 1234 3112 nube
1273 3079 1334 3113 ac
1363 3061 1498 3114 iride
1518 3105 1530 3122 ,
1558 3063 1646 3130 qui
1674 3079 1994 3118 communem

2099 3036 2236 3107 περι
2268 3033 3476 3130 ἀτιέέίιυέεξῖςέῖξςέτξίιένεξετεεέέεςεαι
3507 3027 3649 3102 ’ρινν

778 3130 1010 3180 omnium
1053 3130 1204 3194 ﬁnem
1237 3132 1637 3196 pronuntiabat.

504 3277 570 3341 Χ,
606 3278 721 3330 1-5.
761 3276 824 3328 Et
856 3280 961 3330 vidi
994 3281 1158 3330 aliaat
1200 3281 1438 3348 angelum
1472 3282 1659 3349 fortem
1689 3285 1998 3336 descenden-

437 3379 536 3419 tem
576 3369 638 3419 de
675 3368 799 3419 ccelo
830 3371 1081 3420 amictum
1114 3369 1266 3432 nube,
1297 3380 1346 3421 et
1377 3372 1470 3422 iris
1497 3372 1547 3422 in
1587 3373 1754 3438 capite
1782 3375 1915 3440 ejus,
1950 3383 1997 3426 et

438 3461 596 3524 [acies
631 3475 745 3525 ejus
777 3459 910 3510 sicut
933 3459 1030 3520 sol,
1064 3469 1112 3512 et
1141 3461 1289 3527 pedes
1322 3461 1433 3528 ejus
1467 3471 1716 3528 tam/nam
1745 3464 1999 3518 columnte

438 3552 571 3617 ignis
620 3565 637 3602 :
683 3561 731 3602 et
761 3551 978 3603 habebat
1029 3552 1081 3604 in
1124 3569 1280 3602 manu
1321 3568 1418 3604 sua
1461 3553 1693 3606 libellum
1726 3566 1996 3621 apertum,

439 3641 596 3710 735
650 3653 697 3695 et
732 3644 903 3708 posuit
948 3644 1125 3706 pedem
1167 3659 1320 3695 suum
1360 3643 1600 3697 dextrum
1630 3661 1782 3710 super
1818 3662 1998 3712 mare,

441 3733 716 3784 sinistrum
769 3751 885 3784 t'ero
931 3751 1085 3801 super
1139 3745 1352 3796 terram,
1390 3744 1438 3787 et
1464 3734 1709 3789 clamavit
1738 3753 1856 3791 voce
1884 3754 1998 3790 nta-

438 3840 560 3889 gna,
603 3825 1041 3892 quemadmodum
1080 3824 1158 3876 leo
1199 3825 1360 3894 mugit
1398 3841 1416 3878 :
1455 3842 1669 3894 cumque
1696 3827 1995 3892 clamasset,

437 3913 609 3965 locuta
635 3923 752 3966 sunt
781 3925 972 3978 septem
1005 3915 1239 3967 tonitrua
1265 3931 1408 3968 voces
1441 3932 1585 3968 suas.

512 4177 695 4228 Nubes
753 4177 968 4241 quidem
1025 4177 1074 4226 id
1128 4176 1480 4230 deuionstrat.
1517 4171 1660 4240 quod
1713 4185 1814 4224 nec
1856 4180 2000 4223 tactu

445 4266 649 4331 percipi
691 4265 865 4329 possit
897 4279 995 4314 nec
1033 4263 1170 4314 \‘istt.
1201 4263 1368 4314 Porro
1426 4261 1519 4314 iris
1555 4262 1604 4312 in
1638 4260 1810 4328 capite
1857 4276 2004 4313 διιιιι·

449 4370 591 4404 mam
640 4353 903 4404 tlttsrt'iiiit
960 4350 1186 4419 angelici
1235 4352 1478 4414 ordinis,
1530 4351 1620 4417 qui
1659 4367 1723 4404 ex
1765 4350 2001 4404 fabricu-
2036 4383 2080 4441 υ

451 4442 594 4493 tione
641 4442 897 4493 virtutum
953 4442 1060 4493 Deo
1112 4441 1475 4509 plaeentium,
1522 4450 1574 4493 ct
1632 4455 1696 4494 ex
1750 4441 2005 4494 varietate

447 4535 591 4586 circa
627 4519 1069 4587 'antamlationem
1125 4535 1434 4599 nmguilicat
1487 4548 1640 4586 suam
1697 4533 2027 4600 proximita-r

448 4635 554 4678 lem
601 4641 662 4679 ac
698 4625 1006 4680 stationem.
1041 4624 1362 4694 llujnsmodi
1415 4641 1644 4694 naiuque
1691 4634 1773 4677 est
1807 4624 1904 4678 iris
1954 4625 2006 4678 in

448 4717 706 4782 nubibus,
740 4731 802 4770 ex
831 4717 1136 4785 objectiouc
1161 4718 1295 4769 radii
1330 4717 1522 4769 solaris
1555 4716 1715 4767 variis
1738 4715 2008 4768 coloribus

447 4822 730 4874 apparens.
783 4807 949 4858 Porro
980 4805 1134 4859 faciei
1179 4808 1242 4857 ad
1276 4806 1443 4857 solem
1493 4803 1837 4864 assimilatio,
1882 4803 2007 4872 quid

448 4900 592 4952 aliud
637 4897 908 4966 signiﬁcat
952 4912 1116 4965 quam
1154 4897 1442 4948 candorem
1483 4895 1535 4945 iu
1590 4895 1806 4945 modum
1843 4893 2008 4958 solis,

451 5000 503 5043 et
533 4990 673 5057 quod
712 4991 1021 5056 ubicunque
1066 4987 1264 5038 fuerint
1299 4985 1389 5051 qui
1431 4985 1824 5036 ordinationem
1859 4985 2010 5037 diur-

454 5100 641 5135 norum
675 5100 895 5150 operum
933 5081 1179 5134 fecerint.
1217 5079 1282 5128 ιιι»
1313 5077 1587 5128 inaccessa
1625 5086 1676 5127 ct
1711 5076 2011 5144 supersub-

453 5174 684 5225 stantiuli
718 5175 832 5225 lucc
869 5166 1330 5225 illuslralmnlur?

527 5261 590 5312 Et
639 5264 787 5330 pedes
841 5263 950 5328 ejus
1021 5269 1263 5323 tanquam
1318 5255 1570 5307 colu-ima:
1622 5256 1774 5320 ignis.
1834 5252 2005 5307 Pedes

445 5352 775 5406 1‘1‘St'tttt5lltll
832 5354 1136 5419 designant,
1189 5349 1279 5416 qui
1320 5364 1424 5400 non
1474 5347 1697 5399 a'.terius
1742 5345 1911 5414 gratia
1959 5346 2015 5396 lit

460 5458 620 5512 quam
665 5446 727 5494 ad
770 5443 1068 5510 puniendos
1119 5441 1313 5509 impios
1362 5458 1375 5492 :
1416 5439 1535 5491 ideo
1572 5438 1731 5489 ctiam
1766 5447 2015 5505 tanquam

461 5532 703 5582 columna
751 5535 901 5599 ignis.
957 5531 1237 5583 Columnis
1295 5539 1470 5582 anlcm
1539 5527 1674 5593 ignis
1733 5522 2016 5578 assimilati

459 5627 614 5683 sunt,
660 5634 764 5670 non
797 5619 865 5670 ob
898 5618 1367 5683 illuuiimitieuetn,
1411 5616 1501 5669 sed
1534 5615 1601 5667 ob
1650 5612 2009 5666 cxustionem.

2307 3107 2404 3159 καί
2434 3106 2501 3158 τὸ
2530 3105 2738 3158 κοινὸν
2767 3103 2938 3167 τέλος
2968 3103 3439 3170 προμηνύοντος.

2168 3259 2277 3314 Καί
2323 3255 2487 3312 εἶδον
2525 3260 2719 3311 ἄλλον
2773 3259 3029 3328 ἄγγελον
3079 3258 3327 3324 ἰσχυρὸν
3382 3257 3656 3312 καταϐαί-

2097 3369 2283 3407 νοντα
2311 3353 2380 3404 ἐκ
2402 3351 2507 3405 τοῦ
2540 3350 2817 3416 οὐρανοῦ,
2844 3347 3342 3415 περιϐεϐλημένον
3368 3347 3652 3415 νεφέλην,

2099 3443 2195 3496 καὶ
2224 3442 2260 3507 ἡ
2295 3437 2410 3508 ἶρις
2446 3440 2541 3492 ἐπὶ
2569 3439 2679 3506 τῆς
2705 3437 2971 3507 κεφαλῆς
3000 3437 3206 3501 αὑτοῦ,
3241 3436 3340 3491 καί
3366 3437 3431 3490 τὸ
3469 3440 3655 3507 ,πρόσ-

2099 3548 2262 3585 ωπον
2289 3531 2474 3584 αὑτοῦ
2499 3530 2578 3595 ὡς
2608 3533 2640 3583 ό
2680 3529 2871 3596 ἣλιος,
2900 3528 2997 3581 καί
3043 3531 3096 3581 ol
3137 3525 3324 3591 πόδες
3354 3528 3540 3581 αὐτοῦ
3578 3528 3658 3594 ὠς

2099 3623 2314 3675 στύλοι
2348 3620 2568 3687 πυρός·
2617 3618 2714 3671 καί
2741 3614 2907 3686 εἶχεν
2946 3617 3014 3670 ἐν
3049 3616 3122 3684 τῇ
3168 3616 3318 3684 χειρί
3355 3616 3541 3670 αὑτοῦ
3567 3617 3660 3680 ,βι-

2099 3711 2404 3781 ϐλαρίδιον
2440 3710 2843 3778 ἀνεῳγμένον·
2888 3708 2986 3762 καί
3023 3709 3201 3772 ἔθηκε
3231 3706 3338 3761 τὸν
3371 3707 3528 3761 πόδα
3550 3710 3659 3761 αὑ-

2099 3805 2205 3858 τοῦ
2242 3805 2347 3857 τὸν
2367 3802 2568 3865 δεξιὸν
2592 3800 2690 3854 ἐπὶ
2717 3799 2823 3866 τῆς
2851 3799 3185 3866 θαλάσσης,
3224 3798 3332 3852 τὸν
3349 3798 3417 3851 δὲ
3441 3798 3660 3853 εὐώνυ-

2094 3912 2213 3964 μον
2262 3895 2360 3946 ἐπὶ
2413 3891 2524 3959 τῆς
2565 3891 2710 3960 γῆς·
2755 3892 2854 3944 καί
2911 3891 3128 3958 ἐκραξε
3187 3888 3656 3957 φωνῇνμετιὶ-ιιι.

2099 3984 2301 4049 ὥσπερ
2320 3981 2477 4035 λέων
2500 3978 2784 4048 μυκᾶται,
2818 3979 2915 4031 καὶ
2933 3979 3030 4030 ὅτε
3049 3977 3323 4044 ἔκραξεν,
3348 3977 3660 4043 ἐλάλησαν

2101 4076 2160 4125 al
2184 4051 2333 4123 sine
2353 4069 2603 4138 βρονταὶ
2630 4070 2737 4132 τὰς
2767 4066 2992 4120 ἑαυτῶν
3023 4065 3238 4134 φωνάς.

2184 4162 2246 4212 Ἢ
2303 4159 2402 4227 μὲν
2433 4156 2630 4224 νεφέλη
2668 4155 2730 4207 τὸ
2781 4155 2981 4220 ἀφανὲς
3014 4153 3107 4204 καὶ
3139 4152 3366 4221 ἀόρατον
3399 4154 3655 4222 παριστᾷ.

2113 4253 2180 4304 Ἥ
2209 4252 2264 4303 δὲ
2290 4251 2384 4302 ἐπὶ
2411 4249 2507 4317 τῆς
2533 4246 2772 4315 κεφαλῆς
2792 4241 2901 4312 ἶρις
2949 4247 3009 4297 τὸ
3039 4243 3328 4312 κεφάλαιον
3357 4244 3662 4314 ὑπογράφει

2104 4343 2204 4410 τῆς
2243 4337 2624 4406 άγγελιώτιδος
2655 4336 2860 4399 τάξεως
2891 4335 2987 4402 τῆς
3019 4333 3078 4395 ἐξ
3106 4333 3314 4402 ἀρετῶν
3335 4333 3444 4418 τῶν
3473 4334 3660 4403 θεαρέ-

2108 4447 2248 4483 στων
2281 4428 2378 4495 τῆς
2429 4425 2692 4487 κτίσεως,
2755 4423 2846 4476 καὶ
2887 4421 2979 4474 τοῦ
3036 4422 3161 4490 περὶ
3213 4421 3310 4491 τὴν
3360 4423 3660 4492 ἀποστολὴν

2111 4522 2377 4582 ποικίλου,
2407 4518 2504 4588 τὴν
2561 4514 2841 4583 ἐγγύτητα
2887 4513 2993 4566 καὶη
3019 4512 3204 4565 στάσιν
3236 4513 3662 4581 κατευμεγεθού-

2112 4632 2232 4682 σης.
2269 4608 2523 4663 Τοιοῦτον
2566 4607 2674 4675 γὰρ
2710 4607 2744 4674 ή
2791 4607 2850 4657 ὲν
2883 4603 3096 4670 νέφεσιν
3139 4598 3270 4672 ἶρις,
3321 4601 3379 4667 ἐξ
3434 4603 3663 4671 ἡλιακῆς

2111 4701 2488 4763 ἀκτινοϐολίας
2531 4697 2795 4759 ποικίλοις
2821 4693 3105 4765 χρώμασιν
3133 4693 3496 4764 ίνδαλλομένη.
3527 4694 3663 4746 Ἡδὲ

2113 4797 2248 4866 πρὸς
2277 4794 2426 4863 ἥλιον
2452 4790 2550 4843 τοῦ
2606 4787 2895 4859 προσώπου
2935 4787 3211 4853 ὁμοίωσις,
3243 4785 3294 4838 τί
3339 4785 3405 4838 ἂν
3441 4786 3591 4849 ἄλλο,
3629 4784 3662 4855 ἢ

2112 4887 2175 4940 τὸ
2199 4884 2424 4955 ἡλιῶδες
2463 4878 2737 4951 σημαίνοι,
2777 4876 2994 4955 uram
3022 4877 3140 4928 ὅποι
3171 4874 3235 4929 ἂν
3278 4877 3371 4928 καὶ
3421 4875 3666 4945 παρῶσιν

2114 4950 2389 5048 ήμενρινῶν
2450 4950 2626 5043 ἔργων
2681 4950 2921 5034 διάταξιν
2975 4967 3316 5029 ἐκτελοῦντες
3374 4968 3480 5048 uno
3528 4984 3666 5034 φωτε

2116 5045 2394 5138 apposito,»
2427 5065 2518 5117 καὶ
2549 5059 2858 5130 ὐπερουσίῳ
2893 5045 3385 5128 καταλαμπόμενοί
3412 5058 3663 5120 ἐσονταις

2187 5243 2292 5297 Kal
2317 5243 2369 5293 ol
2403 5238 2582 5302 πόδες
2610 5235 2814 5295 αὑτοῦ.
2842 5233 2920 5298 ὡς
2943 5233 3157 5286 στύλοι
3185 5235 3393 5299 ⁴πυρός.
3420 5232 3484 5284 Ol
3517 5231 3670 5292 πόδες

2118 5334 2216 5403 τὴν
2256 5329 2552 5383 κατάϐασιν
2589 5324 3011 5388 ὑπαινίττονται,
3040 5325 3158 5393 ἥτις
3207 5326 3306 5376 οὐκ
3338 5323 3494 5376 ἄλλου
3529 5322 3671 5380 τινος

2119 5424 2324 5482 ἕνεκεν,
2377 5419 2528 5487 ἢτοῦ
2598 5413 3015 5481 τιμωρήσασθαι
3056 5414 3266 5476 ἀσεϐεῖς
3317 5415 3543 5480 γίνεται.
3586 5411 3674 5460 Δι’)

2121 5514 2233 5574 καὶ,
2273 5511 2351 5572 ὡς
2379 5507 2590 5558 στύλοι
2639 5503 2844 5567 πυρός.
2882 5503 3099 5566 Στύλοις
3132 5505 3186 5574 δὲ
3218 5508 3386 5572 napi;
3442 5502 3672 5554 ἀπεικά-

2127 5601 2351 5668 σοησαν,
2377 5596 2436 5646 ού
2468 5593 2558 5644 τοῦ
2589 5590 2938 5659 summ-405,
2971 5591 3102 5646 άλλά
3133 5571 3225 5645 τοῦ
3258 5593 3566 5645 καυστικοῦ.
3601 5589 3672 5640 Τὸ
