4106 6334
622 280 726 338 639
1404 283 1722 343 ΑΠΕΤΗᾸΞ
1759 286 2124 346 (ΣεἘΞΑΗΕιΕ

2207 290 2626 350 spumeus
2662 271 2994 352 EPI‘SCOPI
3641 293 3744 355 sto

623 404 740 445 rasa
804 398 1135 456 peccatorum
1188 390 1278 456 qui
1331 393 1596 446 sustinent
1648 396 1940 462 supplicia,
2001 397 2126 464 quid

2229 397 2425 450 ἐσθίειν
2485 401 2727 470 ἀλλήλοις
2805 403 2911 452 τῶν
2985 399 3206 453 ὀδόντων
3285 403 3740 472 συγκρουομένων.

621 477 787 542 magis
834 487 1243 530 consentaneum
1284 489 1403 542 est,
1455 495 1614 548 quam
1654 481 1902 548 βρύκειν,
1951 482 1998 534 id
2044 492 2124 536 est
2152 485 2394 552 stridere,
2428 489 2567 541 unde
2625 498 2679 542 et
2739 488 2997 559 βρυγμός,
3025 490 3078 542 id
3107 497 3190 543 est
3221 490 3421 544 stridor
3470 490 3751 545 dentium?

621 563 895 630 Suuiptum
945 573 1026 617 est
1090 576 1260 620 autem
1320 570 1535 620 verbum
1601 569 1935 638 βρύκειν,εο
1984 572 2125 639 quod

621 652 815 674 ΑΗΔ,
853 653 1025 674 μνη,
1232 672 1275 674 ,_
1321 672 1364 674 __
1395 671 1438 674 ,_
1598 669 1608 674 -
1746 669 1757 674 _
2026 669 2036 674 -

2207 575 2364 633 simile
2415 576 2487 630 sit
2537 577 2753 646 βρώσει.
2797 579 2847 631 id
2903 586 2984 632 est
3023 578 3172 644 cibo,
3220 579 3361 647 quod
3405 589 3657 649 tanquam
3692 579 3746 633 in

617 652 818 703 edendo
848 653 1029 706 dentes
1059 655 1194 707 inter
1226 672 1282 709 se
1310 658 1682 711 concutiantur
1709 669 1764 713 et
1791 661 2131 714 collidantur.

688 743 726 793 Χ
748 782 762 805 ,
791 745 897 796 4ο7.
955 745 1017 797 Et
1051 764 1162 799 cum
1197 750 1368 802 locuta
1405 750 1621 815 fuissent
1659 765 1847 818 septem
1881 754 2135 812 tonitrua,
2193 785 2198 790 -

615 845 703 895 ego
739 832 1020 896 scripturus
1045 850 1205 893 eram,
1235 844 1285 887 et
1321 837 1492 887 audiri
1529 853 1694 888 vocent
1725 838 1786 888 de
1813 838 1933 890 calo
1965 840 2137 890 dicen-

613 928 709 968 tem
743 932 760 967 :
796 918 1017 985 Obsigna
1046 937 1106 973 ea
1135 939 1247 989 qua:
1281 923 1453 976 locuta
1490 934 1609 976 sunt
1646 935 1834 992 septem
1881 928 2132 988 tonitrua,

612 1014 655 1053 ct
700 1020 758 1055 ne
787 1006 1050 1071 scripseris
1085 1025 1165 1059 ea.
1221 1007 1288 1064 Et
1341 1010 1549 1078 angelus
1583 1026 1729 1078 quem
1781 1013 1885 1065 vidi
1917 1023 2133 1065 stantem

609 1108 757 1157 super
797 1110 935 1170 mare
977 1104 1024 1147 et
1066 1112 1216 1161 super
1247 1107 1466 1162 terram,
1516 1099 1694 1151 levavit
1731 1116 1939 1154 manum
1976 1101 2130 1170 737

606 1194 753 1230 suam
796 1163 1032 1232 dextram
1094 1184 1142 1234 in
1173 1186 1353 1235 caelum
1383 1198 1402 1236 :
1461 1195 1510 1237 et
1528 1186 1724 1250 jurauit
1761 1188 1816 1238 in
1849 1204 1905 1239 eo
1945 1191 2032 1255 qui
2059 1190 2132 1240 vi-

609 1267 674 1317 rit
716 1269 768 1318 in
817 1273 1008 1321 swcula
1049 1272 1392 1334 mentorum,
1433 1275 1520 1339 qui
1556 1274 1742 1324 creavit
1773 1273 1952 1325 uelum
1979 1285 2028 1325 et
2069 1291 2128 1327 ea

605 1371 718 1419 quis:
753 1358 806 1407 in
837 1358 924 1408 illo
957 1368 1074 1409 sunt
1098 1398 1111 1417 ,
1138 1369 1185 1411 et
1216 1369 1406 1412 terram
1447 1371 1494 1411 et
1542 1377 1601 1411 ea
1634 1378 1746 1428 qua:
1778 1363 1832 1413 in
1866 1363 1960 1414 illa
1989 1374 2127 1428 sunt,

605 1452 650 1490 ct
682 1458 820 1493 mare
856 1453 903 1494 et
948 1460 1006 1494 ea
1040 1461 1153 1511 qua:
1184 1448 1234 1496 in
1279 1447 1385 1511 ipso
1411 1456 1528 1497 sunt
1569 1462 1587 1498 :
1620 1449 1751 1512 quod
1782 1460 1975 1516 tempus
2029 1467 2127 1502 non

605 1529 701 1578 erit
752 1530 1002 1595 aniplius,
1055 1532 1148 1583 sed
1199 1533 1250 1583 in
1305 1534 1480 1584 diebus
1531 1536 1666 1586 uocis
1724 1539 1926 1604 septimi
1962 1541 2128 1606 angeli

2306 748 2412 800 Καὶ
2440 747 2535 801 ὅτε
2574 747 2888 812 ἐλάλησαν·
2923 750 2993 801 at
3012 749 3167 803 sura
3203 753 3470 820 βρονται,
3497 756 3748 822 Ιμευον

2235 835 2504 902 magistr,
2550 835 2646 888 καὶ
2682 834 2912 901 ἥκουσα
2961 837 3165 903 φωνὴν
3215 840 3283 893 ἐκ
3333 840 3436 893 τοῦ
3491 845 3744 909 οὐρανοῦ

2233 924 2530 990 λέγονσαν
2547 939 2561 954 ·
2593 923 2923 990 Σφράγισον
2947 923 2984 981 d
3002 924 3309 992 ἐλάλησαν
3321 931 3382 980 at
3411 928 3560 982 ἑπτὰ
3576 932 3748 1009 ,βρονο

2234 1011 2347 1070 tui,
2381 1011 2477 1065 και
2524 1011 2607 1083 μὴ
2656 1012 2803 1069 αὐτὰ
2833 1011 3085 1085 γράψῃς.
3142 1015 3249 1068 Καί
3298 1017 3330 1068 ὁ
3392 1017 3641 1084 ἄγγελος
3676 1021 3746 1080 ὃν

2231 1093 2388 1147 εἶδον
2407 1093 2630 1147 ἑστῶτα
2658 1095 2752 1148 ἐπὶ
2774 1095 2882 1162 τῆς
2907 1098 3220 1164 θαλάσσης
3249 1099 3345 1152 καὶ
3366 1101 3462 1154 ἐπι
3486 1101 3594 1168 τῆς
3613 1103 3765 1170 τῆς..

2230 1183 2332 1252 ἦρε
2348 1185 2462 1249 τὴν
2489 1185 2650 1251 χεῖρα
2668 1185 2852 1237 αὐτοῦ
2874 1187 2984 1251 τὴν
3006 1186 3208 1249 δεξιὰν
3227 1191 3313 1252 εἰς
3329 1191 3436 1244 τὸν
3460 1193 3713 1258 οὐρανόν
3727 1208 3742 1223 ·

2229 1274 2324 1325 καὶ
2367 1273 2596 1340 ὤμοσεν
2625 1274 2692 1324 έν
2735 1272 2812 1339 τῷ
2855 1274 3016 1332 ζῶντι
3063 1277 3143 1338 είς
3189 1277 3328 1340 τοὺς
3371 1278 3586 1344 αιῶνας
3630 1280 3744 1333 τῶν

2227 1361 2469 1421 αἰώνων,
2499 1360 2565 1422 ὃς
2586 1361 2783 1413 ἔκτισε
2805 1361 2912 1412 τὸν
2941 1364 3201 1427 οὐρανὸν
3237 1365 3332 1418 καί
3375 1369 3446 1419 τὰ
3475 1367 3542 1419 ἐν
3569 1367 3741 1432 αὐτῷ,

2227 1448 2320 1499 καὶ
2353 1448 2461 1514 τὴν
2486 1446 2600 1514 τῆν
2630 1448 2726 1502 καὶ
2766 1449 2836 1501 τὰ
2858 1449 2924 1500 ἐν
2952 1449 3122 1516 αὐτῇ,
3156 1453 3249 1504 καὶ
3293 1455 3404 1518 τὴν
3434 1454 3743 1508 θάλασσαν

2229 1539 2321 1588 καὶ
2349 1537 2416 1589 τὰ
2448 1536 2515 1587 ἐν
2537 1536 2708 1602 αὐτῇ,
2744 1537 2829 1588 ὅτι
2869 1543 3082 1606 χρόνος
3126 1544 3234 1598 οὐκ
3260 1541 3346 1598 ἔτι
3389 1543 3577 1604 ἔσται.
3611 1546 3742 1598 ἀλλ’

604 1614 808 1681 quando
863 1617 981 1666 tuba
1039 1620 1304 1670 caniturus
1357 1632 1470 1682 est,
1541 1627 1999 1678 consummandam
2051 1637 2122 1680 est

2227 1625 2293 1675 ἐν
2315 1623 2436 1687 ταῖς
2468 1624 2706 1689 ἡμέραις
2730 1623 2837 1687 τῆς
2859 1625 3058 1692 φωνῆς
3077 1628 3177 1679 τοῦ
3197 1628 3442 1695 ἑϐδόμου
3463 1631 3738 1698 ἀγγέλου.
3782 1641 3792 1655 ⁴

607 1707 901 1769 mysterium
952 1702 1088 1769 Dei,
1118 1711 1250 1760 sicut
1289 1712 1608 1765 annuntiavit
1658 1716 1814 1766 servis
1859 1717 1968 1768 suis
2004 1733 2123 1783 pro-

602 1792 783 1856 phetis.

667 1959 1095 2023 Manifestissime
1130 1967 1214 2020 hic
1251 1969 1407 2039 datur
1441 1971 1681 2040 intelligi,
1714 1976 1852 2041 quod
1886 1980 2116 2033 tonitrua

598 2048 705 2100 sint
751 2053 1001 2119 angelicae
1053 2065 1388 2121 potestates:
1433 2061 1728 2114 substantia
1780 2081 2007 2132 namque
2038 2077 2119 2121 est

596 2153 712 2203 qua:
748 2139 1005 2207 loquitur,
1037 2158 1140 2195 non
1175 2146 1392 2209 tonitru,
1422 2149 1560 2213 quod
1605 2151 1774 2202 solum
1808 2162 1886 2204 est
1932 2169 2114 2221 sonus,

597 2225 880 2294 statimque
919 2238 973 2279 ut
1006 2230 1189 2296 incipit
1225 2246 1362 2294 esse,
1394 2235 1592 2286 tollitur
1625 2252 1653 2288 e
1681 2239 1873 2290 medio.

662 2315 848 2366 Audivi
901 2333 1068 2367 vocem
1117 2319 1179 2369 de
1224 2321 1347 2371 calo
1383 2323 1651 2374 dicentem.
1693 2323 1995 2382 Prohihitus
2034 2340 2116 2384 est

596 2400 850 2463 scribere,
883 2402 992 2454 sive
1026 2418 1118 2470 per
1151 2406 1470 2472 scripturam
1503 2410 1805 2466 hominibus
1839 2417 2112 2470 manifesta

597 2485 768 2538 facere
805 2504 919 2554 qua:
956 2490 1284 2556 videbantur,
1319 2495 1432 2554 sed,
1468 2494 1724 2564 Obsigna,
1781 2501 1972 2566 inquit,
2014 2504 2114 2556 hoc

596 2584 675 2624 cst
725 2577 871 2628 ﬁrma
925 2581 1216 2631 retentione
1253 2582 1303 2632 in
1349 2595 1521 2636 mente
1575 2595 1661 2637 tua
1719 2597 2109 2654 conserva,sed

595 2679 927 2732 nequaquam
987 2682 1077 2734 per
1138 2669 1455 2739 scripturam
1505 2673 1743 2742 divulges
1794 2694 1805 2728 :
1868 2679 2110 2734 fortassis

594 2753 730 2817 quod
755 2755 883 2806 nihil
915 2758 1187 2822 prodesset
1221 2759 1556 2814 manifestare
1585 2764 1670 2815 illa
1697 2776 1818 2817 ante
1844 2778 2106 2833 postrema

593 2840 848 2894 adventus
886 2843 1079 2896 Christi
1111 2854 1367 2913 tempora,
1391 2851 1815 2919 quandoquidem
1851 2864 1901 2907 et
1929 2857 2106 2911 Daniel

2227 1709 2368 1759 ὅταν
2385 1709 2577 1774 μέλλῃ
2609 1709 2930 1770 σαλπίζειν,
2974 1710 3395 1776 τελεσθήσεται
3432 1715 3495 1764 τὸ
3518 1716 3741 1779 μυστή-

2216 1814 2349 1862 ριον
2376 1799 2477 1850 τοῦ
2507 1798 2669 1862 Θεοῦ,
2697 1799 2776 1863 ὡς
2794 1799 3139 1867 εὐηγγέλισε
3167 1799 3286 1864 τοῖς
3305 1800 3542 1866 δούλοις
3563 1804 3744 1857 αὐτοῦ

2223 1887 2342 1951 τοῖς
2376 1887 2716 1954 προφήταις.
2914 1943 2917 1946 ,
3409 1892 3421 1903 ’

2301 1974 2572 2026 Ἐντεῦθεν
2603 1975 2862 2042 ἀριδήλως
2893 1977 2948 2027 αἱ
2995 1976 3229 2045 βρονταὶ,
3274 1976 3556 2044 ἀγγελικαὶ
3581 1979 3738 2032 δυνά·

2221 2081 2339 2132 μεις
2368 2063 2735 2132 γνωρίζονται.
2765 2064 2926 2116 Λαλεῑ
2952 2066 3057 2134 γὰρ
3091 2067 3122 2134 ἠ
3145 2066 3318 2128 οὐσία,
3344 2067 3438 2136 οὐχ
3468 2069 3502 2135 ἡ
3525 2066 3735 2135 βροντὴ,

2217 2156 2486 2223 ἀπήχησις
2521 2151 2687 2219 ιοῦσα,
2723 2158 2787 2226 τῇ
2836 2155 3037 2222 γενέσει
3086 2156 3179 2210 καὶ
3237 2157 3314 2226 τῷ
3373 2153 3513 2211 εἶναι
3578 2159 3734 2225 ἀφαι-

2222 2244 2471 2312 ρουμένη.

2288 2333 2552 2382 Ἤκουσα
2603 2330 2808 2397 φωνὴν
2837 2329 2905 2382 ἐκ
2965 2333 3069 2385 τοῦ
3121 2333 3372 2399 οὐρανοῦ
3414 2336 3727 2402 λέγουσαν.

2224 2417 2325 2468 Τοῦ
2352 2418 2599 2483 γράφειν,
2630 2419 2745 2486 ἦτοι
2800 2419 3033 2485 πρόδηλα
3098 2423 3265 2470 ποιεῖν
3311 2422 3604 2489 ἀνθρώποις
3647 2423 3731 2473 διὰ

2219 2505 2429 2572 γραφῆς
2452 2506 2515 2554 τὰ
2546 2506 2812 2572 ὁρώμενα,
2861 2505 3120 2572 ἐκωλύθη.
3169 2508 3420 2573 Σφραγϊδι
3467 2509 3521 2559 δὲ
3575 2512 3728 2559 οἱονεὶ

2216 2594 2438 2657 ἀσφαλεῖ
2468 2595 2663 2660 κατοχῇ
2699 2597 2754 2645 ὲν
2779 2596 2843 2661 τῇ
2887 2594 3086 2661 διανοίᾳ
3117 2610 3206 2644 σου
3247 2597 3514 2663 συντήρει,
3550 2598 3725 2663 φησιν,

2215 2681 2436 2748 ἔκφορον
2467 2682 2519 2732 δὲ
2549 2681 2631 2733 διὰ
2680 2681 2890 2750 γραφῆς
2923 2681 3042 2750 μηδ’
3097 2682 3228 2742 ὅλως
3259 2683 3428 2742 ποιοῦ,
3480 2685 3603 2744 ἴσως
3647 2684 3728 2734 ὅτι

2217 2771 2288 2838 μὴ
2336 2769 2594 2822 λυσιτελεῖ
2626 2771 2727 2838 πρὸ
2780 2775 2877 2838 τῆς
2925 2771 3221 2839 παρουσίας
3266 2771 3370 2824 τῶν
3417 2773 3727 2824 τελευταίων

2216 2857 2413 2921 καιρῶν
2437 2858 2839 2925 ἐμφανίζεσθαι,
2886 2860 3002 2909 ἐπεὶ
3031 2860 3118 2909 καὶ
3146 2860 3334 2926 Δανιὴλ
3367 2861 3727 2928 ἐσφραγισμέ-

590 2929 878 2980 docebatur
905 2942 958 2982 ut
979 2934 1280 3006 obsignaret
1315 2938 1615 3005 hujusmodi
1640 2958 1931 3000 sermones.
1960 2948 2106 3010 Quod
2136 2974 2140 3004 ι

2214 2962 2333 3005 νους
2361 2946 2482 3006 τοὺς
2517 2946 2623 2997 τῶν
2659 2947 2905 2997 τοιούτων
2940 2947 3126 3012 λόγους
3164 2948 3483 3010 ἑδιδάσκετο,
3521 2948 3723 2998 λυσιτε-

593 3029 769 3070 autem
808 3023 974 3087 prosit
1006 3039 1068 3076 ea
1120 3028 1499 3093 recouditioni,
1550 3033 1850 3098 conjectura
1906 3035 2110 3090 discere

590 3102 919 3158 licebit'esse
964 3110 1348 3164 vehementiam
1381 3117 1786 3168 constitutorum
1831 3117 2111 3186 supplicio-

590 3203 726 3246 rum.
773 3206 891 3241 cum
924 3195 1224 3248 misericors
1266 3197 1401 3250 Deus
1429 3216 1521 3251 sua
1573 3203 1898 3269 benignitate
1955 3211 2109 3259 retri-

591 3271 859 3324 butionem
910 3279 1147 3342 supplicii
1207 3298 1308 3333 non
1365 3284 1578 3338 inducat
1632 3290 1822 3354 aequali
1880 3293 2108 3357 pondere

589 3371 707 3406 cum
739 3361 987 3421 peccatis.
1023 3364 1170 3415 Unde
1194 3367 1351 3418 etiam
1383 3370 1936 3441 aitpsalmographus,
1965 3383 2105 3446 quod

592 3460 693 3495 non
728 3445 874 3510 juxta
918 3449 1224 3514 iniquitates
1256 3466 1484 3521 nostras,
1518 3476 1688 3528 neque
1708 3461 1860 3528 juxta
1893 3445 2105 3533 peccata
2137 3470 2140 3474 ’

590 3532 906 3586 admetiatur
935 3538 1085 3590 nobis
1115 3542 1535 3599 retributionem.

659 3621 785 3681 Qua:
807 3623 976 3675 locuta
1010 3637 1126 3679 sunt
1162 3640 1346 3697 septem
1392 3637 1639 3689 tonitrua.
1686 3638 2101 3700 Existimandum

588 3715 669 3758 est
719 3719 892 3762 autem
943 3717 1168 3768 tonitrua
1218 3733 1337 3774 esse
1382 3723 1601 3778 virtutes
1653 3732 1946 3796 angelicas,
1988 3751 2102 3801 qua:

591 3798 835 3853 tonitruis
883 3805 1241 3860 assimilantur
1294 3811 1362 3863 ob
1402 3814 1674 3868 horrorem
1714 3821 1802 3881 qui
1853 3822 2103 3876 incutitur

592 3901 680 3947 per
708 3902 767 3938 ea
806 3905 924 3956 quin
960 3893 1025 3944 ab
1062 3894 1194 3959 ipsis
1223 3898 1489 3952 dicuntur.
1525 3903 1836 3970 Hujusmodi
1876 3924 2102 3978 namque

587 3986 708 4026 sunt
760 3977 1171 4044 incorporalium
1209 3997 1514 4039 sanctorum
1567 3994 1872 4058 angelorum
1925 4013 2098 4063 voces,

585 4076 702 4125 quae
744 4064 809 4114 ab
865 4065 974 4130 ipsa
1027 4069 1454 4124 manifestatione
1489 4074 1761 4129 horrorem
1803 4095 1980 4133 secum
2024 4083 2099 4137 fe-

589 4156 706 4198 rant
747 4165 761 4199 :
806 4153 1250 4215 quemadmodum
1286 4159 1620 4213 manifestum
1651 4175 1821 4218 estex
1864 4182 1927 4220 eo
1957 4173 2096 4237 quod

2210 3034 2314 3084 λεϊν
2341 3035 2394 3084 δὲ
2423 3034 2481 3084 τὸ
2509 3036 2885 3103 ταμιεύεσθαι,
2914 3036 3234 3096 είκαστικῶς
3261 3036 3502 3104 εἴποιμεν
3528 3035 3590 3086 ἂν
3618 3035 3725 3086 τῶν

2208 3120 2600 3185 διαταξαμένων
2653 3123 2918 3173 κολάσεων
2959 3123 3017 3173 τὸ
3069 3123 3309 3189 σφοδρὸν,
3359 3124 3725 3190 φιλανθρωπίᾳ

2207 3205 2298 3264 ⁸τοῦ
2341 3208 2622 3273 ἐλεήμονος
2667 3208 2799 3257 Θεοῦ
2834 3209 2909 3274 μὴ
2957 3210 3271 3274 ἰσόσταθμον
3301 3211 3590 3274 ἐπάγοντος
3627 3211 3723 3276 τὴν

2207 3291 2522 3345 ἀντέκτισιν.
2567 3291 2654 3354 Ἐξ
2700 3285 2760 3341 οὗ
2810 3296 2901 3343 καὶ
2934 3294 3012 3352 τὸ,
3052 3295 3140 3361 Μὴ
3187 3294 3320 3345 κατὰ
3367 3297 3464 3356 τὰς
3501 3297 3723 3362 ἀνομίας
3774 3333 3777 3336 -

2207 3376 2378 3445 ἡμῶν,
2425 3380 2517 3428 καὶ
2550 3379 2624 3440 τὸ,
2656 3380 2790 3430 κατά
2832 3381 2927 3442 τὰς
2981 3383 3248 3450 ἁμαρτίας
3302 3382 3660 3450 ἀνταπόδομα,
3694 3387 3722 3435 ὀ

2218 3465 2586 3532 ’Υμνογράφος
2609 3469 2767 3534 φησιν
2795 3470 3200 3538 ὲπιμετρείσθαι
3238 3472 3384 3539 ἡμῖν.

2283 3644 2618 3711 Ἐ.1ά.1ησαν
2646 3650 2704 3700 al
2732 3648 2876 3702 ἑπτὰ
2900 3651 3162 3716 βρονταί.
3197 3652 3304 3713 Τὰς
3360 3653 3580 3720 βροντὰς
3627 3654 3716 3704 δυ-

2203 3735 2387 3802 νάμεις
2415 3739 2702 3804 ἀγγελικάς
2743 3737 2878 3794 εἶναι
2906 3745 3128 3811 οἰητέον,
3161 3745 3401 3811 βρονταῖς
3432 3747 3716 3809 ἀπεικαζο-

2203 3824 2363 3889 μένας
2395 3825 2480 3875 διὰ
2515 3827 2574 3876 τὸ
2599 3831 3023 3898 καταπληκτικὸν
3061 3834 3163 3882 τῶν
3207 3834 3293 3883 ὑπ’
3329 3836 3505 3886 αὐτῶν
3541 3837 3714 3903 ἐκφω-

2201 3911 2487 3976 νουμένων.
2519 3915 2767 3967 Τοιαῦται
2814 3919 2918 3984 γὰρ
2970 3922 3022 3969 ai
3077 3921 3179 3969 τῶν
3222 3923 3516 3990 ἀσωμάτων
3550 3925 3714 3987 ἁγίων

2198 3997 2440 4060 ἀγγέλων
2484 4003 2673 4065 φωναὶ,
2729 4003 2817 4052 καὶ
2871 4006 2962 4053 ἀπ’
3000 4006 3162 4072 αὐτῆς
3196 4007 3287 4072 τῆς
3318 4009 3607 4074 ἐμφανείας
3652 4013 3710 4061 τὸ

2200 4088 2627 4155 καταπληκτικὸν
2649 4090 2878 4157 ἔχουσαι.
2898 4093 2969 4152 ὠς
3001 4094 3152 4160 δῆλον
3179 4096 3281 4144 ἀπὸ
3305 4096 3392 4145 τοῦ
3414 4096 3501 4145 τὸν
3527 4098 3712 4165 Δανιὴλ

2203 4173 2332 4235 μηδὲ
2371 4176 2604 4243 προσηνῆ
2648 4176 2771 4227 θέαν
2817 4177 3063 4242 ἀγγέλου,
3121 4181 3310 4246 μήτιγε
3367 4181 3710 4250 ἁπειλητικὴν

589 4234 768 4286 Daniel
830 4253 894 4288 ne
951 4240 1120 4292 lenem
1168 4245 1378 4310 quidem
1432 4252 1602 4315 angeli
1658 4254 1914 4308 visionem
1970 4248 2140 4312 nihill

589 4320 779 4338 ,,_Lh_
1073 4327 1084 4338 .
1186 4331 1194 4338 .
1279 4331 1288 4338 .
1356 4332 1373 4338 Α

2207 4234 2451 4326 usus.
2487 4234 2781 4333 Sippizyicat
2809 4234 2981 4328 δὲ’ἐάς
3010 4234 3271 4319 τῶν-ἑπτα
3305 4234 3706 4338 βροντῶνιάγγέ-

588 4320 866 4373 habentem
895 4327 1319 4384 comminationis
1351 4332 1485 4387 ferre
1517 4341 1761 4403 potuerit.
1796 4343 1984 4396 Datum
2016 4357 2097 4400 est

587 4416 760 4460 autem
808 4425 1118 4480 prmceptum
1174 4427 1231 4471 ut
1285 4421 1692 4490 obsignarentur
1738 4444 1852 4496 quae
1902 4442 2097 4500 septem

588 4498 817 4550 tonitrua
867 4506 1253 4571 nuntiaverant,
1297 4512 1394 4564 hoc
1433 4525 1532 4574 est,
1575 4527 1773 4570 secreta
1820 4534 2098 4573 servaren-

587 4591 709 4634 tur:
742 4588 879 4649 quod
922 4591 1147 4652 perfecta
1189 4595 1371 4649 borum
1415 4604 1762 4667 apprehensiu
1817 4618 2097 4676 apertaque

585 4671 819 4732 cognitio
846 4679 1094 4729 extremis
1124 4687 1450 4748 temporibus
1476 4691 1670 4743 utiliter
1701 4671 2001 4761 reponatur.

641 4755 852 4833 [Levavit
883 4777 1084 4812 manum
1123 4765 1276 4818 suam
1296 4773 1525 4827 dextram
1556 4779 1608 4830 in
1650 4784 1847 4835 caelum.
1889 4784 2091 4838 Dextra:

586 4860 772 4898 manus
822 4849 1046 4901 elevatio
1099 4853 1279 4907 enicas
1336 4874 1396 4910 ac
1453 4863 1652 4918 ﬁrmius
1698 4870 1935 4938 designat
1978 4887 2090 4924 esse

586 4929 777 4984 factum
806 4935 918 5002 ejus
949 4939 1037 5004 qui
1067 4937 1284 5005 juravit.
1324 4942 1442 4996 ideo
1475 4965 1681 5017 quoque
1721 4929 1915 5010 dictvum
1953 4966 2032 5013 est.
2073 4979 2084 5011 :

593 5037 607 5066 ι
646 5020 860 5075 Dextera
898 5025 1101 5078 DOtnini
1139 5029 1257 5081 fecit
1289 5034 1527 5087 virtutem
1561 5042 1621 5091 ⁵⁸.
1662 5063 1678 5092 ι
1765 5041 1769 5046 ’

659 5107 717 5157 in
759 5127 813 5161 eo
849 5117 933 5176 qui
986 5118 1101 5167 vivit
1126 5122 1176 5170 in
1206 5122 1411 5173 swcula.
1460 5123 1707 5181 Videntur
1739 5135 1946 5198 quidem
1982 5140 2088 5190 il;l:C

589 5197 814 5250 Graecam
848 5217 949 5253 non
999 5207 1188 5260 habere
1221 5209 1450 5274 plirasim
1486 5230 1498 5263 :
1530 5216 1685 5283 738
1715 5222 1902 5272 dicitur
1948 5227 2083 5276 cnim

581 5283 758 5346 jurare
791 5303 879 5352 per
925 5292 1148 5359 aliquem
1196 5308 1249 5351 et
1295 5316 1394 5354 non
1447 5303 1495 5354 in
1530 5307 1721 5372 aliquo.
1767 5312 1867 5364 Nec
1914 5325 2084 5366 tatneu

654 5432 696 5461 "
745 5433 877 5489 Psal.
933 5458 1100 5506 ατη,
1144 5446 1217 5500 ib.

2194 4351 2307 4411 λῐας
2338 4354 2367 4417 ἡ
2400 4354 2579 4421 ἐντολὴ
2611 4357 2969 4422 παραδίδοται,
3000 4360 3288 4421 τουτέστιν,
3321 4363 3376 4410 ὲν
3419 4362 3708 4431 ἀπορρήτῳ

2190 4437 2451 4502 κατέχειν,
2491 4440 2562 4500 ὡς
2603 4443 2696 4508 τῆς
2728 4444 3074 4510 περὶτούτων
3106 4447 3306 4506 τελείας
3357 4450 3706 4516 καταλήψεως

2191 4526 2282 4573 καὶ
2308 4530 2623 4596 τρανοτέρας
2670 4531 2938 4598 εἰδήσεως,
2987 4536 3092 4594 τοῖς
3145 4536 3459 4597 τελευταίοις
3501 4541 3704 4616 χρόνοις

2192 4612 2544 4682 ἀποκειμένης
2579 4619 2969 4684 συμφερόντως.

2260 4778 2397 4848 Ἷίρε
2441 4786 2549 4850 τὴν
2583 4789 2743 4853 χεῖρα
2772 4790 2950 4840 αὑτοῦ
2994 4789 3103 4851 τὴν
3136 4790 3335 4851 δεξιὰν
3364 4795 3445 4854 εἰς
3476 4795 3575 4844 τὸν
3603 4800 3701 4848 οὐ-

2182 4873 2386 4935 ρανόν.
2424 4873 2482 4923 Ἦ
2535 4879 2628 4942 τῆς
2660 4876 2833 4939 δεξιᾶς
2868 4878 3103 4946 ,ἔπαρσις
3155 4883 3211 4930 τὸ
3258 4882 3560 4951 ἔμπρακτον
3609 4888 3698 4936 τοῦ

2194 4958 2468 5022 ὀμνύοντος
2501 4963 2863 5014 ὑπαινίττεται
2893 4967 2983 5015 καὶ
3014 4967 3454 5039 δυναμικώτερα).
3489 4975 3574 5024 Διὸ
3609 4979 3699 5025 καὶ

2194 5048 2422 5111 εἴρηται·
2458 5069 2473 5098 ι
2507 5052 2657 5114 Δεξσὰ
2696 5053 2892 5117 Κυρίου
2925 5055 3136 5119 ἐποίησε
3165 5057 3402 5124 δύναμιν.
3451 5080 3466 5104 ι

2261 5137 2328 5185 Τὸ
2346 5139 2415 5199 δὲ,
2437 5141 2502 5190 ἐν
2518 5142 2592 5204 τῷ
2610 5143 2766 5199 ζῶντι
2783 5146 2865 5205 είς
2880 5145 3014 5207 τοὺς
3027 5148 3256 5212 αἰῶνας.
3277 5154 3418 5202 δοκεῖ
3436 5154 3529 5219 μὲν
3544 5154 3690 5202 ἀνελ-

2193 5225 2430 5291 λήνιστον
2447 5223 2597 5279 εἶναι.
2617 5231 2856 5295 Ὀμνύειν
2868 5233 2969 5298 γὰρ
2986 5233 3186 5299 λέγεται
3204 5241 3338 5289 κατὰ
3355 5259 3509 5301 τινος.
3528 5243 3620 5291 οὐκ
3638 5243 3694 5292 ἓν

2194 5332 2313 5365 τινε.
2343 5315 2478 5382 Πλὴν
2500 5318 2594 5368 οὒκ
2623 5319 2868 5369 ἀπαίσιον
2904 5316 2967 5387 ἦν
2994 5322 3059 5372 τὰ
3083 5325 3136 5374 ὲν
3162 5328 3234 5393 τῷ
3257 5328 3412 5389 ζῶντι
3447 5330 3688 5393 ὀμνύναι,
