4106 6334
382 359 474 420 (illi
1411 362 1787 424 COMMENT.
1833 367 1912 426 IN
1950 364 2461 429 APOCALYPSIN.

3424 361 3528 421 (342

380 469 457 538 τῷ
509 464 646 521 κατά
674 468 921 537 βούλησιν
962 473 1225 539 παριστᾷν
1280 472 1369 524 τοῦ
1411 474 1527 525 καθ’
1559 467 1619 525 οὗ
1667 476 1695 524 ό
1749 474 1902 541 ὅρκος
1933 481 1972 533 Α

2003 476 2347 538 ineungruum
2381 472 2479 523 fuit
2520 469 2701 535 jurarc
2748 468 2803 519 in
2845 482 2909 521 eo
2938 466 3029 535 qui
3072 465 3220 530 vivit,
3249 466 3531 520 adosten‘

382 559 762 628 παρείληπται.
789 562 917 623 Θεὸς
950 563 1048 627 μὲν
1078 563 1199 614 ἐπεὶ
1234 562 1353 614 κατ’
1384 563 1590 624 οὐδενὸς
1618 560 1727 630 εἶχε
1784 565 1903 631 μεί-

381 650 529 712 ζονος
551 650 764 717 ὀμόσαι,
797 651 928 717 ὅπερ
956 652 1046 703 ’δι’
1074 651 1199 713 ἔθος
1233 653 1342 712 τοῖς
1383 651 1698 718 ὀμνύουσιν,ι
1719 651 1904 719 ὀμνύει

383 738 503 817 acab"
531 739 744 793 ἑαυτοῦ.
768 741 894 803 Καὶ,
932 761 950 791 ι
985 743 1114 794 Κατ’
1140 740 1371 809 ἐμαυτοῦ
1394 744 1501 809 γὰρ
1519 739 1724 809 ὤμοσα,
1756 742 1902 807 λέγει

383 828 598 896 Κύριος.
639 848 658 881 ι
690 830 935 896 Ἄγγελοι
974 830 1029 880 δὲ
1054 829 1125 891 ὡς
1162 830 1362 897 κτίσμα
1394 829 1532 880 κατὰ
1550 829 1643 880 τοῦ
1673 830 1900 881 κτίστου

382 916 656 983 ὀμνύουσι,
686 919 785 988 τὴν
813 919 1084 987 ἡμετέραν
1114 918 1366 971 ἀπιστίαν
1392 918 1477 970 διὰ
1518 918 1608 969 τοῦ
1637 917 1788 969 Θείου
1809 921 1901 985 τῆς

383 1008 743 1079 παραλήψεως
766 1008 1122 1075 πιστούμενοι.
1151 1008 1347 1073 Ὠμοσε
1373 1008 1477 1076 γὰρ
1497 1008 1682 1075 χρόνον
1711 1009 1900 1075 μηκέτι

381 1096 538 1161 εἶναι,
574 1098 754 1160 καλῶς
795 1097 888 1149 καὶ
917 1097 1147 1165 ἀληθῶς,
1191 1095 1276 1147 ὅτι
1330 1097 1541 1165 χρόνος
1586 1098 1693 1148 οὐκ
1734 1096 1900 1148 ἔσται

380 1189 485 1241 ἔτι.
521 1188 592 1239 Τὸ
621 1188 727 1255 γὰρ
749 1187 864 1259 τότε
896 1186 1310 1253 διαστηματικὺν
1340 1186 1512 1254 ρεὗμα
1532 1186 1627 1252 τῆς
1656 1187 1901 1254 χρονικῆς

383 1278 744 1339 ὑποστάσεως,
779 1275 1070 1343 ἀνέσπερόν
1097 1289 1153 1325 τε
1182 1273 1328 1325 ἔσται
1352 1275 1441 1324 καὶ
1468 1274 1775 1335 ἁδιάκοπον,
1809 1275 1901 1326 καὶ

377 1367 459 1417 διὰ
502 1365 658 1417 τοῦτο
697 1366 756 1416 οὐ
782 1365 986 1433 χρόνος.
1018 1364 1110 1424 Τίς
1145 1365 1250 1430 γὰρ
1299 1362 1516 1431 ἡλιακοῦ
1546 1363 1718 1430 φωτὸς
1747 1364 1899 1432 χρεία

376 1458 467 1525 τῆς
492 1453 752 1521 συστολῆς
783 1453 904 1505 καθ’
934 1453 1000 1522 ἡν
1028 1455 1327 1513 ἀνάπαυσις
1375 1453 1479 1504 τῶν
1504 1452 1608 1504 ἀπὸ
1631 1452 1729 1519 τῆς
1770 1453 1901 1521 ἡμέ-

381 1563 473 1616 ρας
500 1545 681 1597 κόπων
704 1545 814 1603 τοῖς
836 1542 991 1604 ζώοις
1009 1542 1307 1607 ὲγγίνεταις
1337 1543 1512 1610 Χωρὶς
1544 1544 1649 1609 γὰρ
1680 1542 1897 1601 τούτων,

375 1634 454 1692 τίς
479 1630 701 1699 ἡλιακοῦ
733 1629 904 1695 φωτὸς
934 1630 1115 1697 χρεῐα;
1150 1628 1334 1691 Ἤλιος
1368 1630 1463 1697 μὲν
1489 1629 1581 1681 οὖν
1626 1629 1793 1688 ἔσται,
1822 1630 1901 1681 ὅτι
1930 1622 1935 1623 ⁷
1992 1685 1995 1688 ,

380 1722 500 1792 μηδ’
532 1724 612 1783 είς
637 1719 970 1789 ἀνυπαρξίαν
1001 1721 1222 1789 χωρήσῃ
1248 1717 1274 1771 ὁ
1312 1720 1405 1771 νῦν
1432 1718 1654 1788 κόσμος,
1684 1720 1794 1769 ἀλλ’
1826 1722 1901 1779 εἰς

375 1813 775 1879 άνακαινισμόν.
816 1813 1019 1882 Ὠσπερ
1050 1814 1103 1866 δὲ
1127 1812 1218 1866 νῦν
1252 1816 1423 1884 ἄστρα
1454 1817 1553 1884 μὲν
1577 1815 1691 1867 ἐστι
1720 1816 1812 1866 καὶ
1839 1817 1896 1865 ὲν

374 1901 575 1970 ἡμέρᾳ,
601 1902 661 1953 οὐ
684 1902 787 1971 μὴν
807 1903 1099 1970 καθορᾶται
1125 1902 1531 1971 ὑπερνικώντων
1558 1904 1653 1971 τὴν
1680 1904 1898 1955 ἐκείνων

372 1988 685 2058 λαμπηδόνα
716 1991 809 2043 τοῦ
836 1991 982 2059 ἡλίου
1011 1994 1118 2044 τῶν
1161 1993 1550 2061 μαρμαρυγῶν,
1583 1992 1677 2045 καὶ
1706 1991 1893 2057 οὕτως,

355 2078 508 2156 ,ὥστε
535 2082 614 2132 ὅτι
643 2081 778 2133 είσὶν
805 2083 864 2134 ὲν
887 2082 1096 2150 οὐρανῷ
1124 2082 1447 2149 ἀγνοεῖσθαι,
1469 2080 1609 2133 οὕτω
1639 2087 1729 2133 καὶ
1754 2082 1893 2135 τότε.

370 2169 445 2220 Τὸ
466 2170 574 2238 γὰρ
616 2171 695 2221 ὅτι
723 2170 847 2222 οὐδὲ
882 2171 979 2238 μία
1016 2172 1159 2222 αἰτία
1197 2171 1291 2222 τοῦ
1326 2172 1403 2232 είς
1430 2171 1760 2239 ἀνυπαρξίαν
1786 2187 1892 2237 χω·

372 2259 531 2329 ρῆσαι
565 2256 796 2325 παντελῆ
827 2257 904 2325 τῷ
951 2253 1044 2309 νῦν
1075 2256 1258 2326 κόσμῳ
1285 2256 1415 2320 τέως
1462 2258 1690 2324 ἀγνοεῖν,
1733 2255 1828 2325 οὐχ
1861 2257 1893 2328 ἡ

370 2343 602 2415 τυχοῦσα
632 2344 840 2411 ἄγνοια.

437 2605 557 2655 Ὅτι
611 2608 825 2671 χρόνος
872 2606 981 2658 οὐκ
1019 2605 1106 2658 ἔτι
1152 2606 1343 2659 ἔσται.
1395 2604 1595 2673 Χρόνον
1635 2601 1708 2674 μὴ
1759 2599 1893 2655 εἶναι

2006 561 2236 615 dendqu
2291 572 2409 611 esse
2434 558 2795 625 juramcutum
2841 556 2994 623 juxta
3031 556 3359 609 voluntatem
3416 555 3534 622 ejus

2005 667 2101 719 per
2132 666 2285 719 quem
2323 656 2655 714 assumptum
2702 654 2799 697 est.
2837 644 2903 698 Et
2934 646 3070 699 Deus
3118 646 3332 713 quidem
3355 682 3370 706 ,
3399 660 3534 713 quo—

2009 740 2147 792 niam
2179 753 2270 806 per
2298 738 2499 790 nullum
2531 735 2785 802 majorem
2813 736 2982 803 potuit
3006 736 3186 801 jurare
3207 774 3220 795 ,
3254 734 3393 801 quod
3422 748 3534 786 mo-

2007 829 2081 881 ris
2102 837 2183 881 est
2207 827 2537 894 jurantilms,
2562 826 2704 891 jurat
2728 838 2821 890 per
2855 824 3109 889 seipsum.
3144 822 3205 875 Et
3232 822 3304 873 ait
3336 840 3349 875 z
3382 836 3409 872 τ
3436 822 3535 875 Pcr

2005 918 2375 985 memetipsmu
2425 915 2637 983 juravi,
2689 914 2818 965 dicit
2862 912 3115 964 Dominus
3158 912 3240 974 '7;
3282 930 3301 961 ι
3361 912 3531 978 angeli

2004 1022 2129 1060 vero
2157 1014 2409 1072 tauquam
2441 1011 2700 1056 creatura:
2733 1015 2824 1066 per
2852 999 3156 1050 Creatorem
3197 998 3407 1064 jurant,
3444 1012 3533 1062 per

2002 1090 2164 1145 divini
2214 1089 2462 1141 Numinis
2508 1085 2923 1151 assumptiouem
2973 1082 3351 1134 continuantes
3431 1096 3531 1133 uo-

2014 1192 2175 1234 stram
2227 1176 2587 1230 diﬂidi-ntiam.
2650 1172 2855 1225 Juruvit
2888 1186 3115 1238 namque
3142 1172 3393 1235 deinceps
3426 1184 3528 1221 non

2004 1268 2115 1321 fore
2164 1280 2398 1333 tempus,
2450 1273 2591 1317 recte
2635 1278 2695 1315 nc
2735 1275 2874 1321 vere,
2917 1259 3049 1327 quod
3084 1270 3278 1326 tempus
3308 1275 3406 1310 non
3434 1261 3529 1309 erit

2005 1357 2254 1421 amplius.
2330 1353 2569 1420 Spatium
2631 1352 2771 1404 enim
2842 1347 3145 1415 temporalis
3220 1345 3531 1397 substantia:

2004 1444 2142 1511 quod
2175 1453 2301 1495 tunc
2327 1442 2473 1503 ﬂuet,
2505 1441 2620 1493 sine
2647 1453 2866 1504 vespera
2894 1452 2956 1489 ac
2984 1434 3387 1501 interpolatione
3408 1435 3528 1496 erit,

2003 1546 2055 1586 et
2090 1534 2158 1585 ita
2211 1548 2317 1584 non
2368 1533 2469 1584 erit
2502 1542 2732 1594 tempus.
2780 1526 2909 1591 Quis
2948 1527 3089 1578 enim
3149 1540 3280 1576 usus
3314 1524 3531 1576 luminis

2003 1622 2214 1682 solaris,
2262 1634 2384 1673 cum
2420 1617 2669 1671 animalia
2709 1615 3051 1681 requiescunt
3083 1629 3111 1665 a
3144 1611 3348 1664 diurnis
3386 1612 3533 1663 labo-

2006 1709 2190 1762 ribus?
2213 1708 2341 1759 Nam
2369 1708 2483 1759 sine
2515 1707 2599 1758 his
2630 1721 2748 1772 quae
2772 1713 2852 1759 est
2881 1703 3074 1757 solaris
3102 1702 3320 1755 luminis
3352 1717 3534 1755 neces-

1929 1774 1972 1830 B
2000 1799 2130 1850 sitas
2170 1798 2249 1849 vel
2277 1799 2437 1849 etiam
2479 1795 2653 1848 usus?
2686 1794 2775 1845 Sol
2812 1793 3025 1861 quidem
3058 1794 3179 1853 erit,
3207 1794 3331 1860 quia
3363 1807 3532 1860 neque
3619 1814 3621 1816 ·

1997 1887 2064 1939 ad
2090 1888 2361 1938 interitum
2396 1885 2574 1937 tendet
2603 1899 2834 1949 praesens
2868 1874 3115 1944 unindus,
3142 1881 3235 1934 sed
3273 1882 3337 1933 ad
3375 1882 3530 1934 inuo-

1996 1976 2285 2027 vatiouem.
2326 1972 2782 2037 Quemadmodum
2839 1985 2964 2023 vera
3022 1984 3166 2021 nunc
3215 1978 3359 2021 astra
3408 1981 3532 2023 sunt

1996 2064 2207 2131 quidem
2232 2062 2392 2115 etiam
2424 2062 2476 2113 in
2506 2062 2613 2122 die,
2644 2075 2747 2111 non
2776 2069 2951 2110 tamen
2982 2058 3387 2125 conspiciuntur
3417 2060 3529 2109 vin-

1994 2162 2146 2206 cente
2200 2149 2537 2217 splendorem
2588 2148 2796 2199 illarqu
2848 2147 2975 2198 stilis
3017 2147 3243 2212 fulgore,
3295 2146 3427 2198 adeo
3473 2156 3528 2198 ut

1995 2245 2301 2298 nesciantur
2353 2255 2473 2295 esse
2518 2242 2569 2292 in
2601 2240 2737 2292 cmlo
2779 2254 2792 2289 :
2845 2238 2916 2289 ita
2949 2245 3003 2289 et
3053 2245 3203 2288 tunc.
3252 2234 3524 2303 Siquidem

1995 2335 2241 2403 ignorare
2285 2331 2426 2397 quod
2460 2330 2605 2381 nulla
2647 2329 2715 2382 sit
2745 2342 2907 2379 causa
2955 2340 3051 2378 cur
3083 2340 3318 2393 praesens
3372 2341 3528 2377 mun-

1991 2424 2092 2477 dus
2125 2421 2361 2474 tenderet
2395 2420 2457 2471 ad
2494 2418 2785 2486 perlectum
2821 2415 3115 2478 interitum,
3148 2428 3253 2467 uon
3296 2414 3529 2482 vulgaris

1994 2521 2135 2565 esset
2164 2510 2484 2578 ignorantia.
2680 2512 2685 2515 ‘

2064 2602 2210 2665 Quod
2244 2610 2440 2668 tempus
2472 2615 2569 2651 mm
2608 2599 2705 2650 erit
2736 2597 2973 2662 amplius.
3010 2594 3240 2660 Tempus
3271 2608 3374 2645 non
3418 2591 3531 2647 fore

370 2690 596 2762 ὤμοσεν,
645 2694 705 2744 οὐ
750 2694 856 2744 τῶν
894 2695 1208 2763 τηνικαῦτα,
1260 2696 1390 2748 ἀλλά
1438 2696 1544 2746 τῶν
1587 2696 1674 2747 ὅτε
1714 2694 1893 2762 μέλλει
1987 2694 1995 2758 ξ

1987 2691 2187 2758 juravit
2212 2704 2366 2763 ,_uon
2416 2688 2484 2739 ab
2527 2701 2594 2738 eo
2632 2698 2868 2751 tempore
2906 2696 3011 2749 quo
3044 2683 3153 2733 hac
3184 2681 3524 2745 loquebatur,

372 2782 648 2844 σαλπίζειν
689 2785 717 2835 ό
759 2782 984 2852 ἕϐδομος
1014 2784 1255 2850 ἄγγελος.
1284 2785 1372 2836 Διὸ
1400 2785 1493 2836 καὶ
1522 2784 1690 2845 οὓτως
1730 2787 1891 2837 ἀκου-

370 2876 520 2927 στέον
575 2874 711 2942 μετὰ
751 2874 1099 2941 προσθήκης,
1136 2877 1218 2924 ὅτι
1262 2876 1446 2941 χρόνος
1476 2874 1575 2924 οὐκ
1620 2873 1699 2923 ἔτι
1741 2872 1891 2923 ἔσται

368 2963 474 3014 ἀπὸ
500 2961 592 3013 τοῦ
625 2961 739 3014 νῦν.
772 2961 846 3012 Οὐ
876 2961 983 3027 γὰρ
1022 2957 1115 3013 οὖν
1146 2962 1283 3013 κατά
1316 2962 1467 3012 τοῦτο
1497 2964 1525 3012 ό
1565 2962 1743 3030 ὅρκος,
1779 2959 1889 3010 ἀλλ’

1994 2779 2085 2831 sed
2143 2792 2250 2845 quo
2301 2777 2560 2843 septimus
2610 2773 2832 2838 angelus
2865 2772 2987 2822 tuba
3035 2768 3313 2822 caniturus
3363 2778 3524 2821 esset.

1992 2865 2112 2917 Ideo
2138 2879 2350 2931 quoque
2401 2865 2470 2914 ita
2517 2858 2914 2927 intelligendum
2946 2868 3059 2919 est,
3098 2871 3219 2910 cum
3252 2857 3526 2911 additioue

1990 2955 2131 3021 quod
2169 2964 2374 3019 tempus
2406 2951 2656 3016 deinceps
2680 2950 2746 3000 ab
2775 2963 2839 2999 eo
2867 2947 3081 3000 instanti
3119 2962 3226 2999 non
3256 2947 3377 3000 erit.
3419 2945 3526 3001 Ne-

368 3053 445 3105 ὅτι
470 3053 527 3102 ὲν
549 3051 664 3111 ταῖς
691 3050 920 3117 ἡμέραις
951 3049 1046 3117 τῆς
1063 3049 1243 3117 φωνῆς
1270 3049 1362 3100 τοῦ
1386 3049 1611 3117 ἑϐδόμου
1640 3049 1885 3115 ἀγγέλου.
1915 3065 1958 3122 ο
1988 3066 1995 3093 ι

1988 3057 2090 3110 que
2120 3044 2262 3094 enim
2298 3042 2363 3093 de
2390 3041 2634 3107 praesenti
2668 3038 2865 3090 factum
2900 3047 2979 3090 est
3001 3037 3366 3104 jus-amentum
3390 3076 3405 3099 ,
3432 3037 3523 3090 sed

370 3140 519 3193 Κατά
552 3141 734 3207 σχῆμα
771 3137 825 3189 δὲ
874 3138 1152 3206 ἐλλείψεως
1182 3139 1410 3208 εἴρηται.
1470 3138 1729 3192 Ἐλλείπει
1782 3140 1888 3207 γὰρ
1932 3120 1943 3122 ἡ
1990 3131 1995 3181 Ῐ

1990 3131 2040 3182 in
2075 3130 2284 3189 diebus,
2333 3128 2527 3195 inquit,
2559 3125 2706 3177 vocis
2747 3124 2953 3192 septimi
2984 3122 3176 3190 angeli.
3206 3120 3412 3175 Dictum
3442 3129 3527 3174 est

365 3230 441 3290 τὸ,
467 3228 587 3280 τότε
622 3227 773 3279 ἔσται
797 3226 889 3278 τοῦ
921 3227 1108 3296 χρόνον
1153 3230 1184 3297 ἡ
1212 3229 1464 3290 ἀπουσία,
1505 3228 1596 3281 τοῦ
1628 3229 1717 3280 τὸν
1742 3228 1888 3296 ἥλιον

368 3318 439 3389 μὴ
477 3318 692 3388 μετρεῖν
722 3317 785 3368 τά
817 3317 1040 3386 χρονικά
1085 3319 1441 3387 διαστήματα.
1472 3319 1597 3370 Ὅτε
1626 3319 1734 3387 γὰρ
1766 3319 1890 3387 μέλ-

364 3407 439 3458 λει
461 3405 738 3469 σαλπίζειν
760 3408 787 3457 ό
814 3406 1035 3474 ἕϐδομος
1056 3406 1300 3473 ἄγγελος,
1324 3408 1440 3458 τότε
1462 3408 1550 3458 καὶ
1581 3407 1645 3459 τά
1671 3407 1888 3474 χρονικά

364 3497 697 3564 διαστήματα
745 3496 996 3564 ἐλλείψει,
1028 3498 1121 3548 καὶ
1159 3499 1302 3549 πᾶσα
1336 3499 1367 3565 ἡ
1396 3498 1500 3548 τῶν
1534 3498 1741 3549 ἀσεὸὦν
1773 3500 1890 3549 ἐπι·

367 3586 620 3652 στήσεται
670 3582 905 3643 κόλασις.
973 3583 1243 3651 διαφόροις
1293 3585 1553 3645 ὲκδικίαις
1606 3585 1886 3636 συντελου-

367 3675 518 3742 μένη.
551 3671 740 3742 Καιρῷ
765 3671 1050 3739 τοιγαροῦν
1076 3672 1150 3738 τῷ
1174 3678 1496 3740 προσήκοντι
1520 3674 1883 3735 σαλπίζοντος,

364 3763 509 3814 ἔσται
544 3761 846 3822 συντέλεια,
879 3762 939 3811 οὐ
970 3759 1062 3810 νῦν
1092 3759 1179 3810 ὅτε
1201 3761 1257 3809 ἐν
1289 3762 1351 3827 τῇ
1379 3759 1574 3829 Θεωρία
1606 3761 1665 3811 τὸ
1704 3761 1887 3812 σαλπί-

366 3866 471 3902 σαι.
500 3850 654 3901 Κατά
693 3848 748 3900 δὲ
792 3848 881 3899 τὸν
907 3851 1241 3913 προσήκοντα
1273 3849 1459 3915 καιρὸν
1488 3849 1580 3899 καὶ
1604 3849 1670 3899 τὰ
1705 3848 1886 3901 σαλπί-

364 3940 518 4001 ζοντα
573 3938 722 3997 τέλος
770 3937 1027 4003 λήψεται,
1076 3936 1226 4004 φησὶ,
1274 3937 1366 3987 καὶ
1435 3937 1491 3987 τὸ
1545 3937 1885 4004 μυστὴριοιό

364 4027 672 4097 εὐηγγέλισε
694 4026 819 4088 Θεὸς
846 4028 953 4087 τοῖς
977 4025 1166 4077 ἑαυτοῦ
1195 4024 1395 4086 δούλοις
1418 4028 1526 4085 τοῖς
1565 4028 1879 4092 προφήταις.

369 4116 523 4184 ’Ᾱχρι
552 4116 659 4185 γὰρ
683 4116 780 4182 τῆς
816 4116 1045 4183 κρίσεως
1074 4115 1163 4165 καὶ
1196 4115 1288 4182 τῆς
1324 4114 1429 4165 τῶν
1456 4115 1665 4181 ἑκάστῳ
1700 4113 1885 4180 βεϐιω-

368 4206 534 4272 μένων
586 4204 921 4266 ἀντιδόσεως,
959 4204 1362 4273 προεφήτευσαν
1391 4205 1438 4255 oi
1490 4202 1779 4272 προφῆται.
1821 4205 1884 4253 Ὂ

364 4296 451 4345 καὶ
485 4294 681 4362 Παύλῳ
722 4294 797 4362 τῷ
836 4292 965 4363 Θείῳ
996 4295 1158 4354 δοκεῖ,
1202 4293 1448 4360 γλώσσας
1477 4309 1535 4345 τε
1581 4292 1883 4344 παύσεσθαι

1990 3228 2164 3271 autem
2208 3233 2302 3284 per
2330 3218 2549 3285 ﬁguram
2577 3215 2801 3281 ellipsis,
2830 3214 2878 3265 id
2911 3224 2995 3266 est
3041 3210 3278 3264 defectus
3312 3210 3528 3264 :delicit

1987 3308 2150 3359 enim.
2181 3304 2333 3357 Tuae
2360 3306 2462 3357 erit
2491 3305 2748 3372 temporis
2779 3302 2897 3355 tiuis
2931 3302 3008 3354 vel
3037 3300 3279 3353 absentia
3300 3338 3315 3362 ,
3357 3308 3413 3352 ut
3446 3299 3526 3352 sol

1988 3411 2091 3448 non
2138 3396 2445 3447 dimetiatur
2509 3393 2822 3461 temporalia
2880 3388 3174 3443 intervalla.
3251 3389 3525 3461 bZiquidem

1990 3485 2077 3537 ubi
2126 3484 2400 3536 caniturus
2439 3494 2519 3535 est
2577 3483 2833 3550 septimus
2884 3480 3134 3548 angelus,
3187 3488 3315 3530 time
3364 3477 3523 3530 etiam

1987 3574 2297 3640 temporalia
2329 3574 2495 3639 spatia
2525 3588 2618 3625 seu
2669 3570 2943 3623 intervalla
2975 3568 3220 3622 deﬁcient
3259 3586 3272 3621 :
3318 3574 3373 3623 et
3401 3568 3522 3620 uni-'-

1988 3678 2140 3717 versa
2200 3663 2486 3729 impiorum
2540 3660 2746 3728 punitio
2809 3659 3139 3722 imminebit,
3202 3648 3321 3726 qua}
3363 3657 3527 3711 variis

1988 3755 2162 3818 pinnis
2215 3752 2534 3818 perficiatur.
2588 3749 2722 3801 Cum
2781 3749 2945 3816 igitur
2997 3763 3233 3816 congruo
3290 3759 3527 3814 tempore

1988 3841 2267 3891 caniturus
2304 3849 2402 3899 est,
2434 3838 2539 3887 erit
2565 3836 2980 3897 eousunnnatio,
3005 3846 3112 3887 non
3142 3849 3283 3887 nunc
3309 3836 3525 3901 quando

1987 3922 2042 3975 in
2086 3924 2529 3988 contemplatione
2582 3922 2705 3973 tuba
2743 3922 2907 3975 cauit.
2948 3921 3296 3974 Convenicuti
3344 3931 3521 3974 autent

1990 4020 2229 4081 tempore
2263 4014 2420 4065 linem
2452 4027 2663 4080 quoque
2710 4012 2974 4079 accipient
3005 4027 3124 4079 quae
3157 4012 3281 4065 tuba
3321 4027 3523 4064 canun-

1988 4112 2094 4163 tur,
2137 4103 2327 4169 inquit,
2380 4113 2433 4156 et
2478 4102 2786 4171 mysterium
2818 4102 2957 4170 quod
2991 4101 3329 4154 annuutiavit
3384 4101 3522 4153 Deus

1988 4192 2157 4246 servis
2194 4193 2307 4246 suis
2354 4192 2644 4260 pmplietis.
2678 4190 2810 4243 Nam
2864 4206 3036 4259 usque
3078 4191 3144 4244 ad
3174 4191 3432 4258 judicium
3470 4204 3523 4249 et

1988 4299 2171 4336 eorum
2223 4284 2587 4349 repcnsionem
2642 4298 2758 4351 quze
2796 4285 3021 4350 quisque
3064 4282 3114 4335 in
3158 4284 3259 4336 vita
3299 4284 3520 4352 peregit,

364 4381 477 4433 κατ’
509 4384 681 4434 ὲκεῐνο
714 4361 947 4452 καιροῦ,
970 4384 1064 4436 καὶ
1102 4385 1430 4453 προφητείας
1473 4383 1879 4454 καταργηθήσε-
1918 4362 1957 4413 D
1990 4391 1995 4407 ‘

1990 4373 2261 4425 vaticinati
2290 4381 2413 4424 sunt
2444 4373 2711 4439 prOpbetre
2741 4390 2753 4424 :
2779 4373 2918 4438 quod
2954 4381 3006 4424 et
3035 4373 3157 4424 divo
3188 4370 3354 4431 Paulo,
3384 4361 3519 4427 vidc-

365 4470 501 4522 σθαι.
536 4468 939 4540 Εὐαγγελισμδν
966 4473 1022 4525 δὲ
1064 4474 1163 4542 τὴν
1205 4474 1405 4525 τούτων
1447 4475 1667 4527 ἔκϐασιν
1702 4474 1875 4538 καλεῖ,

358 4553 440 4607 διὰ
465 4556 563 4626 τὴν
592 4560 994 4629 ἡτοιμασμένην
1023 4565 1132 4624 τοῖς
1158 4562 1329 4627 ἁγίοις
1352 4564 1671 4616 ἀνάπαυσιν.

424 4811 529 4864 Kal
572 4811 611 4875 ἡ
635 4812 800 4879 φωνὴ
830 4814 907 4880 ἦν
941 4816 1173 4883 ἤκουσα
1193 4820 1259 4871 ἐκ
1288 4820 1391 4873 τοῦ
1418 4820 1669 4886 aii-parci!
1699 4822 1881 4872 1rd!»-

358 4900 626 4953 ,καλοῦσα
671 4906 795 4967 μετ’
850 4906 994 4971 ἐμοῦ
1033 4909 1128 4961 καί
1168 4909 1429 4974 λέγουσα
1456 4927 1469 4941 ’
1524 4912 1749 4977 “rixari;
1780 4911 1875 4962 καὶ

357 4989 493 5042 ,λάϐε
536 4989 603 5041 τὸ
641 4989 1007 5059 βῶλιὸἁριον
1032 5000 1097 5049 τὸ
1126 4998 1491 5068 ἀνεῳγμένον
1525 5000 1593 5051 ἐν
1617 4999 1688 5066 τῇ
1728 5001 1878 5068 χειρί

357 5078 455 5131 τοῦ
481 5076 735 5145 ἀγγέλου
756 5081 860 5132 τοῦ
884 5082 1135 5150 ἑστῶτος
1158 5088 1253 5139 ἐπί
1293 5088 1397 5154 τῆς
1422 5089 1733 5155 θαλάσσης
1779 5090 1873 5143 καί

1985 4474 2092 4524 tur,
2133 4477 2322 4528 nempe
2377 4462 2582 4527 linguas
2631 4476 2695 4514 eo
2740 4472 2977 4527 tempore
3026 4474 3327 4515 cessaturas
3378 4478 3516 4524 esse,

1984 4553 2142 4623 739
2162 4561 2213 4604 et
2242 4551 2545 4619 proplnrtias
2577 4550 2888 4603 aboleudas.
2922 4549 3120 4601 Horum
3147 4561 3325 4603 autem
3352 4566 3514 4605 even-

1984 4655 2097 4698 tum
2127 4650 2277 4696 vocai
2304 4641 2714 4708 εὐαγγελισμὸν,
2747 4640 2799 4693 id
2833 4646 2913 4691 est
2943 4639 3117 4691 laetam
3148 4641 3515 4694 annuntiatio-

1988 4751 2127 4793 nem.
2167 4743 2378 4800 propter
2417 4716 2652 4799 paratam
2686 4731 2887 4783 sanctis
2921 4730 3183 4796 requiem.

2056 4822 2146 4884 IX,
2166 4823 2217 4885 8,
2233 4822 2288 4873 9.
2315 4820 2378 4871 Et
2406 4835 2501 4871 rex
2514 4835 2665 4886 quam
2683 4820 2852 4870 audivi
2868 4820 2929 4869 de
2945 4820 3066 4871 uelo
3089 4836 3291 4871 rursum
3305 4821 3512 4889 loquens

1984 4930 2195 4974 merum,
2231 4923 2277 4964 et
2301 4913 2471 4964 dicens
2496 4928 2514 4964 :
2542 4912 2658 4972 Abi,
2687 4921 2734 4963 et
2771 4915 2940 4978 accipe
2964 4912 3187 4966 libellum
3205 4922 3432 4980 apertum
3453 4917 3514 4965 dc

1984 5020 2138 5057 manu
2180 5002 2349 5069 angeli
2381 5003 2563 5053 stantis
2593 5017 2742 5067 super
2783 5019 2921 5054 mare
2948 5015 2992 5056 et
3020 5019 3169 5069 super
3202 5015 3411 5057 terram.
3445 5002 3509 5053 Et

1983 5093 2091 5145 abii
2112 5094 2179 5143 ad
2210 5092 2465 5157 angelum,
2503 5092 2711 5160 dixique
2739 5094 2815 5145 illi
2846 5105 2898 5145 ut
2928 5096 3071 5146 daret
3101 5096 3227 5146 milii
3261 5095 3508 5157 libellum,

354 5166 445 5217 ἐπὶ
493 5165 605 5233 τῆς
643 5166 775 5233 γῆς.
816 5170 927 5222 Kal
971 5172 1245 5239 ἀπῆλθον
1281 5178 1429 5243 πρὸς
1477 5180 1581 5230 τὸν
1616 5179 1874 5247 ἄγγελον
1977 5206 1995 5235 ε

1977 5192 2028 5235 ει
2052 5183 2125 5234 ait
2150 5180 2275 5233 mihi
2300 5196 2317 5234 :
2344 5179 2545 5249 Accipe,
2574 5192 2622 5234 et
2666 5184 2850 5236 devora
2884 5185 3052 5237 illum:
3078 5195 3122 5235 ct
3165 5184 3317 5249 faciet
3363 5200 3508 5235 ama—

356 5256 540 5326 λέγων
567 5253 740 5323 αὐτῷ,
757 5256 965 5311 δοῦναί
986 5279 1085 5327 μοι
1114 5265 1177 5316 τὸ
1196 5268 1582 5335 βιϐλιδάριον,
1602 5272 1695 5323 καὶ
1722 5274 1882 5339 ,λέγει
1977 5289 1995 5323 ι

1977 5272 2136 5325 iicari
2158 5282 2373 5325 ventrem
2404 5282 2567 5336 tuum,
2604 5274 2691 5324 sed
2724 5275 2777 5325 in
2806 5290 2891 5327 ore
2923 5286 3008 5326 tuo
3056 5275 3149 5326 crit
3186 5275 3350 5326 dulcis
3390 5284 3506 5326 tau-

355 5358 449 5406 μοι
470 5360 483 5373 ·
514 5343 666 5398 Λάϐε
694 5343 787 5396 καὶ
819 5344 1116 5415 κατάφαγε
1143 5355 1305 5417 αὐτὸ,
1337 5358 1432 5408 καὶ
1472 5357 1742 5423 πικρανεῖ
1766 5375 1880 5411 σου
1974 5377 2129 5431 quant
2160 5361 2275 5413 mel.

360 5436 467 5502 τὴν
487 5438 733 5499 κοιλίαν,
754 5439 888 5491 ἀλλ’
908 5439 977 5493 ὲν
1004 5439 1081 5503 τῷ
1107 5445 1349 5511 στόματί
1370 5464 1482 5501 σου
1503 5450 1667 5503 ἔσται
1692 5451 1880 5517 γλυκὺ
1916 5453 1993 5518 ὡς
2010 5453 2162 5523 μέλι.

420 5591 467 5626 ⁸⁸⁷
518 5589 650 5646 Gen.
685 5608 814 5651 χχιι,
847 5592 910 5639 Ni
