4106 6334
761 338 866 400 643

1569 335 1885 395 ΛΒΕΤΠΕ
1918 335 2286 395 ΟΙΕΒΑΒΕᾹΞ
2324 334 2789 394 CAPPADOCM!
2826 333 3157 393 EPISCOPI

3811 329 3923 396 8U

722 440 729 451 ’
831 449 1050 514 (lportct
1097 446 1161 500 ad
1200 445 1482 513 pleniorem
1518 460 1698 497 eorum
1743 458 1862 510 quae
1908 444 2161 496 dicuntur
2214 444 2297 495 in-
2331 451 2371 504 Α
2471 446 2592 495 Δεϊτ

2471 446 2559 495 Δεῖ
2583 444 2714 511 πρὸς
2741 443 3114 512 ἐντελεστέραν
3133 444 3245 495 τῶν
3272 442 3573 511 λεγομένων
3617 443 3813 509 γνῶσιν
3843 444 3925 510 τῷ

762 536 1123 602 ti-lligentiam,
1172 546 1263 587 aut
1308 536 1567 603 praedictae
1610 536 1884 587 sentcntia-
1938 541 2121 599 aptare
2171 548 2290 584 ver-

766 628 888 677 bum
914 626 1325 685 substantivmu,
1347 635 1403 675 ut
1429 625 1497 677 sit
1520 638 1709 677 sensus
1734 641 1747 675 :
1776 625 1838 674 lit
1873 636 1971 674 vox
2004 637 2163 689 quant
2196 637 2286 673 an-

763 716 869 765 divi
900 715 965 766 de
997 720 1148 775 εαξη),
1182 729 1392 767 rursum
1431 725 1544 766 erat
1598 715 1821 779 loquens
1867 727 2073 764 mecum
2108 721 2161 763 et
2210 713 2294 763 di-

762 816 889 852 cens
924 818 935 851 :
973 809 1082 861 aut,
1124 798 1272 852 llanc
1319 815 1499 853 vocem
1537 799 1713 852 audivi
1770 814 1984 852 rursum
2030 800 2291 851 dicentem

766 888 891 939 mihi
928 906 941 939 :
971 890 1068 939 hoc
1110 899 1284 940 autem
1315 900 1415 952 est,
1448 908 1466 939 ι
1497 889 1685 941 Audivi
1742 905 1951 941 rursum
1984 889 2286 940 dicentem:

760 978 950 1035 Abi.et
979 978 1157 1043 accipe
1177 978 1667 1046 Iibellumapertum
1688 981 1751 1029 de
1771 994 1929 1031 manu
1962 979 2131 1045 angeli
2154 986 2292 1029 stan-

761 1068 826 1118 tis
850 1082 1010 1133 super
1028 1082 1171 1119 mare
1196 1075 1247 1119 et
1268 1081 1425 1136 super
1457 1069 1781 1121 terramaEt
1812 1069 1898 1121 hic
1918 1069 2019 1119 alia
2046 1068 2290 1134 quaedam

758 1156 1074 1207 eminentior
1130 1156 1367 1224 angelica
1427 1166 1661 1224 potestas
1735 1158 1941 1209 videtur
2007 1156 2294 1223 przccipere

758 1245 1114 1311 evangelista,
1178 1254 1235 1295 ut
1263 1260 1355 1311 per
1417 1246 1610 1297 librum
1666 1244 2025 1311 cognitionem
2069 1244 2294 1310 accipiat

762 1347 947 1385 eorum
967 1348 1086 1399 qua:
1112 1334 1330 1387 oraculo
1350 1336 1709 1387 tradebantur.
1745 1336 1882 1399 Quid
1910 1345 2086 1387 autem
2113 1338 2294 1402 tuque-

761 1421 915 1472 batur
941 1418 965 1471 ?
995 1420 1061 1473 Ut
1093 1433 1305 1489 caperet
1331 1425 1522 1476 librum
1554 1426 1620 1476 ab
1646 1426 1855 1490 angelo.

830 1595 1019 1662 Accipe
1043 1608 1090 1648 et
1108 1598 1294 1649 devora
1314 1598 1483 1660 illum,
1513 1607 1618 1652 etc.
1644 1598 1799 1651 Juxta
1835 1600 1975 1666 quod
2000 1602 2126 1653 milii
2159 1617 2291 1667 prte-

760 1698 800 1734 οι
823 1693 965 1749 ptum
1007 1692 1142 1745 erat,
1178 1686 1369 1752 inquit,
1402 1685 1507 1739 abii
1537 1687 1601 1739 ad
1630 1688 1875 1755 angelum
1928 1700 2116 1755 petens
2140 1691 2291 1743 libel-

2393 535 2727 601 προκειμένῳ
2757 534 2993 602 ρητῷ,ἢ
3044 532 3105 583 τὸ
3151 533 3478 599 ὑπαρκτικδν
3519 534 3664 600 ῥῆμα
3697 534 3929 600 προσνέ-

2364 615 2533 687 ’μειν,
2557 622 2630 681 ὠς
2658 615 2790 671 εἶναι
2822 618 2987 681 οὕτως
3012 636 3027 651 ο
3063 620 3170 671 Καὶ
3190 622 3222 687 ἡ
3253 622 3399 687 φωνὴ
3427 623 3491 687 ἦν
3523 622 3725 687 ηκουσα
3748 622 3811 671 ὲκ
3830 617 3929 671 τοῦ

2392 708 2635 775 οὐρανοῦ,
2667 704 2733 776 ἧν
2768 708 2926 758 πάλιν
2953 707 3185 760 λαλοῠσα
3208 707 3321 775 μετ’
3351 708 3481 775 ἐμοῦ
3524 710 3615 758 καὶ
3650 708 3879 775 λέγουσα

2394 797 2449 865 ἢ,
2509 798 2717 865 Ταύτην
2737 797 2832 865 τὴν
2866 797 3044 865 φωνὴν
3092 798 3295 867 ηκουσα
3323 796 3479 849 πάλιν
3517 796 3773 863 λέγουσαν
3805 798 3929 865 μετ’

2392 884 2543 952 ἐμοῦ.
2580 885 2745 936 Τοῦτο
2774 885 2827 936 δέ
2856 888 2968 936 ἐστι.
3010 885 3090 946 τδ,
3122 903 3140 934 ι
3179 885 3417 935 Ἤκουσα
3452 884 3609 936 πάλιν
3641 883 3924 948 λέγουσαν⁸

2393 974 2603 1039 ’Υπαγε
2651 976 2741 1026 καὶ
2789 974 2916 1026 λάϐε
2950 974 3008 1026 τὸ
3037 974 3359 1041 βιϐλιδάριον
3391 973 3453 1025 τὸ
3496 974 3831 1043 ἀνεῳγμένον
3863 976 3929 1024 ἐν

2391 1066 2453 1130 τῇ
2490 1064 2629 1132 χειρὶ
2663 1063 2752 1114 τοῦ
2777 1063 3003 1129 ἀγγέλου
3023 1062 3113 1114 τοῦ
3145 1063 3373 1124 ἑστῶτος
3411 1062 3504 1115 ἐπὶ
3528 1065 3624 1130 τῆς
3651 1063 3928 1129 θαλάσσης

2393 1154 2483 1203 καὶ
2505 1154 2595 1203 ἐπὶ
2643 1153 2739 1218 τῆς
2795 1153 2915 1220 γῆς.
2954 1171 2972 1203 ι
3004 1152 3288 1205 Κάνταῦθα
3341 1154 3473 1223 ἄλλη
3528 1170 3610 1215 τις
3656 1153 3927 1220 ἀγγελικὴ

2394 1242 2661 1309 ὑπερτέρα
2708 1240 2927 1307 δύναμις
2994 1241 3067 1309 τῷ
3124 1242 3478 1309 εὐαγγελιστῇ
3514 1241 3924 1312 ⁴ἐγκελεύεσθαι

2393 1328 2630 1393 φαίνεται
2652 1328 2735 1379 διὰ
2757 1328 2848 1379 τοῦ
2884 1329 3080 1396 βιϐλίου
3108 1332 3205 1399 τὴν
3240 1330 3439 1397 γνῶσιν
3470 1331 3575 1382 τῶν
3601 1332 3928 1400 χρησμῳὸη-

2393 1417 2591 1467 θέντων
2625 1418 2998 1480 ὑποδέξασθαι.
3036 1421 3099 1470 Τί
3157 1420 3210 1471 δὲ
3265 1420 3475 1485 ὲλάλει;
3512 1422 3706 1473 Λαϐεῑν
3742 1421 3803 1473 τὸ
3839 1420 3926 1489 βι-

2393 1505 2535 1555 ϐλίον
2568 1508 2630 1557 ἐκ
2658 1506 2750 1556 τοῦ
2779 1507 3027 1573 ἆγγέωυ.

2460 1595 2609 1646 Λάϐε
2658 1594 2756 1646 καί
2802 1596 3097 1663 κατάφαγε
3146 1598 3287 1650 αὐτὸ
3310 1636 3325 1660 ,
3357 1598 3450 1650 καὶ
3486 1598 3627 1665 ἑξῆς.
3671 1599 3827 1651 Κατὰ
3862 1601 3928 1649 τὸ

2397 1681 2731 1749 προσταχθέν
2763 1698 2872 1747 μοι,
2906 1683 3087 1749 φησὶν,
3121 1682 3355 1749 ἀπῆλθον
3398 1682 3532 1750 πρὸς
3576 1681 3667 1732 τὸν
3691 1681 3924 1747 ἄγγελον

763 1772 893 1831 ιιιιιι,
929 1783 979 1822 et
1014 1785 1287 1839 acceptum
1327 1775 1531 1827 comedi
1569 1775 1719 1841 juxta
1752 1776 1893 1829 illius
1946 1789 2287 1846 praeceptum,
2326 1785 2364 1836 Β
2393 1771 2592 1822 αἰτῶν·

2393 1771 2555 1822 αἰτῶν
2583 1771 2644 1821 τὸ
2699 1770 3042 1840 βιϐλιδάριον,
3094 1771 3192 1846 καὶ
3238 1770 3415 1821 λαϐὼν
3462 1772 3659 1837 ἔφαγον
3694 1772 3833 1822 κατά
3862 1772 3929 1820 τὸ

760 1858 873 1924 qui,
917 1869 973 1911 ut
1009 1860 1055 1911 ei
1081 1876 1292 1927 quoque
1314 1860 1484 1913 visum
1517 1863 1685 1915 fuerat
1712 1864 1802 1930 qui
1832 1863 2069 1927 dederat,
2104 1867 2157 1917 in
2187 1866 2290 1918 ini-

762 1948 835 1998 tiu
860 1950 1029 2001 dulcis
1047 1960 1159 2002 erat
1188 1959 1402 2018 propter
1423 1950 1726 2005 futurorum
1747 1955 2103 2023 cognitionem
2134 1972 2287 2009 :nam

760 2038 861 2090 hoc
886 2039 1128 2106 designat
1170 2046 1262 2106 per
1290 2056 1370 2103 us,
1400 2041 1522 2108 quia
1553 2057 1645 2108 per
1669 2042 1839 2108 ipsum
1870 2043 1925 2095 lit
1954 2044 2160 2096 initium
2194 2060 2288 2097 co-

759 2127 1062 2181 mestionis:
1097 2143 1257 2195 porto
1286 2146 1501 2184 amarus
1540 2133 1733 2184 eratin
1784 2144 1988 2195 ventre,
2050 2146 2284 2188 ventrem

762 2216 946 2268 dicens
978 2218 1141 2269 animi
1176 2220 1640 2285 recogitationem,
1679 2222 1792 2274 sive
1820 2236 2161 2290 progressum
2195 2240 2286 2276 ra-

758 2304 1034 2355 tionalinm
1068 2310 1460 2360 alimentorum.
1495 2310 1756 2373 Quoniam
1775 2312 1915 2362 enim
1947 2322 2166 2365 noverat
2188 2315 2289 2365 im-

758 2392 965 2453 piorum
1001 2393 1280 2457 supplicia,
1311 2410 1429 2459 qua:
1456 2396 1522 2448 ab
1553 2410 1738 2449 eorum
1778 2413 1897 2465 qua:
1930 2414 1959 2451 a
1989 2399 2096 2453 Deo
2131 2416 2288 2467 sepa-

760 2479 857 2528 rati
903 2489 1057 2531 erant
1116 2483 1369 2547 operibus
1423 2486 1819 2549 procedebant:
1872 2497 2092 2541 noverat
2129 2493 2287 2543 etiam

756 2566 898 2632 quod
927 2566 1036 2618 ha-e
1066 2571 1275 2628 notitia.
1311 2586 1499 2638 nempe
1524 2575 1661 2637 quod
1698 2574 1941 2628 homines
1964 2577 2049 2629 sui
2081 2579 2289 2644 generis

759 2652 867 2705 Deo
901 2655 1241 2711 abominandi
1274 2671 1473 2724 essent,
1507 2669 1560 2713 et
1592 2661 1662 2713 ob
1689 2662 1739 2715 id
1772 2664 1961 2717 merito
1989 2666 2287 2734 in’suppli-

756 2741 835 2792 cia
884 2743 1188 2809 abiiciendi,
1231 2761 1391 2800 causa
1423 2746 1557 2802 foret
1587 2751 1961 2806 amaritudinis
2000 2754 2052 2805 in
2099 2769 2163 2808 eo
2192 2755 2286 2823 qui

753 2832 1200 2898 contemplatione
1222 2836 1419 2901 dignus
1441 2837 1746 2903 haberetur,
1773 2841 1842 2893 0b
1862 2843 2283 2910 compassionem

753 2929 877 2984 erga
916 2917 1037 2972 illos
1060 2921 1150 2987 qui
1184 2924 1262 2975 sui
1298 2926 1508 2992 generis
1533 2936 1731 2980 essent.
1764 2927 1947 2982 Potest
1981 2930 2079 2984 huc
2111 2933 2271 2985 etiam

754 3006 913 3059 modo
936 3007 1001 3059 de
1028 3008 1109 3062 his
1138 3011 1239 3064 diei
1270 3028 1284 3063 :
1313 3011 1576 3077 Quoniam
1611 3016 1664 3068 in
1702 3016 1801 3071 hoc
1846 3020 1979 3072 libro
2011 3021 2278 3090 descripta

2394 1858 2596 1910 ἐκείνου
2636 1858 2980 1927 πρόσταγμα,
3012 1859 3039 1911 ὁ
3070 1840 3161 1909 ἰαὶ
3191 1854 3288 1927 ἦν,
3318 1860 3389 1919 ὡς
3411 1859 3578 1910 ἐδόκει
3612 1859 3701 1910 καὶ
3732 1858 3808 1926 τῷ
3835 1858 3930 1908 δε-

2387 1947 2598 2011 δωκότι,
2649 1948 2818 2015 γλυκὺ
2861 1949 2959 2016 μὲν
3005 1948 3121 1998 κατ’
3151 1948 3343 2016 ἀρχὰς,
3378 1947 3465 1999 διὰ
3510 1949 3607 2016 τὴν
3655 1947 3762 1998 τῶν
3799 1947 3931 2015 μελο

2386 2037 2583 2089 λόντων
2609 2038 2805 2104 γνῶσιν
2827 2053 2843 2069 ο
2892 2037 3049 2091 τοῦτο
3077 2038 3180 2106 γὰρ
3208 2038 3503 2089 αἰνίττεται
3536 2038 3621 2089 διὰ
3654 2037 3746 2088 τοῦ
3802 2038 3896 2088 στὸ

2388 2124 2576 2193 ματος,
2616 2126 2697 2176 ὅτι
2717 2125 2785 2177 δι’
2811 2124 2974 2177 αὐτοῦ
3005 2127 3038 2193 ἠ
3069 2125 3161 2177 τοῦ
3210 2125 3407 2176 ἐσθίειν
3443 2125 3616 2193 ἀρχή·
3648 2125 3841 2194 πικρδν
3866 2126 3928 2177 δὲ

2385 2216 2441 2267 ὲν
2461 2214 2657 2282 κοιλία,
2684 2213 2886 2287 κοιλίαν
2911 2214 2973 2265 τὸ
3003 2214 3334 2283 διανοητικὸν
3355 2214 3524 2280 λέγων
3559 2214 3591 2283 ἢ
3624 2216 3928 2283 χωρητικὸν

2382 2302 2487 2354 τῶν
2517 2301 2742 2369 λογικῶν
2768 2302 2999 2371 τροφῶν.
3039 2302 3189 2355 Ἐπεὶ
3214 2302 3319 2367 γάρ
3351 2302 3489 2366 ἔγνω
3522 2301 3618 2363 τὶς
3648 2302 3754 2353 τῶν
3789 2303 3918 2353 ἀσε-

2384 2390 2490 2440 ϐῶν
2546 2389 2788 2453 κολάσεις
2841 2391 2900 2456 ἐξ
2961 2390 3134 2459 ἔργων
3185 2390 3479 2459 ἐσχηκυίας
3528 2391 3624 2459 τὴν
3690 2389 3928 2459 ὓπαρξιν

2383 2476 2487 2527 τῶν
2512 2478 2873 2547 ἀπηχημένων
2904 2477 3039 2545 Θεῷ,
3070 2478 3206 2545 ἔγνω
3231 2480 3325 2530 καὶ
3349 2479 3424 2538 ὡς
3450 2478 3525 2547 τῷ
3554 2480 3649 2545 τῆς
3688 2479 3925 2549 θεωρίιις

2383 2565 2661 2634 ἠξιωμένῳ
2706 2566 2790 2617 διὰ
2832 2567 3166 2635 συμπάθειαν
3222 2567 3314 2619 τοῦ
3363 2568 3650 2634 ὁμογενοῦς
3691 2570 3921 2636 πικρίας

2384 2654 2662 2721 παραίτιον
2702 2657 2983 2723 γενήσεται
3019 2658 3053 2725 ἡ
3082 2656 3277 2721 γνῶσις
3313 2656 3405 2707 τοῦ
3460 2657 3745 2725 ὁμογενοῦς
3776 2658 3927 2709 ἐϐδε-

2382 2741 2647 2809 λυγμένου
2671 2742 2808 2811 Θεῷ,
2840 2745 2933 2796 καὶ
2958 2746 3042 2797 διὰ
3067 2745 3220 2797 τοῦτο
3271 2746 3551 2797 κολάσεσιν
3576 2746 3739 2808 ἀξίως
3789 2748 3923 2798 ὑπο-

2383 2832 2798 2902 ϐληθησομένου.
2834 2836 2986 2886 Ἐστι
3013 2835 3104 2885 καὶ
3130 2834 3300 2897 οὕτως
3332 2836 3457 2903 περὶ
3483 2833 3682 2887 τούτων
3705 2837 3879 2887 εἰπεῖν
3911 2854 3922 2864 ·

2384 2922 2490 2975 Καὶ
2519 2923 2701 2991 ἐπειδὴ
2734 2924 2791 2974 ὲν
2823 2923 2898 2992 τῷ
2930 2923 3115 2993 βιϐλίῳ
3152 2923 3322 2993 τούτῳ
3369 2926 3519 2976 πᾶσα
3544 2925 3925 2993 ὶναπὸγραφος

2380 3014 2412 3081 ἡ
2462 3011 2568 3063 τῶν
2614 3014 2669 3063 ἐν
2712 3011 2843 3081 τῷδε
2895 3013 2971 3082 τῷ
3000 3013 3097 3082 βίῳ
3144 3013 3681 3081 ὲμπεπολιτευμένων
3712 3017 3925 3080 ἀγωγὴ,

668 3136 671 3141 ,
752 3103 904 3145 erant
928 3096 1172 3149 universa
1211 3101 1381 3152 studia
1412 3117 1596 3155 eorum
1625 3105 1715 3171 qui
1748 3106 1801 3157 in
1826 3106 1924 3159 hac
1951 3108 2054 3160 vita
2090 3086 2283 3163 versati
2311 3086 2353 3140 (ἶ
2387 3100 2592 3162 εἰκότως

2387 3100 2603 3162 είκότως
2635 3104 2753 3153 κατ’
2780 3103 2953 3169 ἀρχὰς
2988 3105 3083 3170 μὲν
3110 3103 3166 3154 ὲν
3195 3106 3259 3172 τῇ
3284 3102 3390 3154 τῶν
3416 3103 3793 3169 ἀγαθουργιῶν
3838 3105 3928 3154 εὑ-

759 3179 964 3233 t’uerant
1005 3186 1193 3236 merito
1222 3186 1374 3252 juxta
1399 3188 1546 3241 initia
1584 3192 1798 3257 quidem
1839 3194 1888 3243 in
1930 3193 2067 3247 felici
2119 3197 2285 3249 bono—

2385 3191 2542 3258 τυχία
2570 3190 2931 3258 γλυκανοῆναι
2952 3192 3213 3258 ἐφαίνετο.
3249 3192 3369 3243 Ἐπὶ
3399 3192 3529 3244 πολὺ
3559 3193 3613 3244 δὲ
3636 3192 3925 3259 προϐάντι,

758 3282 873 3319 rum
910 3282 1129 3335 operum
1162 3286 1411 3326 successu
1440 3277 1753 3352 dulcescere'
1772 3280 2058 3350 videbatur
2082 3299 2097 3334 :
2122 3297 2284 3350 porro
2384 3279 2520 3346 ὅπερ
2548 3280 2580 3346 ἡ

2384 3279 2520 3346 ὅπερ
2548 3280 2580 3346 ἡ
2613 3280 2909 3342 κατάποσις
2938 3282 3257 3349 εἰσηγεῖται,
3280 3282 3374 3333 καὶ
3402 3285 3517 3342 ταῖς
3549 3279 3653 3332 τῶν
3681 3283 3917 3349 κακούρί

765 3353 853 3404 ubi
890 3354 1103 3422 longius
1148 3361 1518 3425 processisset,
1570 3364 1713 3429 quod
1761 3365 1958 3418 indicat
2002 3368 2288 3422 demi-andi
2388 3383 2498 3433 γων
2533 3385 2592 3428 πε

2388 3383 2498 3433 γων
2533 3368 2922 3437 περιενεχθέντι
2942 3370 3252 3438 βδελυρίαις,
3292 3371 3478 3438 ὀδύνης
3512 3370 3925 3439 ἀναπλησθῆναι

756 3453 880 3500 vox,
916 3450 967 3492 et
1018 3443 1069 3493 in
1106 3458 1389 3509 pravorum
1425 3448 1845 3502 abominationes
1885 3454 2171 3518 perductus
2204 3470 2290 3507 es-
2391 3456 2485 3506 καὶ
2542 3473 2592 3506 πι

2391 3456 2485 3506 καὶ
2542 3458 2761 3525 πικρίας
2790 3473 2803 3486 '
2858 3458 3065 3527 ὀδύνης,
3103 3459 3187 3512 διὰ
3215 3461 3304 3510 τὸν
3333 3461 3394 3511 ὲκ
3417 3460 3521 3511 τῶν
3546 3459 3790 3526 βασάνων
3816 3460 3928 3511 τῶν

758 3534 857 3595 set,
889 3527 1046 3596 740
1071 3533 1307 3585 cruciatu
1338 3541 1385 3585 et
1419 3537 1773 3590 amaritudine
1801 3540 2099 3606 replebatur
2123 3558 2137 3593 :
2165 3557 2288 3595 cru-
2391 3545 2592 3613 ἅμαρτε

2391 3545 2722 3613 ἁμαρτωλῶν
2769 3547 3055 3614 ὀλολυγμὸν
3075 3564 3089 3579 ⁸
3122 3549 3343 3616 πικρίας
3367 3585 3383 3609 ,
3412 3549 3491 3600 ὅτι
3522 3547 3593 3616 μὴ
3639 3547 3927 3615 ἐνάμιλλοι

758 3614 895 3667 ciatn
921 3619 1154 3683 quidem,
1185 3630 1399 3689 propter
1428 3623 1686 3691 ejulatum
1712 3638 2053 3694 peccatorum
2082 3645 2144 3683 es
2171 3638 2283 3685 tor-
2389 3633 2482 3684 καὶ
2502 3634 2592 3686 αὐτ

2389 3633 2482 3684 καὶ
2502 3634 2649 3686 αὐτοὶ
2679 3637 2947 3702 ὁμογενεῖς
2965 3636 3110 3698 ὁντες
3135 3614 3242 3698 τοῖς
3268 3614 3671 3704 κατωρθωκὸσιν
3694 3614 3895 3705 ἠνέχθη
3912 3667 3925 3673 -

760 3706 991 3758 mentis:
1038 3709 1393 3763 amaritudine
1421 3727 1566 3776 vero,
1596 3714 1719 3782 quia
1758 3726 1943 3770 contra
1972 3718 2044 3771 illi
2074 3720 2164 3787 qui
2198 3720 2281 3774 sui
2389 3722 2585 3776 σαν.Ἢ

2389 3722 2585 3776 σαν.Ἦ
2610 3722 2722 3785 πῶς
2750 3724 2814 3776 ἂν
2831 3725 2889 3776 τὸ
2911 3725 3083 3791 λόγιον
3110 3726 3370 3779 ὲκτελεϊτο
3396 3727 3473 3787 τὸ,
3494 3744 3512 3776 ι
3537 3725 3755 3795 Χαίρειν
3784 3726 3927 3794 μετα

754 3796 962 3888 {generis
990 3806 1161 3863 erant,
1192 3814 1259 3852 ne
1289 3816 1378 3854 eos
1408 3803 1618 3870 quidem
1671 3804 1903 3859 tulerant
1932 3810 2022 3877 qui
2071 3810 2278 3879 egregia
2300 3871 2316 3888 θ

2385 3813 2701 3881 χαιρόντων,
2736 3816 2823 3867 καὶ
2851 3817 3051 3868 κλαίειν
3081 3818 3216 3885 μετὰ
3252 3818 3577 3884 κλαιόντων;
3608 3836 3627 3868 ι

753 3878 987 3975 {acinora
1018 3887 1393 3975 praestiterant.
1420 3890 1912 3962 Alioquiquomodo
1939 3878 2316 3967 οοιιιριειειιιιδ
2333 3878 2632 3966 oraculum,
2669 3923 2687 3955 ι
2716 3903 2952 3959 Gaudete
3002 3878 3119 3959 cuin
3150 3908 3505 3975 gaudentibus
3527 3878 3579 3962 et
3630 3905 3750 3960 ﬂete
3792 3921 3922 3961 ctnn

753 3972 999 4027 ﬂetitibus
1018 3975 1064 4005 ⁸⁸
1076 3974 1099 4027 2
1126 3994 1145 4027 ι

1296 4083 1519 4139 CAPUT
1549 4084 1712 4139 XXIX

754 4184 901 4247 Quod
953 4187 1183 4242 libellum
1235 4192 1297 4242 de
1358 4195 1733 4272 manupngeli
1770 4201 2082 4267 evangelista
2131 4220 2276 4255 acce-

1434 4271 1584 4326 peril.

834 4363 927 4427 IX,
954 4366 1038 4425 10,
1069 4366 1153 4416 ll.
1185 4365 1249 4417 Et
1274 4371 1445 4435 accepi
1478 4370 1706 4424 libellum
1734 4375 1797 4427 de
1825 4394 1980 4430 manu
2011 4381 2197 4448 angeli,
2226 4392 2273 4434 et

756 4450 990 4501 devoravi
1020 4453 1191 4514 illum,
1212 4463 1420 4520 eratque
1435 4457 1487 4507 in
1514 4474 1599 4510 ore
1628 4477 1739 4514 meo
1768 4468 2132 4533 tanquammel
2160 4470 2276 4520 (lul-

755 4552 849 4597 c:s,
880 4546 927 4588 et
964 4554 1080 4589 cum
1127 4541 1445 4596 devorassem
1478 4547 1646 4611 illum,
1678 4556 1991 4608 anmricalus
2014 4568 2087 4609 est
2111 4570 2277 4611 venter

756 4642 893 4677 naeus
919 4641 937 4677 :
964 4636 1010 4677 et
1041 4628 1214 4679 dicunt
1246 4633 1406 4686 mihi:
1434 4634 1643 4704 Oportet
1669 4649 1715 4693 te
1742 4658 1945 4696 rursum
1977 4648 2276 4715 prophetare

754 4713 811 4764 in
852 4716 1072 4781 populis,
1102 4727 1147 4769 et
1178 4723 1425 4790 gentibus,
1448 4735 1493 4777 et
1526 4727 1736 4797 linguis,
1760 4741 1807 4784 et
1841 4736 2041 4803 regibus
2070 4713 2272 4790 inullis.

826 4882 1005 4937 Potest
1033 4896 1084 4938 et
1113 4888 1215 4940 alio
1259 4892 1416 4946 modo
1444 4894 1509 4947 de
1534 4900 1885 4957 amaritudine
1908 4919 1970 4957 ac
1995 4906 2276 4960 dulcedine

755 4969 940 5022 haberi
978 4976 1371 5042 contemplatio.
1425 4979 1682 5044 Quoniam
1728 4989 1867 5041 enim
1924 5004 2141 5047 sanctus
2184 4996 2274 5060 qui

755 5061 865 5151 inec
893 5060 1197 5116 intuebatur
1226 5083 1415 5134 expers
1440 5082 1554 5123 erat
1586 5072 1888 5141 bujusmodi
1920 5083 2274 5151 impietatum,
2300 5126 2303 5129 λ

750 5148 967 5215 jubetur
1000 5167 1089 5219 per
1116 5154 1235 5207 libri
1261 5158 1675 5223 devorationcm,
1706 5167 1756 5218 in
1780 5185 1885 5235 quo
1908 5181 1960 5224 et
1987 5148 2202 5226 nomina
2225 5182 2278 5227 et

761 5239 1003 5329 actiones
1028 5242 1079 5292 in
1104 5242 1308 5308 piorum
1352 5248 1777 5318 continebantur,
1812 5261 2155 5329 omniumque
2180 5276 2279 5329 pu-

756 5326 1003 5415 nitiones,
1050 5333 1286 5397 jubetur,
1322 5336 1573 5403 inquam,
1607 5356 1709 5393 non
1764 5326 2275 5415 simpliciter—edere,

754 5412 915 5476 (nam
946 5416 1045 5470 hoc
1096 5422 1363 5487 vulgarem
1412 5431 1463 5476 et
1522 5412 1943 5503 qualemcunque
1991 5412 2270 5505 esperiene

819 5557 868 5591 ⁵⁸
919 5562 1070 5617 Rom.
1109 5584 1199 5634 ιιι,
1256 5572 1337 5625 15.

2932 4096 3172 4147 ΚΕΦΑΛ.
3206 4094 3328 4149 ΚΘ’.

2386 4201 2582 4262 Ὅπως
2604 4201 2669 4252 τὸ
2695 4201 3065 4274 ,ϐιϐλξιδάριον
3095 4204 3161 4274 ἐκ
3204 4204 3397 4274 χειρὸς
3448 4204 3552 4257 τοῦ
3589 4207 3849 4274 ἀγγέλου
3888 4217 3921 4265 ό

2789 4270 3212 4336 εὐαγγελιστὴς
3234 4272 3497 4338 εῖληφεν.

2454 4376 2559 4430 Καὶ
2588 4378 2803 4430 ἔλαϐον
2826 4379 2890 4429 τὸ
2917 4379 3158 4441 βιϐλίον
3180 4380 3244 4431 ἐκ
3271 4379 3376 4446 τῆς
3400 4385 3592 4449 χειρὸς
3608 4387 3713 4439 τοῦ
3745 4389 3920 4458 dmi.

2374 4470 2517 4530 λου,
2556 4467 2653 4517 καὶ
2686 4468 3016 4535 κατέφαγον
3037 4469 3199 4522 αὑτό.
3233 4473 3333 4524 Καὶ
3365 4468 3441 4541 ἦν
3464 4474 3533 4526 ἐν
3561 4475 3640 4541 τῷ
3664 4481 3921 4547 στόματί

2369 4572 2506 4622 μου,
2538 4555 2616 4618 ὡς
2646 4556 2783 4621 μέλι
2812 4557 3022 4623 γλυκύ.
3052 4558 3159 4609 Καὶ
3192 4559 3289 4611 ὅτε
3326 4563 3550 4630 ἔφαγον
3590 4568 3753 4630 αὐτὸ,
3791 4571 3920 4622 ἐπι-

2376 4645 2595 4711 κράνθη
2624 4646 2660 4711 ἠ
2687 4646 2879 4696 κοιλία
2922 4663 3037 4712 μου
3059 4684 3074 4709 ,
3134 4648 3230 4699 καί
3255 4649 3503 4716 λέγουσι
3538 4673 3671 4722 μοι’
3706 4659 3803 4710 Δεῖ
3842 4678 3916 4713 σε

2374 4732 2559 4785 πάλιν
2613 4735 3023 4801 προφητεῦσαι
3072 4736 3168 4788 ἐπὶ
3194 4739 3355 4801 λαοῖς
3374 4781 3390 4805 ,
3428 4744 3524 4795 καί
3556 4746 3654 4799 ἐπὶ
3686 4748 3912 4813 ἔθνεσι,

2376 4820 2471 4889 καί
2510 4821 2833 4886 γλώσσαις,
2863 4822 2959 4875 καί
2984 4823 3309 4886 ¹βασιλεῦσι
3326 4832 3592 4897 πολλοῖς.

2450 4911 2605 4961 Ἐστι
2632 4912 2729 4962 καὶ
2765 4912 2937 4974 ἄλλως
2970 4914 3093 4982 περὶ
3136 4914 3227 4967 τοῦ
3282 4920 3477 4988 πικροῦ
3517 4923 3784 4993 θεωρῆσαι
3814 4928 3912 4977 καὶ

2375 4994 2467 5046 τοῦ
2498 4996 2756 5062 γλυκέως.
2800 4998 2949 5049 Ἐπεὶ
2996 5000 3102 5069 γὰρ
3140 5003 3170 5053 ὁ
3192 5003 3359 5056 ταῦτα
3382 5008 3518 5074 ὁρῶν
3550 5009 3719 5076 ἆγιος,
3750 5012 3911 5063 ἀπεί-

2382 5096 2540 5147 ρατος
2565 5082 2819 5133 τοιούτων
2847 5085 3225 5154 άνοσιουργιῶν
3250 5092 3475 5162 ὑπῆρχε,
3506 5096 3780 5151 κελεύεται
3819 5100 3911 5150 διὰ

2375 5171 2472 5236 τῆς
2498 5174 2846 5235 καταπόσεως
2870 5175 2962 5226 τοῦ
2982 5175 3206 5244 βιϐλίου,
3234 5173 3277 5247 ᾧ
3305 5182 3437 5234 αἵτε
3469 5185 3793 5254 ὁνομάστραι
3813 5189 3910 5241 καὶ

2376 5262 2430 5311 αἱ
2467 5261 2686 5326 πράξεις
2712 5264 2817 5315 τῶν
2842 5266 3047 5318 ἀσεϐῶν
3059 5269 3368 5339 ἑνεφὲροντο
3388 5276 3479 5327 καὶ
3504 5276 3559 5327 at
3586 5277 3674 5327 διὰ
3697 5278 3906 5336 πάντας

2377 5349 2639 5414 κολάσεις,
2674 5353 2828 5406 τοῦτο
2884 5359 2978 5426 οὐχ
3022 5358 3212 5425 ’ἁπλῶς
3254 5368 3441 5431 φαγεῖν
3469 5365 3642 5433 (τοῦτο
3675 5366 3780 5434 γὰρ
3808 5370 3908 5431 τὴν

2376 5437 2449 5500 ὡς
2484 5439 2633 5509 ἔτυχε
2689 5447 2880 5513 πεῖραν
2911 5448 3285 5521 ὑποϐάλλεται)
3306 5493 3321 5519 ,
3369 5455 3506 5510 άλλά
3535 5459 3898 5523 καταφαγεῖν,
