  <div class='ocr_page' id='page_1' title='image "/cluster/home/n/w/nwhite01/storage/ocr_20150623/106/pst.000005714162/352.png"; bbox 0 0 4106 6334; ppageno 0'>
   <div class='ocr_carea' id='block_1_1' title="bbox 180 373 275 436">
    <p class='ocr_par' dir='ltr' id='par_1_1' title="bbox 180 373 275 436">
     <span class='ocr_line' id='line_1_1' title="bbox 180 373 275 436; baseline 0.021 -2"><span class='ocrx_word' id='word_1_1' title='bbox 180 373 275 436; x_wconf 63' lang='lat'><strong>6&amp;9</strong></span> 
     </span>
    </p>
   </div>
   <div class='ocr_carea' id='block_1_2' title="bbox 1224 351 2306 425">
    <p class='ocr_par' dir='ltr' id='par_1_2' title="bbox 1224 351 2306 425">
     <span class='ocr_line' id='line_1_2' title="bbox 1224 351 2306 425; baseline -0.01 0"><span class='ocrx_word' id='word_1_2' title='bbox 1224 362 1608 425; x_wconf 73' lang='lat' dir='ltr'><strong>COMMENT.</strong></span> <span class='ocrx_word' id='word_1_3' title='bbox 1653 356 1734 422; x_wconf 69' lang='lat' dir='ltr'><strong>IN</strong></span> <span class='ocrx_word' id='word_1_4' title='bbox 1773 351 2306 419; x_wconf 76' lang='lat' dir='ltr'><strong>APOCALYPSIN.</strong></span> 
     </span>
    </p>
   </div>
   <div class='ocr_carea' id='block_1_3' title="bbox 3281 343 3386 410">
    <p class='ocr_par' dir='ltr' id='par_1_3' title="bbox 3281 343 3386 410">
     <span class='ocr_line' id='line_1_3' title="bbox 3281 343 3386 410; baseline 0.029 -3"><span class='ocrx_word' id='word_1_5' title='bbox 3281 343 3386 410; x_wconf 82' lang='lat'><strong>650</strong></span> 
     </span>
    </p>
   </div>
   <div class='ocr_carea' id='block_1_4' title="bbox 186 457 1747 553">
    <p class='ocr_par' dir='ltr' id='par_1_4' title="bbox 186 472 1726 553">
     <span class='ocr_line' id='line_1_4' title="bbox 186 472 1726 553; baseline -0.005 -18"><span class='ocrx_word' id='word_1_6' title='bbox 186 482 513 553; x_wconf 73' lang='grc' dir='ltr'><strong>ἁμαρτωλῶν</strong></span> <span class='ocrx_word' id='word_1_7' title='bbox 559 481 838 543; x_wconf 71' lang='grc' dir='ltr'><strong>ἀντίδοσις,</strong></span> <span class='ocrx_word' id='word_1_8' title='bbox 874 479 1007 549; x_wconf 81' lang='grc' dir='ltr'>μόνα</span> <span class='ocrx_word' id='word_1_9' title='bbox 1051 477 1103 529; x_wconf 74' lang='grc' dir='ltr'><strong>δὲ</strong></span> <span class='ocrx_word' id='word_1_10' title='bbox 1157 474 1490 545; x_wconf 74' lang='grc' dir='ltr'><strong>παρελείφθη</strong></span> <span class='ocrx_word' id='word_1_11' title='bbox 1516 474 1582 528; x_wconf 88' lang='grc' dir='ltr'><strong>τά</strong></span> <span class='ocrx_word' id='word_1_12' title='bbox 1629 472 1726 540; x_wconf 81' lang='grc' dir='ltr'><strong>τῆς</strong></span> 
     </span>
    </p>
   </div>
   <div class='ocr_carea' id='block_1_5' title="bbox 1852 457 3386 553">
    <p class='ocr_par' dir='ltr' id='par_1_5' title="bbox 1852 457 3386 529">
     <span class='ocr_line' id='line_1_5' title="bbox 1852 457 3386 529; baseline -0.008 -7"><span class='ocrx_word' id='word_1_13' title='bbox 1852 477 2174 524; x_wconf 81' lang='lat' dir='ltr'><strong>tcccatorum</strong></span> <span class='ocrx_word' id='word_1_14' title='bbox 2217 463 2503 519; x_wconf 73' lang='lat' dir='ltr'><strong>retributio</strong></span> <span class='ocrx_word' id='word_1_15' title='bbox 2538 481 2549 516; x_wconf 92' lang='lat'>:</span> <span class='ocrx_word' id='word_1_16' title='bbox 2588 462 2701 519; x_wconf 77' lang='lat' dir='ltr'><strong>Sola</strong></span> <span class='ocrx_word' id='word_1_17' title='bbox 2729 468 2907 516; x_wconf 87' lang='lat' dir='ltr'><strong>autem</strong></span> <span class='ocrx_word' id='word_1_18' title='bbox 2932 473 2992 514; x_wconf 88' lang='lat' dir='ltr'><strong>ea</strong></span> <span class='ocrx_word' id='word_1_19' title='bbox 3026 457 3386 529; x_wconf 66' lang='lat' dir='ltr'><strong>prmtermissa</strong></span> 
     </span>
    </p>
   </div>
   <div class='ocr_carea' id='block_1_6' title="bbox 183 548 1747 642">
    <p class='ocr_par' dir='ltr' id='par_1_6' title="bbox 183 548 1730 642">
     <span class='ocr_line' id='line_1_6' title="bbox 183 548 1730 642; baseline -0.007 -16"><span class='ocrx_word' id='word_1_20' title='bbox 183 548 429 642; x_wconf 76' lang='grc' dir='ltr'>δευτέρας</span> <span class='ocrx_word' id='word_1_21' title='bbox 460 575 780 642; x_wconf 72' lang='grc' dir='ltr'><strong>παρουσίας,</strong></span> <span class='ocrx_word' id='word_1_22' title='bbox 825 548 885 634; x_wconf 74' lang='grc' dir='ltr'><strong>ἐξ</strong></span> <span class='ocrx_word' id='word_1_23' title='bbox 934 568 1278 637; x_wconf 63' lang='grc' dir='ltr'>ὑποστροφῆς</span> <span class='ocrx_word' id='word_1_24' title='bbox 1329 566 1423 618; x_wconf 90' lang='grc' dir='ltr'><strong>νῦν</strong></span> <span class='ocrx_word' id='word_1_25' title='bbox 1481 566 1549 616; x_wconf 83' lang='grc' dir='ltr'><strong>τά</strong></span> <span class='ocrx_word' id='word_1_26' title='bbox 1600 563 1730 633; x_wconf 69' lang='grc' dir='ltr'>περὶ</span> 
     </span>
    </p>
   </div>
   <div class='ocr_carea' id='block_1_7' title="bbox 1852 548 3387 642">
    <p class='ocr_par' dir='ltr' id='par_1_7' title="bbox 1852 548 3387 628">
     <span class='ocr_line' id='line_1_7' title="bbox 1852 548 3387 628; baseline -0.008 -16"><span class='ocrx_word' id='word_1_27' title='bbox 1852 567 1984 613; x_wconf 78' lang='lat' dir='ltr'><strong>:rant</strong></span> <span class='ocrx_word' id='word_1_28' title='bbox 2011 571 2128 628; x_wconf 74' lang='lat' dir='ltr'><strong>qua:</strong></span> <span class='ocrx_word' id='word_1_29' title='bbox 2143 554 2443 611; x_wconf 86' lang='lat' dir='ltr'><strong>secundum</strong></span> <span class='ocrx_word' id='word_1_30' title='bbox 2480 554 2884 609; x_wconf 87' lang='lat' dir='ltr'><strong>conccrnebant</strong></span> <span class='ocrx_word' id='word_1_31' title='bbox 2904 552 3190 604; x_wconf 74' lang='lat' dir='ltr'><strong>adventum</strong></span> <span class='ocrx_word' id='word_1_32' title='bbox 3221 567 3234 600; x_wconf 89' lang='lat'><strong>:</strong></span> <span class='ocrx_word' id='word_1_33' title='bbox 3264 548 3387 616; x_wconf 83' lang='lat' dir='ltr'><strong>jure</strong></span> 
     </span>
    </p>
   </div>
   <div class='ocr_carea' id='block_1_8' title="bbox 184 642 1747 730">
    <p class='ocr_par' dir='ltr' id='par_1_8' title="bbox 184 657 1731 730">
     <span class='ocr_line' id='line_1_8' title="bbox 184 657 1731 730; baseline -0.005 -15"><span class='ocrx_word' id='word_1_34' title='bbox 184 664 378 716; x_wconf 83' lang='grc' dir='ltr'>τούτων</span> <span class='ocrx_word' id='word_1_35' title='bbox 409 663 736 720; x_wconf 82' lang='grc' dir='ltr'>διδάσκεται.</span> <span class='ocrx_word' id='word_1_36' title='bbox 773 663 882 717; x_wconf 80' lang='grc' dir='ltr'><strong>Καὶ</strong></span> <span class='ocrx_word' id='word_1_37' title='bbox 910 662 991 713; x_wconf 82' lang='grc' dir='ltr'><strong>ὅτι</strong></span> <span class='ocrx_word' id='word_1_38' title='bbox 1017 659 1115 730; x_wconf 83' lang='grc' dir='ltr'>μὲν</span> <span class='ocrx_word' id='word_1_39' title='bbox 1160 658 1343 720; x_wconf 78' lang='grc' dir='ltr'>Ἠλίας</span> <span class='ocrx_word' id='word_1_40' title='bbox 1379 658 1499 725; x_wconf 75' lang='grc' dir='ltr'>ἣξει</span> <span class='ocrx_word' id='word_1_41' title='bbox 1533 657 1562 710; x_wconf 81' lang='grc' dir='ltr'><strong>ὁ</strong></span> <span class='ocrx_word' id='word_1_42' title='bbox 1593 671 1731 724; x_wconf 87' lang='grc' dir='ltr'>προ-</span> 
     </span>
    </p>
   </div>
   <div class='ocr_carea' id='block_1_9' title="bbox 1852 642 3388 730">
    <p class='ocr_par' dir='ltr' id='par_1_9' title="bbox 1852 642 3388 711">
     <span class='ocr_line' id='line_1_9' title="bbox 1852 642 3388 711; baseline -0.006 -7"><span class='ocrx_word' id='word_1_43' title='bbox 1852 649 2153 704; x_wconf 74' lang='grc' dir='ltr'>ιοειιὶηιὶιιίἰ</span> <span class='ocrx_word' id='word_1_44' title='bbox 2199 664 2344 702; x_wconf 89' lang='lat' dir='ltr'><strong>nunc</strong></span> <span class='ocrx_word' id='word_1_45' title='bbox 2375 651 2439 702; x_wconf 89' lang='lat' dir='ltr'><strong>de</strong></span> <span class='ocrx_word' id='word_1_46' title='bbox 2476 649 2560 702; x_wconf 92' lang='lat' dir='ltr'><strong>his</strong></span> <span class='ocrx_word' id='word_1_47' title='bbox 2610 648 2889 702; x_wconf 88' lang='lat' dir='ltr'><strong>cdocetur.</strong></span> <span class='ocrx_word' id='word_1_48' title='bbox 2933 644 2998 698; x_wconf 79' lang='lat' dir='ltr'><strong>Et</strong></span> <span class='ocrx_word' id='word_1_49' title='bbox 3046 653 3191 698; x_wconf 87' lang='lat' dir='ltr'><strong>certe</strong></span> <span class='ocrx_word' id='word_1_50' title='bbox 3244 642 3388 711; x_wconf 85' lang='lat' dir='ltr'><strong>quod</strong></span> 
     </span>
    </p>
   </div>
   <div class='ocr_carea' id='block_1_10' title="bbox 187 747 1723 826">
    <p class='ocr_par' dir='ltr' id='par_1_10' title="bbox 187 747 1723 826">
     <span class='ocr_line' id='line_1_10' title="bbox 187 747 1723 826; baseline -0.016 -7"><span class='ocrx_word' id='word_1_51' title='bbox 187 757 354 826; x_wconf 76' lang='grc' dir='ltr'>φήτης</span> <span class='ocrx_word' id='word_1_52' title='bbox 410 755 595 823; x_wconf 81' lang='grc' dir='ltr'>δῆλον,</span> <span class='ocrx_word' id='word_1_53' title='bbox 664 749 1150 826; x_wconf 83' lang='grc' dir='ltr'>προαγορευσάσης</span> <span class='ocrx_word' id='word_1_54' title='bbox 1210 750 1307 818; x_wconf 84' lang='grc' dir='ltr'>τῆς</span> <span class='ocrx_word' id='word_1_55' title='bbox 1354 747 1578 818; x_wconf 81' lang='grc' dir='ltr'>Γραφῆς</span> <span class='ocrx_word' id='word_1_56' title='bbox 1635 747 1723 802; x_wconf 83' lang='grc' dir='ltr'>διὰ</span> 
     </span>
    </p>
   </div>
   <div class='ocr_carea' id='block_1_11' title="bbox 185 837 1733 913">
    <p class='ocr_par' dir='ltr' id='par_1_11' title="bbox 185 837 1733 913">
     <span class='ocr_line' id='line_1_11' title="bbox 185 837 1733 913; baseline -0.001 -19"><span class='ocrx_word' id='word_1_57' title='bbox 185 842 459 911; x_wconf 82' lang='grc' dir='ltr'>Μαλαχίου</span> <span class='ocrx_word' id='word_1_58' title='bbox 497 842 976 913; x_wconf 85' lang='grc' dir='ltr'>χρησμῳδοῦντος·</span> <span class='ocrx_word' id='word_1_59' title='bbox 1027 859 1045 892; x_wconf 83' lang='grc' dir='ltr'><strong>ι</strong></span> <span class='ocrx_word' id='word_1_60' title='bbox 1094 839 1224 892; x_wconf 82' lang='grc' dir='ltr'>Ἰδοὺ</span> <span class='ocrx_word' id='word_1_61' title='bbox 1274 839 1386 907; x_wconf 82' lang='grc' dir='ltr'><strong>ἐγὼ</strong></span> <span class='ocrx_word' id='word_1_62' title='bbox 1420 837 1733 893; x_wconf 79' lang='grc' dir='ltr'><strong>ἀποστέλλω</strong></span> 
     </span>
    </p>
   </div>
   <div class='ocr_carea' id='block_1_12' title="bbox 187 930 1734 1000">
    <p class='ocr_par' dir='ltr' id='par_1_12' title="bbox 187 930 1734 1000">
     <span class='ocr_line' id='line_1_12' title="bbox 187 930 1734 1000; baseline -0.001 -16"><span class='ocrx_word' id='word_1_63' title='bbox 187 933 306 999; x_wconf 84' lang='grc' dir='ltr'>ὑμίν</span> <span class='ocrx_word' id='word_1_64' title='bbox 350 931 536 986; x_wconf 86' lang='grc' dir='ltr'>Ἠλίαν</span> <span class='ocrx_word' id='word_1_65' title='bbox 565 933 656 985; x_wconf 79' lang='grc' dir='ltr'><strong>τὸν</strong></span> <span class='ocrx_word' id='word_1_66' title='bbox 694 932 956 1000; x_wconf 81' lang='grc' dir='ltr'>Θεσϐίτην</span> <span class='ocrx_word' id='word_1_67' title='bbox 998 930 1126 998; x_wconf 70' lang='grc' dir='ltr'>πρὶν</span> <span class='ocrx_word' id='word_1_68' title='bbox 1168 931 1342 984; x_wconf 79' lang='grc' dir='ltr'><strong>ἐλθεῖν</strong></span> <span class='ocrx_word' id='word_1_69' title='bbox 1380 931 1478 999; x_wconf 84' lang='grc' dir='ltr'><strong>τὴν</strong></span> <span class='ocrx_word' id='word_1_70' title='bbox 1520 930 1734 1000; x_wconf 80' lang='grc' dir='ltr'>ἡμέραν</span> 
     </span>
    </p>
   </div>
   <div class='ocr_carea' id='block_1_13' title="bbox 188 1020 1736 1091">
    <p class='ocr_par' dir='ltr' id='par_1_13' title="bbox 188 1020 1736 1091">
     <span class='ocr_line' id='line_1_13' title="bbox 188 1020 1736 1091; baseline -0.001 -18"><span class='ocrx_word' id='word_1_71' title='bbox 188 1021 380 1089; x_wconf 80' lang='grc' dir='ltr'>Κυρίου</span> <span class='ocrx_word' id='word_1_72' title='bbox 409 1024 504 1090; x_wconf 75' lang='grc' dir='ltr'>τὴν</span> <span class='ocrx_word' id='word_1_73' title='bbox 536 1021 772 1091; x_wconf 81' lang='grc' dir='ltr'><strong>μεγάλην</strong></span> <span class='ocrx_word' id='word_1_74' title='bbox 801 1021 895 1072; x_wconf 70' lang='grc' dir='ltr'><strong>καὶ</strong></span> <span class='ocrx_word' id='word_1_75' title='bbox 921 1020 1178 1090; x_wconf 81' lang='grc' dir='ltr'>ἐπιφανῆ·</span> <span class='ocrx_word' id='word_1_76' title='bbox 1216 1020 1275 1084; x_wconf 85' lang='grc' dir='ltr'>ὃς</span> <span class='ocrx_word' id='word_1_77' title='bbox 1294 1020 1736 1089; x_wconf 75' lang='grc' dir='ltr'><strong>ἀποκαταστήσει</strong></span> 
     </span>
    </p>
   </div>
   <div class='ocr_carea' id='block_1_14' title="bbox 189 1110 1735 1182">
    <p class='ocr_par' dir='ltr' id='par_1_14' title="bbox 189 1110 1735 1182">
     <span class='ocr_line' id='line_1_14' title="bbox 189 1110 1735 1182; baseline 0.001 -20"><span class='ocrx_word' id='word_1_78' title='bbox 189 1111 406 1179; x_wconf 73' lang='grc' dir='ltr'>καρδίαν</span> <span class='ocrx_word' id='word_1_79' title='bbox 433 1112 636 1180; x_wconf 82' lang='grc' dir='ltr'>πατρὸς</span> <span class='ocrx_word' id='word_1_80' title='bbox 691 1110 826 1180; x_wconf 77' lang='grc' dir='ltr'>πρὸς</span> <span class='ocrx_word' id='word_1_81' title='bbox 870 1113 1004 1174; x_wconf 75' lang='grc' dir='ltr'>υἱον,</span> <span class='ocrx_word' id='word_1_82' title='bbox 1057 1112 1150 1164; x_wconf 75' lang='grc' dir='ltr'>καὶ</span> <span class='ocrx_word' id='word_1_83' title='bbox 1185 1111 1412 1182; x_wconf 77' lang='grc' dir='ltr'>καρδίαν</span> <span class='ocrx_word' id='word_1_84' title='bbox 1443 1111 1735 1182; x_wconf 87' lang='grc' dir='ltr'>ἀνθρώπου</span> 
     </span>
    </p>
   </div>
   <div class='ocr_carea' id='block_1_15' title="bbox 187 1200 1738 1271">
    <p class='ocr_par' dir='ltr' id='par_1_15' title="bbox 187 1200 1738 1271">
     <span class='ocr_line' id='line_1_15' title="bbox 187 1200 1738 1271; baseline 0.001 -19"><span class='ocrx_word' id='word_1_85' title='bbox 187 1204 315 1270; x_wconf 74' lang='grc' dir='ltr'>πρὸς</span> <span class='ocrx_word' id='word_1_86' title='bbox 339 1202 429 1254; x_wconf 74' lang='grc' dir='ltr'><strong>τὸν</strong></span> <span class='ocrx_word' id='word_1_87' title='bbox 451 1203 675 1270; x_wconf 88' lang='grc' dir='ltr'>πλησίον</span> <span class='ocrx_word' id='word_1_88' title='bbox 697 1200 883 1254; x_wconf 62' lang='grc' dir='ltr'>αὑτοῦ.</span> <span class='ocrx_word' id='word_1_89' title='bbox 914 1220 932 1253; x_wconf 75' lang='grc' dir='ltr'><strong>ι</strong></span> <span class='ocrx_word' id='word_1_90' title='bbox 960 1203 1094 1271; x_wconf 79' lang='grc' dir='ltr'>Περὶ</span> <span class='ocrx_word' id='word_1_91' title='bbox 1120 1202 1177 1255; x_wconf 80' lang='grc' dir='ltr'><strong>δέ</strong></span> <span class='ocrx_word' id='word_1_92' title='bbox 1203 1201 1297 1254; x_wconf 86' lang='grc' dir='ltr'><strong>τοῦ</strong></span> <span class='ocrx_word' id='word_1_93' title='bbox 1334 1201 1501 1271; x_wconf 81' lang='grc' dir='ltr'>Ἑνὼχ</span> <span class='ocrx_word' id='word_1_94' title='bbox 1531 1219 1738 1271; x_wconf 85' lang='grc' dir='ltr'>μαρτυ-</span> 
     </span>
    </p>
   </div>
   <div class='ocr_carea' id='block_1_16' title="bbox 192 1276 1737 1361">
    <p class='ocr_par' dir='ltr' id='par_1_16' title="bbox 192 1276 1737 1361">
     <span class='ocr_line' id='line_1_16' title="bbox 192 1276 1737 1361; baseline 0.003 -20"><span class='ocrx_word' id='word_1_95' title='bbox 192 1291 304 1358; x_wconf 87' lang='grc' dir='ltr'>ρίαν</span> <span class='ocrx_word' id='word_1_96' title='bbox 346 1291 447 1359; x_wconf 76' lang='grc' dir='ltr'>μὲν</span> <span class='ocrx_word' id='word_1_97' title='bbox 473 1291 594 1342; x_wconf 80' lang='grc' dir='ltr'>ὅσον</span> <span class='ocrx_word' id='word_1_98' title='bbox 621 1291 757 1361; x_wconf 81' lang='grc' dir='ltr'>πρὸς</span> <span class='ocrx_word' id='word_1_99' title='bbox 789 1290 886 1360; x_wconf 76' lang='grc' dir='ltr'>τὴν</span> <span class='ocrx_word' id='word_1_100' title='bbox 915 1291 1216 1361; x_wconf 84' lang='grc' dir='ltr'>παρουσίαν</span> <span class='ocrx_word' id='word_1_101' title='bbox 1236 1276 1352 1345; x_wconf 67' lang='grc' dir='ltr'>’ἀπὸ</span> <span class='ocrx_word' id='word_1_102' title='bbox 1387 1292 1484 1360; x_wconf 81' lang='grc' dir='ltr'>τῆς</span> <span class='ocrx_word' id='word_1_103' title='bbox 1516 1292 1737 1360; x_wconf 79' lang='grc' dir='ltr'>Γραφῆς</span> 
     </span>
    </p>
   </div>
   <div class='ocr_carea' id='block_1_17' title="bbox 187 1379 1738 1451">
    <p class='ocr_par' dir='ltr' id='par_1_17' title="bbox 187 1379 1738 1451">
     <span class='ocr_line' id='line_1_17' title="bbox 187 1379 1738 1451; baseline 0.002 -21"><span class='ocrx_word' id='word_1_104' title='bbox 187 1382 278 1431; x_wconf 69' lang='grc' dir='ltr'>οὐκ</span> <span class='ocrx_word' id='word_1_105' title='bbox 305 1381 524 1449; x_wconf 74' lang='grc' dir='ltr'>ἔχομεν,</span> <span class='ocrx_word' id='word_1_106' title='bbox 561 1379 697 1449; x_wconf 83' lang='grc' dir='ltr'>πλὴν</span> <span class='ocrx_word' id='word_1_107' title='bbox 744 1381 836 1433; x_wconf 88' lang='grc' dir='ltr'><strong>τοῦ</strong></span> <span class='ocrx_word' id='word_1_108' title='bbox 880 1381 967 1433; x_wconf 80' lang='grc' dir='ltr'>διὰ</span> <span class='ocrx_word' id='word_1_109' title='bbox 1005 1383 1344 1451; x_wconf 80' lang='grc' dir='ltr'><strong>μεταθέσεως</strong></span> <span class='ocrx_word' id='word_1_110' title='bbox 1399 1382 1738 1435; x_wconf 83' lang='grc' dir='ltr'>ἀπαθανατι-</span> 
     </span>
    </p>
   </div>
   <div class='ocr_carea' id='block_1_18' title="bbox 191 1468 1738 1543">
    <p class='ocr_par' dir='ltr' id='par_1_18' title="bbox 191 1468 1738 1543">
     <span class='ocr_line' id='line_1_18' title="bbox 191 1468 1738 1543; baseline 0.004 -24"><span class='ocrx_word' id='word_1_111' title='bbox 191 1468 394 1536; x_wconf 78' lang='grc' dir='ltr'>σθῆναι.</span> <span class='ocrx_word' id='word_1_112' title='bbox 431 1469 603 1537; x_wconf 81' lang='grc' dir='ltr'>Λόγος</span> <span class='ocrx_word' id='word_1_113' title='bbox 636 1469 693 1522; x_wconf 87' lang='grc' dir='ltr'><strong>δέ</strong></span> <span class='ocrx_word' id='word_1_114' title='bbox 718 1470 941 1538; x_wconf 82' lang='grc' dir='ltr'>φέρεται</span> <span class='ocrx_word' id='word_1_115' title='bbox 968 1468 1038 1522; x_wconf 80' lang='grc' dir='ltr'><strong>ἐκ¹</strong></span> <span class='ocrx_word' id='word_1_116' title='bbox 1067 1471 1412 1540; x_wconf 80' lang='grc' dir='ltr'><strong>παραδόσεως</strong></span> <span class='ocrx_word' id='word_1_117' title='bbox 1445 1472 1641 1541; x_wconf 83' lang='grc' dir='ltr'>φοιτῶν</span> <span class='ocrx_word' id='word_1_118' title='bbox 1670 1476 1738 1543; x_wconf 80' lang='grc' dir='ltr'>τῇ</span> 
     </span>
    </p>
   </div>
   <div class='ocr_carea' id='block_1_19' title="bbox 201 1558 1742 1632">
    <p class='ocr_par' dir='ltr' id='par_1_19' title="bbox 201 1558 1742 1632">
     <span class='ocr_line' id='line_1_19' title="bbox 201 1558 1742 1632; baseline 0.005 -23"><span class='ocrx_word' id='word_1_119' title='bbox 201 1558 493 1628; x_wconf 78' lang='grc' dir='ltr'>Ἐκκλησία</span> <span class='ocrx_word' id='word_1_120' title='bbox 529 1561 964 1629; x_wconf 77' lang='grc' dir='ltr'>ἀπαρατρέτιτως</span> <span class='ocrx_word' id='word_1_121' title='bbox 1021 1566 1115 1614; x_wconf 74' lang='grc' dir='ltr'><strong>καὶ</strong></span> <span class='ocrx_word' id='word_1_122' title='bbox 1179 1564 1340 1615; x_wconf 72' lang='grc' dir='ltr'>αὑτὸν</span> <span class='ocrx_word' id='word_1_123' title='bbox 1394 1563 1545 1632; x_wconf 74' lang='grc' dir='ltr'>ἥξειν</span> <span class='ocrx_word' id='word_1_124' title='bbox 1603 1565 1742 1632; x_wconf 85' lang='grc' dir='ltr'><strong>μετά</strong></span> 
     </span>
    </p>
   </div>
   <div class='ocr_carea' id='block_1_20' title="bbox 200 1649 1740 1725">
    <p class='ocr_par' dir='ltr' id='par_1_20' title="bbox 200 1649 1740 1725">
     <span class='ocr_line' id='line_1_20' title="bbox 200 1649 1740 1725; baseline 0.005 -24"><span class='ocrx_word' id='word_1_125' title='bbox 200 1649 376 1701; x_wconf 84' lang='grc' dir='ltr'>Ἠλιοῦ</span> <span class='ocrx_word' id='word_1_126' title='bbox 411 1650 505 1702; x_wconf 89' lang='grc' dir='ltr'><strong>τοῦ</strong></span> <span class='ocrx_word' id='word_1_127' title='bbox 543 1651 800 1703; x_wconf 80' lang='grc' dir='ltr'>Θεσϐίτου</span> <span class='ocrx_word' id='word_1_128' title='bbox 833 1652 1042 1720; x_wconf 76' lang='grc' dir='ltr'>(ἥξουσι</span> <span class='ocrx_word' id='word_1_129' title='bbox 1068 1654 1174 1724; x_wconf 84' lang='grc' dir='ltr'><strong>γὰρ</strong></span> <span class='ocrx_word' id='word_1_130' title='bbox 1213 1655 1376 1722; x_wconf 66' lang='grc' dir='ltr'>ἄμφω</span> <span class='ocrx_word' id='word_1_131' title='bbox 1406 1655 1740 1725; x_wconf 88' lang='grc' dir='ltr'>προδιαμαρ-</span> 
     </span>
    </p>
   </div>
   <div class='ocr_carea' id='block_1_21' title="bbox 189 1738 1740 1815">
    <p class='ocr_par' dir='ltr' id='par_1_21' title="bbox 189 1738 1740 1815">
     <span class='ocr_line' id='line_1_21' title="bbox 189 1738 1740 1815; baseline 0.005 -24"><span class='ocrx_word' id='word_1_132' title='bbox 189 1738 452 1810; x_wconf 86' lang='grc' dir='ltr'>τύρασθαι</span> <span class='ocrx_word' id='word_1_133' title='bbox 508 1743 620 1803; x_wconf 80' lang='grc' dir='ltr'>τοῖς</span> <span class='ocrx_word' id='word_1_134' title='bbox 658 1741 776 1793; x_wconf 78' lang='grc' dir='ltr'>οὖσι</span> <span class='ocrx_word' id='word_1_135' title='bbox 826 1743 970 1806; x_wconf 86' lang='grc' dir='ltr'>τότε,</span> <span class='ocrx_word' id='word_1_136' title='bbox 1023 1744 1097 1812; x_wconf 85' lang='grc' dir='ltr'>μὴ</span> <span class='ocrx_word' id='word_1_137' title='bbox 1147 1747 1256 1807; x_wconf 85' lang='grc' dir='ltr'>τοῖς</span> <span class='ocrx_word' id='word_1_138' title='bbox 1297 1745 1596 1815; x_wconf 83' lang='grc' dir='ltr'><strong>ἀπατηλοῖς</strong></span> <span class='ocrx_word' id='word_1_139' title='bbox 1644 1745 1740 1799; x_wconf 86' lang='grc' dir='ltr'><strong>τοῦ</strong></span> 
     </span>
    </p>
   </div>
   <div class='ocr_carea' id='block_1_22' title="bbox 1835 737 3390 810">
    <p class='ocr_par' dir='ltr' id='par_1_22' title="bbox 1835 737 3390 810">
     <span class='ocr_line' id='line_1_22' title="bbox 1835 737 3390 810; baseline -0.006 -15"><span class='ocrx_word' id='word_1_140' title='bbox 1835 741 1982 795; x_wconf 89' lang='lat' dir='ltr'><strong>Elias</strong></span> <span class='ocrx_word' id='word_1_141' title='bbox 2006 739 2265 810; x_wconf 72' lang='lat' dir='ltr'><strong>propheta</strong></span> <span class='ocrx_word' id='word_1_142' title='bbox 2300 748 2558 793; x_wconf 89' lang='lat' dir='ltr'><strong>venturus</strong></span> <span class='ocrx_word' id='word_1_143' title='bbox 2591 740 2663 793; x_wconf 90' lang='lat' dir='ltr'><strong>sit</strong></span> <span class='ocrx_word' id='word_1_144' title='bbox 2716 737 3066 792; x_wconf 80' lang='lat' dir='ltr'><strong>manifestum</strong></span> <span class='ocrx_word' id='word_1_145' title='bbox 3114 745 3215 798; x_wconf 90' lang='lat' dir='ltr'><strong>est,</strong></span> <span class='ocrx_word' id='word_1_146' title='bbox 3266 748 3390 789; x_wconf 89' lang='lat' dir='ltr'><strong>cum</strong></span> 
     </span>
    </p>
   </div>
   <div class='ocr_carea' id='block_1_23' title="bbox 1835 825 3396 900">
    <p class='ocr_par' dir='ltr' id='par_1_23' title="bbox 1835 825 3396 900">
     <span class='ocr_line' id='line_1_23' title="bbox 1835 825 3396 900; baseline -0.004 -14"><span class='ocrx_word' id='word_1_147' title='bbox 1835 829 2110 900; x_wconf 76' lang='lat' dir='ltr'><strong>Scriptura</strong></span> <span class='ocrx_word' id='word_1_148' title='bbox 2145 830 2246 884; x_wconf 88' lang='lat' dir='ltr'><strong>hoc</strong></span> <span class='ocrx_word' id='word_1_149' title='bbox 2281 828 2606 898; x_wconf 66' lang='lat' dir='ltr'><strong>prtedixerit,</strong></span> <span class='ocrx_word' id='word_1_150' title='bbox 2630 841 2748 896; x_wconf 68' lang='lat' dir='ltr'><strong>quae</strong></span> <span class='ocrx_word' id='word_1_151' title='bbox 2782 842 2875 895; x_wconf 90' lang='lat' dir='ltr'><strong>per</strong></span> <span class='ocrx_word' id='word_1_152' title='bbox 2931 825 3247 880; x_wconf 75' lang='lat' dir='ltr'><strong>Blalachiam</strong></span> <span class='ocrx_word' id='word_1_153' title='bbox 3295 839 3396 880; x_wconf 60' lang='grc' dir='ltr'><strong>ναι</strong></span> 
     </span>
    </p>
   </div>
   <div class='ocr_carea' id='block_1_24' title="bbox 1837 914 3397 987">
    <p class='ocr_par' dir='ltr' id='par_1_24' title="bbox 1837 914 3397 987">
     <span class='ocr_line' id='line_1_24' title="bbox 1837 914 3397 987; baseline -0.004 -14"><span class='ocrx_word' id='word_1_154' title='bbox 1837 919 2094 975; x_wconf 90' lang='lat' dir='ltr'><strong>ticinatur</strong></span> <span class='ocrx_word' id='word_1_155' title='bbox 2133 937 2146 973; x_wconf 91' lang='lat'><strong>:</strong></span> <span class='ocrx_word' id='word_1_156' title='bbox 2178 937 2196 970; x_wconf 81' lang='grc' dir='ltr'><strong>ι</strong></span> <span class='ocrx_word' id='word_1_157' title='bbox 2227 918 2363 973; x_wconf 85' lang='lat' dir='ltr'><strong>Ecce</strong></span> <span class='ocrx_word' id='word_1_158' title='bbox 2395 933 2495 987; x_wconf 82' lang='lat' dir='ltr'><strong>ego</strong></span> <span class='ocrx_word' id='word_1_159' title='bbox 2521 918 2730 970; x_wconf 78' lang='lat' dir='ltr'><strong>mittant</strong></span> <span class='ocrx_word' id='word_1_160' title='bbox 2764 917 2916 970; x_wconf 81' lang='lat' dir='ltr'><strong>vobis</strong></span> <span class='ocrx_word' id='word_1_161' title='bbox 2951 916 3123 968; x_wconf 88' lang='lat' dir='ltr'><strong>Eliam</strong></span> <span class='ocrx_word' id='word_1_162' title='bbox 3174 914 3397 970; x_wconf 90' lang='lat' dir='ltr'><strong>Thesbi-</strong></span> 
     </span>
    </p>
   </div>
   <div class='ocr_carea' id='block_1_25' title="bbox 1820 1005 3399 1078">
    <p class='ocr_par' dir='ltr' id='par_1_25' title="bbox 1820 1005 3399 1078">
     <span class='ocr_line' id='line_1_25' title="bbox 1820 1005 3399 1078; baseline -0.005 -14"><span class='ocrx_word' id='word_1_163' title='bbox 1820 1018 1945 1064; x_wconf 89' lang='lat' dir='ltr'><strong>.tem</strong></span> <span class='ocrx_word' id='word_1_164' title='bbox 1996 1010 2311 1078; x_wconf 81' lang='lat' dir='ltr'><strong>priusquam</strong></span> <span class='ocrx_word' id='word_1_165' title='bbox 2370 1007 2553 1061; x_wconf 82' lang='lat' dir='ltr'><strong>veniat</strong></span> <span class='ocrx_word' id='word_1_166' title='bbox 2608 1007 2723 1061; x_wconf 92' lang='lat' dir='ltr'><strong>dies</strong></span> <span class='ocrx_word' id='word_1_167' title='bbox 2780 1005 2995 1059; x_wconf 91' lang='lat' dir='ltr'><strong>Domini</strong></span> <span class='ocrx_word' id='word_1_168' title='bbox 3051 1019 3278 1074; x_wconf 89' lang='lat' dir='ltr'><strong>magnus</strong></span> <span class='ocrx_word' id='word_1_169' title='bbox 3344 1013 3399 1057; x_wconf 88' lang='lat' dir='ltr'><strong>ct</strong></span> 
     </span>
    </p>
   </div>
   <div class='ocr_carea' id='block_1_26' title="bbox 1838 1093 3391 1167">
    <p class='ocr_par' dir='ltr' id='par_1_26' title="bbox 1838 1093 3391 1167">
     <span class='ocr_line' id='line_1_26' title="bbox 1838 1093 3391 1167; baseline -0.004 -14"><span class='ocrx_word' id='word_1_170' title='bbox 1838 1099 2180 1164; x_wconf 82' lang='lat' dir='ltr'><strong>manifestus,</strong></span> <span class='ocrx_word' id='word_1_171' title='bbox 2239 1098 2331 1167; x_wconf 90' lang='lat' dir='ltr'><strong>qui</strong></span> <span class='ocrx_word' id='word_1_172' title='bbox 2408 1106 2688 1152; x_wconf 87' lang='lat' dir='ltr'><strong>convertet</strong></span> <span class='ocrx_word' id='word_1_173' title='bbox 2732 1109 2828 1150; x_wconf 88' lang='lat' dir='ltr'><strong>cor</strong></span> <span class='ocrx_word' id='word_1_174' title='bbox 2881 1095 3054 1164; x_wconf 88' lang='lat' dir='ltr'><strong>patris</strong></span> <span class='ocrx_word' id='word_1_175' title='bbox 3095 1093 3160 1148; x_wconf 84' lang='lat' dir='ltr'><strong>ad</strong></span> <span class='ocrx_word' id='word_1_176' title='bbox 3220 1093 3391 1147; x_wconf 77' lang='lat' dir='ltr'><strong>lilium</strong></span> 
     </span>
    </p>
   </div>
   <div class='ocr_carea' id='block_1_27' title="bbox 1837 1176 3394 1256">
    <p class='ocr_par' dir='ltr' id='par_1_27' title="bbox 1837 1176 3394 1256">
     <span class='ocr_line' id='line_1_27' title="bbox 1837 1176 3394 1256; baseline -0.004 -12"><span class='ocrx_word' id='word_1_177' title='bbox 1837 1200 1891 1244; x_wconf 91' lang='lat' dir='ltr'><strong>ct</strong></span> <span class='ocrx_word' id='word_1_178' title='bbox 1918 1206 2012 1244; x_wconf 89' lang='lat' dir='ltr'><strong>cor</strong></span> <span class='ocrx_word' id='word_1_179' title='bbox 2063 1176 2297 1243; x_wconf 85' lang='lat' dir='ltr'><strong>hominis</strong></span> <span class='ocrx_word' id='word_1_180' title='bbox 2324 1189 2388 1243; x_wconf 88' lang='lat' dir='ltr'><strong>ad</strong></span> <span class='ocrx_word' id='word_1_181' title='bbox 2422 1186 2724 1256; x_wconf 82' lang='lat' dir='ltr'><strong>proximum</strong></span> <span class='ocrx_word' id='word_1_182' title='bbox 2753 1194 2910 1240; x_wconf 83' lang='lat' dir='ltr'><strong>suum</strong></span> <span class='ocrx_word' id='word_1_183' title='bbox 2943 1185 3008 1238; x_wconf 70' lang='grc'><strong>⁸³.</strong></span> <span class='ocrx_word' id='word_1_184' title='bbox 3041 1203 3058 1235; x_wconf 79' lang='grc' dir='ltr'><strong>ι</strong></span> <span class='ocrx_word' id='word_1_185' title='bbox 3097 1184 3169 1239; x_wconf 90' lang='lat' dir='ltr'><strong>De</strong></span> <span class='ocrx_word' id='word_1_186' title='bbox 3211 1184 3394 1239; x_wconf 84' lang='lat' dir='ltr'><strong>Enoch</strong></span> 
     </span>
    </p>
   </div>
   <div class='ocr_carea' id='block_1_28' title="bbox 1840 1278 3399 1349">
    <p class='ocr_par' dir='ltr' id='par_1_28' title="bbox 1840 1278 3399 1349">
     <span class='ocr_line' id='line_1_28' title="bbox 1840 1278 3399 1349; baseline -0.003 -16"><span class='ocrx_word' id='word_1_187' title='bbox 1840 1296 1967 1334; x_wconf 89' lang='lat' dir='ltr'><strong>vero</strong></span> <span class='ocrx_word' id='word_1_188' title='bbox 1996 1281 2363 1335; x_wconf 87' lang='lat' dir='ltr'><strong>testimonium</strong></span> <span class='ocrx_word' id='word_1_189' title='bbox 2398 1281 2614 1349; x_wconf 87' lang='lat' dir='ltr'><strong>quidem</strong></span> <span class='ocrx_word' id='word_1_190' title='bbox 2665 1279 2806 1348; x_wconf 88' lang='lat' dir='ltr'><strong>quod</strong></span> <span class='ocrx_word' id='word_1_191' title='bbox 2851 1279 2914 1331; x_wconf 88' lang='lat' dir='ltr'><strong>ad</strong></span> <span class='ocrx_word' id='word_1_192' title='bbox 2951 1278 3236 1331; x_wconf 82' lang='lat' dir='ltr'><strong>adventum</strong></span> <span class='ocrx_word' id='word_1_193' title='bbox 3272 1293 3399 1345; x_wconf 90' lang='lat' dir='ltr'><strong>spe-</strong></span> 
     </span>
    </p>
   </div>
   <div class='ocr_carea' id='block_1_29' title="bbox 1839 1371 3397 1440">
    <p class='ocr_par' dir='ltr' id='par_1_29' title="bbox 1839 1371 3397 1440">
     <span class='ocr_line' id='line_1_29' title="bbox 1839 1371 3397 1440; baseline -0.003 -14"><span class='ocrx_word' id='word_1_194' title='bbox 1839 1381 1949 1426; x_wconf 87' lang='lat' dir='ltr'><strong>ctat</strong></span> <span class='ocrx_word' id='word_1_195' title='bbox 1998 1387 2062 1426; x_wconf 77' lang='lat' dir='ltr'><strong>ex</strong></span> <span class='ocrx_word' id='word_1_196' title='bbox 2099 1372 2377 1440; x_wconf 87' lang='lat' dir='ltr'><strong>Scriptura</strong></span> <span class='ocrx_word' id='word_1_197' title='bbox 2431 1387 2537 1425; x_wconf 89' lang='lat' dir='ltr'><strong>non</strong></span> <span class='ocrx_word' id='word_1_198' title='bbox 2575 1371 2858 1434; x_wconf 76' lang='lat' dir='ltr'><strong>habemus,</strong></span> <span class='ocrx_word' id='word_1_199' title='bbox 2911 1379 3102 1437; x_wconf 81' lang='lat' dir='ltr'><strong>praeter</strong></span> <span class='ocrx_word' id='word_1_200' title='bbox 3147 1383 3397 1437; x_wconf 74' lang='lat' dir='ltr'><strong>transpo~</strong></span> 
     </span>
    </p>
   </div>
   <div class='ocr_carea' id='block_1_30' title="bbox 1841 1455 3400 1536">
    <p class='ocr_par' dir='ltr' id='par_1_30' title="bbox 1841 1455 3400 1536">
     <span class='ocr_line' id='line_1_30' title="bbox 1841 1455 3400 1536; baseline -0.003 -21"><span class='ocrx_word' id='word_1_201' title='bbox 1841 1461 2093 1515; x_wconf 90' lang='lat' dir='ltr'><strong>sitionem</strong></span> <span class='ocrx_word' id='word_1_202' title='bbox 2135 1475 2201 1512; x_wconf 91' lang='lat' dir='ltr'><strong>ne</strong></span> <span class='ocrx_word' id='word_1_203' title='bbox 2257 1468 2502 1528; x_wconf 85' lang='lat' dir='ltr'><strong>gustaret</strong></span> <span class='ocrx_word' id='word_1_204' title='bbox 2561 1469 2812 1512; x_wconf 89' lang='lat' dir='ltr'><strong>mortem.</strong></span> <span class='ocrx_word' id='word_1_205' title='bbox 2873 1455 3065 1536; x_wconf 82' lang='lat' dir='ltr'><strong>Fertur</strong></span> <span class='ocrx_word' id='word_1_206' title='bbox 3118 1466 3297 1510; x_wconf 87' lang='lat' dir='ltr'><strong>autem</strong></span> <span class='ocrx_word' id='word_1_207' title='bbox 3330 1471 3400 1510; x_wconf 70' lang='lat' dir='ltr'><strong>ex</strong></span> 
     </span>
    </p>
   </div>
   <div class='ocr_carea' id='block_1_31' title="bbox 1843 1548 3401 1619">
    <p class='ocr_par' dir='ltr' id='par_1_31' title="bbox 1843 1548 3401 1619">
     <span class='ocr_line' id='line_1_31' title="bbox 1843 1548 3401 1619; baseline -0.003 -14"><span class='ocrx_word' id='word_1_208' title='bbox 1843 1552 2132 1605; x_wconf 84' lang='lat' dir='ltr'><strong>traditione</strong></span> <span class='ocrx_word' id='word_1_209' title='bbox 2163 1565 2470 1619; x_wconf 70' lang='lat' dir='ltr'><strong>praeconum</strong></span> <span class='ocrx_word' id='word_1_210' title='bbox 2501 1549 2702 1604; x_wconf 86' lang='lat' dir='ltr'><strong>Christi</strong></span> <span class='ocrx_word' id='word_1_211' title='bbox 2732 1548 2874 1618; x_wconf 91' lang='lat' dir='ltr'><strong>quod</strong></span> <span class='ocrx_word' id='word_1_212' title='bbox 2908 1549 3401 1609; x_wconf 55' lang='lat' dir='ltr'><strong>invariabilitcrjn</strong></span> 
     </span>
    </p>
   </div>
   <div class='ocr_carea' id='block_1_32' title="bbox 1844 1639 3399 1709">
    <p class='ocr_par' dir='ltr' id='par_1_32' title="bbox 1844 1639 3399 1709">
     <span class='ocr_line' id='line_1_32' title="bbox 1844 1639 3399 1709; baseline -0.004 -13"><span class='ocrx_word' id='word_1_213' title='bbox 1844 1641 2084 1697; x_wconf 81' lang='lat' dir='ltr'><strong>Ecclesia</strong></span> <span class='ocrx_word' id='word_1_214' title='bbox 2131 1640 2410 1709; x_wconf 86' lang='lat' dir='ltr'><strong>recipitur,</strong></span> <span class='ocrx_word' id='word_1_215' title='bbox 2444 1639 2619 1707; x_wconf 91' lang='lat' dir='ltr'><strong>ipsum</strong></span> <span class='ocrx_word' id='word_1_216' title='bbox 2669 1651 2886 1707; x_wconf 85' lang='lat' dir='ltr'><strong>quoque</strong></span> <span class='ocrx_word' id='word_1_217' title='bbox 2937 1645 3221 1691; x_wconf 77' lang='lat' dir='ltr'><strong>venturum</strong></span> <span class='ocrx_word' id='word_1_218' title='bbox 3273 1651 3399 1690; x_wconf 92' lang='lat' dir='ltr'><strong>cum</strong></span> 
     </span>
    </p>
   </div>
   <div class='ocr_carea' id='block_1_33' title="bbox 1846 1730 3405 1805">
    <p class='ocr_par' dir='ltr' id='par_1_33' title="bbox 1846 1730 3405 1805">
     <span class='ocr_line' id='line_1_33' title="bbox 1846 1730 3405 1805; baseline -0.003 -19"><span class='ocrx_word' id='word_1_219' title='bbox 1846 1731 1994 1788; x_wconf 86' lang='lat' dir='ltr'><strong>Helia</strong></span> <span class='ocrx_word' id='word_1_220' title='bbox 2025 1732 2303 1805; x_wconf 87' lang='lat' dir='ltr'><strong>Thcsbite.</strong></span> <span class='ocrx_word' id='word_1_221' title='bbox 2334 1730 2562 1785; x_wconf 78' lang='lat' dir='ltr'><strong>Venieut</strong></span> <span class='ocrx_word' id='word_1_222' title='bbox 2590 1731 2733 1785; x_wconf 90' lang='lat' dir='ltr'><strong>enim</strong></span> <span class='ocrx_word' id='word_1_223' title='bbox 2759 1730 2918 1784; x_wconf 88' lang='lat' dir='ltr'><strong>ambo</strong></span> <span class='ocrx_word' id='word_1_224' title='bbox 2950 1739 3007 1783; x_wconf 88' lang='lat' dir='ltr'><strong>ut</strong></span> <span class='ocrx_word' id='word_1_225' title='bbox 3038 1738 3405 1797; x_wconf 86' lang='lat' dir='ltr'><strong>protestentur</strong></span> 
     </span>
    </p>
   </div>
   <div class='ocr_carea' id='block_1_34' title="bbox 200 1816 1747 1907">
    <p class='ocr_par' dir='ltr' id='par_1_34' title="bbox 200 1831 1739 1907">
     <span class='ocr_line' id='line_1_34' title="bbox 200 1831 1739 1907; baseline 0.001 -22"><span class='ocrx_word' id='word_1_226' title='bbox 200 1831 568 1901; x_wconf 79' lang='grc' dir='ltr'>Ἀντιχρίστου</span> <span class='ocrx_word' id='word_1_227' title='bbox 619 1834 960 1904; x_wconf 79' lang='grc' dir='ltr'><strong>παράγεσθαι</strong></span> <span class='ocrx_word' id='word_1_228' title='bbox 1008 1836 1316 1907; x_wconf 80' lang='grc' dir='ltr'><strong>σημείοις),</strong></span> <span class='ocrx_word' id='word_1_229' title='bbox 1367 1835 1461 1889; x_wconf 78' lang='grc' dir='ltr'><strong>καὶ</strong></span> <span class='ocrx_word' id='word_1_230' title='bbox 1507 1838 1573 1906; x_wconf 84' lang='grc' dir='ltr'>τῇ</span> <span class='ocrx_word' id='word_1_231' title='bbox 1632 1835 1739 1907; x_wconf 79' lang='grc' dir='ltr'>ίδίᾳ</span> 
     </span>
    </p>
   </div>
   <div class='ocr_carea' id='block_1_35' title="bbox 1852 1816 3403 1907">
    <p class='ocr_par' dir='ltr' id='par_1_35' title="bbox 1852 1819 3403 1888">
     <span class='ocr_line' id='line_1_35' title="bbox 1852 1819 3403 1888; baseline -0.004 -10"><span class='ocrx_word' id='word_1_232' title='bbox 1852 1826 1930 1879; x_wconf 93' lang='lat' dir='ltr'><strong>his</strong></span> <span class='ocrx_word' id='word_1_233' title='bbox 1960 1825 2051 1887; x_wconf 83' lang='lat' dir='ltr'><strong>qui</strong></span> <span class='ocrx_word' id='word_1_234' title='bbox 2084 1833 2214 1878; x_wconf 89' lang='lat' dir='ltr'><strong>tunc</strong></span> <span class='ocrx_word' id='word_1_235' title='bbox 2250 1831 2429 1888; x_wconf 89' lang='lat' dir='ltr'><strong>erunt,</strong></span> <span class='ocrx_word' id='word_1_236' title='bbox 2465 1837 2534 1876; x_wconf 91' lang='lat' dir='ltr'><strong>ne</strong></span> <span class='ocrx_word' id='word_1_237' title='bbox 2572 1821 2858 1876; x_wconf 81' lang='lat' dir='ltr'><strong>fallacibus</strong></span> <span class='ocrx_word' id='word_1_238' title='bbox 2884 1820 3202 1874; x_wconf 84' lang='lat' dir='ltr'><strong>Antichristi</strong></span> <span class='ocrx_word' id='word_1_239' title='bbox 3234 1819 3403 1886; x_wconf 87' lang='lat' dir='ltr'><strong>signis</strong></span> 
     </span>
    </p>
   </div>
   <div class='ocr_carea' id='block_1_36' title="bbox 195 1922 1744 1996">
    <p class='ocr_par' dir='ltr' id='par_1_36' title="bbox 195 1922 1744 1996">
     <span class='ocr_line' id='line_1_36' title="bbox 195 1922 1744 1996; baseline 0.003 -22"><span class='ocrx_word' id='word_1_240' title='bbox 195 1922 467 1994; x_wconf 76' lang='grc' dir='ltr'>μαρτυρίᾳ</span> <span class='ocrx_word' id='word_1_241' title='bbox 490 1925 664 1994; x_wconf 79' lang='grc' dir='ltr'>ταύτῃ</span> <span class='ocrx_word' id='word_1_242' title='bbox 695 1925 945 1994; x_wconf 77' lang='grc' dir='ltr'>τριόῆναι</span> <span class='ocrx_word' id='word_1_243' title='bbox 979 1927 1169 1996; x_wconf 76' lang='grc' dir='ltr'>χρόνον</span> <span class='ocrx_word' id='word_1_244' title='bbox 1210 1927 1448 1996; x_wconf 89' lang='grc' dir='ltr'>τριετίας</span> <span class='ocrx_word' id='word_1_245' title='bbox 1476 1927 1572 1980; x_wconf 71' lang='grc' dir='ltr'>καὶ</span> <span class='ocrx_word' id='word_1_246' title='bbox 1616 1926 1744 1996; x_wconf 79' lang='grc' dir='ltr'>ἠμί-</span> 
     </span>
    </p>
   </div>
   <div class='ocr_carea' id='block_1_37' title="bbox 196 2014 1742 2085">
    <p class='ocr_par' dir='ltr' id='par_1_37' title="bbox 196 2014 1742 2085">
     <span class='ocr_line' id='line_1_37' title="bbox 196 2014 1742 2085; baseline 0.001 -20"><span class='ocrx_word' id='word_1_247' title='bbox 196 2030 344 2076; x_wconf 78' lang='grc' dir='ltr'>σεως.</span> <span class='ocrx_word' id='word_1_248' title='bbox 372 2014 544 2067; x_wconf 80' lang='grc' dir='ltr'>Τοῦτο</span> <span class='ocrx_word' id='word_1_249' title='bbox 567 2015 675 2085; x_wconf 82' lang='grc' dir='ltr'>γὰρ</span> <span class='ocrx_word' id='word_1_250' title='bbox 699 2017 753 2067; x_wconf 86' lang='grc' dir='ltr'>αί</span> <span class='ocrx_word' id='word_1_251' title='bbox 769 2017 936 2084; x_wconf 87' lang='grc' dir='ltr'>χίλιαι</span> <span class='ocrx_word' id='word_1_252' title='bbox 982 2016 1255 2070; x_wconf 80' lang='grc' dir='ltr'><strong>διακόσιαι</strong></span> <span class='ocrx_word' id='word_1_253' title='bbox 1309 2016 1578 2085; x_wconf 78' lang='grc' dir='ltr'>ἐξήκοντα</span> <span class='ocrx_word' id='word_1_254' title='bbox 1608 2015 1742 2085; x_wconf 81' lang='grc' dir='ltr'>ἠμέ-</span> 
     </span>
    </p>
   </div>
   <div class='ocr_carea' id='block_1_38' title="bbox 196 2104 1743 2176">
    <p class='ocr_par' dir='ltr' id='par_1_38' title="bbox 196 2104 1743 2176">
     <span class='ocr_line' id='line_1_38' title="bbox 196 2104 1743 2176; baseline -0.002 -19"><span class='ocrx_word' id='word_1_255' title='bbox 196 2120 278 2173; x_wconf 81' lang='grc' dir='ltr'><strong>ραι</strong></span> <span class='ocrx_word' id='word_1_256' title='bbox 307 2105 559 2173; x_wconf 60' lang='grc' dir='ltr'>χρονικδν</span> <span class='ocrx_word' id='word_1_257' title='bbox 605 2105 922 2158; x_wconf 72' lang='grc' dir='ltr'>ἀποτελοῦσι</span> <span class='ocrx_word' id='word_1_258' title='bbox 947 2107 1238 2176; x_wconf 88' lang='grc' dir='ltr'>διάστημα.</span> <span class='ocrx_word' id='word_1_259' title='bbox 1274 2105 1337 2157; x_wconf 85' lang='grc' dir='ltr'><strong>Ἦ</strong></span> <span class='ocrx_word' id='word_1_260' title='bbox 1368 2105 1425 2157; x_wconf 79' lang='grc' dir='ltr'><strong>δέ</strong></span> <span class='ocrx_word' id='word_1_261' title='bbox 1454 2105 1562 2158; x_wconf 89' lang='grc' dir='ltr'><strong>τῶν</strong></span> <span class='ocrx_word' id='word_1_262' title='bbox 1613 2104 1743 2156; x_wconf 66' lang='grc' dir='ltr'>σάκι</span> 
     </span>
    </p>
   </div>
   <div class='ocr_carea' id='block_1_39' title="bbox 196 2194 1745 2265">
    <p class='ocr_par' dir='ltr' id='par_1_39' title="bbox 196 2194 1745 2265">
     <span class='ocr_line' id='line_1_39' title="bbox 196 2194 1745 2265; baseline -0.002 -18"><span class='ocrx_word' id='word_1_263' title='bbox 196 2211 299 2247; x_wconf 73' lang='grc' dir='ltr'><strong>κων</strong></span> <span class='ocrx_word' id='word_1_264' title='bbox 368 2195 631 2265; x_wconf 76' lang='grc' dir='ltr'>περιϐολὴ</span> <span class='ocrx_word' id='word_1_265' title='bbox 694 2197 754 2248; x_wconf 84' lang='grc' dir='ltr'><strong>τὸ</strong></span> <span class='ocrx_word' id='word_1_266' title='bbox 809 2195 945 2264; x_wconf 81' lang='grc' dir='ltr'><strong>μετά</strong></span> <span class='ocrx_word' id='word_1_267' title='bbox 1001 2194 1277 2255; x_wconf 76' lang='grc' dir='ltr'>εὐτελείας</span> <span class='ocrx_word' id='word_1_268' title='bbox 1341 2194 1612 2264; x_wconf 77' lang='grc' dir='ltr'>προϐῆναι</span> <span class='ocrx_word' id='word_1_269' title='bbox 1653 2195 1745 2245; x_wconf 78' lang='grc' dir='ltr'><strong>καὶ</strong></span> 
     </span>
    </p>
   </div>
   <div class='ocr_carea' id='block_1_40' title="bbox 198 2281 1743 2360">
    <p class='ocr_par' dir='ltr' id='par_1_40' title="bbox 198 2281 1743 2360">
     <span class='ocr_line' id='line_1_40' title="bbox 198 2281 1743 2360; baseline 0.001 -26"><span class='ocrx_word' id='word_1_270' title='bbox 198 2284 423 2346; x_wconf 77' lang='grc' dir='ltr'><strong>πένθους</strong></span> <span class='ocrx_word' id='word_1_271' title='bbox 446 2287 541 2337; x_wconf 79' lang='grc' dir='ltr'>καὶ</span> <span class='ocrx_word' id='word_1_272' title='bbox 581 2285 1032 2360; x_wconf 77' lang='grc' dir='ltr'>σκυθρωπότητος</span> <span class='ocrx_word' id='word_1_273' title='bbox 1089 2286 1326 2355; x_wconf 75' lang='grc' dir='ltr'>παριστᾷ</span> <span class='ocrx_word' id='word_1_274' title='bbox 1354 2281 1572 2346; x_wconf 82' lang='grc' dir='ltr'>τούτους</span> <span class='ocrx_word' id='word_1_275' title='bbox 1619 2286 1743 2345; x_wconf 61' lang='grc' dir='ltr'>τοὺς</span> 
     </span>
    </p>
   </div>
   <div class='ocr_carea' id='block_1_41' title="bbox 198 2371 1742 2443">
    <p class='ocr_par' dir='ltr' id='par_1_41' title="bbox 198 2371 1742 2443">
     <span class='ocr_line' id='line_1_41' title="bbox 198 2371 1742 2443; baseline -0.001 -19"><span class='ocrx_word' id='word_1_276' title='bbox 198 2372 308 2435; x_wconf 87' lang='grc' dir='ltr'>δύο,</span> <span class='ocrx_word' id='word_1_277' title='bbox 346 2371 442 2434; x_wconf 85' lang='grc' dir='ltr'><strong>οὓς</strong></span> <span class='ocrx_word' id='word_1_278' title='bbox 479 2373 686 2435; x_wconf 78' lang='grc' dir='ltr'><strong>ἐλαίαις</strong></span> <span class='ocrx_word' id='word_1_279' title='bbox 730 2374 1000 2442; x_wconf 85' lang='grc' dir='ltr'>Ζαχαρίας</span> <span class='ocrx_word' id='word_1_280' title='bbox 1055 2374 1082 2426; x_wconf 85' lang='grc' dir='ltr'>ὀ</span> <span class='ocrx_word' id='word_1_281' title='bbox 1125 2375 1410 2443; x_wconf 83' lang='grc' dir='ltr'>προφήτης</span> <span class='ocrx_word' id='word_1_282' title='bbox 1433 2371 1742 2436; x_wconf 79' lang='grc' dir='ltr'>ἀπεικάζει,</span> 
     </span>
    </p>
   </div>
   <div class='ocr_carea' id='block_1_42' title="bbox 203 2460 1744 2528">
    <p class='ocr_par' dir='ltr' id='par_1_42' title="bbox 203 2460 1744 2528">
     <span class='ocr_line' id='line_1_42' title="bbox 203 2460 1744 2528; baseline 0 -18"><span class='ocrx_word' id='word_1_283' title='bbox 203 2460 290 2511; x_wconf 84' lang='grc' dir='ltr'>καὶ</span> <span class='ocrx_word' id='word_1_284' title='bbox 348 2461 591 2527; x_wconf 77' lang='grc' dir='ltr'>λυχνίαις</span> <span class='ocrx_word' id='word_1_285' title='bbox 633 2460 802 2526; x_wconf 75' lang='grc' dir='ltr'>δυσὶν,</span> <span class='ocrx_word' id='word_1_286' title='bbox 849 2461 1077 2526; x_wconf 75' lang='grc' dir='ltr'>ἐλαίαις,</span> <span class='ocrx_word' id='word_1_287' title='bbox 1125 2460 1213 2513; x_wconf 86' lang='grc' dir='ltr'>διὰ</span> <span class='ocrx_word' id='word_1_288' title='bbox 1241 2461 1319 2524; x_wconf 81' lang='grc' dir='ltr'><strong>τὸ,</strong></span> <span class='ocrx_word' id='word_1_289' title='bbox 1348 2461 1408 2513; x_wconf 83' lang='grc' dir='ltr'><strong>τὸ</strong></span> <span class='ocrx_word' id='word_1_290' title='bbox 1444 2461 1620 2513; x_wconf 78' lang='grc' dir='ltr'>ἔλαιον</span> <span class='ocrx_word' id='word_1_291' title='bbox 1647 2461 1744 2528; x_wconf 85' lang='grc' dir='ltr'>τὴν</span> 
     </span>
    </p>
   </div>
   <div class='ocr_carea' id='block_1_43' title="bbox 201 2545 1746 2617">
    <p class='ocr_par' dir='ltr' id='par_1_43' title="bbox 201 2545 1746 2617">
     <span class='ocr_line' id='line_1_43' title="bbox 201 2545 1746 2617; baseline 0.001 -22"><span class='ocrx_word' id='word_1_292' title='bbox 201 2547 400 2613; x_wconf 72' lang='grc' dir='ltr'>τροφὴν</span> <span class='ocrx_word' id='word_1_293' title='bbox 428 2545 522 2596; x_wconf 81' lang='grc' dir='ltr'><strong>τοῦ</strong></span> <span class='ocrx_word' id='word_1_294' title='bbox 558 2546 730 2614; x_wconf 78' lang='grc' dir='ltr'>φωτὸς</span> <span class='ocrx_word' id='word_1_295' title='bbox 757 2547 1042 2616; x_wconf 77' lang='grc' dir='ltr'>πηγάζειν,</span> <span class='ocrx_word' id='word_1_296' title='bbox 1066 2546 1307 2616; x_wconf 86' lang='grc' dir='ltr'>λυχνίαις</span> <span class='ocrx_word' id='word_1_297' title='bbox 1338 2547 1413 2613; x_wconf 88' lang='grc' dir='ltr'><strong>δέ,</strong></span> <span class='ocrx_word' id='word_1_298' title='bbox 1435 2548 1517 2600; x_wconf 80' lang='grc' dir='ltr'>ὅτι</span> <span class='ocrx_word' id='word_1_299' title='bbox 1564 2547 1746 2617; x_wconf 72' lang='grc' dir='ltr'>ὄχημα</span> 
     </span>
    </p>
   </div>
   <div class='ocr_carea' id='block_1_44' title="bbox 203 2636 1748 2708">
    <p class='ocr_par' dir='ltr' id='par_1_44' title="bbox 203 2636 1748 2708">
     <span class='ocr_line' id='line_1_44' title="bbox 203 2636 1748 2708; baseline -0.001 -19"><span class='ocrx_word' id='word_1_300' title='bbox 203 2637 294 2703; x_wconf 82' lang='grc' dir='ltr'>τῆς</span> <span class='ocrx_word' id='word_1_301' title='bbox 349 2636 602 2706; x_wconf 80' lang='grc' dir='ltr'>ἀληθείας</span> <span class='ocrx_word' id='word_1_302' title='bbox 651 2637 957 2705; x_wconf 84' lang='grc' dir='ltr'>γεγόνασιν,</span> <span class='ocrx_word' id='word_1_303' title='bbox 1017 2638 1137 2708; x_wconf 79' lang='grc' dir='ltr'>ἥτις</span> <span class='ocrx_word' id='word_1_304' title='bbox 1199 2656 1258 2690; x_wconf 90' lang='grc' dir='ltr'><strong>τε</strong></span> <span class='ocrx_word' id='word_1_305' title='bbox 1305 2639 1372 2691; x_wconf 88' lang='grc' dir='ltr'>δι’</span> <span class='ocrx_word' id='word_1_306' title='bbox 1424 2638 1634 2707; x_wconf 83' lang='grc' dir='ltr'>ἀρετῶν</span> <span class='ocrx_word' id='word_1_307' title='bbox 1687 2637 1748 2689; x_wconf 81' lang='grc' dir='ltr'><strong>τὸ</strong></span> 
     </span>
    </p>
   </div>
   <div class='ocr_carea' id='block_1_45' title="bbox 204 2726 1747 2799">
    <p class='ocr_par' dir='ltr' id='par_1_45' title="bbox 204 2726 1747 2799">
     <span class='ocr_line' id='line_1_45' title="bbox 204 2726 1747 2799; baseline 0.001 -21"><span class='ocrx_word' id='word_1_308' title='bbox 204 2726 446 2796; x_wconf 76' lang='grc' dir='ltr'>ἀληθινὸν</span> <span class='ocrx_word' id='word_1_309' title='bbox 475 2726 590 2795; x_wconf 84' lang='grc' dir='ltr'>φῶς</span> <span class='ocrx_word' id='word_1_310' title='bbox 618 2726 1012 2798; x_wconf 74' lang='grc' dir='ltr'>ὀνομαζόμενον</span> <span class='ocrx_word' id='word_1_311' title='bbox 1040 2729 1347 2792; x_wconf 75' lang='grc' dir='ltr'>ὑποδύεται,</span> <span class='ocrx_word' id='word_1_312' title='bbox 1382 2730 1474 2782; x_wconf 76' lang='grc' dir='ltr'>καὶ</span> <span class='ocrx_word' id='word_1_313' title='bbox 1498 2745 1747 2799; x_wconf 83' lang='grc' dir='ltr'>φρυκτω-</span> 
     </span>
    </p>
   </div>
   <div class='ocr_carea' id='block_1_46' title="bbox 208 2818 1750 2891">
    <p class='ocr_par' dir='ltr' id='par_1_46' title="bbox 208 2818 1750 2891">
     <span class='ocr_line' id='line_1_46' title="bbox 208 2818 1750 2891; baseline 0.003 -22"><span class='ocrx_word' id='word_1_314' title='bbox 208 2819 285 2884; x_wconf 87' lang='grc' dir='ltr'>ρεῑ</span> <span class='ocrx_word' id='word_1_315' title='bbox 306 2819 428 2881; x_wconf 77' lang='grc' dir='ltr'>τοὺς</span> <span class='ocrx_word' id='word_1_316' title='bbox 459 2818 808 2882; x_wconf 76' lang='grc' dir='ltr'>πελάζοντας,</span> <span class='ocrx_word' id='word_1_317' title='bbox 843 2819 872 2873; x_wconf 82' lang='grc' dir='ltr'><strong>δ</strong></span> <span class='ocrx_word' id='word_1_318' title='bbox 891 2822 984 2872; x_wconf 75' lang='grc' dir='ltr'><strong>καὶ</strong></span> <span class='ocrx_word' id='word_1_319' title='bbox 1016 2821 1198 2880; x_wconf 65' lang='grc' dir='ltr'>αὐτοῖς</span> <span class='ocrx_word' id='word_1_320' title='bbox 1231 2821 1587 2891; x_wconf 85' lang='grc' dir='ltr'>περιγίνεται.</span> <span class='ocrx_word' id='word_1_321' title='bbox 1615 2823 1750 2891; x_wconf 65' lang='grc' dir='ltr'>παρά</span> 
     </span>
    </p>
   </div>
   <div class='ocr_carea' id='block_1_47' title="bbox 209 2910 1749 2982">
    <p class='ocr_par' dir='ltr' id='par_1_47' title="bbox 209 2910 1749 2982">
     <span class='ocr_line' id='line_1_47' title="bbox 209 2910 1749 2982; baseline 0.004 -22"><span class='ocrx_word' id='word_1_322' title='bbox 209 2910 539 2978; x_wconf 78' lang='grc' dir='ltr'>ῥησιάζουσι.</span> <span class='ocrx_word' id='word_1_323' title='bbox 561 2911 640 2963; x_wconf 84' lang='grc' dir='ltr'><strong>Τὸ</strong></span> <span class='ocrx_word' id='word_1_324' title='bbox 671 2911 726 2964; x_wconf 79' lang='grc' dir='ltr'><strong>δέ</strong></span> <span class='ocrx_word' id='word_1_325' title='bbox 759 2914 989 2965; x_wconf 82' lang='grc' dir='ltr'>ἐνώπιον</span> <span class='ocrx_word' id='word_1_326' title='bbox 1029 2913 1247 2965; x_wconf 83' lang='grc' dir='ltr'>ἐστᾶναι</span> <span class='ocrx_word' id='word_1_327' title='bbox 1288 2913 1496 2982; x_wconf 81' lang='grc' dir='ltr'>Κυρίου</span> <span class='ocrx_word' id='word_1_328' title='bbox 1523 2913 1620 2982; x_wconf 75' lang='grc' dir='ltr'>τῆς</span> <span class='ocrx_word' id='word_1_329' title='bbox 1645 2912 1749 2981; x_wconf 82' lang='grc' dir='ltr'>γῆς</span> 
     </span>
    </p>
   </div>
   <div class='ocr_carea' id='block_1_48' title="bbox 206 2999 1747 3070">
    <p class='ocr_par' dir='ltr' id='par_1_48' title="bbox 206 2999 1747 3070">
     <span class='ocr_line' id='line_1_48' title="bbox 206 2999 1747 3070; baseline 0.003 -20"><span class='ocrx_word' id='word_1_330' title='bbox 206 3001 255 3050; x_wconf 83' lang='grc' dir='ltr'><strong>τί</strong></span> <span class='ocrx_word' id='word_1_331' title='bbox 303 2999 368 3052; x_wconf 80' lang='grc' dir='ltr'><strong>ἂν</strong></span> <span class='ocrx_word' id='word_1_332' title='bbox 419 3001 545 3054; x_wconf 80' lang='grc' dir='ltr'>ἄλλο</span> <span class='ocrx_word' id='word_1_333' title='bbox 587 3001 860 3070; x_wconf 89' lang='grc' dir='ltr'>σημαίνει,</span> <span class='ocrx_word' id='word_1_334' title='bbox 907 3003 939 3070; x_wconf 86' lang='grc' dir='ltr'><strong>ῆ</strong></span> <span class='ocrx_word' id='word_1_335' title='bbox 990 3003 1050 3053; x_wconf 81' lang='grc' dir='ltr'><strong>τὸ</strong></span> <span class='ocrx_word' id='word_1_336' title='bbox 1099 3001 1380 3070; x_wconf 80' lang='grc' dir='ltr'>ἀγχοτάτω</span> <span class='ocrx_word' id='word_1_337' title='bbox 1419 3002 1512 3054; x_wconf 89' lang='grc' dir='ltr'><strong>τοῦ</strong></span> <span class='ocrx_word' id='word_1_338' title='bbox 1559 3000 1747 3069; x_wconf 82' lang='grc' dir='ltr'>κριτοῦ</span> 
     </span>
    </p>
   </div>
   <div class='ocr_carea' id='block_1_49' title="bbox 1847 1911 3406 1982">
    <p class='ocr_par' dir='ltr' id='par_1_49' title="bbox 1847 1911 3406 1982">
     <span class='ocr_line' id='line_1_49' title="bbox 1847 1911 3406 1982; baseline -0.002 -15"><span class='ocrx_word' id='word_1_339' title='bbox 1847 1915 2004 1970; x_wconf 81' lang='lat' dir='ltr'><strong>tidem</strong></span> <span class='ocrx_word' id='word_1_340' title='bbox 2052 1915 2540 1969; x_wconf 80' lang='lat' dir='ltr'><strong>adhibeant:etiu</strong></span> <span class='ocrx_word' id='word_1_341' title='bbox 2599 1915 2702 1967; x_wconf 90' lang='lat' dir='ltr'><strong>hoc</strong></span> <span class='ocrx_word' id='word_1_342' title='bbox 2748 1928 2848 1968; x_wconf 90' lang='lat' dir='ltr'><strong>suo</strong></span> <span class='ocrx_word' id='word_1_343' title='bbox 2903 1912 3213 1966; x_wconf 85' lang='lat' dir='ltr'><strong>testimonio</strong></span> <span class='ocrx_word' id='word_1_344' title='bbox 3243 1911 3406 1982; x_wconf 63' lang='lat' dir='ltr'><strong>7M</strong></span> 
     </span>
    </p>
   </div>
   <div class='ocr_carea' id='block_1_50' title="bbox 1846 2002 3403 2074">
    <p class='ocr_par' dir='ltr' id='par_1_50' title="bbox 1846 2002 3403 2074">
     <span class='ocr_line' id='line_1_50' title="bbox 1846 2002 3403 2074; baseline -0.001 -17"><span class='ocrx_word' id='word_1_345' title='bbox 1846 2014 2003 2074; x_wconf 90' lang='lat' dir='ltr'><strong>agent</strong></span> <span class='ocrx_word' id='word_1_346' title='bbox 2031 2005 2100 2058; x_wconf 87' lang='lat' dir='ltr'><strong>ad</strong></span> <span class='ocrx_word' id='word_1_347' title='bbox 2144 2015 2357 2074; x_wconf 82' lang='lat' dir='ltr'><strong>tempus</strong></span> <span class='ocrx_word' id='word_1_348' title='bbox 2410 2007 2574 2058; x_wconf 89' lang='lat' dir='ltr'><strong>trium</strong></span> <span class='ocrx_word' id='word_1_349' title='bbox 2605 2017 2871 2056; x_wconf 88' lang='lat' dir='ltr'><strong>annorum</strong></span> <span class='ocrx_word' id='word_1_350' title='bbox 2907 2011 2964 2055; x_wconf 90' lang='lat' dir='ltr'><strong>et</strong></span> <span class='ocrx_word' id='word_1_351' title='bbox 2990 2002 3201 2055; x_wconf 90' lang='lat' dir='ltr'><strong>dimidii</strong></span> <span class='ocrx_word' id='word_1_352' title='bbox 3232 2019 3246 2054; x_wconf 79' lang='grc' dir='ltr'><strong>ι</strong></span> <span class='ocrx_word' id='word_1_353' title='bbox 3277 2018 3403 2056; x_wconf 86' lang='lat' dir='ltr'><strong>nam</strong></span> 
     </span>
    </p>
   </div>
   <div class='ocr_carea' id='block_1_51' title="bbox 1850 2092 3408 2161">
    <p class='ocr_par' dir='ltr' id='par_1_51' title="bbox 1850 2092 3408 2161">
     <span class='ocr_line' id='line_1_51' title="bbox 1850 2092 3408 2161; baseline -0.001 -15"><span class='ocrx_word' id='word_1_354' title='bbox 1850 2094 1997 2148; x_wconf 91' lang='lat' dir='ltr'><strong>mille</strong></span> <span class='ocrx_word' id='word_1_355' title='bbox 2034 2094 2252 2147; x_wconf 89' lang='lat' dir='ltr'><strong>ducenti</strong></span> <span class='ocrx_word' id='word_1_356' title='bbox 2283 2093 2559 2161; x_wconf 81' lang='lat' dir='ltr'><strong>sexaginta</strong></span> <span class='ocrx_word' id='word_1_357' title='bbox 2617 2092 2734 2146; x_wconf 85' lang='lat' dir='ltr'><strong>dies</strong></span> <span class='ocrx_word' id='word_1_358' title='bbox 2764 2102 2972 2144; x_wconf 86' lang='lat' dir='ltr'><strong>tantum</strong></span> <span class='ocrx_word' id='word_1_359' title='bbox 3024 2093 3242 2159; x_wconf 78' lang='lat' dir='ltr'><strong>explent</strong></span> <span class='ocrx_word' id='word_1_360' title='bbox 3273 2101 3408 2147; x_wconf 60' lang='lat' dir='ltr'><strong>tema</strong></span> 
     </span>
    </p>
   </div>
   <div class='ocr_carea' id='block_1_52' title="bbox 1845 2181 3408 2252">
    <p class='ocr_par' dir='ltr' id='par_1_52' title="bbox 1845 2181 3408 2252">
     <span class='ocr_line' id='line_1_52' title="bbox 1845 2181 3408 2252; baseline -0.001 -15"><span class='ocrx_word' id='word_1_361' title='bbox 1845 2184 1992 2252; x_wconf 86' lang='lat' dir='ltr'><strong>poris</strong></span> <span class='ocrx_word' id='word_1_362' title='bbox 2008 2181 2573 2251; x_wconf 81' lang='lat' dir='ltr'><strong>spatium.$aecorum</strong></span> <span class='ocrx_word' id='word_1_363' title='bbox 2597 2190 2777 2236; x_wconf 84' lang='lat' dir='ltr'><strong>autem</strong></span> <span class='ocrx_word' id='word_1_364' title='bbox 2801 2181 3037 2235; x_wconf 85' lang='lat' dir='ltr'><strong>amictus</strong></span> <span class='ocrx_word' id='word_1_365' title='bbox 3065 2183 3408 2236; x_wconf 78' lang='lat' dir='ltr'><strong>demonstrat</strong></span> 
     </span>
    </p>
   </div>
   <div class='ocr_carea' id='block_1_53' title="bbox 1847 2268 3406 2338">
    <p class='ocr_par' dir='ltr' id='par_1_53' title="bbox 1847 2268 3406 2338">
     <span class='ocr_line' id='line_1_53' title="bbox 1847 2268 3406 2338; baseline -0.001 -14"><span class='ocrx_word' id='word_1_366' title='bbox 1847 2273 1946 2325; x_wconf 88' lang='lat' dir='ltr'><strong>hos</strong></span> <span class='ocrx_word' id='word_1_367' title='bbox 1973 2270 2111 2324; x_wconf 88' lang='lat' dir='ltr'><strong>duos</strong></span> <span class='ocrx_word' id='word_1_368' title='bbox 2156 2270 2459 2338; x_wconf 69' lang='lat' dir='ltr'><strong>praecedere</strong></span> <span class='ocrx_word' id='word_1_369' title='bbox 2480 2283 2606 2323; x_wconf 90' lang='lat' dir='ltr'><strong>cum</strong></span> <span class='ocrx_word' id='word_1_370' title='bbox 2662 2268 2967 2337; x_wconf 87' lang='lat' dir='ltr'><strong>abjeetione</strong></span> <span class='ocrx_word' id='word_1_371' title='bbox 3014 2269 3194 2323; x_wconf 85' lang='lat' dir='ltr'><strong>luctus</strong></span> <span class='ocrx_word' id='word_1_372' title='bbox 3243 2282 3406 2338; x_wconf 84' lang='lat' dir='ltr'><strong>atque</strong></span> 
     </span>
    </p>
   </div>
   <div class='ocr_carea' id='block_1_54' title="bbox 1847 2358 3408 2429">
    <p class='ocr_par' dir='ltr' id='par_1_54' title="bbox 1847 2358 3408 2429">
     <span class='ocr_line' id='line_1_54' title="bbox 1847 2358 3408 2429; baseline 0 -16"><span class='ocrx_word' id='word_1_373' title='bbox 1847 2361 2138 2424; x_wconf 75' lang='lat' dir='ltr'><strong>rnoestitiae,</strong></span> <span class='ocrx_word' id='word_1_374' title='bbox 2173 2373 2314 2429; x_wconf 88' lang='lat' dir='ltr'><strong>quos</strong></span> <span class='ocrx_word' id='word_1_375' title='bbox 2343 2358 2636 2413; x_wconf 87' lang='lat' dir='ltr'><strong>Zacharias</strong></span> <span class='ocrx_word' id='word_1_376' title='bbox 2665 2359 2926 2427; x_wconf 79' lang='lat' dir='ltr'><strong>propheta</strong></span> <span class='ocrx_word' id='word_1_377' title='bbox 2959 2359 3114 2415; x_wconf 87' lang='lat' dir='ltr'><strong>olivis</strong></span> <span class='ocrx_word' id='word_1_378' title='bbox 3143 2360 3408 2414; x_wconf 85' lang='lat' dir='ltr'><strong>assimilat</strong></span> 
     </span>
    </p>
   </div>
   <div class='ocr_carea' id='block_1_55' title="bbox 1845 2447 3410 2518">
    <p class='ocr_par' dir='ltr' id='par_1_55' title="bbox 1845 2447 3410 2518">
     <span class='ocr_line' id='line_1_55' title="bbox 1845 2447 3410 2518; baseline 0.001 -16"><span class='ocrx_word' id='word_1_379' title='bbox 1845 2458 1900 2502; x_wconf 85' lang='lat' dir='ltr'><strong>et</strong></span> <span class='ocrx_word' id='word_1_380' title='bbox 1918 2449 2132 2503; x_wconf 91' lang='lat' dir='ltr'><strong>duobus</strong></span> <span class='ocrx_word' id='word_1_381' title='bbox 2148 2448 2487 2503; x_wconf 86' lang='lat' dir='ltr'><strong>candelabris</strong></span> <span class='ocrx_word' id='word_1_382' title='bbox 2501 2447 2547 2478; x_wconf 83' lang='grc'><strong>⁶⁰</strong></span> <span class='ocrx_word' id='word_1_383' title='bbox 2579 2467 2591 2501; x_wconf 91' lang='lat'><strong>:</strong></span> <span class='ocrx_word' id='word_1_384' title='bbox 2629 2447 2811 2512; x_wconf 86' lang='lat' dir='ltr'><strong>olivis,</strong></span> <span class='ocrx_word' id='word_1_385' title='bbox 2840 2462 2906 2502; x_wconf 90' lang='lat' dir='ltr'><strong>eo</strong></span> <span class='ocrx_word' id='word_1_386' title='bbox 2934 2448 3078 2517; x_wconf 91' lang='lat' dir='ltr'><strong>quod</strong></span> <span class='ocrx_word' id='word_1_387' title='bbox 3105 2449 3410 2518; x_wconf 67' lang='lat' dir='ltr'><strong>producant</strong></span> 
     </span>
    </p>
   </div>
   <div class='ocr_carea' id='block_1_56' title="bbox 1847 2539 3410 2611">
    <p class='ocr_par' dir='ltr' id='par_1_56' title="bbox 1847 2539 3410 2611">
     <span class='ocr_line' id='line_1_56' title="bbox 1847 2539 3410 2611; baseline 0.002 -18"><span class='ocrx_word' id='word_1_388' title='bbox 1847 2541 2026 2595; x_wconf 92' lang='lat' dir='ltr'><strong>oleum</strong></span> <span class='ocrx_word' id='word_1_389' title='bbox 2067 2541 2204 2596; x_wconf 90' lang='lat' dir='ltr'><strong>lucis</strong></span> <span class='ocrx_word' id='word_1_390' title='bbox 2249 2541 2641 2594; x_wconf 87' lang='lat' dir='ltr'><strong>nutrimentum</strong></span> <span class='ocrx_word' id='word_1_391' title='bbox 2673 2558 2686 2594; x_wconf 91' lang='lat'><strong>:</strong></span> <span class='ocrx_word' id='word_1_392' title='bbox 2730 2539 3067 2595; x_wconf 81' lang='lat' dir='ltr'><strong>candelabris</strong></span> <span class='ocrx_word' id='word_1_393' title='bbox 3100 2555 3245 2607; x_wconf 80' lang='lat' dir='ltr'><strong>vero,</strong></span> <span class='ocrx_word' id='word_1_394' title='bbox 3280 2542 3410 2611; x_wconf 84' lang='lat' dir='ltr'><strong>q‘uia</strong></span> 
     </span>
    </p>
   </div>
   <div class='ocr_carea' id='block_1_57' title="bbox 1850 2630 3410 2701">
    <p class='ocr_par' dir='ltr' id='par_1_57' title="bbox 1850 2630 3410 2701">
     <span class='ocr_line' id='line_1_57' title="bbox 1850 2630 3410 2701; baseline 0.001 -17"><span class='ocrx_word' id='word_1_395' title='bbox 1850 2631 2158 2686; x_wconf 81' lang='lat' dir='ltr'><strong>vehiculum</strong></span> <span class='ocrx_word' id='word_1_396' title='bbox 2184 2631 2309 2685; x_wconf 82' lang='lat' dir='ltr'><strong>facti</strong></span> <span class='ocrx_word' id='word_1_397' title='bbox 2340 2641 2466 2687; x_wconf 90' lang='lat' dir='ltr'><strong>sunt</strong></span> <span class='ocrx_word' id='word_1_398' title='bbox 2486 2630 2765 2698; x_wconf 85' lang='lat' dir='ltr'><strong>veritatis,</strong></span> <span class='ocrx_word' id='word_1_399' title='bbox 2801 2645 2924 2701; x_wconf 76' lang='lat' dir='ltr'><strong>qua:</strong></span> <span class='ocrx_word' id='word_1_400' title='bbox 2952 2640 3006 2686; x_wconf 91' lang='lat' dir='ltr'><strong>et</strong></span> <span class='ocrx_word' id='word_1_401' title='bbox 3038 2646 3132 2700; x_wconf 89' lang='lat' dir='ltr'><strong>per</strong></span> <span class='ocrx_word' id='word_1_402' title='bbox 3177 2633 3410 2687; x_wconf 82' lang='lat' dir='ltr'><strong>virtutes</strong></span> 
     </span>
    </p>
   </div>
   <div class='ocr_carea' id='block_1_58' title="bbox 1850 2721 3434 2794">
    <p class='ocr_par' dir='ltr' id='par_1_58' title="bbox 1850 2721 3434 2794">
     <span class='ocr_line' id='line_1_58' title="bbox 1850 2721 3434 2794; baseline 0.004 -19"><span class='ocrx_word' id='word_1_403' title='bbox 1850 2737 2039 2777; x_wconf 90' lang='lat' dir='ltr'><strong>nomen</strong></span> <span class='ocrx_word' id='word_1_404' title='bbox 2070 2737 2208 2778; x_wconf 70' lang='lat' dir='ltr'><strong>vera:</strong></span> <span class='ocrx_word' id='word_1_405' title='bbox 2229 2721 2365 2777; x_wconf 89' lang='lat' dir='ltr'><strong>lucis</strong></span> <span class='ocrx_word' id='word_1_406' title='bbox 2398 2722 2638 2792; x_wconf 87' lang='lat' dir='ltr'><strong>suscipit,</strong></span> <span class='ocrx_word' id='word_1_407' title='bbox 2673 2732 2726 2778; x_wconf 91' lang='lat' dir='ltr'><strong>et</strong></span> <span class='ocrx_word' id='word_1_408' title='bbox 2753 2722 3006 2792; x_wconf 75' lang='lat' dir='ltr'><strong>prtelueet</strong></span> <span class='ocrx_word' id='word_1_409' title='bbox 3026 2723 3109 2777; x_wconf 89' lang='lat' dir='ltr'><strong>his</strong></span> <span class='ocrx_word' id='word_1_410' title='bbox 3139 2725 3228 2794; x_wconf 90' lang='lat' dir='ltr'><strong>qui</strong></span> <span class='ocrx_word' id='word_1_411' title='bbox 3255 2740 3434 2780; x_wconf 57' lang='lat' dir='ltr'><strong>aece-h</strong></span> 
     </span>
    </p>
   </div>
   <div class='ocr_carea' id='block_1_59' title="bbox 1848 2813 3409 2887">
    <p class='ocr_par' dir='ltr' id='par_1_59' title="bbox 1848 2813 3409 2887">
     <span class='ocr_line' id='line_1_59' title="bbox 1848 2813 3409 2887; baseline 0.003 -20"><span class='ocrx_word' id='word_1_412' title='bbox 1848 2813 2002 2881; x_wconf 88' lang='lat' dir='ltr'><strong>dunt,</strong></span> <span class='ocrx_word' id='word_1_413' title='bbox 2026 2816 2168 2883; x_wconf 88' lang='lat' dir='ltr'><strong>quod</strong></span> <span class='ocrx_word' id='word_1_414' title='bbox 2204 2814 2366 2868; x_wconf 90' lang='lat' dir='ltr'><strong>etiam</strong></span> <span class='ocrx_word' id='word_1_415' title='bbox 2399 2813 2482 2869; x_wconf 86' lang='lat' dir='ltr'><strong>his</strong></span> <span class='ocrx_word' id='word_1_416' title='bbox 2519 2813 2779 2883; x_wconf 86' lang='lat' dir='ltr'><strong>contingit</strong></span> <span class='ocrx_word' id='word_1_417' title='bbox 2825 2813 2915 2882; x_wconf 91' lang='lat' dir='ltr'><strong>qui</strong></span> <span class='ocrx_word' id='word_1_418' title='bbox 2947 2814 3111 2869; x_wconf 88' lang='lat' dir='ltr'><strong>libere</strong></span> <span class='ocrx_word' id='word_1_419' title='bbox 3153 2826 3206 2869; x_wconf 91' lang='lat' dir='ltr'><strong>et</strong></span> <span class='ocrx_word' id='word_1_420' title='bbox 3254 2817 3409 2887; x_wconf 60' lang='lat' dir='ltr'><strong>inge-s</strong></span> 
     </span>
    </p>
   </div>
   <div class='ocr_carea' id='block_1_60' title="bbox 1851 2903 3412 2972">
    <p class='ocr_par' dir='ltr' id='par_1_60' title="bbox 1851 2903 3412 2972">
     <span class='ocr_line' id='line_1_60' title="bbox 1851 2903 3412 2972; baseline 0.003 -16"><span class='ocrx_word' id='word_1_421' title='bbox 1851 2918 1959 2958; x_wconf 89' lang='lat' dir='ltr'><strong>nue</strong></span> <span class='ocrx_word' id='word_1_422' title='bbox 2043 2904 2362 2970; x_wconf 87' lang='lat' dir='ltr'><strong>loquuntur.</strong></span> <span class='ocrx_word' id='word_1_423' title='bbox 2423 2903 2688 2958; x_wconf 79' lang='lat' dir='ltr'><strong>Caeterum</strong></span> <span class='ocrx_word' id='word_1_424' title='bbox 2746 2905 2802 2957; x_wconf 90' lang='lat' dir='ltr'><strong>in</strong></span> <span class='ocrx_word' id='word_1_425' title='bbox 2855 2914 3144 2972; x_wconf 88' lang='lat' dir='ltr'><strong>conspectu</strong></span> <span class='ocrx_word' id='word_1_426' title='bbox 3197 2906 3412 2960; x_wconf 81' lang='lat' dir='ltr'><strong>Domini</strong></span> 
     </span>
    </p>
   </div>
   <div class='ocr_carea' id='block_1_61' title="bbox 1852 2993 3413 3067">
    <p class='ocr_par' dir='ltr' id='par_1_61' title="bbox 1852 2993 3413 3067">
     <span class='ocr_line' id='line_1_61' title="bbox 1852 2993 3413 3067; baseline 0.003 -17"><span class='ocrx_word' id='word_1_427' title='bbox 1852 3005 2009 3050; x_wconf 59' lang='lat' dir='ltr'><strong>terra;</strong></span> <span class='ocrx_word' id='word_1_428' title='bbox 2031 3002 2196 3059; x_wconf 84' lang='lat' dir='ltr'><strong>stare,</strong></span> <span class='ocrx_word' id='word_1_429' title='bbox 2223 2994 2355 3064; x_wconf 87' lang='lat' dir='ltr'><strong>quid</strong></span> <span class='ocrx_word' id='word_1_430' title='bbox 2371 2993 2515 3048; x_wconf 84' lang='lat' dir='ltr'><strong>aliud</strong></span> <span class='ocrx_word' id='word_1_431' title='bbox 2541 2994 2848 3063; x_wconf 77' lang='lat' dir='ltr'><strong>signiﬁcare</strong></span> <span class='ocrx_word' id='word_1_432' title='bbox 2859 3004 3054 3064; x_wconf 86' lang='lat' dir='ltr'><strong>potest,</strong></span> <span class='ocrx_word' id='word_1_433' title='bbox 3082 3012 3241 3064; x_wconf 87' lang='lat' dir='ltr'><strong>quam</strong></span> <span class='ocrx_word' id='word_1_434' title='bbox 3267 3000 3413 3067; x_wconf 87' lang='lat' dir='ltr'><strong>quod</strong></span> 
     </span>
    </p>
   </div>
   <div class='ocr_carea' id='block_1_62' title="bbox 207 3085 1747 3184">
    <p class='ocr_par' dir='ltr' id='par_1_62' title="bbox 207 3087 1747 3160">
     <span class='ocr_line' id='line_1_62' title="bbox 207 3087 1747 3160; baseline 0.001 -21"><span class='ocrx_word' id='word_1_435' title='bbox 207 3087 418 3150; x_wconf 79' lang='grc' dir='ltr'>ζώντων</span> <span class='ocrx_word' id='word_1_436' title='bbox 456 3091 550 3142; x_wconf 74' lang='grc' dir='ltr'>καὶ</span> <span class='ocrx_word' id='word_1_437' title='bbox 582 3091 786 3160; x_wconf 85' lang='grc' dir='ltr'>νεκρῶν</span> <span class='ocrx_word' id='word_1_438' title='bbox 814 3091 911 3160; x_wconf 78' lang='grc' dir='ltr'>τῆς</span> <span class='ocrx_word' id='word_1_439' title='bbox 943 3090 1120 3143; x_wconf 84' lang='grc' dir='ltr'>αὐτῶν</span> <span class='ocrx_word' id='word_1_440' title='bbox 1166 3090 1463 3160; x_wconf 81' lang='grc' dir='ltr'>παρουσίας</span> <span class='ocrx_word' id='word_1_441' title='bbox 1503 3089 1604 3160; x_wconf 74' lang='grc' dir='ltr'>τὴν</span> <span class='ocrx_word' id='word_1_442' title='bbox 1655 3090 1747 3157; x_wconf 77' lang='grc' dir='ltr'><strong>έφσ</strong></span> 
     </span>
    </p>
   </div>
   <div class='ocr_carea' id='block_1_63' title="bbox 1852 3085 3412 3184">
    <p class='ocr_par' dir='ltr' id='par_1_63' title="bbox 1852 3085 3412 3159">
     <span class='ocr_line' id='line_1_63' title="bbox 1852 3085 3412 3159; baseline 0.002 -19"><span class='ocrx_word' id='word_1_443' title='bbox 1852 3099 2106 3142; x_wconf 88' lang='lat' dir='ltr'><strong>accessus</strong></span> <span class='ocrx_word' id='word_1_444' title='bbox 2131 3086 2320 3140; x_wconf 84' lang='lat' dir='ltr'><strong>horum</strong></span> <span class='ocrx_word' id='word_1_445' title='bbox 2344 3085 2835 3156; x_wconf 83' lang='lat' dir='ltr'><strong>propinquissimus</strong></span> <span class='ocrx_word' id='word_1_446' title='bbox 2859 3086 2960 3142; x_wconf 86' lang='lat' dir='ltr'><strong>erit</strong></span> <span class='ocrx_word' id='word_1_447' title='bbox 2990 3088 3240 3144; x_wconf 85' lang='lat' dir='ltr'><strong>adventui</strong></span> <span class='ocrx_word' id='word_1_448' title='bbox 3265 3089 3412 3159; x_wconf 81' lang='lat' dir='ltr'><strong>judi-</strong></span> 
     </span>
    </p>
   </div>
   <div class='ocr_carea' id='block_1_64' title="bbox 207 3179 617 3247">
    <p class='ocr_par' dir='ltr' id='par_1_64' title="bbox 207 3179 617 3247">
     <span class='ocr_line' id='line_1_64' title="bbox 207 3179 617 3247; baseline 0 -15"><span class='ocrx_word' id='word_1_449' title='bbox 207 3179 321 3232; x_wconf 83' lang='grc' dir='ltr'>οδον</span> <span class='ocrx_word' id='word_1_450' title='bbox 345 3180 617 3247; x_wconf 85' lang='grc' dir='ltr'>γίνεσθαι;</span> 
     </span>
    </p>
   </div>
   <div class='ocr_carea' id='block_1_65' title="bbox 279 3271 1749 3342">
    <p class='ocr_par' dir='ltr' id='par_1_65' title="bbox 279 3271 1749 3342">
     <span class='ocr_line' id='line_1_65' title="bbox 279 3271 1749 3342; baseline 0.001 -19"><span class='ocrx_word' id='word_1_451' title='bbox 279 3271 398 3338; x_wconf 82' lang='grc' dir='ltr'>Πῦρ</span> <span class='ocrx_word' id='word_1_452' title='bbox 421 3272 801 3339; x_wconf 81' lang='grc' dir='ltr'>ἐκπορεύεται</span> <span class='ocrx_word' id='word_1_453' title='bbox 826 3272 897 3324; x_wconf 78' lang='grc' dir='ltr'><strong>ἐκ</strong></span> <span class='ocrx_word' id='word_1_454' title='bbox 918 3271 1024 3326; x_wconf 85' lang='grc' dir='ltr'><strong>τοῦ</strong></span> <span class='ocrx_word' id='word_1_455' title='bbox 1059 3275 1347 3342; x_wconf 82' lang='grc' dir='ltr'>στόματος</span> <span class='ocrx_word' id='word_1_456' title='bbox 1391 3271 1607 3326; x_wconf 77' lang='grc' dir='ltr'>αὐτῶν.</span> <span class='ocrx_word' id='word_1_457' title='bbox 1645 3274 1749 3340; x_wconf 82' lang='grc' dir='ltr'><strong>Ση-</strong></span> 
     </span>
    </p>
   </div>
   <div class='ocr_carea' id='block_1_66' title="bbox 211 3362 1749 3432">
    <p class='ocr_par' dir='ltr' id='par_1_66' title="bbox 211 3362 1749 3432">
     <span class='ocr_line' id='line_1_66' title="bbox 211 3362 1749 3432; baseline 0.001 -20"><span class='ocrx_word' id='word_1_458' title='bbox 211 3362 400 3429; x_wconf 86' lang='grc' dir='ltr'>μείοις,</span> <span class='ocrx_word' id='word_1_459' title='bbox 435 3364 589 3429; x_wconf 74' lang='grc' dir='ltr'>φησὶ,</span> <span class='ocrx_word' id='word_1_460' title='bbox 616 3364 906 3432; x_wconf 86' lang='grc' dir='ltr'>χρήσονται</span> <span class='ocrx_word' id='word_1_461' title='bbox 937 3364 1030 3416; x_wconf 70' lang='grc' dir='ltr'>καὶ</span> <span class='ocrx_word' id='word_1_462' title='bbox 1056 3364 1210 3416; x_wconf 80' lang='grc' dir='ltr'>αὐτοὶ</span> <span class='ocrx_word' id='word_1_463' title='bbox 1238 3363 1483 3425; x_wconf 81' lang='grc' dir='ltr'>δυνατοῖς</span> <span class='ocrx_word' id='word_1_464' title='bbox 1506 3403 1520 3428; x_wconf 92' lang='grc'><strong>,</strong></span> <span class='ocrx_word' id='word_1_465' title='bbox 1539 3364 1627 3416; x_wconf 87' lang='grc' dir='ltr'><strong>διά</strong></span> <span class='ocrx_word' id='word_1_466' title='bbox 1654 3362 1749 3416; x_wconf 87' lang='grc' dir='ltr'><strong>τοῦ</strong></span> 
     </span>
    </p>
   </div>
   <div class='ocr_carea' id='block_1_67' title="bbox 211 3450 1754 3520">
    <p class='ocr_par' dir='ltr' id='par_1_67' title="bbox 211 3450 1754 3520">
     <span class='ocr_line' id='line_1_67' title="bbox 211 3450 1754 3520; baseline 0.001 -20"><span class='ocrx_word' id='word_1_467' title='bbox 211 3450 455 3519; x_wconf 71' lang='grc' dir='ltr'>ἀληθινοῦ</span> <span class='ocrx_word' id='word_1_468' title='bbox 503 3451 711 3503; x_wconf 73' lang='grc' dir='ltr'>ἑαυτῶν</span> <span class='ocrx_word' id='word_1_469' title='bbox 772 3452 841 3502; x_wconf 88' lang='grc' dir='ltr'><strong>τά</strong></span> <span class='ocrx_word' id='word_1_470' title='bbox 907 3451 1047 3504; x_wconf 84' lang='grc' dir='ltr'><strong>κατά</strong></span> <span class='ocrx_word' id='word_1_471' title='bbox 1117 3452 1327 3520; x_wconf 72' lang='grc' dir='ltr'>πλάνην</span> <span class='ocrx_word' id='word_1_472' title='bbox 1388 3451 1484 3503; x_wconf 77' lang='grc' dir='ltr'><strong>καὶ</strong></span> <span class='ocrx_word' id='word_1_473' title='bbox 1540 3452 1754 3520; x_wconf 75' lang='grc' dir='ltr'>ἀπάτην</span> 
     </span>
    </p>
   </div>
   <div class='ocr_carea' id='block_1_68' title="bbox 212 3541 1753 3611">
    <p class='ocr_par' dir='ltr' id='par_1_68' title="bbox 212 3541 1753 3611">
     <span class='ocr_line' id='line_1_68' title="bbox 212 3541 1753 3611; baseline 0.001 -19"><span class='ocrx_word' id='word_1_474' title='bbox 212 3543 536 3611; x_wconf 80' lang='grc' dir='ltr'>ἐλέγχοντες,</span> <span class='ocrx_word' id='word_1_475' title='bbox 589 3544 680 3594; x_wconf 68' lang='grc' dir='ltr'>καὶ</span> <span class='ocrx_word' id='word_1_476' title='bbox 717 3545 840 3604; x_wconf 72' lang='grc' dir='ltr'>τοὺς</span> <span class='ocrx_word' id='word_1_477' title='bbox 868 3541 1110 3610; x_wconf 80' lang='grc' dir='ltr'>ὁρῶντας</span> <span class='ocrx_word' id='word_1_478' title='bbox 1155 3544 1232 3604; x_wconf 78' lang='grc' dir='ltr'><strong>είς</strong></span> <span class='ocrx_word' id='word_1_479' title='bbox 1263 3541 1447 3593; x_wconf 87' lang='grc' dir='ltr'>πίστιν</span> <span class='ocrx_word' id='word_1_480' title='bbox 1498 3542 1590 3593; x_wconf 76' lang='grc' dir='ltr'><strong>καὶ</strong></span> <span class='ocrx_word' id='word_1_481' title='bbox 1625 3558 1753 3610; x_wconf 88' lang='grc' dir='ltr'>συγ-</span> 
     </span>
    </p>
   </div>
   <div class='ocr_carea' id='block_1_69' title="bbox 212 3631 1752 3700">
    <p class='ocr_par' dir='ltr' id='par_1_69' title="bbox 212 3631 1752 3700">
     <span class='ocr_line' id='line_1_69' title="bbox 212 3631 1752 3700; baseline 0.001 -18"><span class='ocrx_word' id='word_1_482' title='bbox 212 3633 493 3685; x_wconf 79' lang='grc' dir='ltr'>κατάθεσιν</span> <span class='ocrx_word' id='word_1_483' title='bbox 541 3632 805 3695; x_wconf 84' lang='grc' dir='ltr'>ἐλκοντες.</span> <span class='ocrx_word' id='word_1_484' title='bbox 858 3632 1029 3686; x_wconf 76' lang='grc' dir='ltr'><strong>Βαῦαὶ</strong></span> <span class='ocrx_word' id='word_1_485' title='bbox 1071 3634 1169 3700; x_wconf 82' lang='grc' dir='ltr'>τῆς</span> <span class='ocrx_word' id='word_1_486' title='bbox 1216 3632 1366 3694; x_wconf 89' lang='grc' dir='ltr'>θείας</span> <span class='ocrx_word' id='word_1_487' title='bbox 1419 3631 1752 3700; x_wconf 84' lang='grc' dir='ltr'>ἀγαθότητος</span> 
     </span>
    </p>
   </div>
   <div class='ocr_carea' id='block_1_70' title="bbox 211 3722 1752 3792">
    <p class='ocr_par' dir='ltr' id='par_1_70' title="bbox 211 3722 1752 3792">
     <span class='ocr_line' id='line_1_70' title="bbox 211 3722 1752 3792; baseline 0.001 -20"><span class='ocrx_word' id='word_1_488' title='bbox 211 3722 526 3791; x_wconf 74' lang='grc' dir='ltr'>ἀντίρροπον</span> <span class='ocrx_word' id='word_1_489' title='bbox 555 3725 620 3791; x_wconf 81' lang='grc' dir='ltr'>τῇ</span> <span class='ocrx_word' id='word_1_490' title='bbox 659 3723 833 3792; x_wconf 82' lang='grc' dir='ltr'>πλάνῃ</span> <span class='ocrx_word' id='word_1_491' title='bbox 856 3723 953 3792; x_wconf 80' lang='grc' dir='ltr'>τὴν</span> <span class='ocrx_word' id='word_1_492' title='bbox 985 3722 1238 3791; x_wconf 81' lang='grc' dir='ltr'>ἀλήθειαν</span> <span class='ocrx_word' id='word_1_493' title='bbox 1274 3722 1660 3792; x_wconf 79' lang='grc' dir='ltr'>ἀντιταξάσηςί</span> <span class='ocrx_word' id='word_1_494' title='bbox 1695 3724 1752 3775; x_wconf 82' lang='grc' dir='ltr'><strong>ἐν</strong></span> 
     </span>
    </p>
   </div>
   <div class='ocr_carea' id='block_1_71' title="bbox 211 3811 1754 3884">
    <p class='ocr_par' dir='ltr' id='par_1_71' title="bbox 211 3811 1754 3884">
     <span class='ocr_line' id='line_1_71' title="bbox 211 3811 1754 3884; baseline 0.002 -23"><span class='ocrx_word' id='word_1_495' title='bbox 211 3811 430 3880; x_wconf 66' lang='grc' dir='ltr'>δυνάμει</span> <span class='ocrx_word' id='word_1_496' title='bbox 455 3814 562 3884; x_wconf 80' lang='grc' dir='ltr'><strong>γάρ</strong></span> <span class='ocrx_word' id='word_1_497' title='bbox 622 3814 890 3881; x_wconf 81' lang='grc' dir='ltr'>ἀληθινῶν</span> <span class='ocrx_word' id='word_1_498' title='bbox 929 3814 1169 3880; x_wconf 80' lang='grc' dir='ltr'>σημείων</span> <span class='ocrx_word' id='word_1_499' title='bbox 1218 3815 1313 3865; x_wconf 72' lang='grc' dir='ltr'>καὶ</span> <span class='ocrx_word' id='word_1_500' title='bbox 1355 3814 1597 3883; x_wconf 83' lang='grc' dir='ltr'>τεράτων</span> <span class='ocrx_word' id='word_1_501' title='bbox 1628 3815 1754 3871; x_wconf 86' lang='grc' dir='ltr'>τοὺς</span> 
     </span>
    </p>
   </div>
   <div class='ocr_carea' id='block_1_72' title="bbox 214 3899 1754 3966">
    <p class='ocr_par' dir='ltr' id='par_1_72' title="bbox 214 3899 1754 3966">
     <span class='ocr_line' id='line_1_72' title="bbox 214 3899 1754 3966; baseline 0.001 -16"><span class='ocrx_word' id='word_1_502' title='bbox 214 3900 395 3965; x_wconf 78' lang='grc' dir='ltr'>ἁγίους</span> <span class='ocrx_word' id='word_1_503' title='bbox 441 3901 664 3962; x_wconf 84' lang='grc' dir='ltr'>τούτους</span> <span class='ocrx_word' id='word_1_504' title='bbox 715 3899 1086 3961; x_wconf 88' lang='grc' dir='ltr'>καθοπλίσας,</span> <span class='ocrx_word' id='word_1_505' title='bbox 1134 3899 1314 3966; x_wconf 79' lang='grc' dir='ltr'>λόγοις</span> <span class='ocrx_word' id='word_1_506' title='bbox 1359 3900 1754 3962; x_wconf 84' lang='grc' dir='ltr'>διδασκαλικοίς</span> 
     </span>
    </p>
   </div>
   <div class='ocr_carea' id='block_1_73' title="bbox 214 3987 1750 4057">
    <p class='ocr_par' dir='ltr' id='par_1_73' title="bbox 214 3987 1750 4057">
     <span class='ocr_line' id='line_1_73' title="bbox 214 3987 1750 4057; baseline -0.003 -17"><span class='ocrx_word' id='word_1_507' title='bbox 214 3990 664 4057; x_wconf 68' lang='grc' dir='ltr'>ἐπιστρέφοντας,</span> <span class='ocrx_word' id='word_1_508' title='bbox 721 3988 814 4041; x_wconf 75' lang='grc' dir='ltr'>καὶ</span> <span class='ocrx_word' id='word_1_509' title='bbox 881 3988 1016 4056; x_wconf 73' lang='grc' dir='ltr'>πρὸς</span> <span class='ocrx_word' id='word_1_510' title='bbox 1071 3987 1280 4048; x_wconf 87' lang='grc' dir='ltr'>τούτοις</span> <span class='ocrx_word' id='word_1_511' title='bbox 1337 3987 1430 4039; x_wconf 80' lang='grc' dir='ltr'>καὶ</span> <span class='ocrx_word' id='word_1_512' title='bbox 1482 3988 1750 4055; x_wconf 77' lang='grc' dir='ltr'>μάστιξιν,</span> 
     </span>
    </p>
   </div>
   <div class='ocr_carea' id='block_1_74' title="bbox 214 4075 1754 4148">
    <p class='ocr_par' dir='ltr' id='par_1_74' title="bbox 214 4075 1754 4148">
     <span class='ocr_line' id='line_1_74' title="bbox 214 4075 1754 4148; baseline -0.001 -20"><span class='ocrx_word' id='word_1_513' title='bbox 214 4077 532 4148; x_wconf 74' lang='grc' dir='ltr'>ἀνομϐρίας,</span> <span class='ocrx_word' id='word_1_514' title='bbox 559 4077 719 4144; x_wconf 84' lang='grc' dir='ltr'>λέγω,</span> <span class='ocrx_word' id='word_1_515' title='bbox 751 4078 844 4129; x_wconf 80' lang='grc' dir='ltr'><strong>καὶ</strong></span> <span class='ocrx_word' id='word_1_516' title='bbox 870 4078 1057 4144; x_wconf 81' lang='grc' dir='ltr'>πυρὸς,</span> <span class='ocrx_word' id='word_1_517' title='bbox 1079 4076 1172 4128; x_wconf 77' lang='grc' dir='ltr'><strong>καὶ</strong></span> <span class='ocrx_word' id='word_1_518' title='bbox 1200 4078 1317 4138; x_wconf 85' lang='grc' dir='ltr'>ταῖς</span> <span class='ocrx_word' id='word_1_519' title='bbox 1348 4075 1455 4127; x_wconf 88' lang='grc' dir='ltr'><strong>τῶν</strong></span> <span class='ocrx_word' id='word_1_520' title='bbox 1478 4076 1754 4144; x_wconf 90' lang='grc' dir='ltr'>στοιχείων</span> 
     </span>
    </p>
   </div>
   <div class='ocr_carea' id='block_1_75' title="bbox 216 4165 1755 4235">
    <p class='ocr_par' dir='ltr' id='par_1_75' title="bbox 216 4165 1755 4235">
     <span class='ocr_line' id='line_1_75' title="bbox 216 4165 1755 4235; baseline 0.001 -19"><span class='ocrx_word' id='word_1_521' title='bbox 216 4167 619 4235; x_wconf 79' lang='grc' dir='ltr'>μεταπτώσεσιν</span> <span class='ocrx_word' id='word_1_522' title='bbox 665 4167 756 4219; x_wconf 78' lang='grc' dir='ltr'>ἐπὶ</span> <span class='ocrx_word' id='word_1_523' title='bbox 792 4166 852 4218; x_wconf 84' lang='grc' dir='ltr'>τὸ</span> <span class='ocrx_word' id='word_1_524' title='bbox 885 4165 1178 4234; x_wconf 82' lang='grc' dir='ltr'>βλαπτικὸν</span> <span class='ocrx_word' id='word_1_525' title='bbox 1203 4165 1613 4234; x_wconf 85' lang='grc' dir='ltr'>προχωρούσαις</span> <span class='ocrx_word' id='word_1_526' title='bbox 1643 4169 1755 4230; x_wconf 87' lang='grc' dir='ltr'>τοῖς</span> 
     </span>
    </p>
   </div>
   <div class='ocr_carea' id='block_1_76' title="bbox 211 4257 1763 4328">
    <p class='ocr_par' dir='ltr' id='par_1_76' title="bbox 211 4257 1763 4328">
     <span class='ocr_line' id='line_1_76' title="bbox 211 4257 1763 4328; baseline 0.001 -19"><span class='ocrx_word' id='word_1_527' title='bbox 211 4259 310 4309; x_wconf 88' lang='grc' dir='ltr'><strong>ἀνε</strong></span> <span class='ocrx_word' id='word_1_528' title='bbox 319 4261 612 4328; x_wconf 74' lang='grc' dir='ltr'>πιστρόφως</span> <span class='ocrx_word' id='word_1_529' title='bbox 627 4257 1006 4327; x_wconf 71' lang='grc' dir='ltr'>διακειμένοις,</span> <span class='ocrx_word' id='word_1_530' title='bbox 1025 4258 1146 4319; x_wconf 75' lang='grc' dir='ltr'>τοὺς</span> <span class='ocrx_word' id='word_1_531' title='bbox 1158 4257 1427 4319; x_wconf 74' lang='grc' dir='ltr'>ἐναντίους</span> <span class='ocrx_word' id='word_1_532' title='bbox 1442 4257 1605 4310; x_wconf 81' lang='grc' dir='ltr'>αὐτοῦ</span> <span class='ocrx_word' id='word_1_533' title='bbox 1623 4274 1763 4310; x_wconf 81' lang='grc' dir='ltr'>κατ--</span> 
     </span>
    </p>
   </div>
   <div class='ocr_carea' id='block_1_77' title="bbox 211 4345 1757 4417">
    <p class='ocr_par' dir='ltr' id='par_1_77' title="bbox 211 4345 1757 4417">
     <span class='ocr_line' id='line_1_77' title="bbox 211 4345 1757 4417; baseline 0.001 -21"><span class='ocrx_word' id='word_1_534' title='bbox 211 4351 450 4414; x_wconf 84' lang='grc' dir='ltr'>αισχυνεῖ</span> <span class='ocrx_word' id='word_1_535' title='bbox 465 4348 602 4417; x_wconf 90' lang='grc' dir='ltr'><strong>μετά</strong></span> <span class='ocrx_word' id='word_1_536' title='bbox 616 4347 722 4399; x_wconf 87' lang='grc' dir='ltr'><strong>τῶν</strong></span> <span class='ocrx_word' id='word_1_537' title='bbox 748 4347 984 4414; x_wconf 81' lang='grc' dir='ltr'>τεράτων</span> <span class='ocrx_word' id='word_1_538' title='bbox 1004 4346 1108 4399; x_wconf 89' lang='grc' dir='ltr'><strong>τῶν</strong></span> <span class='ocrx_word' id='word_1_539' title='bbox 1145 4345 1378 4412; x_wconf 86' lang='grc' dir='ltr'>ἀληθῶν·</span> <span class='ocrx_word' id='word_1_540' title='bbox 1399 4345 1492 4398; x_wconf 72' lang='grc' dir='ltr'><strong>καὶ</strong></span> <span class='ocrx_word' id='word_1_541' title='bbox 1503 4345 1645 4399; x_wconf 80' lang='grc' dir='ltr'>οὕτω</span> <span class='ocrx_word' id='word_1_542' title='bbox 1659 4346 1757 4416; x_wconf 81' lang='grc' dir='ltr'>μὲν</span> 
     </span>
    </p>
   </div>
   <div class='ocr_carea' id='block_1_78' title="bbox 1855 3177 2912 3233">
    <p class='ocr_par' dir='ltr' id='par_1_78' title="bbox 1855 3177 2912 3233">
     <span class='ocr_line' id='line_1_78' title="bbox 1855 3177 2912 3233; baseline 0.001 -1"><span class='ocrx_word' id='word_1_543' title='bbox 1855 3177 1935 3233; x_wconf 89' lang='lat' dir='ltr'><strong>eis</strong></span> <span class='ocrx_word' id='word_1_544' title='bbox 1964 3178 2208 3233; x_wconf 88' lang='lat' dir='ltr'><strong>vivorum</strong></span> <span class='ocrx_word' id='word_1_545' title='bbox 2231 3191 2295 3232; x_wconf 90' lang='lat' dir='ltr'><strong>ac</strong></span> <span class='ocrx_word' id='word_1_546' title='bbox 2327 3177 2710 3232; x_wconf 76' lang='lat' dir='ltr'><strong>mortuorum?</strong></span> <span class='ocrx_word' id='word_1_547' title='bbox 2910 3231 2912 3233; x_wconf 71' lang='grc'><strong>,</strong></span> 
     </span>
    </p>
   </div>
   <div class='ocr_carea' id='block_1_79' title="bbox 1929 3253 3415 3341">
    <p class='ocr_par' dir='ltr' id='par_1_79' title="bbox 1929 3253 3415 3341">
     <span class='ocr_line' id='line_1_79' title="bbox 1929 3253 3415 3341; baseline 0.002 -16"><span class='ocrx_word' id='word_1_548' title='bbox 1929 3271 2073 3341; x_wconf 76' lang='lat' dir='ltr'><strong>Ignis</strong></span> <span class='ocrx_word' id='word_1_549' title='bbox 2089 3253 2378 3341; x_wconf 77' lang='lat' dir='ltr'><strong>egredietur</strong></span> <span class='ocrx_word' id='word_1_550' title='bbox 2397 3271 2462 3325; x_wconf 78' lang='lat' dir='ltr'><strong>de</strong></span> <span class='ocrx_word' id='word_1_551' title='bbox 2482 3286 2569 3324; x_wconf 83' lang='lat' dir='ltr'><strong>ore</strong></span> <span class='ocrx_word' id='word_1_552' title='bbox 2593 3285 2795 3324; x_wconf 83' lang='lat' dir='ltr'><strong>eorum.</strong></span> <span class='ocrx_word' id='word_1_553' title='bbox 2824 3268 3025 3339; x_wconf 80' lang='lat' dir='ltr'><strong>Signis,</strong></span> <span class='ocrx_word' id='word_1_554' title='bbox 3041 3271 3236 3340; x_wconf 64' lang='lat' dir='ltr'><strong>inquit.</strong></span> <span class='ocrx_word' id='word_1_555' title='bbox 3259 3283 3415 3329; x_wconf 78' lang='lat' dir='ltr'><strong>utan</strong></span> 
     </span>
    </p>
   </div>
   <div class='ocr_carea' id='block_1_80' title="bbox 1857 3358 3415 3432">
    <p class='ocr_par' dir='ltr' id='par_1_80' title="bbox 1857 3358 3415 3432">
     <span class='ocr_line' id='line_1_80' title="bbox 1857 3358 3415 3432; baseline 0.003 -16"><span class='ocrx_word' id='word_1_556' title='bbox 1857 3371 1946 3418; x_wconf 87' lang='lat' dir='ltr'><strong>tur</strong></span> <span class='ocrx_word' id='word_1_557' title='bbox 1968 3370 2022 3418; x_wconf 87' lang='lat' dir='ltr'><strong>et</strong></span> <span class='ocrx_word' id='word_1_558' title='bbox 2039 3363 2139 3432; x_wconf 89' lang='lat' dir='ltr'><strong>ipsi</strong></span> <span class='ocrx_word' id='word_1_559' title='bbox 2170 3358 2498 3432; x_wconf 69' lang='lat' dir='ltr'><strong>potentibus,</strong></span> <span class='ocrx_word' id='word_1_560' title='bbox 2535 3360 2762 3415; x_wconf 73' lang='lat' dir='ltr'><strong>veritate</strong></span> <span class='ocrx_word' id='word_1_561' title='bbox 2793 3360 3006 3415; x_wconf 87' lang='lat' dir='ltr'><strong>illorqu</strong></span> <span class='ocrx_word' id='word_1_562' title='bbox 3059 3374 3415 3432; x_wconf 84' lang='lat' dir='ltr'><strong>conrguentes</strong></span> 
     </span>
    </p>
   </div>
   <div class='ocr_carea' id='block_1_81' title="bbox 1857 3448 3418 3523">
    <p class='ocr_par' dir='ltr' id='par_1_81' title="bbox 1857 3448 3418 3523">
     <span class='ocr_line' id='line_1_81' title="bbox 1857 3448 3418 3523; baseline 0.003 -21"><span class='ocrx_word' id='word_1_563' title='bbox 1857 3463 1920 3503; x_wconf 84' lang='lat' dir='ltr'><strong>ea</strong></span> <span class='ocrx_word' id='word_1_564' title='bbox 1944 3463 2065 3519; x_wconf 67' lang='lat' dir='ltr'><strong>quas</strong></span> <span class='ocrx_word' id='word_1_565' title='bbox 2087 3449 2142 3503; x_wconf 93' lang='lat' dir='ltr'><strong>in</strong></span> <span class='ocrx_word' id='word_1_566' title='bbox 2179 3462 2364 3504; x_wconf 86' lang='lat' dir='ltr'><strong>errore</strong></span> <span class='ocrx_word' id='word_1_567' title='bbox 2385 3463 2449 3504; x_wconf 89' lang='lat' dir='ltr'><strong>ac</strong></span> <span class='ocrx_word' id='word_1_568' title='bbox 2473 3448 2788 3504; x_wconf 87' lang='lat' dir='ltr'><strong>seductione</strong></span> <span class='ocrx_word' id='word_1_569' title='bbox 2819 3448 2968 3515; x_wconf 85' lang='lat' dir='ltr'><strong>ﬁent,</strong></span> <span class='ocrx_word' id='word_1_570' title='bbox 3000 3459 3054 3505; x_wconf 91' lang='lat' dir='ltr'><strong>et</strong></span> <span class='ocrx_word' id='word_1_571' title='bbox 3079 3467 3175 3507; x_wconf 88' lang='lat' dir='ltr'><strong>eos</strong></span> <span class='ocrx_word' id='word_1_572' title='bbox 3209 3455 3301 3523; x_wconf 90' lang='lat' dir='ltr'><strong>qui</strong></span> <span class='ocrx_word' id='word_1_573' title='bbox 3333 3458 3418 3508; x_wconf 56' lang='lat' dir='ltr'><strong>vi:-</strong></span> 
     </span>
    </p>
   </div>
   <div class='ocr_carea' id='block_1_82' title="bbox 1859 3536 3418 3602">
    <p class='ocr_par' dir='ltr' id='par_1_82' title="bbox 1859 3536 3418 3602">
     <span class='ocr_line' id='line_1_82' title="bbox 1859 3536 3418 3602; baseline 0.006 -10"><span class='ocrx_word' id='word_1_574' title='bbox 1859 3537 2039 3592; x_wconf 86' lang='lat' dir='ltr'><strong>derint</strong></span> <span class='ocrx_word' id='word_1_575' title='bbox 2057 3536 2124 3592; x_wconf 89' lang='lat' dir='ltr'><strong>ad</strong></span> <span class='ocrx_word' id='word_1_576' title='bbox 2149 3536 2306 3592; x_wconf 84' lang='lat' dir='ltr'><strong>ﬁdem</strong></span> <span class='ocrx_word' id='word_1_577' title='bbox 2328 3547 2383 3592; x_wconf 90' lang='lat' dir='ltr'><strong>et</strong></span> <span class='ocrx_word' id='word_1_578' title='bbox 2401 3553 2682 3594; x_wconf 87' lang='lat' dir='ltr'><strong>assensum</strong></span> <span class='ocrx_word' id='word_1_579' title='bbox 2704 3541 3054 3597; x_wconf 53' lang='lat' dir='ltr'><strong>attrahentes;</strong></span> <span class='ocrx_word' id='word_1_580' title='bbox 3083 3542 3127 3598; x_wconf 93' lang='grc' dir='ltr'>Ο</span> <span class='ocrx_word' id='word_1_581' title='bbox 3144 3545 3418 3602; x_wconf 67' lang='grc' dir='ltr'>τιάιιιίτιιιισ</span> 
     </span>
    </p>
   </div>
   <div class='ocr_carea' id='block_1_83' title="bbox 1859 3628 3416 3701">
    <p class='ocr_par' dir='ltr' id='par_1_83' title="bbox 1859 3628 3416 3701">
     <span class='ocr_line' id='line_1_83' title="bbox 1859 3628 3416 3701; baseline 0.007 -19"><span class='ocrx_word' id='word_1_582' title='bbox 1859 3629 1982 3683; x_wconf 88' lang='lat' dir='ltr'><strong>dam</strong></span> <span class='ocrx_word' id='word_1_583' title='bbox 2003 3628 2240 3684; x_wconf 75' lang='lat' dir='ltr'><strong>divinam</strong></span> <span class='ocrx_word' id='word_1_584' title='bbox 2261 3629 2562 3685; x_wconf 81' lang='lat' dir='ltr'><strong>bonitatem</strong></span> <span class='ocrx_word' id='word_1_585' title='bbox 2588 3646 2708 3701; x_wconf 67' lang='lat' dir='ltr'><strong>quae</strong></span> <span class='ocrx_word' id='word_1_586' title='bbox 2742 3647 2808 3687; x_wconf 81' lang='lat' dir='ltr'><strong>ex</strong></span> <span class='ocrx_word' id='word_1_587' title='bbox 2838 3633 3072 3690; x_wconf 88' lang='lat' dir='ltr'><strong>adverso</strong></span> <span class='ocrx_word' id='word_1_588' title='bbox 3103 3639 3304 3692; x_wconf 85' lang='lat' dir='ltr'><strong>erroris</strong></span> <span class='ocrx_word' id='word_1_589' title='bbox 3324 3654 3416 3693; x_wconf 86' lang='lat' dir='ltr'><strong>or-</strong></span> 
     </span>
    </p>
   </div>
   <div class='ocr_carea' id='block_1_84' title="bbox 1860 3717 3413 3794">
    <p class='ocr_par' dir='ltr' id='par_1_84' title="bbox 1860 3717 3413 3794">
     <span class='ocr_line' id='line_1_84' title="bbox 1860 3717 3413 3794; baseline 0.008 -25"><span class='ocrx_word' id='word_1_590' title='bbox 1860 3717 2067 3794; x_wconf 81' lang='lat' dir='ltr'><strong>dinavit</strong></span> <span class='ocrx_word' id='word_1_591' title='bbox 2088 3717 2388 3772; x_wconf 87' lang='lat' dir='ltr'><strong>remedium</strong></span> <span class='ocrx_word' id='word_1_592' title='bbox 2416 3719 2692 3775; x_wconf 86' lang='lat' dir='ltr'><strong>veritatis!</strong></span> <span class='ocrx_word' id='word_1_593' title='bbox 2723 3736 2848 3775; x_wconf 88' lang='lat' dir='ltr'><strong>nam</strong></span> <span class='ocrx_word' id='word_1_594' title='bbox 2879 3737 2974 3788; x_wconf 90' lang='lat' dir='ltr'><strong>per</strong></span> <span class='ocrx_word' id='word_1_595' title='bbox 2986 3734 3304 3791; x_wconf 90' lang='lat' dir='ltr'><strong>potestatem</strong></span> <span class='ocrx_word' id='word_1_596' title='bbox 3323 3744 3413 3781; x_wconf 84' lang='lat' dir='ltr'><strong>ve-</strong></span> 
     </span>
    </p>
   </div>
   <div class='ocr_carea' id='block_1_85' title="bbox 1861 3807 3418 3882">
    <p class='ocr_par' dir='ltr' id='par_1_85' title="bbox 1861 3807 3418 3882">
     <span class='ocr_line' id='line_1_85' title="bbox 1861 3807 3418 3882; baseline 0.008 -21"><span class='ocrx_word' id='word_1_597' title='bbox 1861 3821 2049 3861; x_wconf 85' lang='lat' dir='ltr'><strong>rorum</strong></span> <span class='ocrx_word' id='word_1_598' title='bbox 2085 3807 2361 3876; x_wconf 81' lang='lat' dir='ltr'><strong>signorum</strong></span> <span class='ocrx_word' id='word_1_599' title='bbox 2402 3819 2454 3863; x_wconf 87' lang='lat' dir='ltr'><strong>et</strong></span> <span class='ocrx_word' id='word_1_600' title='bbox 2494 3811 2863 3882; x_wconf 83' lang='lat' dir='ltr'><strong>prodigiorum</strong></span> <span class='ocrx_word' id='word_1_601' title='bbox 2904 3823 3125 3870; x_wconf 86' lang='lat' dir='ltr'><strong>sanctos</strong></span> <span class='ocrx_word' id='word_1_602' title='bbox 3155 3817 3290 3872; x_wconf 91' lang='lat' dir='ltr'><strong>istos</strong></span> <span class='ocrx_word' id='word_1_603' title='bbox 3320 3822 3418 3873; x_wconf 82' lang='lat' dir='ltr'><strong>ob-</strong></span> 
     </span>
    </p>
   </div>
   <div class='ocr_carea' id='block_1_86' title="bbox 1859 3899 3418 3964">
    <p class='ocr_par' dir='ltr' id='par_1_86' title="bbox 1859 3899 3418 3964">
     <span class='ocr_line' id='line_1_86' title="bbox 1859 3899 3418 3964; baseline 0.008 -16"><span class='ocrx_word' id='word_1_604' title='bbox 1859 3912 2100 3961; x_wconf 84' lang='lat' dir='ltr'><strong>armans,</strong></span> <span class='ocrx_word' id='word_1_605' title='bbox 2125 3907 2184 3952; x_wconf 89' lang='lat' dir='ltr'><strong>ut</strong></span> <span class='ocrx_word' id='word_1_606' title='bbox 2228 3899 2489 3954; x_wconf 81' lang='lat' dir='ltr'><strong>doctrina:</strong></span> <span class='ocrx_word' id='word_1_607' title='bbox 2514 3903 2866 3956; x_wconf 82' lang='lat' dir='ltr'><strong>sermonibus</strong></span> <span class='ocrx_word' id='word_1_608' title='bbox 2901 3907 3144 3960; x_wconf 85' lang='lat' dir='ltr'><strong>homines</strong></span> <span class='ocrx_word' id='word_1_609' title='bbox 3192 3923 3418 3964; x_wconf 81' lang='lat' dir='ltr'><strong>conver-</strong></span> 
     </span>
    </p>
   </div>
   <div class='ocr_carea' id='block_1_87' title="bbox 1861 3988 3415 4062">
    <p class='ocr_par' dir='ltr' id='par_1_87' title="bbox 1861 3988 3415 4062">
     <span class='ocr_line' id='line_1_87' title="bbox 1861 3988 3415 4062; baseline 0.01 -25"><span class='ocrx_word' id='word_1_610' title='bbox 1861 3994 2014 4039; x_wconf 82' lang='lat' dir='ltr'><strong>tant:</strong></span> <span class='ocrx_word' id='word_1_611' title='bbox 2053 3995 2312 4054; x_wconf 65' lang='lat' dir='ltr'><strong>preterea</strong></span> <span class='ocrx_word' id='word_1_612' title='bbox 2344 3989 2505 4042; x_wconf 87' lang='lat' dir='ltr'><strong>etiam</strong></span> <span class='ocrx_word' id='word_1_613' title='bbox 2555 3988 2796 4058; x_wconf 61' lang='lat' dir='ltr'><strong>llagellisi</strong></span> <span class='ocrx_word' id='word_1_614' title='bbox 2841 4007 3034 4061; x_wconf 88' lang='lat' dir='ltr'><strong>nempe</strong></span> <span class='ocrx_word' id='word_1_615' title='bbox 3083 3994 3278 4062; x_wconf 70' lang='lat' dir='ltr'><strong>pluviae</strong></span> <span class='ocrx_word' id='word_1_616' title='bbox 3319 4016 3415 4053; x_wconf 85' lang='lat' dir='ltr'><strong>ca-</strong></span> 
     </span>
    </p>
   </div>
   <div class='ocr_carea' id='block_1_88' title="bbox 1862 4077 3418 4149">
    <p class='ocr_par' dir='ltr' id='par_1_88' title="bbox 1862 4077 3418 4149">
     <span class='ocr_line' id='line_1_88' title="bbox 1862 4077 3418 4149; baseline 0.007 -19"><span class='ocrx_word' id='word_1_617' title='bbox 1862 4077 2034 4132; x_wconf 82' lang='lat' dir='ltr'><strong>rentia</strong></span> <span class='ocrx_word' id='word_1_618' title='bbox 2058 4089 2114 4134; x_wconf 84' lang='lat' dir='ltr'><strong>et</strong></span> <span class='ocrx_word' id='word_1_619' title='bbox 2147 4079 2289 4149; x_wconf 86' lang='lat' dir='ltr'><strong>igne,</strong></span> <span class='ocrx_word' id='word_1_620' title='bbox 2306 4077 2470 4133; x_wconf 88' lang='lat' dir='ltr'><strong>variis</strong></span> <span class='ocrx_word' id='word_1_621' title='bbox 2493 4077 2657 4132; x_wconf 85' lang='lat' dir='ltr'><strong>etiam</strong></span> <span class='ocrx_word' id='word_1_622' title='bbox 2689 4080 3076 4136; x_wconf 88' lang='lat' dir='ltr'><strong>elementorum</strong></span> <span class='ocrx_word' id='word_1_623' title='bbox 3110 4088 3418 4141; x_wconf 87' lang='lat' dir='ltr'><strong>mutationi-</strong></span> 
     </span>
    </p>
   </div>
   <div class='ocr_carea' id='block_1_89' title="bbox 1864 4167 3415 4242">
    <p class='ocr_par' dir='ltr' id='par_1_89' title="bbox 1864 4167 3415 4242">
     <span class='ocr_line' id='line_1_89' title="bbox 1864 4167 3415 4242; baseline 0.006 -20"><span class='ocrx_word' id='word_1_624' title='bbox 1864 4167 1986 4233; x_wconf 87' lang='lat' dir='ltr'><strong>bus,</strong></span> <span class='ocrx_word' id='word_1_625' title='bbox 2005 4169 2071 4222; x_wconf 84' lang='lat' dir='ltr'><strong>ad</strong></span> <span class='ocrx_word' id='word_1_626' title='bbox 2104 4169 2208 4224; x_wconf 90' lang='lat' dir='ltr'><strong>hoc</strong></span> <span class='ocrx_word' id='word_1_627' title='bbox 2232 4167 2599 4233; x_wconf 87' lang='lat' dir='ltr'><strong>tendentibus,</strong></span> <span class='ocrx_word' id='word_1_628' title='bbox 2640 4178 2698 4223; x_wconf 88' lang='lat' dir='ltr'><strong>ut</strong></span> <span class='ocrx_word' id='word_1_629' title='bbox 2721 4169 2785 4224; x_wconf 91' lang='lat' dir='ltr'><strong>iis</strong></span> <span class='ocrx_word' id='word_1_630' title='bbox 2806 4181 2995 4225; x_wconf 83' lang='lat' dir='ltr'><strong>noceat</strong></span> <span class='ocrx_word' id='word_1_631' title='bbox 3024 4174 3115 4242; x_wconf 92' lang='lat' dir='ltr'><strong>qui</strong></span> <span class='ocrx_word' id='word_1_632' title='bbox 3148 4176 3215 4228; x_wconf 92' lang='lat' dir='ltr'><strong>ita</strong></span> <span class='ocrx_word' id='word_1_633' title='bbox 3240 4178 3415 4232; x_wconf 72' lang='lat' dir='ltr'><strong>allecti</strong></span> 
     </span>
    </p>
   </div>
   <div class='ocr_carea' id='block_1_90' title="bbox 1863 4260 3416 4328">
    <p class='ocr_par' dir='ltr' id='par_1_90' title="bbox 1863 4260 3416 4328">
     <span class='ocr_line' id='line_1_90' title="bbox 1863 4260 3416 4328; baseline 0.005 -12"><span class='ocrx_word' id='word_1_634' title='bbox 1863 4267 1992 4316; x_wconf 88' lang='lat' dir='ltr'><strong>sunt</strong></span> <span class='ocrx_word' id='word_1_635' title='bbox 2018 4268 2078 4313; x_wconf 93' lang='lat' dir='ltr'><strong>ut</strong></span> <span class='ocrx_word' id='word_1_636' title='bbox 2105 4260 2346 4316; x_wconf 80' lang='lat' dir='ltr'><strong>converti</strong></span> <span class='ocrx_word' id='word_1_637' title='bbox 2383 4267 2678 4328; x_wconf 85' lang='lat' dir='ltr'><strong>nequeant,</strong></span> <span class='ocrx_word' id='word_1_638' title='bbox 2722 4275 2850 4315; x_wconf 87' lang='lat' dir='ltr'><strong>suos</strong></span> <span class='ocrx_word' id='word_1_639' title='bbox 2899 4262 3239 4320; x_wconf 84' lang='lat' dir='ltr'><strong>adversarios</strong></span> <span class='ocrx_word' id='word_1_640' title='bbox 3271 4271 3416 4323; x_wconf 87' lang='lat' dir='ltr'><strong>veris</strong></span> 
     </span>
    </p>
   </div>
   <div class='ocr_carea' id='block_1_91' title="bbox 1865 4348 3414 4420">
    <p class='ocr_par' dir='ltr' id='par_1_91' title="bbox 1865 4348 3414 4420">
     <span class='ocr_line' id='line_1_91' title="bbox 1865 4348 3414 4420; baseline 0.006 -16"><span class='ocrx_word' id='word_1_641' title='bbox 1865 4349 2031 4419; x_wconf 90' lang='lat' dir='ltr'><strong>signis</strong></span> <span class='ocrx_word' id='word_1_642' title='bbox 2056 4348 2347 4420; x_wconf 78' lang='lat' dir='ltr'><strong>pudefacit.</strong></span> <span class='ocrx_word' id='word_1_643' title='bbox 2378 4349 2445 4404; x_wconf 87' lang='lat' dir='ltr'><strong>Et</strong></span> <span class='ocrx_word' id='word_1_644' title='bbox 2473 4349 2547 4404; x_wconf 90' lang='lat' dir='ltr'><strong>ita</strong></span> <span class='ocrx_word' id='word_1_645' title='bbox 2579 4351 2793 4419; x_wconf 89' lang='lat' dir='ltr'><strong>quidem</strong></span> <span class='ocrx_word' id='word_1_646' title='bbox 2815 4360 3115 4408; x_wconf 88' lang='lat' dir='ltr'><strong>tractantur</strong></span> <span class='ocrx_word' id='word_1_647' title='bbox 3157 4369 3414 4414; x_wconf 87' lang='lat' dir='ltr'><strong>amentes.</strong></span> 
     </span>
    </p>
   </div>
   <div class='ocr_carea' id='block_1_92' title="bbox 209 4436 1747 4517">
    <p class='ocr_par' dir='ltr' id='par_1_92' title="bbox 209 4436 1747 4506">
     <span class='ocr_line' id='line_1_92' title="bbox 209 4436 1747 4506; baseline -0.001 -17"><span class='ocrx_word' id='word_1_648' title='bbox 209 4438 264 4489; x_wconf 86' lang='grc' dir='ltr'>οί</span> <span class='ocrx_word' id='word_1_649' title='bbox 297 4437 558 4492; x_wconf 85' lang='grc' dir='ltr'>ἀσύνετοι.</span> <span class='ocrx_word' id='word_1_650' title='bbox 579 4439 640 4490; x_wconf 90' lang='lat' dir='ltr'><strong>Ol</strong></span> <span class='ocrx_word' id='word_1_651' title='bbox 658 4438 714 4490; x_wconf 81' lang='grc' dir='ltr'>δὲ</span> <span class='ocrx_word' id='word_1_652' title='bbox 747 4437 984 4506; x_wconf 84' lang='grc' dir='ltr'>βελτίους</span> <span class='ocrx_word' id='word_1_653' title='bbox 1016 4437 1110 4490; x_wconf 77' lang='grc' dir='ltr'>καὶ</span> <span class='ocrx_word' id='word_1_654' title='bbox 1145 4437 1280 4506; x_wconf 80' lang='grc' dir='ltr'>πρὸς</span> <span class='ocrx_word' id='word_1_655' title='bbox 1304 4436 1633 4506; x_wconf 83' lang='grc' dir='ltr'>ἐπιστροφὴν</span> <span class='ocrx_word' id='word_1_656' title='bbox 1649 4439 1747 4490; x_wconf 85' lang='grc' dir='ltr'>ἁπ-</span> 
     </span>
    </p>
   </div>
   <div class='ocr_carea' id='block_1_93' title="bbox 1852 4436 3416 4517">
    <p class='ocr_par' dir='ltr' id='par_1_93' title="bbox 1866 4440 3416 4515">
     <span class='ocr_line' id='line_1_93' title="bbox 1866 4440 3416 4515; baseline 0.007 -22"><span class='ocrx_word' id='word_1_657' title='bbox 1866 4440 2034 4496; x_wconf 77' lang='lat' dir='ltr'><strong>l‘orro</strong></span> <span class='ocrx_word' id='word_1_658' title='bbox 2063 4442 2308 4497; x_wconf 88' lang='lat' dir='ltr'><strong>saniores</strong></span> <span class='ocrx_word' id='word_1_659' title='bbox 2339 4449 2392 4496; x_wconf 88' lang='lat' dir='ltr'><strong>et</strong></span> <span class='ocrx_word' id='word_1_660' title='bbox 2412 4442 2505 4510; x_wconf 91' lang='lat' dir='ltr'><strong>qui</strong></span> <span class='ocrx_word' id='word_1_661' title='bbox 2543 4443 2609 4495; x_wconf 91' lang='lat' dir='ltr'><strong>ad</strong></span> <span class='ocrx_word' id='word_1_662' title='bbox 2643 4444 3048 4499; x_wconf 89' lang='lat' dir='ltr'><strong>conversionem</strong></span> <span class='ocrx_word' id='word_1_663' title='bbox 3096 4448 3416 4515; x_wconf 89' lang='lat' dir='ltr'><strong>respiciunt,</strong></span> 
     </span>
    </p>
   </div>
   <div class='ocr_carea' id='block_1_94' title="bbox 217 4527 1757 4597">
    <p class='ocr_par' dir='ltr' id='par_1_94' title="bbox 217 4527 1757 4597">
     <span class='ocr_line' id='line_1_94' title="bbox 217 4527 1757 4597; baseline 0.001 -19"><span class='ocrx_word' id='word_1_664' title='bbox 217 4527 416 4590; x_wconf 80' lang='grc' dir='ltr'>ιδὸντες</span> <span class='ocrx_word' id='word_1_665' title='bbox 439 4530 600 4597; x_wconf 85' lang='grc' dir='ltr'>(κατά</span> <span class='ocrx_word' id='word_1_666' title='bbox 624 4529 706 4590; x_wconf 55' lang='lat' dir='ltr'><strong>ea,</strong></span> <span class='ocrx_word' id='word_1_667' title='bbox 734 4548 752 4578; x_wconf 85' lang='grc' dir='ltr'><strong>ι</strong></span> <span class='ocrx_word' id='word_1_668' title='bbox 774 4530 835 4580; x_wconf 83' lang='grc' dir='ltr'><strong>Ἠ</strong></span> <span class='ocrx_word' id='word_1_669' title='bbox 858 4529 1070 4581; x_wconf 88' lang='grc' dir='ltr'>παιδεία</span> <span class='ocrx_word' id='word_1_670' title='bbox 1100 4527 1302 4594; x_wconf 79' lang='grc' dir='ltr'>Κυρίου</span> <span class='ocrx_word' id='word_1_671' title='bbox 1327 4527 1530 4593; x_wconf 85' lang='grc' dir='ltr'>ἀνοίγει</span> <span class='ocrx_word' id='word_1_672' title='bbox 1559 4544 1662 4597; x_wconf 90' lang='grc' dir='ltr'><strong>μου</strong></span> <span class='ocrx_word' id='word_1_673' title='bbox 1691 4528 1757 4580; x_wconf 86' lang='grc' dir='ltr'><strong>τά</strong></span> 
     </span>
    </p>
   </div>
   <div class='ocr_carea' id='block_1_95' title="bbox 211 4610 1754 4688">
    <p class='ocr_par' dir='ltr' id='par_1_95' title="bbox 211 4610 1754 4688">
     <span class='ocr_line' id='line_1_95' title="bbox 211 4610 1754 4688; baseline 0.003 -21"><span class='ocrx_word' id='word_1_674' title='bbox 211 4610 335 4667; x_wconf 77' lang='grc' dir='ltr'>ὦτα</span> <span class='ocrx_word' id='word_1_675' title='bbox 359 4633 400 4664; x_wconf 72' lang='grc' dir='ltr'><strong>»ο</strong></span> <span class='ocrx_word' id='word_1_676' title='bbox 428 4619 518 4670; x_wconf 79' lang='grc' dir='ltr'><strong>καὶ</strong></span> <span class='ocrx_word' id='word_1_677' title='bbox 546 4618 627 4681; x_wconf 75' lang='grc' dir='ltr'>τὸ,</span> <span class='ocrx_word' id='word_1_678' title='bbox 651 4638 669 4670; x_wconf 83' lang='grc' dir='ltr'><strong>ι</strong></span> <span class='ocrx_word' id='word_1_679' title='bbox 687 4620 782 4672; x_wconf 73' lang='grc' dir='ltr'>*ον</span> <span class='ocrx_word' id='word_1_680' title='bbox 799 4620 984 4688; x_wconf 78' lang='grc' dir='ltr'>ἀγαπᾷ</span> <span class='ocrx_word' id='word_1_681' title='bbox 1015 4618 1213 4687; x_wconf 82' lang='grc' dir='ltr'>Κύριος</span> <span class='ocrx_word' id='word_1_682' title='bbox 1238 4618 1501 4684; x_wconf 84' lang='grc' dir='ltr'>παιδεύει,</span> <span class='ocrx_word' id='word_1_683' title='bbox 1517 4619 1566 4686; x_wconf 75' lang='grc' dir='ltr'>ι)</span> <span class='ocrx_word' id='word_1_684' title='bbox 1597 4620 1754 4688; x_wconf 81' lang='grc' dir='ltr'>ἐκέρ-</span> 
     </span>
    </p>
   </div>
   <div class='ocr_carea' id='block_1_96' title="bbox 211 4704 1755 4777">
    <p class='ocr_par' dir='ltr' id='par_1_96' title="bbox 211 4704 1755 4777">
     <span class='ocr_line' id='line_1_96' title="bbox 211 4704 1755 4777; baseline 0.003 -22"><span class='ocrx_word' id='word_1_685' title='bbox 211 4704 400 4768; x_wconf 85' lang='grc' dir='ltr'>δαναν,</span> <span class='ocrx_word' id='word_1_686' title='bbox 439 4709 488 4758; x_wconf 84' lang='grc' dir='ltr'>εί</span> <span class='ocrx_word' id='word_1_687' title='bbox 517 4708 613 4759; x_wconf 76' lang='grc' dir='ltr'>καὶ</span> <span class='ocrx_word' id='word_1_688' title='bbox 643 4708 854 4775; x_wconf 85' lang='grc' dir='ltr'>βιαίως,</span> <span class='ocrx_word' id='word_1_689' title='bbox 887 4710 1001 4762; x_wconf 83' lang='grc' dir='ltr'>ἀλλ’</span> <span class='ocrx_word' id='word_1_690' title='bbox 1040 4705 1132 4761; x_wconf 78' lang='grc' dir='ltr'><strong>οὖν</strong></span> <span class='ocrx_word' id='word_1_691' title='bbox 1153 4709 1214 4760; x_wconf 78' lang='grc' dir='ltr'><strong>τὸ</strong></span> <span class='ocrx_word' id='word_1_692' title='bbox 1259 4709 1545 4777; x_wconf 64' lang='grc' dir='ltr'>σωτήριονλ</span> <span class='ocrx_word' id='word_1_693' title='bbox 1575 4709 1755 4770; x_wconf 84' lang='grc' dir='ltr'>αὐτοῖς</span> 
     </span>
    </p>
   </div>
   <div class='ocr_carea' id='block_1_97' title="bbox 209 4794 1755 4868">
    <p class='ocr_par' dir='ltr' id='par_1_97' title="bbox 209 4794 1755 4868">
     <span class='ocr_line' id='line_1_97' title="bbox 209 4794 1755 4868; baseline 0.002 -23"><span class='ocrx_word' id='word_1_694' title='bbox 209 4794 600 4862; x_wconf 78' lang='grc' dir='ltr'>ἐπιϐραὸευθέν</span> <span class='ocrx_word' id='word_1_695' title='bbox 626 4799 777 4865; x_wconf 83' lang='grc' dir='ltr'>παρὰ</span> <span class='ocrx_word' id='word_1_696' title='bbox 796 4799 888 4851; x_wconf 87' lang='grc' dir='ltr'><strong>τοῦ</strong></span> <span class='ocrx_word' id='word_1_697' title='bbox 924 4799 999 4868; x_wconf 79' lang='grc' dir='ltr'>μὴ</span> <span class='ocrx_word' id='word_1_698' title='bbox 1040 4797 1362 4868; x_wconf 88' lang='grc' dir='ltr'>ἀμαρτωλοῦ</span> <span class='ocrx_word' id='word_1_699' title='bbox 1392 4798 1485 4849; x_wconf 81' lang='grc' dir='ltr'><strong>τὸν</strong></span> <span class='ocrx_word' id='word_1_700' title='bbox 1527 4797 1755 4850; x_wconf 85' lang='grc' dir='ltr'>θάνατον</span> 
     </span>
    </p>
   </div>
   <div class='ocr_carea' id='block_1_98' title="bbox 210 4883 1446 4957">
    <p class='ocr_par' dir='ltr' id='par_1_98' title="bbox 210 4883 1446 4957">
     <span class='ocr_line' id='line_1_98' title="bbox 210 4883 1446 4957; baseline 0.014 -26"><span class='ocrx_word' id='word_1_701' title='bbox 210 4883 474 4947; x_wconf 80' lang='grc' dir='ltr'>θέλοντος,</span> <span class='ocrx_word' id='word_1_702' title='bbox 503 4886 639 4938; x_wconf 79' lang='grc' dir='ltr'><strong>ἀλλά</strong></span> <span class='ocrx_word' id='word_1_703' title='bbox 663 4891 761 4956; x_wconf 82' lang='grc' dir='ltr'><strong>τὴν</strong></span> <span class='ocrx_word' id='word_1_704' title='bbox 792 4891 1100 4957; x_wconf 80' lang='grc' dir='ltr'>μετάνοιαν.</span> <span class='ocrx_word' id='word_1_705' title='bbox 1443 4935 1446 4939; x_wconf 77' lang='grc'>.</span> 
     </span>
    </p>
   </div>
   <div class='ocr_carea' id='block_1_99' title="bbox 281 4975 1754 5052">
    <p class='ocr_par' dir='ltr' id='par_1_99' title="bbox 281 4975 1754 5052">
     <span class='ocr_line' id='line_1_99' title="bbox 281 4975 1754 5052; baseline 0.001 -24"><span class='ocrx_word' id='word_1_706' title='bbox 281 4975 395 5028; x_wconf 81' lang='lat' dir='ltr'><strong>Kal</strong></span> <span class='ocrx_word' id='word_1_707' title='bbox 434 4977 687 5040; x_wconf 71' lang='grc' dir='ltr'>πατάξαι</span> <span class='ocrx_word' id='word_1_708' title='bbox 721 4980 833 5046; x_wconf 81' lang='grc' dir='ltr'><strong>τὴν</strong></span> <span class='ocrx_word' id='word_1_709' title='bbox 870 4981 1006 5049; x_wconf 77' lang='grc' dir='ltr'><strong>γῆν.</strong></span> <span class='ocrx_word' id='word_1_710' title='bbox 1045 4982 1407 5052; x_wconf 75' lang='grc' dir='ltr'>Ἀντιρῤόπως</span> <span class='ocrx_word' id='word_1_711' title='bbox 1445 4980 1584 5033; x_wconf 87' lang='grc' dir='ltr'><strong>κατά</strong></span> <span class='ocrx_word' id='word_1_712' title='bbox 1605 4979 1754 5032; x_wconf 87' lang='grc' dir='ltr'>θείαν</span> 
     </span>
    </p>
   </div>
   <div class='ocr_carea' id='block_1_100' title="bbox 209 5066 1756 5143">
    <p class='ocr_par' dir='ltr' id='par_1_100' title="bbox 209 5066 1756 5143">
     <span class='ocr_line' id='line_1_100' title="bbox 209 5066 1756 5143; baseline -0.01 -9"><span class='ocrx_word' id='word_1_713' title='bbox 209 5066 555 5134; x_wconf 73' lang='grc' dir='ltr'><strong>χρηστότητα</strong></span> <span class='ocrx_word' id='word_1_714' title='bbox 570 5071 633 5137; x_wconf 77' lang='grc' dir='ltr'>τῇ</span> <span class='ocrx_word' id='word_1_715' title='bbox 658 5070 834 5139; x_wconf 80' lang='grc' dir='ltr'>πληγῇ</span> <span class='ocrx_word' id='word_1_716' title='bbox 853 5073 1168 5143; x_wconf 83' lang='grc' dir='ltr'>ἐπιφέρεται</span> <span class='ocrx_word' id='word_1_717' title='bbox 1191 5073 1286 5125; x_wconf 69' lang='grc' dir='ltr'><strong>καὶ</strong></span> <span class='ocrx_word' id='word_1_718' title='bbox 1309 5075 1520 5140; x_wconf 82' lang='grc' dir='ltr'>ὴίασις.</span> <span class='ocrx_word' id='word_1_719' title='bbox 1539 5069 1756 5138; x_wconf 82' lang='grc' dir='ltr'>Ἐπειδὴ</span> 
     </span>
    </p>
   </div>
   <div class='ocr_carea' id='block_1_101' title="bbox 208 5159 1759 5235">
    <p class='ocr_par' dir='ltr' id='par_1_101' title="bbox 208 5159 1759 5235">
     <span class='ocr_line' id='line_1_101' title="bbox 208 5159 1759 5235; baseline 0 -25"><span class='ocrx_word' id='word_1_720' title='bbox 208 5159 324 5227; x_wconf 75' lang='grc' dir='ltr'><strong>γὰρ</strong></span> <span class='ocrx_word' id='word_1_721' title='bbox 367 5159 416 5208; x_wconf 85' lang='grc' dir='ltr'><strong>ἐν</strong></span> <span class='ocrx_word' id='word_1_722' title='bbox 454 5161 584 5211; x_wconf 77' lang='grc' dir='ltr'>πᾶσι</span> <span class='ocrx_word' id='word_1_723' title='bbox 629 5164 869 5228; x_wconf 88' lang='grc' dir='ltr'>σημείοις</span> <span class='ocrx_word' id='word_1_724' title='bbox 911 5165 1002 5217; x_wconf 59' lang='grc' dir='ltr'>καῖ.</span> <span class='ocrx_word' id='word_1_725' title='bbox 1043 5166 1234 5235; x_wconf 87' lang='grc' dir='ltr'>τέρασι</span> <span class='ocrx_word' id='word_1_726' title='bbox 1267 5164 1512 5233; x_wconf 79' lang='grc' dir='ltr'>ψεύδους,</span> <span class='ocrx_word' id='word_1_727' title='bbox 1546 5161 1759 5212; x_wconf 86' lang='grc' dir='ltr'>πάντων</span> 
     </span>
    </p>
   </div>
   <div class='ocr_carea' id='block_1_102' title="bbox 210 5247 1755 5324">
    <p class='ocr_par' dir='ltr' id='par_1_102' title="bbox 210 5247 1755 5324">
     <span class='ocr_line' id='line_1_102' title="bbox 210 5247 1755 5324; baseline 0.003 -27"><span class='ocrx_word' id='word_1_728' title='bbox 210 5247 697 5322; x_wconf 64' lang='grc' dir='ltr'>φαρμῶιωνέσται</span> <span class='ocrx_word' id='word_1_729' title='bbox 717 5255 1165 5323; x_wconf 81' lang='grc' dir='ltr'>περιφανέστερος</span> <span class='ocrx_word' id='word_1_730' title='bbox 1198 5255 1317 5308; x_wconf 88' lang='grc' dir='ltr'>κατ’</span> <span class='ocrx_word' id='word_1_731' title='bbox 1351 5255 1630 5324; x_wconf 72' lang='grc' dir='ltr'>ἐνέργειαν</span> <span class='ocrx_word' id='word_1_732' title='bbox 1662 5251 1755 5303; x_wconf 88' lang='grc' dir='ltr'><strong>τοῦ</strong></span> 
     </span>
    </p>
   </div>
   <div class='ocr_carea' id='block_1_103' title="bbox 209 5337 1758 5409">
    <p class='ocr_par' dir='ltr' id='par_1_103' title="bbox 209 5337 1758 5409">
     <span class='ocr_line' id='line_1_103' title="bbox 209 5337 1758 5409; baseline 0 -18"><span class='ocrx_word' id='word_1_733' title='bbox 209 5339 446 5403; x_wconf 73' lang='grc' dir='ltr'>Σατανᾶ,</span> <span class='ocrx_word' id='word_1_734' title='bbox 463 5340 491 5389; x_wconf 82' lang='grc' dir='ltr'><strong>ὁ</strong></span> <span class='ocrx_word' id='word_1_735' title='bbox 505 5337 703 5403; x_wconf 76' lang='grc' dir='ltr'>ἀγαθὸς</span> <span class='ocrx_word' id='word_1_736' title='bbox 720 5338 848 5402; x_wconf 80' lang='grc' dir='ltr'>Θεὸς</span> <span class='ocrx_word' id='word_1_737' title='bbox 864 5342 981 5403; x_wconf 84' lang='grc' dir='ltr'>τοὺς</span> <span class='ocrx_word' id='word_1_738' title='bbox 1001 5343 1185 5409; x_wconf 84' lang='grc' dir='ltr'>ἁγίους</span> <span class='ocrx_word' id='word_1_739' title='bbox 1205 5345 1421 5405; x_wconf 87' lang='grc' dir='ltr'>τούτους</span> <span class='ocrx_word' id='word_1_740' title='bbox 1447 5341 1671 5395; x_wconf 82' lang='grc' dir='ltr'>καθοπλί</span> <span class='ocrx_word' id='word_1_741' title='bbox 1679 5359 1758 5392; x_wconf 85' lang='grc' dir='ltr'><strong>σει</strong></span> 
     </span>
    </p>
   </div>
   <div class='ocr_carea' id='block_1_104' title="bbox 207 5427 1754 5501">
    <p class='ocr_par' dir='ltr' id='par_1_104' title="bbox 207 5427 1754 5501">
     <span class='ocr_line' id='line_1_104' title="bbox 207 5427 1754 5501; baseline 0.002 -21"><span class='ocrx_word' id='word_1_742' title='bbox 207 5431 270 5483; x_wconf 71' lang='grc' dir='ltr'>ὲν</span> <span class='ocrx_word' id='word_1_743' title='bbox 279 5427 506 5494; x_wconf 81' lang='grc' dir='ltr'>δυνάμει</span> <span class='ocrx_word' id='word_1_744' title='bbox 517 5427 754 5495; x_wconf 85' lang='grc' dir='ltr'>σημείων</span> <span class='ocrx_word' id='word_1_745' title='bbox 765 5429 1044 5498; x_wconf 89' lang='grc' dir='ltr'>ἀληθινῶν,</span> <span class='ocrx_word' id='word_1_746' title='bbox 1065 5434 1125 5484; x_wconf 77' lang='grc' dir='ltr'><strong>τὸ</strong></span> <span class='ocrx_word' id='word_1_747' title='bbox 1138 5433 1328 5501; x_wconf 83' lang='grc' dir='ltr'>ψεῦδος</span> <span class='ocrx_word' id='word_1_748' title='bbox 1345 5433 1754 5500; x_wconf 83' lang='grc' dir='ltr'>ἀπελέγξοντας,</span> 
     </span>
    </p>
   </div>
   <div class='ocr_carea' id='block_1_105' title="bbox 210 5517 1754 5597">
    <p class='ocr_par' dir='ltr' id='par_1_105' title="bbox 210 5517 1754 5597">
     <span class='ocr_line' id='line_1_105' title="bbox 210 5517 1754 5597; baseline 0.002 -26"><span class='ocrx_word' id='word_1_749' title='bbox 210 5521 310 5572; x_wconf 73' lang='grc' dir='ltr'><strong>καὶ</strong></span> <span class='ocrx_word' id='word_1_750' title='bbox 333 5517 458 5580; x_wconf 75' lang='grc' dir='ltr'>τοὺς</span> <span class='ocrx_word' id='word_1_751' title='bbox 499 5518 597 5587; x_wconf 83' lang='grc' dir='ltr'>μὲν</span> <span class='ocrx_word' id='word_1_752' title='bbox 636 5518 1074 5588; x_wconf 83' lang='grc' dir='ltr'>πεπλανημένους</span> <span class='ocrx_word' id='word_1_753' title='bbox 1105 5526 1547 5597; x_wconf 81' lang='grc' dir='ltr'>ἐπιστρέφοντας.</span> <span class='ocrx_word' id='word_1_754' title='bbox 1571 5524 1660 5577; x_wconf 82' lang='grc' dir='ltr'><strong>τὸν</strong></span> <span class='ocrx_word' id='word_1_755' title='bbox 1700 5525 1754 5575; x_wconf 79' lang='grc' dir='ltr'>δὲ</span> 
     </span>
    </p>
   </div>
   <div class='ocr_carea' id='block_1_106' title="bbox 1859 4530 3412 4602">
    <p class='ocr_par' dir='ltr' id='par_1_106' title="bbox 1859 4530 3412 4602">
     <span class='ocr_line' id='line_1_106' title="bbox 1859 4530 3412 4602; baseline 0.006 -18"><span class='ocrx_word' id='word_1_756' title='bbox 1859 4530 2155 4598; x_wconf 75' lang='lat' dir='ltr'><strong>juxtaillud</strong></span> <span class='ocrx_word' id='word_1_757' title='bbox 2181 4549 2226 4583; x_wconf 74' lang='grc' dir='ltr'>τι</span> <span class='ocrx_word' id='word_1_758' title='bbox 2250 4531 2536 4600; x_wconf 89' lang='lat' dir='ltr'><strong>Disciplina</strong></span> <span class='ocrx_word' id='word_1_759' title='bbox 2556 4532 2765 4587; x_wconf 90' lang='lat' dir='ltr'><strong>Domini</strong></span> <span class='ocrx_word' id='word_1_760' title='bbox 2784 4536 2955 4602; x_wconf 90' lang='lat' dir='ltr'><strong>aperit</strong></span> <span class='ocrx_word' id='word_1_761' title='bbox 2977 4551 3136 4590; x_wconf 87' lang='lat' dir='ltr'><strong>aures</strong></span> <span class='ocrx_word' id='word_1_762' title='bbox 3155 4553 3300 4595; x_wconf 79' lang='lat' dir='ltr'><strong>meas</strong></span> <span class='ocrx_word' id='word_1_763' title='bbox 3314 4541 3412 4595; x_wconf 78' lang='grc' dir='ltr'>⁶¹ει</span> 
     </span>
    </p>
   </div>
   <div class='ocr_carea' id='block_1_107' title="bbox 1864 4619 3420 4698">
    <p class='ocr_par' dir='ltr' id='par_1_107' title="bbox 1864 4619 3420 4698">
     <span class='ocr_line' id='line_1_107' title="bbox 1864 4619 3420 4698; baseline 0.007 -25"><span class='ocrx_word' id='word_1_764' title='bbox 1864 4628 1917 4673; x_wconf 90' lang='lat' dir='ltr'><strong>et</strong></span> <span class='ocrx_word' id='word_1_765' title='bbox 1945 4619 2076 4698; x_wconf 82' lang='lat' dir='ltr'><strong>illud</strong></span> <span class='ocrx_word' id='word_1_766' title='bbox 2110 4637 2125 4675; x_wconf 87' lang='lat'><strong>:</strong></span> <span class='ocrx_word' id='word_1_767' title='bbox 2158 4638 2176 4671; x_wconf 78' lang='grc' dir='ltr'><strong>ι</strong></span> <span class='ocrx_word' id='word_1_768' title='bbox 2211 4620 2380 4685; x_wconf 85' lang='lat' dir='ltr'><strong>Quem</strong></span> <span class='ocrx_word' id='word_1_769' title='bbox 2411 4622 2586 4691; x_wconf 83' lang='lat' dir='ltr'><strong>diligit</strong></span> <span class='ocrx_word' id='word_1_770' title='bbox 2650 4622 2910 4678; x_wconf 87' lang='lat' dir='ltr'><strong>Dominus</strong></span> <span class='ocrx_word' id='word_1_771' title='bbox 2934 4628 3159 4695; x_wconf 85' lang='lat' dir='ltr'><strong>castigat</strong></span> <span class='ocrx_word' id='word_1_772' title='bbox 3180 4629 3246 4693; x_wconf 75' lang='grc' dir='ltr'><strong>θ’,</strong></span> <span class='ocrx_word' id='word_1_773' title='bbox 3278 4647 3296 4678; x_wconf 72' lang='grc' dir='ltr'><strong>ι</strong></span> <span class='ocrx_word' id='word_1_774' title='bbox 3329 4647 3420 4684; x_wconf 82' lang='lat' dir='ltr'><strong>sa—</strong></span> 
     </span>
    </p>
   </div>
   <div class='ocr_carea' id='block_1_108' title="bbox 1865 4706 3417 4777">
    <p class='ocr_par' dir='ltr' id='par_1_108' title="bbox 1865 4706 3417 4777">
     <span class='ocr_line' id='line_1_108' title="bbox 1865 4706 3417 4777; baseline 0.008 -17"><span class='ocrx_word' id='word_1_775' title='bbox 1865 4708 2028 4760; x_wconf 89' lang='lat' dir='ltr'><strong>lutem</strong></span> <span class='ocrx_word' id='word_1_776' title='bbox 2075 4706 2487 4771; x_wconf 84' lang='lat' dir='ltr'><strong>lueril‘ecerunt,</strong></span> <span class='ocrx_word' id='word_1_777' title='bbox 2526 4724 2830 4777; x_wconf 85' lang='lat' dir='ltr'><strong>quanquam</strong></span> <span class='ocrx_word' id='word_1_778' title='bbox 2886 4710 3137 4775; x_wconf 85' lang='lat' dir='ltr'><strong>violente,</strong></span> <span class='ocrx_word' id='word_1_779' title='bbox 3183 4725 3417 4772; x_wconf 88' lang='lat' dir='ltr'><strong>attamen</strong></span> 
     </span>
    </p>
   </div>
   <div class='ocr_carea' id='block_1_109' title="bbox 1864 4795 3415 4873">
    <p class='ocr_par' dir='ltr' id='par_1_109' title="bbox 1864 4795 3415 4873">
     <span class='ocr_line' id='line_1_109' title="bbox 1864 4795 3415 4873; baseline 0.008 -25"><span class='ocrx_word' id='word_1_780' title='bbox 1864 4795 1966 4873; x_wconf 83' lang='lat' dir='ltr'><strong>sibi</strong></span> <span class='ocrx_word' id='word_1_781' title='bbox 1995 4795 2328 4862; x_wconf 85' lang='lat' dir='ltr'><strong>designatam</strong></span> <span class='ocrx_word' id='word_1_782' title='bbox 2363 4797 2430 4850; x_wconf 86' lang='lat' dir='ltr'><strong>ab</strong></span> <span class='ocrx_word' id='word_1_783' title='bbox 2460 4811 2526 4849; x_wconf 92' lang='lat' dir='ltr'><strong>eo</strong></span> <span class='ocrx_word' id='word_1_784' title='bbox 2558 4797 2649 4865; x_wconf 87' lang='lat' dir='ltr'><strong>qui</strong></span> <span class='ocrx_word' id='word_1_785' title='bbox 2689 4812 2797 4851; x_wconf 91' lang='lat' dir='ltr'><strong>non</strong></span> <span class='ocrx_word' id='word_1_786' title='bbox 2829 4799 2942 4852; x_wconf 88' lang='lat' dir='ltr'><strong>vult</strong></span> <span class='ocrx_word' id='word_1_787' title='bbox 2962 4811 3190 4856; x_wconf 90' lang='lat' dir='ltr'><strong>mortem</strong></span> <span class='ocrx_word' id='word_1_788' title='bbox 3221 4820 3415 4873; x_wconf 86' lang='lat' dir='ltr'><strong>pecca-</strong></span> 
     </span>
    </p>
   </div>
   <div class='ocr_carea' id='block_1_110' title="bbox 1861 4871 2608 4957">
    <p class='ocr_par' dir='ltr' id='par_1_110' title="bbox 1861 4871 2608 4957">
     <span class='ocr_line' id='line_1_110' title="bbox 1861 4871 2608 4957; baseline 0 -15"><span class='ocrx_word' id='word_1_789' title='bbox 1861 4871 2015 4954; x_wconf 76' lang='lat' dir='ltr'><strong>toris,</strong></span> <span class='ocrx_word' id='word_1_790' title='bbox 2045 4889 2137 4942; x_wconf 89' lang='lat' dir='ltr'><strong>sed</strong></span> <span class='ocrx_word' id='word_1_791' title='bbox 2163 4889 2608 4957; x_wconf 86' lang='lat' dir='ltr'><strong>resipiscentiam.</strong></span> 
     </span>
    </p>
   </div>
   <div class='ocr_carea' id='block_1_111' title="bbox 1937 4979 3413 5048">
    <p class='ocr_par' dir='ltr' id='par_1_111' title="bbox 1937 4979 3413 5048">
     <span class='ocr_line' id='line_1_111' title="bbox 1937 4979 3413 5048; baseline 0.012 -16"><span class='ocrx_word' id='word_1_792' title='bbox 1937 4979 2001 5032; x_wconf 79' lang='lat' dir='ltr'><strong>Et</strong></span> <span class='ocrx_word' id='word_1_793' title='bbox 2033 4981 2354 5048; x_wconf 74' lang='lat' dir='ltr'><strong>percutieudi</strong></span> <span class='ocrx_word' id='word_1_794' title='bbox 2402 4991 2614 5037; x_wconf 81' lang='lat' dir='ltr'><strong>terram.</strong></span> <span class='ocrx_word' id='word_1_795' title='bbox 2651 4981 2814 5038; x_wconf 81' lang='lat' dir='ltr'><strong>Juxta</strong></span> <span class='ocrx_word' id='word_1_796' title='bbox 2853 4985 3089 5040; x_wconf 90' lang='lat' dir='ltr'><strong>divinam</strong></span> <span class='ocrx_word' id='word_1_797' title='bbox 3118 4989 3413 5048; x_wconf 89' lang='lat' dir='ltr'><strong>bonitatem</strong></span> 
     </span>
    </p>
   </div>
   <div class='ocr_carea' id='block_1_112' title="bbox 1865 5073 3419 5150">
    <p class='ocr_par' dir='ltr' id='par_1_112' title="bbox 1865 5073 3419 5150">
     <span class='ocr_line' id='line_1_112' title="bbox 1865 5073 3419 5150; baseline 0.006 -22"><span class='ocrx_word' id='word_1_798' title='bbox 1865 5073 2312 5142; x_wconf 89' lang='lat' dir='ltr'><strong>correspondenti</strong></span> <span class='ocrx_word' id='word_1_799' title='bbox 2353 5073 2514 5129; x_wconf 87' lang='lat' dir='ltr'><strong>modo</strong></span> <span class='ocrx_word' id='word_1_800' title='bbox 2544 5074 2610 5128; x_wconf 86' lang='lat' dir='ltr'><strong>ad</strong></span> <span class='ocrx_word' id='word_1_801' title='bbox 2639 5076 2850 5145; x_wconf 81' lang='lat' dir='ltr'><strong>plagam</strong></span> <span class='ocrx_word' id='word_1_802' title='bbox 2883 5077 3046 5131; x_wconf 88' lang='lat' dir='ltr'><strong>etiam</strong></span> <span class='ocrx_word' id='word_1_803' title='bbox 3076 5082 3419 5150; x_wconf 71' lang='lat' dir='ltr'><strong>subjuugitur</strong></span> 
     </span>
    </p>
   </div>
   <div class='ocr_carea' id='block_1_113' title="bbox 1865 5156 3415 5238">
    <p class='ocr_par' dir='ltr' id='par_1_113' title="bbox 1865 5156 3415 5238">
     <span class='ocr_line' id='line_1_113' title="bbox 1865 5156 3415 5238; baseline 0.006 -20"><span class='ocrx_word' id='word_1_804' title='bbox 1865 5163 2099 5219; x_wconf 86' lang='lat' dir='ltr'><strong>sanatio.</strong></span> <span class='ocrx_word' id='word_1_805' title='bbox 2158 5156 2448 5234; x_wconf 86' lang='lat' dir='ltr'><strong>Postquam</strong></span> <span class='ocrx_word' id='word_1_806' title='bbox 2484 5166 2626 5220; x_wconf 91' lang='lat' dir='ltr'><strong>enim</strong></span> <span class='ocrx_word' id='word_1_807' title='bbox 2666 5166 3038 5224; x_wconf 84' lang='lat' dir='ltr'><strong>Antichristus</strong></span> <span class='ocrx_word' id='word_1_808' title='bbox 3085 5186 3180 5238; x_wconf 83' lang='lat' dir='ltr'><strong>per</strong></span> <span class='ocrx_word' id='word_1_809' title='bbox 3235 5177 3415 5228; x_wconf 88' lang='lat' dir='ltr'><strong>omnia</strong></span> 
     </span>
    </p>
   </div>
   <div class='ocr_carea' id='block_1_114' title="bbox 1867 5256 3416 5325">
    <p class='ocr_par' dir='ltr' id='par_1_114' title="bbox 1867 5256 3416 5325">
     <span class='ocr_line' id='line_1_114' title="bbox 1867 5256 3416 5325; baseline 0.005 -15"><span class='ocrx_word' id='word_1_810' title='bbox 1867 5256 2021 5325; x_wconf 81' lang='lat' dir='ltr'><strong>signa</strong></span> <span class='ocrx_word' id='word_1_811' title='bbox 2067 5264 2122 5311; x_wconf 90' lang='lat' dir='ltr'><strong>et</strong></span> <span class='ocrx_word' id='word_1_812' title='bbox 2170 5257 2415 5325; x_wconf 79' lang='lat' dir='ltr'><strong>prodigia</strong></span> <span class='ocrx_word' id='word_1_813' title='bbox 2460 5258 2741 5312; x_wconf 90' lang='lat' dir='ltr'><strong>mendacia</strong></span> <span class='ocrx_word' id='word_1_814' title='bbox 2784 5261 2999 5314; x_wconf 90' lang='lat' dir='ltr'><strong>cunctis</strong></span> <span class='ocrx_word' id='word_1_815' title='bbox 3045 5260 3217 5316; x_wconf 79' lang='lat' dir='ltr'><strong>factus</strong></span> <span class='ocrx_word' id='word_1_816' title='bbox 3254 5262 3416 5317; x_wconf 79' lang='lat' dir='ltr'><strong>fuerit</strong></span> 
     </span>
    </p>
   </div>
   <div class='ocr_carea' id='block_1_115' title="bbox 1868 5343 3416 5417">
    <p class='ocr_par' dir='ltr' id='par_1_115' title="bbox 1868 5343 3416 5417">
     <span class='ocr_line' id='line_1_115' title="bbox 1868 5343 3416 5417; baseline 0.005 -21"><span class='ocrx_word' id='word_1_817' title='bbox 1868 5343 2134 5397; x_wconf 87' lang='lat' dir='ltr'><strong>illustrior</strong></span> <span class='ocrx_word' id='word_1_818' title='bbox 2155 5346 2457 5398; x_wconf 85' lang='lat' dir='ltr'><strong>secundum</strong></span> <span class='ocrx_word' id='word_1_819' title='bbox 2491 5347 2861 5413; x_wconf 88' lang='lat' dir='ltr'><strong>operationem</strong></span> <span class='ocrx_word' id='word_1_820' title='bbox 2883 5346 3112 5412; x_wconf 65' lang='lat' dir='ltr'><strong>Satante,</strong></span> <span class='ocrx_word' id='word_1_821' title='bbox 3150 5350 3416 5417; x_wconf 77' lang='lat' dir='ltr'><strong>benignus</strong></span> 
     </span>
    </p>
   </div>
   <div class='ocr_carea' id='block_1_116' title="bbox 1864 5435 3416 5508">
    <p class='ocr_par' dir='ltr' id='par_1_116' title="bbox 1864 5435 3416 5508">
     <span class='ocr_line' id='line_1_116' title="bbox 1864 5435 3416 5508; baseline 0.006 -21"><span class='ocrx_word' id='word_1_822' title='bbox 1864 5435 2008 5490; x_wconf 91' lang='lat' dir='ltr'><strong>Deus</strong></span> <span class='ocrx_word' id='word_1_823' title='bbox 2044 5446 2266 5491; x_wconf 89' lang='lat' dir='ltr'><strong>sanctos</strong></span> <span class='ocrx_word' id='word_1_824' title='bbox 2296 5452 2428 5492; x_wconf 88' lang='lat' dir='ltr'><strong>suos</strong></span> <span class='ocrx_word' id='word_1_825' title='bbox 2457 5438 2759 5492; x_wconf 86' lang='lat' dir='ltr'><strong>obarmabit</strong></span> <span class='ocrx_word' id='word_1_826' title='bbox 2799 5455 2892 5508; x_wconf 90' lang='lat' dir='ltr'><strong>per</strong></span> <span class='ocrx_word' id='word_1_827' title='bbox 2922 5441 3215 5507; x_wconf 87' lang='lat' dir='ltr'><strong>potentiam</strong></span> <span class='ocrx_word' id='word_1_828' title='bbox 3262 5457 3416 5497; x_wconf 65' lang='grc' dir='ltr'>γει-οδ</span> 
     </span>
    </p>
   </div>
   <div class='ocr_carea' id='block_1_117' title="bbox 1863 5527 3416 5602">
    <p class='ocr_par' dir='ltr' id='par_1_117' title="bbox 1863 5527 3416 5602">
     <span class='ocr_line' id='line_1_117' title="bbox 1863 5527 3416 5602; baseline 0.007 -25"><span class='ocrx_word' id='word_1_829' title='bbox 1863 5540 1981 5578; x_wconf 91' lang='lat' dir='ltr'><strong>rum</strong></span> <span class='ocrx_word' id='word_1_830' title='bbox 2035 5527 2312 5594; x_wconf 84' lang='lat' dir='ltr'><strong>signorum</strong></span> <span class='ocrx_word' id='word_1_831' title='bbox 2355 5547 2368 5582; x_wconf 92' lang='lat'><strong>:</strong></span> <span class='ocrx_word' id='word_1_832' title='bbox 2403 5535 2462 5584; x_wconf 86' lang='lat' dir='ltr'><strong>ut</strong></span> <span class='ocrx_word' id='word_1_833' title='bbox 2513 5529 2850 5585; x_wconf 88' lang='lat' dir='ltr'><strong>mendacium</strong></span> <span class='ocrx_word' id='word_1_834' title='bbox 2891 5541 3208 5602; x_wconf 83' lang='lat' dir='ltr'><strong>coarguant,</strong></span> <span class='ocrx_word' id='word_1_835' title='bbox 3241 5542 3292 5587; x_wconf 84' lang='lat' dir='ltr'><strong>et</strong></span> <span class='ocrx_word' id='word_1_836' title='bbox 3323 5547 3416 5587; x_wconf 64' lang='lat' dir='ltr'><strong>eoa</strong></span> 
     </span>
    </p>
   </div>
   <div class='ocr_carea' id='block_1_118' title="bbox 278 5674 2302 5750">
    <p class='ocr_par' dir='ltr' id='par_1_118' title="bbox 278 5674 2302 5750">
     <span class='ocr_line' id='line_1_118' title="bbox 278 5674 2302 5750; baseline 0.005 -22"><span class='ocrx_word' id='word_1_837' title='bbox 278 5679 330 5709; x_wconf 75' lang='grc' dir='ltr'><strong>ι’</strong></span> <span class='ocrx_word' id='word_1_838' title='bbox 387 5674 565 5730; x_wconf 77' lang='lat' dir='ltr'><strong>Malae.</strong></span> <span class='ocrx_word' id='word_1_839' title='bbox 617 5691 690 5740; x_wconf 82' lang='lat' dir='ltr'><strong>Iv,</strong></span> <span class='ocrx_word' id='word_1_840' title='bbox 738 5674 792 5728; x_wconf 84' lang='lat'><strong>6.</strong></span> <span class='ocrx_word' id='word_1_841' title='bbox 863 5675 908 5706; x_wconf 75' lang='lat'><strong>‘°</strong></span> <span class='ocrx_word' id='word_1_842' title='bbox 964 5675 1126 5731; x_wconf 86' lang='lat' dir='ltr'><strong>Zaeh.</strong></span> <span class='ocrx_word' id='word_1_843' title='bbox 1174 5697 1248 5748; x_wconf 81' lang='lat' dir='ltr'><strong>tv,</strong></span> <span class='ocrx_word' id='word_1_844' title='bbox 1290 5683 1372 5738; x_wconf 87' lang='lat' dir='ltr'><strong>ll.</strong></span> <span class='ocrx_word' id='word_1_845' title='bbox 1412 5683 1454 5714; x_wconf 84' lang='lat'><strong>&quot;</strong></span> <span class='ocrx_word' id='word_1_846' title='bbox 1495 5681 1653 5736; x_wconf 85' lang='lat' dir='ltr'><strong>Prov.</strong></span> <span class='ocrx_word' id='word_1_847' title='bbox 1690 5697 1770 5748; x_wconf 86' lang='grc' dir='ltr'>ιιι,</span> <span class='ocrx_word' id='word_1_848' title='bbox 1805 5684 1852 5736; x_wconf 77' lang='grc' dir='ltr'>ί.</span> <span class='ocrx_word' id='word_1_849' title='bbox 1931 5680 2087 5737; x_wconf 88' lang='lat' dir='ltr'><strong>llcbr.</strong></span> <span class='ocrx_word' id='word_1_850' title='bbox 2126 5699 2219 5750; x_wconf 68' lang='lat' dir='ltr'><strong>xu,</strong></span> <span class='ocrx_word' id='word_1_851' title='bbox 2252 5684 2302 5738; x_wconf 88' lang='lat'><strong>6.</strong></span> 
     </span>
    </p>
   </div>
   <div class='ocr_carea' id='block_1_119' title="bbox 533 5770 1138 5833">
    <p class='ocr_par' dir='ltr' id='par_1_119' title="bbox 533 5770 1138 5833">
     <span class='ocr_line' id='line_1_119' title="bbox 533 5770 1138 5833; baseline 0.003 -3"><span class='ocrx_word' id='word_1_852' title='bbox 533 5772 792 5831; x_wconf 76' lang='grc' dir='ltr'>ΡΑτιιοι..</span> <span class='ocrx_word' id='word_1_853' title='bbox 835 5770 954 5829; x_wconf 81' lang='lat' dir='ltr'><strong>Gn.</strong></span> <span class='ocrx_word' id='word_1_854' title='bbox 984 5770 1138 5833; x_wconf 79' lang='lat' dir='ltr'><strong>CVI.</strong></span> 
     </span>
    </p>
   </div>
   <div class='ocr_carea' id='block_1_120' title="bbox 1029 5928 1065 5949">
    <p class='ocr_par' dir='ltr' id='par_1_120' title="bbox 1029 5928 1065 5949">
     <span class='ocr_line' id='line_1_120' title="bbox 1029 5928 1065 5949; baseline 0 0"><span class='ocrx_word' id='word_1_855' title='bbox 1029 5928 1065 5949; x_wconf 53' lang='grc' dir='ltr'><strong>ἢ.</strong></span> 
     </span>
    </p>
   </div>
   <div class='ocr_carea' id='block_1_121' title="bbox 2951 5780 3027 5849">
    <p class='ocr_par' dir='ltr' id='par_1_121' title="bbox 2951 5780 3027 5849">
     <span class='ocr_line' id='line_1_121' title="bbox 2951 5780 3027 5849; baseline -0.013 0"><span class='ocrx_word' id='word_1_856' title='bbox 2951 5780 3027 5849; x_wconf 80' lang='grc'><strong>21</strong></span> 
     </span>
    </p>
   </div>
  </div>
