4106 6334
721 311 822 378 σει

1529 323 1851 383 ΑΗΕΤΙΙΑΞ
1890 326 2258 386 C/ESARE/E
2291 278 2760 389 CAPPAbOCIIE
2797 329 3132 390 EPISCOPI

3791 334 3891 396 652

715 427 810 493 qui
855 425 1056 480 fuerint
1083 427 1666 496 seducti-convertant,
1702 448 1764 486 ac
1795 434 2129 487 seductorem
2170 451 2261 504 pa-

2366 440 2565 492 π>.άνον
2609 438 3202 508 παραδειγματίσοντας
3243 437 3335 490 καὶ
3366 439 3528 508 μηδὲν
3554 439 3897 507 πεισομένους

718 519 822 571 lant
878 521 1182 584 traducant,
1231 521 1473 590 nihilque
1494 523 1706 578 adversi
1761 525 1829 576 ab
1879 540 1944 578 eo
1990 526 2261 593 patiamur

719 623 892 674 usque
925 609 990 661 ad
1025 610 1316 664 terminum
1358 627 1467 666 sua:
1497 613 1811 679 prophetiae.

785 695 871 758 XI,
904 698 1047 751 7-l0.
1083 697 1308 768 Cumque
1354 702 1663 768 expleverint
1709 703 2058 754 testimonium
2085 719 2255 769 suum,

719 785 874 854 75,5
909 786 1070 837 bestia
1100 804 1214 855 qua:
1247 789 1475 842 ascendit
1502 790 1564 842 de
1591 790 1782 858 abysso
1807 792 2088 845 committet
2123 808 2257 860 pra:-

717 876 842 926 Itutn
876 875 1117 928 adversus
1153 877 1315 945 ipsos,
1343 887 1390 930 et
1431 879 1591 930 vincet
1633 895 1738 943 eos,
1777 896 1838 932 ac
1866 880 2062 933 occidet
2098 883 2255 949 ipsos,

713 975 759 1016 et
785 967 1032 1017 cadavera
1052 983 1226 1018 eorum
1244 966 1494 1034 jacebunt
1519 969 1570 1020 in
1594 967 1769 1036 platea
1794 971 2254 1039 civitatismagnaz,

711 1072 824 1123 qtae
856 1066 1066 1108 vocatur
1098 1058 1446 1124 spiritualiter
1494 1058 1720 1112 Sodoma
1764 1068 1812 1112 et
1851 1060 2135 1129 igyptus,
2172 1063 2256 1114 ubi

708 1156 754 1195 et
808 1146 1052 1198 Dominus
1087 1164 1264 1199 eorum
1305 1149 1587 1213 cruciﬁxus
1639 1157 1734 1202 est.
1785 1149 1853 1201 Et
1913 1150 2153 1202 uidebunt
2193 1151 2255 1202 de

706 1235 908 1301 papulis
947 1243 993 1286 et
1031 1236 1264 1286 tribubus
1312 1245 1359 1287 et
1405 1235 1594 1303 linguis
1639 1245 1686 1288 et
1726 1236 1959 1303 gentibus
1994 1236 2061 1288 ad
2090 1236 2254 1288 cada-
2311 1249 2314 1252 '

707 1338 822 1374 rem
857 1337 1033 1373 eorum
1087 1324 1249 1372 tribas
1284 1321 1462 1373 diebus
1514 1331 1562 1373 et
1614 1321 1853 1384 dimidio,
1905 1330 1952 1373 et
2003 1320 2254 1373 cadavera

703 1429 880 1465 eorum
916 1428 1014 1468 non
1045 1412 1342 1478 permittent
1373 1411 1493 1478 poni
1523 1412 1578 1463 in
1617 1421 2000 1463 monumentum
2029 1424 2047 1461 :
2082 1418 2128 1461 et
2172 1410 2254 1460 in-

704 1502 1000 1552 habitantes
1052 1511 1244 1551 terram
1285 1500 1580 1566 gaudebunt
1628 1513 1783 1565 super
1816 1497 1946 1560 illis,
2000 1505 2050 1550 et
2103 1498 2252 1550 laeta-

705 1591 900 1640 buntur
933 1604 994 1639 ac
1036 1603 1251 1638 munera
1280 1586 1477 1637 dabunt
1503 1585 1720 1637 invicem
1751 1599 1768 1635 :
1796 1584 2040 1651 quoniam
2074 1584 2126 1635 lii
2152 1585 2251 1635 duo

705 1676 963 1744 praphetaa
999 1677 1353 1728 cruciaverant
1377 1674 1673 1726 habitantes
1701 1673 1754 1725 in
1779 1683 1938 1724 terra.

789 1930 1016 1998 Cumque
1099 1928 1406 1995 expleverint
1486 1928 1859 1981 testimonium.
1941 1927 2253 1992 Quodnam?

709 2021 922 2085 Quodis
960 2019 1052 2087 qui
1103 2028 1229 2072 tunc
1272 2032 1507 2086 przesens
1553 2018 1655 2071 erit
1714 2033 1819 2069 non
1867 2017 1933 2069 sit
1980 2017 2251 2078 Christus,

709 2111 804 2165 sed
846 2110 1105 2177 impostor
1144 2121 1206 2161 ac
1251 2108 1588 2176 perniciosus
1634 2107 1885 2159 seductor
1922 2123 1934 2157 :
1971 2105 2061 2159 sed
2095 2106 2254 2172 paulo

707 2209 822 2268 post
857 2208 1112 2251 venturus
1153 2196 1221 2250 sit
1259 2194 1351 2248 Dei
1385 2193 1573 2257 Filius,
1599 2194 1683 2247 cui
1735 2193 1896 2245 etiam
1927 2191 2253 2244 credendum

706 2289 774 2340 sit
803 2297 1053 2353 tanquam
1083 2281 1350 2335 Salvatori
1387 2299 1399 2332 :
1437 2281 1526 2348 qui
1564 2279 1628 2332 ad
1672 2278 2106 2332 benefaciendum
2154 2277 2253 2328 ho-

709 2377 944 2432 minibus
983 2374 1091 2440 jam
1120 2372 1246 2424 olim
1297 2369 1590 2432 advenerit,
1635 2377 1689 2421 et
1735 2382 1880 2420 nunc
1936 2382 2150 2420 rursum
2188 2367 2256 2420 sit

709 2474 987 2521 venturus.

782 2554 954 2605 Bestia
984 2565 1096 2618 qua?
1119 2547 1349 2600 ascendit
1373 2547 1434 2598 de
1465 2546 1669 2614 abysso.
1700 2543 1928 2598 Bestiam
1954 2544 2082 2597 dicit
2103 2545 2258 2597 Anti—

712 2644 994 2702 christum,
1027 2647 1243 2706 propter
1291 2635 1660 2689 crudelitatem
1689 2643 1741 2687 et
1793 2633 2256 2695 inhumanitatem,

713 2749 775 2787 ac
820 2730 1036 2784 humani
1093 2727 1373 2795 sanguinis
1429 2725 1783 2778 aviditatem:
1839 2724 2091 2791 abyssmn
2136 2738 2260 2776 vero

713 2825 874 2877 vitam
908 2819 1204 2879 hominum,
1243 2829 1479 2868 amaram
1533 2822 1752 2882 propter
1787 2821 2026 2879 peccata,
2063 2821 2115 2865 et
2164 2813 2259 2865 tri-

714 2923 844 2965 stem
875 2924 936 2962 ac
970 2907 1271 2961 instabilem
1308 2903 1375 2956 ob
1415 2903 1674 2954 adversos
1718 2900 1955 2967 undique
2000 2898 2159 2951 llatus
2200 2912 2262 2952 ac

2365 530 2454 581 ὑπ’
2490 529 2696 581 ἐκείνου
2722 528 2961 597 λυπηρὸν
2984 527 3110 596 ἄχρι
3131 527 3381 596 περάτων
3410 530 3506 597 τῆς
3543 529 3748 581 ἑαυτῶν
3778 529 3893 597 προι

2365 617 2606 686 φητείας.

2432 704 2538 755 Kal
2598 705 2738 756 ὅταν
2780 702 3070 758 τελέσωσι
3129 705 3243 768 τὴν
3298 706 3623 772 μαρτιιοίαν
3669 704 3893 770 αὐτῶν,

2361 792 2426 843 τὸ
2455 794 2656 859 θηρίον
2683 794 2746 845 τὸ
2758 793 3078 848 ἀναϐαῖνον
3103 793 3170 845 ἐκ
3192 792 3300 857 τῆς
3334 793 3627 855 ἀϐύσσου,
3658 793 3895 857 ποιήσει

2353 878 2478 945 μετ’
2505 879 2698 931 αὐτῶν
2750 880 3032 947 πόλεμον,
3082 878 3179 931 καί
3231 879 3465 945 νικήσει
3509 879 3746 942 αὐτοὺς,
3803 881 3896 932 καὶ

2357 967 2669 1020 ἀποκτενεῖ
2697 969 2935 1033 αὐτοὺς,
2967 967 3150 1020 καὶτὸ
3189 968 3394 1034 πτῶμα
3428 967 3623 1021 αὐτῶν
3653 968 3751 1020 ἐπὶ
3793 968 3899 1032 τῆς

2357 1058 2642 1123 πλατείας
2670 1057 2779 1121 τῆς
2799 1059 3022 1123 πόλεως
3056 1057 3163 1123 τῆς
3175 1074 3276 1124 μεγ
3289 1058 3458 1122 uane,
3483 1057 3612 1121 ἤίις
3639 1057 3897 1109 καλεῖται

2354 1146 2758 1212 πνευματικῶς
2787 1146 3016 1213 Σόδομα
3053 1144 3149 1197 καὶ
3179 1145 3489 1212 Αἴγυπτος.
3519 1144 3708 1196 ’Ὅπου
3740 1143 3833 1194 καί
3867 1146 3897 1193 ό

2355 1234 2565 1298 Κύριος
2592 1234 2785 1286 αὐτῶν
2815 1233 3173 1301 ἐσταυρώθη,
3198 1234 3292 1285 καὶ
3313 1233 3654 1295 ,βλέπουσιν
3684 1232 3751 1284 ἐκ
3780 1231 3896 1283 τῶν

2353 1323 2515 1374 λαῶν
2559 1322 2654 1374 καὶ
2706 1321 2915 1388 φυλῶν
2955 1321 3052 1374 καὶ
3106 1320 3422 1389 γλωσσῶν,
3459 1321 3554 1373 καὶ
3603 1320 3790 1374 ἐθνῶν
3833 1319 3896 1370 τὸ

2353 1411 2558 1480 πτῶμα
2590 1411 2785 1465 αὐτῶν
2801 1411 3019 1480 ἡμέρας
3055 1413 3210 1479 τρεῖς
3245 1412 3452 1479 ἥμισυ.
3503 1411 3609 1463 Kal
3648 1410 3719 1462 τὰ
3747 1409 3896 1461 πτώ-

2346 1519 2502 1570 ματα
2522 1503 2714 1555 αὐτῶν
2742 1503 2850 1554 οὐκ
2873 1501 3174 1568 ἀφ’ήσουσι
3192 1503 3426 1568 τεθῆναι
3441 1503 3527 1566 είς
3539 1499 3763 1568 μνῆμα,
3800 1500 3895 1550 καὶ

2349 1598 2403 1647 οἱ
2429 1592 2841 1656 κατοικοῦντες
2864 1590 2961 1643 ἐπὶ
3010 1590 3118 1656 τῆς
3147 1590 3257 1658 γῆς
3277 1590 3640 1657 χαρήσονται
3657 1589 3748 1640 ἐπ’
3796 1591 3898 1640 αι)-

2353 1682 2474 1746 τοῖς
2495 1722 2509 1745 ,
2553 1681 2649 1732 καὶ
2702 1679 3240 1747 εὐφρανθήσονται,
3272 1678 3367 1730 καί
3399 1678 3554 1744 δῶρα
3590 1678 3899 1730 δώσουσιν

2284 1737 2324 1794 Β
2353 1737 2663 1834 ἀλλήλοις,
2693 1737 2790 1819 ὅτι⁷
2809 1737 3043 1821 οὗτοιοὶ
3071 1765 3177 1818 δύο
3207 1737 3498 1831 προφῆται
3529 1764 3898 1817 ἐϐασάνισαν

2353 1858 2493 1921 τοὺς
2522 1854 2940 1918 κατοικοῦντας
2971 1853 3067 1905 ἐπὶ
3103 1852 3210 1919 τῆς
3241 1850 3367 1918 γῆς.

2423 1947 2528 1997 Καὶ
2581 1944 2722 1995 ὅταν
2780 1943 3069 1995 τελέσωσι
3132 1940 3245 2006 τὴν
3295 1941 3643 2008 μαρτυρίαν.
3703 1940 3896 2002 Ποίαν;

2356 2038 2473 2088 ’Ότι
2503 2029 2653 2095 οὗτος
2683 2035 2709 2085 6
2759 2032 2948 2102 παρὼν
2978 2033 3074 2084 οὐκ
3117 2033 3259 2083 ἔστιν
3296 2031 3324 2082 6
3353 2030 3600 2100 Χριστὸς,
3649 2029 3901 2081 ἀπατεὼν

2352 2127 2528 2178 δὲκαὶ
2553 2125 2791 2193 ὀλέθριος
2821 2122 3038 2182 πλάνος.
3083 2119 3239 2182 ’Ἥξει
3280 2119 3334 2170 δὲ
3372 2121 3493 2170 ὅσον
3543 2116 3692 2169 οὔπω
3727 2118 3753 2168 6
3805 2115 3898 2168 τοῦ

2353 2216 2484 2267 Θεοῦ
2532 2216 2688 2276 Υἱὸς,
2724 2207 2767 2279 ᾧ
2819 2212 2911 2264 καὶ
2953 2211 3262 2262 πιστευτέον
3311 2207 3386 2270 ὡς
3425 2209 3634 2276 Σωτῆρι
3674 2208 3764 2259 καὶ
3810 2207 3900 2258 ἐπὶ

2356 2304 2639 2373 εὐεργεσίᾳ
2667 2301 2773 2360 τῶν
2806 2300 3103 2368 ἀνθρώπων
3135 2298 3227 2349 καὶ
3272 2297 3436 2350 πάλαι
3474 2295 3900 2364 παραγεγονότι,

2356 2394 2449 2444 καὶ
2479 2392 2572 2446 νῦν
2600 2391 3036 2460 παραγινομένῳ.

2433 2565 2499 2616 Τὸ
2535 2564 2737 2628 θηρίον
2775 2563 2836 2614 τὸ
2871 2558 3187 2613 ἀναϐαῖνον
3213 2559 3279 2610 ἐκ
3324 2557 3429 2623 τῆς
3467 2559 3761 2611 ἀϐύσσους
3796 2561 3912 2624 6ηέ

2363 2656 2476 2723 ρίον
2504 2654 2593 2704 τὸν
2639 2652 3000 2718 Ἀντίχριστον
3027 2647 3193 2712 λέγει,
3223 2647 3309 2698 διὰ
3332 2647 3391 2697 τὸ
3421 2647 3568 2715 ὠμὸν
3603 2647 3696 2698 καὶ
3727 2647 3905 2697 ἀπάν-

2363 2744 2574 2812 Ορωπον
2598 2741 2689 2793 καὶ
2740 2738 3027 2806 αἱμοϐόρον
3061 2752 3074 2764 ·
3098 2736 3325 2787 ἄϐυσσον
3353 2735 3408 2785 δὲ
3438 2737 3524 2786 τὸν
3551 2735 3654 2786 τῶν
3690 2734 3904 2803 ἀνθρώ-

2364 2851 2478 2885 πων
2520 2832 2655 2900 βίον,
2694 2831 2782 2881 τὸν
2828 2827 3024 2896 πικρὸν
3065 2827 3182 2885 ταῖς
3212 2825 3500 2894 ἁμαρτίαις
3533 2826 3621 2875 καὶ
3662 2824 3905 2891 λυπηρὸν

2364 2924 2454 2976 καὶ
2489 2920 2818 2974 ἁστατοῦντα
2868 2918 2985 2977 ταῖς
3023 2915 3414 2983 περιφυσὴσεσι
3449 2915 3539 2964 καὶ
3572 2913 3903 2972 ἀντιπνοίαις

715 3002 906 3055 sibilos
937 2998 1292 3065 malignorum
1325 2992 1632 3061 spirituum.
1663 2989 1848 3056 Neque
1885 2989 2028 3041 enim
2061 3003 2124 3040 ex
2157 2989 2256 3040 alia
2286 3042 2290 3072 ‘

2361 3013 2466 3064 τῶν
2502 3009 2749 3078 πονηρῶν
2782 3006 3120 3072 πνευμάτων.
3159 3005 3231 3054 Οὐ
3265 3004 3369 3070 γὰρ
3411 3000 3467 3064 ἐξ
3504 3001 3661 3066 ἄλλης
3688 3001 3905 3066 φύσεος

713 3103 903 3145 natura
936 3096 1184 3154 exsurget
1206 3084 1497 3138 sceleratus
1521 3081 1630 3140 ille,
1652 3081 1741 3132 sed
1774 3094 1835 3130 ex
1863 3087 2046 3131 nostra
2073 3087 2123 3130 et
2153 3078 2254 3129 ltu-

716 3195 871 3234 maua
905 3179 1203 3232 substantia
1241 3192 1252 3226 :
1295 3188 1414 3225 nam
1463 3172 1622 3223 homo
1652 3169 1753 3221 erit
1782 3167 2080 3220 secundum
2132 3181 2258 3233 ope-

718 3272 978 3322 rationem
1010 3266 1241 3323 Satame,
1279 3271 1336 3312 ut
1375 3260 1484 3325 jam
1532 3257 1735 3308 dictum
1784 3264 1885 3306 est.
1943 3252 2065 3304 Haec
2100 3253 2259 3319 igitur

719 3358 910 3416 bestia,
948 3354 1139 3418 inquit,
1173 3348 1430 3416 pugnabit
1462 3345 1719 3396 adversus
1759 3344 1856 3394 hos
1888 3351 2100 3394 sanctos
2132 3355 2260 3407 pro—
2303 3341 2306 3344 ’

720 3450 927 3515 pbetas,
977 3450 1027 3494 et
1059 3440 1266 3492 occidet
1314 3452 1427 3496 eos,
1465 3444 1517 3486 et
1555 3446 1779 3500 corpora
1844 3430 2083 3497 ipsorum
2119 3430 2260 3482 inse-

723 3535 861 3606 pulta
905 3530 1144 3599 projiciet
1191 3526 1242 3578 in
1284 3524 1469 3592 plateis
1517 3521 1816 3575 Jerusalem
1855 3519 1954 3572 :in
2003 3533 2062 3570 ea
2117 3519 2261 3570 enim

723 3623 982 3692 regnabit.
1021 3628 1274 3685 tanquam
1308 3630 1398 3666 rex
1425 3610 1730 3665 Judaeorum
1761 3623 1896 3679 quos
1943 3608 2178 3670 seducet,
2213 3616 2265 3659 et

723 3713 777 3767 in
810 3710 1058 3764 omnibus
1089 3705 1304 3758 habebit
1339 3705 1613 3756 ministros
1657 3703 1867 3770 sibique
1893 3700 2262 3767 obtemperan-

723 3811 826 3855 tes.
855 3799 915 3851 Et
953 3796 1208 3866 Dominus
1229 3794 1365 3862 apud
1392 3792 1674 3855 Joannem,
1712 3810 1728 3841 ι
1765 3789 1873 3858 Ego
1899 3790 2037 3853 veni,
2067 3789 2260 3856 inquit,

724 3891 779 3944 in
814 3889 1027 3942 nomine
1057 3884 1229 3938 Patris
1259 3883 1385 3946 mei,
1423 3891 1474 3934 et
1504 3896 1608 3933 non
1635 3879 1869 3948 recipitis
1905 3893 2023 3941 me;
2066 3877 2262 3930 sialius

723 3980 926 4034 venerit
989 3978 1202 4029 nomine
1255 3973 1492 4043 proprio,
1540 3973 1688 4024 illum
1722 3969 1984 4037 recipietis
2010 3969 2074 4019 ⁸³.
2109 3985 2126 4017 ›
2167 3966 2263 4019 So‘

725 4074 878 4125 doma
908 4084 1032 4121 vero
1059 4078 1110 4119 et
1130 4067 1418 4135 [Egyptum
1451 4063 1583 4115 dicit
1613 4062 1791 4115 vocari
1827 4060 2123 4113 Jerusalem
2152 4059 2263 4124 spi-

726 4159 1009 4217 ritualiter,
1049 4156 1149 4208 hoc
1169 4154 1423 4219 estjnxta
1452 4150 1763 4219 allegoriam
1805 4166 1816 4199 :
1857 4146 2108 4207 Sodoma,
2146 4160 2266 4210 pro-

728 4259 840 4313 pter
861 4241 1244 4310 impudicitiam
1265 4247 1316 4292 et
1335 4237 1602 4305 hospitum
1622 4235 1982 4294 aﬂlictionetn,
2007 4247 2124 4298 qua:
2141 4242 2267 4283 tunc

2362 3097 2713 3167 ὲγερϐήσεται
2742 3099 2768 3147 6
2797 3095 3066 3162 ἀλιτήριος
3097 3086 3267 3154 οὗτος,
3295 3090 3404 3142 ἀλλ’
3427 3093 3487 3141 ἐκ
3512 3091 3606 3156 τῆς
3631 3089 3902 3158 ἡμετέρας

2363 3189 2456 3240 καὶ
2487 3186 2828 3254 ἀνθρωπίνης
2865 3182 3070 3242 οὐσίας.
3106 3181 3418 3247 Ἀνθρωπος
3451 3179 3553 3245 γὰρ
3594 3177 3741 3228 ἔσται
3781 3175 3909 3227 κατ’

2362 3276 2639 3344 ἐνέργειαν
2675 3272 2765 3324 τοῦ
2813 3271 3044 3328 Σατανᾶ,
3066 3269 3137 3328 ὡς
3169 3269 3265 3336 ήδη
3314 3267 3544 3332 εἴρηται.
3583 3264 3749 3315 Τοῦτο
3784 3265 3907 3330 οὖν,

2367 3364 2520 3430 φησὶ,
2556 3361 2616 3410 τὸ
2660 3358 2842 3425 θηρίον
2878 3357 3167 3422 πολεμήσει
3192 3355 3299 3414 τοῖς
3331 3355 3497 3418 ἁγίοις
3523 3352 3726 3412 τούτοις
3769 3369 3918 3421 προσ.

2367 3451 2596 3514 φήταις,
2654 3446 2747 3496 καὶ
2801 3445 3084 3495 ἀποκτενεῖ
3139 3440 3365 3500 αὐτοὺς,
3415 3440 3507 3489 καὶ
3561 3439 3626 3490 τά
3679 3437 3907 3506 σώματα

2367 3535 2546 3590 αὐτῶν
2582 3535 2762 3599 ἄταφα
2795 3531 2937 3600 ῥίψει
2974 3533 3029 3581 ἐν
3061 3531 3173 3590 ταῖς
3209 3527 3480 3587 πλατείαις
3509 3527 3603 3594 τῆς
3642 3526 3910 3592 Ἰερουσα-

2365 3625 2496 3694 λήμ.
2541 3622 2627 3676 Ἑν
2667 3622 2799 3690 αὐτῇ
2846 3619 2950 3688 γὰρ
2986 3616 3285 3685 βασιλεύσει
3331 3616 3402 3676 ὼς
3455 3614 3711 3666 Ἰουδαίων
3751 3614 3910 3682 βασ-

2366 3714 2526 3774 λεὺς,
2559 3712 2650 3773 οὓς
2692 3711 2958 3776 ἀπατήσει
3015 3710 3105 3760 καὶ
3153 3706 3259 3771 ἕξει
3306 3705 3442 3774 πρὸς
3482 3705 3654 3756 πάντα
3699 3705 3920 3777 ὑπουρ-

2368 3802 2593 3870 γοῦντας
2657 3800 2748 3852 καὶ
2817 3797 3184 3864 πειθομένους.
3247 3795 3352 3847 Καὶ
3405 3796 3432 3845 6
3491 3794 3687 3863 Κύριος
3753 3807 3906 3860 παρα

2381 3893 2593 3958 Ἰωάννῃ
2613 3906 2625 3918 ο
2660 3907 2680 3939 ι
2727 3885 2866 3953 Ἐγὼ
2894 3885 3120 3953 ἐλήλυοα
3149 3886 3203 3935 ὲν
3231 3883 3305 3951 τῷ
3331 3883 3549 3950 ὀνόματι
3575 3880 3666 3932 τοῦ
3692 3880 3908 3948 Πατρός

2372 3996 2490 4046 μου,
2523 3978 2613 4029 καὶ
2658 3976 2715 4026 οὺ
2745 3974 3044 4044 λαμϐάνετέ
3078 3990 3163 4038 με.
3219 3973 3342 4022 Ἐὰν
3367 3971 3521 4041 ἄλλος
3567 3969 3690 4040 ἔλθῃ
3724 3969 3779 4019 ὲν
3831 3969 3910 4036 τῷ

2368 4066 2585 4131 ὀνόματι
2616 4063 2690 4128 τῷ
2723 4062 2856 4128 ἰδίῳ,
2901 4061 3102 4109 ἐκεῖνον
3130 4056 3380 4124 λήψεσθε.
3417 4072 3434 4103 ι
3485 4055 3685 4122 Σοδομα
3721 4055 3775 4105 δὲ
3809 4047 3912 4120 ei}:

2385 4142 2731 4219 Ἰερουσαλὴμ
2771 4150 2862 4200 καὶ
2915 4148 3180 4212 Αἴγυπτον
3225 4143 3602 4212 πνευματικῶς
3629 4159 3758 4212 φησι
3805 4162 3913 4195 κα-

2371 4241 2596 4301 λεῖσθαι,
2645 4238 2803 4289 οἱονεὶ
2848 4236 2987 4286 κατὰ
3029 4233 3382 4300 ἀλληγορίαν·
3431 4231 3654 4299 Σόδομα,
3684 4231 3770 4282 διὰ
3809 4235 3914 4300 τὴν

727 4345 881 4387 erunt
909 4333 960 4383 iu
997 4329 1191 4382 Judaeis
1245 4329 1413 4395 ipsam
1457 4324 1918 4378 inhabitantibus:
1976 4320 2261 4389 Egyptutu

2366 4331 2485 4381 τότε
2540 4327 2822 4390 ἀσέλγειαν
2874 4326 2929 4374 ὲν
2979 4324 3112 4389 αὐτῇ
3167 4319 3434 4388 ἐσομένων
3499 4319 3761 4372 Ἰουδαίων
3816 4323 3914 4372 καὶ

730 4433 929 4484 autem,
955 4430 1205 4486 tanquam
1253 4417 1305 4469 in
1335 4416 1644 4469 servitutem
1677 4413 2001 4480 redigentem
2039 4426 2101 4463 ac
2132 4410 2270 4474 inju-

730 4518 839 4567 rias
865 4512 1174 4565 inferentem
1205 4507 1405 4562 Christi
1452 4506 1639 4571 servis,
1674 4501 2122 4573 quemadmodum
2176 4501 2265 4555 illa

729 4603 1000 4659 lsraelitis.
1981 4595 1985 4600 ’

793 4693 887 4748 Ubi
953 4703 999 4744 et
1057 4693 1306 4744 Dominus
1371 4706 1545 4743 eorum
1609 4690 1885 4756 cruciﬁxus
1943 4700 2038 4741 est.
2106 4687 2266 4757 746

730 4786 946 4846 ιέονυιιι,
983 4798 1170 4849 nempe
1198 4783 1389 4836 horum
1423 4783 1646 4836 duorum
1681 4781 1917 4834 testium.

801 4876 863 4928 Et
893 4875 1126 4926 videbunt
1166 4876 1227 4925 de
1284 4875 1502 4941 po'pulis.
1565 4872 1818 4932 Yidentes
1869 4870 2035 4923 Judaei
2078 4872 2166 4937 qui
2201 4886 2262 4922 ex

729 4966 871 5021 minui
898 4966 1033 5017 tribu
1065 4964 1131 5014 ab
1156 4962 1483 5014 Antichristo
1517 4961 1718 5014 seducti
1766 4958 1985 5020 fuerint,
2040 4958 2264 5008 occisio-

730 5072 848 5111 nem
881 5057 1107 5107 duorum
1160 5061 1448 5118 martyrum
1509 5050 1617 5102 sive
1662 5048 1895 5107 testium,
1943 5045 2265 5112 gaudebunt,

731 5161 915 5211 m-iupe
945 5143 1084 5212 quod
1118 5155 1219 5192 rex
1241 5153 1370 5190 snus
1405 5137 1585 5189 vicerit
1617 5153 1627 5187 :
1686 5150 1747 5188 ac
1778 5134 1932 5187 donis
1968 5133 2262 5201 gratulato-

730 5236 819 5285 tiis
849 5230 1070 5298 benigne
1103 5227 1328 5279 invicem
1362 5223 1622 5291 excipient
1650 5260 1663 5282 ,
1703 5233 1753 5274 et
1801 5236 2024 5288 corpora
2077 5236 2260 5273 eorum

733 5323 990 5389 insepulta
1021 5333 1231 5370 manere
1259 5315 1472 5378 lat-ient,
1506 5314 1552 5363 id
1580 5313 1629 5362 in
1665 5325 1874 5378 poenam
1914 5311 2262 5378 rependentes

731 5414 936 5462 duobus
966 5407 1249 5474 prophetis.

766 5593 773 5598 -
840 5563 878 5590 ⁸³
908 5559 1059 5609 Joan.
1086 5573 1135 5616 γ,
1156 5557 1237 5608 43.

2366 4416 2707 4481 κακοξενίαν·
2780 4411 3066 4477 Αἴγυπτον.
3135 4409 3208 4471 ὡς
3266 4409 3752 4477 καταδουλουμένην
3813 4412 3914 4463 καὶ

2363 4506 2648 4560 ἀδικοῦσαν
2707 4505 2830 4564 τοὺς
2895 4499 3126 4569 Χριστοῦ
3163 4500 3396 4564 δούλους,
3449 4501 3522 4564 ὡς
3578 4501 3753 4570 ἐκείνη
3816 4504 3914 4554 τὸν

2376 4593 2605 4662 Ἰσραήλ.

2433 4681 2610 4733 Ὅπου
2641 4679 2736 4730 καὶ
2768 4683 2799 4731 ό
2832 4678 3040 4743 Κύριος
3071 4676 3264 4728 αὐτῶν
3292 4677 3646 4743 ἐσταυρώθη.
3676 4678 3908 4746 Κύριος,

2366 4774 2470 4824 τῶν
2501 4771 2591 4821 δύο
2614 4767 2900 4837 μαρτύρων
2930 4766 3179 4831 δηλονοτι.

2434 4861 2539 4913 Kal
2587 4859 2927 4921 ,ϐλέπουσιν
2970 4855 3035 4906 ἐκ
3078 4855 3191 4905 τῶν
3225 4854 3401 4907 λαῶν.
3459 4857 3712 4926 Ὁρῶντες
3760 4859 3821 4910 δὲ
3864 4862 3912 4909 οἱ

2365 4951 2440 5018 τῷ
2518 4948 2862 5015 Ἀντιχρίστῳ
2917 4947 2979 4994 ὲκ
3048 4944 3222 5010 πάσης
3281 4945 3448 5012 φυλῆς
3505 4947 3913 5014 ἐξηπατημένοι

2378 5040 2613 5090 Ἰουδαῖοι
2663 5037 2757 5103 τὴν
2811 5032 3082 5100 ἀναίρεσιν
3127 5033 3228 5083 τῶν
3264 5033 3353 5083 δύο
3397 5035 3697 5102 μαρτύρων,
3729 5038 3912 5102 χαρή-

2371 5146 2550 5180 σονται
2582 5127 2652 5188 ὡς
2683 5124 2772 5176 τοῦ
2816 5123 2960 5188 σφῶν
2987 5122 3239 5188 βασιλέως
3281 5125 3632 5191 νενικηκότος,
3671 5126 3767 5175 καὶ
3800 5125 3910 5175 δώ-

2374 5237 2483 5285 ροις
2533 5212 2896 5285 χαριστηρῖοις
2947 5212 3278 5273 δεξιώσονται
3340 5215 3614 5283 ἀλλήλους.
3679 5215 3793 5265 Καὶ
3843 5216 3913 5264 τὰ

2371 5312 2593 5376 σώματα
2641 5305 2814 5356 αὐτῶν
2861 5304 3038 5369 arma
3089 5309 3365 5374 ποιήσουσι
3430 5308 3623 5374 μεῖναι,
3668 5303 3914 5372 ἀμοιϐήν

2371 5400 2520 5449 τοῦτο
2553 5397 2872 5464 παρέχοντες
2903 5396 3009 5454 τοῖς
3041 5395 3127 5445 δύο
3156 5398 3471 5465 προφήταις.
