4106 6334
717 317 822 382 655

1525 309 1837 370 ARETHEE
1872 309 2238 370 C/ESAREE
2276 309 2740 369 CAPPADOCUE
2778 305 3112 370 EPISCOPI

3767 308 3879 372 656

719 423 984 480 exhalatio
1031 422 1252 479 nebulas
1294 421 1606 484 constituit,
1662 436 1765 489 qua
1802 419 2140 473 exhalatione
2189 419 2240 472 in
2271 429 2314 483 Α
2344 435 2476 488 τητα
2514 421 2607 472 καὶ
2659 424 2678 472 ι

2344 435 2476 488 τητα
2514 421 2607 472 καὶ
2659 422 2724 472 δι’
2775 420 3033 487 ἀφάνειαν
3066 420 3159 472 καὶ
3184 419 3276 490 ἕλη
3298 459 3312 484 ,
3358 421 3474 486 ἦτοι
3507 418 3616 487 φῶς
3646 418 3875 489 ἡλιακὸν

723 513 956 581 pluviam
979 513 1238 576 discussa,
1277 520 1330 566 et
1357 511 1498 565 velut
1519 511 1867 563 concoctione
1901 508 2067 566 facta,
2095 508 2238 574 quod

722 615 789 655 ex
814 614 878 655 ea
899 611 1074 654 manet
1108 601 1448 669 indigestam,
1482 599 1547 651 ad
1584 597 1742 651 nubis
1769 597 1908 651 cedit
1939 598 2240 664 generatio-

2345 509 2737 577 ὲμφιλοχωρεῖ,
2771 510 2845 572 ὼς
2878 506 3015 562 εἶναι
3053 509 3213 561 οἱονεὶ
3258 508 3414 576 νέφος
3465 508 3874 577 πεφωτισμένον

2344 597 2437 648 καὶ
2461 597 2695 664 διαυγές.

722 706 846 746 netu
890 692 983 745 :in
1011 706 1116 759 qua
1143 699 1357 760 propter
1383 690 1652 742 raritatem
1705 699 1758 744 et
1811 689 2097 756 quamdam
2153 690 2553 753 obscuritatem,
2577 692 2816 745 caliditas
2848 693 3006 746 etiam
3060 691 3171 745 sive
3198 691 3382 744 solare
3415 691 3592 744 lumen
3646 690 3879 746 libenter

723 783 1058 840 immoratur,
1078 787 1136 832 ut
1159 780 1228 832 sit
1252 779 1410 833 veluti
1439 780 1625 832 nebula
1661 779 1957 832 illuminata
1989 793 2051 830 ac
2080 778 2360 843 pellucida.
3062 774 3069 783 ’

789 869 856 922 Et
880 871 1044 923 occisa
1078 881 1197 922 sunt
1228 870 1280 921 in
1333 880 1625 923 terrwmotu
1658 870 1886 922 nomina.
1936 866 2248 934 Specialiori

719 974 849 1014 usus
874 967 954 1013 est
973 959 1419 1027 promulgatione.
1453 958 1636 1027 Neque
1667 957 1810 1011 enim
1830 956 2045 1010 nomina
2072 956 2250 1009 occisa

718 1059 883 1104 sunt:
916 1048 1184 1117 quomodo
1227 1049 1369 1102 enim
1407 1047 1522 1101 ﬁeri
1557 1054 1739 1114 posset
1787 1055 1846 1099 ut
1901 1046 1954 1098 in
2001 1046 2242 1098 ordinem

719 1139 832 1193 sive
862 1126 1451 1206 aciem‘rediger‘entur,
1494 1153 1613 1205 qua:
1647 1137 1850 1204 absque
1882 1134 2134 1202 subjecta:
2177 1134 2249 1187 rei

717 1226 1065 1293 productione
1100 1235 1153 1279 et
1177 1226 1538 1293 producuntur
1565 1233 1618 1278 et
1641 1238 1760 1278 esse
1779 1222 2052 1285 desinunt,
2085 1222 2246 1274 veluti

717 1313 988 1366 declarant
1010 1314 1110 1366 viri
1135 1315 1188 1367 in
1223 1314 1306 1367 his
1338 1315 1494 1367 rebus
1537 1311 1769 1366 eruditi?
1812 1310 2249 1378 Sed'intelligen-

2418 871 2522 925 Kal
2580 871 3035 936 ἀπεκτάνθησαν
3086 871 3153 922 ὲν
3201 869 3279 932 τῷ
3314 869 3538 936 σεισμῷ
3597 868 3874 936 ὀνόματα.

2358 956 2681 1024 ’ἰδικώτερον
2735 956 2992 1024 κέχρηται
3039 958 3104 1024 τῇ
3158 955 3471 1024 ἐπαγγελίᾳ.
3526 955 3600 1008 Οὐ
3649 960 3759 1027 γάρ
3809 958 3879 1009 τὰ

2344 1044 2574 1111 ὀνόματα
2604 1045 2909 1113 ἀπεκτάνθη
2933 1062 2947 1075 ·
2998 1045 3112 1105 πῶς
3142 1044 3245 1112 γὰρ
3272 1044 3338 1095 τὰ
3384 1045 3441 1094 ἐν
3478 1043 3625 1106 τάξει
3671 1043 3879 1112 συμϐε-

2348 1131 2585 1198 ϐηκότων
2635 1133 2894 1200 κείμενα,
2943 1132 2978 1184 ἃ.
3025 1132 3189 1200 χωρὶς
3236 1132 3335 1200 τῆς
3376 1131 3470 1183 τοῦ
3517 1132 3880 1198 ὑποκειμένου

2351 1223 2551 1292 φθορᾶς
2587 1222 2791 1289 γίνεται
2824 1225 2912 1274 καὶ
2959 1224 3293 1289 ἀπογίνεται,
3339 1224 3412 1284 ὡς
3451 1225 3500 1274 oi
3549 1223 3676 1289 περὶ
3708 1222 3880 1274 ταῦτα

2348 1310 2506 1363 δεινοὶ
2560 1311 2978 1378 ὲμφανίζουσιν;
3039 1312 3148 1364 ἀλλ’
3209 1313 3425 1364 ἐκείνων
3484 1312 3880 1379 ἀναιρεθέντων

718 1402 843 1454 dum
871 1402 1166 1455 estdictum
1201 1403 1321 1465 hoc,
1351 1402 1492 1469 quod
1523 1401 1597 1454 illi
1647 1401 1756 1455 sint
1803 1397 1964 1453 occisi
1995 1398 2250 1452 adversus
2345 1399 2451 1450 τῶν
2502 1399 2620 1452 καθ’
2667 1398 2678 1450 ε

2345 1399 2451 1450 τῶν
2502 1399 2620 1452 καθ’
2667 1394 2740 1452 ὧν
2790 1400 2858 1452 τὰ
2899 1401 3132 1468 ὀνόματα
3185 1402 3451 1464 τέθειται,
3485 1402 3543 1453 τὸ
3591 1402 3883 1470 λεγόμενον

719 1503 853 1556 quos
879 1491 1090 1542 nomina
1123 1496 1245 1542 sunt
1274 1491 1466 1557 posita.

1165 1619 1325 1688 753
1360 1617 1581 1674 CAPUT
1619 1616 1828 1672 χχχιι.

2347 1486 2576 1555 νοητέον.

2817 1636 2821 1642 ·
2914 1619 3157 1671 ΚΕΦΑΛ.
3198 1618 3311 1671 ΛΒ¹.

720 1725 796 1781 De
823 1729 1039 1797 septima
1081 1729 1205 1781 tuba
1249 1738 1297 1781 et
1346 1730 1540 1781 sanctis
1581 1729 1747 1782 Deum
1788 1724 2121 1782 laudantibus
2179 1727 2242 1780 ob
2276 1724 2314 1781 Β
2343 1723 2480 1788 Περὶ
2521 1722 2626 1797 τῆς
2659 1725 2678 1776 ὲ

2343 1723 2480 1788 Περὶ
2521 1722 2626 1797 τῆς
2659 1724 2915 1797 έξὸδριιῃς⁸
2949 1727 3302 1797 arising-rec,
3338 1727 3430 1778 καί
3469 1722 3584 1797 τῶν
3622 1727 3882 1793 ὑμνούν-

1236 1797 1468 1863 futurum
1517 1799 1793 1864 iudicium.

788 1924 880 1989 XI,
911 1925 1090 1979 15-18.
1118 1923 1185 1976 Et
1241 1926 1484 1992 septimus
1515 1927 1727 1995 angelus
1770 1929 1892 1981 tuba
1949 1928 2155 1992 cecinit,
2186 1935 2236 1980 et

715 2016 868 2084 {acM
890 2025 1009 2067 sunt
1047 2030 1186 2068 voces
1225 2029 1426 2084 magna:
1453 2017 1503 2068 in
1555 2017 1698 2081 creto,
1730 2018 1952 2071 dicentes
1973 2030 1993 2068 :
2023 2013 2246 2069 Factum

714 2111 791 2158 est
820 2119 1030 2173 regnum
1064 2104 1215 2172 hujus
1248 2105 1424 2157 mundi
1458 2106 1664 2160 Domini
1694 2106 1856 2160 nostri
1882 2105 2005 2159 Jesu
2024 2104 2243 2169 Christi,

711 2201 762 2244 et
782 2191 1009 2260 regnabit
1043 2193 1094 2244 in
1134 2193 1326 2244 sarcula
1359 2196 1687 2247 surculorum.
1713 2193 1779 2245 Et
1818 2194 1995 2261 viginti
2024 2201 2246 2261 quatuor

714 2281 938 2333 seniores
970 2280 1058 2347 qui
1082 2287 1199 2332 sunt
1227 2281 1280 2332 in
1309 2291 1582 2347 conspectu
1609 2282 1779 2334 throni
1813 2282 1927 2343 Dei,
1963 2282 2049 2349 qui
2073 2281 2244 2334 sedent

716 2383 868 2434 super
888 2367 1029 2420 sedes
1059 2383 1200 2429 suas,
1233 2368 1518 2420 ceciderunt
1546 2370 1600 2420 in
1623 2369 1781 2435 facies
1804 2384 1948 2431 suas,
1983 2378 2030 2420 et
2058 2369 2246 2420 adora-

713 2467 894 2511 cerunt
916 2456 1099 2522 Deum,
1126 2459 1348 2510 dicentes
1374 2473 1390 2509 :
1412 2457 1621 2510 Gratias
1643 2459 1841 2525 agimus
1869 2457 1959 2508 tibi
1979 2494 1992 2518 ,
2024 2455 2244 2508 Domine

716 2544 851 2598 Deus
875 2546 1214 2613 omnipotens,
1235 2547 1324 2614 qui
1351 2563 1402 2599 es
1429 2555 1477 2598 et
1527 2546 1614 2613 qui
1643 2561 1779 2608 eras,
1814 2544 2058 2610 quoniam
2099 2557 2246 2595 acce-

714 2633 836 2697 pisti
856 2633 1135 2700 potentiam
1166 2641 1305 2684 tuam
1345 2649 1607 2702 magnam,
1635 2642 1682 2685 et
1705 2632 1953 2701 regnasti,
1999 2640 2046 2683 et
2079 2638 2248 2697 gentes

716 2720 998 2787 indignata;
1016 2730 1152 2773 sunt.
1185 2719 1252 2772 Et
1274 2723 1404 2773 venit
1430 2723 1510 2773 ira
1533 2731 1620 2772 tua
1643 2730 1690 2774 et
1712 2730 1906 2786 tempus
1929 2727 2246 2773 mortuorum

716 2819 773 2860 ut
783 2808 1104 2874 judicentur,
1152 2815 1200 2862 et
1252 2809 1436 2861 reddas
1476 2809 1755 2861 mercedem
1788 2808 1945 2861 servis
1998 2808 2101 2859 tuis
2130 2820 2248 2873 pro-

713 2896 877 2963 phetis
891 2906 938 2949 et
959 2899 1171 2960 sanctis,
1195 2905 1242 2950 et
1266 2899 1331 2951 iis
1361 2898 1450 2965 qui
1480 2899 1661 2950 timent
1683 2913 1863 2950 nomen
1889 2906 2053 2957 tuum,
2080 2893 2246 2963 pusil-

716 2985 781 3042 lis
801 2992 850 3037 et
868 2987 1088 3053 magnis,
1113 2997 1161 3038 et
1183 2992 1364 3052 perdas
1389 3002 1472 3040 eos
1500 2988 1585 3052 qui
1616 2987 1833 3053 perdunt
1861 2995 2073 3038 terram.

2413 1807 2528 1842 των
2556 1791 2634 1854 τῷ
2663 1791 2781 1853 Θεῷ
2820 1794 2997 1859 ἁγίων
3024 1792 3120 1843 ἐπὶ
3162 1792 3234 1860 τῇ
3266 1795 3574 1861 μελλούσῃ
3606 1791 3816 1861 κρίσει.

2414 1917 2520 1970 Kal
2549 1920 2580 1970 ὁ
2603 1917 2842 1985 ἕϐδομος
2869 1918 3118 1986 ἄγγελος
3147 1919 3456 1985 ἐσάλπισε,
3483 1921 3579 1973 καί
3605 1921 3882 1988 ἐγένοντο

2344 2004 2527 2075 φωναί
2553 2007 2803 2076 μεγάλαι
2848 2007 2917 2060 ἐν
2944 2007 3023 2072 τῷ
3071 2009 3318 2076 οὐρανῷ,
3359 2011 3643 2078 λέγουσαι
3732 2013 3884 2077 Ἐπέο

2344 2115 2477 2152 raro
2513 2101 2552 2167 ἠ
2594 2098 2878 2161 ,βασιλεία
2914 2098 3019 2150 τοῦ
3062 2099 3320 2165 κόσμου,
3366 2099 3461 2150 καὶ
3511 2097 3616 2152 τοῦ
3661 2101 3884 2167 Κυρίου

2344 2187 2509 2255 ἡμῶν
2564 2187 2762 2254 Ἰησοῦ
2803 2188 3075 2255 Χριστοῦ,
3118 2189 3590 2250 καίβασιλεύσει
3619 2193 3704 2254 εἰς
3740 2191 3884 2254 τοὺς

2344 2276 2557 2341 αίῶνας
2595 2275 2710 2329 τῶν
2739 2275 2979 2329 αιώνων.
3006 2276 3117 2338 Kal
3155 2279 3208 2329 ol
3241 2277 3715 2344 εἰκοσιτέσσαρες
3740 2293 3885 2345 πρε-

2344 2366 2634 2431 σϐύτεροι,
2682 2368 2735 2418 oi
2781 2363 3031 2417 ἐνώπιον
3069 2365 3173 2418 τοῦ
3217 2367 3428 2430 θρόνου
3461 2367 3564 2419 τοῦ
3610 2366 3792 2430 Θεοῦ,
3827 2367 3888 2419 οἳ

2345 2453 2626 2518 κάθηνται
2668 2453 2763 2506 ἐπὶ
2794 2453 2932 2517 τοὺς
2972 2455 3218 2518 θρόνους
3263 2452 3480 2515 αὐτῶν,
3525 2455 3745 2508 ἔπεσον
3784 2455 3888 2507 ἐπὶ

2346 2542 2416 2593 τὰ
2442 2543 2726 2607 πρόσωπα
2765 2542 2978 2604 αὐτῶν,
3021 2540 3117 2593 καὶ
3144 2544 3602 2608 προσεκύνησαν
3625 2542 3702 2606 τῷ
3735 2543 3882 2607 Θεῷ,

2345 2628 2650 2698 λέγοντεςυ
2691 2629 3171 2696 Εὑχαριστοῦμέν
3221 2644 3351 2689 σοι,
3399 2632 3569 2696 Κύριε
3597 2634 3630 2682 ὀ
3661 2632 3805 2694 Θεὸς
3854 2634 3890 2683 ό

2346 2717 2776 2784 παντοκράτωρ,
2820 2719 2852 2770 ό
2880 2716 2964 2769 ὢν
3001 2717 3099 2769 καὶ
3126 2721 3160 2770 δ
3201 2719 3298 2785 ἦν,
3358 2718 3444 2770 ὅτι
3489 2719 3739 2786 81.1mm;-
3767 2719 3891 2782 τὴν
3929 2758 3933 2759 ν

2346 2801 2597 2869 δύναμιν
2636 2817 2751 2855 σου
2796 2800 2909 2867 τὴν
2947 2803 3245 2870 μεγάλην,
3304 2804 3401 2856 καί
3447 2804 3884 2870 ἐϐασίλευσας,

2347 2893 2443 2945 καὶ
2473 2894 2543 2945 τὰ
2566 2891 2706 2957 ἔθνη
2748 2891 3141 2959 ὠργίσθησαν.
3170 2895 3277 2946 Kal
3313 2891 3495 2961 ἦλθεν
3516 2895 3553 2958 ὴ
3597 2895 3738 2962 ὀργή
3764 2911 3888 2949 σου

2348 2981 2444 3033 καί
2488 2983 2520 3033 ό
2567 2982 2769 3046 καιρὸς
2809 2980 2924 3033 τῶν
2953 2982 3176 3047 νεκρῶν
3214 2983 3478 3050 κριθῆναι
3521 2982 3620 3035 ναὶ
3671 2983 3890 3037 δοῦναι

717 3075 820 3126 τὸν
847 3075 1061 3142 μισθὸν
1090 3076 1209 3140 τοῖς
1236 3077 1470 3142 δούλοις
1504 3093 1617 3130 σου
1642 3079 1762 3142 τοῖς
1789 3075 2114 3143 προφήταις
2143 3075 2239 3127 xal
2269 3074 2390 3137 τοῖς
2427 3075 2610 3140 ἁγίοις
2631 3113 2645 3136 ,
2675 3074 2769 3125 καί
2820 3074 2941 3137 τοῖς
2994 3075 3374 3156 φοϐουμένοις
3410 3077 3476 3128 τὸ
3533 3076 3714 3142 ὄνομά
3741 3093 3888 3136 σου,

717 3158 839 3222 τοῖς
875 3160 1096 3226 μικροῖς
1137 3162 1232 3212 καὶ
1263 3163 1379 3225 τοῖς
1419 3165 1693 3229 μεγάλοις
1715 3203 1729 3224 ,
1775 3163 1872 3214 καὶ
1911 3161 2232 3228 διαφθεῖραι
2260 3161 2398 3224 τοὺς
2428 3160 2863 3227 διαφθείροντας
2888 3162 2998 3225 τὴν
3025 3160 3159 3228 γῆν.

793 3246 1096 3300 Buccinatio
1125 3250 1332 3316 septimi
1363 3251 1532 3316 angeli
1557 3250 1790 3303 ostendit
1813 3265 1930 3316 qua:
1958 3257 2084 3303 sunt
2128 3258 2235 3300 ter-
2263 3253 2309 3311 c
2407 3249 2486 3299 Τά
2513 3248 2610 3315 τῆς
2639 3265 2678 3316 τε

2407 3249 2486 3299 Τά
2513 3248 2610 3315 τῆς
2639 3248 2824 3316 τρίτης
2865 3250 2983 3298 οὐαὶ
3041 3249 3072 3315 η
3102 3248 3189 3298 τοῦ
3226 3249 3446 3316 ἑϐδόμου
3496 3251 3721 3315 ἀγγέλου
3754 3253 3890 3302 σάλο

720 3335 784 3389 tii
819 3333 924 3398 Vas,
955 3349 1146 3404 nempe
1185 3351 1343 3390 voces
1374 3353 1592 3405 magnas
1624 3339 1677 3389 in
1729 3337 1865 3390 caelo
1914 3347 2244 3400 resonantes,

719 3421 995 3477 decretum
1025 3438 1087 3476 ac
1134 3424 1450 3477 sententiam
1486 3425 1818 3487 inducentes,
1850 3439 1970 3477 nam
2020 3425 2120 3478 hoc
2148 3425 2246 3476 sibi

719 3511 836 3565 vult
862 3526 1044 3564 earum
1071 3511 1268 3565 dicere.
1296 3511 1429 3576 Quid
1446 3523 1526 3566 est
1555 3513 1715 3581 igitur
1745 3514 1886 3580 quod
1932 3522 2116 3567 notum
2161 3513 2250 3567 iit?

721 3595 944 3655 Factum
974 3607 1047 3650 est
1091 3615 1320 3668 regnum.
1367 3599 1584 3670 Semper
1617 3603 1846 3669 quidem,
1876 3601 2013 3656 Deus
2042 3613 2244 3672 regnat,

717 3700 894 3754 neque
932 3686 1146 3753 incepit,
1201 3702 1370 3754 neque
1411 3689 1634 3752 desinet,
1666 3691 1777 3745 sive
1828 3691 2005 3745 omnia
2050 3693 2246 3746 intelli-

722 3781 934 3842 gantur,
958 3776 1069 3828 sive
1091 3774 1352 3830 intellectu
1378 3793 1482 3830 non
1511 3780 1840 3847 attingantur
1873 3799 1884 3833 :
1913 3797 2082 3850 neque
2100 3784 2243 3836 enim

661 3888 668 3895 -
721 3873 910 3918 cuncta
940 3865 1309 3931 complectitur
1331 3867 1565 3920 humana
1597 3869 1961 3937 intelligentia,
1995 3872 2101 3924 imo
2130 3874 2245 3925 sine

723 3950 874 4005 initio
890 3960 941 4004 et
960 3951 1074 4004 sine
1103 3952 1205 4002 line
1233 3953 1602 4006 universorum
1624 3954 1881 4010 Dominus
1902 3966 1983 4010 est
1999 3959 2245 4010 domina-

726 4049 825 4092 tor.
857 4041 1117 4102 Quoniam
1150 4049 1324 4092 autem
1359 4044 1661 4097 mundanus
1701 4046 2031 4112 principatus
2058 4060 2121 4098 ac
2157 4062 2245 4099 re-

726 4139 885 4191 gnum
903 4124 1218 4191 quandoque
1237 4124 1335 4190 ipsi
1361 4127 1656 4181 ostenditur
1677 4120 1782 4181 non
1799 4130 2114 4198 subjectum,
2132 4131 2246 4184 suis

728 4213 1085 4265 intumescens
1101 4211 1423 4266 vanitatibus
1447 4230 1459 4265 :
1481 4213 1606 4267 hinc
1638 4223 1816 4268 autem
1841 4218 2044 4272 accedit
2061 4233 2246 4272 corru-

727 4299 896 4367 ptibili
917 4298 1041 4352 huic
1062 4298 1261 4352 mundo
1282 4299 1439 4354 veluti
1460 4316 1553 4370 per
1569 4304 1833 4357 somnium
1847 4305 2014 4374 gloria
2038 4307 2102 4360 ad
2126 4322 2245 4375 per-

728 4388 1005 4452 ditionem,
1031 4387 1156 4441 dum
1186 4389 1500 4456 quatiuntur
1533 4405 1595 4445 ac
1627 4375 2040 4461 compescuntur
2074 4397 2126 4450 hi
2152 4398 2241 4464 qui

728 4493 889 4546 super
934 4487 1128 4531 terram
1171 4488 1393 4547 regnant
1437 4495 1502 4533 ac
1546 4482 1877 4549 tyrannidem
1919 4494 2103 4551 agunt,
2136 4500 2243 4539 non

726 4576 903 4620 tamen
927 4582 1069 4630 vere,
1086 4569 1174 4622 sed
1199 4569 1359 4623 veluti
1381 4584 1473 4636 per
1490 4573 1764 4640 speculum
1784 4587 1846 4626 ac
1869 4574 2243 4629 simulacrum:

727 4657 874 4708 solus
917 4657 963 4709 is
995 4659 1087 4723 qui
1122 4672 1244 4712 vere
1279 4657 1416 4712 Deus
1461 4675 1523 4714 ac
1567 4677 1659 4714 rex
1689 4671 1769 4715 est
1805 4673 2059 4730 perpetuo
2097 4665 2243 4731 prin-

727 4744 904 4812 cipatu
953 4757 1015 4795 ac
1047 4749 1309 4810 potentia,
1345 4747 1502 4815 749
1533 4749 1709 4802 dictus
1771 4758 1853 4804 est
1891 4752 2240 4820 principatum

730 4841 912 4883 tenere
961 4843 1024 4882 ac
1061 4845 1279 4897 regnare
1326 4833 1377 4884 in
1412 4835 1623 4887 saecula.

794 4917 1096 4971 Ceciderunt
1140 4921 1193 4970 in
1222 4919 1378 4986 facies
1421 4936 1560 4973 suas.
1597 4923 1855 4986 Quoniam
1902 4940 2056 4980 casus
2080 4928 2238 4982 etiam

727 5003 988 5072 signiﬁcat
1021 5004 1285 5073 vulgarem
1317 5007 1552 5073 corporis
1580 5008 1978 5076 dispositionem
1999 5051 2014 5075 ,
2045 5028 2112 5065 ne
2142 5015 2242 5069 hoc

726 5093 1092 5160 suspicareris,
1127 5094 1400 5161 subiunxit
1433 5112 1448 5146 ε
1491 5097 1544 5148 in
1576 5097 1733 5163 facies
1762 5114 1882 5152 suas
1905 5114 1924 5152 :
1950 5100 2039 5168 qui
2074 5103 2241 5156 honor

725 5180 874 5233 debet
907 5181 1047 5234 heris
1079 5182 1240 5235 tribui
1279 5183 1455 5238 abhis
1488 5185 1576 5253 qui
1614 5186 1818 5239 minimi
1872 5199 1994 5242 sunt
2014 5204 2075 5243 ac
2105 5190 2239 5244 infe-

728 5268 889 5323 riores
917 5271 969 5323 in
1001 5273 1219 5326 honore.

2350 3352 2498 3397 πισις
2527 3337 2764 3403 παριστᾷ
2787 3373 2802 3398 ,
2833 3337 3012 3402 φωνὰς
3061 3337 3296 3404 μεγάλας
3325 3340 3381 3388 ὲν
3413 3337 3622 3405 οὐρανῷ
3665 3340 3888 3407 ὲξηχουο

2352 3426 2514 3494 μένας
2533 3464 2546 3488 ,
2575 3425 2803 3490 δήλωσιν
2833 3424 3175 3490 ὲμποιούσας.
3219 3423 3260 3475 Τ
3263 3417 3384 3476 οὗτο
3409 3426 3514 3494 γὰρ
3547 3424 3787 3491 βούλεται
3823 3430 3888 3480 τὸ

2347 3516 2544 3581 λέγειν.
2583 3517 2646 3567 Τί
2673 3512 2763 3567 οὖν
2800 3516 2858 3566 τὸ
2890 3511 3883 3582 δηλούμενον;Ἑγένετοή,ϐασιλε(α.

2360 3606 2467 3657 Ἀεὶ
2517 3606 2614 3674 μὲν
2656 3606 2684 3658 ὁ
2733 3606 2861 3667 Θεὸς
2893 3606 3190 3674 βασιλεύει,
3235 3605 3356 3656 οὔτε
3389 3604 3719 3672 ἀρξάμενος,
3749 3605 3886 3658 οὔτε

2347 3697 2709 3764 παυσάμενος,
2747 3695 3044 3763 νοουμένων
3089 3711 3145 3745 τε
3183 3695 3393 3745 πάντων
3431 3693 3522 3744 καὶ
3547 3694 3887 3760 ἀνεννοήτων

2347 3784 2446 3848 (ὅτι
2484 3784 2614 3852 μηδὲ
2646 3785 2856 3836 πάντων
2886 3788 2918 3850 ἡ
2964 3783 3271 3850 ἀνθρωπίνη
3317 3783 3721 3850 περιδρὰττεται
3749 3783 3886 3852 νόη-

2351 3874 2487 3938 σις),
2520 3872 2649 3924 ἀλλά
2679 3873 2772 3924 καὶ
2801 3873 3046 3941 ἀνάρχως
3074 3875 3164 3924 καὶ
3191 3874 3554 3938 άτελευτήτως
3584 3873 3697 3924 ἐστὶ
3735 3875 3887 3926 πάν-

2345 3975 2449 4008 των
2475 3959 2669 4024 Κύριος
2698 3962 2725 4009 ὁ
2753 3961 3042 4026 Δεσπότης.
3080 3960 3290 4025 Ἐπειδὴ
3319 3959 3374 4010 δὲ
3404 3960 3434 4025 ἡ
3469 3958 3702 4025 κοσμικὴ
3732 3962 3887 4031 ἀρχὴ

2349 4046 2439 4096 καὶ
2473 4045 2712 4111 βασιλεία
2759 4046 2870 4097 ἔσθ’
2913 4049 3000 4097 ὅτε
3050 4047 3110 4096 τὸ
3161 4046 3525 4098 ἀνυπότακτον
3567 4046 3888 4110 ἐπεδείξατο

2347 4132 2494 4200 αὑτῷ
2539 4134 2758 4193 οἰκείαις
2804 4135 3122 4200 ματαιότησι
3163 4132 3560 4200 κορυφουμένη,
3599 4128 3699 4203 ἧκε
3735 4132 3793 4186 δὲ
3819 4137 3889 4190 τὺ

2343 4220 2449 4271 ἀπὸ
2497 4220 2681 4270 τούτου
2737 4220 3122 4286 ὀνειρώττουσα.
3169 4219 3290 4280 δόξα
3346 4219 3421 4285 τῷ
3475 4218 3651 4289 θνητῷ
3701 4223 3888 4293 τούτῳ

2346 4311 2529 4376 κόσμῳ
2559 4309 2689 4376 πρὸς
2720 4308 2941 4375 φθορὰν,
2968 4308 3228 4360 λυθέντων
3260 4309 3351 4362 καὶ
3380 4313 3734 4378 παυσαμένων
3763 4315 3887 4366 τῶν

2344 4399 2433 4448 ἐπὶ
2464 4397 2564 4465 γῆς
2603 4398 2985 4464 βασιλευόντων
3027 4398 3119 4449 καὶ
3150 4399 3546 4464 τυραννούντων
3589 4401 3686 4452 οὐκ
3730 4401 3878 4471 ἀλη-

2349 4486 2453 4546 θῶς
2482 4486 2614 4554 (55),
2661 4486 2772 4538 ἀλλ’
2813 4489 2868 4537 ἐν
2896 4485 3139 4553 ἐσόπτρῳ
3167 4502 3224 4536 τε
3257 4487 3347 4537 καὶ
3381 4486 3670 4553 ίνδάλματι,
3715 4491 3886 4552 μόνος

2278 4537 2320 4591 D
2348 4573 2375 4624 ὁ
2400 4537 2613 4639 ﬁam;
2650 4573 2777 4632 θεὸς
2808 4573 2900 4624 καὶ
2929 4537 3171 4639 βασιλευς
3204 4574 3418 4634 κρατεῖν
3451 4537 3541 4623 καί
3575 4537 3887 4640 βασιλεύειν

2347 4663 2424 4724 εἰς
2469 4663 2588 4722 τοὺς
2639 4661 2836 4722 αίῶνας
2887 4659 3146 4726 ἀδιαδόχῳ
3179 4659 3365 4728 κράτει
3398 4661 3488 4712 καὶ
3535 4661 3743 4731 ἐξουσίᾳ
3797 4666 3885 4716 ετ.

2349 4767 2532 4820 ρηταικ

2421 4929 2681 4980 Ἔπεσον
2710 4928 2805 4980 ἐπὶ
2853 4928 2921 4979 τὰ
2964 4926 3246 4991 πρόσωπα
3297 4925 3507 4979 αὐτῶν.
3574 4925 3789 4994 Ἐπειδὴ
3840 4928 3879 4995 ἠ

2345 5017 2542 5078 πτῶσις
2593 5020 2684 5066 κει)⁸
2737 5015 2833 5081 τὴν
2886 5014 3063 5075 ἁπλῶς
3102 5013 3313 5075 κάθεξιν
3368 5014 3634 5082 σημαίνει,
3670 5013 3751 5065 ινα
3797 5017 3884 5081 μὴ

2340 5105 2494 5155 τοῦτο
2552 5103 2916 5170 ὑποληφθείη,
2978 5103 3282 5170 ἐπήγαγεν,
3333 5103 3428 5155 ἐπὶ
3472 5102 3542 5155 τὰ
3582 5102 3885 5168 πρόσωπα

2342 5191 2581 5258 ἑαυτῶν,
2628 5195 2759 5256 ὅπερ
2790 5195 2853 5258 τῇ
2887 5194 3179 5260 Δεσποτικῇ
3213 5193 3544 5258 ὲποφείλεται
3576 5189 3722 5258 παρά
3753 5189 3881 5243 τῶν

2346 5282 2737 5349 ὑποδεεστέρων
2763 5283 2912 5349 τιμῇ.

796 5441 904 5526 (3:5)
1086 5447 1300 5516 φθορὰν,
1328 5449 1463 5502 κατὰ
1491 5450 1963 5521 τῶνσαλευθέντων
1995 5463 2082 5507 καὶ
2120 5458 2476 5524 παυσαμένων
2519 5458 2621 5509 τῶν
2662 5459 2750 5511 ἐπὶ
2807 5458 2906 5525 γῆς
2942 5458 3321 5526 βασιλευόντων
3348 5461 3439 5513 καὶ
3470 5454 3884 5526 τυραννούντων

729 5509 823 5563 οὐκ
844 5509 1067 5578 ἀληθῶς.
