4106 6334
225 325 318 388 657
1257 336 1630 395 COMMENT.
1671 335 1751 395 IN
1788 330 2318 399 APOCALYPSIN.‘
3256 337 3360 400 658

296 435 398 490 Καὶ
428 432 612 505 ἦλθεν
645 442 682 508 ἡ
718 441 861 509 ὀργῆ
889 456 1025 497 σου.
1054 443 1247 507 Πολλὰ,
1288 445 1441 512 φησι,
1485 443 1750 513 μακροθυ-
1777 447 1821 503 Δ
1916 488 1917 493 η

1739 473 1750 482 -
1777 447 1821 503 Α
1916 440 1983 495 Et
2001 445 2131 496 venit
2147 445 2227 496 ira
2259 453 2369 498 tua.
2402 445 2535 499 Cum
2569 445 2827 502 hactenus
2859 461 2979 501 cum
3008 446 3090 500 his
3115 446 3205 515 qui
3235 447 3360 500 olim

234 527 398 591 μήσας
446 527 524 579 ἔτι
553 531 661 591 τοῖς
709 531 897 595 πάλαι¹,
947 533 1067 585 ἐπεὶ
1120 532 1281 602 μηδὲν
1332 534 1610 585 ἀπώναντο
1654 534 1749 600 τῆς
1848 534 1855 583 1

1738 548 1749 592 ;
1848 529 2068 584 fuerunt
2098 532 2386 599 plurimum
2414 542 2713 590 remoratus
2737 537 2901 590 tueris
2926 553 2940 589 :
2978 537 3029 589 in
3051 536 3194 589 nullo
3220 536 3359 588 enitn

233 614 584 682 κρηστύτητός
631 633 743 682 σου,
797 618 891 672 νῦν
924 620 1064 673 κατά
1104 621 1290 689 καιρὸν
1333 617 1513 689 ἦλθες.
1548 621 1749 690 Καιρὸν
1847 630 1854 671 1

1740 639 1749 670 ι
1847 628 1937 673 tua
1978 621 2123 675 fruiti
2150 630 2277 674 sunt
2312 622 2547 677 bonitate
2574 640 2587 675 :
2614 639 2757 677 nunc
2802 634 3101 693 Opportune
3153 624 3361 677 venisti.

230 701 275 752 6i
305 702 410 753 τῶν
434 705 637 773 νεκρῶν
674 707 764 760 τὸν
804 710 901 777 τῆς
940 710 1275 778 παγκοσμίου
1310 710 1469 779 φησιν
1521 710 1749 763 ἀναστά-
1850 710 1851 724 ¹

1746 738 1749 747 ι
1850 706 2081 776 Tempus
2113 716 2287 761 autem
2320 714 2648 761 mortuorum
2667 710 2797 764 dicit
2825 720 3032 779 tempus
3056 710 3367 764 universalis

233 803 381 850 σεως,
415 790 472 841 ιν
500 784 545 857 ᾧ
587 794 797 863 ἑκάστῳ
842 798 1187 865 καταλλήλως
1218 797 1594 867 δοθήσεταιτά
1631 798 1750 850 επί-
1848 811 1854 847 ι

1747 827 1750 838 ι
1848 796 2287 858 resurrectionis,
2328 796 2380 847 in
2427 810 2532 863 quo
2561 798 2848 865 unicuique
2876 799 3243 852 convenientia
3277 799 3368 851 da-

232 892 399 945 χειρα.
454 880 549 940 Διά
594 880 652 933 δὲ
680 883 787 935 τῶν
817 886 1126 952 προφητῶν,
1172 887 1263 937 καὶ
1299 885 1405 937 τῶν
1432 885 1627 951 ἁγίων,
1661 886 1754 937 καὶ
1848 884 1853 937 ἶ

1750 922 1754 934 ,
1848 884 2047 937 buntur
2074 884 2306 951 praemia.
2330 882 2430 935 Per
2456 883 2739 950 prophetas
2763 893 2937 939 autem
2982 896 3034 938 et
3063 895 3277 939 sanctos
3308 899 3371 937 ac

234 964 332 1016 τῶν
359 968 724 1036 ἴφοϐουμένων
754 972 843 1023 τὸν
870 973 1019 1036 Θεὸν,
1058 974 1124 1027 τά
1148 973 1273 1043 τρία
1300 975 1550 1043 τάγματα
1574 975 1680 1026 τῶν
1710 973 1750 1043 ρ’
1852 984 1855 1017 l

1852 972 2099 1024 timentes
2132 971 2315 1034 Deum,
2347 971 2591 1039 intelligit
2620 978 2729 1023 tres
2766 972 2979 1027 ordines
3010 973 3221 1026 illorum
3245 988 3372 1026 cen-

235 1054 318 1103 καὶ
364 1052 429 1115 ξ’,
479 1055 571 1108 καὶ
615 1058 890 1125 τεσσάρων
929 1060 1408 1130 καρποφορούντων
1455 1062 1607 1129 φησὶ,
1655 1061 1752 1129 τῆς
1853 1072 1856 1109 l

1749 1078 1752 1118 :
1853 1068 1962 1113 tum
1991 1059 2255 1128 octoginta
2297 1068 2526 1125 quatuor
2573 1059 2797 1111 millium
2849 1060 2938 1127 qui
2981 1061 3089 1114 Deo
3137 1060 3370 1115 fructum

236 1142 451 1211 πρώτης
500 1145 700 1211 λήξεως
754 1147 859 1199 τῶν
911 1150 1216 1202 ἀποστόλων
1258 1150 1606 1218 ἀξιουμένων,
1662 1150 1753 1202 καὶ
1851 1169 1857 1203 :

1751 1187 1753 1196 ι
1851 1150 2079 1204 aﬂ‘erunt
2109 1168 2122 1202 :
2149 1164 2335 1217 nempe
2386 1148 2746 1216 apostolorum
2789 1148 2879 1215 qui
2931 1147 3075 1216 digni
3111 1148 3372 1202 habentur

236 1229 322 1294 τῆς
382 1231 473 1281 ἐπὶ
514 1231 713 1283 δώδεκα
760 1234 961 1302 θρόνων
1012 1236 1284 1305 ἱδρύσεως.
1350 1237 1617 1299 Ὡσαύτως
1662 1237 1754 1289 καὶ
1850 1256 1857 1308 ]

1750 1274 1754 1287 ,
1850 1241 2020 1308 prima
2066 1248 2242 1303 sorte,
2292 1247 2344 1292 et
2374 1248 2429 1291 ut
2458 1239 2854 1291 constituantur
2886 1250 3046 1303 super
3090 1237 3371 1289 duodecim

235 1317 352 1377 τοὺς
405 1320 685 1386 προφήτας
730 1324 959 1389 μάλιστα
1008 1325 1133 1389 τοὺς
1186 1327 1586 1390 ὑπολυσσώσαις
1636 1330 1752 1380 κατ’
1852 1351 1856 1383 :

1751 1339 1752 1342 ‘
1852 1332 2025 1384 sedes.
2054 1329 2308 1383 Similiter
2351 1337 2404 1383 et
2452 1328 2735 1396 prophetas
2768 1326 3100 1394 potissimum
3124 1325 3251 1378 dicit
3279 1339 3372 1378 eos

237 1408 403 1459 αὐτῶν
448 1411 705 1477 βασιλέων
742 1418 1025 1484 τιμωρίαις
1064 1419 1474 1488 ὑποϐληθέντας.
1514 1420 1754 1488 Μικροὺς
1853 1444 1858 1467 ι

1753 1441 1754 1444 η
1853 1422 1943 1488 qui
1964 1421 2214 1474 immania
2246 1420 2813 1486 sustinueruntregum
2844 1418 3096 1471 ad\ersus
3132 1432 3191 1471 se
3220 1430 3374 1469 exas-

236 1494 287 1545 δὲ
317 1498 409 1547 καὶ
456 1500 734 1566 μεγάλους.
766 1505 1026 1573 Μικροὺς,
1064 1507 1189 1569 τοὺς
1229 1505 1387 1578 ἦττον
1415 1509 1618 1575 ἁγίους,
1661 1526 1755 1575 με·
1855 1525 1857 1576 j

1753 1540 1755 1548 ι
1855 1518 2159 1577 peratorum
2199 1507 2475 1575 supplicia.
2522 1506 2755 1560 Pusillos
2796 1519 2923 1558 vero
2972 1504 3101 1557 dicit
3140 1504 3374 1556 minores

239 1583 448 1648 γάλους,
486 1588 610 1649 τοὺς
662 1590 856 1657 μᾶλλον
908 1594 1263 1664 ὑπερέχοντας
1290 1597 1551 1665 ἁγιότητι.
1608 1598 1758 1649 Ἐπεὶ
1857 1619 1860 1650 :

1756 1634 1758 1646 μ
1857 1609 2092 1661 sanctos,
2125 1612 2349 1665 magnos
2383 1604 2559 1647 autem
2610 1594 2701 1662 qui
2745 1594 2932 1660 majori
2978 1593 3377 1659 praecellueruut

237 1668 287 1720 δὲ
311 1670 481 1735 διττὸς
520 1675 547 1724 ό
595 1676 773 1743 φόϐος,
824 1680 851 1731 ό
881 1680 978 1747 μὲν
1004 1684 1485 1751 προκαταρκταὸς,
1532 1686 1559 1734 ό
1584 1684 1638 1734 δὲ
1678 1700 1758 1735 τεο
1792 1732 1831 1751 η

1756 1714 1831 1751 ·.,
1861 1689 2161 1743 sanctitate.
2225 1684 2414 1738 Verum
2465 1686 2587 1751 quia
2642 1683 2834 1749 duplex
2890 1688 2972 1734 est
3007 1680 3186 1743 timor,
3240 1692 3377 1734 unus

239 1757 527 1823 λειωτικδς,
564 1766 772 1818 καὶτοῦ
805 1770 902 1836 μὲν
947 1773 1412 1841 προκαταρκτικοῦ
1469 1776 1576 1834 τοῖς
1611 1772 1759 1824 οὔπω
1792 1732 1832 1787 Β

1758 1804 1759 1811 ι
1792 1732 1832 1787 Β
1860 1776 2075 1843 quidem
2112 1772 2332 1826 initialis
2362 1779 2415 1824 et
2459 1732 2591 1823 alter
2623 1770 3075 1823 eonsummativus
3108 1785 3120 1818 :
3162 1766 3379 1819 initialis

240 1848 330 1916 τὴν
358 1849 601 1904 ἀθώωσιν
634 1855 874 1923 εἰληφόσι
902 1859 1164 1922 συνόντος,
1219 1861 1311 1913 τοῦ
1340 1862 1675 1912 τελειωτικοῦ
1705 1862 1759 1913 δὲ
1860 1896 1861 1899 η

1756 1883 1759 1909 ι
1860 1874 1945 1919 est
1974 1879 2160 1918 eorum
2187 1862 2278 1930 qui
2312 1861 2546 1914 nondum
2586 1870 2899 1926 acceperunt
2948 1868 3006 1911 ut
3042 1858 3258 1925 impune
3287 1870 3377 1908 au-

239 1938 343 1997 τοῖς
381 1940 481 2007 ἠδη
526 1943 628 1993 ὑπὸ
675 1944 805 1995 Θεοῦ
862 1948 1290 2015 ἀνειλημμένοις,
1324 1944 1403 2009 οἷς
1430 1951 1521 2000 καὶ
1548 1950 1635 2001 διὰ
1667 1951 1761 2015 φό-

1758 1981 1761 1989 π
1863 1952 2048 2005 derent
2080 1952 2332 2003 accedere
2363 1967 2376 2000 :
2422 1947 2685 2014 perfectus
2718 1962 2844 1999 vero
2885 1961 3069 1999 eorum
3098 1945 3188 2014 qui
3214 1946 3323 2013 jam
3350 1958 3379 1997 a

241 2022 328 2075 ϐου
362 2026 448 2078 ἀεὶ
478 2029 537 2079 τὸ
566 2031 638 2099 μή
672 2049 723 2083 τι
753 2033 929 2094 αὐτοῖς
964 2036 1122 2097 ἐνδεῖ,
1150 2036 1209 2087 δν
1239 2036 1379 2098 εἰκὸς
1407 2037 1615 2088 ὑπεῖναι
1654 2041 1762 2099 τοῖς

1864 2040 1972 2091 Deo
2000 2038 2260 2103 assumpti
2290 2044 2440 2097 sunt,
2480 2035 2571 2101 qui
2611 2036 2771 2087 etiam
2805 2049 3010 2100 semper
3035 2044 3286 2087 verentur
3318 2047 3383 2085 ne

242 2114 438 2182 σφόδρα
461 2117 758 2182 ἀγαπῶσινς
789 2123 885 2172 οὐκ
914 2123 1240 2190 ἀποϐλητέον
1264 2120 1412 2189 οἶμαι
1437 2125 1497 2175 τὸ
1526 2126 1630 2175 ἀπὸ
1658 2126 1763 2176 τῶν

1761 2145 1763 2162 ι
1863 2128 1990 2193 quid
2014 2127 2115 2179 sibi
2144 2124 2480 2178 desiteorum
2504 2138 2620 2190 qua:
2641 2123 2791 2177 decet
2813 2137 2927 2176 esse
2967 2125 3016 2174 in
3066 2124 3149 2177 his
3177 2122 3268 2191 qui
3295 2136 3382 2175 ve—

243 2201 403 2265 ἀγίων
436 2204 797 2274 ὑποπαλῆναι
836 2212 957 2270 τοὺς
994 2211 1374 2278 φοϐουμένους,
1406 2212 1481 2272 ὡς
1510 2213 1617 2263 τῶν
1668 2215 1763 2279 μὲν

1760 2232 1763 2252 ’
1864 2217 2137 2269 hementer
2160 2223 2360 2266 amant.
2386 2212 2499 2265 Non
2521 2213 2708 2279 opinor
2731 2211 3074 2278 rejiciendum
3096 2225 3215 2263 esse
3239 2212 3381 2277 quod

246 2289 449 2356 μικρῶν
478 2293 553 2360 τῷ
598 2295 706 2347 ὄντι
738 2298 885 2366 φόϐῳ
921 2300 1267 2366 ἐνεχομένων,
1297 2299 1403 2352 τῶν
1429 2301 1485 2352 δὲ
1518 2301 1764 2369 μεγάλων
1863 2320 1867 2351 :

1762 2324 1764 2335 ι
1863 2316 1893 2353 a
1925 2286 2124 2353 Sanctis
2168 2300 2395 2365 separati
2461 2299 2568 2351 sint
2616 2298 2653 2349 ii
2704 2298 2794 2365 qui
2836 2297 3065 2350 timent:
3096 2298 3247 2365 quasi
3288 2313 3383 2364 pu-

243 2376 287 2425 οἳ
309 2375 489 2445 εχουσι
515 2381 574 2433 τὸ
598 2382 844 2452 θαρρεῖν,
877 2386 1059 2454 ὥσπερ
1092 2388 1319 2455 εἴρηται,
1356 2392 1447 2440 καὶ
1476 2389 1549 2455 τῷ
1578 2390 1764 2459 θάρρει

1760 2428 1764 2440 .
1864 2389 1969 2441 silli
1993 2388 2100 2441 sint
2122 2387 2211 2453 qui
2243 2401 2366 2439 vero
2398 2386 2587 2437 timore
2619 2392 2867 2436 tenentur
2889 2424 2901 2445 ,
2945 2385 3119 2451 magni
3140 2398 3266 2436 vero
3289 2385 3381 2451 qui

243 2467 326 2517 τὸν
359 2470 518 2534 φόϐον
564 2480 949 2543 παρομαρτεῖν.
1000 2477 1305 2545 Ἐκατέροις
1334 2480 1505 2530 τοίνυν
1535 2482 1562 2531 ό
1608 2481 1765 2547 φόϐος

1761 2498 1765 2537 ;
1866 2473 2390 2542 possuntgcontidere
2430 2472 2566 2525 sicut
2591 2472 2791 2524 dictum
2824 2480 2935 2534 est,
2970 2485 3031 2524 ac
3065 2471 3382 2524 confidentia

241 2555 321 2608 διά
354 2558 447 2626 τὴν
478 2562 754 2616 ἀντίδοσιντ
780 2565 878 2634 τὴν
933 2568 1062 2635 πρὸς
1094 2568 1245 2630 ἀξίαν
1287 2568 1392 2620 τῶν
1427 2569 1766 2637 βεϐιωμένων

1765 2598 1766 2603 η
1870 2565 2113 2616 timorem
2149 2561 2417 2614 comitari.
2448 2560 2698 2625 Utrisque
2742 2562 2899 2626 igitur
2930 2562 3176 2614 convenit
3226 2561 3386 2615 timor

245 2647 333 2695 καὶ
364 2647 459 2715 τὴν
484 2650 841 2719 ἀντιμισθίαν,
876 2658 984 2717 τοῖς
1027 2656 1124 2721 μὲν
1157 2658 1426 2723 μεγάλοις,
1458 2659 1585 2709 αὐτὸ
1615 2659 1768 2710 τοῦτο

1767 2689 1768 2700 χ
1867 2652 1934 2703 ob
1963 2651 2361 2704 retributionem
2389 2665 2508 2717 qum
2540 2650 2597 2701 ﬁt
2638 2650 2787 2716 juxta
2822 2651 3034 2720 dignam
3062 2669 3243 2707 eorum
3270 2667 3388 2721 quae

247 2734 318 2804 μὴ
348 2738 665 2793 πεποιθένατ
688 2743 889 2809 ἑαυτοῖς
922 2748 1209 2815 προσεῖναι
1226 2746 1594 2809 τὲνὼθελλιπὲς
1616 2788 1627 2804 ς
1658 2751 1767 2812 τοῖς

1868 2739 2052 2794 invita
2112 2748 2324 2807 peracta
2395 2746 2521 2790 sunt
2580 2743 3055 2795 remunerationem
3111 2758 3124 2791 :
3182 2738 3388 2807 magnjs

247 2830 455 2893 μικροῖς
481 2829 537 2880 δὲ
561 2832 939 2895 ἀνενδοιάστως
969 2837 1333 2903 ἐλπιζομένοις
1368 2837 1649 2900 σώζεσθαι,
1677 2842 1769 2891 καὶ
1867 2861 1868 2868 η

1768 2876 1769 2885 χ
1867 2830 2105 2897 quidem,
2134 2825 2274 2896 quod
2302 2841 2404 2881 non
2447 2826 2576 2881 satis
2605 2829 2767 2881 lidant
2793 2830 2891 2881 hoc
2921 2833 3091 2896 ipsum
3128 2828 3229 2881 sibi
3261 2842 3389 2881 can-

242 2914 329 2964 ὅτε
354 2916 477 2977 τοὺς
497 2918 586 2968 τοῦ
613 2919 742 2971 Θεοῦ
769 2924 982 2986 δούλους
1000 2926 1290 2977 ὑπέϐαλλον
1314 2927 1539 2992 ἀπηνέσι
1562 2929 1763 2987 κακοῖς,

1869 2918 2071 2985 tingere
2117 2919 2316 2984 absque
2348 2917 2555 2970 defectu
2587 2936 2598 2969 :
2628 2918 2832 2984 pusillis
2858 2933 3016 2980 vero,
3054 2919 3195 2984 quod
3242 2926 3388 2971 certo

245 3003 335 3098 καὶ
366 2997 453 3098 οἷς
480 3004 655 3098 ξλλοις
696 3011 914 3073 ἀτόποις
967 3012 1141 3064 αὐτῶν
1176 3012 1351 3080 ἔργοις
1401 3015 1624 3081 ἐμίαναν
1669 3014 1766 3073 τὴν
1794 3042 1836 3098 ο

1794 3042 1836 3098 C
1871 3014 2084 3073 sperent
2103 3019 2159 3057 se
2177 3005 2459 3057 salvaudos
2480 3004 2635 3055 etiam
2668 3004 2795 3055 dttm
2819 3018 3003 3057 servos
3034 3004 3123 3057 Dei
3142 3006 3388 3071 gravibu

244 3088 343 3156 γῆν
371 3091 463 3142 καὶ
488 3092 811 3165 διέφθειραν.
1798 3088 1835 3098 ψ

1798 3088 1835 3098 “’
1870 3094 2172 3147 alIlixerunt
2237 3093 2426 3156 malis,
2508 3095 2715 3158 aliaque
2770 3092 2999 3144 absurda
3049 3100 3389 3157 patraverunt

1606 3231 1613 3237 .
1869 3200 2055 3253 opera,
2071 3184 2698 3253 quibuswnspurcarunt
2722 3191 3147 3251 accorruperunt
3165 3191 3384 3236 terram.

811 3293 1051 3345 ΚΕΦΛΛ.
1090 3292 1205 3348 ΛΓ.
2282 3295 2432 3363 750

2282 3295 2439 3363 750
2481 3293 2703 3348 CAPUT
2736 3293 2973 3349 XXXIII.

246 3417 379 3467 Περὶ
424 3417 539 3468 τῶν
576 3419 838 3499 διωπμρν
874 3420 982 3499 τῇς
1024 3424 1535 3499 'Eicletjal'ac_15)r
1572 3429 1771 3495 προτέ-

1767 3459 1771 3467 ·
1876 3432 1945 3485 De
1972 3430 2227 3499 prioribus
2277 3426 2513 3499 Ecclesia:
2555 3426 3010 3499 persecutionibus,
3051 3437 3097 3479 et
3149 3426 3211 3477 iis
3278 3441 3388 3493 quae

433 3502 577 3550 ρων,
620 3488 714 3539 καὶ
743 3489 857 3540 τῶν
890 3490 988 3541 ἐπὶ
1020 3490 1121 3543 τοῦ
1166 3493 1577 3559 Ἀντιχρίστου.
1610 3488 1625 3495 ’
1972 3488 1981 3499 ’

1328 3494 1577 3559 ιρίστου.
1610 3488 1625 3495 ⁷
1972 3488 1981 3499 ’
2327 3496 2419 3547 sub
2468 3488 2779 3546 Antichristo
2808 3494 2949 3560 ﬁent.

310 3616 419 3666 Καὶ
464 3616 707 3683 ἠνοίχθη
750 3621 783 3669 ό
808 3619 1046 3689 ναὸςρέν
1082 3620 1161 3683 τῷ
1188 3623 1431 3687 οὐρανῷ,
1483 3626 1576 3677 καί
1609 3626 1770 3693 ὤφθη

1768 3651 1770 3664 γ
1941 3630 2027 3690 XI,
2072 3629 2150 3680 19.
2184 3626 2245 3676 Et
2278 3633 2507 3689 apertum
2533 3630 2608 3673 est
2664 3620 2903 3687 templum
2935 3620 3025 3672 Dei
3073 3621 3126 3671 in
3176 3620 3318 3679 caelo,
3342 3627 3389 3669 et

244 3701 279 3764 ἡ
314 3705 553 3766 κιϐωτὸς
593 3705 699 3770 τῆς
729 3707 1009 3771 διαθήκης
1052 3709 1154 3760 τοῦ
1181 3712 1395 3774 Kvplov
1430 3714 1498 3763 ἐν
1536 3714 1613 3776 τῷ
1650 3715 1771 3777 ναῷ

1769 3744 1771 3759 ι
1872 3719 2109 3786 apparuit
2134 3732 2257 3767 arca
2288 3710 2585 3766 testamenti.
2636 3708 2837 3760 Domini
2870 3710 2921 3761 in
2971 3708 3152 3774 templo
3179 3724 3289 3759 suo.
3328 3707 3390 3758 Et

244 3789 446 3841 αὑτοῦ.
494 3790 599 3843 Καὶ
646 3791 915 3858 ἐγένοντο
964 3795 1257 3859 ἀστραπαὶ
1310 3800 1403 3869 xui
1445 3802 1627 3863 φωναὶ
1672 3804 1770 3853 καὶ

1871 3810 2013 3873 facta
2050 3796 2171 3855 sunt
2208 3803 2415 3868 fulgura
2468 3807 2517 3849 et
2558 3811 2695 3848 voces
2725 3812 2786 3846 ac
2836 3798 3062 3847 tonitrua
3116 3805 3163 3848 et
3196 3796 3391 3862 grando

240 3878 507 3941 βρονταί,
537 3878 630 3931 καὶ
653 3879 873 3947 χάλαζα
894 3881 1142 3946 μεγάλη.
1870 3910 2073 3960 magna.

313 3968 471 4019 Μετά
504 3968 598 4034 τὴν
647 3970 1056 4039 εὐχαριπήριον
1084 3971 1239 4033 δόξαν
1268 3971 1372 4023 τῶν
1411 3973 1650 4039 ἀγγέλων
1682 3976 1773 4026 καὶ

1769 4012 1773 4024 π
1938 3982 2063 4035 Post
2090 3980 2380 4047 gratiarum
2408 3980 2670 4031 actionem
2726 3983 2779 4029 et
2820 3974 3040 4042 gloriam
3100 3971 3278 4023 datam
3325 3971 3390 4021 ab

246 4056 350 4107 τῶν
384 4059 673 4124 ίσαγγὲλως
698 4060 989 4129 ζησάντων,
1020 4060 1256 4129 ἠνοῖχοαι
1282 4062 1371 4114 τὸν
1396 4064 1617 4130 οὐρανόν
1643 4082 1772 4133 φησι

1765 4084 1772 4117 ι
1872 4071 2075 4139 angelis
2106 4078 2158 4123 et
2197 4070 2261 4121 iis
2290 4069 2379 4135 qui
2409 4068 2568 4119 vitam
2588 4067 2853 4118 duxerunt
2884 4061 3198 4129 angelicam,
3232 4072 3386 4124 aper—

246 4144 338 4196 καὶ
364 4146 592 4214 ὀφθῆναι
620 4147 714 4215 τὴν
745 4150 969 4201 κιϐωτὸν
998 4151 1094 4218 τῆς
1122 4150 1400 4221 διαθήκης,
1431 4154 1652 4222 οὐρανὸν
1676 4156 1774 4226 τὴν

1765 4173 1774 4203 ν
1873 4174 1982 4218 tum
2025 4162 2187 4215 fuisse
2242 4160 2434 4213 cmlum
2479 4158 2640 4219 dicit,
2671 4155 2946 4219 visamque
2993 4150 3160 4202 fuisse
3208 4161 3386 4199 arcam

246 4230 670 4301 ὑπεράνθρωπον
709 4236 881 4302 λέγων
914 4238 1130 4301 γνῶσιν,
1160 4242 1216 4290 ὲν
1248 4234 1290 4304 ᾧ
1339 4243 1429 4293 καὶ
1456 4230 1773 4314 τεθησαύριζ

1767 4273 1773 4285 ι
1873 4251 2198 4311 testamenti,
2235 4248 2422 4301 malum
2455 4260 2651 4299 vocans
2683 4242 3036 4308 cognitionem
3081 4237 3200 4305 plus
3230 4249 3388 4303 quam

248 4336 369 4371 σται
406 4339 424 4370 ι
470 4323 504 4373 ἃ.
541 4324 807 4391 ὀφθαλμὸς
842 4328 938 4378 οὐκ
985 4323 1110 4391 εἶδε,
1158 4329 1250 4380 καὶ
1284 4329 1371 4391 οῦς
1414 4332 1511 4381 οὑκ
1560 4334 1774 4399 ἤκουσε,
1809 4334 1850 4387 D

1770 4374 1774 4393 ι
1809 4334 1850 4387 D
1878 4338 2204 4400 humanam,
2258 4334 2307 4385 in
2374 4346 2479 4399 quo
2517 4332 2675 4383 etiam
2730 4326 3001 4381 recondita
3051 4334 3175 4377 sunt
3214 4340 3231 4371 ι
3273 4336 3391 4388 qua:

248 4411 339 4460 καὶ
389 4413 479 4462 ἐπὶ
510 4414 729 4481 καρδίαν
760 4416 1038 4483 ἀνθρώπου
1072 4420 1167 4469 οὐκ
1199 4419 1381 4487 ἀνέϐη,
1420 4420 1456 4472 ἃ
1493 4424 1776 4489 ἡτοίμασεν

1773 4441 1776 4464 ι
1875 4427 2061 4478 oc'ulus
2091 4440 2192 4477 non
2222 4422 2370 4483 vidit,
2401 4435 2496 4474 nec
2523 4420 2668 4471 auris
2697 4417 2925 4477 audivit,
2959 4429 3056 4467 nec
3096 4413 3148 4464 in
3178 4425 3270 4464 cor
3298 4410 3394 4462 ho-

245 4498 271 4545 ό
309 4498 443 4557 θεὸς
475 4501 580 4559 τοῖς
611 4501 890 4565 ἀγαπῶσιν
921 4505 1097 4555 αὐτόν.
1154 4525 1171 4556 ι
1232 4509 1316 4558 Ἑν
1361 4509 1529 4578 τούτῳ
1574 4511 1648 4578 τῷ
1680 4512 1775 4577 τῆς

1771 4528 1775 4566 ῑ
1876 4512 2031 4565 minis
2063 4509 2445 4567 ascenderunt,
2479 4522 2597 4573 quae
2625 4503 2941 4572 prteparavit
2993 4501 3132 4554 Deus
3170 4499 3392 4564 diligen-

246 4582 497 4645 γνώσεως
526 4587 765 4654 οὐρανῷ,
797 4590 887 4640 καὶ
935 4593 966 4658 ὴ
1002 4593 1223 4653 κιϐωτὸς
1260 4593 1413 4663 ὤφθη
1448 4598 1543 4663 τῆς
1590 4597 1769 4666 διαθή-

1876 4599 2015 4651 tihus
2041 4614 2097 4650 se
2123 4599 2186 4647 °‘.
2228 4616 2245 4646 ι
2274 4597 2328 4647 In
2364 4598 2462 4646 hoc
2504 4592 2822 4660 cognitionis
2856 4590 2989 4643 cmlo
3027 4603 3147 4642 arca
3181 4602 3392 4655 quoque

246 4686 365 4735 κης.
399 4673 463 4723 Τί
490 4673 542 4724 δὲ
567 4674 631 4725 δι’
658 4676 824 4742 αὐτῆς
844 4677 1029 4745 δηλοῦν
1055 4678 1333 4745 ἐθελούσης
1360 4684 1453 4749 τῆς
1480 4684 1734 4745 ὀπτασίας
1759 4701 1772 4746 ;

1770 4727 1772 4737 ι
1877 4684 2175 4737 testamenti
2214 4683 2324 4734 visa
2352 4690 2434 4733 est
2464 4698 2475 4731 :
2506 4680 2632 4746 quid
2661 4687 2837 4730 autem
2861 4677 3025 4730 voluit
3055 4691 3148 4744 per
3172 4678 3271 4728 hoc
3312 4677 3358 4724 vi
3379 4702 3391 4711 -

247 4757 315 4809 Τὸ
343 4760 448 4823 ὅτι,
478 4761 662 4831 ὥσπερ
690 4766 745 4814 ὲν
770 4765 957 4832 ἐκείνῳ
982 4765 1151 4833 καιρῷ
1176 4767 1382 4835 εἴρηται
1402 4773 1622 4839 Μωῦσῇ,
1643 4790 1775 4840 συμ-

1769 4799 1775 4810 -
1876 4773 1955 4825 sio
1976 4772 2086 4838 ipsa
2112 4769 2409 4837 signiﬁcare
2431 4769 2453 4820 ?
2479 4766 2649 4831 Quod,
2668 4764 3114 4833 quemadmodum
3150 4765 3239 4816 illo
3262 4771 3390 4813 tem-

247 4847 439 4899 ϐολικὰ
489 4850 655 4902 ταῦτα
711 4852 778 4903 τὰ
835 4854 1278 4923 παραταττόμενα
1323 4858 1485 4925 αὐτῷ,
1539 4860 1649 4911 ἀλλ’
1680 4861 1776 4911 οὐκ

1768 4877 1776 4911 :
1875 4875 2003 4929 pore
2035 4860 2161 4914 Mosi
2191 4860 2388 4912 dictum
2428 4868 2539 4919 est,
2574 4871 2633 4909 ea
2659 4872 2776 4923 quae
2825 4856 2923 4923 ipsi
2962 4855 3286 4922 jubebantur
3315 4849 3389 4901 si-

246 4938 519 5004 ὲνεργείας
578 4941 804 5009 ἐχόμενα
851 4943 904 5006 (t
943 4943 1081 5010 Ὅρα
1126 4945 1265 5011 γὰρ,
1318 4948 1480 5013 φησὶ,
1537 4952 1777 5018 ποιήσεις

1765 4968 1777 5011 ;
1876 4950 2172 5019 guiﬁcativa
2224 4964 2361 5011 esse,
2409 4962 2507 4999 nec
2548 4945 2787 4998 veritatis
2831 4943 3116 4997 eﬂicaciam
3170 4938 3386 4989 habere:

246 5027 425 5078 πάντα
446 5028 584 5080 κατά
598 5031 686 5080 τὸν
707 5030 871 5082 τύπον
895 5032 981 5081 τὸν
1002 5032 1271 5099 δειχθέντα
1294 5051 1373 5085 σοι
1398 5038 1453 5087 ἐν
1476 5038 1548 5104 τῷ
1570 5038 1681 5105 ὄρει
1710 5041 1772 5107 ›)’

1766 5056 1772 5069 -
1882 5057 1899 5087 ι
1942 5037 2091 5099 Vide,
2124 5037 2321 5103 inquit,
2359 5037 2535 5089 omnia
2572 5036 2737 5088 iacias
2766 5033 2916 5101 juxta
2963 5041 3142 5096 typum
3174 5026 3264 5090 qui
3296 5024 3387 5076 tibi

243 5113 383 5165 οὕτω
414 5115 505 5167 καὶ
537 5115 629 5167 νῦν
660 5116 828 5168 ταῦτα
856 5120 1166 5183 εἰσηγεῖται,
1200 5119 1302 5170 τῶν
1333 5123 1617 5190 ὁρωμένων
1649 5142 1776 5177 κατ-

1767 5155 1776 5166 ·
1872 5132 2118 5177 ostensus
2157 5132 2239 5175 est
2274 5124 2326 5174 in
2362 5121 2595 5174 monte“
2629 5138 2642 5172 :
2684 5139 2701 5169 ι
2738 5120 2809 5171 ita
2858 5129 2998 5167 nunc
3031 5125 3244 5177 quoque
3280 5111 3388 5161 haec

242 5202 484 5268 αλλήλως
511 5202 588 5270 τῷ
615 5205 845 5273 οὐρανίῳ
884 5206 1003 5273 ὕψει
1058 5208 1393 5274 μετεωρίζων
1434 5212 1530 5278 τὴν
1558 5213 1773 5278 γνῶσιν.

1769 5253 1773 5264 ,
1872 5218 2224 5271 enarrantur,
2273 5208 2605 5262 couvenienti
2657 5205 2813 5257 modo
2867 5198 3151 5251 attollendo
3210 5198 3390 5262 cOgni-

244 5293 352 5343 Καὶ
401 5290 585 5360 ἐπειδὴ
634 5295 699 5362 τῇ
742 5281 1004 5359 ὑποδείξει
1046 5297 1247 5364 Μωῦσῇ
1281 5298 1376 5363 τῆς
1407 5302 1634 5353 κιϐωτοῦ
1680 5302 1775 5369 τῆς

1770 5319 1775 5356 Γ
1873 5300 2067 5352 tionem
2094 5313 2276 5351 eorum
2327 5312 2444 5365 quae
2475 5297 2717 5348 videntur
2743 5291 2806 5343 ad
2851 5288 3117 5341 caelestem
3150 5284 3391 5337 sublimi-

241 5381 509 5449 διαθήκης
552 5382 831 5448 προτέλεια
860 5384 915 5435 αί
966 5386 1237 5451 ἀστραπαὶ
1264 5387 1355 5439 καὶ
1384 5388 1599 5458 βρονταὶ
1641 5390 1773 5443 κατὰ

1770 5408 1773 5442 ς
1873 5397 2055 5443 tatem.
2088 5386 2150 5441 Et
2180 5388 2430 5456 quoniam
2463 5386 2585 5438 dum
2621 5393 2741 5435 arca
2786 5373 3087 5431 testamenti
3131 5372 3265 5429 Mosi
3303 5374 3391 5429 dc-

309 5560 355 5590 "
390 5558 407 5611 Ι
440 5558 565 5611 Cor.
602 5570 661 5622 tt,
694 5556 744 5611 9.
820 5558 860 5590 ⁵⁸
891 5555 1055 5613 Exod.
1088 5576 1219 5627 xxv,
1269 5564 1353 5617 40.
