4106 6334
693 268 797 328 659

1504 263 1820 324 ARETII/E
1853 263 2222 323 CAESARE/13
2259 260 2732 325 CAPPADOCI/E
2771 259 3104 320 EPISCOPI

3743 252 3847 315 660

693 385 989 431 monstrata
1022 361 1136 439 cst,
1167 380 1525 442 apparuerunt
1551 371 1894 439 praeparativa
1927 369 2132 438 fulgura
2157 384 2219 422 ac
2247 373 2286 429 Α
2314 369 2373 421 τὸ
2405 368 2528 436 ὅρος
2555 370 2609 420 ὲν
2635 361 2662 433 ἦ

2314 369 2373 421 τὸ
2405 368 2528 436 ὅρος
2555 370 2609 420 ὲν
2635 361 2680 433 ᾧ
2715 366 2883 419 ταῦτα
2925 364 3358 435 χρηματισθὴναι
3403 362 3678 431 εὖδόκητο,
3710 361 3854 427 ἅπερ

693 464 928 515 tonitrua
954 463 1096 515 circa
1136 470 1368 514 montem
1392 460 1443 511 in
1475 473 1580 526 quo
1627 456 1736 511 Deo
1775 447 1972 521 placuit
2011 465 2071 510 ut
2104 456 2218 511 hac

694 548 909 604 oracula
958 549 1244 613 darentur,
1306 563 1422 617 qua:
1464 547 1862 601 irrationalibus
1919 561 1984 601 ac
2033 546 2220 602 ferinis

694 639 1082 691 tradebantur:
1124 641 1194 689 ita
1237 637 1394 690 etiam
1440 637 1525 690 hic
1567 637 1629 688 ad
1682 638 2041 689 ostensionem
2081 650 2218 689 arcae

695 733 1094 791 consequuntur
1134 739 1194 778 ea
1224 739 1341 791 qua:
1360 725 1483 776 huic
1520 724 2082 777 coiiveniuntvisioni.

764 813 831 865 Et
853 815 991 881 facta
1014 823 1133 866 sunt
1169 815 1397 882 fulgura.
1441 813 1552 867 Hoc
1580 823 1660 866 est
1706 813 1921 866 tertium
1957 811 2045 867 γω
2076 813 2218 881 quod

692 902 1061 967 peccatoribus
1139 911 1494 970 praeparatum
1561 912 1690 963 est,
1767 900 2218 968 quemadmodum

693 999 935 1056 aspectus
966 991 1226 1043 bonorum
1260 1007 1374 1057 qum
1408 999 1690 1044 servantur
1717 991 1936 1053 sanctis,
1959 991 2050 1058 qui
2080 991 2218 1043 inte.

691 1079 792 1130 rim
826 1080 1054 1132 discerni
1088 1095 1190 1132 non
1249 1089 1471 1146 possunt
1499 1080 1634 1132 inter
1678 1080 1920 1133 homines
1942 1119 1956 1142 ,
1992 1078 2084 1134 sed
2125 1093 2223 1146 per

691 1169 1016 1235 apertionem
1047 1170 1226 1235 templi
1249 1169 1336 1221 Dei
1364 1171 1412 1221 in
1436 1171 1571 1222 ςαιῐυ
1595 1171 1903 1237 pervenitur
1934 1169 1998 1221 ad
2034 1182 2221 1220 eorum

692 1253 1240 1320 cegnitionem.Tunc
1279 1256 1421 1307 enim
1458 1256 1547 1322 qui
1589 1257 1755 1320 probe
1797 1255 1958 1306 vitam
2009 1269 2224 1322 perege-

690 1350 834 1403 runt,
855 1344 1308 1408 regenerationem
1332 1344 1495 1402 nacti.
1521 1343 1659 1396 bona
1684 1351 2081 1410 consequentur
2106 1357 2225 1410 quas

690 1431 917 1496 reposita
949 1441 1073 1483 sunt
1109 1433 1158 1483 in
1189 1446 1351 1497 regno
1383 1432 1581 1485 Patris.

761 1518 1062 1584 751x",
1097 1521 1147 1579 1,
1176 1520 1230 1570 2.
1270 1519 1334 1570 Et
1369 1521 1571 1587 signum
1619 1535 1861 1586 magnum
1896 1521 2135 1585 apparuit
2169 1520 2228 1570 in

691 1607 819 1658 corio
845 1623 862 1657 :
895 1608 1080 1658 mulier
1112 1609 1304 1671 stipata
1337 1613 1464 1671 sole,
1491 1619 1538 1660 et
1573 1608 1697 1660 luna
1727 1610 1816 1663 sub
1842 1610 2054 1676 pedibus
2087 1611 2222 1677 ejus,

2317 460 2427 520 τοῖς
2455 457 2662 524 ἀλόγοις
2690 458 2780 508 καὶ
2809 455 3121 526 θηριώδεσιν
3151 453 3558 521 ἀπειργάζοντοο
3587 451 3728 502 οὕτω
3753 454 3847 501 καὶ

2316 544 2547 598 ἐνταῦθα
2593 547 2656 613 τῇ
2703 543 2966 607 ὑποδείξει
3016 544 3116 611 τῆς
3147 540 3376 595 κιϐωτοῦ
3407 578 3422 601 ,
3470 540 3561 592 καὶ
3607 540 3674 592 τὰ
3721 540 3853 589 καθ-

2319 633 2516 704 ήκοντα
2545 634 2717 704 ταύτῃ
2750 635 2814 703 τῇ
2844 631 3075 701 ὀπτασίᾳ
3105 629 3497 701 ἐπηκολούθει..

2387 809 2491 862 Καὶ
2519 809 2787 877 ἐγένοντο
2807 807 3119 873 ἀστραπαί.
3141 805 3283 874 Αὕτη
3311 804 3453 856 ἐστὶν
3473 806 3505 871 ἡ
3528 802 3683 871 τρίτη
3711 805 3851 855 Οὐαὶ

2316 900 2436 966 ἥτις
2478 899 2584 959 τοῖς
2632 897 2967 966 ἁμαρτωλοῖς
2999 894 3321 962 ήτοιμάσθη,
3366 881 3548 960 ὥσπερ
3584 894 3617 962 ἡ
3652 892 3850 960 ὲποψία

2318 988 2424 1040 τῶν
2449 985 2812 1055 ὑποκειμένων
2840 985 3054 1050 ἀγαθῶν
3083 986 3191 1046 τοῖς
3221 982 3396 1048 ἁγίοις
3427 982 3558 1042 τέως
3587 981 3855 1045 ἁδιαγνώ-

2321 1091 2465 1135 στοις
2509 1071 2830 1141 ἀνθρώποις,
2863 1073 2950 1124 διὰ
2984 1072 3038 1123 δὲ
3066 1072 3164 1137 τῆς
3199 1069 3451 1131 ἀνοίξεως
3481 1069 3574 1119 τοῦ
3605 1068 3732 1120 ναοῦ
3765 1067 3856 1120 τοῦ

2321 1160 2454 1216 Θεοῦ
2506 1161 2601 1213 τοῦ
2639 1163 2695 1212 ὲν
2728 1160 2804 1226 τῷ
2828 1160 3060 1228 οὐρανῷ,
3113 1162 3190 1220 είς
3236 1157 3436 1224 γνῶσιν
3487 1158 3854 1226 ἀφικομένοις.

2322 1253 2450 1304 Τότε
2480 1251 2586 1317 γὰρ
2607 1251 2660 1300 οἱ
2684 1249 2860 1310 καλῶς
2889 1249 3173 1315 βιώσαντες
3199 1250 3296 1315 τῆς
3331 1246 3657 1308 παλινζωῖας
3693 1248 3856 1316 ὴξιω-

2327 1342 2509 1410 μένοι,
2558 1339 2665 1391 τῶν
2713 1338 3082 1406 ἀποκειμένων
3116 1337 3330 1403 ἀγαθῶν
3355 1339 3465 1397 τοῖς
3499 1338 3664 1400 ὁσίοις
3705 1339 3762 1390 ὲν
3787 1341 3850 1407 τῇ

2327 1427 2568 1497 βασιλείᾳ
2593 1427 2683 1479 τοῦ
2712 1426 2920 1494 Πατρδς
2947 1429 3241 1492 τεύξονται.

2394 1517 2500 1567 Καὶ
2534 1515 2778 1581 σημεῖον
2812 1515 2960 1581 μέγα
3006 1515 3166 1583 ὤφθη
3204 1519 3271 1570 ἐν
3304 1520 3381 1583 τῷ
3413 1518 3667 1584 οὐρανῷ·
3699 1517 3857 1584 »γυνὴ

2328 1601 2786 1669 περιϐεϐλημένη
2841 1604 2943 1654 τὸν
2992 1603 3183 1669 ἥλιον,
3236 1608 3332 1658 καὶ
3367 1609 3403 1673 ἡ
3431 1607 3655 1673 σελήνη
3711 1608 3858 1658 ὑπο-

690 1706 739 1748 et
788 1697 835 1745 in
885 1696 1051 1760 capite
1097 1697 1207 1762 ejus
1258 1713 1446 1748 corona
1494 1697 1761 1748 stellarum
1811 1699 2097 1751 duodecim.
2153 1699 2222 1751 Et
2254 1694 2294 1747 Β
2324 1692 2476 1743 κὰΐω
2527 1689 2642 1741 τῶν

2324 1692 2476 1743 κὰθω
2527 1689 2642 1741 τῶν
2689 1688 2884 1741 ποδῶν
2920 1690 3127 1755 αὐτῆς.
3168 1693 3262 1744 καί
3304 1693 3399 1744 ἐπὶ
3439 1693 3546 1758 τῆς
3593 1691 3860 1758 κεφαλῆς

691 1800 962 1852 prwgnaus
999 1785 1184 1836 clamat
1209 1787 1505 1852 parturiens
1538 1802 1556 1839 :
1585 1797 1632 1838 et
1663 1788 1923 1838 cruciatur
1948 1796 1999 1839 ut
2027 1787 2218 1852 pariat.

758 2039 1027 2093 Mulierem
1073 2042 1208 2094 hanc
1259 2043 1496 2095 nonnulli
1542 2042 1793 2097 dixerunt
1841 2059 1960 2098 esse
2007 2045 2218 2098 Domini

688 2129 930 2181 Matrem.
968 2130 1100 2183 Cum
1148 2132 1289 2183 enim
1331 2134 1489 2200 paulo
1535 2144 1655 2185 ante
1688 2136 1980 2187 narraverit
2008 2150 2067 2186 ea
2103 2148 2221 2201 quae

654 2217 1076 2276 ,Antichristum
1117 2218 1532 2280 concernebant,
1575 2229 1855 2286 postquam
1916 2220 2054 2273 hunc
2087 2221 2221 2273 dixit

690 2305 912 2366 instare,
935 2307 1185 2372 quodque
1204 2306 1322 2371 ejus
1341 2321 1620 2358 sermones
1643 2322 1669 2357 a
1691 2307 1891 2360 Satana
1923 2308 2218 2375 deprompti

690 2395 818 2453 sint,
853 2395 994 2459 quod
1029 2393 1255 2446 Satanas
1290 2395 1530 2446 studiose
1572 2409 1634 2446 ac
1683 2396 2045 2447 fraudulenter
2076 2396 2217 2448 nita-

690 2493 781 2534 tur
827 2482 1166 2548 persuadere,
1208 2491 1266 2534 ut
1308 2484 1397 2548 qui
1441 2482 1654 2534 Christo
1684 2483 1793 2548 jam
1838 2482 2032 2534 addicti
2075 2492 2217 2546 sunt,

690 2585 786 2637 per
827 2571 1176 2638 imposturam
1217 2571 1281 2623 ad
1314 2586 1368 2624 se
1406 2570 1759 2637 transfugiant
1787 2586 1798 2621 :
1827 2571 1915 2637 qui
1942 2573 2100 2623 etiam
2128 2585 2221 2625 eos

689 2660 778 2727 qui
817 2659 1030 2713 fuerunt
1079 2662 1142 2715 ab
1174 2662 1330 2715 initio
1365 2661 1749 2713 incarnationis
1787 2659 2075 2714 Dominicze
2107 2677 2220 2714 ma-

686 2748 863 2803 litiose
896 2752 1227 2819 aggrediens,
1281 2767 1345 2804 ex
1393 2753 1583 2804 horum
1632 2751 1980 2804 similitudine
2025 2751 2219 2820 decep-

689 2838 885 2890 tionem
920 2841 1195 2907 proposuit
1231 2841 1510 2894 instituere
1545 2854 1558 2891 :
1596 2848 1648 2893 et
1681 2840 1912 2893 maxime
1947 2839 2216 2902 Hebrmos,

688 2928 779 2995 qui
807 2928 1046 2994 proprias
1087 2930 1152 2982 de
1194 2930 1409 2983 Christo
1455 2930 1762 2998 prophetias
1807 2931 1974 2998 magis
2002 2930 2097 2995 ipsi
2133 2937 2218 2982 at-

2322 1776 2507 1842 αὐτῆς
2531 1775 2812 1841 στέφανοι
2844 1776 3106 1841 ἀστέρων
3137 1779 3357 1830 δώδεκα
3381 1797 3396 1811 ·
3426 1779 3522 1830 καὶ
3552 1779 3618 1830 ἐν
3649 1780 3856 1844 γαστρὶ

2321 1867 2568 1932 ἔχουσα,
2608 1863 2847 1930 ἔκραζεν
2895 1863 3216 1929 ὠδίνουσα,
3273 1868 3367 1919 καί
3416 1865 3855 1933 βασανιζομένη

2321 1955 2533 2006 τεκεῖν.

2390 2045 2498 2112 Τὴν
2530 2047 2759 2111 γυναῖκα
2782 2046 2982 2112 ταύτην
3026 2048 3122 2113 τὴν
3143 2046 3233 2099 τοῦ
3262 2048 3463 2116 Κυρίου
3490 2046 3692 2116 ἔφησαν
3719 2035 3865 2105 τινες

2321 2129 2457 2186 εἶναι
2507 2135 2751 2202 Μητέρα.
2790 2135 2869 2187 Τὰ
2898 2137 3002 2204 γὰρ
3038 2136 3178 2188 κατὰ
3216 2137 3307 2188 τὸν
3353 2137 3713 2205 Ἀντίχριστον
3753 2135 3856 2200 πρδ

2323 2223 2561 2290 βραχέως
2587 2223 2887 2285 διεξελθὼν,
2914 2224 3097 2292 ἐπειδὴ
3122 2224 3213 2276 τοῦ
3241 2226 3522 2293 ἐπιστῆναι
3552 2224 3736 2276 τοῦτον
3765 2224 3857 2273 καὶ

2321 2311 2424 2361 ὑπὸ
2470 2311 2561 2362 τοῦ
2602 2311 2810 2362 Σατανᾶ
2864 2314 3302 2380 προχειρισθῆναι
3341 2315 3384 2364 oi
3419 2315 3560 2377 λόγοι
3595 2313 3856 2379 εἴρηνται,

2323 2400 2519 2466 σπουδῇ
2555 2398 2646 2450 τοῦ
2682 2400 2890 2451 Σατανᾶ
2931 2402 3134 2451 πείθειν
3173 2402 3229 2465 ἐξ
3281 2403 3489 2465 ἀπάτης
3543 2399 3856 2468 βουλομένου

2319 2487 2442 2545 τοὺς
2488 2486 2586 2554 ἤδη
2645 2488 3110 2556 προσνεμηθέντας
3157 2489 3371 2553 Χριστῷ
3419 2489 3474 2550 ἐξ
3521 2486 3858 2552 ὑποστροφῆς

2323 2572 2454 2638 πρὸς
2500 2573 2659 2622 αὑτὸν
2689 2575 3066 2640 αὐτομολῆσαι,
3098 2576 3152 2635 ὃς
3181 2576 3272 2625 καὶ
3299 2577 3409 2633 τοῖς
3436 2575 3525 2624 ἀπ’
3557 2573 3723 2638 ἀρχῆς
3757 2571 3856 2636 τῆς

2321 2661 2778 2729 ἐνανορωπήσεως
2818 2661 2910 2712 τοῦ
2971 2663 3169 2729 Κυρίου
3226 2662 3541 2728 κακούργως
3590 2658 3856 2711 ἐπιϐαλὼν

2320 2751 2378 2815 ἐξ
2418 2751 2722 2818 ὁμοιώσεως
2754 2752 2954 2804 τούτων
2994 2753 3090 2818 τὴν
3128 2753 3340 2818 ἀπάτην
3365 2750 3620 2818 προέθετο
3667 2748 3854 2815 ἐνστή-

2309 2839 2542 2899 σασθαι,
2589 2840 2681 2890 καὶ
2736 2840 2963 2906 μάλιστα
3013 2839 3276 2906 Ἑϐραίοις
3319 2840 3414 2901 τὰς
3463 2842 3584 2905 περὶ
3623 2835 3854 2904 Χριστοῦ

2321 2928 2648 2995 προφητείας
2709 2929 2899 2996 ἐκείνῳ
2965 2929 3157 2996 μᾶλλον
3209 2927 3634 2996 προσοικειοῦσιν
3690 2925 3723 2993 ἦ
3776 2924 3854 2990 τῷ

687 3017 930 3069 tribuunt
968 3032 1124 3084 quam
1170 3018 1389 3070 Christo
1417 3033 1431 3070 :
1467 2981 1575 3070 hocr
1597 3032 1726 3071 sane
1772 2981 1931 3071 modo
1960 3018 2216 3085 disposita
2246 2981 2288 3037 ο
2322 3017 2557 3084 Χριστῷ,
2610 3034 2662 3068 τε

2322 2981 2557 3084 Χ’ριὲτὶῖ›,
2610 2981 2778 3085 ταύτῃ
2813 2981 2891 3068 τοί
2937 2981 3030 3084 την
3080 2981 3286 3085 ἀπάτην
3326 2981 3724 3084 διορθουμένην,
3756 2981 3854 3081 τὴν

687 3104 896 3168 fraude,
919 3107 1168 3172 proponit
1191 3121 1333 3158 nunc
1350 3105 1560 3158 Domini
1593 3107 2040 3178 dispensationem
2068 3120 2220 3172 prop-

687 3203 770 3245 ter
816 3206 912 3244 nos
966 3194 1185 3255 factam,
1241 3203 1493 3257 tanquam
1523 3193 1632 3259 jam
1680 3193 1986 3257 perfectam,
2038 3193 2109 3243 ita
2163 3201 2220 3244 ut

688 3279 834 3331 nulla
877 3278 1054 3330 futura
1086 3279 1154 3329 sit
1197 3293 1314 3343 quae
1350 3279 1422 3329 illi
1462 3292 1519 3330 se
1555 3281 1724 3344 possit
1753 3279 2059 3344 adjungere.
2098 3277 2219 3330 ldeo

689 3377 915 3420 matrem
962 3366 1175 3432 quidem
1209 3366 1370 3416 veluti
1415 3380 1602 3430 puram
1653 3374 1704 3416 et
1744 3380 1772 3415 a
1804 3366 2031 3417 terrenis
2061 3365 2220 3418 rebus

690 3459 992 3519 separatam
1040 3451 1092 3501 in
1127 3451 1262 3502 coelo
1301 3465 1417 3503 esse
1449 3450 1651 3512 scribit,
1680 3460 1732 3503 et
1767 3442 1878 3503 non
1911 3459 2074 3514 terra,
2105 3463 2222 3503 tan—

689 3553 849 3605 quam
879 3537 1080 3606 angelis
1105 3538 1382 3605 :equalem.
1410 3537 1577 3590 Porro
1599 3540 1738 3605 quod
1770 3539 1882 3592 sole
1906 3539 2096 3607 stipata
2130 3539 2218 3604 sit,

687 3636 740 3681 et
776 3629 955 3680 lunam
995 3627 1181 3679 habeat
1211 3627 1498 3680 scabellum
1543 3627 1755 3694 pedum,
1789 3627 2073 3682 Habbaeuc
2103 3628 2221 3681 ido-

695 3730 834 3769 neus
862 3723 942 3767 est
973 3715 1035 3766 ad
1068 3715 1515 3781 persuadendum,
1566 3730 1684 3767 cum
1729 3716 1802 3767 ait
1834 3731 1847 3766 :
1880 3734 1897 3765 ι
1937 3716 2218 3770 Exaltatus

687 3815 766 3859 est
807 3807 908 3866 soi,
955 3816 1006 3858 et
1053 3806 1174 3855 luna
1227 3805 1373 3857 stetit
1421 3805 1472 3857 in
1516 3806 1702 3859 ordine
1744 3820 1838 3858 suo
1873 3806 1916 3836 ⁸⁸
1955 3825 1972 3855 ι
2008 3799 2213 3859 τεοιεῐη

687 3896 868 3947 dicens
891 3895 1106 3962 justitiae
1133 3894 1460 3946 Salvatorem
1490 3894 1783 3958 Christum,
1806 3911 1868 3948 eo
1892 3911 1995 3964 quo
2019 3897 2030 3914 '
2064 3912 2217 3950 evan-

687 3985 853 4051 gelira
878 3985 1253 4051 praedicatione
1280 3984 1440 4036 veluti
1471 3985 1734 4038 exaltatus
1758 3986 1826 4037 sit
1850 3993 1902 4038 et
1935 3985 2216 4038 sublimior

686 4074 904 4126 rlieetus
941 4089 953 4124 :
997 4073 1120 4124 lima
1169 4088 1317 4132 vero,
1360 4073 1408 4124 id
1438 4081 1540 4132 est,
1586 4071 1890 4125 Judzeorum
1937 4072 2214 4139 Synagoga

685 4162 912 4227 amplius
954 4175 1057 4211 non
1097 4159 1392 4223 susceperit
1429 4168 1772 4223 augmentum
1810 4176 1821 4208 :
1859 4172 2030 4224 neque
2071 4159 2214 4209 enim

2318 3105 2408 3156 τοῦ
2459 3105 2658 3171 Κυρίου
2704 3107 2769 3156 δι’
2819 3106 2963 3172 ἡμᾶς
3011 3105 3366 3171 προϐάλλεται
3402 3103 3724 3171 οἰκονομίαν,
3779 3101 3855 3162 ὡς

2317 3196 2416 3262 ἠδη
2459 3193 2813 3254 τελεσθεῖσαν,
2846 3193 2936 3244 καὶ
2973 3193 3045 3259 μὴ
3089 3193 3151 3244 ἂν
3194 3193 3357 3258 ἄλλης
3401 3195 3534 3259 αὐτῇ
3569 3192 3852 3257 ἐναμίλλου

2321 3281 2534 3332 ἔσεσθαι
2573 3282 2890 3348 δυναμένης.
2951 3281 3039 3330 Διὸ
3082 3281 3205 3348 περὶ¹
3252 3282 3347 3347 μὲν
3370 3282 3465 3346 τῆς
3494 3280 3710 3347 μητρὸς,
3754 3280 3850 3329 an

2321 3368 2561 3435 καθαρᾶς
2589 3370 2679 3418 καὶ
2711 3368 2815 3418 τῶν
2843 3369 3040 3433 γηΐνων
3082 3367 3516 3433 ἀπηλλαγμένης,
3553 3367 3608 3414 ὲν
3640 3363 3852 3429 οὐρανῷ

2320 3456 2516 3520 ταύτην
2545 3457 2764 3522 γράφει,
2792 3455 2882 3506 καὶ
2923 3455 3019 3506 οὐκ
3059 3457 3112 3504 ὲν
3138 3458 3226 3522 γῇ,
3259 3454 3332 3514 ὡς
3367 3453 3660 3519 ἱσάγγελον.
3697 3451 3769 3502 Τὸ
3800 3451 3856 3512 δὲ

2322 3542 2737 3611 περιϐεϐλῆσθαι
2790 3542 2953 3610 αὐτὴν
3002 3543 3092 3592 τὸν
3128 3542 3294 3610 ἥλιον,
3351 3543 3440 3593 καὶ
3493 3541 3588 3607 τὴν
3628 3539 3854 3605 σελήνην

2321 3629 2461 3696 ἔχειν
2501 3628 2811 3689 ὑποπόδιον,
2860 3629 2887 3678 ὁ
2934 3628 3235 3696 Ἀὅϐακοὺμ
3285 3628 3461 3688 ἱκανὸς
3510 3629 3853 3696 παραστῆσαι

2317 3718 2382 3768 δι’
2414 3711 2486 3768 ὧν
2513 3734 2698 3784 φησιν·
2739 3736 2754 3767 ι
2781 3717 3017 3786 Ἐπήρθη
3047 3719 3073 3769 ὁ
3099 3717 3262 3785 ἥλιος,
3299 3719 3392 3770 καὶ
3419 3719 3450 3786 ἡ
3484 3717 3674 3785 σελήνη
3723 3716 3852 3783 ἔστη

2318 3808 2373 3856 ὲν
2403 3809 2465 3873 τῇ
2505 3807 2652 3870 τάξει
2681 3806 2868 3872 αὐτῆς,
2914 3824 2930 3854 ι
2980 3806 3125 3872 ἥλιον
3165 3806 3331 3870 λέγων
3369 3807 3464 3873 τῆς
3512 3803 3853 3869 δικαιοσύνης

2316 3894 2404 3946 τὸν
2431 3895 2649 3960 Σωτῆρα
2677 3895 2925 3960 Χριστὸν,
2958 3895 3049 3946 an
3080 3895 3240 3945 αὐτοῦ
3268 3894 3341 3960 τῷ
3379 3891 3708 3960 εὐαγγελικῷ
3755 3910 3840 3960 κη-

2322 3982 2551 4049 ρύγματι
2596 3983 2894 4047 ὑψωθέντος
2935 3984 3022 4032 καὶ
3058 3982 3521 4048 μετεωρισθέντος,
3556 3982 3651 4047 τῆς
3677 3981 3730 4032 δὲ
3763 4000 3851 4032 σε-

2318 4071 2503 4136 λήνης,
2537 4069 2776 4119 τουτέστι
2814 4068 2911 4133 τῆς
2939 4069 3045 4118 τῶν
3089 4068 3349 4118 Ἰουδαίων
3385 4055 3729 4132 Συναγωγῆς,
3751 4068 3850 4118 οὐκ

2321 4156 2397 4206 ἔτι
2430 4155 2740 4222 προσθήκην
2779 4154 3090 4221 δεξαμένης.
3123 4155 3195 4205 Οὐ
3239 4155 3344 4223 γὰρ
3372 4156 3448 4205 ἔτι
3478 4155 3610 4221 μετὰ
3640 4153 3735 4221 τὴν
3762 4153 3852 4204 τοῦ

686 4257 809 4316 post
846 4249 1043 4300 Christi
1083 4247 1466 4312 apparitionem
1502 4246 1750 4311 deinceps
1790 4261 1885 4311 per
1920 4247 2215 4313 proselytos
2250 4260 2290 4312 ι)
2321 4244 2550 4311 Χριστοῦ
2585 4246 2662 4293 ὲππ

2321 4244 2550 4311 Χριστοῦ
2585 4245 2896 4309 ἐπιφάνειαν
2931 4244 3242 4311 προσθήκην
3282 4243 3436 4294 ἔλαϐε
3472 4243 3554 4294 διὰ
3587 4241 3853 4310 προσηλύ-

689 4340 894 4404 accepit
928 4347 1298 4401 augmentum,
1351 4335 1456 4386 imo
1505 4335 1825 4387 diminnitur
1870 4338 2044 4402 potius
2088 4337 2214 4390 dum

687 4428 852 4480 Judaei
885 4426 947 4475 ad
980 4425 1314 4477 Christianos
1357 4425 1632 4477 accedunt.
1678 4427 1778 4479 Sed
1823 4435 1873 4479 et
1908 4428 2019 4480 sole
2053 4430 2217 4495 stipa-

691 4531 796 4570 tam
845 4514 1009 4565 fuisse
1053 4528 1337 4579 possumus
1389 4515 1648 4581 accipere,
1696 4517 1834 4584 quod
1874 4517 2023 4571 beata
2056 4515 2216 4585 Virgo

687 4604 801 4654 sole
842 4601 1104 4666 spirituali
1142 4602 1253 4654 sive
1296 4602 1509 4655 Christo
1538 4614 1719 4670 operta
1765 4604 1963 4660 fuerit:
2001 4608 2212 4675 etquod

684 4696 805 4744 luna
837 4694 1034 4742 cultum
1062 4693 1346 4757 designans
1387 4695 1627 4760 legalem,
1663 4695 1822 4746 veluti
1853 4695 2111 4748 diminuta
2144 4697 2214 4748 sit

682 4796 742 4830 ac
786 4779 962 4842 seipsa
1000 4764 1172 4828 minor
1206 4779 1406 4839 eiiecta,
1450 4797 1539 4847 per
1572 4783 1815 4848 spiritum
1844 4784 2206 4849 evangelicum

683 4871 799 4920 loco
834 4876 992 4919 mota.
1026 4868 1289 4920 Fortassis
1331 4879 1502 4920 autem
1542 4873 1678 4923 adid
1710 4871 1845 4940 quod
1881 4872 2210 4939 significatur

680 4958 851 5024 magis
881 4970 1214 5033 consequens
1239 4955 1423 5007 fuisset
1468 4958 1660 5022 dicere,
1691 4976 1794 5013 non
1845 4960 1984 5027 quod
2019 4960 2210 5028 mulier

678 5045 866 5098 fuisset
896 5043 1224 5098 circumdata
1277 5042 1410 5103 sole,
1455 5044 1542 5095 sed
1585 5048 1726 5112 quod
1765 5048 2207 5102 circumdedisset

679 5135 856 5203 potius
903 5136 1066 5188 Solem
1122 5134 1172 5186 in
1214 5142 1365 5191 utero
1406 5132 1813 5190 inclusum.Sed
1870 5149 1927 5192 ut
1965 5139 2210 5192 ostendat

680 5227 820 5291 quod
843 5223 1001 5275 etiam
1042 5224 1085 5276 is
1105 5225 1195 5291 qui
1226 5234 1378 5276 utero
1402 5224 1706 5290 geslalmur
1733 5229 2008 5291 Dominus,
2043 5238 2205 5281 ctsua

680 5319 847 5364 matre
897 5321 950 5364 et
994 5313 1182 5379 quavis
1227 5323 1472 5365 creatura
1519 5314 1836 5370 eminentior
1882 5328 2013 5379 erat,
2048 5317 2202 5384 752

747 5481 791 5510 “
821 5481 1016 5535 Hahae.
1043 5497 1122 5548 Ill,
1157 5473 1237 5536 ill.

2315 4348 2454 4384 των⁸
2507 4333 2703 4399 μᾶλλον
2745 4333 2839 4398 μὲν
2885 4329 2974 4383 οὖν
3035 4335 3124 4385 καὶ
3177 4333 3460 4398 ὡλίγωται,
3513 4334 3851 4402 Χριστιανοῖς

2316 4423 2766 4491 προσχωρούντων
2807 4422 3086 4474 Ἰουδαίων.
3133 4423 3287 4473 Ἀλλὰ
3316 4425 3406 4473 καὶ
3439 4423 3496 4473 τὸ
3531 4421 3850 4490 περιϐεϐλῆ-

2315 4513 2434 4564 σθαι
2479 4512 2565 4565 τὸν
2609 4513 2773 4580 ἣλιον,
2807 4511 2864 4563 τὸ
2895 4513 3222 4565 ὲσκεπᾶσθαι
3261 4513 3355 4581 τὴν
3387 4514 3544 4578 ἁγίαν
3580 4513 3848 4580 Παρθένον

2313 4603 2389 4669 τῷ
2417 4603 2547 4669 ἡλίῳ
2578 4602 2654 4668 τῷ
2685 4602 2871 4669 νοητῷ,
2905 4604 3020 4671 ἦτοι
3053 4603 3126 4671 τῷ
3156 4604 3388 4671 Χριστῷ,
3420 4604 3688 4670 δυνάμεθα
3717 4605 3848 4654 ὑπο-

2316 4689 2518 4751 λαϐεῖν,
2563 4692 2654 4740 καὶ
2683 4690 2776 4757 τὴν
2827 4691 3068 4758 σελήνην,
3101 4691 3194 4758 τὴν
3228 4691 3364 4742 κατὰ
3393 4692 3551 4758 νόμον
3581 4691 3847 4758 λατρείαν,

2318 4780 2409 4831 (ire
2454 4779 2896 4831 ὐποόιεασθείσαν
2940 4781 3030 4829 καὶ
3068 4780 3215 4846 παρὰ
3256 4779 3384 4829 πολὺ
3436 4780 3616 4847 μείονα
3652 4780 3848 4844 ἑαυτῆς

2319 4869 2605 4934 γενομένην
2660 4869 2735 4936 τῷ
2796 4869 3125 4932 εὐαγγελικῷ
3192 4869 3498 4933 κινηθεῖσαν
3554 4867 3840 4932 πνεύματι.

2321 4958 2472 5017 Ἴσως
2498 4959 2550 5008 δὲ
2575 4959 2707 5026 πρὸς
2723 4958 2779 5008 τὸ
2799 4958 3116 5025 δηλούμενον
3139 4957 3447 5007 ἁκολουθότε
3459 4974 3544 5024 ρον
3566 4951 3630 5024 ἦν
3651 4957 3844 5018 εἰπεῖν,

2316 5046 2390 5112 τῷ
2419 5047 2550 5113 ἡλίῳ
2606 5045 3138 5114 μὴ,περι6ε6λῆσθαι
3175 5047 3271 5112 τὴν
3316 5048 3562 5110 γυναῖκα,
3621 5045 3844 5112 περιϐε-

2313 5135 2562 5199 ϐληκέναι
2588 5137 2642 5186 δὲ
2671 5137 2760 5186 τὸν
2787 5139 2842 5187 ὲν
2871 5135 3065 5202 γαστρὶ
3092 5134 3339 5201 ἐχόμενον
3372 5136 3541 5202 ἥλιον.
3585 5135 3721 5186 Ἀλλ’
3758 5134 3847 5186 ἵνα

2311 5223 2453 5290 δείξῃ
2482 5226 2559 5275 ὅτι
2595 5226 2685 5276 καὶ
2726 5225 3149 5293 κυοφορούμενὸς
3184 5226 3211 5274 ὁ
3255 5224 3473 5292 Κύριος,
3507 5226 3595 5277 καὶ
3639 5225 3738 5291 τῆς
3768 5224 3847 5274 οία

2311 5313 2458 5373 mia;
2506 5314 2720 5382 Μητρὸς
2773 5316 2864 5366 καὶ
2920 5315 3094 5377 πάσης
3145 5314 3241 5378 τῆς
3294 5315 3513 5376 κτίσεως
3566 5314 3842 5381 ὑπερεῖχε,
