4106 6334
657 261 765 324 663

1493 265 1817 328 ΑΙὶΕἸῊᾹΞ
1855 269 2229 332 ΟιΕΞΑΒΕίΕ
2267 268 2745 338 ΟΑΡΡΑΒΟΟΠΕ
2785 277 3122 350 EPISCOPI
3215 338 3220 345 .

3767 288 3875 354 εει

659 375 874 428 tertiam
907 382 1115 443 partem
1149 374 1451 439 stellarum,
1479 375 1582 429 hoc
1618 375 1781 430 etiam
1820 376 1985 432 modo
2023 379 2220 434 consi-

2325 398 2453 452 ρων,
2497 383 2592 436 καὶ
2639 383 2780 439 οὕτω
2814 385 3132 458 θεωρητέον.
3176 386 3279 442 Δύο
3309 388 3428 442 τινὰ
3455 389 3746 462 νομίζομεν
3778 395 3874 464 δη-

659 465 841 522 derari
882 474 1080 533 potest,
1118 476 1174 520 ut
1216 466 1325 520 dno
1354 467 1596 535 quzedam
1632 483 1726 538 per
1768 469 1881 525 hate
1922 470 2220 541 significari

660 554 1079 608 existimemus:
1119 564 1212 608 aut
1245 556 1479 624 primum
1516 556 1687 627 ipsius
1728 558 1795 613 de
1833 559 1972 614 coelo
2005 575 2219 626 casum,

663 660 786 698 cum
817 646 1022 713 angelis
1048 648 1137 715 qui
1176 664 1280 702 una
1308 663 1430 703 cum
1462 649 1578 717 ipso
1607 666 1664 705 se
1701 667 1728 703 a
1768 650 1874 703 Deo
1898 663 2222 722 separarum

662 751 757 806 per
781 746 1078 795 extremum
1110 740 1321 794 invidiae
1344 751 1545 800 motum
1573 760 1586 795 ι
1612 759 1735 796 nam
1763 745 1875 799 haec
1901 753 1981 799 est
2007 745 2178 800 cauda
2203 762 2218 800 :

663 826 905 893 Primum
937 831 1080 884 enim
1106 831 1268 898 elatio
1295 847 1413 900 qua:
1440 833 1616 901 ipsum
1651 835 1833 899 traxit,
1863 835 1928 890 ad
1962 836 2218 890 invidiam

665 919 985 988 obarmavit,
1017 931 1071 976 et
1117 922 1215 978 bos
1247 923 1299 977 in
1345 937 1538 980 terram
1582 925 1815 979 detraxit
1849 942 1862 980 :
1896 935 1986 981 aut
2015 926 2222 981 inimici

664 1014 956 1078 mulionem
989 1030 1085 1072 seu
1121 1031 1309 1072 casum
1353 1017 1419 1071 de
1447 1017 1587 1073 cmlo
1632 1029 1752 1086 post
1795 1019 2219 1074 contractionem

661 1104 747 1165 sui
777 1105 988 1175 rapitis,
1018 1120 1183 1175 quam
1211 1121 1240 1176 β
1266 1105 1547 1176 discipulis
1575 1106 1786 1163 Domini
1814 1109 2094 1174 sustinuit,
2126 1111 2218 1178 qui

661 1195 730 1254 ab
768 1195 884 1265 ipso
923 1206 1239 1266 potestatem
1271 1209 1595 1267 acceperunt
1628 1199 1870 1253 calt-andi
1903 1215 2063 1269 supra
2101 1215 2219 1256 ser-

659 1299 849 1355 pentes
909 1297 963 1341 et
1021 1289 1340 1357 scorpiones
1401 1300 1455 1345 et
1503 1304 1666 1358 super
1698 1305 1912 1347 omnem
1967 1291 2219 1346 virtutem

659 1374 880 1434 malam.
919 1377 1043 1431 Sive
1073 1387 1404 1447 postremum
1453 1389 1657 1433 motum
1709 1380 1859 1441 dicit,
1890 1394 1995 1449 quo
2030 1379 2223 1448 deiecit

659 1481 755 1527 eos
783 1468 876 1536 qui
903 1469 1042 1537 lirmi
1074 1485 1182 1524 nun
1223 1480 1376 1524 erant
1413 1486 1443 1529 a
1479 1471 1687 1525 caelesti
1722 1470 2099 1541 intelligentia,
2128 1474 2218 1542 qui

660 1556 868 1623 tropice
918 1557 1048 1611 dicti
1104 1566 1232 1616 sunt
1281 1559 1451 1616 Stella:
1505 1567 1725 1629 propter
1768 1560 2108 1629 splendorem
2161 1561 2216 1616 in

660 1643 985 1717 baptismate
1006 1653 1342 1713 susceptum.

2320 473 2540 528 λοῦσθαι
2567 475 2652 528 διὰ
2681 476 2883 530 τούτων
2903 493 2919 509 ο
2949 478 2983 548 ἦ
3020 478 3118 550 τὴν
3157 479 3424 548 προτέραν
3480 481 3643 533 αὑτοῦ
3694 481 3752 547 ἐξ
3777 483 3872 535 οὐ-

2325 565 2485 635 ρανοῦ
2517 566 2722 622 πτῶσιν
2753 569 2891 638 μετὰ
2917 569 3025 622 τῶν
3055 571 3472 624 συναποστατῶν
3515 572 3757 640 ἀγγέλων
3786 573 3876 626 διὰ

2319 655 2412 709 τοῦ
2456 658 2682 726 ἐσχάτου
2733 661 3024 730 κινήματος
3063 660 3154 714 τοῦ
3194 660 3384 729 φθόνου
3430 661 3621 732 (τοῦτο
3688 664 3797 733 γὰρ
3837 666 3873 734 ἡ

2321 747 2484 817 οὖρά·
2517 749 2729 817 πρῶτον
2750 751 2859 822 γὰρ
2882 753 2916 822 ἡ
2947 751 3172 820 ἔπαρσις
3200 754 3230 821 ἡ
3265 752 3474 820 σύρασα
3505 755 3706 807 ἐκεῖνον
3733 756 3874 826 πρὸς

2322 837 2514 906 φθόνον
2563 841 2855 909 ἐφώπλισε,
2892 843 2985 895 καὶ
3038 843 3258 907 τούτους
3293 845 3371 907 εἰς
3417 843 3516 916 τὴν
3546 844 3646 914 γῆν
3676 847 3878 916 κατέρο

2326 929 2545 1000 ραξεν)·
2584 929 2617 1001 ἦ
2664 933 2755 984 τοῦ
2804 932 2999 1008 ἐχθροῦ
3049 934 3185 1001 μετὰ
3230 935 3326 1005 τὴν
3355 934 3540 989 θλάσιν
3568 934 3728 988 αὐτοῦ
3772 936 3876 1003 τῆς

2323 1022 2584 1092 κεφαλῆς,
2615 1024 2682 1092 ἣν
2723 1024 2825 1077 ὑπὸ
2869 1025 2977 1076 τῶν
3014 1025 3105 1078 τοῦ
3133 1027 3336 1096 Κυρίου
3366 1026 3570 1098 ὑπέστη
3621 1026 3878 1097 μαθητῶν

2321 1103 2590 1166 λαϐόντων
2636 1115 2726 1165 ὑπ’
2773 1115 2937 1168 αὐτοῦ
2989 1116 3232 1181 ἐξουσίαν
3263 1119 3452 1171 πατεῖν
3482 1117 3665 1171 ἐπάνω
3697 1117 3877 1185 ὄφεων

2323 1205 2409 1256 καὶ
2461 1204 2737 1274 σκορπίων
2779 1208 2872 1258 καὶ
2919 1207 3009 1259 ἐπὶ
3053 1210 3231 1262 πᾶσαν
3259 1208 3356 1278 τὴν
3385 1208 3611 1277 δύναμιν
3647 1207 3743 1277 τὴν
3777 1225 3880 1260 κα-

2322 1295 2444 1367 κὴν,
2493 1295 2591 1365 τὴν
2647 1297 2783 1366 μετὰ
2825 1297 2916 1351 τοῦ
2956 1299 3183 1368 ούρανοῦ
3237 1300 3468 1370 κίνησιν.
3529 1298 3729 1367 Ἥγουν
3776 1298 3879 1365 τὴν

2323 1389 2555 1458 ἐσχάτην
2578 1388 2702 1453 τοὺς
2728 1390 3084 1460 ἀστηρίκτους
3121 1391 3556 1457 κατενεγκοῦσαν
3579 1393 3640 1442 ἐκ
3668 1388 3758 1447 τοῦ
3785 1390 3882 1441 οὒ·-

2324 1481 2506 1549 ρανίου
2545 1481 2886 1551 φρονήματος
2928 1480 3160 1555 ἀστέρας
3188 1481 3457 1552 τροπικῶς
3482 1477 3880 1549 ὀνομασθέντας

2321 1569 2407 1622 διὰ
2434 1568 2530 1640 τὴν
2563 1571 2626 1623 ἐκ
2658 1571 2750 1624 τοῦ
2785 1571 3156 1642 βαπτίσματος
3184 1571 3564 1640 λαμπρότητα.

734 1733 802 1809 Et
843 1736 982 1788 misit
1025 1752 1113 1792 eas
1156 1737 1210 1796 in
1252 1746 1468 1792 terram.
1509 1736 1628 1797 Una
1667 1739 1811 1794 enim
1844 1754 2028 1799 secum
2069 1740 2214 1811 deje-

2391 1749 2501 1801 Καὶ
2541 1748 2756 1802 ἔϐαλεν
2798 1747 3012 1812 αὐτοὺς
3064 1749 3149 1811 είς
3192 1745 3304 1812 τὴν
3328 1742 3460 1812 γῆν,
3501 1742 3877 1809 Συγκατέϐαλε

662 1828 736 1890 cit
787 1827 1080 1881 maximam
1133 1829 1449 1898 angelorum
1504 1840 1742 1898 partem,
1785 1833 2114 1899 persuadens
2159 1839 2218 1886 ut

2325 1838 2425 1909 γὰρ
2462 1840 2627 1908 ἐαυτῇ
2663 1837 2929 1891 πλείστων
2975 1835 3219 1903 ἀγγέλων
3253 1835 3441 1902 μοῖραν
3470 1831 3881 1900 amatos-curii.

659 1913 862 1992 pariter
913 1931 941 1968 a
991 1913 1099 1971 Deo
1138 1916 1506 1984 discederent,
1547 1935 1610 1974 ac
1651 1930 1897 1977 terrenos
1943 1920 2072 1975 fecit
2122 1935 2216 1976 eos

2325 1947 2408 1984 σαι
2453 1929 2688 1982 πείσασα
2731 1926 2838 1981 ἀπὸ
2864 1924 3018 1987 Θεοῦ,
3046 1926 3137 1977 καὶ
3181 1923 3445 1994 πεποίηκε
3471 1921 3710 1992 χθονῖους
3748 1923 3880 1985 τοὺς

659 2004 750 2074 qui
788 2003 999 2060 fuerant
1044 2007 1314 2076 caelestes,
1349 2018 1402 2064 et
1443 2011 1694 2065 tenebras
1736 2010 1858 2066 illos
1902 2011 1992 2081 qui
2038 2012 2215 2081 splen-

2325 2021 2613 2091 οὖρανῖους,
2645 2019 2735 2071 καὶ
2759 2015 2942 2078 σκότος
2966 2016 3087 2077 τοὺς
3107 2015 3390 2084 λαμπροὺς
3419 2013 3491 2076 ὡς
3521 2014 3771 2084 ἀστέρας.

657 2095 767 2161 didi
804 2095 1019 2154 fuerant
1052 2099 1103 2152 in
1133 2100 1352 2154 modum
1390 2102 1691 2156 stellarum.

725 2185 839 2253 Xll,
869 2188 923 2254 4,
960 2189 1011 2243 5.
1056 2190 1124 2242 Et
1155 2191 1313 2244 draco
1347 2193 1490 2245 stetit
1515 2201 1636 2246 ante
1673 2191 1940 2246 mulierem
1976 2208 2093 2261 quoa
2118 2208 2215 2259 pa-

2389 2194 2498 2247 Kul
2535 2196 2566 2245 ό
2611 2192 2842 2258 δράκων
2878 2190 3135 2256 ἕστηκεν
3174 2188 3426 2242 ἐνώπιον
3460 2187 3569 2256 τῆς
3594 2186 3874 2258 γυναικός

656 2279 826 2334 ritura
856 2290 988 2342 erat,
1010 2289 1066 2333 ut
1085 2298 1201 2334 cum
1215 2284 1506 2349 peperisset.
1523 2283 1692 2350 [ilium
1707 2284 1819 2350 ejus
1840 2283 2129 2336 devoraret.
2149 2282 2216 2334 Et

2325 2282 2425 2349 τῆς
2445 2281 2792 2349 μελλούσης
2820 2279 3030 2343 τεκεῖν,
3073 2279 3174 2331 ἵνα
3209 2279 3354 2331 ὅταν
3378 2277 3536 2346 τέκῃ,
3566 2275 3630 2329 τὸ
3658 2275 3880 2328 τέκνον

654 2370 850 2438 peperit
892 2369 1063 2436 ﬁlium
1109 2370 1403 2423 musculum
1453 2373 1542 2438 qui
1593 2381 1830 2424 recturus
1880 2379 1994 2427 erat
2040 2387 2216 2424 omnes

2325 2373 2507 2440 αὐτῆς
2555 2369 2882 2439 καταφάγῃ.
2937 2369 3044 2424 Kal
3097 2371 3303 2423 ἔτεκεν
3353 2370 3485 2423 υίὸν
3528 2369 3764 2439 ἄρρενα,
3805 2367 3880 2435 ὃς

655 2468 829 2536 gentes
862 2459 917 2511 in
948 2460 1096 2529 virga
1129 2459 1319 2527 ferrea.
1350 2458 1416 2510 Et
1453 2472 1636 2528 raptus
1668 2469 1743 2513 est
1778 2460 1918 2537 ﬁlius
1946 2461 2112 2528 ipsius
2147 2459 2217 2512 ad

2325 2465 2525 2530 μέλλει
2561 2463 2892 2528 ποιμαίνειν
2947 2459 3142 2514 πάντα
3179 2461 3249 2514 τὰ
3282 2460 3423 2526 ἔθνη
3465 2459 3531 2511 ἐν
3550 2457 3749 2526 ῥάϐδῳ
3776 2473 3877 2510 σι-

661 2549 822 2602 Deum
856 2559 902 2602 et
939 2550 1007 2611 ad
1047 2551 1288 2611 thronum
1315 2550 1428 2616 ejus
1461 2565 1478 2602 :
1515 2559 1562 2601 et
1588 2549 1778 2602 mulier
1805 2549 1938 2617 fugit
1967 2550 2021 2601 in
2046 2550 2218 2601 deser-

2325 2550 2489 2617 δηρᾷ.
2528 2550 2634 2603 Καὶ
2666 2550 2941 2617 ἡρπάσθη
2990 2549 3054 2602 τό
3105 2550 3317 2602 τέκνον
3344 2548 3531 2615 αὐτῆς
3580 2549 3725 2614 πρὸς
3768 2549 3879 2598 τὸν

657 2647 788 2702 tum,
813 2640 899 2691 ubi
927 2639 1077 2692 habet
1109 2640 1274 2697 locum
1308 2639 1378 2692 ibi
1424 2650 1667 2707 paratum
1705 2656 1735 2690 α
1780 2637 1906 2701 Deo,
1939 2649 1993 2689 ut
2025 2639 2096 2693 ibi
2125 2652 2220 2704 pa-

654 2739 801 2790 scant
833 2747 944 2783 eam
973 2732 1155 2784 diebus
1188 2731 1329 2784 mille
1360 2731 1598 2784 ducentis
1633 2731 1927 2799 sexaginta,

2323 2640 2470 2693 Θεὸν
2518 2640 2611 2690 καὶ
2658 2639 2805 2706 πρὸς
2846 2639 2951 2692 τὸν
3006 2640 3220 2706 θρόνον
3261 2638 3477 2691 αὐτοῦ’
3507 2637 3605 2689 καί
3639 2638 3675 2703 ἡ
3713 2638 3876 2704 γυνὴ

2319 2734 2540 2801 ἔφυγεν
2578 2734 2663 2796 είς
2700 2731 2814 2797 τὴν
2863 2731 3105 2798 ἔρημον,
3164 2729 3316 2782 ὅπου
3360 2730 3483 2796 ἔχει
3533 2727 3659 2780 ἐκεῖ
3689 2729 3881 2779 τόπον

2319 2822 2758 2892 ἡτοιμασμένον
2779 2821 2895 2877 ὑπὸ
2920 2821 3023 2875 τοῦ
3051 2821 3219 2884 Θεοῦ,
3245 2821 3342 2873 ἵνα
3363 2819 3484 2872 ἐκεῖ
3515 2819 3577 2871 ἐκ
3588 2817 3882 2886 τρέφωσιν

2322 2916 2513 2984 αὐτὴν
2549 2915 2770 2984 ἡμέρας
2797 2915 2993 2982 χιλίας
3019 2913 3332 2979 διακοσίας
3355 2911 3666 2979 ἐξήκοντα.

726 3002 881 3067 Quod
929 3003 1140 3057 steterit
1188 3002 1354 3058 draco
1403 3001 1632 3055 insidias
1687 3001 1912 3055 moliens
1952 3001 2215 3057 adversus

2391 3008 2466 3059 Τὸ
2516 3007 2572 3058 δὲ
2619 3006 2905 3076 ἐστηκέναι
2950 3005 3040 3056 τὸν
3089 3003 3356 3074 δράκοντα
3399 3001 3693 3062 ἐπιϐούλως
3734 2997 3881 3052 κατὰ

655 3105 892 3166 partum,
933 3092 1034 3146 hoc
1067 3091 1338 3160 significat
1367 3090 1512 3161 quod
1550 3090 1771 3144 multam
1802 3078 2056 3144 adhibeat
2087 3090 2211 3144 dili-

2325 3099 2409 3154 τοῦ
2443 3099 2601 3151 τόκου
2654 3096 3132 3166 ἐνσκευαζόμενον,
3180 3096 3337 3146 τοῦτο
3373 3094 3523 3164 δηλοῖ
3566 3095 3645 3146 ὅτι
3679 3091 3882 3161 πολλὴν

658 3184 891 3252 gentiam
925 3183 1016 3234 ubi
1045 3182 1247 3250 aliquid
1278 3182 1600 3250 productum
1634 3191 1734 3245 est,
1770 3196 1878 3248 quo
1910 3181 2213 3234 molestiam

2325 3190 2635 3259 ἐπιμέλειαν
2662 3191 2951 3256 πεποίηται
2979 3187 3055 3254 τῷ
3076 3186 3318 3255 τεχθέντι
3345 3184 3618 3254 ἐξαρτίσαι
3657 3181 3725 3236 τὰ
3746 3183 3876 3234 δυσ-

658 3272 845 3349 aﬂerat
882 3288 894 3323 :
930 3281 984 3325 et
1013 3287 1262 3339 quaenam
1294 3273 1378 3324 lue
1410 3272 1540 3336 sint,
1573 3271 1682 3339 jam
1713 3271 1917 3323 dictum
1958 3279 2063 3325 est.

732 3357 799 3409 Et
826 3371 1004 3425 raptus
1031 3367 1104 3412 est
1134 3359 1274 3422 ﬁlius
1300 3359 1463 3426 ipsius
1496 3359 1562 3409 ad
1590 3359 1774 3410 Deum.
1798 3356 2025 3412 Pestifer
2053 3359 2219 3412 draco

660 3449 946 3513 insidiatus
978 3455 1081 3511 est,
1104 3457 1156 3502 et
1191 3446 1457 3502 Herodem
1492 3447 1864 3501 exstimulavit
1897 3457 1955 3500 ut
1985 3447 2219 3502 infantes

660 3542 714 3593 in
774 3537 1086 3603 Betltlehem
1141 3537 1436 3599 occideret,
1488 3535 1647 3605 quasi
1698 3537 1839 3590 inter
1889 3537 2011 3592 illos
2055 3537 2220 3590 etiam

659 3629 937 3704 Qhristum
975 3628 1398 3695 interempturus
1441 3635 1585 3682 esset
1622 3644 1636 3680 :
1673 3625 1804 3695 puer
1841 3635 2021 3681 autem
2061 3626 2223 3698 754

660 3723 889 3777 insidias
939 3721 1126 3793 ellugit
1163 3723 1251 3776 Dei
1289 3720 1464 3777 Patris
1499 3721 1860 3790 providentia,
1896 3720 2219 3791 quilloseplt

660 3815 883 3880 praculo
912 3813 1195 3868 admonuit
1235 3821 1292 3867 ut
1317 3828 1380 3867 eo
1411 3813 1693 3881 ipsiusque
1726 3821 1898 3866 matre
1927 3814 2220 3883 assumptis

663 3907 871 3980 fugeret
918 3906 970 3971 in
1015 3905 1330 3976 IEgyptum.
1380 3905 1618 3961 Salutem
1669 3905 1853 3974 itaque
1907 3906 1958 3959 in
2007 3915 2219 3974 raptum

662 3999 1041 4062 commutavit,
1096 3999 1282 4051 dicens
1319 4013 1330 4047 :
1367 3995 1564 4062 Raptus
1624 4007 1699 4050 est
1748 3996 1816 4048 ad
1849 3995 2013 4049 Deum
2053 4005 2100 4049 et
2153 3996 2222 4048 ad

666 4090 906 4152 tiu-onum
950 4089 1092 4156 ejus;
1139 4088 1240 4140 hoc
1294 4096 1395 4147 est,
1449 4103 1514 4139 cx
1567 4087 1747 4143 divina
1799 4075 2136 4154 providentia
2172 4095 2224 4138 et

666 4180 1040 4232 dominatione
1082 4193 1246 4246 puero
1275 4178 1338 4230 ad
1373 4177 1600 4252 salutem
1627 4177 1891 4243 disposita
1922 4191 1934 4228 :
1967 4189 2089 4226 nam
2123 4175 2224 4227 hoc

668 4269 976 4336 signiﬁcare
1005 4268 1115 4318 vult
1149 4267 1396 4326 thronus.

739 4356 808 4408 Et
845 4356 1030 4418 mulier
1055 4355 1187 4422 fugit
1215 4355 1267 4406 in
1294 4354 1574 4406 desertum.
1611 4352 1850 4409 Mulieris
1878 4351 1999 4421 fuga
2029 4352 2096 4406 ad
2127 4351 2222 4404 de-
2251 4386 2305 4445 Ι)

667 4457 871 4502 sertum
914 4447 1184 4516 signiﬁcat
1238 4445 1534 4498 electorum
1591 4442 1791 4512 fugam,
1828 4459 1933 4511 qua
1963 4443 2015 4496 in
2061 4443 2222 4496 Anti-

666 4538 859 4610 christi
923 4537 1160 4605 adventu
1215 4533 1355 4588 facto
1418 4549 1514 4604 per
1566 4535 1930 4604 operationem
1993 4532 2222 4598 Satanm,

668 4628 876 4697 fugient
910 4624 1166 4697 praecipui
1216 4625 1460 4680 omnium
1490 4625 1582 4694 qui
1633 4625 1686 4678 in
1719 4624 1961 4679 Ecclesia
1994 4623 2222 4687 fuerint,

665 4739 693 4775 a
726 4721 975 4773 civilibus
1001 4719 1403 4775 turbationibus
1425 4720 1824 4788 mundanisque
1858 4720 2226 4788 voluptatibus

668 4811 936 4880 fugientes
985 4825 1159 4864 annos
1211 4820 1320 4864 tres
1362 4821 1413 4864 et
1440 4811 1722 4864 dimidium
1767 4828 1779 4862 :
1830 4821 2034 4864 tantum
2075 4810 2220 4863 enim

666 4901 966 4972 temporale
996 4900 1209 4968 explent
1241 4902 1475 4969 spatium
1519 4902 1665 4955 mille
1699 4901 1912 4972 ducenti
1949 4901 2222 4969 sexaginta

665 4996 801 5050 dies.

1201 5099 1426 5156 CAPUT
1466 5100 1704 5154 XXXIV.

673 5201 746 5255 De
767 5198 1043 5254 connnisso
1073 5193 1255 5263 prtelio
1295 5193 1431 5263 inter
1467 5204 1673 5245 sanctos
1704 5194 1914 5258 angelos
1957 5202 2004 5245 et
2035 5211 2223 5260 pravas

982 5262 1282 5335 potestates,
1313 5274 1357 5318 et
1387 5262 1449 5319 de
1484 5278 1607 5314 casu
1647 5263 1909 5329 draconis.
2042 5264 2050 5286 τ
2085 5266 2089 5271 ’

740 5439 854 5502 Xll.
899 5441 1016 5494 7-9.
1061 5444 1125 5493 Et
1168 5440 1365 5508 factum
1401 5448 1474 5491 est
1524 5439 1765 5504 pra’lium
1822 5440 1873 5490 in
1918 5441 2086 5493 co'lo:
2125 5441 2226 5493 Mi-

673 5509 818 5596 chael
847 5538 893 5580 et
943 5530 1112 5598 angeli
1162 5531 1271 5606 ejus
1303 5529 1533 5598 pra'liati
1572 5539 1692 5582 sunt
1733 5545 1848 5581 cum
1891 5537 2135 5591 dracone,
2177 5543 2225 5584 et

2320 3282 2454 3348 χερῆ
2470 3296 2482 3308 ·
2514 3279 2609 3331 καὶ
2630 3277 2750 3331 τίνα
2772 3276 2962 3338 ταῦτα,
2987 3276 3220 3344 εἴρηται.

2393 3369 2496 3421 Kal
2528 3365 2810 3433 ἡρπάσθη
2840 3366 2906 3417 τὸ
2932 3365 3147 3417 τέκνον
3190 3362 3374 3427 αὐτῆς
3403 3363 3549 3429 πρὸς
3577 3363 3681 3415 τὸν
3705 3363 3878 3414 Θεόν.

2334 3458 2392 3510 '0
2441 3457 2536 3524 μὲν
2585 3455 2785 3517 ίοϐόλος
2835 3454 3049 3523 δράκων
3097 3453 3385 3522 ἐνήδρευσε
3429 3453 3523 3503 καὶ
3572 3449 3884 3521 παρέθηξεν

2334 3547 2578 3616 Ἡρώδην
2603 3545 2812 3597 ἀνελεῖν
2850 3543 2917 3596 τὰ
2960 3545 3015 3594 ἐν
3043 3541 3286 3611 Βηθλεέμ
3325 3541 3518 3610 βρέφη,
3549 3541 3622 3602 ὡς
3654 3540 3710 3590 ἐν
3737 3539 3886 3591 ἐκεί-

2325 3655 2435 3700 νοις
2482 3637 2577 3689 καὶ
2626 3635 2855 3704 Χριστὸν
2901 3634 3240 3703 ἀναιρήσωνο
3304 3633 3364 3684 τὸ
3396 3632 3451 3684 δέ
3484 3631 3694 3686 παιδίον
3740 3629 3882 3683 Θεοῦ

2313 3726 2550 3797 ’προνοίᾳ
2593 3725 2687 3779 τοῦ
2743 3725 2949 3795 Πατρδς
3026 3723 3458 3795 χρηματίσαντος
3507 3721 3584 3792 τῷ
3647 3722 3884 3790 Ἰωσὴφ,

2325 3815 2705 3887 παραλαϐόντα
2734 3813 2864 3868 αὐτὸ
2892 3814 2984 3866 καὶ
3005 3813 3102 3883 τὴν
3127 3813 3337 3883 μητέρα
3365 3810 3527 3864 αὐτοῦ
3560 3809 3777 3880 φεύγειν
3800 3811 3884 3874 εἰς

2323 3906 2614 3970 Αἴγυπτον,
2639 3903 2857 3970 διέφυγε
2880 3901 2977 3971 τὴν
2999 3901 3307 3970 ἐπιϐουλήν.
3343 3901 3452 3968 Τὴν
3477 3898 3747 3968 σωτηρίαν
3771 3898 3886 3950 τοί-

2325 4015 2418 4049 νυν
2451 3997 2527 4056 είς
2553 3994 2806 4064 ἁρπαγὴν
2835 3992 3010 4056 ἔταξε,
3045 3992 3196 4058 Πρὸς
3225 3991 3332 4043 τὸν
3360 3991 3524 4054 Θεὸν,
3554 3990 3750 4056 λέγων,
3780 3988 3885 4042 καὶ

2327 4085 2475 4151 πρὸς
2504 4085 2610 4137 τὸν
2640 4087 2854 4150 θρόνον
2898 4083 3104 4146 αὐτοῦ,
3137 4084 3296 4134 οἱονεὶ
3342 4085 3404 4133 ἐκ
3441 4083 3536 4149 τῆς
3567 4080 3713 4141 Θείας
3747 4097 3886 4149 προ-

2329 4174 2473 4233 νοίας
2505 4173 2596 4224 καὶ
2633 4172 2945 4232 δεσποτείας
2980 4172 3328 4238 διακειμένης
3360 4171 3457 4238 τῆς
3501 4170 3770 4239 σωτηρίας
3803 4170 3884 4239 τῷ

2332 4261 2526 4330 παιδίῳ
2545 4276 2557 4291 ·
2590 4261 2745 4312 τοῦτο
2772 4261 2877 4330 γὰρ
2900 4263 2926 4311 ό
2963 4259 3146 4329 Θρὸνος
3176 4259 3420 4328 βούλεται
3449 4259 3659 4328 δηλοῦν.

2401 4350 2510 4402 Kal
2561 4351 2598 4418 ἡ
2650 4349 2800 4417 γυνὴ
2847 4349 3068 4422 ἔφυγεν
3109 4351 3192 4414 είς
3223 4349 3335 4414 τὴν
3384 4351 3623 4417 ἔρημον.
3672 4350 3736 4402 Ἠ
3785 4350 3885 4418 τῆς

2332 4440 2584 4508 γυναικὸς
2625 4440 2768 4510 φυγὴ
2811 4443 2888 4505 εἰς
2935 4442 3030 4510 τὴν
3077 4443 3279 4511 ἔρημον
3312 4441 3405 4512 τὴν
3457 4442 3565 4493 τῶν
3609 4441 3887 4494 ἐκλεκτῶν

2331 4530 2508 4597 φυγὴν
2540 4529 2809 4599 σημαίνει,
2842 4535 2908 4601 ἢν
2939 4534 3028 4584 ἐπὶ
3061 4534 3357 4602 παρουσίας
3385 4533 3476 4584 τοῦ
3515 4533 3884 4603 Ἀντιχρίστου

2329 4621 2432 4677 ὑπο
2460 4620 2550 4672 τοῦ
2588 4621 2830 4673 διαϐόλου
2871 4625 3262 4693 ἐνεργουμένης
3309 4624 3590 4692 φεύξονται
3643 4627 3689 4675 oi
3721 4641 3886 4693 κορυο

2329 4713 2604 4781 φαιότατοι
2639 4715 2736 4782 τῆς
2793 4714 3135 4782 Ἐκκλησίας,
3168 4717 3230 4767 ἐκ
3259 4715 3365 4767 τῶν
3396 4715 3687 4767 πολιτικῶν
3717 4714 3883 4783 Θορύ-

2329 4805 2438 4857 ϐων
2478 4804 2570 4856 καὶ
2601 4803 2875 4871 κοσμικῶν
2914 4804 3201 4870 φεύγοντες
3251 4805 3448 4874 ἡδονῶν
3501 4807 3594 4858 ἐπὶ
3631 4805 3722 4874 ἔτη
3757 4806 3886 4874 τρία

2327 4897 2517 4964 ἥμισυ.
2577 4892 2746 4946 Τοῦτο
2799 4893 2907 4963 γὰρ
2956 4894 3012 4946 αἱ
3073 4894 3242 4962 χίλιαι
3297 4896 3564 4949 διακόσιαι
3621 4897 3884 4966 ἐξήκοντα

2329 4987 2527 5057 ἡμέραι
2555 4984 2801 5057 χρονικὺν
2832 4983 3139 5036 συντελοῦσι
3169 4984 3459 5054 διάστημα.
3687 4968 3694 4976 ’

2909 5099 3154 5161 ΚΕΦΑΔ.
3199 5095 3315 5150 ΛΔ’.

2327 5194 2462 5259 Περὶ
2498 5195 2603 5246 τοῦ
2634 5196 2955 5262 γενομένου
2986 5192 3248 5262 πολέμου
3282 5191 3505 5262 μεταξὺ
3555 5190 3670 5244 τῶν
3697 5191 3883 5262 ἁγίων

2343 5265 2352 5281 ³
2396 5258 2684 5329 ἀγγέλων,
2717 5258 2810 5316 καὶ
2845 5262 2960 5314 τῶν
2986 5258 3262 5329 πονηρῶν
3287 5258 3611 5328 δυνάμεων,
3639 5263 3733 5314 καί
3773 5258 3886 5324 τῆς

2398 5328 2826 5395 καταπτώσεως
2862 5331 2963 5383 τοῦ
2993 5328 3334 5395 δράκοντος.

2398 5442 2503 5494 Kal
2527 5441 2759 5508 ἐγένετο
2784 5443 3038 5507 πόλεμος
3063 5440 3130 5491 ἐν
3152 5437 3228 5503 τῷ
3253 5437 3500 5506 οὐρανῷ.
3546 5439 3607 5491 '0
3636 5436 3882 5505 Μιχαὴλ

2330 5532 2423 5584 καὶ
2449 5535 2498 5583 οι
2528 5532 2762 5600 ἄγγελοι
2806 5532 2988 5585 αὑτοῦ
3027 5530 3409 5617 ἐπολέμησαν
3434 5530 3580 5611 μετὰ
3612 5528 3717 5582 τοῦ
3741 5527 3884 5594 (Spri-

673 5620 833 5692 draco
854 5621 1091 5688 pugnavit
1116 5630 1161 5673 et
1190 5621 1359 5689 angeli
1388 5620 1520 5688 ejus,
1548 5629 1595 5672 ct
1629 5635 1725 5672 non
1754 5619 2042 5688 valuerunt,
2068 5639 2223 5690 neque

2330 5639 2566 5688 κοντος·
2598 5623 2694 5676 καὶ
2724 5626 2754 5676 ό
2790 5623 3019 5690 δράκων
3049 5609 3380 5693 ἐπολέμησε
3415 5609 3512 5674 καί
3551 5622 3603 5673 οί
3643 5619 3890 5692 ᾆγγελοι
