4106 6334
247 254 362 317 669

1280 251 1650 313 ΟΟΜΜΕΝΤ.
1692 253 1774 313 ΙΝ
1815 255 2334 317 APOCALYPSIN.

3319 270 3421 331 670

329 363 432 416 Καὶ
465 361 760 428 ἐδόθησαν
805 360 876 426 τῇ
908 359 1152 428 ’γυναικί
1188 361 1293 413 δύο
1344 363 1624 430 πτέρυγες
1674 364 1778 415 τοῦ

1946 365 2012 417 Et
2038 367 2175 420 data:
2195 379 2315 419 sunt
2349 369 2558 422 mulieri
2583 371 2703 424 duce
2721 373 2820 424 αιιυ
2848 375 3034 441 aquilae
3058 381 3276 442 magitar.
3306 377 3423 430 Non

252 453 433 504 ἀετοῦ
463 452 565 504 τοῦ
587 451 867 519 μεγάλου.
897 453 968 504 Οὐ
992 451 1260 518 γέγονενή
1290 455 1442 519 γυνὴ,
1478 454 1656 520 φησὶν,
1687 454 1788 504 ὑπὸ

253 543 418 607 χεῖρα
445 539 537 591 τοῦ
568 541 799 601 Σατανᾶ,
827 539 959 590 ἀλλὰ
982 541 1096 599 ταῖς
1120 538 1381 600 δοθείσαις
1403 540 1519 590 δυσὶ
1540 540 1786 608 πτέρυξιν

255 629 457 695 ἔφυγεν
488 630 566 688 είς
621 627 718 696 τὴν
747 626 970 695 ἔρημον.
1003 628 1280 694 Πτέρυγας
1330 627 1421 679 δύο
1468 627 1610 695 λέγει
1659 646 1790 697 χρη-

259 723 566 787 ματισμοὺς
616 720 765 789 παρὰ
810 721 917 772 τῶν
963 720 1222 786 ἀγγέλων,
1264 719 1355 770 ἕνα
1388 719 1484 785 μὲν
1527 720 1616 771 τὸν
1664 721 1787 780 τοὺς

257 810 481 876 Μάγους
520 811 592 880 μὴ
621 810 932 878 ἀνακάμψαι
985 810 1119 877 πρδς
1155 807 1394 876 Ἡρώδην
1422 809 1788 877 διαστειλάμε-

259 916 354 950 νον
379 915 393 929 ⁶
421 899 607 968 ἓτερον
635 900 690 951 δὲ
717 900 825 960 τὸν,
857 919 873 950 ι
902 898 1068 963 Φεῦγε
1090 898 1165 958 είς
1185 896 1469 961 Αἴγυπτον,
1495 898 1785 963 φάσκοντα.

259 988 358 1038 καὶ
390 987 496 1039 ίσθι
537 989 651 1038 ἐκεῖ
675 1003 689 1017 ·
728 1005 746 1037 ι
781 988 897 1053 ἥτις
927 982 992 1054 ἧν
1019 987 1218 1052 ἔρημος
1251 983 1576 1046 θεοσεϐείας.
1607 986 1670 1036 '0
1702 985 1794 1037 καὶ

261 1077 587 1143 παράδοξον,
620 1078 676 1125 ἐν
705 1075 917 1126 ἀσεϐέσι
947 1075 1006 1125 τὸ
1030 1073 1181 1125 Θεῖον
1210 1073 1564 1142 ἐκτραφῆναι.
1592 1074 1794 1142 Καιρὸν

256 1163 319 1214 δὲ
349 1165 439 1216 καὶ
470 1163 692 1230 καιροὺς
713 1163 801 1214 καὶ
828 1163 994 1230 ἥμισυ
1025 1161 1236 1230 καιροῦ,
1265 1163 1361 1228 τὴν
1397 1162 1673 1232 διατριϐὴν
1702 1163 1796 1230 τὴν

260 1251 343 1310 είς
376 1251 578 1318 ἔρημον
611 1253 776 1318 σχεῖν,
809 1249 837 1300 ὃ
859 1252 936 1310 εἰς
963 1251 1085 1320 τρία
1116 1251 1210 1318 ἐτη
1259 1254 1351 1304 καὶ
1386 1252 1553 1320 ἥμισυ
1607 1268 1796 1317 συγκε-

260 1335 584 1404 φαλαιοῦται
622 1338 714 1390 τοῦ
747 1340 842 1407 τῆς
871 1339 1011 1407 ζωῆς
1045 1339 1282 1410 Ἡρώδου
1312 1341 1522 1410 χρόνου.

336 1508 442 1560 Καὶ
492 1508 702 1559 ἔϐαλεν
730 1510 761 1560 ὀ
805 1509 935 1574 ὄφις
976 1509 1042 1560 ἐκ
1080 1508 1201 1589 τοῦ¹
1248 1509 1540 1576 στόματος
1587 1511 1794 1563 αὐτοῦ.

256 1595 372 1662 Τῆς
407 1595 692 1663 ἐπιϐουλῆς
719 1596 998 1664 ἀποτυχὼν
1042 1597 1138 1661 τῆς
1168 1599 1306 1648 κατὰ
1343 1599 1436 1664 τῆς
1468 1599 1737 1665 Παρθένου
1772 1601 1798 1651 δ

253 1661 400 1745 ὄφις,
427 1681 591 1748 ἄλλην
621 1661 746 1750 ἡμῖν
783 1661 1076 1734 ἑνετῖαίνισε
1106 1683 1246 1734 κατὰ
1271 1684 1366 1750 τῆς
1395 1661 1667 1751 Παρθένου
1703 1687 1794 1735 καὶ
1832 1661 1870 1712 Β

252 1769 350 1820 τοῦ
385 1772 585 1839 ταύτης
616 1770 745 1823 Υίοῦ
773 1770 1208 1839 δραματουργίαν
1249 1773 1387 1824 κατὰ
1435 1773 1524 1822 τὸν
1571 1773 1795 1839 σταυρὸν

221 1908 224 1910 .
252 1857 458 1924 λέγων,
488 1861 554 1911 δι’
583 1853 657 1914 ὧν
678 1864 771 1912 καὶ
801 1865 866 1930 τῇ
894 1862 1075 1927 Μητρὶ
1108 1861 1203 1923 τὴν
1233 1861 1317 1913 διὰ
1368 1861 1428 1912 τδ
1461 1862 1627 1921 πάθος
1674 1863 1796 1913 ἀπι-

254 1947 412 1998 στίαν
473 1949 809 2012 ἓνεσκεύαζε,
865 1951 959 2002 καὶ
1016 1949 1090 2015 τῷ
1139 1948 1250 2016 Υίῷ
1295 1949 1390 2016 τὴν
1443 1949 1528 1999 διὰ
1568 1948 1791 1999 θανάτου

251 2037 551 2088 ἀπώλειαν.
589 2039 828 2104 Ποταμὸν
878 2038 933 2089 δὲ
974 2042 1036 2089 ἐκ
1082 2036 1174 2087 τοῦ
1217 2036 1474 2103 στόματός
1533 2053 1660 2102 φησι
1707 2037 1793 2086 τὸν

256 2125 385 2189 ὅφιν
408 2123 655 2174 ἐκϐαλεῖν
677 2125 798 2185 τοὺς
829 2124 1183 2192 πειρασμοὺς,
1221 2123 1293 2183 ὡς
1321 2124 1545 2189 σύνηθες
1580 2125 1791 2184 τούτους

252 2215 335 2273 εἰς
372 2212 514 2279 ὕδωρ
542 2213 635 2264 καὶ
672 2213 944 2279 ποταμοὺς
986 2213 1300 2280 ἀλληγορεῖν
1335 2215 1401 2280 τῇ
1445 2213 1626 2280 Γραφῇ
1659 2213 1790 2279 (55).

253 2300 504 2367 Ποταμὸν
523 2300 636 2362 οὖν,
664 2303 718 2352 ὲν
746 2301 821 2368 τῷ
858 2301 1015 2353 πάθει
1043 2299 1135 2352 τοῦ
1165 2301 1366 2368 Κυρίου
1399 2302 1703 2369 πειρασμὸν
1727 2305 1791 2371 τῇ

252 2388 440 2454 Μητρὶ
471 2389 812 2454 ἐγγινόμενον
849 2389 1012 2454 λέγει.
1055 2391 1148 2440 Ὃν
1188 2389 1280 2440 καὶ
1324 2390 1544 2457 Συμεὼν
1588 2391 1615 2440 ὁ
1661 2409 1792 2459 πρε-

256 2475 462 2542 σϐύτης
491 2478 622 2541 φησὶ
646 2479 710 2546 τῇ
743 2472 1029 2546 Παρθένῳ·
1062 2497 1079 2528 ι
1117 2480 1224 2530 Καὶ
1253 2478 1342 2529 σοῦ
1392 2479 1448 2530 δὲ
1496 2480 1659 2546 αὐτῆς
1698 2482 1792 2548 τὴν

251 2565 432 2632 ψυχὴν
464 2565 789 2618 διελεύσεται
841 2569 1095 2636 ῥομφαία.
1152 2586 1169 2618 ›
1229 2569 1333 2620 Καὶ
1368 2567 1424 2620 τὸ
1480 2569 1663 2630 αἴτιον,
1714 2572 1792 2628 είς

251 2655 566 2722 παράτασιν
594 2656 686 2706 τοῦ
716 2656 925 2725 ἀληθῶς
969 2657 1134 2724 αὐτὴν
1175 2657 1428 2724 ὼδινῆσαι
1469 2658 1558 2708 καὶ
1596 2661 1788 2720 τεκεῖν,

253 2742 374 2795 ἀλλ’
395 2745 454 2794 ού
485 2745 770 2812 φαντασίᾳ.

321 2830 431 2881 Καὶ
469 2830 797 2893 ἐϐοήθησεν
835 2830 871 2894 η
902 2829 974 2895 γῆ
1011 2829 1085 2894 τῇ
1111 2831 1362 2896 γυναικί.
1399 2831 1470 2879 Τὸ
1505 2830 1597 2895 μὲν
1632 2845 1794 2880 καταο

1894 453 2123 516 devenit,
2157 454 2352 521 inquit,
2386 457 2574 508 mulier
2603 458 2656 508 in
2687 474 2877 512 manus
2917 459 3147 521 Satanae,
3170 463 3262 514 sed
3287 464 3425 517 datis

1863 543 1992 623 .sibi
2026 544 2232 595 duabus
2266 544 2364 596 alis
2394 543 2527 611 fugit
2551 545 2604 598 in
2636 548 2927 600 desertum.
2962 549 3106 602 Duas
3142 553 3255 604 alas
3300 553 3427 605 dicit

1894 632 2106 684 oracula
2138 633 2205 684 ab
2225 632 2422 699 angelis
2456 633 2577 684 data
2616 651 2628 685 :
2665 649 2830 684 unum
2857 636 3072 700 quidem
3105 653 3211 704 quo
3258 637 3425 703 Magis

1893 731 2208 790 prazceptum
2227 731 2308 775 est
2332 736 2397 774 ne
2413 721 2725 774 redirentad
2751 720 3036 786 Herodem,
3056 726 3278 777 alterum
3305 740 3428 778 vero

1893 825 1999 877 quo
2019 810 2216 862 dictum
2241 818 2322 862 est
2347 826 2359 861 :
2385 827 2402 860 ι
2435 809 2575 876 Fuge
2602 809 2652 860 in
2683 807 2968 877 Egyptum
2987 821 3037 862 et
3059 822 3172 863 esto
3207 814 3276 863 ibi
3298 815 3365 875 '“,
3404 831 3422 861 ι

1893 913 2011 966 qua:
2039 899 2246 951 deserta
2276 906 2389 950 erat
2422 913 2451 950 a
2483 896 2664 949 divino
2692 898 2836 949 cultu
2890 914 2902 949 :
2968 899 3108 966 quod
3137 901 3297 950 etiam
3333 901 3427 951 ad-

1895 986 2191 1039 mirandum
2250 993 2404 1048 erat,
2459 999 2646 1052 nempe
2696 985 2930 1037 divinum
2983 984 3236 1037 infantem
3290 987 3428 1038 inter

1894 1075 2086 1142 impios
2137 1074 2384 1127 enutriri.
2442 1072 2673 1140 Tempus
2727 1083 2901 1125 autem
2956 1082 3003 1126 et
3074 1083 3310 1140 tempora
3365 1089 3426 1126 ac

1894 1163 2173 1218 dimidium
2219 1163 2471 1230 temporis
2515 1163 2788 1214 continere
2842 1161 3026 1214 dicunt
3060 1162 3426 1214 conversatio-

1894 1269 2014 1306 nem
2055 1268 2117 1306 ac
2146 1267 2352 1305 moram
2399 1267 2501 1320 qua
2529 1251 2628 1304 fuit
2653 1251 2703 1302 in
2733 1252 2964 1312 deserto,
2991 1251 3040 1301 id
3073 1261 3152 1304 est
3178 1251 3420 1318 Aﬂgyplo,

1895 1358 2013 1411 qua:
2049 1353 2153 1395 tres
2193 1356 2361 1394 annos
2391 1350 2441 1394 et
2467 1343 2743 1394 dimidium
2775 1340 3176 1407 comprehcndit
3223 1351 3428 1408 tempo-

1897 1433 1969 1483 ris
1994 1431 2114 1483 vitaa
2136 1430 2380 1482 Herodis.

1971 1518 2038 1570 Et
2060 1521 2188 1587 jecit
2233 1535 2440 1584 serpens
2478 1533 2540 1569 ex
2594 1533 2679 1569 are
2731 1533 2821 1568 suo
2855 1533 3066 1585 aquam.
3106 1516 3428 1568 Insidiarum

1899 1617 2096 1660 conatu
2127 1608 2386 1660 adversus
2411 1605 2683 1674 Virginem
2715 1605 3001 1658 frustratus
3030 1620 3273 1671 serpens,
3299 1605 3429 1657 alias

1897 1696 2060 1747 nobis
2080 1695 2350 1747 innovavit
2380 1694 2600 1746 technas
2637 1693 2891 1745 adversus
2915 1691 3181 1758 Virginem
3211 1706 3431 1758 ejusque

1895 1787 2059 1838 lilium
2113 1786 2347 1836 instante
2405 1782 2658 1848 passione
2694 1819 2707 1840 ,
2758 1783 2954 1846 quibus
3006 1788 3058 1832 et
3108 1795 3159 1830 tn
3210 1769 3427 1831 Matrem

1893 1869 2190 1921 adornabat
2249 1867 2613 1918 infidelitatem
2648 1866 2874 1931 'propter
2925 1865 3247 1930 passionem,
3279 1875 3327 1915 et
3374 1865 3427 1915 in

1893 1957 2084 2010 Filium
2103 1956 2448 2024 perditionem
2478 1969 2568 2021 per
2593 1962 2839 2007 mortem.
2872 1953 3091 2004 Flumen
3124 1968 3248 2004 vero
3268 1967 3425 2018 quem

1891 2061 1954 2098 ex
1978 2059 2070 2095 ore
2104 2042 2234 2108 jecit
2263 2055 2502 2105 serpens,
2531 2039 2663 2091 dicit
2714 2039 3048 2099 alIlictiones,
3079 2039 3425 2103 quemadmo-

1892 2138 2016 2185 dum
2042 2146 2158 2183 mos
2181 2141 2261 2183 est
2293 2129 2582 2196 Scriptura:
2608 2143 2775 2182 saera:
2802 2143 2895 2195 per
2930 2141 3096 2192 aquas
3126 2137 3175 2177 et
3209 2124 3425 2176 flumina

1893 2222 2174 2292 allegorice
2208 2222 2303 2272 has
2335 2219 2647 2285 intelligere.
2687 2218 2903 2269 Flumen
2936 2216 3097 2283 igitur
3130 2214 3258 2266 dicit
3311 2225 3426 2265 ten-

1895 2313 2146 2366 tationem
2176 2320 2229 2362 et
2256 2309 2594 2362 afﬂictionem
2646 2321 2763 2374 qua:
2808 2307 2860 2358 in
2911 2305 3156 2372 passione
3213 2302 3424 2354 Domini

1893 2399 2120 2468 contigit
2169 2398 2344 2460 Matri,
2385 2413 2542 2464 quam
2596 2405 2646 2449 et
2708 2395 2924 2447 Simeon
2970 2409 3127 2447 senex
3189 2391 3428 2459 praedixit

1896 2491 2149 2557 Virgini:
2195 2506 2210 2537 ι
2253 2486 2318 2539 Ει
2357 2496 2525 2546 tuam,
2558 2485 2750 2550 inquit,
2796 2483 3026 2534 animam
3085 2480 3428 2548 perlransibit

1895 2580 2099 2647 gladius
2127 2579 2195 2638 ⁷³,
2238 2596 2254 2624 ι
2289 2575 2444 2641 cujus
2463 2589 2623 2626 causa
2655 2574 2753 2623 fuit
2784 2573 2847 2622 ad
2881 2571 3136 2636 majorem
3164 2570 3421 2620 assertio-

1895 2684 2013 2720 nem
2041 2667 2182 2734 quod
2209 2667 2321 2730 ipsa
2358 2679 2478 2715 vere
2505 2678 2624 2714 eum
2659 2661 2988 2727 parturisset
3013 2673 3074 2710 ac
3112 2658 3425 2735 peperisset.

1890 2764 1943 2808 et
1973 2769 2077 2806 non
2112 2751 2464 2818 phantaslice.

1960 2843 2180 2909 Fuitque
2210 2851 2342 2891 terra
2373 2839 2577 2890 mulieri
2605 2836 2823 2888 auxilio.
2856 2834 3005 2896 Quod
3053 2842 3191 2884 terra
3229 2833 3426 2883 ﬂumen

253 2922 400 2970 πιεῖν
438 2918 532 2984 τὴν
591 2919 695 2982 γῆν
734 2919 822 2967 τὸν
855 2918 1090 2982 ποταμὸν
1138 2917 1282 2983 δηλοῖ
1325 2916 1384 2966 τὸ
1431 2917 1514 2966 διὰ
1567 2916 1792 2983 θανάτου

1895 2931 2245 2991 absorbuerit,
2280 2929 2440 2995 758
2473 2925 2739 2993 significat
2797 2923 3076 2974 Dominum
3108 2929 3226 2986 post
3283 2934 3423 2969 mor-

248 3005 342 3054 τὸν
376 3001 576 3069 Κύριον
609 3003 856 3065 δέξασθαι
878 3003 932 3052 ὲν
959 3003 1033 3068 τῷ
1068 3003 1326 3068 μνήματι.
1352 3003 1481 3051 Τίνα
1511 3002 1564 3051 δὲ
1593 3003 1787 3069 τρόπον

251 3092 550 3159 ἐϐοήθησεν
576 3093 608 3158 ή
641 3093 707 3158 γῆ
738 3093 802 3159 τῇ
846 3092 1095 3156 γυναικίς
1129 3091 1215 3157 Τᾠ
1247 3093 1525 3140 καταπιεῖν
1569 3092 1665 3157 τὴν
1690 3091 1790 3155 γῆν

249 3180 343 3230 τὸν
392 3178 634 3245 ποταμὸν
681 3179 739 3230 ὃν
765 3179 792 3228 ὁ
821 3178 1030 3246 δράκων
1060 3177 1245 3229 ἔϐαλεν
1294 3180 1354 3229 ὲκ
1391 3178 1480 3229 τοῦ
1530 3179 1788 3242 στόματος

252 3265 447 3317 αὑτοῦ.
486 3265 542 3317 'O
565 3266 796 3333 πόλεμος
821 3266 875 3317 δὲ
893 3267 1025 3334 πρὸς
1051 3267 1174 3326 τοὺς
1193 3265 1627 3332 χρηματίσαντας
1646 3265 1789 3325 υἱοὺς

250 3355 352 3406 καὶ
401 3355 660 3420 ἀδελφοὺς
714 3355 806 3406 τοῦ
864 3355 1130 3423 Χριστοῦ,
1189 3355 1304 3406 καθ’
1361 3355 1388 3404 ὃ
1441 3355 1650 3422 εἴρηται
1707 3355 1786 3418 τὸ,

256 3462 274 3492 ι
327 3443 650 3508 Ἀπαγγελῶ
698 3443 756 3494 τὸ
799 3442 964 3511 ὄνομά
1023 3459 1111 3494 σου
1163 3446 1274 3503 τοῖς
1319 3443 1557 3508 ἀδελφοῖς
1612 3459 1730 3508 μου,
1766 3461 1782 3491 ι

249 3531 475 3590 Τούτοις
507 3531 562 3581 δὲ
596 3531 652 3594 ἐξ
699 3531 865 3597 ὀργῆς
917 3534 1166 3597 πολεμεῖν
1219 3532 1394 3598 ἔκρινε
1427 3534 1534 3588 τοῖς
1584 3532 1788 3590 πιστοῖς

248 3619 346 3670 τοῦ
377 3617 603 3684 Κυρίου,
638 3619 685 3668 οἳ
715 3622 778 3686 τῇ
813 3619 942 3685 πρὸς
991 3618 1149 3669 αὑτὸν
1178 3621 1452 3686 εἰλικρινεί
1494 3620 1667 3670 πίστει
1698 3620 1790 3669 καὶ

249 3704 488 3755 διαθέσει
545 3703 638 3753 καὶ
699 3705 777 3763 εἰς
833 3704 1144 3768 συγγένειαν
1188 3703 1346 3752 αὑτοῦ
1387 3703 1787 3769 ἁνελήφθησαν,

251 3793 436 3854 καθὼς
486 3793 632 3843 ἐστιν
675 3792 838 3843 αὑτοῦ
901 3791 1158 3842 ἀκοῦσαν
1221 3808 1239 3840 ι
1304 3792 1506 3856 Μήτηρ
1537 3807 1636 3856 μου
1696 3790 1790 3840 καὶ

251 3882 469 3949 ἀδελφοί
503 3881 600 3949 μού
625 3883 760 3933 εἰσιν
790 3883 836 3932 οἱ
865 3881 1134 3940 ποιοῦντες
1161 3879 1219 3930 τὸ
1244 3879 1450 3946 θέλημα
1474 3880 1565 3930 τοῦ
1587 3873 1789 3945 Πατρός

254 3990 362 4041 μου
399 3971 489 4024 τοῦ
516 3974 572 4023 ὲν
598 3973 864 4041 οὐρανοῖς.
899 3991 914 4021 ι

803 4079 1044 4130 sema.
1077 4076 1214 4144 Atr.

252 4188 394 4252 Περὶ
440 4188 541 4239 τοῦ
588 4190 936 4255 θηρίουμτοῡ
974 4190 1218 4254 ἔχοντος
1264 4189 1477 4255 κέρατα
1514 4191 1655 4242 δέκα
1693 4191 1786 4242 καί

289 4250 553 4320 κεφαλὰς
581 4250 729 4306 ἑπτά
749 4273 760 4284 '
793 4250 877 4306 ὧν
910 4250 1053 4322 μίαν
1083 4259 1161 4320 ὠς
1195 4250 1572 4324 ἐσφαγμένην
1602 4259 1734 4325 ἔφη.

325 4385 430 4437 Καὶ
473 4385 733 4449 ἐστάθην
777 4387 873 4436 ἐπὶ
918 4387 1029 4450 τὴν
1073 4389 1263 4453 ἄμμον
1298 4386 1400 4451 τῆς
1452 4388 1785 4451 θαλάσσης,

253 4473 352 4524 καὶ
396 4469 557 4523 εἶδον
592 4473 660 4523 ἐκ
708 4473 813 4539 τῆς
849 4475 1157 4539 θαλάσσης
1200 4477 1404 4539 θηρίον
1447 4476 1786 4536 ἀναϐαῖνον,

253 4564 399 4626 ἕχον
448 4563 663 4627 κέρατα
694 4563 835 4614 δέκα
885 4564 976 4614 καὶ
1038 4565 1294 4630 κεφαλὰς
1351 4563 1514 4624 ἑπτὰ,
1566 4564 1658 4612 καὶ
1693 4562 1786 4612 ἐπὶ

253 4652 373 4702 τῶν
412 4652 667 4718 κεράτων
699 4653 876 4704 αὑτοῦ
910 4652 1050 4704 δέκα
1070 4652 1408 4718 διαδήματα,
1437 4650 1531 4700 καὶ
1564 4650 1658 4699 ἐπὶ
1690 4651 1792 4711 τὰς

258 4742 524 4805 κεφαλὰς
571 4741 765 4792 αὐτῶν
815 4742 1068 4808 ὀνόματα
1101 4739 1510 4806 βλασφημίας.
1565 4739 1671 4788 Καὶ
1729 4737 1792 4788 τὸ

255 4834 458 4895 θηρίον
491 4830 521 4880 ὃ
543 4826 705 4880 εἶδον
731 4826 806 4895 ἦν
836 4831 1035 4894 ὅμοιον
1067 4828 1370 4894 παρδάλει.
1398 4826 1502 4878 Καὶ
1535 4829 1586 4877 οΙ
1616 4825 1792 4888 πόδες

257 4919 441 4971 αὑτοῦ
475 4919 554 4981 ὠς
581 4919 821 4983 ἄρκτου,
851 4921 943 4969 καὶ
981 4920 1044 4970 τὸ
1070 4921 1262 4984 στόμα
1289 4917 1468 4970 αὑτοῦ
1497 4916 1572 4978 ὡς
1604 4916 1793 4980 στόμα

255 5007 521 5069 λέοντος·
547 5005 642 5056 καὶ
679 5005 894 5056 ἔδωκεν
917 5007 1070 5068 αὐτῷ
1093 5010 1122 5058 ὀ
1156 5007 1383 5072 δράκων
1410 5005 1520 5070 τὴν
1542 5003 1793 5070 δύναμιν

257 5092 462 5154 αὑτοῦ,
493 5093 589 5144 καὶ
626 5092 730 5143 τὸν
768 5091 977 5158 θρόνον
998 5094 1202 5156 αὑτοῦ,
1238 5095 1334 5146 καὶ
1362 5093 1645 5156 ἐξουσίαν
1687 5109 1790 5158 με·

255 5183 474 5250 τάλην.

1888 3031 1992 3074 tem
2022 3028 2325 3085 susceptum
2360 3017 2524 3068 fuisse
2559 3015 2610 3065 in
2652 3020 3015 3064 monumento.
3047 3009 3287 3071 Quonam
3327 3021 3423 3057 au-

1891 3120 1992 3162 tem
2019 3111 2179 3162 modo
2209 3108 2310 3160 fuit
2361 3117 2502 3160 terra
2551 3103 2762 3157 mulieri
2808 3100 3047 3154 auxilio?
3077 3095 3424 3149 Absorbendo

1886 3199 2085 3251 ﬂumen
2120 3198 2257 3266 quod
2284 3197 2486 3264 iecerat
2516 3195 2675 3246 draco
2709 3207 2770 3244 ex
2798 3205 2888 3242 ore
2918 3203 3035 3242 suo.
3066 3186 3264 3238 Bellum
3299 3197 3426 3235 vero

1892 3290 1951 3342 fit
1999 3289 2257 3341 adversus
2308 3286 2426 3338 illos
2467 3283 2556 3352 qui
2604 3283 2692 3335 filii
2746 3280 3080 3348 appellantur
3124 3285 3176 3327 et
3231 3273 3427 3326 fratres

1888 3379 2110 3440 Christi,
2139 3375 2289 3442 juxta
2324 3374 2373 3426 id
2430 3374 2569 3440 quod
2599 3373 2796 3425 dictum
2831 3377 2910 3423 est
2945 3385 2958 3419 :
2996 3386 3014 3417 ι
3056 3365 3290 3418 Narrabo
3332 3379 3427 3416 no-

1891 3484 2009 3520 men
2044 3478 2191 3518 tuum
2228 3465 2484 3516 fratribus
2518 3462 2649 3513 meis
2671 3460 2733 3511 ⁷³.
2765 3477 2784 3510 ι
2822 3458 3090 3510 Adversus
3121 3456 3218 3506 hos
3250 3453 3426 3505 fideles

1891 3555 2099 3608 Domini
2138 3565 2324 3606 servos
2352 3566 2415 3602 ex
2438 3551 2512 3601 ira
2533 3548 2768 3602 decrevit
2799 3545 3041 3612 praelium
3071 3541 3426 3600 conunittere,

1889 3645 1980 3710 qui
2042 3659 2137 3710 per
2171 3642 2433 3694 sinceram
2497 3653 2621 3704 erga
2664 3624 3052 3702 ipsum'lidem
3103 3639 3154 3681 et
3189 3629 3427 3680 aﬂ'ectio-

1889 3746 2033 3791 nem,
2069 3728 2325 3794 adipsins
2365 3727 2524 3778 etiam
2575 3724 2946 3789 cognationem
2979 3716 3242 3782 assumpti
3279 3722 3425 3769 sunt.

1889 3816 2334 3887 quemadmodum
2366 3817 2538 3879 ipsum
2568 3813 2754 3862 audire
2784 3809 2904 3860 licet
2928 3806 3187 3857 dicentem
3224 3820 3235 3854 :
3274 3821 3289 3849 ι
3319 3800 3427 3850 Ma-

1891 3923 1970 3963 ter
1998 3923 2113 3963 mea
2145 3915 2196 3961 et
2237 3900 2428 3957 fratres
2457 3902 2557 3954 mei
2597 3908 2722 3953 sunt
2767 3897 2819 3950 hi
2849 3898 2940 3962 qui
2991 3894 3194 3946 faciunt
3229 3890 3420 3942 volun-

1890 4011 2052 4055 tatem
2083 3997 2258 4051 Patris
2289 3995 2391 4048 mei
2415 3993 2505 4062 qui
2538 4001 2618 4045 est
2644 3991 2695 4042 in
2718 3988 2867 4042 caelis
2891 3988 2954 4038 ⁷⁵.
2998 4004 3015 4034 ι

2406 4101 2630 4158 CAPUT
2670 4097 2906 4152 XXXVI.

1820 4238 1862 4290 ι)
1959 4223 2034 4276 De
2073 4222 2229 4274 bestia
2266 4217 2477 4269 habente
2507 4231 2702 4290 cornua
2729 4214 2898 4290 decem
2923 4221 2967 4260 et
3006 4208 3178 4284 capita
3210 4215 3424 4271 septem,

2169 4301 2385 4355 quorum
2415 4299 2568 4336 unum
2593 4280 2884 4347 dicit_veluti
2910 4279 3148 4329 occisum.

1963 4419 2077 4476 XII,
2123 4417 2222 4476 IS;
2258 4414 2391 4472 XIII,
2425 4415 2473 4473 I,
2507 4412 2560 4463 2.
2597 4411 2662 4461 Et
2680 4411 2795 4472 steti
2824 4423 2974 4472 super
3003 4420 3209 4455 aremmt
3243 4402 3421 4453 maris.

1895 4507 1963 4557 Et
1999 4506 2098 4556 vidi
2123 4506 2182 4553 de
2210 4504 2338 4551 mari
2369 4503 2579 4551 bestiam
2602 4499 2950 4549 ascendentem
3018 4492 3280 4541 habentem
3307 4506 3422 4540 car-

1894 4611 1995 4644 nua
2022 4594 2188 4644 decem
2212 4600 2259 4642 et
2291 4591 2460 4655 capita
2496 4596 2706 4649 septem,
2731 4595 2779 4636 et
2812 4585 2862 4635 in
2893 4581 3132 4633 cornibus
3167 4580 3272 4630 suis
3331 4579 3422 4629 de-

1887 4699 1991 4732 cem
2043 4683 2362 4741 diademata,
2390 4688 2434 4729 et
2469 4692 2618 4740 super
2651 4673 2817 4738 capita
2867 4688 2960 4723 sua
3021 4670 3229 4720 nomina
3287 4667 3426 4717 blus-

1885 4767 2119 4832 phemia’.
2160 4767 2220 4818 Et
2253 4767 2408 4816 bestia
2438 4780 2593 4829 quant
2629 4763 2729 4815 vidi
2759 4761 2944 4813 similis
2982 4769 3094 4810 erat
3156 4757 3336 4822 pardo,
3369 4761 3417 4804 et

1887 4857 2033 4920 pedes
2063 4856 2173 4921 ejus
2199 4856 2330 4906 sicut
2353 4855 2500 4919 pedes
2535 4853 2665 4916 ursi,
2686 4860 2733 4904 et
2762 4867 2815 4902 os
2847 4851 2954 4916 ejus
2988 4851 3120 4900 sicut
3145 4862 3197 4896 os
3231 4843 3415 4894 leonis.

1890 4942 1954 4994 Et
1989 4943 2126 4994 dedit
2150 4944 2229 4994 illi
2269 4944 2425 4993 draco
2466 4944 2703 4993 virtutem
2737 4945 2955 4992 suamet
2990 4937 3230 4987 thronum
3270 4939 3420 4978 suum

1898 5043 1942 5084 et
1975 5041 2274 5099 potestatem
2306 5046 2566 5098 magnam.

340 5357 381 5386 ⁷¹
412 5353 598 5408 Matth.
627 5369 684 5416 ιι,
724 5353 803 5407 I5.
871 5354 912 5385 ⁷¹
947 5351 1074 5406 Luc.
1105 5369 1168 5416 ιι,
1199 5352 1287 5406 25.
1362 5353 1408 5384 ⁷³
1442 5354 1580 5407 ΡετιΙ.
1615 5355 1797 5416 xxt,‘22

1910 5356 1952 5384 ⁷⁸
1991 5354 2121 5407 Luc.
2155 5367 2273 5413 vni,
2306 5353 2395 5404 21.

273 5419 305 5433 Δ

1174 5482 1192 5492 ο.

327 5490 440 5554 (35)
473 5490 555 5553 Ὡς
588 5489 807 5557 σύνηθες
830 5481 1041 5546 τοῦτους
1070 5483 1146 5544 είς
1173 5482 1312 5551 ὕδωρ
1346 5485 1434 5535 καὶ
1468 5485 1749 5550 ’ποταμώ-ς
1791 5482 2123 5550 ὰλληγορεῖν.
2157 5477 2416 5546 Ποταμὸν,
2455 5493 2503 5528 κ.
2537 5490 2583 5525 τι
2612 5473 2657 5521 λ·
2691 5468 2776 5522 Cd-
