4106 6334
667 293 764 358 671

670 503 777 554 tur,
811 505 953 543 nunc
989 501 1164 541 autem
1193 503 1222 540 e
1261 486 1389 538 mari
1448 486 1761 539 ascendens.
1801 486 1970 539 Draco
2016 487 2199 554 itaque

671 598 699 634 a
732 580 867 634 coelo
901 578 1163 645 signiﬁcat
1189 593 1310 631 eum
1337 579 1426 645 qui
1457 576 1522 629 ab
1553 577 1706 628 initio
1729 575 1966 629 cecidita
1995 575 2236 630 ctelesti-

672 669 858 737 gloria,
894 680 1031 719 nunc
1063 679 1186 717 vero
1207 665 1452 719 eumdem
1482 680 1511 717 e
1541 664 1671 716 mari
1702 663 1831 715 dicit
1887 662 2196 723 ascendere,

673 773 764 825 per
795 771 939 809 mare
965 755 1265 809 instabilem
1299 755 1437 806 hanc
1487 763 1542 805 et
1567 752 1856 818 inquietam
1913 752 2199 803 ostendens

671 848 830 900 vitam
874 861 948 899 :a
1005 860 1112 912 qua
1163 845 1326 897 etiam
1392 843 1558 895 bestia
1614 841 1873 900 ascendit,
1924 839 2196 893 hominum

669 936 886 990 vitiosas
907 943 959 988 et
986 933 1264 988 instabiles
1299 933 1350 984 in
1381 931 1539 984 bonis
1571 930 1811 984 actiones
1834 929 2199 982 demonstran-

667 1024 759 1075 ἀοι
814 1037 1144 1076 assumens:
1186 1020 1328 1088 quod
1366 1035 1469 1072 non
1516 1018 1659 1072 aliud
1714 1016 1977 1084 designat,
2037 1032 2198 1085 quam

670 1111 809 1176 quod
864 1111 1230 1164 Antichristus
1283 1118 1472 1177 praeter
1521 1109 1751 1176 primum
1810 1115 1860 1159 ct
1905 1109 2196 1161 secundum

671 1198 918 1251 Satanam
955 1199 1142 1252 tertius
1198 1199 1312 1266 ipse
1361 1198 1628 1265 procedat.
1671 1197 1840 1252 Porro
1901 1199 2198 1253 secundum

668 1301 731 1339 ac
758 1288 1012 1349 medium,
1047 1288 1186 1356 quod
1214 1297 1263 1340 et
1297 1301 1439 1340 nunc
1469 1288 1533 1339 ad
1569 1288 2035 1354 contemplandum
2072 1302 2199 1354 pro-

667 1378 903 1443 ponitur,
935 1387 1166 1444 potestas
1188 1378 1428 1446 quaadam
1464 1375 1624 1443 759
1650 1385 1732 1428 est
1764 1391 1882 1443 quze
1923 1391 2026 1428 una
2057 1376 2197 1440 Icum

671 1475 910 1530 apostata
954 1467 1148 1518 Satana
1202 1465 1412 1528 cecidit,
1476 1464 1567 1516 illo
1604 1464 1817 1530 quidem
1866 1464 2060 1526 minor,
2106 1467 2200 1518 sed

671 1553 876 1606 caeteris
904 1555 968 1606 ad
1000 1553 1298 1606 nocendum
1326 1551 1660 1614 eminentior,
1702 1552 1791 1618 qui
1819 1561 1898 1604 cst
1929 1552 2198 1604 Antichri-

674 1649 810 1702 stus,
840 1643 1134 1708 procedens
1163 1640 1459 1692 secundum
1491 1641 1856 1706 operationem
1891 1640 2120 1704 Satanae,
2150 1651 2204 1694 et

672 1743 855 1781 earum
899 1745 1016 1797 qua:
1045 1745 1147 1781 una
1201 1744 1320 1782 cum
1359 1727 1449 1781 illo
1508 1727 1748 1795 deiectae,
1785 1732 1932 1796 prius
1987 1730 2201 1797 quidem
2235 1712 2275 1764 Β

671 1816 920 1883 angelieas
976 1827 1259 1885 potestates
1334 1827 1510 1878 erant,
1563 1818 1899 1884 postmodum
1953 1834 2078 1871 vero
2136 1833 2202 1871 ex

671 1919 919 1973 perversa
949 1906 1220 1960 voluntate
1269 1907 1334 1958 ad
1388 1906 1690 1958 daemonum
1745 1906 2029 1974 caliginem
2079 1913 2204 1958 sunt

626 1998 630 2002 ’
673 2003 1058 2052 transmutata.
1095 1995 1307 2049 Cornua
1340 2011 1466 2050 vero
1524 1997 1710 2049 decem
1746 1996 2030 2065 designant
2069 2012 2200 2050 con-

673 2079 1080 2136 Summationem
1126 2099 1313 2137 eorum
1359 2100 1480 2152 qua:
1533 2085 1726 2151 juvant
1791 2086 1856 2138 ad
1911 2085 2196 2148 malitiam,

671 2172 980 2237 contingere
1034 2171 1364 2222 Antichristo
1397 2189 1410 2222 :
1465 2172 1602 2224 inter
1634 2188 1751 2238 qua:
1780 2171 1962 2239 gloria.
1989 2187 2203 2238 quoque

674 2258 846 2323 ipsum
906 2259 1213 2318 comitatur,
1244 2259 1497 2325 quoniam
1538 2274 1704 2310 cornu
1765 2259 1984 2327 gloriam
2032 2261 2201 2327 signi-

676 2346 839 2399 ﬁcare
868 2347 1020 2399 solet.
1059 2346 1160 2398 Sed
1191 2349 1326 2399 etde
1370 2349 1449 2399 his
1481 2349 1731 2402 dixerunt
1770 2351 1986 2416 quidam
2023 2355 2072 2401 in
2113 2351 2203 2402 deo

676 2447 791 2484 cem
850 2449 1008 2501 regna
1063 2435 1292 2487 divisum
1345 2443 1472 2490 tunc
1543 2438 1607 2488 iri
1653 2437 1930 2489 mundum.
1990 2437 2199 2504 Septem

679 2529 853 2573 autem
880 2523 1074 2590 capita,
1114 2539 1178 2576 eo
1213 2524 1353 2590 quod
1381 2539 1539 2591 regna
1592 2525 1643 2576 in
1681 2527 1781 2577 hoc
1815 2525 2012 2576 mundo
2064 2522 2197 2577 c'ou-

677 2610 913 2677 tingant,
965 2613 1058 2680 qui
1117 2627 1235 2665 cum
1295 2612 1594 2680 septenario
1628 2614 1865 2677 Inumero
1915 2613 2198 2680 quamdam

678 2699 837 2753 habet
881 2703 1272 2768 cognationem,
1315 2704 1487 2771 utqui
1519 2703 1677 2756 simul
1721 2704 2045 2756 disSolvatur
2080 2721 2201 2757 cum

677 2790 912 2843 sensibili
943 2800 994 2845 et
1018 2793 1216 2846 carnali
1243 2793 1365 2855 vita,
1393 2809 1512 2846 cum
1547 2802 1722 2846 autem
1748 2796 1989 2847 exoritur
2029 2796 2203 2848 incor-

677 2881 945 2946 ruptibilis
998 2889 1050 2934 et
1116 2892 1369 2950 perpetua
1421 2883 1549 2944 vita,
1598 2893 1722 2936 tunc
1759 2885 1918 2936 etiam
1982 2900 2200 2953 regnum

676 2976 755 3020 est
777 2979 1086 3036 perpetuum
1114 2979 1168 3022 et
1195 2971 1531 3024 successione
1558 2987 1768 3024 carens.

751 3054 817 3108 Et
851 3058 1009 3110 bestia
1047 3075 1199 3125 quam
1231 3062 1333 3110 vidi
1367 3061 1559 3113 similis
1591 3071 1698 3112 erat
1733 3060 1918 3126 perdo.
1954 3059 2121 3111 Simul
2151 3060 2200 3111 in

680 3141 974 3207 principatu
1013 3144 1358 3210 blasphemia:
1385 3147 1546 3197 alium
1577 3147 1725 3210 sequi
1758 3147 2046 3212 signiﬁcat,
2103 3145 2204 3198 hoc

679 3238 778 3287 cst,
814 3231 1222 3282 Antichristum.
1261 3233 1376 3297 Ipse
1397 3233 1537 3284 enim
1573 3233 1675 3282 erit
1708 3233 2090 3295 Antichristus,
2112 3233 2204 3298 qui

683 3317 828 3369 visus
851 3318 916 3369 ab
950 3319 1170 3370 exordio
1194 3319 1389 3370 Graecis
1425 3319 1771 3385 principibus,
1797 3329 1848 3370 et
1881 3334 2006 3371 sane
2044 3321 2202 3372 etiam

685 3403 767 3453 his
798 3402 886 3466 qui
919 3413 1038 3468 post
1091 3403 1494 3455 Constantinum
1548 3403 1793 3471 Magnum
1834 3404 1981 3474 luere
2021 3423 2034 3456 :
2070 3406 2205 3457 inter

689 3505 824 3555 quos
858 3487 1105 3542 Julianus
1133 3502 1183 3542 et
1231 3489 1438 3562 Valens,
1471 3492 1667 3557 quique
1706 3500 1828 3558 post
1881 3507 1999 3544 eum
2035 3493 2205 3546 secuti

688 3584 814 3631 sunt
847 3577 1078 3630 haeretici
1122 3578 1511 3645 imperatores:
1553 3588 1680 3631 tunc
1721 3588 1772 3631 et
1816 3579 1928 3646 ipse
1973 3579 2210 3646 insurget

684 3667 854 3720 diviso
885 3667 1042 3734 paulo
1076 3676 1197 3719 ante
1226 3668 1393 3734 ipsius
1425 3668 1706 3722 adventum
1757 3668 1997 3722 Romano
2037 3671 2205 3739 impe-

684 3756 764 3807 rio
799 3756 850 3809 in
884 3758 1066 3809 decem
1096 3757 1448 3824 principatus,
1481 3759 1569 3810 ubi
1593 3758 1701 3826 jam
1748 3759 2058 3812 innumeras
2089 3777 2206 3826 per-

685 3845 860 3899 tuleth
920 3845 1052 3899 ﬁdes
1101 3845 1406 3900 Christiana
1464 3848 1844 3916 blasphemiae.
1875 3847 1946 3902 De
1985 3865 2206 3903 numero

683 3943 858 3988 autem
913 3936 1092 3988 decem
1153 3950 1213 3987 ac
1254 3944 1454 4002 septem
1503 3937 1611 4004 jam
1636 3937 1835 3989 dictum
1898 3946 1998 3990 est.
2042 3939 2205 3990 Porro

682 4023 856 4090 qualis
887 4023 956 4076 sit
1001 4023 1196 4085 bestia,
1230 4025 1423 4076 similis
1453 4036 1556 4086 est,
1584 4025 1776 4090 inquit,
1820 4025 2004 4091 pardo,
2049 4025 2207 4090 pedes

684 4111 886 4164 habens
921 4111 1050 4172 ursi,
1082 4124 1135 4162 et
1167 4125 1228 4162 os
1284 4120 1535 4177 tanquam
1576 4112 1745 4163 leonis
1778 4125 1790 4160 :
1838 4125 1930 4176 per
1983 4113 2205 4176 pardum

683 4197 898 4262 quidem
935 4196 1219 4263 designans
1250 4195 1547 4248 Romanum
1577 4198 1861 4262 imperium
1897 4200 2037 4265 quod
2072 4199 2206 4250 cele-

684 4286 814 4336 riter
867 4285 1186 4349 processcrit
1236 4284 1493 4338 adversus
1555 4301 1900 4353 quoscunque
1950 4287 2203 4354 impetum

685 4371 870 4423 habuit
902 4380 953 4423 ct
995 4371 1271 4435 violenter,
1303 4374 1886 4442 donec'perlingeretad
1912 4377 2066 4428 linem
2096 4376 2210 4442 ejus

687 4459 824 4525 quod
857 4459 1200 4515 inchoaverat
1240 4480 1255 4516 :
1283 4467 1421 4532 quod
1443 4466 1602 4518 etiam
1635 4465 1898 4533 signiﬁcat
1927 4481 2019 4531 per
2050 4466 2210 4531 pedes

688 4548 818 4600 ursi.
862 4548 1184 4605 Referuntur
1233 4564 1408 4607 autem
1462 4565 1515 4608 et
1539 4556 1650 4608 hmc
1710 4556 1774 4607 ad
1809 4555 2091 4606 Persarum
2129 4552 2253 4606 re-'

689 4652 870 4703 gnum.
918 4640 1177 4694 Caeterum
1212 4659 1303 4709 per
1332 4659 1394 4698 os
1427 4645 1734 4712 designatur
1780 4659 1999 4710 regnum
2038 4642 2210 4710 Baby-

690 4724 977 4791 loniorum,
1026 4731 1110 4781 cui
1144 4732 1384 4784 succedit
1421 4735 1633 4786 indubie
1681 4749 1907 4799 regnum
1949 4731 2202 4784 Sarrace-

690 4828 896 4876 norum,
931 4832 992 4868 eo
1022 4820 1160 4884 quod
1194 4837 1333 4874 nunc
1355 4838 1566 4889 quoque
1596 4825 1645 4874 in
1680 4823 1944 4890 Babylone
1973 4825 2042 4874 sit
2065 4822 2209 4888 regia

690 4900 922 4964 illorum,
952 4904 1144 4971 quibus
1171 4907 1528 4960 dominabitur
1556 4910 1916 4965 Antichristus
1956 4921 2207 4978 tanquam

690 4989 977 5056 imperator
1001 4992 1383 5048 Romanorum.

760 5079 827 5131 Et
863 5082 1001 5134 dedit
1033 5083 1111 5134 illi
1146 5085 1301 5135 draco
1332 5086 1571 5136 virtutem
1599 5103 1768 5140 suam.
1796 5089 1945 5144 Dabit
1983 5111 2210 5164 namque

692 5165 919 5224 Satanas
950 5173 1244 5240 spiritualis
1280 5175 1438 5226 draco
1484 5175 1809 5230 Antichrislo
1838 5196 2048 5235 omnem
2103 5201 2209 5251 po—

695 5263 938 5310 testatem
969 5261 1031 5312 ad
1061 5261 1420 5312 seducendum
1457 5261 1712 5316 duntaxat
1741 5266 2082 5334 inﬁrmiores,
2116 5287 2210 5339 per

695 5341 846 5409 signa
886 5354 938 5396 et
967 5347 1203 5412 prodigia
1240 5346 1534 5402 mendacia.
1570 5347 1708 5412 Quid
1738 5358 1912 5404 autem
1950 5368 2043 5421 per
2067 5355 2211 5410 thro-

769 5520 875 5586 (δε)
902 5519 1071 5574 ἄλλων
1102 5522 1184 5576 ed.

1487 286 1804 344 ARETH/E
1845 285 2213 346 CIESAREE
2249 287 2713 347 CAPPADOCI/E
2750 286 3081 348 EPISCOPI

740 406 796 456 ln
833 399 1144 470 prmcedenti
1167 397 1365 450 visione
1403 394 1562 448 draco
1590 395 1740 448 rufus
1767 397 1818 448 in
1863 397 2002 451 coelo
2047 397 2199 449 vide-
2229 405 2273 458 Α

3721 289 3833 355 672

2383 397 2468 450 Ἐν
2493 399 2587 466 μὲν
2610 401 2674 467 τῇ
2707 398 2812 466 πρὸ
2840 398 3040 468 ταύτης
3064 399 3284 470 θεωρίᾳ,
3305 401 3515 472 δράκων
3539 405 3741 474 πυρρὸς
3767 406 3830 457 έν

2299 490 2378 557 τῷ
2420 487 2628 558 οὐρανῷ
2673 490 2884 558 δρᾶται,
2932 488 3026 541 νῦν
3053 489 3109 544 δὲ
3145 490 3210 543 ὲκ
3239 491 3336 559 τῆς
3382 493 3648 564 θαλάσσης
3693 495 3830 548 ἀνα-

2303 575 2517 628 ϐαίνων.
2577 577 2633 629 ὀ
2682 576 2779 645 μὲν
2807 576 2898 629 οὖν
2939 577 3033 628 ἀπ’
3064 579 3290 649 οὐρανοῦ
3318 580 3548 651 δράκων,
3581 582 3674 634 τὸν
3705 583 3828 636 κατ’

2301 663 2471 730 ἀρχὰς
2499 665 2596 731 τῆς
2623 664 2870 732 οὐρανίου
2916 662 3070 734 δόξης
3123 665 3528 721 ἐκπεπτωκότα
3555 670 3828 739 σημαίνει.

2311 751 2369 802 '0
2399 750 2491 802 νῦν
2517 751 2571 802 δὲ
2604 751 2784 815 πάλιν,
2835 752 2924 805 τδν
2952 753 3111 807 αὑτὸν
3150 755 3214 808 ἐκ
3235 755 3334 824 τῆς
3387 757 3655 828 θαλάσσης
3695 759 3830 812 ἀνα-

2303 839 2568 902 σαίνοντα,
2595 839 2866 893 Θάλασσαν
2886 842 2974 895 τὸν
2995 844 3218 897 ἄστατον
3239 843 3425 896 τοῦτον
3444 851 3536 898 καὶ
3562 847 3834 916 ἀτάραχον

2303 926 2580 996 παριστῶν
2610 925 2742 994 βίον,
2775 927 2866 994 ἀφ’
2895 923 2962 998 ἦς
2988 930 3082 983 καὶ
3105 930 3384 985 ἀναϐαίνει
3411 932 3471 984 τὸ
3500 931 3706 1002 θηρίον,
3728 933 3831 993 τάς

2300 1015 2407 1065 τῶν
2457 1013 2751 1083 ἀνθρώπων
2800 1016 2910 1086 (56)
2945 1018 3277 1087 πλημμελεῖς
3329 1021 3423 1073 καὶ
3472 1021 3830 1090 ἀστηρίκτους

2303 1103 2394 1156 In).
2423 1104 2530 1167 τοῖς
2572 1103 2788 1170 ἀγαθοῖς
2816 1106 3037 1174 πράξεις
3079 1107 3255 1161 λαϐὼν
3304 1111 3382 1170 είς
3411 1111 3725 1178 ἐμφάνειαν.
3761 1111 3832 1162 ’0

2303 1193 2399 1244 οὐκ
2422 1192 2566 1255 ἀλλο,
2589 1192 2622 1260 ἥ
2646 1195 2673 1245 ὁ
2698 1195 3052 1264 Ἀντίχριστος
3077 1197 3254 1268 ἐπὶτῷ
3273 1196 3470 1268 πρώτῳ
3491 1201 3577 1251 καὶ
3597 1199 3830 1266 δευτέρῳ

2304 1282 2533 1350 Σατανᾷ,
2583 1282 2758 1348 τρίτος
2805 1283 2961 1346 αὐτὸς
3008 1287 3230 1354 προῖὼν.
3262 1287 3334 1340 Τὸ
3368 1288 3615 1357 δεύτερον
3649 1288 3701 1339 δὲ
3736 1286 3830 1338 καὶ

2307 1369 2490 1439 μέσον,
2521 1369 2549 1420 δ
2573 1368 2668 1421 καὶ
2693 1367 2785 1420 νῦν
2813 1371 3098 1438 πρόκειται
3117 1373 3196 1434 είς
3218 1373 3465 1443 θεωρίαν,
3495 1372 3719 1440 δύναμίς
3746 1388 3830 1431 τις

2301 1461 2571 1526 τυγχάνει,
2610 1457 2686 1526 τῷ
2742 1459 3018 1532 ἀποστάτῃ
3059 1462 3269 1530 Σατανᾷ
3326 1463 3826 1523 συνεκπεπτωκυῖα,

2305 1548 2508 1599 ἐκείνου
2547 1548 2644 1613 μὲν
2671 1543 2849 1615 ἦττον,
2882 1548 2987 1600 τῶν
3018 1549 3073 1600 δὲ
3104 1549 3302 1602 λοιπῶν
3329 1552 3406 1611 είς
3442 1549 3633 1601 κακίαν
3661 1547 3828 1617 προῦ-

2306 1648 2494 1698 χουσα.
2521 1632 2618 1692 Ὃς
2664 1633 2807 1684 ἐστιν
2837 1635 2864 1684 ὁ
2911 1635 3285 1702 Ἀντίχριστος,
3323 1637 3352 1686 δ
3389 1637 3504 1688 κατ’
3555 1636 3830 1704 ένιργειαν

2303 1721 2394 1772 τοῦ
2453 1722 2661 1773 Σατανᾶ
2721 1723 2814 1773 καὶ
2873 1723 2979 1774 τῶν
3031 1725 3615 1793 συγκαταδεόλημένων
3660 1723 3829 1792 αὐτῷ,

2302 1809 2603 1875 ἀγγελικῶν
2658 1810 2753 1877 μὲν
2803 1809 2863 1861 τὸ
2920 1812 3047 1879 πρὶν
3119 1813 3477 1881 ὑπαρχουσῶν
3531 1813 3828 1880 δυναμεων,

2303 1897 2524 1966 ὕστερον
2582 1899 2659 1960 δὲ,
2695 1899 2758 1949 ὲκ
2804 1899 3226 1969 διαόεΰλημένης
3280 1903 3658 1970 προαιρέσεως,
3696 1902 3830 1968 πρὸς

2301 1986 2397 2055 τὴν
2432 1988 2536 2038 τῶν
2586 1987 2850 2055 δαιμόνων
2910 1989 3509 2057 μετασχηματισθεισῶν
3574 1991 3828 2056 ζόφωσιν.

2300 2077 2380 2128 Τὰ
2415 2077 2614 2145 κέρατα
2658 2077 2810 2128 δὲτά
2840 2078 2970 2132 δέκα
3025 2079 3082 2130 τὸ
3129 2078 3328 2132 τέλειον
3376 2078 3478 2131 τῶν
3511 2080 3588 2140 si;
3634 2078 3830 2132 κακίαν

2301 2166 2686 2221 συντελούντων
2715 2171 2988 2238 προσεῖναι
3027 2170 3102 2238 τῷ
3146 2170 3489 2237 Ἀντιχρίστῳ
3513 2167 3828 2237 παραδηλοῖ,

2301 2261 2358 2325 ἐξ
2387 2256 2459 2312 ὧν
2488 2260 2579 2312 καὶ
2627 2259 2750 2322 δόξα
2793 2260 2940 2328 αὑτῷ
2975 2261 3335 2328 παρομαρτεῖ,
3398 2259 3528 2310 διότι
3573 2258 3631 2308 τὸ
3666 2257 3830 2322 κέρας

2300 2355 2397 2420 τὴν
2464 2352 2616 2413 δόξαν
2654 2352 2771 2413 ἔθος
2808 2351 3106 2419 σημαίνειν.
3170 2350 3328 2402 Ἀλλά
3375 2355 3465 2400 καὶ
3509 2351 3571 2399 ὲκ
3629 2347 3830 2398 τούτων

2300 2443 2441 2504 τινὲς
2475 2444 2757 2510 εἰρήκασιν
2787 2444 2864 2502 εἰς
2905 2443 3033 2493 δέκα
3081 2442 3199 2492 τότε
3223 2440 3515 2508 εβασιλείας
3547 2436 3827 2507 διῃρῆσθαι

2301 2533 2398 2598 τὴν
2436 2532 2772 2597 οἰκουμένην.
2807 2531 2912 2590 Τάς
2945 2531 3000 2582 δὲ
3034 2531 3170 2581 ὲπτά
3197 2529 3454 2594 κεφαλὰς,
3493 2527 3569 2594 τῷ
3598 2526 3692 2587 τὰς
3727 2526 3824 2591 βα-

2305 2619 2503 2679 σιλείας
2525 2621 2580 2668 ὲν
2597 2617 2728 2685 τῷδε
2749 2617 2822 2685 τῷ
2841 2618 3101 2685 συστοίχῳ
3117 2616 3206 2668 τοῦ
3227 2614 3578 2682 ὲὸδοματικοῦ
3594 2613 3826 2682 ἀριθμοῦ

2303 2708 2486 2775 κόσμῳ
2516 2707 2772 2775 ὑπάρξαι,
2826 2705 3304 2774 συγκαταλυομένῳ
3347 2705 3420 2767 ὡς
3471 2703 3706 2770 αἰσθητῷ
3758 2707 3824 2771 τῇ

2303 2796 2440 2847 κατά
2481 2797 2656 2864 σάρκα
2703 2794 2906 2862 βιώσει,
2950 2777 3318 2854 ἀνατέλλοντος
3347 2792 3401 2844 δὲ
3431 2791 3522 2844 τοῦ
3552 2792 3823 2859 ἀφθάρτου

2303 2901 2360 2935 τε
2390 2885 2479 2936 καὶ
2500 2884 2904 2967 διαιωνίζοντος.
2937 2884 2992 2933 ὲν
3038 2878 3080 2950 ᾧ
3111 2883 3202 2935 καὶ
3241 2884 3272 2943 ἡ
3309 2881 3550 2950 βασιλεία
3596 2878 3826 2931 διαιωνί-

2230 3009 2272 3064 C
2307 2970 2473 3033 ζουσά
2503 2988 2560 3022 τε
2589 2972 2685 3022 καὶ
2716 2971 3008 3037 ἀδιάδοχος.

2375 3061 2480 3113 Καὶ
2530 3061 2593 3112 τὸ
2625 3059 2826 3124 θηρίον
2877 3056 3097 3111 ὃ-εἵδον
3145 3055 3222 3125 ἦν
3269 3059 3471 3125 ὅμοιον
3521 3055 3823 3124 παρδάλει.

2306 3148 2456 3214 "Apta.
2481 3149 2546 3215 τῇ
2581 3148 2719 3214 ἀρχῇ
2757 3149 2848 3214 τῆς
2885 3146 3222 3214 βλασφημίας
3252 3147 3407 3199 ἀλλον
3449 3147 3673 3197 ἕπεσθαι
3719 3161 3829 3197 παο

2308 3234 2542 3301 ραδηλοῖ,
2575 3235 2835 3296 τουτέστι,
2867 3236 2954 3285 τὸν
2990 3233 3373 3300 Ἀντίχριστον.
3404 3235 3571 3293 Αὐτὸς
3597 3235 3650 3284 δὲ
3678 3233 3826 3286 ἐσται

2306 3328 2334 3375 ό
2382 3326 2737 3391 Ἀντίχριστος
2764 3327 2791 3375 ό
2815 3327 3113 3391 προοιμίοις
3135 3326 3469 3391 χρησάμενος
3497 3327 3608 3383 τοῖς
3650 3323 3828 3391 Ἐλλη-

2307 3414 2539 3474 νίζουσιν
2585 3415 2857 3479 ἄρχουσιν,
2899 3414 2989 3464 καὶ
3017 3414 3078 3482 δὴ
3109 3414 3332 3472 καὶτοῖς
3369 3412 3502 3477 μετὰ
3550 3414 3830 3463 Κωνσταν-

2306 3502 2446 3552 τῖνον
2478 3500 2564 3551 τὸν
2620 3499 2808 3565 μέγαν,
2854 3495 2925 3551 ὧν
2967 3502 3108 3551 ἐστιν
3158 3500 3433 3558 Ἰουλιανὸς
3478 3499 3570 3551 καὶ
3598 3500 3828 3564 Οὐάλης,

2312 3591 2405 3641 καὶ
2436 3591 2484 3642 oi
2532 3589 2650 3642 καθ’
2694 3588 2818 3655 ὲξῆς
2856 3590 3212 3658 αἱρετίζοντες
3262 3590 3510 3656 βασιλεῖς.
3553 3589 3681 3640 Τότε
3737 3589 3831 3639 καὶ

2307 3681 2462 3743 αὐτὸς
2490 3683 2860 3749 ἐπιστήσεται,
2881 3683 2957 3740 είς
2981 3681 3110 3733 δέκα
3155 3681 3259 3749 πρὸ
3314 3681 3507 3748 μικροῦ
3541 3681 3634 3748 τῆς
3665 3680 3829 3731 αὑτοῦ

2305 3769 2534 3837 ἀφίξεως
2561 3770 2903 3838 μερισθείσης
2927 3771 3024 3837 τῆς
3060 3771 3363 3838 Ῥωμαῖκῆς
3392 3769 3583 3837 ἀρχῆς,
3606 3768 3831 3834 ἀρκούνο

2303 3856 2440 3922 τως”
2465 3859 3046 3928 μεταδεδλασφημένης
3090 3859 3187 3925 τῆς
3237 3858 3342 3907 τῶν
3376 3857 3707 3924 Χριστιανῶν
3740 3857 3828 3906 πί-

2307 3965 2493 4006 στεως.
2532 3947 2661 4014 Περὶ
2708 3945 2800 3996 τοῦ
2847 3945 3074 4012 ἀριθμοῦ
3123 3945 3178 3995 δὲ
3230 3945 3321 3995 τοῦ
3368 3945 3496 3995 δέκα
3545 3944 3637 3996 καὶ
3693 3944 3832 3995 ἑπτὰ

2306 4036 2535 4100 εἴρηται.
2582 4034 2790 4083 ὐποῖον
2819 4033 2873 4082 δὲ
2903 4032 2962 4081 τδ
2991 4032 3193 4098 θηρίον,
3242 4032 3420 4095 ὅμοιόν
3450 4033 3576 4105 φησι
3623 4031 3830 4098 παρδά-

2306 4120 2460 4180 λεως,
2491 4121 2580 4169 καὶ
2601 4120 2649 4168 οἱ
2681 4118 2835 4177 πόδες
2867 4119 3086 4183 ἄρκτου,
3109 4118 3281 4167 καὶτὸ
3310 4117 3477 4183 στόμα
3503 4117 3575 4176 ὡς
3599 4117 3828 4177 λέοντος,

2305 4207 2391 4257 διὰ
2445 4205 2539 4273 μὲν
2586 4207 2680 4273 τῆς
2732 4205 3040 4272 παρδάλεως
3072 4205 3169 4272 τὴν
3228 4204 3502 4271 Ῥωμαίων
3558 4205 3831 4270 σημαίνων

2246 4308 2286 4360 ι)
2315 4293 2504 4363 ἀρχὴν,
2555 4295 2628 4355 ὡς
2655 4296 2943 4362 ταχυεργῆ,
2989 4294 3108 4346 καθ’
3155 4288 3226 4344 ὧν
3261 4294 3324 4345 ἂν
3367 4293 3461 4360 τὴν
3493 4291 3661 4359 ὁρμὴν
3707 4295 3829 4360 σχῇ,

2311 4387 2403 4435 καὶ
2450 4384 2780 4452 καρτερικὴν
2832 4384 3016 4452 μέχρις
3048 4383 3111 4434 ἂν
3144 4383 3274 4450 πρὸς
3305 4382 3450 4441 τέλος
3489 4380 3576 4432 τοῦ
3607 4379 3833 4447 ἐνάρξα-

2309 4475 2429 4527 σθαι
2457 4475 2650 4544 φοάσῃ.
2683 4475 2709 4526 ὃ
2743 4477 2830 4526 καὶ
2860 4475 2945 4525 διὰ
2978 4474 3085 4525 τῶν
3114 4474 3210 4535 τῆς
3239 4474 3436 4540 ἄρκτου
3469 4471 3636 4523 ποδῶν
3666 4470 3830 4538 δηλοῖ.

2319 4564 2696 4631 Ἀναφέρονται
2721 4565 2775 4615 δὲ
2809 4565 2897 4614 καὶ
2924 4565 2999 4624 εἰς
3022 4564 3119 4631 τὴν
3147 4562 3365 4630 Περσῶν
3398 4560 3688 4626 βασιλείαν.
3736 4558 3834 4608 Διά

2305 4649 2360 4700 δὲ
2383 4651 2474 4701 τοῦ
2505 4651 2761 4718 στόματος
2793 4653 2825 4718 ἡ
2866 4652 3234 4712 Βαϐυλωνίων,
3267 4652 3331 4718 ἢν
3361 4652 3422 4702 ἄν
3452 4667 3532 4710 τις
3567 4646 3835 4714 ἀπαραλο-

2308 4741 2502 4807 γίστως
2550 4743 2645 4808 τὴν
2696 4741 2800 4792 τῶν
2853 4741 3214 4810 Σαῤῥακηνῶν
3267 4740 3553 4804 ἐκδέξεται,
3604 4734 3721 4789 καθ’
3752 4735 3835 4785 ὃτι

2313 4833 2404 4881 καὶ
2436 4831 2492 4880 ὲν
2523 4829 2794 4880 Βαϐυλῶνι
2821 4828 2913 4878 νῦν
2943 4831 3058 4879 ὲστι
3092 4829 3150 4880 τὸ
3174 4831 3386 4896 ἀρχεῖον
3409 4827 3603 4888 αὐτῶν,
3622 4818 3692 4876 ὧν
3717 4823 3781 4892 δὴ
3808 4825 3837 4873 ὁ

2324 4919 2675 4988 Ἀντίχριστος
2699 4919 2772 4977 ὠς
2815 4917 3093 4984 Ῥωμαίων
3120 4916 3364 4984 βασιλεὺς
3389 4916 3666 4983 κρατήσει.

2381 5089 2486 5140 Καὶ
2525 5087 2741 5138 ἔδωκεν
2767 5086 2946 5149 fama:
2984 5091 3014 5140 ό
3043 5087 3268 5154 δράκων
3297 5088 3408 5154 τὴν
3439 5089 3686 5153 δύναμιν
3728 5087 3838 5137 αὐ-

2311 5179 2431 5230 τοῦ.
2469 5178 2631 5228 Δώσει
2664 5177 2768 5244 γὰρ
2795 5177 2869 5242 τῷ
2885 5178 3224 5246 ’Λντιχρίστῳ
3245 5181 3271 5228 ό
3305 5179 3561 5237 Σατανᾶς,
3599 5177 3626 5226 ὁ
3647 5175 3840 5241 νοητὸς

2309 5268 2543 5333 δράκων,
2581 5268 2754 5318 πᾶσαν
2803 5265 3043 5329 ἐξουσίαν
3096 5268 3152 5317 ὲν
3205 5267 3445 5334 σημείοις
3499 5264 3589 5316 καὶ
3649 5263 3842 5330 τέρασι

2310 5354 2548 5422 ψευδέσι,
2580 5353 2711 5424 πρὸς
2741 5352 3006 5423 ἐξαπάτην
3038 5357 3182 5423 ὅμως
3210 5355 3313 5407 τῶν
3347 5351 3705 5420 ἀστηρίκτων.
3737 5349 3845 5403 Τὸν
