4106 6334
228 367 336 432 θῖ3

1263 364 1640 425 COMMENT.
1679 365 1761 424 IN
1799 362 2118 421 APOCALY
2129 362 2312 419 PSIN.

3288 362 3392 425 074

229 480 417 548 θρόνον
444 478 500 531 δὲ
527 476 580 529 τί
610 477 845 545 νοητέον,
883 478 932 528 εί
975 477 1048 543 μὴ
1078 475 1175 544 τὴν
1204 476 1446 540 ἐξουσίαν
1476 477 1568 528 τοῦ
1612 475 1769 545 ἀέρος

1871 492 1996 529 num
2030 467 2428 544 intelligendum
2454 485 2533 529 est
2570 477 2670 529 nisi
2699 484 2935 542 potestas
2971 476 3110 530 acris
3144 476 3388 530 tenebra-

230 568 326 620 τοῦ
353 567 572 627 σκότους
607 565 816 630 τούτου,
849 566 913 634 ἢν
939 566 1032 618 καὶ
1062 565 1217 627 αὐτὸς
1239 565 1360 633 ἔσχε
1384 566 1482 633 τῆς
1513 566 1760 632 οὐρανίου

231 656 390 723 δόξης
419 657 550 707 ὲκπε
559 654 786 716 intexti);
813 670 827 718 ;

308 745 413 797 Kal
461 738 622 795 εἶδον
643 744 786 810 μίαν
832 743 898 794 ἐκ
929 741 1046 794 τῶν
1075 739 1351 808 κεφαλῶν
1381 742 1588 803 αὐτοῦ,
1626 743 1765 795 ὡσεὶ

229 829 613 897 ἐσφαγμενην
636 831 718 893 είς
750 827 1029 880 θάνατον·
1057 827 1152 879 καὶ
1171 827 1207 891 ἠ
1234 828 1434 894 πληγὴ
1461 828 1562 880 τοῦ
1593 827 1767 880 θανά-

230 936 341 971 του
370 917 551 970 αὐτοῦ
580 918 932 982 ἐθεραπεύθη
953 932 966 945 ·
992 917 1086 968 καὶ
1129 909 1462 982 ἐθαύμασεν
1483 916 1592 981 ὅλη
1627 918 1665 983 ἡ
1692 916 1764 985 γῆ

234 1007 428 1058 ὀπίσω
469 1005 572 1056 τοῦ
605 1006 838 1070 θηρίουο
872 1003 969 1055 καί
1000 1004 1464 1068 προσεκύνησαν
1510 1003 1586 1068 τῷ
1626 1004 1765 1070 δρά-

235 1112 403 1147 κοντι
447 1095 525 1158 τῷ
555 1094 828 1147 δεδωκότι
881 1093 994 1160 τὴν
1024 1093 1305 1154 ἐξουσίαν
1336 1093 1414 1155 τῷ
1443 1094 1638 1160 θηρίῳ,
1670 1092 1765 1145 καὶ

235 1187 698 1250 προσεκύνησαν
733 1181 807 1244 τῷ
856 1182 1052 1248 θηρίῳ,
1083 1181 1392 1247 λέγοντες·
1436 1182 1767 1249 Τι’ςβμοιος

233 1274 318 1335 τῷ
348 1275 555 1338 (inple);
598 1274 686 1334 τίς
729 1272 980 1333 δυνατὸς
1025 1272 1357 1339 πολεμῆσαι
1388 1274 1513 1339 μετ’
1551 1271 1769 1333 αὑτοῦ;

235 1364 333 1414 καὶ
362 1363 534 1427 ἐδόθη
557 1362 712 1424 αὐτῷ
741 1362 930 1428 στόμα
959 1362 1188 1414 λαλοῦν
1205 1361 1435 1428 μεγάλα
1457 1361 1552 1413 καὶ
1573 1362 1769 1423 βλασ-

235 1429 468 1517 φημίαν
488 1466 500 1477 ’
534 1450 631 1502 καὶ
664 1450 835 1514 ἐδόθη
861 1448 1017 1512 αὐτῷ
1040 1449 1285 1512 ἐξουσία
1309 1452 1570 1516 πόλεμον
1600 1449 1769 1514 ποιῆ-

234 1556 340 1592 σαι
360 1539 559 1608 μῆνας
573 1538 1144 1604 τεσσαρακονταδύο.
1163 1539 1266 1591 Καὶ
1293 1538 1488 1604 ἤνοιξε
1500 1539 1560 1588 τὸ
1583 1539 1771 1604 στόμα

233 1630 421 1682 αὑτοῦ
449 1633 534 1692 εὶς
559 1628 950 1695 ,βλασφημίαν
981 1629 1128 1694 πρὸς
1156 1629 1259 1680 τὸν
1299 1630 1462 1691 Θεὸν,
1495 1629 1772 1694 ,βλασςοηο

228 1717 425 1783 μῆσαι
467 1716 531 1768 τὸ
587 1717 770 1782 δνομα
792 1715 997 1777 αὑτοῦ,
1026 1716 1123 1767 καί
1164 1715 1276 1780 τὴν
1300 1716 1538 1782 σκηνὴν
1566 1717 1769 1778 αὑτοῦ,

1867 579 1984 616 rum
2041 565 2254 628 harum,
2291 564 2449 632 760
2480 579 2639 630 quam
2672 565 2785 632 ipse
2815 578 3031 633 quoque
3061 565 3267 635 accepit
3305 566 3396 633 qui

1866 671 1895 709 ιι
1927 655 2090 723 gloria
2126 655 2324 708 caelesti
2355 653 2584 706 cecidit?

1934 743 2070 809 XIII,
2098 743 2210 795 5-7.
2240 742 2306 795 Et
2330 742 2433 794 vidi
2458 758 2614 793 unum
2649 743 2710 793 de
2731 743 2983 807 capitibus
3007 743 3120 809 ejus
3153 752 3399 810 tanquam

1867 833 2089 886 occisum
2121 831 2186 880 ad
2225 841 2455 891 mortem,
2492 839 2536 879 et
2565 829 2715 895 plaga
2748 829 2926 879 mortis
2952 827 3062 893 ejus
3088 839 3272 880 curata
3300 838 3396 883 est.

1871 919 1934 971 Et
1966 920 2227 970 admirata
2256 926 2329 969 est
2362 918 2600 968 universa
2625 925 2760 967 terra
2787 927 2900 983 post
2925 917 3159 968 bestiam.
3191 915 3402 967 Etado-

1866 1018 2106 1061 rarerunt
2139 1008 2412 1059 draconem
2437 1008 2526 1073 qui
2557 1008 2770 1058 dederat
2802 1015 3100 1072 potestatem
3126 1007 3322 1068 bestitt’,
3345 1015 3394 1057 et

1868 1099 2208 1151 adorarernnt
2229 1097 2444 1149 bestiam
2479 1097 2704 1148 dicentes
2737 1111 2753 1147 :
2782 1095 2910 1158 Quis
2939 1096 3122 1146 similis
3175 1096 3348 1146 bestia:
3372 1097 3396 1146 ?

1866 1189 1981 1256 quis
2011 1190 2190 1255 poterit
2213 1203 2438 1254 pugnare
2464 1202 2575 1236 cum
2610 1186 2705 1237 ea?
2727 1185 2790 1235 Et
2830 1188 3006 1236 datum
3036 1194 3111 1236 est
3138 1186 3184 1236 ei
3221 1201 3277 1236 os
3318 1185 3398 1235 lo-

1867 1293 2023 1340 quens
2051 1293 2235 1341 magna
2273 1287 2320 1328 et
2350 1276 2690 1342 blasphemias
2720 1291 2736 1325 :
2763 1285 2808 1326 et
2844 1279 2968 1326 data
2987 1286 3060 1327 est
3098 1277 3141 1327 ei
3174 1284 3395 1340 potestas

1871 1366 2098 1434 faciendi
2121 1366 2353 1430 prtelium
2388 1381 2576 1415 menses
2613 1363 2952 1430 quadraginta
2973 1367 3124 1415 duos.
3175 1363 3239 1414 Et
3270 1380 3394 1430 ape-

1871 1456 1975 1507 ruit
2008 1471 2061 1505 os
2109 1470 2258 1504 suum
2313 1455 2378 1502 ad
2428 1453 2793 1518 blasphemiam
2825 1453 3066 1502 adversus
3126 1451 3307 1513 Deum,
3341 1459 3397 1502 ut

1874 1543 2244 1609 blasphemaret
2276 1557 2454 1591 nomen
2485 1541 2592 1606 ejus
2618 1551 2663 1590 et
2687 1539 3071 1589 tabernaculum
3104 1539 3213 1604 ejus
3242 1550 3286 1590 et
3313 1554 3396 1589 eos

1874 1633 1959 1697 qui
1994 1632 2044 1682 in
2076 1630 2198 1681 ccelo
2233 1630 2487 1679 habitant.
2525 1627 2590 1679 Et
2653 1633 2832 1677 datum
2870 1639 2942 1678 est
2991 1627 3068 1677 illi
3098 1627 3286 1678 bellum
3311 1629 3396 1687 [a-

1873 1733 1982 1768 cere
2011 1732 2124 1767 rum
2152 1717 2343 1767 sanctis
2376 1725 2420 1766 et
2462 1716 2659 1766 vincere
2681 1731 2784 1766 eos.

233 1807 334 1859 καὶ
375 1805 512 1870 τοὺς
567 1805 635 1857 ἐν
666 1803 745 1867 τῷ
801 1803 1027 1871 οὐρανῷ
1080 1806 1473 1871 σκηνοῦντας.
1533 1807 1638 1858 Καὶ
1683 1806 1855 1872 ἐδόθη
1906 1807 2062 1870 αὐτῴ
2117 1793 2354 1871 ποιῆσαι
2413 1805 2672 1870 πόλεμον
2718 1803 2865 1870 μετὰ
2911 1802 3028 1854 τῶν
3074 1802 3269 1870 ἁγίων,
3306 1799 3403 1854 καὶ

230 1898 479 1964 νικῆσαι
516 1899 750 1963 αὐτούς.

305 1983 768 2052 Τοῦτο-διαφόρως
813 1984 1129 2051 ὲκληπτέον.
1160 1985 1313 2036 Ἤτοι
1355 1985 1460 2053 γὰρ
1482 1985 1621 2037 οὕτω
1649 2002 1770 2052 νοη-

1943 1980 2054 2032 lloc
2077 1980 2221 2031 rario
2252 1979 2411 2030 modo
2454 1979 2623 2045 accipi
2655 1986 2827 2044 potest
2857 1995 2870 2029 :
2897 1985 2990 2029 aut
3030 1979 3171 2030 enim
3211 1981 3282 2032 ita
3317 1983 3402 2031 in-
3436 1977 3440 1980 ’

233 2073 390 2125 τέονο
424 2071 726 2138 Κεφάλαιον
754 2072 848 2123 τοῦ
881 2073 1108 2135 Σατανᾶ,
1147 2073 1212 2124 τά
1246 2073 1334 2123 ὑπ’
1365 2074 1525 2125 αὑτοῦ
1567 2074 1769 2124 πεπλα-

233 2150 447 2229 νημένα
479 2160 625 2227 ἔθνη.
656 2160 870 2212 Τούτων
911 2160 967 2212 δὲ
1009 2162 1041 2227 ἡ
1092 2161 1225 2228 πρὸς
1269 2161 1541 2213 εὐσέϐειαν
1581 2163 1770 2213 ἐπανα-

236 2248 416 2315 γωγὴ,
452 2246 632 2316 σφαγὴ
671 2248 748 2306 είς
778 2246 1003 2298 θάνατον
1034 2247 1302 2315 ἐλογίσθη.
1343 2250 1448 2299 Καὶ
1479 2250 1559 2300 ὅτι
1595 2250 1654 2301 οὐ
1679 2267 1772 2302 κυ-

237 2337 374 2402 pilo;
408 2334 638 2399 σφαγὴν,
690 2333 800 2384 ἀλλ’
848 2335 922 2395 ὡς
953 2335 1163 2403 σφαγὴν
1204 2339 1265 2387 τὸ
1312 2338 1468 2405 ῥητὸν
1513 2341 1767 2408 παριστᾷ,

238 2427 342 2475 οὐκ
375 2423 741 2490 ἐσφαγμενην,
774 2423 887 2474 ἀλλ’
926 2423 1000 2484 ὡς
1042 2425 1384 2493 ἐσφαγμενην
1417 2428 1638 2494 φάσκον,
1682 2429 1773 2479 καὶ

238 2513 338 2579 τῷ,
391 2514 488 2575 ὡς,
547 2511 936 2582 ὁμοιωματικῷ
970 2514 1139 2582 μορίῳ
1183 2516 1538 2583 χρησάμενον.
1593 2517 1771 2586 Ταύτῃ

241 2602 378 2667 γοῦν
405 2602 563 2654 πάλιν
592 2603 656 2669 τῇ
686 2603 762 2663 εὶς
798 2601 1119 2666 θεογνωσίαν
1145 2603 1542 2673 ἐπαναστροφῇ,
1574 2606 1605 2673 ἡ
1641 2607 1775 2674 πρὸς

238 2691 334 2741 τὸν
366 2690 421 2754 ἐξ
468 2689 638 2756 ἀρχῆς
671 2688 802 2757 πρὸς
837 2689 1083 2741 ἀσέϐειαν
1121 2690 1482 2760 ἑπαναδρομὴ.
1518 2692 1776 2760 θεραπεία

241 2779 557 2845 ὠνόμασται
590 2778 817 2844 πληγῆς.
855 2778 924 2828 ’Ἡ
942 2777 1116 2829 τοίνυν
1137 2778 1304 2839 οὕτως
1331 2780 1398 2829 τὰ
1421 2779 1516 2846 τῆς
1538 2780 1775 2831 ἀναπτύ-

243 2867 382 2928 ξεως
405 2863 498 2914 τοῦ
522 2857 710 2931 δ’ῥητοῦ,
733 2863 765 2931 ἢ
797 2864 886 2914 καὶ⁵
914 2863 1104 2924 οὕτως·
1133 2866 1384 2932 Κεφαλὴν
1403 2865 1476 2926 ὡς
1499 2868 1774 2934 ἐσφαγμέ-

239 2968 367 3023 νην,
401 2951 508 3001 εἴτε
543 2950 663 3000 τινὰ
711 2951 817 3000 τῶν
855 2951 1124 3018 ἀρχόντων
1167 2951 1328 3002 αὑτοῦ
1358 2953 1773 3016 τεθανατῶσθαι,

243 3040 338 3090 καὶ
375 3041 436 3088 ἐκ
466 3038 562 3101 τῆς
596 3038 684 3088 ὑπ’
732 3037 892 3088 αὐτοῦ
919 3039 996 3099 εἰς
1029 3039 1192 3089 πολλὰ
1215 3038 1574 3108 διαιρεθείσης
1605 3042 1777 3108 ἀρχῆς

243 3126 333 3176 διὰ.
388 3126 637 3193 γοητείας
679 3125 965 3190 ἀπατηλῶς
1015 3125 1328 3177 ἀνίστασθαι
1381 3126 1547 3191 δόξαι,
1680 3129 1776 3196 τὴν

258 3214 544 3280 Ῥωμαίων
577 3215 748 3282 ἀρχὴν
799 3215 1168 3282 ἀπολλυμένην
1219 3215 1306 3266 διὰ
1360 3216 1453 3284 τῆς
1501 3217 1578 3278 είς
1613 3218 1778 3271 πολλὰ

243 3275 563 3367 διαιρέσεως
591 3275 796 3368 σ-ιραίίῆς
830 3275 1023 3371 τρόπον
1045 3275 1359 3369 νομισθῆναι
1377 3317 1390 3332 ·
1411 3275 1581 3356 acroi:
1607 3305 1662 3356 δὲ
1688 3306 1778 3357 τοῦ
1804 3275 1846 3332 c

258 3388 628 3456 Ἀντιχρίστου
658 3391 854 3452 ταύτας
883 3390 1331 3453 καταλελυκότος,
1364 3391 1459 3460 τὴν
1497 3395 1781 3446 κατάλυσιν

244 3478 544 3546 θεραπείαν
573 3479 907 3548 νομισθῆναι.

321 3651 426 3701 Καὶ
477 3651 808 3716 ἐθαύμασεν
839 3653 950 3718 ὅλη
998 3655 1035 3718 ἠ
1075 3656 1148 3722 γῆ
1181 3649 1370 3710 ὀπίσω
1399 3659 1503 3711 τοῦ
1556 3661 1780 3724 θηρίου.

259 3739 406 3789 Ἀντὶ
440 3737 530 3788 τοῦ
578 3738 813 3805 θάμϐους
854 3742 1117 3808 ἐπλήσθη,
1158 3744 1342 3813 ὥσπερ
1383 3748 1780 3812 προηγουμένου

245 3826 346 3876 τοῦ
382 3827 570 3892 θηρίου
603 3825 692 3876 διὰ
735 3827 839 3876 τῶν
882 3830 1136 3893 τεράτων,
1183 3832 1357 3880 αὐτῶν
1398 3833 1452 3881 δὲ
1503 3833 1780 3894 ἐξόπισθεν

242 3912 752 3964 ἐπακολουθούντων
778 3917 842 3982 τῇ
874 3916 1282 3979 συγκαταθέσει.
1317 3919 1386 3968 Τὸ
1407 3919 1460 3968 δὲ
1488 3919 1595 3983 ὅλη
1623 3921 1658 3983 ἡ
1684 3918 1779 3983 γῆ,

243 4001 374 4055 ἀντὶ
412 4001 527 4065 τοῦ,
565 4003 668 4063 πᾶς
703 4002 1004 4069 ἄνθρωπος,
1060 4006 1268 4073 εἴρηται
1306 4007 1661 4074 μετωνυμικῷ
1706 4006 1780 4075 τῷ

241 4090 458 4167 τρόπῳ,
494 4091 598 4142 άπὸ
630 4090 719 4141 τοῦ
741 4095 1081 4161 περιέχοντος
1113 4095 1168 4144 τὸ
1193 4096 1589 4162 περιεχόμενον.

322 4181 432 4232 Kal
480 4183 943 4247 προσεκύνησαν
973 4181 1049 4246 τῷ
1086 4183 1374 4248 δράκοντι.
1419 4185 1492 4234 Τὸ
1542 4185 1643 4235 ὑπὸ
1690 4186 1779 4237 τοῦ

258 4268 631 4335 Ἀντιχρίστου
663 4269 843 4336 θαῦμα
894 4271 970 4330 εἰς
999 4273 1086 4320 τὸν
1118 4272 1183 4321 δι’
1214 4271 1372 4322 αὐτοῦ
1404 4273 1780 4340 ὲνεργούμενον

241 4359 493 4410 διάὗολον
510 4361 604 4426 τὴν
627 4362 898 4430 ἀναφοράν
916 4362 1041 4424 ἔξει.
1070 4365 1146 4412 Δι’
1164 4365 1367 4414 ἐκείνου
1393 4365 1498 4432 γὰρ
1519 4366 1546 4414 ὁ
1573 4365 1779 4432 δράκων

242 4447 766 4515 προσκυνηθήσεται.

1871 2068 2211 2136 tclligeudum
2260 2077 2360 2130 est,
2395 2076 2453 2119 ut
2495 2066 2923 2134 caput'Sataua:
2954 2078 3135 2132 gentes
3178 2070 3281 2122 sint
3329 2072 3397 2122 ab

1869 2173 1935 2211 eo
1965 2157 2196 2211 seducta:
2231 2175 2242 2209 :
2279 2171 2400 2208 nam
2423 2156 2612 2207 barum
2648 2156 2883 2208 inductio
2920 2156 2984 2207 ad
3017 2157 3253 2208 divinum
3279 2159 3395 2209 cul—

1871 2254 1980 2299 lum
2003 2257 2052 2298 et
2077 2247 2350 2313 pietatem,
2380 2245 2578 2297 occisio
2607 2245 2671 2296 ad
2723 2253 2950 2297 mortem
2998 2254 3241 2312 reputata
3293 2256 3394 2299 est.

1870 2334 2019 2398 Quod
2055 2344 2231 2386 autem
2262 2350 2366 2386 non
2415 2333 2575 2386 fuerit
2612 2336 2824 2401 proprie
2875 2335 3098 2395 occisio,
3133 2336 3223 2387 sed
3278 2345 3397 2386 tau-

1872 2436 2030 2490 quam
2059 2421 2284 2483 occisio,
2315 2422 2428 2488 ipsa
2471 2421 2658 2473 litterae
2691 2421 2858 2473 series
2893 2422 3238 2484 demonstrat,
3282 2436 3402 2488 quae

1874 2528 1978 2564 non
1998 2513 2232 2564 occisum
2252 2511 2401 2573 dicit,
2425 2511 2618 2563 utendo
2639 2510 2797 2562 etiam
2818 2511 2912 2572 ὼς,
2944 2510 2992 2561 id
3015 2518 3096 2562 est
3125 2518 3398 2575 tanquam,

1875 2602 2240 2654 similitudinis
2265 2601 2548 2673 particula.
2589 2600 2667 2652 Ad
2702 2600 2837 2651 hanc
2878 2599 3033 2667 igitur
3089 2601 3402 2652 conversio—

1877 2706 1993 2744 nem
2022 2692 2085 2743 ad
2121 2691 2208 2742 Dei
2244 2690 2620 2758 cognitionem,
2654 2703 2866 2740 rursum
2893 2687 3184 2739 succedens
3214 2701 3404 2740 recur-

1875 2795 1966 2832 sus
2017 2781 2082 2831 ad
2113 2780 2359 2845 lprimam
2413 2777 2760 2844 impietatem,
2805 2776 3110 2827 nominatus
3137 2783 3218 2826 est
3272 2790 3402 2829 cura

1880 2867 2196 2934 plagm.Aut
2245 2866 2342 2917 hoc
2372 2864 2531 2928 igitur
2583 2864 2738 2915 modo
2789 2863 2916 2914 dicti
2968 2861 3252 2928 explicatio
3307 2877 3400 2914 su-

1876 2954 2062 3006 menda
2104 2961 2184 3005 est
2215 2971 2228 3005 :
2264 2962 2356 3004 aut
2388 2953 2548 3004 etiam
2579 2953 2681 3005 isto
2725 2953 2882 3004 modo
2915 2967 2928 3001 :
2962 2962 3119 3018 caput
3149 2961 3410 3018 tanquam
3479 2958 3492 2976 '

1876 3041 2136 3105 occisum,
2160 3042 2271 3094 sive
2290 3044 2430 3108 quod
2456 3042 2652 3107 aliquis
2675 3041 2970 3107 principum
2995 3041 3160 3106 ipsius
3191 3041 3402 3093 occisus

1878 3127 2056 3189 fuerit,
2076 3139 2127 3181 et
2153 3143 2217 3181 eo
2247 3130 2387 3195 quod
2443 3129 2554 3195 ipse
2596 3128 2902 3181 diviseritin
2956 3128 3116 3179 mula
3143 3129 3404 3195 principa-

1877 3228 2012 3277 tum,
2059 3232 2151 3284 per
2201 3219 2546 3284 imposturam
2592 3217 2958 3270 fraudulenter
3017 3232 3292 3283 resurgere
3324 3219 3402 3268 vi-

1879 3308 2086 3359 deatur.
2115 3309 2221 3359 Aut
2249 3306 2426 3374 putari
2478 3306 2841 3359 Romanorum
2872 3306 3093 3372 periisse
3122 3305 3402 3372 imperium

1879 3397 1931 3450 in
1984 3398 2197 3450 modum
2234 3398 2541 3458 occisionis,
2569 3412 2631 3450 eo
2675 3398 2814 3465 quod
2845 3398 2896 3450 in
2946 3398 3112 3450 multa
3173 3398 3402 3456 divisum

1880 3486 2039 3539 fuerit
2067 3505 2079 3538 :
2113 3488 2222 3553 ipse
2252 3496 2425 3538 tamen
2459 3487 2819 3540 Antichristns
2845 3488 2935 3554 qui
2961 3487 3012 3538 id
3060 3488 3401 3552 dissolveret,

1879 3577 2266 3631 existimaverit
2295 3577 2701 3628 dissolutionem
2725 3590 2845 3628 esse
2878 3591 3085 3628 curam.

1948 3664 2014 3716 Et
2044 3665 2308 3717 admirata
2339 3675 2412 3717 est
2443 3667 2678 3717 universa
2715 3675 2852 3716 terra
2881 3675 2992 3729 post
3027 3665 3266 3716 bestiam.
3290 3663 3399 3718 Hoc

1852 3763 1978 3818 est,
2008 3763 2222 3819 stupore
2240 3755 2480 3819 perculsa
2509 3763 2583 3804 est
2617 3771 2629 3803 :
2659 3765 2909 3819 tanquam
2935 3763 3200 3820 praeeunte
3231 3755 3398 3806 bestia

1879 3855 1972 3906 per
1994 3842 2162 3907 signa,
2214 3842 2342 3906 ipsis
2400 3857 2527 3892 vero
2584 3858 2676 3908 per
2714 3845 3147 3909 approbationem
3190 3860 3216 3896 a
3255 3853 3402 3911 tergo

1877 3925 2240 3992 sequentibus.
2273 3927 2519 3977 Universa
2551 3937 2727 3979 autem
2761 3938 2894 3978 terra
2920 3944 3012 3994 per
3066 3931 3400 3997 metonymia:

1878 4014 2098 4082 ﬁguram
2145 4016 2343 4069 dictum
2396 4025 2499 4076 est,
2531 4032 2633 4084 qua
2663 4032 2693 4070 a
2745 4018 3040 4070 continenti
3092 4027 3398 4071 contentum

1879 4104 2207 4172 intelligitur.

1953 4193 2020 4244 Et
2065 4194 2409 4247 adoraverunt
2433 4197 2727 4245 draconem.
2778 4194 3086 4248 Miraculum
3147 4197 3259 4250 sive
3314 4213 3400 4250 res

1880 4283 2177 4352 prodigiosa
2198 4299 2314 4350 qua:
2336 4283 2423 4336 [iet
2455 4284 2521 4335 ab
2539 4284 2865 4337 Antichrislo
2891 4287 3201 4338 relationem
3249 4288 3402 4338 habe-

1880 4373 1955 4425 bit
1985 4372 2050 4423 ad
2101 4373 2395 4436 diabolum,
2451 4375 2540 4440 qui
2601 4389 2692 4440 per
2738 4390 2858 4427 eum
2897 4377 3237 4444 operabitar:
3278 4394 3397 4430 nam

1877 4459 2040 4510 draco
2071 4474 2163 4524 per
2188 4460 2334 4510 illum
2372 4461 2697 4513 adorabitur.

321 4531 431 4584 Kal
475 4532 646 4598 ἐδόθη
698 4534 852 4596 αὐτῷ
889 4536 1077 4602 στόμα
1137 4539 1368 4591 λαλοῦν
1401 4539 1629 4606 μεγάλα
1678 4542 1771 4592 καὶ

1949 4547 2099 4614 76],
2136 4546 2202 4597 Ει
2227 4548 2405 4597 datum
2435 4558 2509 4599 est
2537 4552 2583 4600 ei
2608 4567 2662 4601 os
2695 4551 2901 4614 loquens
2936 4569 3122 4620 magna
3161 4566 3206 4605 et
3255 4555 3398 4607 blas-

249 4621 658 4687 ϐλασφημίαν.
695 4624 873 4672 Διττὸν
919 4624 978 4673 τὸ
1013 4624 1204 4690 λέγειν.
1246 4628 1314 4676 Ἢ
1343 4629 1448 4695 γὰρ
1485 4630 1580 4692 τῆς
1618 4630 1775 4678 ἀνεκ-

242 4712 495 4780 φράστου
517 4710 609 4761 τοῦ
642 4710 774 4762 Θεοῦ
795 4711 987 4779 ἀνοχῆς
1005 4713 1179 4776 τοῦτο,
1201 4714 1274 4774 ὼς
1302 4717 1593 4782 γυμνασίας
1628 4719 1779 4783 χάριν

241 4801 352 4853 καὶ
383 4799 606 4867 δοκιμῆς
646 4800 741 4867 τῆς
771 4801 903 4868 πρὸς
931 4802 1088 4853 αὑτὸν
1121 4804 1274 4869 ἡμῶν
1326 4804 1632 4864 διαθέσεως,
1685 4807 1778 4855 άν-

239 4889 507 4958 εχομένου
530 4889 595 4939 τὰ
627 4890 847 4942 τοιαῦτα
869 4903 882 4916 ⁸
907 4890 939 4957 ἢ
972 4892 1050 4951 τὸ,
1081 4891 1274 4956 ἐδόθη,
1308 4891 1410 4942 ὑπὸ
1438 4892 1540 4942 τῶν
1573 4895 1779 4960 ἠπατη-

240 4982 430 5049 μένων
464 4980 949 5046 προσκυνησάντων
979 4979 1122 5048 αὺτῷ
1149 4979 1463 5049 ἀνθρώπων.
1498 4981 1567 5031 Τὸ
1593 4981 1648 5031 δὲ
1685 4998 1779 5048 με-

237 5069 393 5133 γάλα
432 5067 630 5131 λαλεῖν,
661 5068 723 5118 τδ
752 5069 1117 5138 ὑπερηφανίας
1156 5069 1324 5138 μεστὰ
1378 5071 1590 5138 ῥήματα
1640 5087 1772 5138 προ-

212 5153 309 5227 ”φέ
323 5173 456 5227 ρειν.

302 5248 414 5302 Καὶ
442 5247 613 5311 ἐδόθη
643 5245 798 5309 αὐτῷ
826 5246 1071 5309 ἐξουσία
1101 5249 1196 5299 ἐπὶ
1223 5234 1424 5302 πᾶσαν
1444 5249 1644 5315 φυλὴν
1676 5251 1772 5302 καὶ

235 5339 401 5391 λαὸν
433 5335 529 5388 καὶ
557 5333 840 5402 γλῶσσαν
864 5334 962 5387 καὶ
989 5335 1179 5400 ἔθνος,
1207 5337 1300 5389 καὶ
1324 5341 1772 5404 προσκυνήσου-

237 5443 353 5478 σιν
376 5425 558 5480 αὑτὸν
596 5423 809 5487 πάντες
840 5426 892 5476 ot
917 5423 1321 5487 κατοικοῦντες
1362 5425 1457 5476 ἐπὶ
1499 5424 1606 5490 τῆς
1639 5425 1769 5491 τῆς,

236 5510 334 5568 ὧν
359 5516 434 5567 οὺ
477 5512 787 5581 τέτραπται
827 5511 896 5563 τὰ
924 5511 1176 5577 ὀνόματα
1205 5512 1271 5563 ἐν
1310 5511 1386 5575 τῷ
1418 5514 1627 5578 βιϐλίῳ
1666 5515 1773 5579 τῆς

235 5601 390 5668 ζωῆς
407 5600 511 5654 τοῦ
545 5597 763 5666 Ἀρνίου
791 5597 893 5652 τοῦ
916 5597 1286 5665 ἐσφαγμένου
1311 5599 1426 5653 ἀπὸ
1446 5600 1776 5668 καταϐολῆς

1873 4635 2414 4702 ρΙιεηιὶαηι.ΒὶΙ“ιιι·ἰειιη
2461 4638 2571 4690 hare
2604 4639 2768 4705 accipi
2814 4652 3078 4706 possunt:
3115 4654 3205 4696 aut
3249 4645 3391 4698 enim

1875 4725 1975 4776 hoc
2009 4723 2301 4777 ineit‘abilis
2352 4725 2440 4776 Dei
2498 4727 2791 4781 tolerantia:
2835 4739 2933 4788 est.
2966 4731 3054 4797 qui
3091 4732 3397 4799 huiusmodi

1875 4813 2152 4876 sustineat,
2186 4814 2350 4881 gratia
2405 4816 2643 4868 exercitii
2691 4831 2754 4870 ac
2802 4821 3135 4885 probationis
3180 4823 3398 4877 affectus

1874 4902 2041 4952 nostri
2071 4916 2194 4970 erga
2243 4903 2421 4975 ipsum
2461 4922 2472 4957 :
2509 4913 2602 4957 aut
2627 4906 2763 4972 quod
2804 4908 2985 4960 datum
3012 4918 3092 4962 est
3131 4910 3195 4963 ab
3229 4913 3402 4965 homi-

1880 4989 2035 5042 nibus
2063 4991 2152 5057 qui
2190 4991 2392 5044 seducti
2430 4976 2602 5061 ipsttm
2651 4995 2962 5049 adorarunt.
2999 4998 3183 5066 Magna
3216 5010 3391 5053 autem

1875 5078 2042 5146 loqui,
2079 5081 2176 5134 hoc
2214 5091 2314 5145 est,
2345 5085 2503 5136 verba
2533 5086 2794 5153 superbia:
2818 5087 2972 5155 plena
2996 5090 3254 5156 proferre.

1949 5251 2083 5316 XIII,
2103 5253 2251 5306 7-10.
2271 5251 2332 5304 Et
2357 5254 2562 5306 dataest
2591 5255 2671 5306 illi
2686 5267 2907 5321 potestas
2921 5260 3179 5310 inamnem
3202 5261 3390 5315 tribum

1876 5349 1920 5390 et
1944 5342 2185 5406 populant
2218 5351 2265 5392 et
2295 5342 2518 5407 linguam
2547 5351 2596 5392 et
2625 5353 2856 5408 gentem:
2882 5354 2929 5394 et
2961 5346 3246 5397 adorabunt
3278 5367 3389 5415 eum

1878 5445 2046 5481 omnes
2095 5431 2180 5498 qui
2236 5430 2471 5482 habitant
2510 5433 2561 5483 in
2602 5441 2736 5483 terra
2770 5449 2982 5496 quorum
3040 5437 3247 5490 nomina
3290 5429 3389 5492 non

1878 5521 2210 5585 snntscripta
2269 5522 2320 5570 in
2362 5520 2490 5571 libro
2523 5522 2637 5571 vita:
2663 5519 2793 5588 Agni
2845 5524 2930 5584 qui
2957 5527 3153 5578 occisus
3206 5541 3280 5580 est
3329 5533 3390 5581 ub

1878 5609 2071 5675 origine
2099 5611 2294 5662 mundi.
2325 5609 2382 5662 Si
2408 5612 2519 5676 quis
2551 5609 2698 5663 habet
2735 5626 2930 5678 aurem,
2959 5616 3162 5668 audiat.
3198 5618 3254 5672 Si
3283 5624 3394 5686 quis
