4106 6334
804 519 1048 572 ΚΕΦΑΛ.
1077 519 1195 573 ΛΖ’.

228 629 366 694 Περὶ
410 629 613 705 ἐτέρου
646 629 850 705 θηρίου
879 626 984 705 (δύο
1015 627 1226 691 κέρατα
1253 626 1517 705 ἔχοντος,
1550 623 1647 675 καὶ
1693 621 1770 685 τῷ

385 692 589 764 ,πρώτῳ
614 697 752 760 τοὺς
795 692 1140 760 ἀνθρώπους
1164 693 1595 758 προσάγοντος.

298 801 404 854 Καὶ
432 800 596 856 εἶδον
631 803 784 854 ἄλλο
811 803 1014 867 θηρίον
1042 799 1370 853 ἀναϐαῖνον
1405 800 1471 850 ἐκ
1504 798 1611 864 τῆς
1638 797 1766 866 γῆς,

225 891 321 941 καὶ
358 886 482 956 εἶχε
513 891 725 956 κέρατα
762 889 868 941 δύο
907 888 1072 956 ὅμοια
1102 889 1302 953 ἀρνίῳ,
1337 889 1428 938 καὶ
1463 887 1664 939 ἐλάλει
1691 888 1772 950 ὡς

222 978 475 1043 δράκων.
530 979 636 1030 Καὶ
668 977 780 1042 τὴν
828 977 1112 1038 ἐξουσίαν
1141 975 1244 1026 τοῦ
1297 976 1523 1040 πρώτου
1567 978 1770 1040 θηρίου

224 1063 433 1117 ,πᾶσαν
475 1065 628 1117 ποιεῖ
659 1065 907 1116 ἐνώπιον
935 1063 1140 1115 αὑτοῦ.
1175 1063 1283 1114 Καὶ
1313 1063 1495 1114 ἐποίει
1522 1065 1634 1126 τὴν
1658 1063 1771 1129 γῆν

226 1153 324 1204 καὶ
355 1153 496 1215 τοὺς
539 1153 607 1203 ἐν
637 1151 788 1217 αὐτῇ
823 1150 1269 1214 κατοικοῦντας,
1307 1153 1405 1202 ἵνα
1430 1153 1772 1218 προσκυνή-

224 1253 377 1290 σωσι
434 1240 501 1289 τὸ
550 1241 758 1303 θηρίον
808 1238 871 1288 τὸ
920 1237 1172 1302 πρῶτον,
1219 1235 1292 1291 οὗ
1343 1239 1699 1305 ἐθεραπεύθη
1735 1241 1771 1305 ἡ

224 1327 428 1390 πληγὴ
479 1326 584 1377 τοῦ
624 1325 876 1377 θανάτου
942 1326 1144 1377 αὑτοῦ.
1199 1327 1307 1378 Καὶ
1365 1328 1521 1378 ποιεῖ
1558 1329 1772 1394 σημεῖα

220 1415 480 1480 μεγάλα,
523 1415 617 1465 καὶ
653 1413 791 1479 πῐιρ,
833 1416 928 1465 ἶνα
952 1416 1017 1465 ἐκ
1045 1415 1147 1467 τοῦ
1181 1419 1433 1481 οὐρανοῦ
1457 1419 1772 1484 καταϐαίνῃ

226 1503 325 1552 ἐπὶ
367 1502 482 1566 τὴν
503 1501 618 1569 γῆν
637 1502 892 1554 ἐνώπιον
920 1502 1035 1554 τῶν
1065 1505 1405 1570 ἀνθρώπων.
1437 1511 1538 1558 Καὶ
1576 1507 1776 1573 πλανᾷ

226 1588 370 1651 τοὺς
396 1589 578 1655 ἐμοὺς
624 1591 763 1653 τοὺς
808 1592 1228 1657 κατοικοῦντας
1264 1596 1355 1646 ἐπὶ
1388 1595 1491 1660 τῆς
1521 1594 1646 1662 γῆς,
1683 1598 1774 1648 διὰ

227 1675 303 1727 τὰ
339 1675 558 1741 σημεῖα
592 1674 627 1728 ἁ
676 1678 850 1744 ἐδόθη
884 1678 1039 1742 αὐτῷ
1087 1681 1330 1747 ποιῆσαι
1364 1684 1617 1735 ἐνώπιον
1673 1685 1773 1738 τοῦ

226 1766 462 1829 θηρίου.

307 1855 511 1917 Πολλὰς
567 1857 834 1926 ἐκδρομὰς
893 1861 1251 1928 ποιησάμενος
1321 1864 1384 1913 ὲκ
1454 1863 1616 1914 τῶνδε
1670 1863 1775 1915 τῶν

228 1946 437 2011 ἀρχῶν,
467 1947 544 2006 εις
594 1949 1018 2016 προγενεστέρας
1053 1951 1222 2018 ἀρχὰς
1277 1952 1498 2014 ἀναϐὰς,
1547 1953 1776 2018 ἐᾳοασεν

229 2034 310 2092 ei;
341 2035 400 2084 τὸ
450 2030 876 2102 σπουδαζόμενον
909 2052 923 2068 °
969 2039 1105 2106 ὅπερ
1128 2041 1223 2090 οὐκ
1253 2040 1396 2103 ἄλλο,
1428 2043 1458 2108 ἢ
1501 2042 1556 2092 τὸ
1587 2042 1774 2109 διηγή-

230 2119 432 2172 σασθαι
469 2124 538 2172 τὰ
595 2124 720 2190 περὶ
758 2125 854 2192 τῆς
904 2126 1197 2193 παρουσίας
1251 2128 1344 2178 τοῦ
1386 2129 1771 2197 Ἀντιχρὶστου.

230 2206 346 2257 Καὶ
379 2207 476 2272 δρα
533 2208 584 2258 τί
635 2226 764 2275 φησι
809 2213 934 2279 περὶ
979 2212 1164 2276 αὐτοῦ,
1199 2215 1262 2263 ὲκ
1297 2214 1394 2279 τῆς
1434 2215 1532 2281 γῆς
1580 2216 1772 2283 δηλαδὴ

229 2296 546 2347 ἀναϐαίνειν
574 2299 752 2358 αὐτὸν,
786 2299 904 2351 ὅθεν
926 2301 1020 2352 καὶ
1041 2304 1201 2352 πᾶσιν
1233 2302 1534 2369 ἀνθρώποις
1562 2308 1592 2372 ἡ
1623 2306 1773 2370 γένε-

233 2401 342 2444 σις.
367 2387 708 2453 [Ἄνθρωπος
735 2390 839 2454 γὰρ
874 2392 966 2440 καὶ
1000 2391 1158 2452 αὐτὸς
1207 2393 1322 2442 κατ’
1364 2395 1638 2462 ἐνέργειαν
1682 2397 1771 2448 τοῦ

232 2473 473 2536 Σατανᾶ,
507 2474 581 2535 ὡς
608 2476 700 2525 καὶ
734 2477 925 2546 Παύλῳ
950 2478 1023 2546 τῷ
1054 2478 1181 2546 Θείῳ
1205 2480 1367 2532 δοκεῖ.
1393 2482 1469 2533 Τὰ
1491 2485 1690 2552 κέρατα
1721 2487 1775 2537 δὲ

229 2561 332 2612 οὐκ
367 2562 574 2630 ἀρνίου,
605 2564 716 2615 ἀλλ’
745 2566 901 2633 ὃμοια
929 2568 1117 2637 ἀρνίῳ,
1151 2570 1333 2637 ἐπειδὴ
1371 2573 1625 2637 φαντάζει
1656 2575 1774 2625 ἑαυ-

229 2651 325 2702 τὸν
364 2653 578 2720 ἐπιεικῆ
623 2653 695 2715 ὡς
727 2657 753 2706 ὀ
796 2651 1044 2722 Χριστὸς,
1081 2658 1164 2708 ἵνα
1210 2660 1400 2712 πλανᾶ.
1431 2662 1526 2713 Διὰ
1562 2663 1773 2732 τοῦτοὴ

229 2740 490 2807 ὁμοιὸτης
533 2741 639 2792 τῶν
697 2745 956 2810 κεράτων,
1015 2746 1179 2814 ἦγουν
1225 2749 1320 2815 τῆς
1352 2749 1523 2817 δόξης.
1571 2754 1674 2804 Καὶ
1702 2753 1775 2814 ὡς

228 2828 448 2895 δράκων
492 2831 660 2895 λαλεῖ,
691 2833 787 2883 οὑκ
820 2831 892 2884 ὢν
940 2834 1170 2902 δράκων.
1220 2839 1293 2888 Οὐ
1337 2838 1442 2908 γὰρ
1484 2843 1510 2891 ὁ
1539 2843 1773 2904 Σατανᾶς

230 2919 384 2968 ἐστιν
430 2920 765 2988 αὐτόχρημα,
815 2923 928 2973 ἀλλ’
969 2925 1041 2983 ὡς
1099 2928 1298 2987 ἐκεῖνος
1368 2929 1771 2992 ἐνεξουσιάζων,

231 3006 501 3065 τουτέστι,
523 3006 755 3073 διάδοχος
781 3009 985 3073 γίνεται
1012 3011 1108 3076 τῆς
1127 3013 1368 3075 ἐξουσίας
1392 3015 1480 3065 τοῦ
1508 3017 1767 3070 διαϐόλου.

241 3089 507 3141 Ἐνώπιον
553 3093 628 3155 δὲ,
676 3095 834 3144 οἱονεὶ
866 3097 1165 3160 ἀκολούθως
1209 3101 1419 3169 ἐκείνῳ,
1476 3106 1592 3154 κατ’
1621 3108 1768 3159 οὐδὲν
1796 3118 1836 3174 c

225 3179 624 3245 παραλλάττων
654 3184 748 3250 τῆς
772 3187 1063 3253 παρουσίας
1092 3187 1181 3239 τοῦ
1219 3189 1430 3258 πρώτου
1464 3194 1692 3250 Σατανᾶ.

302 3432 386 3489 Οὗ
420 3436 772 3508 ἐθεραπεύθη
803 3445 838 3510 ἡ
886 3447 1082 3513 πληγὴ
1122 3449 1224 3501 τοῦ
1264 3452 1514 3506 θανάτου
1559 3457 1761 3509 αὐτοῦ,

223 3525 414 3576 Εἰπὼν
446 3528 523 3579 ὅτι
559 3531 653 3598 τὴν
702 3532 943 3594 ὲξουσῖαν
975 3537 1066 3588 τοῦ
1108 3540 1318 3607 πρώτου
1356 3543 1540 3612 Θηρὶου
1588 3550 1764 3599 πᾶσαν

223 3620 460 3668 ποιεῖται
514 3620 739 3672 ἐνώπιον
781 3624 940 3675 αὐτοῦ
975 3627 1206 3693 (πρῶτον
1249 3630 1299 3680 δὲ
1330 3633 1537 3684 πάντων
1578 3639 1762 3703 εἴρηκε

223 3703 320 3753 τὸν
359 3705 620 3772 δράκοντα
652 3711 739 3760 τὸν
782 3713 983 3782 πυῤῥὸν
1020 3715 1076 3765 ὃν
1112 3718 1306 3782 ἔδειξεν
1343 3723 1398 3771 ὲν
1451 3724 1523 3790 τῷ
1554 3726 1761 3794 οὐρανῷ

221 3796 606 3860 γεγραμμένον
637 3797 694 3845 ὲν
737 3802 798 3867 τῇ
855 3802 1128 3870 ὀπτασίᾳ),
1185 3807 1265 3856 ἵνα
1308 3809 1380 3873 μή
1434 3827 1514 3868 τις
1569 3815 1760 3883 νομίσῃ

219 3879 324 3930 νῦν
348 3882 518 3946 λέγειν
548 3885 708 3934 αὐτὸν
733 3887 856 3952 περὶ
879 3890 1104 3952 ἐκείνου,
1128 3892 1182 3951 ὃς
1212 3895 1307 3958 τὴν
1333 3897 1575 3956 ἐξουσίαν
1603 3901 1756 3950 ἔλαθε

217 3968 321 4020 τοῦ
352 3969 559 4036 πρώτου
591 3971 796 4040 Θηρίου,
828 3976 886 4025 οὐ
920 3979 1041 4042 περὶ
1072 3981 1273 4030 ἐκείνου
1299 3984 1448 4048 φησι,
1491 3985 1579 4034 τοῦ
1609 3987 1756 4054 πρώ-

215 4072 342 4118 του,
382 4058 538 4122 λέγω,
579 4061 710 4112 ἀλλὰ
758 4062 847 4112 τοῦ
893 4067 1007 4131 μετ’
1035 4067 1232 4118 ἐκεῖνον
1279 4071 1393 4136 μὲν,
1445 4075 1545 4140 πρὸ
1574 4075 1626 4124 δὲ
1665 4075 1755 4126 τοῦ

229 4147 618 4218 Ἀντιχρίστου,
649 4150 706 4202 ὃν
736 4154 766 4221 ἡ
792 4154 1020 4206 omnia
1055 4158 1247 4221 ἔδειξεν
1273 4161 1335 4210 ἐκ
1365 4161 1459 4228 τῆς
1487 4162 1756 4232 Οαλὰσσης

211 4237 545 4298 ἀναϐαίνειν,
582 4241 758 4307 ὅμοιον
811 4241 936 4294 ὄντα
993 4247 1269 4313 παρδάλει.
1332 4251 1527 4302 Τούτου
1570 4253 1672 4321 γὰρ
1724 4256 1753 4322 ἠ

211 4326 408 4396 πληγὴ
438 4330 579 4397 ῑάοη,
630 4334 765 4384 κατὰ
814 4335 873 4385 τὸ
916 4337 1172 4404 πρότερον
1200 4342 1503 4408 εἰρημένον.
1554 4346 1755 4411 Σημεῖα

1260 413 1633 472 COMMENT.
1678 412 1756 470 IN
1796 410 2307 469 APOCALYPSIN.

2346 512 2576 568 CAPUT
2621 515 2880 569 XXXVII.

1873 626 1946 676 De
1976 624 2084 675 alia
2124 624 2288 676 bestia
2332 624 2549 694 habente
2591 625 2692 678 duo
2722 645 2918 680 cornua
2943 646 3056 694 qua:
3081 632 3318 686 homines
3344 636 3412 686 ad

2223 694 2440 758 priorem
2473 693 2683 745 bestiam
2716 693 3029 752 adducebat.

1941 799 2078 863 XIII,
2107 802 2288 854 H-M.
2322 801 2386 852 Et
2416 802 2517 854 uidi
2554 803 2712 856 aliam
2733 807 2947 858 bestiam
2975 811 3329 862 ascendentem
3355 814 3415 864 de

1874 897 2029 950 terra,
2060 899 2105 940 et
2136 891 2352 941 habebat
2379 891 2480 941 duo
2507 907 2699 943 cornua
2747 896 2944 946 similia
2974 913 3126 963 agno,
3159 911 3205 950 et
3239 901 3409 968 loque-

1874 979 2026 1028 batur
2047 981 2177 1030 sicut
2212 982 2368 1030 draco
2401 995 2417 1032 :
2459 990 2507 1032 et
2537 990 2842 1047 potestatem
2867 987 3048 1050 prima:
3083 990 3258 1039 bestico
3299 1007 3401 1041 om-
3446 975 3450 978 ’

1874 1083 1984 1117 nem
2009 1067 2133 1132 facit
2165 1068 2216 1118 in
2239 1079 2508 1129 conspectu
2552 1071 2661 1135 ejus
2695 1087 2712 1122 :
2747 1081 2794 1122 et
2836 1072 3064 1137 faciebat
3129 1086 3320 1128 terram
3367 1089 3416 1129 et

1872 1167 1954 1201 eos
1977 1151 2065 1216 qui
2099 1150 2395 1203 habitabant
2425 1155 2474 1204 in
2515 1170 2574 1205 ea
2617 1155 2839 1207 adorare
2891 1159 3106 1209 bestiam
3166 1164 3412 1227 primam,

1873 1238 2019 1303 cujus
2057 1249 2237 1290 curata
2263 1239 2433 1305 fuerat
2456 1243 2609 1308 plaga
2633 1246 2832 1295 mortis.
2876 1245 2940 1298 Et
2966 1249 3095 1312 facit
3121 1251 3268 1317 signa
3303 1270 3416 1302 ma-

1874 1345 1997 1394 gna,
2054 1337 2099 1378 et
2134 1331 2298 1396 ignem
2362 1342 2414 1379 ut
2450 1330 2510 1380 de
2558 1332 2704 1399 coelo;
2733 1333 3005 1385 descendat
3032 1337 3084 1386 in
3145 1353 3415 1406 conspectu

1872 1416 2154 1480 hominum,
2219 1424 2266 1467 et
2320 1417 2513 1467 seducit
2566 1433 2699 1469 meos
2731 1420 3088 1485 qui-habitant
3143 1424 3194 1475 in
3254 1433 3414 1485 terra.

1872 1513 2079 1569 propter
2105 1505 2261 1571 jsigna
2300 1521 2413 1571 qua:
2451 1506 2578 1556 data
2623 1514 2740 1557 sunt
2771 1508 2849 1560 illi
2883 1518 2936 1559 ut
2980 1510 3172 1576 faceret
3199 1513 3249 1564 in
3292 1530 3416 1565 con-

1874 1602 2046 1657 specta
2084 1593 2278 1645 bestico.

1945 1840 2121 1894 Multis
2151 1842 2304 1894 factis
2332 1846 2650 1897 exettrsihus
2677 1856 2728 1898 et
2757 1847 2822 1899 ab
2855 1848 2936 1901 his
2962 1850 3114 1918 763
3146 1852 3417 1920 principa-

1878 1932 2020 1984 tibus
2072 1935 2366 1986 ascendens
2398 1936 2461 1986 ad
2517 1940 2872 2002 praecedentes
2931 1942 3263 2007 principatus
3327 1946 3417 2009 qui

1882 2036 1979 2072 nos
2010 2033 2419 2086 pl‘mttt‘SSOI'ltnl,
2457 2026 2698 2090 pervenit
2727 2028 2791 2078 ad
2825 2029 2872 2078 id
2916 2031 3056 2094 quod
3093 2031 3418 2095 intendebat,

1873 2110 2013 2175 quod
2045 2125 2146 2160 non
2176 2111 2316 2161 aliud
2342 2122 2455 2163 erat
2479 2129 2638 2178 quam
2660 2129 2910 2167 enarrare
2931 2132 3049 2183 qua:
3085 2118 3150 2170 de
3183 2121 3414 2173 adventu

1874 2200 2189 2254 Antichristi
2249 2211 2373 2254 sunt
2419 2222 2430 2254 :
2469 2213 2521 2255 et
2566 2205 2681 2257 vide
2716 2206 2842 2271 quid
2873 2209 2937 2259 de
2966 2225 3028 2262 eo
3075 2209 3238 2268 dicat,
3267 2214 3410 2279 quod

1876 2289 2120 2341 videlicet
2145 2290 2254 2356 ipse
2291 2290 2355 2342 de
2386 2300 2522 2343 terra
2565 2295 2840 2359 ascendat,
2877 2297 3015 2350 unde
3048 2312 3234 2352 omnes
3278 2315 3417 2369 quo-

1873 2391 1980 2443 que
2011 2377 2254 2430 homines
2284 2379 2549 2432 oriuntur.
2584 2381 2710 2432 {Nam
2736 2395 2786 2434 et
2819 2384 2930 2451 ipse
2965 2386 3125 2438 homo
3181 2390 3280 2441 erit
3326 2406 3412 2441 se-

1876 2465 2106 2517 cundum
2165 2470 2528 2534 operationem
2577 2470 2807 2532 Saluum,
2844 2472 2983 2525 sicut
3037 2477 3196 2527 etiam
3255 2481 3418 2531 sentit

1874 2556 2029 2607 divus
2074 2555 2291 2609 Paulus.
2341 2557 2552 2611 Cornua
2596 2576 2719 2613 vero
2768 2577 2870 2614 non
2913 2564 3057 2630 agni,
3108 2567 3196 2618 sed
3225 2568 3418 2620 similia

1874 2659 2031 2711 agno,
2067 2647 2320 2712 quoniam
2355 2649 2678 2716 imaginatur
2709 2667 2770 2704 ac
2796 2653 2946 2719 lingit
2973 2669 3028 2707 se
3049 2655 3334 2724 benignum
3356 2673 3419 2710 ac

1875 2734 2167 2787 humanum
2221 2753 2336 2790 esse
2380 2739 2525 2791 sicut
2559 2751 2638 2793 est
2699 2743 2965 2808 Christus,
3016 2754 3072 2797 ut
3122 2747 3351 2811 decipiat
3402 2767 3415 2800 :

1873 2835 2151 2890 propterea
2209 2836 2289 2878 est
2336 2827 2631 2881 similitudo
2679 2847 2939 2884 cornuum
2978 2835 3088 2887 sive
3118 2837 3316 2903 glorize.
3356 2839 3418 2892 Et

1852 2911 2010 2962 sicut
2050 2912 2209 2965 draco
2254 2914 2507 2981 loquitur,
2571 2932 2690 2968 cum
2727 2934 2830 2970 non
2883 2921 2952 2972 sit
2982 2922 3145 2974 draco
3179 2942 3192 2975 :
3243 2942 3415 2992 neque

1872 3001 2010 3050 enim
2056 3018 2109 3053 re
2168 3004 2278 3068 ipsa
2330 3014 2411 3056 est
2461 3005 2704 3067 Satanas,
2760 3009 2848 3061 sed
2893 3019 3205 3075 potestate-nt
3258 3031 3414 3067 exer—

1871 3101 1995 3139 cens
2029 3089 2211 3150 utille,
2249 3091 2346 3142 hoc
2403 3100 2484 3142 est.
2525 3108 2804 3146 successor
2861 3097 3086 3149 ellicitur
3127 3107 3410 3165 potestatis

1869 3176 2086 3226 diaholi.
2113 3176 2166 3228 In
2197 3191 2484 3247 conspectu
2531 3192 2704 3233 autem
2754 3183 2891 3250 ejus,
2945 3186 2993 3239 id
3035 3198 3116 3241 est
3157 3190 3414 3247 imitando

1874 3265 2045 3330 illum,
2082 3268 2130 3318 in
2155 3270 2300 3320 nullo
2353 3271 2603 3325 dill'erens
2631 3287 2660 3325 a
2692 3277 2906 3342 prioris,
2945 3295 3132 3346 nempe
3176 3279 3408 3348 Satanae,

1870 3360 2094 3410 adventu
2128 3363 2203 3412 vel
2245 3367 2546 3428 praesentia.

1938 3450 2097 3514 Cujus
2130 3462 2309 3503 curata
2344 3466 2415 3504 est
2441 3456 2590 3522 plaga
2618 3462 2817 3514 mortis.
2854 3461 2988 3515 Cum
3023 3464 3249 3519 dixisset
3273 3471 3412 3536 quod

1869 3549 2183 3606 potestatem
2235 3544 2419 3608 prima:
2451 3546 2631 3598 ὺρειίίυ
2691 3565 2902 3603 omnem
2959 3554 3157 3608 fecerat
3192 3560 3240 3610 in
3284 3577 3412 3613 con—

1869 3641 2052 3696 spectu
2086 3631 2200 3698 ejus
2237 3634 2488 3699 (primum
2536 3649 2706 3691 autem
2767 3645 3004 3696 omnium
3051 3648 3184 3700 dixit
3212 3650 3405 3703 draco-

1868 3734 1983 3770 nem
2015 3721 2213 3778 rulum.
2247 3738 2400 3788 quem
2427 3729 2663 3777 ostendit
2701 3729 2749 3778 in
2774 3732 2910 3783 CCBIO
2939 3733 3262 3803 descriptum
3287 3755 3406 3792 esse

1867 3805 1916 3854 in
1955 3806 2206 3872 visione),
2240 3825 2304 3860 ne
2337 3812 2455 3874 quis
2486 3814 2660 3877 ipsum
2696 3832 2836 3870 nunc
2870 3821 3200 3875 existimaret
3229 3828 3289 3877 de
3321 3827 3411 3879 illo

1863 4068 1950 4117 illo
1973 4069 2059 4133 qui
2086 4077 2205 4134 post
2230 4070 2377 4120 illum
2403 4074 2615 4138 quidem
2646 4075 2763 4139 fuit,
2789 4080 3080 4145 sed-tamen
3103 4097 3220 4134 ante
3253 4090 3404 4140 Anti-

1862 4157 2136 4219 christum,
2191 4175 2344 4225 quem
2394 4164 2626 4216 ostendit
2659 4166 2794 4219 visio
2836 4170 2900 4220 de
2949 4173 3080 4224 mari
3113 4178 3402 4231 ascendere

1862 4249 2028 4314 pardo
2066 4251 2290 4303 similem
2347 4272 2358 4304 :
2409 4254 2565 4321 hujus
2598 4259 2737 4309 enim
2771 4261 2921 4330 plaga
2961 4263 3133 4317 fuerat
3187 4279 3391 4331 curata,

1857 4335 2003 4405 juxta
2038 4341 2087 4392 id
2119 4343 2259 4408 quod
2290 4347 2433 4408 prius
2461 4346 2660 4398 dictum
2695 4361 2793 4403 est.
2828 4351 2956 4404 Nam
3000 4357 3151 4422 signa
3187 4371 3237 4410 et
3273 4376 3397 4427 pro-

208 4416 334 4482 γὰρ
373 4419 459 4468 καὶ
485 4419 682 4486 τέρατα
703 4424 859 4474 αὐτὸν
892 4429 1057 4476 ποιεῖν
1088 4431 1204 4478 κατ’
1235 4428 1507 4497 ἐνέργειαν
1533 4434 1618 4483 τοῦ
1640 4436 1750 4486 δια-

1867 4428 1992 4489 ligia
2021 4427 2348 4497 iacietjuxta
2381 4438 2743 4500 operationem
2769 4441 3001 4496 diaboli:
3037 4447 3186 4510 Sig-na
3221 4461 3395 4501 autem

205 4503 400 4554 δόλου,
428 4504 504 4556 Τὰ
536 4507 591 4557 δὲ
621 4513 840 4575 σημεῖα,
874 4515 1039 4581 πυρὸς
1076 4517 1169 4566 ἀπ’
1199 4520 1419 4586 οὐρανοῦ
1449 4524 1746 4591 καταφορὰ,

205 4592 316 4641 καὶ
351 4591 504 4658 ἕτερά
540 4610 658 4646 τινα
690 4601 914 4664 μεγάλα,
944 4603 1014 4664 ὡς
1050 4607 1116 4671 τῇ
1150 4606 1517 4674 μεγαλειότητι
1555 4613 1750 4677 ἐκστή-

205 4693 391 4728 σαντα
415 4678 589 4730 λαϐεῖν
621 4685 713 4735 καὶ
746 4690 864 4748 τοὺς
889 4691 986 4757 ἤδη
1036 4693 1274 4754 πιστούς.
1318 4695 1480 4745 Τοῦτο
1530 4700 1633 4766 γὰρ
1666 4700 1749 4752 διὰ

199 4764 313 4814 τοῦ
351 4767 534 4827 εἰπεῖν,
564 4770 669 4821 Καὶ
690 4775 888 4842 πλανᾷ
919 4779 1056 4843 τοὺς
1087 4781 1283 4846 ἐμοὺς,
1334 4785 1599 4848 σημαίνει,
1639 4787 1751 4838 Ἵνα

202 4851 270 4902 δὲ
322 4855 640 4924 παραστήσῃ
670 4859 815 4920 τίνας
840 4864 1080 4934 πλανήσῃ
1117 4867 1219 4916 τῶν
1255 4868 1480 4934 Χριστοῦ
1525 4870 1747 4933 πιστῶν,

201 4941 464 5005 ἐπήγαγε
515 4942 796 5012 γνώρισμα
845 4952 1064 5011 τούτων,
1124 4953 1259 5017 τοῦς
1311 4957 1745 5020 κατοικοῦντας,

203 5027 492 5095 προσθεὶς,
523 5029 617 5080 ἐπὶ
648 5031 753 5097 τῆς
783 5037 911 5101 γῆς,
941 5042 997 5090 οὐ
1035 5043 1352 5094 διαστέλλων
1379 5045 1633 5109 ἀγγέλους
1661 5048 1747 5094 ἀν-

203 5117 472 5183 Θρὼπων.
530 5119 657 5168 Τίνα
719 5124 822 5190 γὰρ
870 5127 1074 5189 ἕξουσιν
1117 5134 1322 5201 ὰπατᾷν
1369 5134 1472 5182 τῶν
1506 5134 1744 5198 ἀγγέλων

202 5201 294 5263 οἷς
327 5205 360 5269 ή
403 5206 597 5270 φυσικὴ
628 5207 948 5280 καθαριότης
994 5218 1141 5269 οὐδὲν
1183 5223 1259 5280 εἰς
1287 5221 1570 5295 ὲῖτίκρυιέιιν
1604 5223 1747 5288 ain-‘-

205 5291 372 5348 οεὶας
402 5291 642 5353 ἐμποδὼν
658 5293 898 5357 γίνεσθαι
919 5301 1012 5367 ἐᾷς
1039 5305 1272 5367 ἐκείνους
1295 5291 1347 5356 at
1373 5309 1535 5367 οὕτως
1556 5310 1744 5373 ἐκστή-

206 5396 299 5429 σει
340 5373 414 5429 ὧν
437 5381 492 5428 τί)
539 5383 785 5447 φρόνημα
818 5386 917 5436 οὐκ
969 5390 1317 5458 ἀνθρώπινον,
1365 5397 1493 5447 ἀλλὰ
1537 5399 1739 5461 γήϊνον.

1856 4526 2012 4570 erunt
2059 4520 2193 4585 ignis
2248 4519 2508 4575 demissio
2543 4527 2606 4577 de
2673 4528 2831 4590 cmlo,
2890 4541 2942 4585 et
2995 4535 3095 4587 alia
3153 4539 3393 4603 quardam

1857 4621 2066 4673 magna,
2124 4609 2255 4658 adeo
2313 4619 2368 4660 ut
2417 4614 2499 4662 sui
2536 4620 2898 4682 magnitudine
2930 4622 2980 4672 in
3046 4633 3315 4690 stuporem
3352 4639 3403 4680 et

1857 4703 2118 4747 terrorem
2151 4696 2474 4750 inducantur
2502 4704 2660 4754 etiam
2691 4707 2869 4759 ﬁdeles
2896 4725 2909 4760 :
2939 4711 3037 4761 hoc
3064 4715 3205 4763 enim
3237 4716 3401 4782 signi-

1854 4781 1974 4835 ﬁcat
2007 4799 2097 4849 per
2127 4784 2178 4836 id
2207 4787 2346 4851 quod
2371 4790 2461 4848 ait,
2487 4789 2551 4840 Et
2581 4794 2774 4845 seducit
2799 4813 2952 4859 meos,
2983 4812 3037 4849 ut
3076 4802 3123 4850 in
3159 4781 3394 4872 Evange-

1853 4873 1922 4932 ιὶο
1950 4873 2023 4924 ait
2049 4872 2315 4935 Christus,
2356 4895 2371 4925 (
2414 4879 2483 4928 Ita
2520 4888 2570 4930 ut
2615 4883 2665 4932 in
2701 4900 2937 4938 errorem
2981 4889 3320 4952 inducantur,

1850 4957 1960 5009 ﬁeri
1991 4967 2178 5022 potest,
2205 4961 2362 5012 etiam
2395 4963 2545 5018 electi
2582 4967 2646 5018 ⁷⁷.
2682 4987 2696 5017 ι
2758 4967 2822 5022 Ut
2855 4982 3028 5024 autem
3061 4980 3394 5031 demonstret

1850 5059 1983 5110 quos
2034 5047 2251 5099 sedncat
2303 5049 2500 5103 Christi
2558 5055 2772 5119 ﬁdeles,
2812 5059 3066 5112 indicium
3117 5066 3391 5130 subjunin

1851 5131 2060 5194 horum,
2091 5135 2289 5186 addens
2324 5155 2334 5186 :
2369 5141 2452 5202 qui
2494 5141 2730 5193 habitant
2773 5145 2820 5194 in
2857 5156 3012 5209 terra,
3049 5164 3149 5200 non
3186 5167 3387 5216 ponens

1847 5220 2239 5274 distinetionem
2267 5227 2399 5277 inter
2426 5233 2638 5295 angelos
2663 5241 2713 5282 et
2749 5233 3025 5288 homines:
3062 5254 3214 5302 (μμ-ιη
3246 5240 3382 5288 enim

1849 5322 2058 5376 possent
2089 5316 2395 5380 angelorum
2430 5318 2695 5383 decipere,
2743 5323 2935 5386 quibus
2972 5329 3236 5375 naturalis
3282 5342 3381 5390 pn-

1847 5400 1978 5452 ritas
2010 5402 2212 5455 nullum
2244 5405 2367 5456 sinit
2402 5406 2514 5457 ﬁeri
2563 5409 2993 5473 impedimentum
3027 5415 3089 5464 ad
3140 5415 3375 5468 vetitat'ts

203 5473 667 5526 oceultationem?
699 5475 788 5526 sed
821 5476 937 5531 illos
973 5481 1042 5533 ita
1073 5488 1308 5553 terrebit,
1353 5506 1580 5557 quorum
1620 5505 1810 5545 sensus
1832 5508 1938 5547 non
1972 5493 2238 5550 humanus
2273 5506 2374 5564 est,
2403 5499 2491 5551 sed
2525 5506 2790 5553 terrenus.

287 5628 337 5656 ’τ
369 5623 548 5679 Matth.
585 5639 727 5687 utr,
751 5624 836 5679 24.
