4106 6334
574 325 681 390 G79

651 438 712 491 In
745 443 1016 504 conspectu
1043 433 1325 486 hominum.
1375 425 1719 488 Intuentium,
1768 419 1968 489 inquit,
2003 431 2133 470 ocu-
2164 429 2209 483 Α

581 533 663 584 los
692 527 1029 586 Iaseinando,
1081 527 1191 577 haec
1245 522 1406 576 faciet
1446 513 1760 570 Antichristi
1808 522 2138 580 przecursor,

586 626 646 670 ut
675 616 1016 670 existimetur
1060 611 1425 666 Antichristus
1461 620 1581 661 esse
1630 603 1900 667 Christus,
1935 609 1995 652 ut
2046 597 2139 666 qui

588 722 616 759 a
639 706 731 759 tali
760 704 1144 758 miraculorum
1187 710 1461 770 patratore
1491 694 1865 751 testimonium
1913 690 2144 759 accipiat

589 807 643 848 et
671 802 872 850 certam
900 793 1147 862 gloriam,
1201 788 1363 859 764
1415 788 1480 841 ad
1518 783 1877 840 imitationem
1915 779 2146 835 Joannis

590 887 859 955 Baptistae,
885 885 975 953 qui
1004 883 1071 936 de
1101 881 1320 936 Christo
1349 879 1633 935 Salvatore
1668 875 1875 932 ferebat
1902 874 2147 929 testimo-

591 977 762 1039 nium,
796 982 849 1029 et
896 974 1068 1042 ipsum
1098 971 1459 1041 prtecedebat.

657 1141 799 1208 XIII,
827 1142 1010 1195 14-17.
1045 1139 1230 1194 Dicens
1252 1139 1605 1192 habitantibus
1633 1139 1684 1191 in
1710 1146 1850 1191 terra
1872 1145 1928 1190 ut
1951 1136 2152 1205 faciant

592 1232 870 1301 imaginem
903 1232 1077 1284 bestia:
1101 1246 1214 1298 qum
1230 1228 1411 1282 habuit
1427 1228 1638 1295 plagam
1658 1236 1706 1280 et
1735 1229 1865 1279 vixit
1893 1243 1926 1279 a
1954 1225 2155 1295 gladio.

596 1323 664 1374 Iit
690 1325 870 1374 datum
900 1331 974 1375 est
1016 1321 1114 1388 ipsi
1143 1335 1200 1371 ut
1230 1308 1477 1386 spiritum
1520 1321 1668 1370 daret
1696 1317 1915 1385 imagini
1958 1316 2156 1379 bestite,

596 1412 832 1464 utetiam
863 1412 1106 1479 loquatur
1144 1408 1316 1476 imago
1363 1406 1538 1458 bestiae
1576 1420 1594 1456 :
1622 1413 1669 1456 et
1721 1404 1885 1472 faciat
1933 1412 1990 1456 ut
2043 1403 2162 1470 qui-

598 1518 796 1570 cunque
826 1518 927 1553 non
951 1500 1286 1551 adoraverint
1323 1499 1602 1565 imaginem
1630 1495 1805 1547 bestia:
1834 1493 2159 1545 occidantur.

604 1595 666 1645 Et
698 1593 823 1659 facit
853 1605 1026 1642 omnes
1060 1603 1243 1656 parvos
1271 1597 1320 1640 et
1341 1601 1577 1653 magnos,
1598 1591 1646 1635 et
1670 1584 1849 1636 divites
1880 1598 1941 1634 ac
1966 1598 2165 1649 paupe-

604 1698 706 1744 res,
732 1690 780 1732 et
810 1680 995 1732 liberos
1020 1694 1079 1730 ac
1109 1692 1303 1739 serves,
1337 1684 1391 1726 ut
1421 1674 1546 1726 dent
1595 1673 1723 1741 ipsis
1759 1672 2083 1725 characteres
2111 1673 2167 1724 in

1399 307 1722 373 ΑΒΕΤΗᾹΞ
1759 300 2131 366 C/ESARE/E
2172 295 2648 361 CAPPADOCI/E
2687 293 3027 355 EPISCOPI

3682 283 3796 346 680

2316 414 2600 468 Ἐνώπιον
2625 410 2742 465 τῶν
2773 407 3112 477 ἀνθρώπων.
3153 403 3410 456 κλέπτων
3442 399 3569 460 τοὺς
3589 395 3797 464 ὀφθαλ-

2242 510 2375 578 μοὺς
2405 505 2512 558 τῶν
2542 503 2813 574 ὁρώντων,
2847 498 3020 553 ταῦτα
3043 494 3257 566 πράξει,
3286 496 3470 561 φησιν,
3493 492 3521 541 ό
3545 489 3637 542 τοῦ
3679 487 3800 538 ’Λν-

2240 575 2514 669 τιχρίστου
2533 593 2836 665 πρόδρομος
2864 589 2951 643 διὰ
2980 586 3257 655 γοητείας,
3289 581 3424 650 πρὸς
3448 580 3508 657 τὸ
3534 575 3801 669 νομισθῆ-

2241 705 2327 742 ναι
2367 687 2457 739 τὸν
2519 684 2884 752 Ἀντίχριστον
2940 677 3195 748 Χριστὸν,
3248 673 3324 735 ὡς
3383 670 3487 723 ὑπὸ
3551 665 3802 720 τςιοῦτευ

2242 771 2606 846 τερατουργοῦ
2681 766 3128 839 μαρτυρούμενον
3176 761 3270 815 καὶ
3317 758 3804 828 ἀναμφισϐήτητον

2242 864 2342 933 τὴν
2387 861 2546 927 δόξαν
2601 855 2966 928 λαμϐάνοντα,
2998 852 3139 907 κατὰ
3196 850 3427 933 μίμησιν
3459 846 3555 901 τοῦ
3589 847 3804 897 Barru-

2249 954 2377 1008 στοῦ
2426 950 2695 1015 Ἰωάννου,
2735 948 2952 1018 Χριστῷ
2979 941 3380 1016 μαρτυροῦντος
3415 937 3491 1008 τῷ
3531 933 3810 1005 σωτηρίῳ,

2249 1046 2342 1099 καὶ
2377 1043 2567 1097 τούτου
2605 1040 2962 1111 προάγοντος.

2322 1133 2523 1203 Λόγων
2555 1132 2681 1196 τοῖς
2717 1126 3108 1184 κατοικοῦσιν
3144 1123 3241 1176 ἐπὶ
3270 1121 3378 1189 τῆς
3414 1120 3526 1190 τῆς
3559 1116 3811 1186 ποιῆσαι

2253 1225 2455 1281 εἰκόνα
2485 1224 2565 1288 τῷ
2588 1223 2766 1290 θηρίῳ
2804 1221 2835 1274 ὃ
2873 1217 2998 1288 εἶχε
3028 1216 3270 1286 πληγὴν
3310 1213 3407 1268 καὶ
3437 1212 3648 1278 ἔζησεν
3688 1207 3813 1263 ἀπὸ

2255 1313 2365 1381 τῆς
2381 1312 2693 1379 μαχαίρας.
2727 1310 2833 1363 Καὶ
2858 1308 3034 1373 ἐδόθη
3068 1304 3227 1369 αὐτῷ
3251 1303 3484 1371 πνεῦμα
3503 1299 3712 1352 δοῦναι
3738 1294 3818 1363 τῇ

2258 1404 2444 1456 εικόνι
2471 1401 2574 1454 τοῦ
2604 1399 2831 1466 θηρίου,
2862 1400 2975 1450 ira-
2999 1397 3094 1450 καὶ
3123 1395 3367 1462 λαλήσῃ
3413 1394 3450 1459 ή
3489 1390 3667 1444 εἰκὼν
3705 1381 3817 1442 τοῦ

2263 1491 2489 1556 θηρίου,
2517 1490 2617 1542 καὶ
2645 1488 2871 1556 ποιήσῃ
2909 1488 3042 1541 ὅσοι
3087 1489 3195 1540 ἐὰν
3226 1486 3310 1555 μὴ
3340 1482 3823 1552 προσκυνήσωσι

2262 1579 2335 1646 τῇ
2359 1579 2543 1632 εικόνι
2566 1579 2669 1632 τοῦ
2696 1580 2900 1645 θηρίου
2919 1579 3018 1631 ἵνα
3040 1575 3508 1631 ἀποκτανθῶσιν.
3535 1575 3640 1628 Καὶ
3666 1569 3829 1624 ποιεῖ

2267 1669 2499 1734 πάντας
2544 1668 2685 1734 τοὺς
2722 1669 2969 1737 μικροὺς
3025 1671 3122 1722 καὶ
3184 1667 3323 1732 τοὺς
3358 1665 3682 1736 μεγάλους,
3721 1662 3824 1715 και

607 1772 793 1823 dextra
847 1784 1004 1821 manu
1055 1783 1153 1819 sua
1184 1775 1276 1818 aut
1313 1779 1469 1832 super
1514 1762 1736 1830 frontem
1786 1776 1960 1824 suam,
2001 1762 2201 1825 utque]

2276 1760 2400 1825 τοὺς
2454 1759 2790 1821 πλουσίους
2835 1758 2934 1811 καὶ
2985 1757 3126 1824 τοὺς
3177 1758 3470 1825 πτωχοὺς,
3520 1754 3619 1809 καί
3679 1752 3825 1819 τοὺς

609 1878 755 1916 nemo
799 1861 961 1928 possit
1005 1872 1169 1911 emere
1215 1866 1306 1909 aut
1346 1853 1560 1907 vendere
1615 1853 1717 1905 nisi
1746 1851 1932 1903 habeat
1969 1850 2163 1903 chara-

610 1964 819 2006 cterem.

681 2206 978 2271 Quoniam,
1041 2203 1241 2268 inquit,
1303 2201 1574 2272 insculpta
1606 2212 1690 2257 est
1729 2201 1907 2271 imago
1944 2200 2042 2270 ipsi
2075 2198 2168 2254 bc-

613 2301 754 2359 stize,
787 2298 973 2349 datum
1000 2302 1086 2349 est
1115 2302 1172 2348 ut
1201 2293 1450 2362 spiritum
1488 2307 1704 2360 quoque
1746 2293 1897 2344 daret
1925 2289 2170 2358 imagini,

616 2399 673 2441 ut
722 2387 969 2440 videlicet
1008 2366 1324 2453 loqueretur
1371 2383 1570 2450 imago.
1618 2381 1730 2435 Hoc
1789 2392 1967 2434 autem
2025 2381 2174 2434 circa

621 2479 911 2531 simulacra
947 2472 1406 2529 considerandum
1435 2481 1540 2534 est,
1569 2471 1718 2540 quod
1769 2472 1939 2524 multa
1979 2483 2172 2523 eorum

619 2574 674 2619 et
708 2564 905 2619 sudare
936 2573 989 2617 et
1021 2563 1168 2631 loqui
1203 2563 1401 2631 scripta
1437 2570 1565 2616 sunt
1597 2560 1931 2629 temporibus
1963 2559 2179 2613 Graeco-

622 2670 766 2717 rum,
793 2655 1107 2723 operatione
1152 2653 1437 2706 diabolica.
1475 2653 1520 2704 A
1559 2652 1840 2705 communi
1877 2660 2057 2704 autem
2092 2650 2179 2702 in-

626 2747 837 2800 tellectu
896 2744 1269 2812 accipiendum
1305 2751 1387 2798 est
1419 2743 1523 2802 ἵνα.
1564 2743 1616 2796 id
1641 2751 1722 2796 est
1748 2752 1826 2807 ut,
1857 2756 1966 2812 quo
1994 2741 2063 2795 sit
2093 2740 2183 2795 hic

627 2851 818 2890 sensus
847 2851 861 2888 :
895 2833 962 2888 Ut
993 2835 1153 2888 etiam
1188 2835 1463 2902 loquatur,
1513 2844 1566 2888 et
1588 2842 1644 2886 ut
1668 2832 1831 2886 faciat
1866 2831 2012 2901 quod
2060 2831 2181 2900 qui-

629 2941 844 2993 cunque
875 2940 979 2978 non
1016 2924 1362 2978 adoraverint
1394 2923 1678 2992 imaginem
1711 2923 1918 2986 bestiae,
1946 2922 2182 2975 hietiam

630 3015 966 3069 occidantur.
1001 3014 1156 3079 Quod
1186 3024 1364 3069 autem
1390 3024 1607 3077 statum,
1646 3023 1704 3067 ut
1729 3015 1936 3067 dictum
1967 3022 2071 3076 est,
2105 3013 2185 3067 lo-

632 3114 768 3158 cutae
787 3105 914 3165 sint,
954 3119 1021 3157 ex
1053 3105 1295 3158 historiis
1334 3103 1546 3157 discere
1575 3103 1700 3157 licet
1731 3117 1888 3157 :cum
1923 3103 2182 3170 scriptum

635 3196 725 3258 sit,
764 3209 854 3261 per
888 3193 1217 3261 imposturas
1243 3199 1296 3243 et
1334 3192 1559 3243 arbores
1607 3201 1661 3243 et
1692 3205 1864 3258 aquas
1901 3189 2071 3242 fuisse
2100 3189 2177 3242 lo-

637 3294 812 3345 cutas,
849 3297 942 3347 per
971 3281 1314 3347 Apollonium
1336 3280 1581 3346 aliosque
1610 3279 2050 3345 prtestigiatores.

712 3370 780 3421 Et
812 3370 934 3434 facit
967 3384 1140 3421 omnes
1161 3383 1345 3433 parcos
1381 3377 1430 3418 et
1465 3382 1701 3434 magnos,
1731 3376 1841 3418 etc.
1869 3365 2193 3419 Abstrusior

644 3470 727 3514 est
769 3459 960 3511 litterae
997 3466 1306 3516 contextus.
1367 3456 1597 3522 ideoque
1647 3455 1938 3507 absurdus.
1999 3451 2194 3506 Utrum

646 3552 792 3603 enim
831 3548 966 3600 dicit
987 3547 1129 3615 quod
1168 3547 1318 3614 parvi
1346 3556 1398 3598 et
1425 3545 1605 3613 magni
1640 3544 1934 3613 accipiant,
1965 3558 2031 3596 an
2051 3543 2195 3611 quod

648 3637 822 3689 dent?
861 3635 1148 3703 Propterea
1194 3649 1286 3702 per
1320 3632 1643 3686 additionem
1676 3633 2072 3701 przepositionis
2097 3633 2196 3693 εἰς,

651 3726 701 3777 id
729 3734 812 3778 est
843 3723 910 3775 ad
937 3723 1018 3776 vel
1049 3738 1194 3788 erga,
1223 3721 1417 3790 corrigi
1451 3722 1645 3788 poterit
1679 3721 2005 3785 absurditas,
2030 3729 2086 3773 et
2130 3720 2196 3771 ad

653 3816 944 3884 planiorem
978 3827 1198 3866 sensum
1233 3813 1334 3865 hoc
1365 3811 1526 3864 modo
1565 3811 1746 3864 reduci
1782 3829 1797 3864 :
1827 3809 1891 3863 Et
1913 3809 2041 3864 facit
2072 3824 2201 3880 erga

650 3922 840 3959 oinnes
867 3918 1062 3972 parvos
1090 3913 1145 3957 et
1170 3917 1395 3971 magnos
1417 3911 1469 3955 et
1495 3903 1730 3972 reliquos
1760 3902 1851 3972 qui
1873 3911 2198 3970 sequuntur,

653 4008 710 4049 ut
734 3998 861 4048 dent
888 3995 1015 4063 ip-is
1048 3994 1388 4048 characteres
1417 3992 1470 4046 in
1503 3995 1690 4047 dextra
1731 4009 1889 4046 manu
1923 4003 2203 4062 autsuper

655 4088 906 4139 frontem.
936 4085 1046 4137 IIoc
1079 4093 1257 4137 autem
1290 4083 1512 4136 dicitad
1544 4082 1824 4146 indicium,
1854 4098 1962 4151 quo
1993 4083 2205 4150 possint

656 4186 750 4230 aut
783 4192 886 4229 non
907 4176 1119 4244 possint
1158 4175 1445 4240 negotiari.

731 4268 794 4319 In
823 4268 1009 4319 dextra
1049 4281 1226 4316 manu.
1266 4264 1321 4316 In
1343 4264 1530 4316 dextra
1557 4277 1721 4316 manu
1752 4272 1806 4315 et
1831 4262 1884 4314 in
1907 4263 2082 4316 fronte
2109 4277 2207 4330 po-

662 4360 804 4409 nitur
832 4358 1043 4422 signum
1081 4353 1410 4420 cognitionis
1455 4369 1468 4404 :
1508 4351 1667 4405 bonis
1720 4350 1865 4404 enim
1914 4352 2208 4420 opponitur

664 4446 949 4514 perniciosi
984 4444 1216 4496 nominis
1267 4443 1620 4510 insculptura.
1659 4441 1715 4495 In
1749 4443 1955 4498 dextris
1982 4444 2202 4512 quidem

667 4546 726 4587 ut
782 4536 1046 4587 bonorum
1111 4546 1331 4600 Operum
1393 4541 1631 4602 amputet
1677 4534 2014 4587 occasionem
2078 4551 2091 4587 :
2151 4533 2206 4586 in

673 4627 848 4678 fronte
885 4637 1012 4676 vero
1049 4631 1125 4686 ut,
1154 4633 1306 4691 parte
1349 4639 1467 4692 qua:
1503 4625 1677 4680 oculis
1713 4625 1960 4678 imminet
1990 4639 2206 4679 assum-

672 4725 782 4782 pta,
813 4712 1094 4780 caliginem
1137 4727 1199 4767 ac
1227 4713 1474 4767 tenebras
1496 4712 1769 4768 suﬂ'undat
1798 4714 1881 4768 his
1917 4714 2010 4782 qui
2042 4714 2207 4767 sedu-

675 4813 889 4862 emnur,
943 4817 1009 4853 ne
1053 4801 1277 4855 honeste
1342 4809 1594 4870 tanquam
1663 4803 1717 4856 in
1753 4804 1838 4858 die
1901 4803 2212 4857 incedentes

678 4893 1065 4959 amplectantur
1115 4893 1387 4957 pietatem.
1427 4895 1494 4944 At
1549 4907 1656 4946 non
1709 4893 2010 4962 suscipient
2038 4893 2214 4961 ipsum

677 4983 767 5050 qui
793 4982 954 5035 Iacics
992 4981 1187 5034 habent
1219 4983 1460 5049 signatas
1478 4982 1680 5037 lumine
1710 4982 1879 5036 divini
1905 4982 2109 5036 vultus.

1093 5196 1251 5266 765
1273 5195 1494 5249 CAPUT
1525 5196 1801 5251 XXXVIII.

1160 5311 1235 5363 De
1293 5314 1495 5364 nomine
1537 5313 1727 5366 bestite.

747 5442 886 5508 XIII,
929 5445 1011 5508 I7,
1048 5445 1131 5498 18.
1168 5446 1270 5496 Aut
1301 5461 1478 5498 nomen
1510 5446 1682 5500 bestim
1711 5459 1796 5500 aut
1833 5465 2098 5503 numerum
2126 5467 2217 5505 n0-

756 5617 867 5684 (39)
895 5620 1152 5687 Ποιητων,
1186 5621 1431 5679 arti/ires.
1458 5624 1539 5675 ed.

2264 1848 2613 1916 ἐλευθέρους
2641 1846 2740 1900 καὶ
2781 1845 2920 1912 τοὺς
2949 1845 3231 1912 δούλους,
3269 1847 3368 1899 ἵνα
3400 1845 3680 1898 δώσωσιν
3718 1845 3828 1896 αὑ-

2263 1940 2389 2005 τοῖς
2404 1939 2746 2008 χαράγματα
2764 1938 2862 1991 ἐπὶ
2888 1935 2998 2006 τῆς
3019 1936 3217 2006 χειρὸς
3240 1935 3438 1991 αὐτῶν
3457 1934 3566 2002 τῆς
3598 1933 3826 1998 δεξιᾶς,

2267 2032 2306 2099 ἢ
2331 2031 2430 2084 ἐπὶ
2456 2031 2524 2084 τὸ
2549 2030 2825 2098 μέτωπον
2849 2027 3068 2092 αὐτῶν,
3092 2028 3189 2082 καὶ
3221 2029 3320 2080 ἵνα
3343 2025 3428 2096 μή
3453 2043 3537 2091 τις
3571 2024 3831 2089 δύνηται

2269 2121 2556 2191 ἀγοράσαι
2582 2121 2618 2189 ἣ
2659 2119 2955 2188 πωλῆσαι,
2987 2121 3039 2173 εί
3058 2119 3144 2189 μὴ
3176 2121 3208 2172 δ
3253 2119 3414 2186 ἔχων
3437 2115 3501 2170 τὸ
3532 2115 3830 2185 χάραγμα.

2353 2207 2590 2277 Ἐπειδὴ,
2647 2208 2832 2276 φησιν,
2888 2205 3052 2259 εἰκὼν
3097 2206 3438 2275 ἁνεστυλώθη
3501 2204 3581 2275 τῷ
3626 2203 3830 2273 Θηρὲῳι

2271 2299 2425 2367 ἐδόθη
2449 2299 2544 2351 καὶ
2573 2298 2786 2366 πνεῦμα
2829 2298 3010 2351 δοῦναι
3046 2301 3111 2367 τῇ
3149 2297 3340 2357 εἰκόνι,
3377 2297 3466 2349 ἴνα
3515 2296 3675 2364 δῆθεν
3731 2293 3835 2348 λα-

2273 2390 2414 2461 λήσῃ
2439 2391 2472 2458 ἡ
2491 2391 2673 2442 εἰκών.
2697 2388 2866 2441 Τοῦτο
2884 2389 2939 2442 δὲ
2965 2389 3098 2458 πρὸς
3119 2389 3186 2442 τά
3212 2387 3502 2456 ἀγάλματα
3528 2386 3832 2452 λογιστέον,

2274 2479 2312 2535 ἃ
2342 2482 2509 2534 πολλὰ
2535 2483 2629 2534 καὶ
2663 2481 2911 2551 ἱδροῦντα
2949 2481 3042 2533 καὶ
3094 2480 3359 2548 λαλοῦντα
3409 2478 3689 2547 ἱστόρηται
3719 2478 3836 2537 τοῖς

2289 2571 2619 2640 Ἑλληνικοῖς
2648 2573 2862 2641 χρόνοις
2897 2573 3147 2642 ἐνεργείᾳ
3179 2570 3485 2639 διαϐολικῇ.
3519 2568 3678 2623 Κατὰ
3720 2581 3838 2619 κοι-

2280 2659 2373 2712 νοῦ
2410 2661 2466 2712 δὲ
2494 2659 2574 2723 τὺ,
2621 2660 2742 2722 ἵνα,
2782 2659 3032 2726 ληπτέον,
3066 2660 3140 2721 ὼς
3171 2660 3234 2711 ἂν
3329 2658 3499 2721 οῦτως
3529 2674 3543 2688 ·
3586 2654 3700 2709 ’Ἱνα
3739 2655 3840 2707 καὶ

2280 2750 2510 2820 λαλήσῃ,
2542 2747 2630 2800 ἵνα
2662 2747 2754 2799 καὶ
2783 2750 3002 2816 ποιήσῃ,
3035 2749 3147 2800 ὅσοι
3187 2746 3260 2815 μὴ
3290 2747 3724 2815 προσκυνήσουσι
3770 2745 3839 2813 τῇ

2283 2840 2451 2894 εἰκόνι
2489 2839 2583 2902 τοῦ,
2605 2838 2814 2907 θηρίου,
2850 2837 2936 2890 ἵνα
2958 2838 3052 2890 καὶ
3081 2831 3226 2890 οὗτοι
3255 2835 3689 2889 ἀποκτανθῶσιν.
3717 2835 3840 2885 Ὅτι

2264 2933 2340 2986 ’¹δὲ
2373 2933 2441 2984 τὰ
2474 2929 2780 2996 ἀγάλματα,
2822 2930 2896 2989 ὡς
2952 2927 3187 2997 εἴρηται,
3246 2927 3448 2988 ἐλάλει,
3506 2926 3564 2990 ἐξ
3597 2924 3842 2993 ἱστορίας

2292 3021 2482 3091 μαθεῖν
2518 3020 2744 3089 ἔνεστιν,
2774 3019 2848 3079 ὡς
2873 3016 2960 3069 διά
2992 3017 3240 3086 γοητείας
3277 3016 3554 3085 ἱστόρηται
3603 3014 3694 3064 καὶ
3722 3012 3812 3064 δέν
3840 3037 3845 3044 -

2286 3114 2387 3182 δρα
2445 3112 2541 3163 καὶ
2575 3110 2742 3162 ὕδατα
2789 3108 3052 3178 λαλῆσαι,
3100 3108 3187 3161 διά
3234 3124 3292 3159 τε
3345 3105 3698 3159 ’Λπολλωνίου
3748 3102 3845 3155 καὶ

2288 3201 2488 3269 ἐτέρων
2511 3197 2724 3267 γοητῶν
2749 3196 2884 3266 (39).

2361 3369 2649 3424 Καίποιεῒ
2684 3368 2913 3432 πάντας
2942 3368 3081 3432 τοὺς
3120 3367 3369 3435 μικροὺς
3415 3368 3511 3420 καὶ
3556 3366 3697 3430 τοὺς
3747 3381 3848 3432 με·

2295 3461 2538 3528 τάττους,
2591 3459 2683 3509 καὶ
2715 3459 2861 3525 ἑξῆς.
2903 3457 3312 3524 ’ἰδιωτικωτέρα
3349 3460 3380 3527 ἡ
3432 3456 3704 3519 σύνταξις,
3766 3457 3848 3508 διδ

2297 3550 2388 3602 καὶ
2418 3550 2659 3616 ἀνόητος.
2700 3548 2933 3615 Πότερον
2980 3550 3089 3616 γὰρ
3123 3548 3270 3614 λέγει
3315 3549 3439 3610 τοὺς
3492 3548 3722 3617 μικροὺς
3754 3534 3849 3598 καὶ

2296 3641 2421 3702 τοὺς
2457 3638 2722 3707 μεγάλους
2753 3634 2954 3700 λαϐεῖν,
2984 3638 3016 3707 ἢ
3051 3636 3269 3703 ὃοῦναις
3302 3638 3391 3690 Διὸ
3427 3638 3710 3708 προσθήκῃ
3749 3641 3851 3703 τῆς

2296 3733 2386 3795 εὶς
2420 3730 2749 3800 προθέσεως,
2795 3726 2856 3781 τὸ
2907 3730 3130 3797 ἀνόητον
3160 3729 3563 3799 ὲπανορθωθείη
3607 3729 3671 3782 ἂν
3708 3732 3849 3800 πρδις

2301 3820 2513 3873 σύνεσιν
2543 3819 2684 3872 οὕτω
2706 3835 2719 3848 ·
2756 3819 2864 3871 Καὶ
2923 3822 3066 3872 ποιεί
3108 3821 3187 3882 εἰς
3235 3821 3439 3884 πάντας
3469 3822 3592 3884 τοὺς
3623 3822 3851 3890 μικροὺς

2299 3912 2391 3963 καὶ
2426 3911 2553 3973 τοὺς
2586 3911 2855 3979 μεγάλους
2884 3911 2978 3969 καὶ
3016 3911 3140 3972 τοὺς
3170 3910 3252 3978 ἐφ’
3287 3911 3433 3980 ἑξῆς,
3473 3913 3557 3964 ἵνα
3600 3910 3848 3963 δὼσωσιν

2300 4000 2480 4060 αὐτοῖς
2509 3999 2838 4068 χαράγματα
2867 4000 2957 4051 ἐπὶ
2984 4000 3079 4067 τῆς
3105 3997 3284 4062 δεξιᾶς
3326 4004 3527 4069 χειρδς,
3557 4001 3589 4070 ἢ
3635 4002 3725 4052 ἐπὶ
3753 4001 3847 4052 τοῦ

2306 4091 2557 4159 μετώπου
2582 4105 2598 4121 ⁸
2629 4092 2786 4143 τοῦτο
2819 4093 2874 4144 δὲ
2905 4094 2984 4155 είς
3012 4093 3320 4162 γνώρισμα,
3349 4099 3504 4164 φησὶ,
3536 4096 3630 4148 τοῦ
3675 4098 3848 4164 ὲμπου

2307 4183 2552 4249 ρευτέου,
2590 4182 2685 4232 καὶ
2713 4183 2808 4250 μή.

2388 4267 2516 4321 Ἐπὶ
2546 4266 2655 4335 τῆς
2686 4269 2879 4336 χειρὸς
2900 4268 3096 4321 αὐτῶν
3120 4269 3226 4338 τῆς
3249 4271 3466 4337 δεξιᾶς.
3509 4274 3633 4327 Ἐπὶ
3675 4274 3853 4346 χειρὸς

2240 4377 2283 4432 D
2310 4355 2412 4425 τῆς
2433 4357 2610 4420 δεξιᾶς
2640 4359 2733 4408 καὶ
2764 4359 2857 4409 ἐπὶ
2897 4360 3147 4428 μετώπου
3175 4364 3233 4413 τὸ
3263 4362 3568 4433 γνώρισμα.
3621 4366 3855 4416 ’Λντίοες

2311 4463 2399 4508 τος
2425 4446 2532 4515 γὰρ
2558 4445 2663 4498 τῶν
2697 4447 2915 4513 ἀγαθῶν
2947 4442 3091 4518 ἡτοῦ
3124 4451 3365 4520 ὀλεθρίου
3395 4453 3656 4521 ὀνόματος
3683 4454 3849 4521 ἐγχά-

2316 4534 2489 4598 ραξις.
2533 4534 2619 4586 Ἑν
2648 4534 2744 4603 μὲν
2771 4538 2888 4598 ταῖς
2918 4537 3137 4603 δεξιαῖς,
3169 4541 3255 4593 ἵνα
3293 4541 3399 4592 τῶν
3437 4543 3652 4608 ἀγαθῶν
3679 4543 3854 4611 ἔργων

2318 4625 2526 4695 ἐκκόψῃ
2556 4626 2654 4696 τὴν
2682 4627 2981 4696 ἐνέργειαν.
3025 4630 3111 4683 Ἐν
3136 4631 3191 4683 δὲ
3219 4636 3328 4695 τοῖς
3355 4634 3642 4701 μετώποις,
3675 4635 3760 4684 ἴνα
3801 4633 3857 4684 τὺ

2314 4717 2423 4778 τοῖς
2455 4715 2744 4786 ὀφθαλμοῖς
2774 4719 3117 4788 ἐπικείμενον
3147 4723 3308 4792 μέρος
3338 4722 3700 4791 προσληφθὲν,
3721 4739 3854 4774 σκο-

2315 4807 2522 4876 τασμὸν
2582 4808 2855 4878 ἐμποιήσῃ
2887 4812 2998 4871 τοῖς
3031 4812 3402 4881 άπατωμένοις
3430 4813 3526 4866 τοῦ
3560 4815 3634 4884 μὴ
3685 4814 3759 4876 ὡς
3803 4819 3857 4866 ὲν

2316 4896 2495 4966 ἡμέρᾳ
2521 4897 2868 4966 εὐσχημόνως
2900 4899 3215 4968 ἀντέχεσθαι
3244 4904 3341 4970 τῆς
3372 4905 3668 4966 εὐσεϐείας.
3716 4903 3857 4956 Ἀλλ’

2315 4985 2376 5037 οὺ
2406 4984 2641 5047 δέξονται
2674 4985 2830 5037 τοῦτο
2862 4988 2911 5037 οἱ
2948 4987 3016 5038 τά
3053 4989 3320 5058 πρόσωπα
3356 4993 3743 5060 σημειωθέντες
3778 4991 3857 5058 τῷ

2262 5067 2268 5074 ’
2319 5074 2444 5143 θείῳ
2476 5073 2568 5126 τοῦ
2593 5075 2877 5144 προσώπου
2908 5075 3063 5142 φωτί.

2872 5208 3116 5262 ΚΕΦᾹΛ.
3172 5209 3300 5266 AII'.

2597 5318 2732 5385 Περὶ
2778 5320 2880 5371 τοῦ
2913 5321 3190 5391 ὀνόματος
3217 5326 3319 5380 τοῦ
3357 5327 3580 5395 θηρίου.

2397 5456 2468 5506 ’Ἡ
2497 5453 2559 5506 τὸ
2590 5454 2768 5521 ὄνομα
2800 5457 2899 5509 τοῦ
2961 5462 3183 5526 θηρίου,
3235 5465 3271 5529 ἢ
3334 5464 3436 5514 τὸν
3468 5458 3712 5527 ἀριθμὸν
3757 5457 3859 5510 τοῦ
