4106 6334
280 293 376 360 681

1315 296 1694 356 COMMENT.
1735 296 1812 355 IN
1856 298 2374 357 APOCALYPSIN.

3369 286 3480 353 682

277 405 567 474 ὀνόματος
596 405 805 460 αὐτοῦ·
843 399 984 460 Ὧδε
1019 406 1056 473 ἠ
1104 405 1287 473 σοφία
1316 387 1504 459 scitir.
1569 407 1630 460 '0
1679 407 1825 472 ἔχων

1940 406 2091 458 minis
2115 407 2246 474 ejus.
2286 405 2386 458 llic
2415 407 2677 473 sapientia
2702 413 2800 460 est.
2834 403 2938 472 Qui
2962 405 3111 458 habet
3150 404 3468 458 intellectum

276 495 442 555 νοῦν.
479 496 796 565 ψηφισάτω
818 497 923 549 τόν
939 495 1187 564 ἀριθμὸν
1219 495 1323 549 τοῦ
1374 498 1599 563 θηρίου.
1642 499 1826 564 Ἀριο-

275 583 385 651 μὸς
437 582 547 652 γὰρ
589 583 900 653 ἀνθρώπου
960 584 1147 650 ἐστὶν,
1202 585 1300 638 καὶ
1336 588 1369 639 ὁ
1417 586 1660 655 ἀριθμὸς
1719 589 1845 642 at);

280 673 379 728 τοῦ
407 671 551 744 χξς⁹.
814 748 820 755 _
1723 733 1728 737 ,

347 765 456 816 Καὶ
484 765 534 816 τί
577 765 637 818 τὸ
669 766 945 836 χάραγμα,
975 767 1247 838 ἐπιφέρει,
1292 768 1354 820 τὸ
1398 767 1568 838 ὄνομα
1600 770 1693 822 τοῦ
1728 771 1824 839 θη-

278 853 416 922 ρίου.
448 856 610 924 Δτττὴ
648 855 706 907 δὲ
735 856 919 909 τούτου
969 858 1002 925 ἡ
1035 858 1255 924 γνῶσις,
1287 856 1320 928 ἢ
1378 857 1465 910 διὰ
1504 863 1825 929 παραφορᾶς

278 943 444 997 αὑτοῦ
473 945 569 998 τοῦ
599 948 878 1015 ὀνόματος,
927 948 959 1018 ἦ
996 948 1088 1002 διὰ
1137 949 1339 1020 ψήφου.
1375 950 1497 1016 Καὶ,
1520 949 1619 1020 τὴν
1646 950 1825 1020 ψῆφον

275 1035 331 1088 δὲ
369 1036 461 1090 τοῦ
513 1038 775 1106 ὀνόματος
827 1040 921 1092 τοῦ
986 1039 1194 1110 θηρίου,
1239 1040 1508 1112 πανταχοῦ
1561 1042 1824 1096 πλατῦναι

275 1127 629 1195 ἐπετηδεύθη,
657 1128 714 1180 ἐν
737 1145 794 1180 τε
829 1129 1062 1199 πράσεσι
1092 1133 1185 1184 καὶ
1204 1131 1386 1196 ὠναῖς,
1416 1131 1484 1185 ἵν’
1509 1134 1536 1185 ὁ
1563 1133 1638 1203 μὴ
1667 1133 1826 1186 τοῦτο

272 1218 690 1289 ἐπιφερόμενος,
738 1221 795 1272 ἐν
831 1221 950 1283 ταῖς
977 1220 1084 1272 τῶν
1114 1222 1425 1290 ἀναγκαίων
1468 1223 1697 1288 ἐνδείαις
1735 1241 1826 1276 τε-

273 1310 528 1383 λευτήσῃ.
606 1309 857 1380 Ἀριθμὸν
895 1310 953 1364 δὲ
1010 1311 1296 1383 ἀνθρώπου
1335 1314 1395 1367 τὸ
1438 1314 1606 1386 ὄνομα
1664 1311 1823 1376 εῖναι,

272 1398 395 1450 ἀντὶ
425 1397 520 1451 τοῦ
578 1397 726 1463 ξένον
754 1400 872 1453 οὐδὲ
917 1400 1059 1472 ἀήθη
1091 1403 1185 1455 καὶ⁵
1229 1405 1704 1476 ἐπικεκρυμμένον
1733 1407 1827 1458 καὶ

270 1489 495 1558 διπλόης
521 1491 795 1560 ἐχόμενον,
840 1491 974 1546 ἀλλὰ
1024 1492 1202 1562 ψῆφον
1235 1495 1453 1565 ἐντρισῆ
1501 1496 1595 1548 καὶ
1652 1497 1822 1564 ἐγνω-

273 1579 484 1650 σμένην
545 1579 872 1651 ἀνθρώποις.
919 1581 1171 1652 ’Δριθμὸς
1202 1583 1260 1637 δὲ
1321 1582 1416 1637 τοῦ
1449 1584 1706 1654 ὀνόματος
1732 1585 1851 1638 τοῦ·

268 1669 476 1742 ψήφου,
531 1670 788 1734 ἑξακόσια
837 1671 1177 1743 ἑξηκονταὲξ.
1214 1673 1407 1741 Σαφῶς
1453 1673 1562 1745 γὰρ
1606 1675 1740 1729 αὐτὸ
1767 1678 1828 1729 τὸ

266 1758 441 1827 ὕνομα
472 1760 533 1812 οὗ
568 1761 983 1831 παρέθετο,.--διὰ
1013 1763 1074 1816 τὸ
1104 1764 1236 1832 μηδὲ
1264 1764 1414 1828 ἄξιον
1462 1761 1604 1819 εἶναι
1637 1767 1733 1836 τῆς
1766 1769 1824 1820 ἐν
1859 1745 1896 1798 Β

270 1849 466 1920 βιϐλίῳ
494 1854 730 1921 γραφῆς.
767 1855 968 1924 Διόπερ
1015 1855 1322 1924 γυμνασίας
1365 1857 1525 1926 χάριν
1571 1858 1822 1910 ἐπανελέ-

277 1939 408 1992 σθαι
439 1941 540 1991 οὑκ
596 1940 842 2010 ἄκαιρον,
884 1941 951 1994 τὰ
980 1940 1075 2011 τὴν
1099 1941 1276 2010 ψῆφον
1323 1943 1690 2011 ἐπιφερόμενα
1707 1941 1822 1994 ὀνό-

269 2046 420 2098 ματα
477 2029 641 2098 κύριά
689 2047 745 2083 τε
793 2031 885 2084 καὶ
932 2032 1325 2101 προσηγορικὰ.
1366 2033 1544 2101 Κύρια
1590 2034 1687 2102 μὲν
1712 2028 1822 2085 οἷον

263 2121 578 2189 Λαμπέτις,
614 2123 808 2174 Τειτᾶν
838 2138 853 2153 ·
883 2123 974 2175 καὶ
1005 2122 1110 2174 ἀπὸ
1138 2122 1255 2187 τοῦ,
1296 2122 1454 2185 τενῶ,
1512 2123 1820 2191 μέλλοντος,

261 2205 458 2277 ὥσπερ
482 2210 574 2260 καὶ
603 2209 708 2260 ἀπὸ
734 2208 848 2272 τοῦ,
871 2209 1074 2277 σπερῶ,
1099 2209 1317 2278 σπόρος,
1339 2211 1592 2272 Λατεῖνος
1620 2209 1821 2278 ὁμοίως

258 2297 354 2349 διὰ
384 2296 694 2366 διφθόγγου.
759 2299 1136 2368 Προσηγορικὰ
1165 2300 1244 2364 δὲ,
1297 2302 1324 2353 ό
1367 2301 1628 2372 Νικητής.
1666 2302 1820 2362 Ἴσως

260 2390 380 2457 γὰρ
406 2387 584 2450 οὕτως
610 2389 798 2451 ἑαυτὸν
822 2390 1099 2459 όνομάσει,
1130 2393 1225 2443 καὶ
1267 2392 1436 2456 κακὸς
1481 2391 1694 2463 όδηγὸς,
1727 2394 1822 2444 καὶ

259 2477 475 2547 ἀληθὴς
525 2479 806 2548 βλαϐερὸς,
851 2480 943 2533 καὶ
985 2483 1148 2536 πάλαι
1179 2482 1467 2552 βάσκανος,
1517 2484 1611 2536 καὶ
1651 2483 1822 2552 ἀμνὸς

259 2567 473 2632 ἄδικος,
513 2564 550 2622 ἃ
585 2570 650 2622 ἐκ
700 2571 810 2624 τῶν
868 2572 1126 2626 ἐναντίων
1169 2573 1320 2644 αὐτῷ
1373 2573 1817 2643 ὲπικληθήσεται,

257 2653 367 2721 τὴν
393 2655 599 2708 οἰκείαν
625 2657 782 2722 δόξαν
809 2660 865 2711 ἐν
898 2662 964 2729 τῇ
987 2659 1213 2732 αἰσχύνη
1237 2661 1635 2732 καρπούμενος.

1926 503 2180 564 computet
2210 512 2480 548 numerum
2511 497 2687 550 bestia:
2730 515 2750 552 :
2792 512 3038 549 numerus
3085 498 3220 549 enim
3253 496 3475 548 hominis

1925 595 2021 646 est,
2050 594 2097 638 et
2129 601 2368 639 numerus
2403 602 2515 654 ejus
2540 599 2778 641 sexcenta
2808 591 3081 658 sexaginta
3111 605 3221 644 sex.

1995 759 2275 827 Quodnam
2327 761 2400 815 sit
2463 761 2787 831 cognitionis
2841 761 3105 816 indicium
3174 762 3474 833 subiungit.

1928 867 2119 920 nempe
2152 866 2346 905 nomen
2379 851 2588 908 bestiae.
2628 853 2831 921 Duplex
2874 863 2958 907 est
2988 862 3168 906 autem
3194 853 3358 923 hujus
3391 855 3476 909 in-

1929 942 2193 1005 tellectus,
2253 952 2346 997 aut
2400 941 2546 1012 quod
2597 942 2862 996 inferatur
2897 941 3072 1010 ipsum
3123 958 3343 1008 nomen,
3385 955 3480 998 aut

1926 1035 2068 1103 quod
2097 1035 2338 1090 calculus
2369 1035 2485 1089 sive
2516 1029 2800 1089 numerus.
2841 1033 2906 1087 Et
2938 1043 3088 1088 certe
3126 1049 3290 1104 opera
3316 1035 3478 1089 datur

1928 1135 1986 1180 ut
2023 1125 2265 1182 calculus
2321 1127 2556 1183 nominis
2618 1126 2804 1181 bestia:
2869 1125 3070 1196 ubique
3114 1126 3472 1189 diffundatur,

1928 1228 2038 1271 tam
2092 1217 2145 1273 in
2175 1218 2545 1288 emptionibus
2592 1233 2754 1287 quam
2803 1219 2856 1272 in
2903 1219 3298 1274 venditionibus
3340 1235 3356 1273 :
3418 1229 3480 1271 ιιι

1926 1310 2017 1380 qui
2047 1310 2197 1364 illum
2221 1326 2324 1365 non
2356 1309 2565 1375 afferat,
2613 1312 2684 1365 ob
2711 1311 2980 1366 defectum
3012 1326 3192 1365 rerum
3226 1325 3478 1366 necessa-

1927 1405 2131 1456 riarum
2161 1405 2445 1458 moriatur.
2475 1402 2645 1458 Porro
2681 1405 2823 1473 quod
2858 1419 3056 1459 nomen
3089 1403 3159 1458 sit
3211 1418 3474 1458 numerus

1930 1493 2184 1557 hominis,
2221 1494 2324 1549 hoc
2366 1504 2451 1548 est
2495 1495 2765 1550 familiare
2797 1504 2851 1550 et
2907 1511 3011 1549 non
3062 1497 3334 1549 insuetum
3380 1510 3479 1548 nec

1928 1583 2257 1638 occultatum
2314 1601 2377 1638 ac
2422 1586 2691 1653 duplicem
2739 1586 2944 1640 habens
2996 1587 3352 1650 intellectum,
3385 1586 3481 1639 sed

1929 1685 2226 1731 consuetus
2254 1676 2492 1732 calculus
2529 1687 2581 1732 et
2610 1677 2754 1732 inter
2795 1677 3044 1731 homines
3068 1678 3334 1746 cognitus.
3367 1676 3481 1729 Nn-

1929 1777 2113 1818 merus
2141 1773 2319 1818 autem
2347 1765 2539 1820 calculi
2574 1766 2812 1822 nominis
2839 1776 2921 1821 est
2946 1777 3196 1820 sexcenta
3229 1766 3480 1835 sexagin-

1930 1859 1984 1904 ta
2030 1865 2143 1905 sex.
2176 1851 2452 1922 Siquidem
2493 1869 2600 1907 non
2630 1855 2884 1923 produxit
2914 1865 3098 1922 aperte
3139 1855 3192 1906 in
3238 1854 3476 1908 medium

1929 1939 2106 2008 ipsum
2143 1955 2363 2004 nomen,
2393 1955 2459 1994 eo
2486 1941 2631 2009 quod
2659 1958 2726 1995 ne
2754 1953 3052 1996 mereretur
3078 1943 3293 2011 quidem
3337 1944 3476 1997 libro

1929 2029 2172 2083 inscribi.
2204 2028 2337 2085 ideo
2389 2046 2497 2084 non
2547 2032 2984 2099 intempestivum
3034 2032 3199 2086 fuerit
3227 2035 3476 2089 exercitii

1930 2118 2101 2186 gratia
2134 2120 2239 2172 huc
2270 2122 2529 2174 reducere
2560 2121 2782 2174 nomina
2811 2131 2916 2174 tam
2943 2123 3158 2190 propria
3189 2136 3353 2192 quam
3384 2138 3480 2190 ap-

1928 2208 2176 2276 pellativa
2236 2225 2356 2278 qua:
2379 2222 2664 2264 numerum
2704 2211 2844 2265 hunc
2891 2211 3200 2265 conficiant.
3250 2209 3479 2280 Pr0pria

1927 2297 2142 2366 quidem
2177 2297 2552 2368 υιΛαμπὲτις,
2576 2299 2771 2352 Τειτᾶν
2795 2317 2809 2354 :
2831 2309 2886 2354 et
2915 2314 2945 2352 ο
2982 2299 3164 2353 t‘uturo
3190 2298 3327 2352 τενῶ
3350 2300 3478 2368 (sie-

1928 2399 1987 2443 ut
2029 2391 2189 2444 etiam
2219 2405 2247 2442 ιι
2284 2390 2492 2460 σπερῶ,
2527 2391 2745 2462 σπόρος)
2782 2392 3032 2454 Δατεϊνος
3080 2391 3328 2446 similiter
3382 2402 3482 2460 per

1925 2482 2341 2553 diphthongum.
2395 2485 2727 2554 Appellativa
2798 2500 2926 2539 vero
2955 2489 2983 2538 ό
3010 2485 3266 2557 Νικητὸς,
3306 2485 3478 2550 idest,

1925 2576 2101 2630 vietor
2141 2577 2438 2633 :fortassis
2491 2579 2636 2632 enim
2693 2579 2765 2632 ita
2795 2579 3031 2648 seipsum
3064 2579 3376 2649 appellabit,
3426 2588 3482 2632 ct

1927 2667 2094 2728 κακὸς
2124 2667 2338 2738 ὁδηγὸς,
2368 2667 2419 2721 id
2445 2677 2553 2733 est,
2575 2683 2776 2739 pravus
2792 2669 2922 2733 dux,
2950 2669 3034 2722 vel
3057 2668 3261 2738 ἀληθὴς
3286 2667 3480 2737 βλαϐε-

267 2747 388 2814 ρὸς,
432 2747 482 2799 id
513 2758 621 2813 est,
656 2764 781 2803 vere
810 2766 1032 2815 nocens,
1059 2752 1142 2806 vel
1179 2753 1346 2806 πάλαι
1379 2754 1664 2824 βάσκανος,
1694 2755 1745 2809 id
1780 2770 1825 2810 et

1923 2757 2026 2826 iam
2073 2759 2200 2813 olim
2240 2759 2477 2824 invidus,
2527 2769 2622 2813 aut
2670 2760 2839 2828 ἀμνὸς
2870 2760 3073 2824 ἄδικος.
3103 2757 3154 2812 id
3178 2768 3280 2820 est.
3307 2772 3482 2826 agnus

263 2857 477 2896 nocens
513 2861 528 2895 :
570 2845 766 2912 quibus
793 2861 858 2900 ex
911 2847 979 2902 iis
1006 2863 1128 2918 quae
1148 2849 1252 2904 sibi
1296 2851 1568 2905 contraria
1627 2860 1756 2906 sunt
1812 2852 2305 2922 cognominabitur,
2369 2868 2524 2908 suam
2571 2853 2799 2922 gloriam
2839 2867 2935 2922 per
2965 2868 3028 2907 ca
3088 2865 3210 2921 qua:
3256 2848 3480 2904 infantia

257 2940 398 2985 sunt
427 2933 706 3004 colligens.

351 3024 455 3076 Ἐκ
480 3023 600 3076 τῶν
625 3026 730 3078 τοῦ
769 3027 1057 3096 Ἀνδρέου.
1108 3029 1217 3100 Τὴν
1267 3031 1364 3101 μὲν
1405 3032 1690 3103 ἀκρίόειαν
1726 3034 1824 3099 τῆς

1996 3027 2081 3081 Ea:
2102 3027 2335 3080 Audi-ea.
2367 3025 2624 3080 Exactam
2655 3026 2870 3080 numeri
2916 3025 3182 3092 notitiam,
3215 3030 3473 3096 quemad‘

257 3115 472 3182 ψήφου,
501 3117 576 3179 ὡς
615 3119 707 3170 καὶ
728 3119 794 3172 τὰ
823 3119 984 3174 λοιπὰ
1016 3123 1141 3193 περὶ
1165 3122 1333 3176 αὑτοῦ
1380 3125 1761 3195 γεγραμμένα,
1799 3125 1826 3176 ό

257 3205 462 3273 χρόνος
486 3209 821 3278 ἀποκαλύψει
873 3213 968 3265 καὶ
997 3214 1029 3286 ἡ
1063 3217 1228 3282 πεῖρα
1286 3217 1399 3276 τοῖς
1456 3217 1730 3285 νήφουσιν.
1763 3215 1826 3267 Εἰ

257 3297 379 3366 γὰρ
413 3298 538 3359 ἔδει,
568 3299 749 3364 καθώς
780 3304 910 3371 φασί
941 3322 1083 3368 τινες
1114 3306 1224 3358 τῶν
1253 3306 1608 3373 διδασκάλων,
1637 3306 1825 3376 σαφῶς

257 3387 587 3454 γνωσθῆναι
612 3389 681 3442 τὸ
702 3391 940 3445 τοιοῦτον
968 3395 1157 3462 ὄνομα,
1179 3397 1207 3448 ό
1239 3396 1567 3465 τεθεαμένος
1600 3396 1730 3449 αὐτὸ
1759 3396 1826 3448 ἂν

259 3475 645 3543 ἀπεκάλυψεν.
685 3478 822 3530 Ἀλλ’
863 3481 962 3534 οὐκ
996 3483 1296 3553 ηὐδόκησεν
1345 3485 1378 3554 ἡ
1410 3484 1528 3537 θεία
1566 3485 1725 3554 χάρις
1769 3486 1828 3537 ὲν

259 3562 396 3630 θείᾳ.
425 3562 590 3634 βίϐλῳ
615 3567 672 3618 τὸ
701 3569 794 3620 τοῦ
825 3571 1099 3638 λυμεῶνος
1145 3574 1377 3643 ταγῆναι
1422 3573 1614 3642 δνομα.
1659 3574 1745 3638 Ὠς
1771 3575 1828 3628 δὲ

257 3654 324 3703 ἐν
351 3657 660 3719 γυμνασίας
703 3657 864 3725 λόγῳ,
904 3660 1073 3712 πολλὰ
1123 3661 1270 3715 εστιν
1318 3665 1524 3732 εὑρεῖν,
1563 3665 1704 3718 κατὰ
1735 3665 1827 3716 τὸν

263 3743 546 3811 μακάριον
586 3746 897 3800 Ἱππόλυτον
926 3753 1018 3800 καὶ
1051 3751 1266 3820 ἐτέρους
1306 3739 1553 3815 πολλοὺς,
1588 3755 1828 3822 ὀνόματα

255 3834 364 3883 τὸν
394 3833 625 3902 ἀριθμὸν
649 3835 839 3889 τοῦτον
871 3839 1191 3908 περιέχοντα
1217 3845 1595 3911 προσηγορικὰ
1640 3860 1696 3894 τε
1731 3845 1827 3894 καὶ

257 3938 456 3989 κυρια.

831 4059 1077 4112 ΚΕΦΑΛ.
1143 4060 1266 4115 ΛΘ’.

262 4187 407 4254 Περὶ
435 4188 553 4242 τῶν
580 4189 696 4260 ρμδ¹
723 4191 1008 4259 χιλιάδων
1027 4192 1144 4245 τῶν
1170 4195 1291 4247 σὺν
1326 4194 1401 4261 τῷ
1439 4196 1621 4263 ἀρνίῳ
1648 4197 1826 4249 sardi-

756 4278 872 4314 των
906 4265 975 4315 ἑν
1007 4263 1126 4330 ὄρει
1170 4263 1340 4318 Σιών.

342 4373 445 4424 Kal
477 4369 660 4437 εἶδον,
694 4375 789 4426 καὶ
824 4375 951 4429 ιδοὺ
985 4377 1050 4429 τὸ
1090 4379 1314 4444 Ἀρνίον
1338 4379 1593 4444 ἑστηκὸς
1621 4380 1717 4432 ἐπὶ
1753 4380 1819 4432 τὸ

261 4459 404 4526 ἔρος
430 4459 600 4523 Σιὼν,
635 4462 730 4513 καὶ
760 4464 886 4529 μετ’
908 4466 1093 4518 αὑτοῦ
1113 4467 1355 4534 ἀριθμὸς
1390 4467 1506 4536 ρμδ⁹
1530 4467 1818 4542 χιλιάδες,

258 4551 512 4615 ἔχουσαι
555 4550 620 4600 τὸ
654 4551 837 4620 ὄνομα
870 4556 1077 4617 αὑτοῦ,
1113 4557 1302 4608 καὶτὸ
1328 4559 1514 4626 ὄνομα
1563 4558 1668 4610 τοῦ
1707 4558 1819 4610 πα-

260 4638 406 4703 τρὸς
431 4639 615 4691 αὑτοῦ
646 4645 1049 4712 γεγραμμένον
1086 4648 1183 4699 ἐπὶ
1233 4646 1350 4699 τῶν
1389 4650 1675 4716 μετώπων
1711 4652 1819 4704 αὺ-

258 4727 404 4779 τῶν.
463 4729 568 4780 Καὶ
616 4730 851 4797 ἤκουσα
891 4738 1098 4804 φωνὴν
1147 4740 1215 4791 ἐκ
1271 4740 1376 4792 τοῦ
1431 4742 1707 4807 οὐρανοῦ,
1742 4745 1819 4808 ὡς

259 4812 474 4878 φωνὴν
499 4814 736 4869 ὐδὰτών
768 4822 1031 4882 πολλῶν,
1067 4827 1162 4877 καί
1198 4827 1275 4890 ὡς
1298 4827 1506 4894 φωνὴν
1553 4830 1819 4897 ,βροντῆς

251 4903 544 4971 μεγάλης.
578 4907 690 4958 Καὶ
715 4910 753 4974 ἠ
783 4913 950 4978 φωνὴ
985 4917 1062 4981 ἢν
1081 4917 1334 4984 ἤκουσα,
1371 4920 1449 4983 ὡς
1485 4922 1820 4988 κιθαρῳδῶν

256 4993 674 5060 κιθαριζόντων
699 4999 767 5050 ἐν
788 5003 912 5067 ταῖς
949 5006 1212 5072 κιθάραις
1240 5009 1454 5065 αὐτῶν.
1488 5011 1593 5064 Καὶ
1640 5011 1817 5076 ᾄδου-

255 5361 382 5430 ρμὸ¹
406 5361 670 5428 χιλιάδες
700 5366 754 5413 οἱ
778 5365 1174 5435 ἠγορασμένοι
1213 5373 1330 5426 ἀπὸ
1354 5373 1464 5441 τῆς
1504 5374 1636 5442 γῆς.

341 5454 465 5504 Ἐπὶ
495 5454 560 5505 τὸ
601 5454 738 5519 ὅρος
773 5455 939 5507 Σιών.
996 5462 1067 5510 Οὔ
1099 5464 1194 5530 τῆς
1255 5465 1511 5527 παλαιᾶς,
1545 5469 1627 5519 ὅτι
1678 5468 1812 5536 μηδὲ

249 5546 397 5614 αὐτὴ
446 5547 681 5614 ὑπήκοος
709 5545 786 5613 τῷ
827 5548 1042 5616 ’Λρνίῳ,
1093 5553 1118 5602 ὃ
1151 5555 1294 5605 ἐστιν
1320 5559 1346 5606 ό
1405 5557 1658 5622 Χριστὸς.
1697 5557 1810 5607 ἀλλ’

245 5642 355 5696 ἐπὶ
392 5638 492 5707 τῆς
522 5639 664 5700 νέας,
705 5639 822 5705 ἣτις
850 5640 966 5689 ἐστὶ
1007 5643 1159 5704 πόλις
1199 5645 1332 5697 Θεοῦ
1371 5647 1592 5712 ζῶντος,
1624 5644 1690 5718 ἦς
1719 5647 1812 5701 νῦν

615 5734 881 5792 i’nnOL.
927 5735 1038 5794 Gn.
1084 5736 1239 5798 CVI.
1306 5731 1308 5733 ’

1929 3119 2144 3174 modum
2176 3128 2231 3173 et
2273 3127 2466 3172 caetera
2505 3132 2628 3186 qute
2655 3119 2718 3171 de
2761 3118 2881 3187 ipso
2910 3118 3111 3186 scripta
3145 3128 3295 3182 sunt,
3340 3131 3506 3174 tem-'

1926 3224 2028 3280 pus
2056 3219 2110 3261 et
2130 3207 2464 3277 experientia
2495 3205 2816 3261 revelabunt
2838 3207 2923 3260 his
2959 3206 3053 3275 qui
3108 3207 3474 3276 vigilaverint.

1929 3299 2062 3353 Nam
2099 3299 2144 3352 si
2163 3298 2460 3368 expediret,
2499 3307 2556 3352 ut
2582 3298 2768 3351 volunt
2806 3299 3051 3352 nonnulli
3077 3300 3344 3363 doctores,
3379 3301 3486 3354 hu-

1924 3387 2162 3456 iusmodi
2191 3395 2374 3455 aperte
2390 3386 2644 3456 cognosci
2666 3399 2883 3449 nomen,
2905 3387 2950 3439 is
2981 3386 3171 3454 utique
3192 3389 3285 3456 qui
3308 3389 3480 3456 ipsum

1928 3474 2064 3528 vidit
2087 3475 2401 3540 revelasset,
2441 3474 2538 3528 sed
2582 3489 2691 3527 non
2740 3474 2943 3542 placuit
2978 3475 3178 3530 divina:
3209 3477 3395 3545 gratiae
3427 3489 3488 3533 ut

1932 3582 2127 3622 nomen
2155 3566 2396 3634 pestiferi
2420 3565 2657 3621 hominis
2701 3567 2756 3619 in
2811 3565 2996 3620 divino
3025 3566 3162 3621 libro
3192 3568 3490 3623 referretur

1927 3657 1981 3710 in
2016 3659 2258 3712 ordinem
2302 3679 2314 3714 :
2351 3668 2585 3715 attamen
2641 3657 2890 3712 exercitii
2932 3659 3102 3725 gratia
3156 3659 3324 3711 multa
3355 3673 3487 3728 pos-

1927 3756 2057 3801 sunt
2111 3748 2342 3801 inveniri
2388 3749 2607 3800 nomina
2657 3747 2809 3814 juxta
2858 3747 3073 3800 beatum
3139 3749 3486 3817 Hippolytum

1927 3836 2089 3903 766
2118 3835 2363 3902 aliosque
2395 3836 2592 3887 mullos
2622 3851 2743 3898 quae
2783 3836 2927 3888 hunc
2952 3836 3268 3890 contineant
3291 3853 3485 3890 nume-

1928 3937 2046 3974 rum
2083 3932 2189 3974 tam
2219 3923 2434 3990 propria
2464 3938 2625 3989 quam
2659 3923 3000 3988 appellativa.

2443 4047 2668 4106 CAPUT
2720 4050 2960 4104 XXXIX.

1931 4166 2002 4218 De
2039 4175 2244 4218 centum
2296 4165 2650 4233 quadraginta
2688 4175 2912 4232 quatuor
2975 4165 3200 4217 millibus
3247 4170 3481 4235 quicum

2278 4243 2423 4304 Agna
2452 4240 2662 4286 stabant
2700 4238 2750 4286 in
2773 4242 2942 4288 monte
2976 4238 3124 4288 Sion.

1999 4371 2140 4436 XIV,
2173 4372 2288 4426 1-5.
2319 4371 2385 4425 Et
2417 4363 2523 4425 vidi
2555 4383 2602 4425 et
2639 4389 2752 4425 (cce
2792 4375 2968 4442 Agnus
3015 4374 3189 4427 stabat
3227 4374 3281 4426 in
3316 4385 3485 4429 monte

1925 4461 2139 4526 Sion,et
2166 4479 2281 4514 cum
2306 4479 2362 4514 eo
2393 4479 2637 4515 numerus
2662 4477 2866 4516 centum
2883 4467 3241 4533 quadraginta
3259 4481 3484 4535 quatuor

1923 4555 2146 4606 millium
2170 4554 2468 4606 habentium
2504 4572 2685 4606 nomen
2729 4557 2840 4622 ejus
2872 4567 2918 4607 et
2956 4573 3138 4607 nomen
3171 4560 3334 4622 patris
3364 4562 3477 4626 ejus

1924 4647 2175 4712 scriptum
2205 4645 2258 4695 in
2283 4646 2541 4707 frontibus
2579 4647 2708 4697 suis.
2737 4645 2803 4695 Et
2828 4646 3006 4697 audiri
3050 4663 3216 4697 vocem
3263 4649 3327 4700 de
3354 4652 3480 4702 ccelo

1924 4748 2175 4805 tanquam
2199 4752 2372 4788 vocem
2402 4753 2658 4804 aquarum
2693 4736 3001 4798 multarum,
3034 4749 3079 4789 et
3109 4749 3360 4807 tanquam
3390 4760 3478 4794 vo-

1925 4844 2033 4882 cent
2071 4828 2287 4880 tonitrui
2325 4829 2498 4892 magni
2541 4837 2629 4879 :et
2661 4841 2757 4877 vos:
2795 4844 2953 4894 quam
2991 4829 3169 4881 audiui
3211 4832 3365 4884 veluti
3405 4836 3479 4884 ci-

1924 4919 2718 4973 thartetlornmcitharizantium
2766 4919 2818 4970 in
2854 4919 3071 4972 citharis
3101 4923 3229 4974 suis.
3281 4922 3349 4974 Et
3390 4941 3478 4975 ca-

1923 5020 2049 5063 nunt
2078 5012 2228 5078 quasi
2262 5009 2526 5060 canticum
2568 5024 2755 5059 novum
2800 5020 2917 5061 ante
2970 5012 3234 5076 thronum,
3272 5023 3321 5064 et
3359 5025 3478 5065 ante

1921 5111 2146 5170 quatuor
2177 5100 2427 5153 animalia
2478 5109 2524 5150 et
2582 5100 2827 5151 seniores.
2861 5099 2926 5151 Et
2964 5117 3110 5153 nemo
3141 5110 3342 5167 poterat
3394 5105 3479 5151 di-

1798 5233 1812 5247 .
1919 5208 2058 5244 scere
2088 5191 2347 5243 canticum
2377 5187 2508 5239 illud
2564 5189 2666 5239 nisi
2715 5189 2809 5240 illa
2857 5201 3062 5242 centum
3122 5189 3476 5258 quadraginta

1804 5288 1815 5337 ἰ
1918 5294 2143 5352 quatuor
2173 5283 2337 5334 millia
2361 5281 2447 5348 qui
2479 5281 2636 5346 empti
2666 5294 2782 5333 sunt
2805 5283 2866 5334 de
2893 5294 3052 5334 terra.

1989 5458 2054 5511 In
2078 5469 2247 5512 monte
2276 5457 2421 5511 Sion.
2450 5456 2563 5510 Non
2594 5458 2647 5509 in
2689 5459 2851 5510 veteri
2899 5458 3051 5519 Sion,
3116 5459 3240 5525 quia
3293 5472 3469 5527 neque

1920 5551 2036 5605 haec
2065 5552 2473 5618 obtemperabat
2518 5551 2669 5618 Agno
2721 5549 2812 5616 qui
2845 5557 2928 5602 est
2977 5547 3245 5612 Christus,
3281 5551 3370 5603 sed
3414 5553 3469 5605 in

1916 5659 2057 5700 nova
2079 5660 2199 5715 quae
2227 5655 2308 5702 est
2337 5645 2525 5699 cixitus
2551 5642 2640 5696 Dei
2670 5643 2896 5696 viventis
2930 5656 3092 5711 quam
3137 5656 3280 5695 nunc
3324 5640 3460 5697 dici-

2996 5736 3073 5795 2'2
