4106 6334
717 260 819 329 683

1513 270 1836 330 ARETH/E
1874 268 2251 330 CIIESAREA‘.I
2288 268 2769 332 CAPPADOCLE
2807 271 3143 335 EPISCOPI

3816 277 3917 341 684

720 383 808 428 tur
831 372 1016 441 Agnus
1068 370 1400 435 ascendisse.
1441 376 1825 430 manifestante
1872 375 2083 430 visione
2138 389 2268 439 con-

2368 374 2639 429 δείκνυται
2687 363 3013 447 ἐπιϐεϐηκὸς
3074 380 3133 432 τδ
3177 380 3362 450 ἀρνίον
3409 381 3501 450 τήν
3547 382 3631 433 ἐπ’
3682 383 3917 451 ἐσχάτων

714 463 1020 517 versionem
1063 462 1228 517 Israel
1270 478 1390 531 quae
1428 462 1519 517 ﬂet
1569 463 1871 531 postremis
1903 464 2263 531 temporibus,

698 568 881 623 quam
906 563 957 607 et
995 553 1150 608 divus
1174 554 1351 608 innuit
1381 553 1579 609 Paulus
1605 554 1732 609 dum
1759 556 1834 609 ait
1868 572 1881 607 :
1920 572 1939 606 ι
1987 554 2125 610 Cum
2154 556 2267 624 plc-

675 686 681 691 .
722 632 909 698 nitudo
934 643 1169 713 gentium
1206 644 1511 708 intraverit,
1541 654 1669 700 tunc
1691 645 1867 699 omnis
1903 644 2066 699 Israel
2085 645 2267 700 salvus

718 736 824 789 erit
851 734 917 801 ’⁸,
948 753 971 787 ι
1000 734 1055 788 in
1086 733 1284 788 Christi
1315 733 1567 789 videlicet
1609 735 1860 789 redactus
1910 734 2264 789 famulitium.

789 823 856 877 Et
886 839 1002 876 cum
1028 837 1087 876 eo
1129 837 1372 875 numerus
1418 829 1620 874 centum
1660 819 2018 890 quadraginta
2040 828 2269 888 quatuor

718 915 958 967 millium.
980 910 1249 966 Numerus
1278 912 1472 965 borum
1504 910 1757 973 minium,
1789 924 1900 963 non
1928 909 2150 963 illorum
2183 915 2270 962 est

710 1007 782 1058 de
808 1004 1003 1073 quibus
1033 1002 1349 1072 prmdictum
1379 1010 1462 1055 est
1489 1000 1632 1069 quod
1673 1015 1737 1055 ex
1762 1014 2091 1069 unaquaque
2122 998 2269 1053 tribu

716 1096 1057 1150 crediderunt
1086 1093 1138 1147 in
1169 1094 1444 1147 Christum
1475 1108 1489 1144 :
1543 1107 1658 1144 nam
1720 1091 1767 1145 si
1818 1090 1871 1144 id
1904 1088 2117 1151 fuisset,
2146 1103 2268 1143 cum

717 1184 941 1239 articulo
978 1182 1293 1252 protulisset
1324 1181 1533 1245 dicens,
1559 1177 1762 1231 [lorum
1791 1186 2005 1231 centum
2036 1175 2272 1244 quadra-

716 1280 857 1347 ginta
890 1287 1122 1346 quatuor
1157 1292 1193 1329 n'
1214 1276 1382 1329 illium
1417 1280 1716 1347 :quomam
1771 1278 1953 1325 autem
1986 1270 2105 1324 sine
2136 1268 2272 1322 arti-

716 1344 838 1419 culo
883 1344 1123 1434 protulit,
1179 1364 1448 1431 reliquum
1515 1344 1602 1416 est
1668 1368 1727 1414 ut
1782 1359 2120 1427 intelligatur
2171 1358 2271 1410 hos

718 1458 917 1511 dixisse
946 1456 1035 1524 qui
1069 1470 1132 1507 ex
1181 1455 1433 1522 gentibus
1489 1452 1839 1505 crediderunt
1886 1468 1898 1501 :
1933 1450 2061 1504 dum
2098 1447 2272 1516 gratia

719 1546 882 1600 divini
918 1545 1141 1599 seminis
1168 1559 1287 1613 qua:
1311 1543 1361 1595 in
1390 1555 1715 1610 unoquoque
1749 1538 1846 1593 fuit
1875 1538 2269 1608 apostolorum,

719 1636 1011 1690 duodecies
1041 1643 1256 1704 operata
1288 1635 1357 1688 sit
1388 1634 1438 1686 in
1473 1631 1778 1701 miliecuplo
1828 1630 2061 1684 l‘ructum
2098 1627 2271 1697 perfe-

719 1736 862 1781 ctum
894 1725 1012 1779 tidei
1045 1739 1232 1779 eorum
1265 1722 1355 1791 qui
1387 1722 1520 1776 salvi
1555 1721 1725 1785 ﬁunt;
1771 1719 1929 1789 767
1963 1719 2161 1786 quibus
2189 1727 2271 1770 at-

721 1825 943 1871 testatur
972 1815 1114 1883 quod
1145 1813 1509 1882 virginitatem
1541 1809 1890 1880 praestiterint
1936 1816 2043 1860 tam
2077 1820 2266 1873 corpo-

719 1908 795 1961 ris
847 1920 1008 1973 quam
1049 1904 1267 1966 animae,
1321 1916 1442 1971 qua:
1488 1888 1627 1968 apud
1658 1897 1914 1952 Hebraeos
1965 1910 2087 1948 rara
2140 1894 2263 1948 fuit.

718 1998 869 2063 Quod
902 2004 1079 2051 autem
1116 1995 1351 2048 habeant
1406 2006 1600 2046 nomen
1650 1988 1828 2042 Patris
1864 1988 1983 2055 ejus
2034 1995 2087 2039 et
2144 1984 2265 2038 Filii

716 2089 975 2157 scriptum
1024 2089 1077 2141 in
1111 2086 1398 2149 frontibus,
1448 2083 1715 2152 signiﬁcat
1753 2080 1895 2149 quod
1936 2078 2115 2132 divina
2147 2076 2268 2129 luce

716 2178 886 2249 ipsius
917 2178 1083 2232 divini
1117 2177 1303 2229 vultus
1336 2173 1712 2241 obsignentur,
1745 2184 1841 2237 per
1873 2166 2022 2235 quod
2054 2164 2266 2218 aemulis

705 2272 770 2325 in
801 2273 901 2325 hoc
932 2278 985 2323 et
1012 2267 1330 2337 perniciosis
1354 2261 1687 2317 daemonibus
1728 2257 1918 2311 terrori
1952 2262 2101 2309 sunt.

790 2359 1058 2427 Tanquam
1096 2371 1266 2409 vocem
1317 2368 1569 2421 aquarum
1620 2348 1907 2402 multarum
1938 2352 1985 2398 et
2022 2353 2267 2411 tauquam

716 2467 888 2509 vocem
929 2447 1146 2502 tom‘trui
1190 2446 1387 2513 magni.
1411 2443 1690 2510 Aquarum
1732 2448 1784 2491 et
1816 2436 2041 2491 tonitrui
2088 2449 2151 2487 ac
2189 2433 2267 2484 ci-

721 2545 889 2597 tharae
932 2556 1059 2602 vox,
1109 2536 1379 2606 signiﬁcat
1423 2527 1981 2587 rlaritatemauditui
2031 2524 2266 2593 perviam

718 2630 1034 2703 hymnidici,
1072 2629 1281 2692 canori,
1334 2626 1517 2680 suavis
1564 2637 1628 2677 ac
1675 2620 1901 2675 causoni
1953 2623 2265 2672 sanctorum

716 2732 929 2785 cantus,
960 2720 1413 2791 qui-universam
1453 2713 1837 2784 complectitur
1888 2707 2269 2779 primogenito-

718 2830 837 2870 rum
872 2814 928 2867 in
956 2811 1109 2867 etelis
1158 2810 1550 2877 descriptorum
1608 2803 1905 2859 Ecclesium
1958 2809 2269 2868 coetumque

715 2908 1011 2978 publicum,
1044 2920 1075 2959 a
1120 2904 1316 2973 quibus
1357 2899 1514 2954 laude
1561 2896 1865 2952 celebratur
1912 2892 2268 2962 primogenita

714 2997 947 3053 vocatio.
977 2996 1087 3065 Ego
1111 3002 1291 3048 autem
1338 2990 1533 3060 opinor
1558 2987 1699 3056 quod
1732 2999 1797 3038 ne
1831 2985 2019 3038 audire
2047 2985 2267 3052 quidem

2367 466 2717 536 ἐπιστροφὴν,
2738 469 3152 540 παραδηλούσης
3163 471 3262 539 τῆς
3280 471 3540 534 ὀπτασίας
3555 470 3648 525 τοῦ
3674 473 3907 543 Ἰσραήλ.

2370 554 2473 606 Ἢν
2505 555 2599 607 καὶ
2624 555 2877 619 Παῦλοςὸ
2905 557 3044 619 θεῖος
3071 559 3289 627 ᾐνίξατο
3315 554 3474 614 δι’ὧν
3498 577 3660 629 φησιν
3691 576 3704 591 ·
3742 580 3761 611 ι
3792 562 3911 615 "Ore

2365 644 2427 713 τὸ
2456 644 2730 714 πλήρωμα
2758 647 2865 699 τῶν
2892 648 3061 700 ἐθνῶν
3105 648 3344 719 είσέλθῃ,
3403 650 3523 702 τότε
3550 651 3655 711 πᾶς
3707 649 3912 721 Ἰσραὴλ

2368 733 2685 804 σωθήσεται,
2720 754 2738 786 ι
2774 722 3071 800 οίκείωθεὶς
3098 738 3175 807 τῷ
3203 739 3442 809 Χριστῷ.

2437 823 2544 874 Καὶ
2576 825 2701 891 μετ’
2722 824 2907 877 αὑτοῦ
2926 827 3172 895 ἀριθμὸς
3206 825 3322 896 ρμδ¹
3348 827 3632 895 χιλιάδες.
3679 829 3741 880 '0
3761 826 3909 899 αριθο

2370 912 2467 986 μδς
2498 913 2553 965 δὲ
2580 914 2686 965 τῶν
2725 915 2975 981 χιλιάδων
3004 918 3100 985 οὐχ
3151 919 3178 969 ὁ
3210 916 3370 978 αὐτὸς
3410 918 3516 970 τῶν
3562 918 3656 986 ἀφ’
3687 919 3915 986 ἑκάστης

2368 1002 2538 1070 φυλῆς
2568 1004 2975 1073 προειρημένων
2998 1007 3421 1061 πεπιστευκέναι
3463 1007 3542 1077 τῷ
3574 1009 3817 1077 Χριστῷ.
3844 1004 3912 1061 'll

2367 1090 2475 1157 γὰρ
2500 1090 2566 1143 ἂν
2596 1091 2734 1159 μετὰ
2761 1092 2854 1145 τοῦ
2899 1092 3101 1162 ἄρθρου
3146 1097 3504 1164 προήνεγκεν,
3534 1097 3598 1149 Al
3636 1095 3754 1167 ρμδ*
3784 1096 3915 1166 χιλι-

2369 1179 2513 1241 άδες,
2582 1181 2770 1234 εἰπών.
2835 1181 2972 1233 Ἀλλ’
3027 1184 3211 1242 ἐπειδὴ
3263 1186 3631 1255 ἀσυνάρθρως,
3673 1185 3912 1241 λείπεται

2367 1269 2493 1329 τοὺς
2521 1269 2629 1321 ἀπὸ
2679 1269 2786 1323 τῶν
2835 1270 2999 1323 ἐθνῶν
3055 1276 3191 1325 νοεῖν
3220 1275 3380 1328 αὑτὸν
3412 1276 3708 1347 εἰρηκέναι,
3733 1278 3834 1346 τῆς
3859 1282 3914 1331 έν

2371 1359 2583 1429 ἑκάστῳ
2615 1359 2835 1429 χάριτος
2862 1361 2956 1413 τοῦ
2990 1362 3134 1416 θείου
3168 1366 3367 1435 σπόρου
3421 1370 3517 1422 καὶ
3555 1368 3913 1422 ἀποστολικοῦ

2369 1448 2667 1511 δωδεκάκις
2723 1451 2986 1518 χιλιοστὺν
3048 1454 3519 1526 ἀπεργαζομένης,
3574 1457 3757 1511 τέλεον
3828 1459 3915 1511 τὸν

2371 1540 2581 1610 καρπὸν
2604 1540 2704 1609 τῆς
2728 1540 2837 1593 τῶν
2872 1541 3186 1611 σωζομένων
3224 1545 3479 1612 πίστεως,
3506 1544 3586 1610 οἷς
3619 1548 3914 1618 παρθενίαν

2372 1629 2789 1698 κατωρθωκέναι
2842 1636 3248 1703 προσμαρτυρεῖ
3276 1633 3397 1705 [ὅση
3439 1637 3659 1704 σαρκὸς.
3693 1638 3793 1707 ὅση
3823 1639 3915 1706 ψυ-

2303 1765 2341 1819 B
2374 1723 2470 1819 ζῆς
2505 1720 2723 1819 (10)],ῌό
2750 1723 2975 1776 σπάνιον
3024 1725 3152 1795 παρ’
3192 1724 3478 1794 Ἐδραίοις.
3504 1727 3577 1778 Τὸ
3594 1726 3649 1778 δὲ
3693 1728 3837 1796 ἔχειν
3860 1730 3918 1781 τὸ

2373 1813 2542 1883 ὄνομα
2604 1813 2695 1866 τοῦ
2763 1813 2973 1884 Πατρδς
3023 1814 3189 1869 αὑτοῦ
3252 1816 3629 1886 γεγραμμένον
3686 1820 3783 1870 καὶ⁵
3828 1819 3917 1870 τοῦ

2368 1902 2497 1954 Υἱοῦ
2535 1904 2643 1973 (Μ)
2674 1903 2766 1956 ἐπὶ
2794 1901 3082 1972 μετώπων,
3112 1903 3280 1973 δηλοῖ,
3309 1905 3385 1968 ὡς
3406 1904 3482 1974 τῷ
3514 1904 3640 1975 θείῳ
3658 1908 3799 1972 φωτὶ
3818 1907 3909 1960 τοῦ

2365 1992 2655 2060 προσώπου
2688 1992 2849 2047 αὐτοῦ
2875 1992 2972 2054 τοῦ
3007 1992 3153 2047 θείου
3175 1993 3584 2065 σφραγίζονται,
3614 1995 3683 2048 δι’
3712 1991 3773 2049 οὗ
3801 1998 3910 2060 τοῖς

2365 2082 2679 2153 ἀντιμίμοις
2721 2084 2815 2137 ἐπὶ
2852 2082 3039 2137 τούτου
3080 2083 3344 2155 ὀλεθρίοις
3398 2085 3638 2154 δαίμοσι,
3694 2086 3914 2156 φοϐεροὶ

2365 2173 2620 2240 γίνονται.

2448 2348 2544 2425 ᾯς
2594 2352 2801 2417 φωνὴν
2844 2351 3076 2407 ὑδάτων
3120 2354 3385 2419 πολλῶν,
3426 2357 3520 2410 καί
3571 2356 3649 2421 ὡς
3710 2357 3916 2424 φωνὴν

2362 2438 2627 2505 ,ϐροντῆς
2655 2441 2944 2509 μεγάλης.
2994 2442 3058 2496 Ἥ
3086 2443 3193 2497 τῶν
3229 2444 3433 2499 ὑδάτων
3474 2446 3569 2500 καὶ⁸
3620 2445 3726 2499 τῶν
3759 2447 3919 2515 βρον-

2369 2526 2475 2579 τῶν
2514 2528 2720 2597 καὶτῆς
2753 2530 2979 2601 κιθάρας
3007 2534 3177 2604 φωνὴ,
3205 2533 3266 2588 τὸ
3290 2534 3608 2605 διαπρύσιον
3639 2536 3789 2605 δηλοῖ
3819 2536 3920 2605 τῆς

2368 2612 2477 2665 τῶν
2528 2615 2698 2681 ἁγίων
2729 2616 2998 2687 ὑμνῳδίας
3032 2620 3126 2673 καὶ
3175 2622 3272 2690 τῆς
3317 2622 3585 2691 ἐμμελοῦς
3612 2624 3791 2676 αὐτῶν
3824 2625 3922 2676 καὶ

2370 2704 2564 2773 εὐήχου
2598 2706 2691 2757 καὶ
2724 2708 3013 2776 συμφώνου
3041 2709 3181 2779 ᾠδῆς
3214 2710 3310 2780 τῆς
3349 2713 3528 2765 πᾶσαν
3554 2713 3922 2782 περιηχούσης

2369 2794 2467 2864 τὴν
2502 2796 2609 2848 τῶν
2655 2798 2712 2849 ὲν
2745 2799 2990 2868 οὐρανοῖς
3029 2800 3536 2871 ἀπογεγραμμένων
3591 2803 3921 2873 Ἐκκλησίαν

2371 2890 2727 2954 πρωτοτόκων
2774 2891 2867 2942 καὶ
2916 2893 3218 2962 πανήγυριν
3243 2887 3324 2955 οἷς
3362 2894 3394 2963 ή
3428 2895 3770 2963 πρωτότοκος
3794 2897 3921 2946 Em-

2373 2975 2665 3046 φημίζεται
2698 2978 2905 3047 κλῆσις.
2946 2978 3085 3048 Ἐγὼ
3110 2980 3167 3033 δὲ
3195 2977 3369 3049 οἶμαι,
3412 2984 3493 3035 ὅτι
3522 2982 3641 3035 οὐδὲ
3685 2982 3921 3035 ἀκοῦσαί

716 3088 885 3156 possit
906 3085 1167 3155 quispiam
1221 3081 1345 3135 novi
1380 3086 1570 3131 cantus
1628 3074 1904 3142 mysteria,
1942 3073 2044 3126 nisi
2081 3072 2135 3125 hi
2174 3072 2263 3139 qui

2368 3083 2449 3127 τις
2487 3066 2706 3121 δύναται
2734 3070 2800 3120 τά
2828 3070 2927 3139 τῆς
2962 3072 3155 3139 καινῆς
3187 3072 3327 3141 ᾠδῆς
3365 3077 3655 3144 μυστήρια,
3688 3076 3734 3127 εί
3766 3075 3843 3143 μὴ
3872 3076 3924 3128 οί

717 3192 782 3232 ea
808 3189 1000 3230 canere
1022 3173 1169 3241 digni
1194 3180 1341 3226 sunt.
1373 3168 1577 3236 Cuique
1627 3166 1771 3219 enim
1825 3164 1985 3215 datur
2032 3162 2265 3230 cognitio

716 3268 866 3336 juxta
895 3264 1146 3334 puritatis
1169 3261 1593 3330 proportionem.

790 3351 928 3416 XIV,
960 3352 1011 3414 4,
1042 3350 1094 3403 5.
1129 3350 1195 3401 Hi
1226 3358 1343 3401 sunt
1376 3346 1465 3414 qui
1494 3361 1610 3397 cum
1644 3341 1949 3394 mulieribus
2003 3357 2104 3393 non
2148 3349 2266 3393 sunt

719 3442 1039 3512 roiuquinati
1072 3456 1090 3493 :
1118 3440 1334 3506 virgines
1370 3438 1501 3489 enim
1532 3444 1673 3486 sunt.
1693 3432 1762 3485 lli
1792 3442 1907 3485 sunt
1934 3433 2022 3500 qui
2047 3448 2268 3499 sequun-

719 3544 805 3587 tur
834 3534 1033 3599 Aguum
1075 3543 1375 3597 quocunque
1398 3526 1535 3580 ierit.
1562 3522 1632 3575 Ili
1667 3540 1697 3574 a
1725 3520 1852 3575 Jcsu
1878 3522 2037 3589 empti
2065 3530 2184 3572 sunt
2206 3535 2269 3573 ea:

715 3622 1027 3682 hominibus,
1058 3620 1307 3686 primitiw
1334 3616 1441 3669 Deo
1472 3626 1520 3668 et
1552 3615 1724 3683 Agna,
1756 3622 1803 3665 et
1844 3614 1897 3664 in
1927 3628 2014 3663 ore
2037 3613 2267 3671 ipsorum

718 3732 817 3768 non
872 3723 945 3767 est
1000 3714 1262 3765 intentum
1311 3707 1656 3761 mendacium.
1711 3704 1832 3758 Siue
1877 3703 2085 3755 macula
2131 3703 2265 3753 enim

715 3816 854 3861 sunt.
881 3804 951 3857 lli
977 3812 1093 3857 sunt
1119 3804 1206 3871 qui
1235 3810 1517 3869 sequuntur
1545 3798 1764 3865 Aguum.

783 3978 898 4033 Non
940 3978 1052 4031 hinc
1092 3978 1146 4031 in
1195 3974 1515 4044 vituperium
1581 3969 1911 4024 matrimonii
1986 3969 2259 4020 dicuntur.

717 4070 994 4139 Siquidem
1022 4067 1338 4121 bonorabile
1362 4074 1442 4118 est
1472 4062 1797 4116 connubiqu
1830 4075 1959 4111 :nec
1984 4059 2262 4124 indignum

719 4162 957 4216 redditur
998 4156 1335 4224 c0njugium,
1402 4168 1465 4206 eo
1523 4151 1667 4218 quod
1714 4148 1997 4215 virginitas
2044 4147 2261 4213 dignam

718 4251 973 4317 suscipiat
1005 4248 1239 4301 laudem.
1275 4243 1378 4297 Sed
1437 4242 1691 4310 quoniam
1740 4240 1895 4291 stella
1925 4254 1952 4289 a
1983 4238 2135 4289 stella
2166 4236 2265 4287 dif—

718 4340 892 4393 lertin
927 4338 1117 4407 gloria,
1154 4336 1253 4387 hos
1283 4331 1587 4403 praecellere
1628 4340 1853 4383 caeteros
1892 4329 2266 4381 cvistimamus

721 4443 839 4500 post
877 4428 1062 4497 viginti
1094 4435 1329 4496 quatuor
1362 4423 1626 4484 seniores,
1659 4428 1877 4489 promer
1903 4417 2262 4487 virginitatem
2300 4398 2341 4453 θ

716 4531 767 4574 et
796 4530 899 4571 tam
932 4520 1123 4585 linguae
1166 4530 1326 4583 quam
1364 4526 1620 4564 manuum
1658 4508 2042 4573 innocentiam,
2080 4509 2261 4577 splen-

718 4612 1007 4675 doremque
1042 4606 1317 4667 virtutum,
1352 4617 1508 4670 quem
1562 4609 1681 4670 post
1729 4599 1929 4654 Christi
1973 4598 2260 4652 adventum

721 4702 859 4752 nacti
883 4710 1045 4751 sunt:
1083 4714 1175 4765 per
1206 4710 1363 4764 quem
1396 4696 1555 4747 etiam
1592 4708 1785 4746 novum
1834 4693 2101 4747 docentur
2139 4707 2263 4746 can-

722 4796 907 4855 ticum,
932 4793 1074 4859 quod
1103 4793 1260 4857 vulgo
1284 4788 1614 4857 inc0gnitum
1634 4795 1715 4841 est
1750 4805 1762 4840 :
1793 4803 1896 4839 non
1927 4788 1977 4839 in
2017 4787 2263 4855 pra-senti

723 4894 928 4935 tantum
958 4880 1089 4938 vita,
1114 4877 1206 4930 sed
1236 4877 1393 4928 etiam
1430 4876 1481 4927 in
1502 4874 1682 4927 futuro
1707 4875 1919 4928 smculo.
1945 4874 2262 4939 Quanquam

721 4979 862 5033 enim
893 4972 1128 5042 perfecta
1150 4970 1219 5022 sit
1252 4969 1322 5020 ibi
1349 4966 1746 5035 cognitiojuxta
1776 4964 2108 5033 Apostolum,
2142 4965 2263 5016 uui-

722 5070 915 5136 cuique
951 5074 1125 5117 tamen
1168 5059 1480 5128 rependitur
1520 5059 1753 5126 cognitio
1800 5058 1956 5125 juxta
2011 5057 2261 5123 puritatis

724 5160 982 5227 cujusque
1023 5152 1445 5222 proportionem.

796 5248 867 5299 lli
898 5256 1015 5299 sunt
1050 5248 1137 5313 qui
1159 5252 1442 5311 sequuntur
1470 5244 1692 5309 riguum.
1724 5239 1836 5295 Non
1871 5249 1952 5294 cst
1996 5239 2045 5294 id
2077 5249 2259 5294 osten-

796 5421 839 5451 "
868 5422 1021 5475 ltom.
1050 5436 1122 5484 xi,
1150 5420 1238 5473 ‘25.

801 5574 906 5641 (id)
949 5575 1157 5628 inclusa
1193 5574 1469 5629 omittebat
1503 5573 1587 5627 ed.

2368 3156 2457 3208 τοῦ
2484 3158 2631 3226 ᾅδειν
2687 3158 2826 3211 αὕτά
2861 3160 3171 3228 ἠξιωμένοι.
3218 3163 3459 3234 Ἐκάστῳ
3491 3164 3597 3235 γὰρ
3642 3168 3675 3235 ή
3717 3167 3922 3233 γνῶσις

2369 3248 2510 3299 κατὰ
2536 3248 2634 3315 τὴν
2659 3249 2944 3316 ἀναλογίαν
2967 3252 3062 3319 τῆς
3091 3251 3475 3322 καθαρότητος.

2442 3336 2618 3395 Οὗτοί
2642 3341 2816 3401 εἰσιν,
2856 3339 2911 3392 οἲ
2930 3341 3078 3407 μετὰ
3120 3341 3415 3408 γυναικῶν
3448 3345 3556 3396 οὐκ
3587 3344 3925 3413 ἐμολύνθη-

2369 3442 2489 3479 σαν
2507 3444 2518 3457 ·
2553 3425 2833 3493 παρθένοι
2855 3428 2963 3495 γάρ
2989 3430 3165 3481 εἰσιν.
3199 3425 3374 3484 Οὗτοί
3403 3433 3561 3485 εἰσιν
3587 3436 3640 3484 οἱ
3661 3435 3924 3487 ἀκολου-

2370 3517 2607 3577 θοῦντες
2632 3515 2709 3581 τῷ
2751 3518 2947 3585 Ἀρνίῳ
2999 3518 3149 3572 ὅπου
3181 3520 3287 3573 ἐὰν
3316 3521 3544 3590 ὐπὰγῃο
3576 3518 3742 3579 οὗτοι
3802 3526 3928 3580 ὑπὸ

2382 3605 2584 3672 Ἰησοῦ
2601 3606 3029 3675 ἠγοράσθησαν
3048 3610 3163 3661 ἀπὸ
3186 3608 3301 3662 τῶν
3314 3610 3653 3679 ἁνὸρὼπων,
3674 3615 3926 3685 ἀπαρχὴ

2368 3697 2446 3761 τῷ
2475 3697 2596 3757 Θεῷ
2642 3696 2846 3762 καὶτῷ
2912 3700 3127 3767 Ἀρνίῳ,
3179 3700 3275 3753 καὶ
3303 3704 3415 3770 οὐχ
3464 3704 3673 3769 εὑρέθη
3720 3705 3795 3758 ἐν
3846 3706 3929 3771 τῷ

2366 3789 2611 3855 cremati
2641 3788 2836 3841 αὐτῶν
2868 3790 3089 3857 ψεῦδος
3113 3806 3124 3818 ·
3155 3791 3374 3860 ι’ὶμωμοι
3403 3791 3511 3861 γάρ
3534 3796 3709 3848 εἰσιν.
3742 3791 3931 3850 Οὗτοί

2366 3881 2523 3931 εἰσιν
2549 3882 2602 3931 οἱ
2628 3880 3106 3945 ἀκολουθοῦντες
3131 3882 3208 3945 τῷ
3241 3883 3458 3948 Ἀρνίῳ.

2438 3971 2548 4021 Οὐκ
2581 3971 2940 4039 ἀτιμουμένου
2973 3972 3063 4023 τοῦ
3111 3974 3287 4040 γάμου
3315 3973 3380 4026 τὰ
3427 3976 3689 4043 παρόντα.
3722 3978 3929 4045 Τίμιος

2368 4060 2475 4127 γὰρ
2504 4062 2531 4109 ὁ
2560 4061 2732 4127 γάμος
2755 4076 2767 4088 ·
2795 4061 2887 4110 καὶ
2918 4062 2976 4111 οὐ
3002 4062 3077 4126 τῷ
3104 4060 3399 4126 ἀξιεπαίνῳ
3439 4061 3538 4127 τῆς
3571 4062 3879 4131 παρθενίας
3902 4069 3931 4117 ὁ

2369 4150 2543 4217 γάμος
2577 4150 2865 4202 ὑποδύεται
2895 4152 2953 4202 τὸ
2986 4150 3218 4213 ἀνάξιον,
3259 4151 3374 4201 ἀλλ’
3410 4152 3594 4221 ἐπειδὴ
3620 4153 3714 4205 καὶ
3744 4156 3932 4224 ἀστὴρ

2369 4240 2593 4305 ἀστέρος
2628 4240 2873 4308 διαφέρει
2905 4242 2959 4291 ὲν
2986 4239 3129 4310 δόξῃ,
3150 4240 3369 4301 τούτους
3402 4240 3536 4309 μετὰ
3562 4242 3685 4302 τοὺς
3720 4243 3935 4297 εἰκοσι-

2369 4332 2639 4400 τέσσαρας
2670 4331 3069 4400 πρεσϐυτέρους
3102 4331 3208 4383 τῶν
3234 4331 3434 4385 λοιπῶν
3471 4326 3609 4384 εἶναι
3638 4334 3935 4404 ἡγούμεθα

2372 4422 2723 4491 προῦχοντας,
2760 4424 2847 4473 δια
2877 4439 2935 4473 τε
2963 4423 3060 4490 τὴν
3092 4422 3385 4492 παρθενίαν
3414 4421 3506 4475 καὶ
3533 4422 3589 4475 τὸ
3611 4425 3667 4475 ἐν
3700 4425 3937 4500 γλώσσῃ

2370 4531 2426 4565 τε
2468 4513 2560 4565 καὶ
2595 4514 2651 4565 ὲν
2695 4514 2879 4583 χερσὶν
2932 4514 3180 4583 ἄμωμον,
3217 4514 3351 4581 μετά
3399 4513 3497 4581 τὴν
3533 4514 3625 4565 τοῦ
3678 4517 3934 4585 Χριστοῦ

2374 4606 2673 4674 παρουσίαν
2698 4605 3005 4674 κτωμένους
3038 4606 3136 4673 τὴν
3183 4606 3240 4656 ὲν
3288 4605 3505 4673 ἀρεταῖς
3537 4604 3934 4678 λαμπρότητα,
3966 4604 3971 4613 ’

2372 4695 2436 4746 δι’
2469 4691 2532 4763 ἧς
2564 4696 2657 4746 καὶ
2693 4694 2789 4763 τὴν
2827 4695 3014 4763 καινὴν
3048 4694 3190 4763 ᾠδὴν
3232 4693 3589 4759 διδάσκονται,
3619 4700 3725 4760 τοῖς
3794 4702 3967 4760 πολ-,

2375 4787 2481 4848 λοῖς
2510 4788 2570 4837 οὐ
2613 4788 2773 4855 μόνον
2808 4787 2947 4838 κατά
2984 4786 3073 4838 τὸν
3111 4786 3350 4852 παρόντα
3395 4787 3528 4851 βίον,
3565 4788 3698 4841 ἀλλά
3729 4793 3837 4844 καὶ
3877 4770 3965 4847 ἐν

2373 4877 2449 4943 τῷ
2485 4877 2735 4944 μέλλοντι
2763 4876 2918 4927 αἰῶνι
2947 4874 3234 4939 ἄγνωστον.
3270 4875 3330 4926 Ei
3356 4875 3460 4945 γὰρ
3491 4878 3581 4928 καί
3617 4879 3676 4929 τὸ
3711 4880 3939 4934 τέλειον

2372 4968 2467 5035 τῆς
2503 4968 2755 5033 γνώσεως
2784 4967 2919 5028 ἐκεῖ,
2952 4962 3093 5015 κατά
3120 4964 3212 5015 τὸν
3248 4964 3587 5031 ’Λπόστολον,
3616 4969 3760 5033 ἀλλὰ
3797 4974 3940 5025 ἀνα-

2373 5060 2541 5124 λόγως
2576 5063 2638 5126 τῇ
2698 5057 2888 5109 ἑαυτοῦ
2952 5055 3217 5122 καθάρσει
3258 5058 3466 5129 ἑκάστῳ
3504 5061 3939 5134 ὲφαπλουμένης

2371 5150 2464 5213 τῆς
2501 5147 2771 5210 γνώσεως.

2436 5234 2515 5292 Οὔ
2525 5239 2610 5289 τοί
2632 5238 2853 5289 clatra!
2875 5236 3335 5303 ἀκολουθοῦντες
3353 5238 3431 5303 τῷ
3463 5241 3690 5309 Ἀρνίῳ.
3706 5243 3789 5297 Οὐ
3814 5243 3939 5298 δια-

2463 5566 2571 5634 (Η)
2602 5566 2707 5617 Καὶ
2743 5565 2903 5618 αὑτοῦ
2920 5568 3008 5621 ed.
