4106 6334
206 401 316 465 685

1258 397 1640 462 COMMENT.
1681 396 1762 456 ΙΝ
1800 391 2318 454 APOCALYPSIN.

3311 397 3416 458 686

205 512 384 582 φορὰν
414 511 785 584 παριστῶντος
814 513 907 567 τοῦ
951 514 1179 584 ’Λρνίου,
1214 514 1347 569 ἀλλὰ
1376 515 1436 566 τὸ
1466 514 1602 583 πρὸς
1632 515 1756 580 ἀρε-

1865 503 2042 559 dentis
2081 502 2216 572 Agni
2248 502 2537 556 discrimen
2571 509 2664 556 aut
2698 502 2868 573 ipsius
2895 503 3289 572 excellentiam,
3321 509 3414 562 sed

205 605 307 675 τὴν
331 605 586 674 διάφορον
608 606 894 675 δηλοῦντος
921 607 1010 659 τὸν
1037 607 1136 675 τῆς
1162 607 1449 677 μαθήσεως
1478 610 1576 676 τῆς
1618 607 1757 674 ᾠδῆς

204 695 750 763 κατευτυχησάντων.
782 697 848 747 Οἱ
879 696 975 763 μὲν
1009 696 1114 763 γὰρ
1142 695 1402 764 ἁπλότητι
1445 693 1620 764 ψυχῆς
1667 697 1763 748 καὶ

201 783 408 852 ἀκακία
441 784 918 853 περικροτούμενοι
966 785 1098 850 (42),
1122 783 1430 834 ἀκολουθεῖν
1456 783 1532 849 τῷ
1569 780 1760 850 Ἀρνίῳ

202 874 501 943 ἐπιτήδειοι
545 874 848 942 γεγόνασιν.
884 875 945 928 υἱ
974 875 1027 926 δὲ
1065 871 1455 943 ἀνδρικώτερον
1483 872 1759 939 διακείμε-

201 979 286 1013 νοι
318 962 410 1014 καὶ
440 963 798 1034 λελογισμένῃ
819 964 1056 1015 διαθέσει
1099 959 1624 1031 περιστοιχούμενοι,
1683 958 1760 1027 τῷ

201 1053 533 1120 ἀνδρωθέντι
592 1054 810 1124 Χριστῷ
859 1053 1325 1124 προσηνέχθησαν,
1381 1052 1517 1120 πρός
1580 1069 1636 1102 τε
1693 1052 1761 1102 τὰ

201 1143 378 1211 πάθη,
408 1143 545 1212 πρός
575 1161 633 1195 τε
671 1144 798 1206 τοὺς
821 1145 1115 1213 τυράννους
1136 1143 1198 1195 τὸ
1229 1144 1546 1212 νικητήριον
1578 1141 1762 1194 ἀνελό-

203 1246 360 1297 μενοι
393 1232 613 1299 κράτος.
648 1231 711 1284 Ui
742 1232 836 1284 καὶ
877 1232 964 1285 διὰ
1007 1233 1069 1285 τὸ
1104 1233 1450 1303 μιμήσασθαι
1494 1234 1620 1294 τοὺς
1664 1233 1762 1302 μὲν

199 1321 303 1387 τὴν
333 1322 571 1374 ἀκακίαν
617 1321 851 1391 Χριστοῦ
886 1322 979 1374 τοῦ
1036 1307 1380 1386 διδασκάλου,
1430 1324 1556 1386 τοὺς
1601 1323 1657 1374 δὲ
1701 1323 1762 1374 τὸ

199 1412 428 1478 ἐρνικδν
465 1414 598 1482 πρὸς
647 1415 744 1483 τὴν
780 1414 917 1484 ὑπὲρ
956 1415 1120 1467 αὐτοῦ
1173 1416 1267 1468 τοῦ
1318 1415 1636 1483 διδασκάλου
1667 1415 1760 1469 τοῦ

203 1500 341 1551 ἰδίου
383 1503 611 1570 αἵματος
634 1502 1054 1574 ἔκχυσιν,ὀὓτω
1083 1507 1179 1575 τῆς
1202 1509 1295 1559 ἀπ’
1324 1507 1488 1561 αὑτοῦ
1517 1509 1762 1577 κτήσεως

197 1590 417 1656 ἔτυχον.
451 1592 660 1663 Ὥσπερ
717 1594 774 1646 δὲ
822 1596 920 1664 τῆς
943 1595 1099 1665 δόξης
1169 1597 1223 1649 αἱ
1279 1598 1437 1665 μοναὶ
1494 1598 1805 1666 διὰφοροι,.

197 1678 346 1730 οὕτω
381 1681 474 1733 καὶ
503 1683 792 1747 κολάσεως.
828 1687 916 1739 At?)
935 1687 1028 1738 καὶ
1069 1688 1282 1758 εἴρηται
1318 1688 1378 1739 τὸ
1411 1689 1640 1741 ἕκαστον
1674 1688 1761 1741 τὸν

196 1769 399 1822 ἑαυτοῦ
431 1772 624 1841 μισθὸν
657 1773 920 1846 λήψεσθαι
959 1777 1100 1829 κατὰ
1136 1777 1227 1830 τὸν
1251 1777 1378 1830 ἰδιον
1408 1779 1594 1830 κόπον.

774 1999 1023 2057 ΚΕΦΑΛ.
1098 2002 1189 2059 M'.

193 2128 340 2196 Περὶ
369 2130 628 2199 ἀγγέλου
660 2137 1159 2205 προαγορεύοντος
1188 2136 1301 2202 τὴν
1322 2137 1610 2205 ἐγγύτητα
1655 2137 1760 2204 τῆς

590 2204 840 2267 κρίσεως
872 2203 979 2271 τῆς
1007 2203 1376 2273 μελλούσηςζ

271 2334 384 2385 Καὶ
437 2330 601 2387 εἶδον
640 2335 898 2404 ἄγγελον
925 2339 1252 2406 πετόμενον
1292 2340 1362 2393 ἐν
1390 2342 1759 2409 μεσουρανή-

185 2439 362 2488 ματι,
427 2421 646 2488 ἔχοντα
680 2425 1046 2493 Εὐαγγέλιον
1092 2427 1330 2480 αἰώνιον
1377 2431 1756 2498 εὐαγγελίσαι

190 2511 344 2576 τοὺς
369 2510 740 2580 καθημένους
782 2513 880 2565 ἐπὶ
935 2515 1044 2582 τῆς
1095 2515 1223 2586 γῆς,
1263 2519 1359 2571 καὶ
1403 2520 1524 2576 πᾶν
1560 2522 1754 2588 ἔθνος,

190 2603 293 2653 καὶ
322 2602 552 2669 φυλὴν,
599 2604 694 2656 καὶ
745 2604 1052 2672 γλῶσσαν,
1109 2608 1206 2671 καὶ
1252 2611 1420 2674 λαὸν,
1455 2612 1648 2680 λέγων
1688 2615 1757 2667 ἐν

189 2690 368 2756 φωνῇ
390 2689 656 2758 μεγάλῃ·
704 2692 1000 2760 Φοϐήθητε
1054 2696 1161 2750 τὸν
1206 2699 1440 2765 Κύριον,
1485 2702 1583 2753 καὶ
1623 2703 1757 2756 δότε

189 2779 364 2845 αὐτῷ
397 2781 605 2846 δόξαν,
639 2782 725 2835 ὅτι
751 2779 935 2853 ἦλθεν
973 2786 1011 2853 τ)
1043 2785 1163 2854 ὥρᾳ
1214 2788 1323 2856 τῆς
1365 2791 1616 2857 κρίσεως
1653 2795 1756 2844 αὺ-

192 2871 324 2924 τοῦ.
369 2872 476 2925 Καὶ
523 2873 985 2943 προσκυνήσατε
1013 2877 1218 2941 αὐτὸν,
1272 2882 1377 2931 τὸν
1421 2881 1757 2948 ποιήσαντα

188 2959 303 3011 τὸν
360 2961 616 3027 οὐρανὸν
664 2963 761 3016 καὶ
817 2965 929 3031 τὴν
982 2964 1097 3033 γῆν
1141 2965 1246 3033 ,καὶ
1283 2965 1394 3033 τὴν
1441 2967 1757 3023 θάλασσαν

188 3052 296 3103 καὶ
327 3051 524 3119 πηγὰς
548 3051 798 3106 ὑδάτων.

264 3165 365 3229 Τὸ,
415 3165 827 3236 μεσουράνημα,
893 3167 1074 3236 διττὴν
1113 3170 1295 3238 νόησιν
1361 3173 1598 3240 ἐμποιεῖ.
1650 3176 1757 3230 Καὶ

189 3258 306 3326 γὰρ
337 3257 396 3309 τὸ
419 3256 621 3326 ὑψηλὸν
651 3259 745 3312 καὶ
777 3260 1051 3329 μετέωρον
1078 3262 1169 3314 καὶ
1201 3264 1296 3315 ἀπ’
1324 3264 1575 3333 οὐρανοῦ,
1608 3265 1667 3318 τό
1697 3284 1754 3319 τε

188 3347 687 3418 εὐαγγελιζόμενον
727 3350 822 3403 ὑπ’
866 3351 1050 3417 αὑτοῦ,
1079 3354 1170 3405 καὶ
1219 3355 1378 3417 αὐτὸς
1405 3357 1433 3407 ό
1472 3356 1576 3410 ὑπὸ
1621 3357 1756 3410 Θεοῦ

189 3437 548 3502 ἀποσταλεὶς,
585 3438 680 3492 καὶ
706 3441 788 3493 ὅτι
818 3441 1045 3508 ἤγγικεν
1089 3443 1188 3512 ἤδη
1225 3443 1284 3496 τὸ
1312 3444 1408 3497 ἀπ’
1447 3446 1641 3508 αίῶνος
1669 3448 1756 3498 ἐλ-

191 3529 498 3597 πιζόμενον
545 3533 847 3601 κριτήριον.
889 3535 997 3585 Καὶ
1045 3535 1230 3607 ἐπειδὴ
1286 3538 1551 3608 σωτήριον
1600 3539 1756 3592 τοῦτο

190 3625 311 3685 ’τοῖς
346 3624 410 3675 ὲκ
440 3625 637 3687 παντὸς
666 3626 852 3689 ἔθνους
885 3627 952 3681 τὰ
978 3629 1248 3697 εὐάρεστα
1293 3631 1755 3701 διαπραξαμένοις

189 3713 344 3781 Θεῷ,
391 3713 524 3766 ἀλλὰ
556 3717 650 3769 καὶ
704 3717 937 3785 ἐμφοσον
987 3720 1201 3789 δαίμοσι
1252 3722 1344 3773 κα)ι
1385 3724 1752 3792 ἁμαρτωλοῖς.

171 3785 180 3795 ’
208 3802 523 3868 ’Λμφότερα
545 3804 599 3855 δὲ
629 3805 921 3872 ὑπῃνίξατο
948 3807 980 3873 ὴ
1012 3785 1162 3874 φωνὴ
1188 3809 1321 3876 (45),
1354 3785 1463 3870 τοίς
1495 3785 1591 3877 μὲν
1619 3812 1753 3876 ἀγα-

1863 596 2223 664 praestantiam
2283 593 2349 657 ad
2398 594 2651 650 virtutem
2700 593 3055 663 signiﬁcantis
3108 611 3296 655 eorum
3326 602 3418 666 qui

1865 688 2024 754 hujus
2076 695 2268 740 cantus
2315 686 2659 754 disciplinam
2725 687 2902 755 adepti
2962 697 3087 742 sunt
3146 691 3420 758 :quidam

1862 779 2005 832 enim
2041 777 2234 830 animae
2267 776 2616 844 simplicitate
2664 779 3074 851 etii-nocentia
3116 783 3420 850 conspicui,

1866 867 2040 921 idonei
2078 868 2200 920 laeti
2242 875 2368 920 sunt
2395 866 2485 935 qui
2519 868 2729 935 Agnum
2756 881 3054 936 sequantur
3086 889 3098 923 :
3129 871 3291 940 768
3331 872 3420 923 alii

1866 973 1989 1010 vero
2022 957 2293 1011 robustius
2323 957 2496 1011 aﬂ‘ecti
2519 966 2570 1011 et
2616 959 2974 1014 determinato
3007 968 3285 1030 preposito
3317 965 3420 1014 im—

1867 1047 2003 1110 buti,
2032 1047 2250 1102 Christo
2279 1047 2390 1116 jam
2428 1048 2570 1102 facto
2608 1050 2726 1101 viro
2785 1051 3010 1104 viriliter
3049 1052 3213 1105 oblati
3271 1065 3418 1116 sunt,

1864 1152 2077 1210 sumpto
2102 1142 2349 1196 vincendi
2381 1143 2592 1205 robore,
2640 1152 2749 1194 tntn
2791 1143 3052 1198 adversus
3082 1144 3419 1208 aﬂ'eetiones,

1865 1241 1975 1285 tum
2013 1231 2274 1286 adversus
2309 1245 2564 1303 tyrannos
2596 1251 2608 1287 :
2641 1234 2914 1302 quietiam
2955 1236 3082 1288 dum
3116 1235 3419 1298 imitantur,

1864 1324 1937 1376 illi
2002 1324 2218 1393 quidem
2254 1323 2451 1380 Christi
2507 1325 2854 1393 prmeeptoris
2917 1325 3316 1389 innocentiam,
3367 1328 3419 1380 hi

1863 1423 2039 1467 autem
2063 1414 2203 1482 quod
2232 1414 2354 1482 agni
2383 1422 2627 1482 est,puta
2648 1416 2850 1483 proprii
2891 1415 3173 1484 sanguinis
3202 1416 3420 1469 cil‘usio-

1864 1519 1983 1558 nem
2016 1520 2114 1572 pro
2175 1521 2275 1557 suo
2325 1506 2583 1572 magistro
2663 1507 2736 1559 ita
2792 1505 2963 1574 ipsius
3019 1509 3420 1576 possessionem

1863 1593 2181 1646 sortiuntur.
2220 1592 2684 1658 Quemadmodum
2731 1604 2911 1649 autent
2945 1599 3109 1650 variae
3147 1606 3275 1652 sunt
3307 1598 3423 1665 glo-

1865 1683 1956 1736 ria:
2003 1683 2333 1748 mansiones,
2391 1685 2464 1738 ita
2499 1695 2554 1739 et
2591 1687 2840 1755 supplicii
2875 1703 2890 1740 :
2926 1687 3047 1741 ideo
3093 1703 3310 1756 queque
3340 1690 3424 1740 di-

1863 1786 2008 1826 ctum
2029 1782 2105 1827 est
2129 1776 2270 1842 quod
2297 1777 2668 1847 unusquisque
2696 1794 2847 1832 suam
2870 1779 3099 1848 accipiet
3121 1779 3423 1837 mercedem

1795 1852 1834 1907 Β
1860 1863 2014 1931 juxta
2040 1879 2197 1918 suum
2225 1865 2485 1920 laborem.

2455 2000 2681 2055 CAPUT
2721 2002 2832 2055 XL.

1867 2129 1938 2183 De
1962 2132 2140 2201 angelo
2167 2134 2254 2200 qui
2282 2133 2631 2251 denuntiabat.
2663 2133 3006 2212 propinquum
3031 2150 3141 2187 esse
3180 2135 3416 2202 futurum

2518 2217 2572 2251 tu
2615 2217 2790 2251 ictum.

2508 2217 2790 2268 Juatctum.

1933 2332 2070 2398 XIV,
2103 2336 2154 2398 6,
2198 2335 2247 2390 7.
2285 2333 2352 2386 Et
2383 2337 2487 2387 vidi
2523 2335 2764 2403 angelum
2791 2335 3038 2387 volantem
3075 2352 3164 2403 per
3191 2337 3416 2388 medium

1859 2425 1971 2476 caeli
2004 2424 2276 2477 habentem
2310 2424 2649 2493 Evangelium
2688 2436 2934 2477 a‘ternum
2970 2425 3414 2494 utevangelizurct

1857 2515 2212 2569 habitantibus
2237 2516 2290 2568 in
2317 2526 2475 2580 terra,
2498 2526 2546 2569 et
2571 2516 2712 2568 omni
2741 2517 2899 2585 genti,
2925 2525 2974 2568 et
3001 2516 3183 2579 tribui,
3229 2527 3275 2568 et
3305 2517 3409 2568 lin.

1856 2616 1970 2669 qua:
1997 2611 2045 2654 et
2066 2602 2274 2668 populo,
2305 2603 2480 2658 dicens
2511 2621 2627 2657 vore
2654 2621 2840 2673 magna
2871 2621 2886 2656 :
2924 2603 3113 2656 Timete
3139 2604 3415 2658 Dominum

1856 2700 1905 2743 et
1928 2692 2048 2745 date
2078 2693 2180 2760 ipsi
2210 2693 2459 2762 gloriam,
2486 2696 2609 2763 quia
2635 2697 2768 2748 venit
2796 2697 2926 2748 liora
2951 2698 3147 2764 judicii
3182 2696 3312 2768 ejus.
3348 2697 3412 2748 Et

1858 2782 2076 2836 adorate
2101 2784 2270 2850 ipsum
2305 2788 2393 2852 qui
2439 2786 2561 2853 fecit
2592 2786 2775 2840 ca'lum
2810 2797 2856 2839 et
2896 2797 3087 2839 terram
3117 2796 3163 2839 et
3200 2804 3339 2841 mare
3363 2801 3411 2840 ct

1858 2872 1942 2939 fon
1952 2882 2024 2926 tes
2051 2889 2322 2942 aquarum.

1927 3162 2082 3227 Quod
2113 3163 2311 3218 dicitur
2333 3161 2455 3217 caeli
2484 3173 2739 3227 mentum,
2765 3162 3031 3232 duplicem
3053 3180 3231 3218 secum
3258 3165 3412 3221 aﬁ'ert

1860 3253 2210 3308 intellectum.
2248 3252 2456 3308 Etenim
2499 3253 2875 3308 celsitudinem
2925 3270 2987 3309 ac
3019 3256 3408 3310 sublimitatem

1858 3345 2078 3400 denotat
2109 3360 2123 3397 :
2157 3355 2212 3399 et
2238 3346 2381 3414 quod
2414 3347 2483 3421 sit
2527 3360 2555 3400 a
2610 3348 2772 3409 cmlo,
2806 3355 2914 3400 tam
2981 3348 3031 3400 id
3073 3348 3216 3416 quod
3254 3350 3318 3403 ab
3346 3366 3411 3404 eo

1858 3437 2230 3500 annuntiatur,
2258 3452 2417 3506 quam
2452 3438 2566 3507 ipse
2617 3439 2771 3508 quia
2829 3438 2935 3493 Deo
2991 3441 3190 3495 missus
3249 3451 3330 3497 est
3393 3462 3408 3496 :

1858 3535 2114 3594 przeterea
2143 3525 2285 3594 quod
2312 3525 2422 3595 jam
2449 3527 2728 3582 immineat
2763 3527 2952 3596 judicii
2988 3538 3197 3597 tempus
3221 3546 3409 3599 exspe-

1857 3624 2062 3668 ctatum
2108 3631 2136 3669 a
2179 3617 2397 3671 sarculo.
2452 3617 2514 3670 Et
2551 3633 2659 3671 non
2707 3620 2880 3672 solum
2925 3620 2975 3671 id
3040 3621 3275 3674 salutare
3329 3629 3412 3676 est

1857 3705 1940 3760 his
1965 3707 2055 3774 qui
2117 3723 2184 3761 ex
2239 3707 2385 3761 omni
2424 3718 2581 3777 gente
2619 3711 2824 3776 operati
2872 3719 2997 3763 sunt
3052 3727 3112 3764 ea
3154 3728 3273 3781 qua:
3303 3713 3411 3766 Deo

1856 3796 2086 3864 placent,
2117 3797 2208 3850 sed
2237 3807 2289 3851 et
2316 3806 2575 3853 terrorem
2621 3800 2777 3852 ail‘ert
2811 3800 3149 3856 dazmonibus
3192 3820 3253 3856 ac
3289 3819 3411 3871 pec-

191 3889 314 3950 θοῖς
343 3889 428 3941 διὰ
451 3890 540 3941 τοῦ
575 3892 833 3958 μεγάλου,
863 3893 922 3944 τὸ
957 3895 1292 3963 καταθύμιόν
1339 3893 1476 3948 εἶναι
1514 3902 1610 3966 τὴν
1659 3900 1751 3950 τοῦ

1859 3887 2148 3939 catorihus.
2182 3885 2480 3955 Utrumque
2505 3899 2682 3940 autem
2716 3890 3008 3944 insinuavit
3063 3907 3162 3945 vox
3205 3912 3218 3947 ;
3257 3896 3410 3948 bonis

191 3980 416 4031 δικαίου
443 3981 628 4049 κριτοῦ
662 3984 985 4054 παρουσίαν,
1029 3986 1120 4036 καὶ
1171 3985 1252 4036 δτι
1306 3987 1751 4053 ἀποκαταστήσει
1853 3974 2068 4038 quidem
2104 3989 2199 4041 per
2248 3976 2697 4043 magnitudinem,
2748 3979 2892 4043 quod
2936 3980 3311 4037 desiderabilis
3341 3987 3409 4037 sit

191 4069 399 4132 αὐτοὺς
423 4070 556 4139 πρὸς
581 4069 671 4124 τὸν
702 4072 769 4124 δι’
804 4072 862 4125 ὃν
908 4073 1149 4125 ὲναθλεῖν
1204 4075 1399 4136 αὐτοὺς
1441 4075 1645 4145 ὑπῆρξε
1675 4075 1751 4144 τῷ

1859 4062 2199 4130 iustijudicis
2236 4063 2520 4124 adventus,
2553 4072 2612 4116 et
2656 4066 2798 4131 quod
2839 4067 3134 4121 constituet
3181 4084 3275 4122 eos
3312 4086 3410 4126 co“

199 4161 466 4231 μοχθηρῷ
491 4163 662 4232 τούτῳ
702 4164 800 4233 βίῳ
833 4165 940 4217 τῶν
971 4167 1413 4236 προσταγμάτων
1439 4167 1604 4218 αὐτοῦ
1661 4171 1751 4220 ἁν-

1859 4167 1965 4206 ram
1999 4153 2092 4205 illo
2121 4162 2335 4221 propter
2358 4167 2516 4221 quem
2538 4153 2589 4205 in
2626 4153 2726 4207 hac
2751 4153 3017 4222 ﬂagitiosa
3043 4165 3094 4210 et
3126 4156 3397 4214 laboriosa

193 4253 532 4322 τεκομένοις,
564 4257 677 4315 τοῖς
699 4256 918 4324 δαίμοσι
956 4257 1012 4309 δὲ
1050 4258 1142 4309 καὶ
1173 4260 1286 4318 τοῖς
1312 4257 1405 4308 ὑπ’
1437 4256 1616 4309 αὐτῶν
1656 4259 1747 4310 ἐκ-

1859 4243 1955 4296 rita
1991 4251 2201 4297 certare
2226 4243 2304 4297 eis
2326 4243 2550 4314 contigit
2579 4259 2700 4298 cum
2734 4246 2817 4298 his
2846 4247 2937 4313 qni
2965 4250 3404 4316 repugnantjus-

192 4344 581 4413 ϐακχευθεῖσιν
621 4347 932 4417 ἀνθρώποις
962 4349 1146 4416 φόόον,
1170 4343 1231 4401 οὗ
1267 4349 1402 4420 πρὸς
1429 4349 1747 4418 ἀσφάλειαν,

1859 4334 1926 4388 sis
1965 4334 2082 4402 ejus
2117 4351 2141 4398 ,ε
2167 4334 2503 4388 daemonibus
2554 4349 2683 4389 vero
2738 4344 2790 4389 et
2844 4335 3153 4390 hominibus
3186 4338 3278 4406 qui
3333 4342 3401 4393 ab

191 4435 317 4487 ἀλλ’
367 4437 426 4488 ἐκ
452 4438 776 4502 προσδοκίας
810 4441 917 4492 τῶν
947 4440 1123 4507 ἔργων
1153 4435 1229 4494 ὧν
1252 4440 1513 4512 ἔπραξαν,
1547 4442 1627 4493 διὸ
1658 4442 1749 4493 καὶ

1859 4427 1982 4494 ipsis
2017 4426 2287 4480 terreiacti
2311 4435 2437 4478 sunt
2472 4436 2523 4505 et
2548 4426 2714 4492 illusi,
2747 4427 2993 4480 timorem
3036 4444 3141 4481 non
3178 4431 3240 4484 ad
3271 4446 3402 4484 can-

188 4527 224 4576 ὀ
259 4529 542 4598 προφήτης
573 4530 735 4597 φησίν
760 4545 772 4561 ·
814 4548 832 4582 ι
882 4532 1012 4584 Ἰδοὺ
1038 4531 1242 4600 Κύριος
1266 4531 1505 4601 ἔρχεται,
1539 4534 1632 4585 καὶ
1668 4532 1750 4595 τίς

1859 4520 2050 4571 tionem
2086 4533 2148 4571 ac
2177 4519 2505 4578 ﬁrmitatem,
2557 4519 2647 4571 sed
2679 4526 2894 4587 propter
2944 4522 3398 4587 exspectationem

191 4616 495 4668 ὕποστΰσει
523 4619 734 4686 ἡμέραν
760 4622 962 4674 εἰσόδου
999 4622 1196 4686 αὑτοῦ;
1239 4641 1256 4672 ι

263 4877 377 4930 Καὶ
403 4882 864 4947 προσκυνήσατε
877 4884 1078 4936 αὐτόν.
1108 4883 1357 4942 Ἑνδίκως
1397 4881 1458 4932 τὸ
1477 4882 1570 4951 μὲν
1585 4900 1750 4950 προσ-

188 4969 406 5032 κυνεῖν,
442 4969 517 5030 ὡς
541 4970 778 5039 Ποιητὴν
799 4974 1064 5043 οὐρανίων
1099 4974 1190 5025 καὶ
1224 4972 1477 5039 ἐπιγείων
1506 4974 1598 5024 καὶ
1649 4990 1746 5026 κα-

185 5058 518 5128 ταχθονίων.
558 5061 658 5113 Διὰ
696 5064 793 5132 μὲν
820 5065 927 5134 γὰρ
959 5065 1053 5118 τοῦ
1089 5064 1315 5134 οὐρανοῦ
1367 5065 1456 5116 καὶ
1496 5065 1594 5131 τῆς
1642 5065 1746 5131 γῆς

187 5149 287 5200 καὶ
333 5145 626 5216 θαλάσσης,
651 5152 684 5218 ὴ
732 5153 982 5223 ὁρωμένη
1012 5155 1261 5224 δηλοῦται
1303 5153 1476 5215 κτίσις
1509 5171 1522 5182 ⁸
1557 5152 1640 5204 διὰ
1689 5152 1744 5204 δὲ

187 5242 305 5293 τῶν
343 5241 553 5309 πηγῶν,
579 5243 614 5310 ἡ
661 5242 995 5311 ὺποχθόνιος,
1019 5240 1213 5315 ἄδηλον
1239 5244 1348 5314 γὰρ
1394 5242 1584 5295 ὁπόθεν
1623 5243 1744 5303 ταῖς

189 5332 402 5400 πηγαῖς
432 5331 464 5399 ἡ
507 5329 776 5396 ἀνάδοσις,
809 5331 996 5402 ὥσπερ
1049 5338 1146 5389 καὶ
1190 5335 1255 5388 τὰ
1288 5334 1391 5386 ὑπὸ
1422 5333 1543 5401 γῆν.
1579 5331 1641 5383 Εἰ
1689 5331 1743 5383 δὲ

186 5423 368 5490 τούτῳ
393 5418 632 5483 ἐπαξίως
652 5419 728 5484 ὡς
759 5425 1028 5494 παραιτίῳ
1048 5426 1248 5480 τούτων
1278 5425 1310 5494 ή
1348 5423 1564 5492 δουλικὴ
1615 5422 1744 5498 ὑπό-

256 5604 305 5637 τ’
337 5602 529 5657 Malae.
559 5615 640 5662 nt,
673 5600 725 5653 l.

251 5761 376 5832 (-52)
407 5755 711 5827 Legebatur
751 5754 1255 5824 περικρατούμτνοι,
1297 5757 1515 5826 subjecti
1539 5755 1679 5810 aliis.

1857 4607 2192 4674 repensionis
2222 4623 2446 4676 operum
2479 4625 2598 4675 qure
2624 4609 2886 4662 fecerunt.
2920 4611 3079 4680 769
3112 4612 3232 4665 Ideo
3264 4629 3402 4682 quo-

1854 4713 1960 4764 que
1983 4700 2240 4767 propheta
2263 4699 2390 4750 dicit
2424 4717 2435 4751 :
2469 4717 2487 4748 ‹
2527 4699 2661 4752 Ecce
2696 4700 2954 4754 Dominus
2980 4703 3172 4768 veniet,
3207 4713 3258 4757 et
3282 4706 3403 4774 quis

1855 4789 2143 4842 sustinebit
2172 4789 2312 4840 diem
2353 4789 2629 4854 ingressus
2659 4788 2826 4857 ipsius
2855 4791 2926 4841 τοι
2963 4809 2979 4839 ι

1930 4878 1995 4931 Ει
2025 4879 2241 4931 adorare
2264 4881 2452 4946 ipsum.
2489 4878 2676 4930 Merito
2710 4879 2927 4946 quidem
2963 4879 3137 4948 ipsum
3168 4882 3396 4936 adorare

1850 4970 2002 5037 jubet
2035 4980 2294 5038 tanquam
2326 4969 2635 5023 Creatorem
2671 4970 2994 5034 cmlcstium,
3042 4973 3397 5032 terrestrium.

1853 5077 1915 5114 ac
1935 5063 2427 5114 subterraneorum.
2448 5060 2721 5129 Siquidem
2746 5076 2840 5128 per
2861 5064 3079 5124 cmlum,
3107 5071 3301 5116 terram
3320 5079 3384 5116 ae

1853 5166 2002 5204 mare
2020 5153 2353 5220 signiﬁcatur
2378 5152 2609 5206 visibilis
2632 5164 2901 5217 creatura,
2940 5167 3035 5220 per
3057 5151 3230 5204 fontes
3251 5166 3393 5212 vero,

1854 5245 2202 5298 subterranea
2243 5265 2252 5298 :
2291 5244 2555 5299 incertum
2593 5255 2673 5299 est
2707 5246 2849 5298 enim
2891 5245 3032 5297 umle
3061 5246 3128 5296 sit
3161 5242 3387 5294 forttium

1854 5346 2193 5401 progressus,
2229 5332 2680 5401 quemadmodum
2711 5335 2870 5387 etiam
2912 5346 3096 5386 eorum
3128 5346 3247 5399 qua:
3295 5333 3395 5384 suh

1852 5431 1992 5475 terra
2029 5432 2174 5476 sunt.
2205 5421 2360 5486 Quod
2389 5423 2432 5477 si
2469 5424 2597 5477 huic
2625 5433 2880 5492 tanquam
2917 5421 3140 5476 istorum
3183 5421 3393 5475 auctori

1931 5754 2041 5825 (45)
2074 5753 2168 5809 Ed.
2197 5755 2395 5810 omittit
2425 5757 2457 5825 ή
2491 5758 2660 5826 φωνή.
