4106 6334
754 281 857 343 ὓ87
887 337 890 339 λ

1564 277 1887 337 ARETIL‘E
1914 267 2297 336 ’CxI‘ISAREEE
2343 278 2817 342 CAPPADOCLE
2855 283 3191 346 EPISCOPI

3857 283 3963 347 688

759 391 954 447 merito
986 391 1213 446 debetur
1246 379 1616 445 ministerialis
1669 391 1955 460 subjectio,
1983 391 2125 459 jus-te
2152 393 2312 444 etiam

2422 412 2648 461 πτωσις,
2678 397 2898 461 ἐνδίκως
2927 399 2993 453 ἂν
3015 399 3107 452 καὶ
3131 400 3207 470 τῷ
3247 399 3510 472 ἀλιτηρίῳ
3539 399 3768 470 διαϐόλῳ
3795 401 3828 470 ἡ
3853 399 3968 454 am-

755 485 959 539 exitiali
1015 483 1228 538 diabolo
1263 484 1489 538 debetur
1529 485 1825 554 ignominia
1855 495 1908 540 ct
1937 495 2302 556 contemptus.

1312 595 1539 651 CAPUT
1603 596 1741 651 XLI.

763 711 840 765 De
906 716 1130 765 secundo
1188 711 1370 780 angelo
1425 726 1603 763 casum
1638 709 1922 780 Babylonis
1970 711 2309 779 prwdicante.

826 893 964 960 XIV,
1001 895 1052 946 8.
1084 893 1150 946 Iit
1192 893 1329 946 allus
1357 909 1418 944 ac
1444 893 1698 945 secundus
1729 891 1943 960 angelus
1981 899 2188 943 secutus
2235 899 2312 944 est

756 973 929 1039 dicens
963 1000 980 1038 :
1013 985 1234 1050 Cecidit,
1264 983 1447 1036 cecidi!
1483 981 1712 1052 Babylon
1742 984 1925 1036 civitas
1955 999 2164 1052 magna,
2189 984 2314 1051 quia

756 1081 818 1131 de
848 1080 964 1132 vino
996 1079 1091 1131 ine
1120 1077 1486 1145 fornicationis
1526 1089 1635 1127 suae
1662 1074 1861 1138 potavit
1898 1086 2073 1127 omnes
2111 1081 2309 1143 gentes.

826 1249 1108 1304 Secundus
1167 1264 1278 1302 non
1337 1246 1583 1300 absolute
1618 1246 1687 1299 et
1760 1245 2084 1313 simpliciter
2132 1244 2314 1299 dictus

756 1351 872 1396 est:
901 1342 992 1396 sed
1020 1340 1086 1394 ad
1109 1338 1500 1408 designandum
1519 1336 1804 1405 quodcum
1836 1337 1985 1406 prior
2024 1335 2316 1405 ineepisset

756 1431 1081 1486 comminari
1148 1425 1432 1496 supplicia,
1495 1426 1636 1479 alius
1692 1424 1902 1479 accedit
1950 1424 2174 1494 angelus
2222 1423 2316 1493 qui

761 1525 907 1591 ipsas
969 1519 1306 1573 calamitates
1338 1515 1642 1570 confirmet.
1698 1513 1834 1567 Nam
1875 1513 1979 1566 lioe
2009 1512 2318 1566 manifestat

759 1611 902 1680 quod
935 1610 1135 1662 dicitur
1165 1613 1387 1659 secutus
1419 1602 1609 1657 fuisse.
1670 1602 1736 1657 Et
1775 1619 1896 1672 qua:
1929 1602 2319 1672 consequentia

759 1698 1005 1753 oraculi?
1067 1695 1264 1749 Cecidit
1326 1691 1561 1759 Babylon
1617 1706 1826 1760 magna.
1894 1692 2024 1744 Post
2062 1699 2314 1744 eventum

760 1791 902 1844 enim
940 1803 1124 1842 eorum
1153 1801 1270 1854 qua:
1305 1782 1624 1836 annuntiata
1675 1791 1820 1848 sunt,
1862 1781 1997 1835 nihil
2027 1782 2172 1835 aliud
2227 1781 2319 1835 de-

765 1882 1127 1943 siderabatur,
1165 1892 1326 1945 quam
1360 1875 1504 1944 quod
1536 1887 1642 1927 non
1673 1874 1853 1928 omnis
1902 1871 2153 1927 confusio
2194 1874 2316 1927 vita:

761 1969 1042 2042 praesentis
1072 1983 1166 2036 per
1184 1981 1368 2020 casum
1394 1966 1671 2034 designata
1699 1974 1832 2017 erat.
1859 1963 1994 2017 Nam
2023 1962 2150 2032 quid
2175 1963 2317 2017 aliud

761 2063 1096 2115 demonstrat
1165 2055 1363 2110 casus?
1417 2053 1874 2122 quemadmodum
1915 2068 2091 2121 neque
2140 2052 2315 2123 Baby-

760 2155 852 2207 lon
883 2150 1026 2205 aliud
1066 2148 1311 2216 designat
1352 2161 1516 2213 quam
1565 2144 1962 2199 confusionem.
1995 2144 2060 2197 Et
2088 2160 2208 2213 quae
2235 2143 2317 2197 di-

760 2241 900 2296 citur
932 2237 1210 2306 Babylon?
1235 2234 1350 2289 Non
1385 2235 1488 2287 alia
1514 2249 1674 2302 quam
1696 2233 1783 2287 hic
1814 2235 2126 2302 corruptilis
2158 2249 2316 2286 mun-

761 2334 863 2386 dus
901 2347 914 2383 :
944 2329 1090 2398 quod
1125 2327 1372 2379 videlicet
1397 2326 1509 2378 haec
1544 2323 1775 2392 Babylon
1812 2338 1918 2376 non
1947 2324 2158 2377 aliunde
2185 2324 2321 2378 ceci-

763 2422 925 2486 derit,
989 2433 1150 2487 quam
1183 2433 1247 2470 cx
1294 2430 1358 2469 eo
1385 2425 1526 2468 statu
1566 2428 1670 2482 quo
1723 2414 1858 2468 alios
1918 2415 2316 2482 corrumpebat.

762 2509 1200 2565 Fornicationem
1236 2521 1361 2560 vero
1393 2520 1498 2558 non
1540 2506 1714 2559 solum
1764 2504 1997 2573 appellat
2041 2505 2319 2573 Scriptura

762 2602 992 2659 masculi
1047 2615 1172 2655 curn
1217 2597 1416 2652 femina
1455 2597 1788 2664 impudicum
1827 2596 2196 2659 concubitum,
2227 2599 2319 2649 sed

761 2705 814 2750 ct
841 2707 1055 2749 omnem
1116 2706 1146 2745 a
1179 2690 1322 2744 bono
1373 2687 1800 2742 declinationem
1843 2704 1855 2738 :
1901 2686 1946 2740 si
1988 2701 2176 2740 verum
2238 2695 2321 2739 est

762 2782 908 2853 quod
937 2780 1215 2843 scribitur,
1249 2795 1268 2830 ι
1305 2775 1590 2831 Perdidisti
1643 2789 1857 2830 omnem
1892 2776 1982 2846 qui
2021 2776 2322 2830 fornicatur

761 2875 857 2929 abs
875 2884 927 2926 te
942 2873 1040 2925 ⁸ο.»
1063 2869 1326 2939 Quodque
1357 2869 1573 2923 nomine
1588 2867 1878 2936 Babylonis
1908 2867 2141 2922 mundus
2169 2877 2319 2922 tran-

761 2963 1032 3031 sumptive
1072 2960 1408 3029 significatus
1433 2958 1524 3024 sit,
1570 2956 1818 3028 designat
1868 2955 2038 3012 dictio
2101 2973 2317 3028 magna,

2414 489 2510 558 μία
2538 491 2630 542 καὶ⁸
2649 488 3008 554 ὲξουδένωσις.

2966 599 3219 654 ΚΕΦΑΛ.
3257 601 3387 656 MA'.

2413 703 2549 770 Περὶ
2578 702 2857 774 δευτέρου
2886 706 3166 793 ἀγγέλου,
3201 710 3315 776 τὴν
3347 710 3579 765 πτῶσιν
3615 708 3969 774 Βαϐυλῶνος

2982 794 3422 844 κηρυσσοντος.

2481 885 2588 938 Καὶ
2619 885 2806 950 ἄλλος
2842 887 3117 955 δεύτερος
3154 891 3411 959 ἅγγελος
3459 892 3841 958 ἠκολούθησε
3877 890 3972 943 .λέ-

2414 991 2562 1043 γων·
2597 976 2872 1040 Ἔπεσεν,
2896 977 3136 1045 ἔπεσεν,
3165 980 3453 1033 Βαϐυλὼν
3496 981 3535 1047 ἡ
3567 981 3744 1044 πόλις
3785 982 3823 1046 ἠ
3877 997 3972 1046 με·

2416 1063 2592 1132 γὰλη,
2617 1063 2706 1117 ὅτι
2733 1065 2803 1118 ἐκ
2831 1066 2936 1120 τοῦ
2962 1067 3130 1122 οἴνου
3163 1069 3270 1122 τοῦ
3307 1069 3500 1138 θυμοῦ
3547 1069 3656 1135 τῆς
3694 1071 3976 1138 πορνείας

2415 1152 2602 1219 αὐτῆς
2623 1156 2903 1209 πεπότικε
2927 1156 3122 1210 πάντα
3144 1160 3215 1212 τὰ
3245 1161 3409 1226 ἔθνη.

2487 1244 2559 1297 Τὸ
2592 1244 2843 1316 δεύτερον
2874 1248 2971 1316 οὐχ
3010 1249 3198 1312 ἁπλῶς
3221 1250 3432 1320 εἴρηται
3459 1266 3470 1279 ·
3500 1250 3614 1304 ἀλλ’
3641 1251 3720 1314 εἰς
3746 1250 3974 1319 δήλωσιν

2416 1333 2511 1387 τοῦ
2555 1334 2919 1406 ὲναρξαμένου
2948 1338 3057 1394 τῶν
3099 1341 3484 1412 τιμωρητικῶν
3530 1341 3792 1402 ἀπειλῶν,
3821 1339 3975 1402 ἄλλος

2417 1423 2647 1491 ἄγγελος
2685 1426 2785 1488 τὰς
2831 1427 2996 1488 αὐτὰς
3043 1430 3429 1500 ἐπιρρωννύων
3481 1433 3769 1502 συμφορὰς
3804 1449 3976 1502 παρα-

2418 1514 2624 1580 γέγονε.
2669 1514 2839 1570 Τοῦτο
2895 1517 3004 1588 γὰρ
3058 1520 3426 1589 παρεμφαίνει
3478 1522 3539 1574 τὸ
3590 1522 3973 1590 ἀκολουθῆσαι.

2420 1601 2554 1674 [Καὶ
2571 1605 2621 1656 τί
2652 1606 2710 1658 τὸ
2747 1607 3035 1661 ἀκόλουθον
3067 1609 3158 1662 τοῦ
3191 1613 3575 1680 χρηματισμοῦ
3601 1615 3979 1679 ;ἝπεσεΒα-

2350 1733 2392 1789 Β
2421 1695 2622 1747 συλὼν
2653 1697 2690 1763 ἡ
2739 1698 2970 1766 μεγάλη
3024 1699 3158 1770 (14)]
3184 1715 3198 1729 ·
3237 1701 3327 1752 ἐπὶ
3366 1700 3474 1770 γὰρ
3496 1705 3559 1771 τῇ
3605 1703 3829 1754 ἐκϐάσει
3873 1703 3979 1754 τῶν

2420 1786 2867 1855 ἀπηγγελμένων,
2890 1789 3041 1843 οὐδὲν
3071 1790 3207 1860 πρὸς
3250 1791 3536 1860 ὑστέρησιν
3559 1794 3651 1843 τοῦ
3684 1793 3761 1860 μὴ
3801 1795 3976 1844 πᾶσαν

2419 1878 2517 1947 τὴν
2530 1877 2622 1930 τοῦ
2651 1882 2915 1949 παρόντος
2938 1880 3052 1950 βίου
3079 1883 3343 1952 σύγχυσιν
3363 1881 3564 1935 πτώσει
3585 1883 3976 1951 ὑποϐληθῆναι,

2421 1968 2485 2020 Τί
2505 1968 2612 2038 γὰρ
2641 1968 2706 2021 ἂν
2737 1970 2864 2024 ἄλλο
2888 1973 2921 2041 ἡ
2960 1972 3168 2034 πτῶσις
3187 1975 3540 2044 παραστήσῃ;
3568 1973 3754 2044 ὥσπερ
3783 1973 3906 2025 οὐδὲ
3947 1976 3978 2042 ἡ

2421 2058 2696 2122 Βαϐυλὼν,
2732 2061 2884 2112 οὐδὲν
2905 2062 3109 2134 Δἕτερον
3139 2064 3287 2134 εἰμὴ
3315 2064 3411 2133 τὴν
3439 2065 3719 2134 σύγχυσιν.
3756 2065 3870 2119 Καὶ
3899 2069 3981 2128 τίς

2421 2151 2453 2217 ἡ
2481 2149 2771 2217 Βαϐυλών;
2830 2153 2944 2207 Οὐκ
2988 2156 3143 2224 ἄλλη,
3174 2156 3206 2226 ἢ
3243 2150 3396 2219 οὗτος
3431 2159 3459 2209 ὁ
3494 2157 3728 2226 φθαρτὸς
3757 2157 3982 2227 κόσμος,

2421 2241 2626 2311 ταύτης
2658 2243 2856 2314 δηλαδὴ
2885 2247 2981 2314 τῆς
3043 2247 3361 2309 Βαϐυλῶνος
3405 2246 3506 2300 οὐκ
3548 2247 3769 2302 ἄλλοθέν
3818 2247 3981 2302 ποθεν

2422 2334 2887 2405 κατασεισθείσης,
2912 2336 2943 2406 ἤ
2973 2336 3066 2389 τοῦ
3097 2338 3332 2409 ὲξιστᾷν.
3363 2340 3624 2408 Πορνεεαν
3652 2339 3706 2393 δὲ
3740 2338 3801 2391 οὗ
3826 2339 3985 2408 μόνον

2421 2418 2558 2475 οἶδεν
2583 2425 2615 2492 ἡ
2644 2425 2832 2495 Γραφὴ
2850 2428 2948 2496 τὴν
2977 2429 3112 2496 πρὸς
3137 2430 3196 2480 τὸ
3235 2430 3366 2500 θῆλυ
3389 2431 3482 2483 τοῦ
3513 2431 3740 2501 ἄρῤενος
3778 2431 3984 2497 ἀσελγῆ

2424 2514 2744 2585 συνδρομὴν,
2776 2517 2908 2569 ἀλλὰ
2957 2519 3050 2571 καὶ
3087 2523 3266 2572 πᾶσαν
3330 2523 3428 2591 τὴν
3477 2524 3584 2575 ἀπὸ
3634 2522 3725 2574 τοῦ
3779 2521 3986 2588 ἀγαθοῦ

2423 2599 2687 2665 ἔκκλισιν,
2727 2606 2841 2670 εἴγε
2877 2607 3063 2658 πιστὸν
3119 2610 3198 2672 τὸ,
3243 2629 3259 2658 ι
3325 2611 3757 2682 Ἑξωλόθρευσας
3809 2613 3987 2664 πάντα

2421 2693 2513 2742 τὸν
2564 2693 2891 2760 πορνεύοντα
2939 2696 3047 2749 ἀπὸ
3100 2697 3215 2751 σοῦ.
3251 2718 3268 2749 ι
3307 2700 3415 2751 Καὶ
3443 2700 3524 2753 ὃτι
3555 2700 3651 2770 μὲν
3693 2701 3774 2763 εἰς
3811 2701 3988 2752 Batia-

2422 2786 2565 2839 λῶνα
2600 2791 2627 2840 ὁ
2653 2790 2854 2858 κόσμος
2876 2794 3224 2862 μετείληπται
3245 2793 3396 2863 δηλοῖ
3413 2796 3492 2858 τὸ,
3519 2792 3775 2863 μεγάλη,
3816 2808 3986 2861 προσ-

2422 2879 2722 2947 τιθέμενον·
2756 2883 2814 2934 οὑ
2848 2885 2981 2953 πρὸς
3022 2885 3422 2957 ἀντιδιαστολὴν
3459 2889 3568 2956 γὰρ
3617 2886 3843 2956 μικρᾶς,
3873 2881 3988 2934 ἀλλ’

2423 2971 2553 3023 αὐτὸ
2574 2973 2633 3024 τὸ
2648 2973 2706 3024 ὃν
2726 2977 3131 3045 εἰσηγούμενον.
3165 2977 3225 3030 Εἰ
3242 2978 3297 3031 δὲ
3311 2978 3404 3031 καὶ
3435 2977 3568 3048 πρὸς
3590 2978 3685 3045 τὴν
3707 2974 3987 3028 Χαλδαίαν

765 3069 886 3121 qua:
935 3051 1306 3121 subjungitur,
1365 3064 1540 3120 neque
1595 3050 1740 3104 enim
1771 3048 1989 3117 ponitur
2036 3049 2101 3103 ad
2130 3052 2323 3105 distin-

2427 3062 2716 3119 Βαϐυλῶνά
2763 3084 2842 3129 τις
2878 3069 3228 3123 κατευθύνειν
3278 3069 3450 3122 ἐθέλει
3492 3069 3581 3120 τὸν
3625 3065 3805 3134 λόγον,
3838 3066 3991 3118 οὐδὲν

762 3141 999 3196 ctionem
1032 3153 1230 3208 parvae,
1259 3137 1350 3191 sed
1375 3138 1440 3191 ad
1476 3136 1777 3192 docendum
1805 3137 1935 3206 quid
1960 3138 2050 3192 sit.
2112 3137 2318 3203 Quodsi

765 3231 832 3282 ad
860 3229 1185 3297 Babylonem
1211 3242 1331 3295 quae
1355 3227 1408 3279 in
1451 3225 1702 3279 Cbaldma
1747 3233 1831 3278 est
1861 3224 2063 3279 referre
2089 3229 2319 3283 \oluerit

766 3318 928 3387 77o
962 3318 1231 3386 quispiam
1281 3331 1611 3378 sermonem,
1672 3315 1805 3367 nihil
1855 3315 2052 3368 referet
2103 3317 2148 3369 si
2207 3326 2315 3371 tam

766 3408 936 3461 multa
969 3421 1090 3474 quae
1117 3414 1426 3473 competunt
1482 3403 1707 3466 mundo,
1758 3405 1824 3457 ad
1865 3404 2011 3459 illius
2063 3408 2320 3463 imitatio-

2425 3153 2614 3207 διοίσει
2642 3155 2720 3225 τῷ
2753 3159 2895 3210 κατὰ
2943 3157 3102 3227 ζῆλον
3135 3161 3349 3229 ἐκείνης
3399 3159 3756 3229 ματαιωθέντι
3798 3157 3992 3224 κόσμῳ

2428 3245 2667 3298 τοσαῦτα
2692 3251 3083 3318 συνηντηκότα,
3113 3252 3280 3319 αὐτὴν
3305 3252 3520 3319 ἐκείνην
3539 3251 3635 3320 τὴν
3676 3250 3993 3318 ἀρχέτυπον

2429 3332 2748 3401 ὑποστῆναι,
2774 3335 2934 3404 εἴπερ
2960 3338 3095 3406 πρὸς
3116 3339 3175 3390 τὸ
3207 3339 3376 3391 αῐτιον
3415 3340 3522 3391 πᾶν
3561 3339 3624 3389 τὸ
3649 3337 3732 3389 ἐπ’
3777 3335 3992 3388 ἐκείνου

2429 3435 2491 3469 συ
2500 3420 2723 3488 μϐαἶνον
2744 3425 3093 3493 ἀναφέρεται.
3512 3418 3516 3424 ’

766 3514 889 3552 nem
944 3512 1081 3550 vano
1135 3497 1344 3561 ell‘ecto,
1397 3497 1539 3550 illam
1577 3498 1745 3566 ipsam
1812 3498 2160 3568 principalem
2215 3505 2519 3578 designent,
2571 3516 2614 3569 si
2657 3517 2720 3570 ad
2772 3535 2993 3574 causam
3060 3523 3321 3592 quidquid
3385 3524 3435 3576 in
3495 3524 3587 3577 illo
3650 3520 3886 3590 Contigit
3912 3534 3994 3573 re-

766 3589 992 3642 feratur.

1319 3695 1542 3751 CAPUT
1614 3697 1767 3753 XLII.

769 3811 848 3865 Dc
883 3809 1038 3865 tertio
1069 3810 1252 3880 angelo
1298 3810 1560 3864 munientc
1596 3815 1842 3880 populum
1880 3814 2090 3869 Domini
2119 3834 2180 3869 ne
2203 3836 2321 3873 sus-

1239 3880 1428 3947 ciperet
1463 3883 1863 3937 Antichristum.

837 4014 976 4079 XIV,
1006 4015 1129 4069 8-H
1167 4013 1235 4067 Et
1269 4017 1451 4068 tertius
1483 4016 1695 4084 angelus
1727 4029 1931 4072 secutus
1963 4032 2038 4074 est
2088 4037 2195 4083 cos,
2239 4025 2320 4075 di-

769 4123 884 4160 cens
910 4121 1026 4159 roce
1062 4120 1252 4173 magna
1301 4119 1318 4156 .'
1373 4102 1433 4157 Si
1487 4107 1602 4172 quis
1656 4106 1952 4161 adorat-erit
2006 4112 2220 4161 bestiam
2273 4121 2322 4162 et

769 4198 1021 4266 imagines
1047 4195 1181 4263 ejus,
1216 4203 1263 4246 et
1291 4194 1548 4260 acceperit
1573 4197 1928 4248 characterem
1952 4199 2004 4249 in
2041 4198 2207 4263 fronte
2229 4217 2322 4253 sua

2988 3721 3236 3774 ΚΕΦΛΛ.
3291 3721 3421 3775 MB’.

2424 3828 2563 3903 Περὶ
2606 3829 3108 3903 τρίτου-ἀγγέλου
3159 3834 3636 3903 ἀσφαλιζομένου
3711 3839 3824 3892 τὸν
3889 3842 3995 3896 τοῦ

2464 3901 2688 3966 Κυρίου
2718 3899 2891 3962 Julii-3
2913 3902 2998 3970 μὴ
3020 3899 3304 3967 δέξασθαι
3362 3899 3466 3959 τὸν
3508 3906 3664 3959 Ἀντί
3665 3924 3945 3974 χριστον,

2502 4036 2609 4087 Kal
2644 4039 2838 4102 τρίτος
2853 4037 3104 4104 ἄγγελος
3126 4040 3544 4104 ἠκολούθησεν
3565 4041 3770 4106 αὐτοῖς
3800 4044 4000 4110 λέγων

2432 4122 2500 4172 ἐν
2524 4122 2691 4189 φωνῇ
2721 4126 2952 4191 μεγάλῃ
2986 4143 2998 4154 ·
3039 4127 3109 4178 Εἴ
3157 4144 3244 4191 τις
3283 4129 3617 4192 προσκυνεῖ
3660 4131 3727 4182 τὸ
3785 4134 4001 4200 θηρίον

2433 4212 2526 4262 καὶ
2581 4213 2692 4278 τὴν
2737 4216 2937 4267 εἰκόνα
2984 4215 3188 4280 αὑτοῦ,
3227 4217 3324 4268 καὶ
3373 4219 3658 4286 λαμϐάνει
3717 4221 4001 4291 χάραγμα

769 4291 938 4340 autin
986 4301 1144 4337 manu
1178 4298 1297 4346 sua,
1350 4284 1455 4350 ipse
1510 4299 1710 4352 quoque
1762 4287 1893 4338 bibet
1959 4293 2020 4340 de
2068 4291 2181 4342 vino
2236 4294 2328 4345 ira:

2431 4301 2529 4352 ἐπὶ
2563 4302 2666 4354 τοῦ
2692 4303 2965 4369 μετώπου
2999 4306 3183 4359 αὐτοῦ
3213 4307 3250 4373 ἣ
3289 4307 3387 4359 ἐπὶ
3432 4309 3544 4375 τὴν
3571 4309 3737 4377 χεζοα
3783 4315 3996 4375 αὑτοῦ,

772 4377 887 4436 Dei,
919 4373 1054 4439 Quod
1089 4374 1298 4424 mistum
1335 4381 1409 4424 est
1443 4389 1582 4426 mero
1609 4375 1661 4425 in
1703 4385 1902 4429 cratere
1934 4378 2030 4431 ira:
2055 4380 2217 4448 ipsius
2238 4392 2324 4435 :et

770 4461 1093 4514 crnciabitur
1120 4461 1235 4529 igne
1265 4469 1314 4511 et
1343 4461 1588 4528 sulphure
1630 4477 1807 4515 coram
1834 4467 2030 4520 sanctis
2053 4472 2248 4539 angelis
2277 4482 2324 4524 et

771 4568 947 4603 corum
969 4552 1114 4619 Agno
1138 4565 1154 4602 :
1175 4558 1222 4602 et
1242 4550 1680 4613 fumustormenti
1706 4556 1817 4623 ejus
1858 4558 1910 4609 in
1939 4561 2129 4612 sa'cula
2162 4578 2324 4615 saecu-

770 4645 942 4693 lcrum
974 4638 1312 4693 ascendet.Et
1353 4657 1453 4693 non
1486 4643 1675 4695 habent
1711 4647 1936 4714 requiem
1975 4649 2058 4703 die
2081 4667 2143 4702 ae
2180 4662 2325 4706 nocte

768 4732 856 4800 qui
888 4732 1111 4782 adorant
1147 4731 1358 4783 bestiam
1385 4742 1431 4784 et
1477 4733 1756 4803 imaginem
1782 4738 1916 4806 ejus,
1956 4749 2004 4792 et
2033 4742 2323 4812 quicunque

771 4821 954 4889 accipit
994 4820 1337 4872 characterem
1373 4825 1598 4877 nominis
1632 4828 1762 4893 ejus.

2431 4390 2527 4442 καὶ
2560 4392 2741 4456 αὐτὸς
2778 4394 2970 4446 πίεται
3015 4395 3080 4448 ἐκ
3115 4395 3220 4448 τοῦ
3275 4398 3446 4450 οἴνου
3488 4399 3593 4452 τοῦ
3633 4400 3832 4469 θυμοῦ
3893 4406 3998 4457 τοῦ

2435 4482 2581 4535 Θεοῦ
2607 4483 2712 4536 τοῦ
2757 4486 3198 4555 κεκερασμένου
3231 4487 3492 4555 ἀκράτου
3519 4491 3588 4543 ἐν
3620 4489 3698 4556 τῷ
3727 4495 4002 4560 ποτηρίῳ

2434 4568 2540 4633 τῆς
2579 4570 2758 4638 ὀργῆς
2789 4575 2992 4651 αὐτοῦ.
3025 4577 3133 4632 Kal
3176 4577 3696 4645 ,βασανισθήσεται
3731 4583 3808 4635 ἐν
3857 4586 4000 4651 :rvpl

2432 4660 2528 4711 καὶ
2563 4663 2696 4725 θείῳ
2725 4650 2977 4717 ἐνώπιον
3008 4665 3124 4718 τῶν
3154 4666 3336 4734 ἁγίων
3373 4669 3659 4738 ἀγγέλων,
3692 4674 3796 4727 καὶ
3852 4650 4018 4728 ὲνῶπ

2431 4763 2571 4800 πιον
2588 4751 2691 4802 τοῦ
2731 4753 2962 4820 Ἀρνίου
2991 4772 3005 4786 ·
3029 4754 3124 4807 καὶ
3152 4757 3183 4807 d
3205 4758 3432 4823 καπνὸς
3464 4759 3568 4812 τοῦ
3591 4761 3996 4833 βασανισμοῦ

2429 4839 2616 4891 αὐτοῦ
2673 4844 2758 4906 εἰς
2815 4844 2998 4896 αἰῶνα
3051 4845 3276 4898 αἰώνων
3335 4849 3655 4908 ἀναϐαίνει.
3703 4859 3818 4910 Kal
3887 4862 3996 4909 οὐκ

770 4917 1016 4982 ἔχουσιν
1039 4912 1382 4966 ἀνάπαυσιν
1410 4917 1629 4984 ἡμέρας
1657 4922 1751 4974 καὶ
1804 4926 2020 4989 νυκτὸς
2100 4931 2151 4979 cl
2197 4931 2682 4998 προσκυνοῦντες
2730 4936 2795 4988 τὸ
2828 4938 3033 5004 θηρίον
3100 4939 3196 4990 καὶ
3239 4938 3353 5006 τὴν
3379 4944 3582 4998 εἰκόνα
3625 4950 3846 5013 αὑτοῦ,
3888 4949 3989 5000 καὶ

771 5009 823 5062 εἴ
849 5025 938 5070 τις
970 5008 1254 5076 λαμϐάνει
1281 5008 1344 5059 τὸ
1373 5009 1641 5078 χάραγμα
1674 5015 1777 5067 τοῦ
1799 5017 2083 5085 ὀνόματος
2113 5022 2320 5074 αὑτοῦ.

848 5103 1011 5172 Sequi
1056 5102 1225 5168 dixit,
1246 5103 1420 5186 quasi
1457 5104 1764 5173 significare
1790 5109 1974 5164 volens
1998 5112 2324 5167 eontinuita-

773 5209 878 5249 tem
903 5205 956 5249 et
985 5195 1444 5249 inevitabilitatem
1479 5211 1539 5250 ac
1573 5199 1938 5254 severitatem.
1993 5204 2188 5274 Magna
2225 5222 2323 5260 au-

773 5300 875 5341 tem
908 5303 1010 5341 vox
1053 5287 1358 5342 immissum
1396 5296 1655 5343 terrorem
1694 5291 1959 5362 designat,
1993 5302 2045 5349 et
2080 5299 2221 5366 quod
2254 5316 2317 5353 ea

836 5460 881 5493 ⁸³
905 5463 1042 5516 Psal.
1071 5480 1234 5528 LXXII,
1267 5464 1354 5517 97.

846 5612 955 5680 (4i)
988 5612 1192 5670 Inclusa
1227 5621 1502 5676 omittebat
1527 5621 1613 5675 ed.

2454 5145 2457 5147 -
2498 5117 2570 5169 Τὸ
2623 5117 2934 5169 ἀκολουθεῖν
2967 5117 3206 5187 εἴρηκεν,
3250 5119 3324 5184 ὠς
3347 5122 3406 5175 τὸ
3446 5130 3668 5196 συνεχὲς
3695 5132 3791 5182 καὶ
3841 5134 4002 5187 ἀδιά-

2427 5224 2664 5260 σπαστον
2701 5210 2792 5261 καὶ
2831 5208 3105 5262 ἁνένδοτον
3137 5211 3456 5283 βουλόμενος
3510 5223 3806 5291 παριστᾷν.
3857 5224 3924 5276 Ἤ
3947 5227 4001 5277 δὲ

2428 5301 2639 5371 μεγάλη
2686 5301 2836 5370 φωνὴ
2891 5301 2951 5353 τὸ
2982 5303 3344 5374 ἐκπληκτικὸν
3370 5311 3462 5363 καὶ
3484 5312 3543 5365 τὸ
3565 5313 3653 5368 διὰ
3678 5317 3870 5388 πάσης
3903 5335 4001 5387 χω-
