4126 6332
166 301 251 362 693
1180 305 1563 367 COMMENT.
1607 306 1688 366 IN
1728 304 2228 365 APOCALYPSIN

3233 293 3337 355 694

165 411 241 461 καὶ
266 409 374 478 ἥξει
420 409 501 471 εἰς
538 409 810 478 Αἴγυπτον
832 424 844 439 ·
883 429 901 462 ι
934 411 997 465 ὲκ
1023 411 1125 480 γῆς
1156 413 1255 480 μὲν
1318 410 1430 465 οἷον
1460 413 1685 481 ὲξατμι-
1716 457 1724 470 ,

1791 411 1840 462 in
1870 407 2160 477 Egyptum
2184 408 2225 437 ⁸¹
2260 424 2272 459 :
2314 425 2331 457 ι
2373 407 2438 459 de
2500 413 2641 460 terra
2672 403 2889 473 quidem
2944 399 3108 454 veluti
3145 414 3334 467 evapo.

166 501 373 563 σθεῖσαν,
405 501 676 567 τουτέστι,
709 503 986 572 περιγείου
1014 502 1323 572 παχύτητος
1370 502 1686 572 ἀποδράσαο

165 606 263 641 σαν.
291 588 568 659 Κουφότηε,
592 591 647 643 δὲ
671 594 789 654 ταῖς
805 593 1217 663 οὐρανοδρόμοις
1236 594 1454 664 ἀρετατς
1481 609 1686 662 κατηρ-

164 679 360 747 τισμένη
384 680 692 733 ἀποδίδοται
715 683 792 751 τῷ
821 682 888 735 δι’
927 684 1095 754 αὐτῆς
1135 685 1437 752 ἐνδημῆσαι
1467 682 1558 735 τὸν
1595 682 1686 734 τοῦ

163 767 274 820 Θεοῦ
301 768 422 822 Υίὸν
449 770 868 841 εὐμοιρήσαντα.
902 773 970 824 Ἦ
996 774 1224 842 νεφέλην
1243 773 1544 843 ἀγγελικήν
1567 789 1688 825 τινα

162 857 361 925 δύναμιν
392 858 480 912 διά
512 859 573 912 τὸ
602 860 857 929 καθάριον
887 860 996 929 (47)
1028 863 1124 914 καὶ
1164 862 1565 932 μετεωρότερον
1590 864 1689 931 τῆς

161 945 430 1016 ἀτγελικῆς
466 947 704 1016 φύσεως,
737 950 866 1018 παρ’
896 949 924 1001 δ
959 950 1051 1002 καὶ
1068 948 1256 1002 λευκὸν
1283 946 1442 1002 εῖναι.

220 1119 404 1184 Ἐ’χων
429 1117 528 1170 ἐπὶ
565 1115 668 1184 τῆς
695 1115 962 1185 κεφαλῆς
994 1117 1181 1171 αὑτοῦ
1215 1117 1516 1185 στέφανον
1541 1137 1687 1186 χρυ-

160 1208 311 1259 σοῦν.
381 1208 440 1257 Ὀ
495 1209 757 1273 στέφανος
815 1208 905 1260 τὸν
945 1207 1148 1275 Κύριον
1204 1210 1408 1277 Ἰησοῦν
1463 1210 1690 1277 βασιλέα

159 1297 448 1346 αἰνίττεται.
474 1295 730 1357 Βασιλεὺς
764 1296 870 1364 γὰρ
894 1297 1000 1349 τῶν
1019 1290 1222 1367 νοητῶν
1253 1313 1312 1349 τε
1357 1299 1450 1350 καὶ
1494 1296 1688 1366 αἰσθη-

159 1385 298 1436 τῶνό
334 1386 585 1454 Χριστός.
614 1386 858 1455 Χρυσοῦν
887 1387 945 1438 δὲ
982 1387 1072 1439 τὸν
1122 1387 1386 1456 στέφανον
1429 1387 1598 1456 λέγει,
1627 1392 1692 1443 ὲκ

157 1474 249 1525 τῶν
296 1476 418 1544 παρ’
469 1475 600 1542 ἡμῖν
656 1476 851 1545 τιμίων
877 1477 938 1528 τὸ
975 1476 1181 1542 ἔνδοξον
1233 1478 1602 1545 ὑπογράφων·
1632 1477 1693 1529 τὸ

155 1564 203 1614 δὲ
242 1565 292 1613 ἐν
344 1566 408 1633 τῇ
454 1566 599 1636 χειρὶ
637 1566 902 1636 δρέπανον
953 1566 1120 1636 ἔχειν,
1177 1568 1238 1620 τὸ
1285 1569 1343 1619 ἐν
1372 1572 1438 1638 τῇ
1475 1568 1692 1639 ἐξουσία

156 1652 300 1704 αὐτοῦ
332 1654 542 1707 κεῖσθαι
563 1654 658 1724 τὴν
687 1654 780 1707 τοῦ
815 1656 1005 1721 αἰῶνος
1038 1657 1225 1710 τούτου
1255 1659 1562 1712 συντέλειαν
1591 1676 1691 1711 πα-

1791 506 2020 559 rantem,
2054 497 2155 550 hoc
2214 506 2296 550 est
2328 510 2356 548 a
2390 507 2602 548 terrena
2645 494 2893 548 crassitie
2957 490 3336 560 egredientem,

1790 587 1882 639 sed
1913 586 2126 639 levitate
2157 593 2411 638 contexta
2437 585 2732 639 virtutibus
2765 585 2819 638 in
2845 583 3042 637 cmlum
3071 581 3343 636 currenti-

1791 675 1914 740 bus,
1955 691 2074 744 qua:
2108 675 2207 743 ipsi
2239 674 2575 738 attribuitur,
2624 689 2688 727 eo
2728 673 2874 743 quod
2913 689 3007 742 per
3034 672 3204 741 ipsam
3249 670 3344 723 Dei

1793 764 1963 819 Filius
2015 764 2155 819 felici
2191 764 2302 817 fato
2353 763 2507 819 nobis
2563 777 2801 831 prmsens
2857 763 3038 817 fuerit.
3096 761 3202 814 Aut
3241 776 3345 812 nu-

1791 855 1909 908 bem
1931 854 2166 922 intellige
2187 854 2439 907 virtutem
2469 851 2760 921 quamdam
2784 852 3106 918 angelicam,
3132 858 3346 918 propter

1794 945 2090 1012 puritatem
2131 951 2185 997 et
2221 943 2605 997 sublimitatem
2641 938 2899 1009 angelica:
2932 946 3154 1004 natura},
3191 937 3346 991 unde

1793 1033 1954 1087 etiam
1992 1033 2222 1087 candida
2247 1048 2366 1087 esse
2397 1031 2618 1086 dicitur.

1861 1121 2076 1176 Haben:
2103 1125 2155 1175 in
2195 1124 2361 1189 capite
2410 1137 2502 1174 suo
2558 1135 2804 1174 coronam
2849 1133 3082 1170 auream.
3136 1117 3343 1171 Corona

1791 1211 2038 1281 designat
2064 1213 2350 1265 Dominum
2378 1212 2561 1266 Iesum
2591 1225 2788 1278 regem.
2824 1206 2958 1260 Nam
2981 1200 3228 1261 Christus
3253 1222 3344 1260 rex

1790 1310 1872 1357 est
1905 1311 1960 1356 et
1992 1303 2408 1372 lntelligibilium
2461 1311 2514 1356 et
2536 1300 2897 1357 sensibilium.
2930 1289 3184 1352 Auream
3215 1312 3344 1350 vero

1791 1393 1920 1446 dicit
1944 1407 2201 1446 coronam
2234 1407 2299 1446 ex
2338 1392 2423 1446 his
2478 1406 2599 1460 quas
2631 1391 2770 1460 apud
2797 1404 2896 1442 nos
2923 1397 3052 1441 sunt
3083 1389 3136 1440 in
3166 1388 3341 1456 pretio

1792 1483 2082 1552 designans
2106 1484 2249 1552 quod
2298 1482 2594 1552 gloriosum
2627 1489 2726 1535 est.
2755 1479 2924 1533 Porro
2966 1475 3109 1546 quod
3149 1476 3342 1530 falcem

1793 1572 1848 1625 in
1876 1587 2040 1625 manu
2099 1572 2345 1636 haberet,
2390 1571 2644 1640 designat
2682 1570 2734 1624 in
2777 1577 3038 1638 potestate
3075 1568 3244 1636 ipsius
3274 1566 3346 1619 si-

1796 1670 1903 1714 tam
1939 1677 2059 1715 esse
2083 1661 2246 1730 hujus
2295 1661 2476 1716 saeculi
2510 1660 3054 1721 consummationem,
3086 1673 3181 1728 per
3211 1657 3342 1711 iram

157 1742 352 1812 ραδηλοῑ
372 1743 457 1797 διὰ
493 1746 588 1814 τῆς
619 1747 807 1816 ὀργῆς,
835 1747 868 1814 ἢ
899 1747 995 1817 τὴν
1044 1751 1321 1818 ταχυτῆτα
1349 1750 1445 1818 τῆς
1477 1750 1687 1816 ἐφόδου.

1795 1760 1888 1803 aut
1925 1752 2261 1806 velocitatem
2291 1767 2544 1808 accessus
2573 1759 2627 1805 et
2659 1751 2890 1819 impetus
2921 1749 3111 1818 ipsius.

213 1834 308 1886 Kal
328 1834 521 1901 ἄλλος
571 1835 824 1905 ἄγγελος
851 1837 1111 1904 ἐξῆλθεν
1138 1837 1382 1906 κράζων.
1415 1839 1513 1891 Διά
1543 1839 1594 1890 τί
1631 1841 1688 1891 δὲ

153 1922 351 1991 ἐξῆλθεν
377 1922 816 1995 οὗτοςόᾶγγελος
843 1927 1093 1996 κράζων;
1128 1930 1577 1998 Περιφραστικῶς
1603 1929 1690 1981 διά
1721 1937 1724 1940 “

151 2016 332 2068 τούτων
359 2017 612 2085 δηλοῦται
641 2021 671 2086 ἡ
693 2019 868 2071 ἱκεσία
897 2019 1002 2071 τῶν
1023 2019 1356 2085 ἐπουρανίων
1380 2017 1687 2085 δυνάμεων,

151 2107 428 2176 ἐφιεμένων
443 2110 544 2177 μὲν
562 2108 659 2176 τὴν
683 2107 792 2159 τῶν
814 2108 1036 2159 δικαίων
1064 2107 1248 2176 τιμὴν,
1269 2107 1346 2167 ὡς
1374 2109 1689 2176 μιμησαμέ-

151 2213 242 2246 νων
256 2195 416 2258 αὑτὰς
441 2199 498 2248 ὲν
512 2197 575 2264 τῇ
609 2195 924 2264 προσκαίρῳ
955 2193 1063 2265 ζωῇ
1092 2197 1316 2258 ἑαυτῶν,
1340 2197 1439 2248 οὐκ
1457 2199 1688 2248 ἀπαναι-

150 2286 366 2351 νομένων
392 2285 448 2337 δὲ
480 2286 576 2354 τὴν
609 2285 716 2336 τῶν
745 2286 1080 2338 ἀπεναντίων
1129 2287 1310 2348 αὐτοῖς
1345 2286 1686 2354 βεδιωκὸτων

152 2374 369 2426 ἐκδικίαν
401 2375 717 2429 θεάσασθαι.
744 2376 833 2428 Διὸ
890 2375 1326 2439 ἐπισπεύδουσιν,
1359 2376 1442 2444 ἐφ’
1479 2370 1522 2442 ᾧ
1546 2377 1686 2429 παῦ-

151 2465 326 2517 σασθαι
355 2466 452 2536 μὲν
489 2466 554 2517 τὰ
579 2465 873 2534 κινούμενά
898 2483 955 2518 τε
988 2467 1079 2519 καὶ
1113 2466 1490 2536 ἀλλοιούμενα,
1512 2484 1677 2536 φανε-

153 2556 374 2625 ρωθῆναι
405 2557 461 2610 δὲ
490 2557 557 2609 τὰ
590 2558 924 2611 ἀναλλοίωτα
961 2559 1054 2611 καὶ
1085 2559 1405 2628 ἀνακίνητα.

211 2649 330 2701 Ὀτι
361 2648 658 2727 ἐξηράνθη
695 2653 726 2702 ό
765 2650 1042 2716 θερισμὸς
1071 2649 1179 2716 τῆς
1207 2649 1334 2718 γῆς.
1365 2651 1438 2703 To
1487 2648 1684 2719 ξηραν-

149 2736 291 2804 θῆναι
323 2738 411 2789 τὸν
441 2737 696 2807 θερισμὸν
740 2739 838 2790 οῦκ
869 2738 995 2791 ἄλλο
1042 2737 1266 2806 δηλοῑ,ῆ
1294 2738 1354 2789 τὸ
1400 2739 1686 2804 ἐπιστῆναι

149 2828 228 2880 τὸν
257 2829 350 2896 τῆς
376 2828 682 2890 συντελείας
711 2829 899 2898 καιρὸν
945 2829 1032 2880 ὅτε
1085 2829 1398 2890 πεπανθεὶς,
1427 2829 1500 2888 ὡς
1545 2830 1687 2889 σῖτος

148 2915 355 2984 ὥριμος,
393 2918 420 2967 ό
450 2917 557 2967 τῶν
603 2915 902 2984 ἀνθρώπων
935 2916 1154 2983 σπόρος,
1184 2917 1210 2965 ὁ
1247 2916 1344 2983 μέν
1393 2932 1474 2966 τοι
1528 2916 1685 2966 εὐσε-

1867 1838 1935 1891 Et
1967 1842 2106 1893 alius
2136 1842 2355 1910 angelus
2383 1842 2542 1895 exivit
2580 1841 2834 1893 clamant.
2865 1839 3043 1904 Quare
3079 1839 3243 1894 exivit
3265 1839 3349 1892 hic

1792 1931 2015 1998 angelus
2045 1933 2330 1984 clamans?
2371 1929 2768 1999 Periphrastice
2826 1944 2922 1998 per
2974 1930 3088 1984 haec
3138 1929 3346 1999 signiti-

1789 2033 1951 2073 catur
1983 2021 2312 2088 supplicatio
2345 2020 2648 2074 cmlestium
2695 2020 2979 2084 virtutum,
3008 2019 3342 2087 cupientium

1792 2109 2368 2179 honoremjustorum,
2398 2118 2455 2163 ut
2486 2111 2576 2178 qui
2602 2109 2746 2178 ipsas
2774 2109 2966 2163 imitati
2995 2110 3194 2164 suntin
3236 2111 3343 2163 vita

1796 2216 1892 2253 sua
1925 2201 2230 2269 temporali,
2256 2210 2311 2254 et
2331 2201 2694 2254 recusantium
2724 2200 2923 2254 intueri
2953 2199 3208 2254 ultionem
3235 2199 3348 2253 illo-

1793 2307 1911 2344 rnm
1937 2293 2028 2360 qui
2056 2293 2214 2345 modo
2242 2293 2374 2361 ipsis
2399 2293 2674 2346 contrario
2711 2290 2963 2345 vixerunt
2991 2307 3004 2343 :
3031 2289 3152 2344 ideo
3193 2288 3346 2343 festi-

1791 2392 1924 2434 nant
1961 2393 2016 2437 ut
2067 2393 2280 2437 cessent
2329 2399 2448 2453 qua:
2487 2391 2770 2437 moventur
2797 2396 2862 2436 ac
2891 2381 3262 2446 immutantur,
3291 2389 3346 2434 et

1791 2483 2092 2542 appareant
2121 2490 2241 2543 qua:
2273 2474 2571 2529 immobilia
2605 2482 2730 2528 sunt
2767 2488 2830 2528 ac
2859 2472 3244 2528 immutabilia.

1867 2653 2006 2717 Quia
2060 2653 2200 2705 aruit
2252 2652 2433 2705 mem:
2479 2659 2652 2702 terra'.
2721 2649 2945 2703 Aruisse
2978 2662 3207 2703 messem
3233 2662 3340 2704 non

1789 2746 1936 2799 aliud
1967 2744 2239 2812 signiﬁcat
2291 2756 2454 2810 quam
2511 2741 2793 2795 imminere
2838 2747 3051 2807 tempus
3089 2754 3344 2794 consum-

1791 2834 2044 2887 mationis
2102 2834 2320 2901 quando
2375 2841 2644 2885 maturum
2705 2830 2984 2884 hominum
3043 2845 3225 2886 semen
3287 2831 3341 2885 in

1791 2925 2009 2976 molum
2045 2923 2237 2974 maturi
2302 2921 2486 2983 tritici,
2537 2920 2638 2974 hoc
2677 2920 2893 2988 quidem
2961 2923 3160 2990 pietate
3209 2937 3340 2975 ena-

149 3006 256 3076 6είᾳ
281 3007 708 3076 φυτοκομισθεὶς,
738 3007 844 3059 τῶν
863 3007 1018 3059 θείων
1042 3007 1301 3075 ταμιείων
1343 3006 1445 3072 τῆς
1486 3007 1680 3056 ἀποθέ-
1709 3037 1724 3089 ε

1789 3020 1900 3064 tum
1960 3025 2024 3063 ac
2064 3010 2345 3063 collectum
2375 3008 2563 3070 fuerit,
2597 3017 2652 3062 ut
2681 3007 2735 3061 in
2791 3007 2991 3062 divinis
3027 3009 3231 3063 horreis
3253 3026 3341 3065 re-

151 3113 271 3159 σεως
294 3096 547 3167 ἀξιωθείη
584 3114 597 3127 ·
627 3099 655 3150 ὁ
685 3099 739 3150 δὲ
766 3098 1131 3166 ὑλομανήσαξ,
1163 3097 1253 3148 καὶ
1282 3097 1431 3148 οὐδὲν
1464 3096 1680 3157 σιτῶδες

148 3188 230 3239 καὶ
252 3189 509 3256 τρόφιμον
545 3189 638 3242 καὶ
669 3187 759 3241 τοῦ
789 3189 932 3240 θείου
973 3188 1192 3250 ἐπάξιον
1225 3188 1425 3257 σπόρου
1451 3188 1680 3254 ἀπενεγ-

147 3276 360 3345 κάμενος
390 3276 467 3348 τῷ
499 3276 700 3346 αἰωνίῳ
734 3278 863 3347 πυρὶ
896 3277 1193 3346 ὑποϐληοῇ.

686 3483 931 3536 ΚΕΦΛΛ.
991 3485 1041 3536 Μ
1049 3483 1118 3536 Δ’.

146 3593 263 3660 Περὶ
291 3593 490 3659 ἐτέρου
517 3597 778 3670 ἀγγέλοῦ
800 3596 1129 3662 τρυγῶντος
1163 3596 1276 3663 τὴν
1310 3595 1416 3663 τῆς
1443 3597 1682 3670 πικρίας

743 3667 1030 3731 ἄμπελον.

205 3773 305 3822 Kal
333 3773 520 3836 ἄλλος
555 3773 803 3840 dra-aloe
835 3772 1087 3839 ἐξῆλθεν
1130 3775 1196 3825 ἐκ
1237 3777 1341 3826 τοῦ
1376 3777 1524 3828 ναοῦ
1577 3778 1680 3829 τοῦ

145 3862 203 3911 ἐν
251 3861 324 3924 τῷ
352 3862 583 3930 οὐρανῷ
623 3863 779 3930 ἔχων
820 3864 912 3915 καί
961 3865 1140 3927 αὐτὸς
1185 3863 1481 3928 δρέπανον
1547 3867 1676 3927 ὀξύ.

148 3954 430 4020 Καίᾶλλος
458 3956 710 4023 ἅγγελος
725 3955 980 4021 ἐξῆλθεν
1007 3957 1072 4007 ἐκ
1103 3957 1206 4008 τοῦ
1228 3958 1678 4021 θυσιαστηρίου,

143 4044 283 4110 ἔχων
319 4047 607 4108 ἐξουσίαν
644 4046 741 4098 ἐπὶ
776 4045 876 4099 τοῦ
902 4047 1108 4113 πυρὸς,
1143 4046 1239 4097 καὶ
1269 4045 1581 4112 ἐφώνησεν
1615 4047 1682 4097 ἐν

145 4136 355 4205 κραυγῇ
389 4139 619 4209 μεγάλῃ
659 4136 736 4202 τῷ
779 4137 976 4205 ἔχοντι
1026 4139 1086 4190 τὸ
1129 4138 1424 4205 δρέπανον
1466 4138 1531 4190 τὸ
1572 4138 1680 4201 ι’ξὺ

143 4229 350 4294 ,λέγων’
403 4230 647 4296 Πέμψον
703 4245 818 4281 σου
863 4230 926 4280 τὸ
971 4228 1269 4294 δρέπανον
1308 4229 1371 4280 τὸ
1425 4228 1555 4291 ὀξὺ,
1583 4229 1682 4282 καὶ

144 4320 423 4384 τρύγησον
461 4319 600 4382 τοὺς
639 4320 902 4384 ,ϐότρυας
936 4318 1044 4384 τῆς
1100 4319 1368 4386 ἀμπέλου
1410 4320 1517 4384 τῆς
1549 4319 1678 4388 γῆς,

142 4407 214 4456 ὅτι
253 4407 522 4474 ἤκμασεν
561 4409 597 4473 ἡ
639 4408 918 4473 σταφυλὴ
946 4407 1048 4472 τῆς
1084 4408 1212 4475 γῆς.
1245 4408 1350 4460 Kal
1395 4409 1680 4470 ἐξέϐαλεν

142 4497 168 4546 ό
204 4496 445 4562 ἅγγελος
472 4498 535 4547 τὸ
575 4496 872 4561 δρέπανον
919 4498 1102 4548 αὐτοῦ
1143 4500 1228 4561 εἰς
1259 4499 1373 4563 τὴν
1421 4499 1556 4564 γῆν,
1582 4498 1677 4549 καὶ

140 4580 410 4648 ἐτρύγησε
437 4581 832 4648 τὴνᾶμπελον
860 4581 966 4648 τῆς
990 4581 1117 4648 γῆς.
1189 4585 1296 4636 Kal
1339 4585 1556 4636 ἔϐαλεν
1593 4587 1680 4649 εἰς

140 4671 239 4737 τὴν
261 4669 451 4737 ,ληνὸν
478 4671 581 4723 τοῦ
606 4670 796 4738 θυμοῦ
832 4671 934 4723 τοῦ
987 4671 1133 4722 Θεοῦ
1182 4673 1287 4723 τὸν
1323 4675 1534 4740 μέγαν.
1572 4674 1677 4726 Kal

137 4760 383 4827 ἐπατήθη
416 4762 445 4828 ἡ
475 4763 660 4827 ληνὸς
681 4761 898 4824 ἔξωθεν
929 4761 1035 4826 τῆς
1065 4762 1312 4825 πόλεως.
1347 4764 1443 4814 καὶ
1492 4763 1670 4828 ἐξῆλ-

140 4852 227 4901 θεν
255 4842 395 4916 αἷμα
441 4850 507 4900 ἐκ
542 4852 648 4915 τῆς
675 4849 864 4915 ληνοῦ
893 4849 1026 4917 ἄχρι
1076 4848 1191 4901 τῶν
1233 4849 1496 4916 χαλινῶν
1560 4851 1672 4902 τῶν

139 4940 317 4990 ἵππων
340 4939 457 4991 ἀπὸ
499 4940 758 4993 σταδίων
784 4938 910 5010 ,αχη

196 5029 263 5080 Οὐ
291 5028 466 5097 μάτην
493 5029 550 5080 τὸ
579 5029 860 5099 γνώρισμα
891 5030 978 5082 τοῦ
1002 5029 1392 5090 ἀποσταλέντος
1416 5029 1669 5094 ἀγγέλου,

139 5122 201 5182 ὡς
220 5119 321 5171 ἀπὸ
354 5117 446 5170 τοῦ
469 5119 724 5188 οὐρανίου
753 5118 881 5172 ναοῦ
907 5120 1257 5181 ἀπέσταλται,
1284 5124 1410 5180 περὶ
1444 5117 1536 5170 τοῦ
1565 5117 1670 5186 πρὸ

137 5211 279 5264 αὑτοῦ
325 5209 538 5271 οὐδενὸς
574 5211 813 5264 τοιούτου
853 5210 1332 5282 ὲπισημανθέντος,
1363 5211 1409 5262 εί
1459 5209 1533 5279 μὴ
1587 5210 1669 5261 ὅτι

140 5305 279 5372 μόνον
308 5303 418 5357 ἀπὸ
454 5301 548 5355 τοῦ
588 5303 716 5356 ναοῦ
745 5305 1023 5374 ἀπεστάλη
1043 5342 1058 5369 ,
1097 5303 1325 5358 ἐνταῦθα
1353 5303 1408 5357 δὲ
1456 5304 1548 5359 καὶ
1573 5304 1667 5358 τοῦ

191 5458 229 5492 ⁸⁸
255 5461 355 5514 lsa.
391 5473 479 5513 nx
505 5456 554 5510 l.

194 5614 296 5685 (Π)
333 5611 687 5671 Scribebatur
716 5611 1006 5682 κορίνθιον.

1792 3107 2024 3167 ροιιοιυι·
2057 3114 2068 3148 :
2102 3096 2228 3149 illud
2287 3103 2465 3150 antem
2521 3094 2815 3149 silvescens
2865 3109 2928 3147 ac
2989 3095 3339 3162 degenerans,

1791 3198 1842 3242 et
1869 3190 2000 3240 nihil
2032 3188 2300 3240 triticenm
2335 3202 2397 3241 ac
2445 3185 2762 3240 nutritivum
2801 3185 3092 3254 divinoque
3131 3186 3337 3238 semine

1791 3284 2011 3350 dignum
2051 3278 2311 3343 referens,
2361 3287 2418 3332 ut
2448 3277 2499 3331 in
2560 3277 2735 3347 ignem
2785 3284 3102 3346 perpetuum
3170 3276 3340 3344 conji-

1788 3374 1985 3427 ciatur.

2217 3483 2378 3553 77:,
2426 3479 2652 3536 CAPUT
2710 3478 2890 3533 xuv.

1796 3602 1867 3654 De
1890 3602 1999 3655 alio
2023 3600 2206 3668 angelo
2237 3601 2325 3661 qui
2351 3596 2693 3652 vindemiabat
2720 3596 2924 3647 vineam
2946 3593 3340 3646 amaritudinis.
3404 3662 3406 3664 τ

1860 3774 1997 3835 XIV,
2057 3775 2231 3826 17-20.
2284 3772 2350 3822 Et
2379 3773 2515 3823 alius
2557 3768 2774 3836 angelus
2827 3767 2989 3819 exivit
3029 3768 3090 3819 de
3155 3765 3342 3830 templo

1786 3867 1925 3932 quod
1947 3872 2058 3912 erat
2093 3864 2141 3911 in
2170 3861 2318 3921 cwlo,
2347 3860 2532 3909 habent
2561 3867 2608 3908 et
2633 3859 2740 3922 ipse
2766 3857 2952 3922 falcem
2981 3865 3208 3907 acutam.
3275 3854 3342 3905 Et

1789 3955 1927 4005 alius
1956 3952 2170 4020 angelus
2209 3951 2364 4002 exivit
2395 3949 2457 3999 de
2496 3947 2655 3998 altari
2680 3946 2872 3997 habens
2901 3954 3211 4011 potestatem
3254 3963 3342 3997 su-

1787 4060 1877 4111 per
1928 4045 2120 4112 ignem,
2188 4050 2235 4094 et
2261 4039 2503 4091 clamavit
2531 4037 2755 4090 clamore
2777 4051 2963 4102 magno
2994 4035 3062 4086 ad
3099 4051 3211 4086 eum
3255 4036 3343 4102 qui

1789 4137 2010 4190 habebat
2057 4133 2244 4202 falcem
2286 4139 2493 4182 acutam
2519 4129 2692 4200 dicens
2725 4142 2742 4179 :
2770 4124 2922 4178 Mitte
2954 4126 3140 4192 falcem
3196 4134 3342 4175 luant

1790 4242 2024 4291 acutant,
2059 4237 2106 4279 et
2158 4224 2414 4278 vindemia
2477 4221 2652 4274 botros
2678 4219 2841 4272 vinea:
2880 4227 3050 4280 (erue,
3095 4219 3341 4286 quoniam

1791 4330 1999 4373 matura
2027 4329 2100 4370 est
2126 4334 2223 4370 uva
2251 4327 2424 4369 terrtc.
2465 4312 2529 4364 Et
2559 4312 2700 4364 misit
2741 4309 2950 4378 angelus
2975 4309 3158 4376 falcem
3193 4326 3341 4362 suam

1785 4413 1838 4463 in
1874 4420 2090 4473 terram,
2123 4418 2170 4461 et
2203 4407 2530 4460 vindemiavit
2589 4405 2790 4456 vineam
2841 4410 2993 4454 terra:
3040 4417 3060 4455 .'
3098 4402 3340 4467 misitque

1783 4503 1836 4552 in
1865 4501 2097 4552 torcular
2124 4501 2216 4551 ira:
2263 4498 2359 4549 Dei
2390 4511 2653 4563 magnum.
2689 4493 2756 4544 Et
2804 4493 3064 4543 calcatum
3098 4500 3174 4542 est
3230 4501 3338 4542 tor-

1787 4589 1937 4642 cular
1965 4599 2114 4640 castra
2137 4589 2397 4638 civitatem
2427 4601 2443 4636 :
2472 4595 2518 4635 et
2568 4585 2727 4636 exivit
2784 4583 2998 4649 sanguis
3041 4581 3104 4631 de
3155 4589 3330 4630 torcu-

1783 4678 1887 4730 lari
1929 4693 2087 4745 usque
2134 4677 2201 4728 ad
2247 4677 2396 4742 frena
2435 4689 2684 4741 equorum
2729 4689 2820 4739 per
2849 4671 3027 4724 stadia
3054 4669 3195 4722 mille
3223 4684 3334 4722 sex-

1778 4780 1946 4819 cenza.

1853 5031 1965 5085 Non
2001 5030 2199 5083 frustra
2236 5028 2454 5098 ponitur
2479 5042 2690 5096 Signum
2723 5041 2830 5096 quo
2861 5025 3060 5078 missus
3095 5023 3317 5090 angelus

1779 5134 2162 5191 cegnoscatur,
2195 5122 2335 5188 quod
2367 5119 2613 5173 videlicet
2645 5135 2672 5172 a
2717 5116 2921 5171 cmlesti
2967 5113 3163 5180 templo
3195 5114 3328 5166 mis-

1779 5228 1870 5268 sus
1901 5214 1994 5278 sit,
2026 5229 2148 5266 cum
2175 5213 2240 5266 de
2271 5212 2420 5265 nullo
2449 5219 2572 5263 ante
2643 5210 2786 5262 hunc
2837 5205 2939 5258 tale
2991 5201 3116 5268 quid
3167 5201 3331 5255 fuerit

1779 5305 2144 5374 designatum,
2177 5303 2271 5360 sed
2303 5304 2452 5359 solus
2493 5303 2559 5357 de
2613 5298 2809 5367 templo
2857 5294 3057 5386 missus
3077 5299 3179 5348 est.
3230 5291 3326 5346 llic
