4126 6332
574 236 681 300 695

1387 243 1704 303 ΑΗΕΤΗᾹΞ
1739 242 2109 303 CAESARE/8
2140 244 2610 313 CAPPADOCI/E
2644 247 2977 308 EPISCOPI

3649 246 3767 314 €96

575 357 751 403 autem
785 348 945 401 etiam
990 357 1301 418 assumptus
1336 358 1419 402 est
1445 350 1596 408 locus
1629 355 1679 404 in
1705 367 1813 425 quo
1840 361 2110 409 erattcm-
2143 358 2187 412 Α

2249 355 2379 409 όπου
2438 356 2898 429 παραληφθέντος,
2921 356 2980 409 ὲν
3004 348 3048 421 ᾧ
3074 354 3104 410 ό
3145 354 3289 419 ναός.
3322 357 3502 424 Φαμὲν
3546 353 3641 411 οὖν
3688 358 3771 412 ὡς

576 442 747 509 plum.
807 440 1046 492 Dicimus
1081 454 1207 507 ergo
1260 440 1401 508 quod
1454 442 1710 509 quoniam
1758 442 1893 494 varii
1940 442 2118 495 cultus

2253 444 2406 512 πειδὴ
2438 438 2680 516 διάφοροι
2698 447 2943 515 λατρεϊαι
2972 444 3050 515 τῷ
3079 452 3475 518 παντοκράτορι
3505 450 3623 517 Θεῷ
3652 449 3767 503 ὑπὸ

576 526 1077 601 omnipotentiDeo
1128 528 1445 581 exhibentur
1497 530 1565 582 ab
1624 530 1956 598 incorporeis
2006 530 2122 585 suis

2253 535 2326 586 ῶν
2356 536 2656 604 ἀσωμάτων
2679 534 2841 589 αὐτοῦ
2870 535 3196 605 λειτουργῶν
3220 536 3580 599 ἑκτελοῦνται,
3617 532 3692 591 ὧν
3713 540 3769 590 οι

576 618 839 671 ministris
874 635 887 671 :
924 632 1150 686 quorum
1186 620 1234 670 hi
1282 633 1408 673 sane
1452 620 1849 689 prwsidentiam
1898 636 2119 690 accepe-

580 719 705 760 runt
735 707 981 760 altarium
1030 722 1149 775 qure
1210 708 1261 759 in
1297 717 1438 761 terra
1473 718 1618 770 sunt,
1649 710 1786 763 unde
1828 711 1912 763 his
1942 712 2032 779 qui
2069 711 2121 763 in

584 807 724 850 terra
750 796 949 865 degunt
977 798 1189 851 divinus
1215 799 1395 850 cultus
1444 800 1796 852 aununtiatus
1824 811 1905 853 cst
1934 819 1947 853 :
1982 800 2124 867 quod

581 900 713 938 sane
738 885 837 938 fuit
868 888 934 937 ah
978 887 1248 938 Abraham
1294 896 1346 938 et
1394 888 1544 941 Mosc
1600 902 1770 951 usque
1798 889 1861 941 ad
1921 888 2127 942 Christi

581 974 890 1039 adventum,
920 985 972 1027 et
1008 975 1059 1027 iu
1084 976 1201 1042 ipso
1228 976 1565 1043 protenditur
1598 992 1771 1045 usque
1821 978 1885 1031 ad
1954 978 2126 1044 hujus

581 1065 762 1118 saeculi
813 1064 1339 1118 consummationem
1394 1083 1407 1118 :
1461 1065 1654 1131 merito
1712 1066 1763 1117 in
1789 1066 1879 1119 illo
1926 1067 2130 1120 nullius

580 1154 704 1207 talis
731 1153 870 1208 facta
894 1164 975 1207 est
1012 1156 1231 1216 mentio.
1267 1155 1372 1207 nisi
1401 1156 1522 1223 quis
1562 1155 1615 1208 ln
1640 1155 1734 1208 illo
1784 1170 1999 1224 quoque
2033 1172 2127 1209 co-

579 1231 841 1313 gnitionis
864 1245 1119 1297 indicium
1156 1260 1275 1298 esse
1313 1245 1534 1299 duceret
1589 1245 1726 1314 Agni
1773 1245 2125 1309 mentionem,

583 1344 803 1401 propter
836 1335 994 1402 cujus
1036 1335 1087 1387 in
1127 1343 1264 1387 terra
1301 1336 1643 1403 prteseutiam
1706 1334 1806 1387 fuit
1836 1344 1888 1387 et
1914 1334 2131 1404 angelo-

581 1437 701 1476 rum
734 1424 798 1477 ad
827 1424 1077 1477 homines
1128 1424 1434 1485 oraculum,
1464 1432 1517 1476 et
1544 1423 1850 1475 divinorum
1894 1425 2129 1476 virorum

583 1513 961 1581 praenuntiatio
999 1514 1064 1566 de
1097 1514 1326 1565 adventu
1384 1512 1558 1581 ipsius
1604 1512 1656 1564 in
1690 1521 1852 1564 terra.
1882 1511 1953 1566 Ut
2002 1526 2131 1580 ergo

584 1602 924 1655 manifcsuus
965 1601 1057 1653 ﬂat
1109 1601 1254 1667 quod
1312 1614 1417 1652 non
1456 1600 1508 1652 in
1537 1609 1681 1653 terra
1708 1602 1903 1661 solum,
1937 1616 2125 1653 verum

2226 626 2321 695 μὲν
2338 625 2442 677 τῶν
2466 626 2601 679 κατά
2627 625 2728 694 γῆν
2740 626 3133 695 θυσιαστηρίων
3148 625 3331 695 ἔφοροι
3357 627 3484 694 ἐκλη
3494 627 3771 696 ρὼθησαν,

2224 717 2314 785 ἀφ’
2340 711 2397 769 οὗ
2416 716 2686 768 θεοσέϐεια
2714 718 2824 777 τοῖς
2850 717 2941 768 ἐπὶ
2966 720 3065 783 γῆς
3086 717 3453 786 κατηγγέλθη,
3485 718 3512 770 δ
3533 720 3596 788 δὴ
3648 720 3759 772 ἀπὸ

2239 808 2485 877 ’Δὸραὰμ
2518 809 2609 861 καὶ
2651 808 2927 868 Μωῦσέως
2968 806 3125 876 μέχρι
3154 807 3248 874 τῆς
3283 806 3517 876 Χριστοῦ
3561 825 3770 876 παρου-

2228 898 2365 960 σίας,
2400 899 2492 950 καὶ
2522 897 2606 948 ἐπ’
2646 898 2813 965 αύτῆς
2843 898 3219 967 παρατείνεται
3248 900 3344 968 τῆς
3366 896 3461 950 τοῦ
3507 898 3775 968 παρόντος

2227 986 2417 1048 αἰῶνος
2460 987 2784 1049 συντελείας,
2821 987 3042 1049 εἰκότως
3088 988 3173 1039 ἐπ’
3214 986 3421 1039 ἐκείνου
3476 986 3590 1055 μὲν,
3622 986 3773 1038 οὐδε-

2228 1078 2315 1140 νὸς
2343 1077 2581 1129 τοιούτου
2612 1077 2802 1145 γέγονε
2868 1066 3024 1147 μνεία
3062 1078 3110 1129 εί
3151 1078 3309 1147 μήτις
3340 1076 3432 1129 καὶ⁵
3454 1075 3539 1129 ἔπ’
3561 1076 3773 1127 ἐκείνου

2229 1165 2511 1235 γνώρισμα
2524 1167 2786 1233 λογίζοιτο
2803 1168 2899 1233 τὴν
2928 1168 3019 1220 τοῦ
3055 1169 3111 1219 Ἀ
3123 1167 3264 1237 ρνίου
3295 1167 3503 1236 μνείαν,
3530 1160 3590 1220 οὗ
3614 1168 3776 1235 χάριν

2229 1259 2329 1324 τῆς
2371 1257 2461 1307 ἐπὶ
2491 1255 2591 1321 γῆς
2636 1257 2936 1325 παρουσίας
2974 1256 3068 1309 καὶ
3100 1256 3481 1327 χρηματισμὸς
3528 1256 3775 1322 ἀγγέλων

2233 1345 2369 1415 πρὸς
2395 1345 2712 1414 ἀνθρώπους
2763 1346 2993 1414 ὑπῆρξε,
3026 1346 3120 1398 καὶ
3160 1344 3599 1415 προκαταγγελία
3655 1344 3778 1396 οεο-

2235 1439 2413 1504 φὸρων
2446 1435 2653 1503 ἀνδρῶν
2679 1437 2919 1505 περὶτῆς
2938 1437 3029 1491 ἐπὶ
3052 1437 3155 1505 γῆς
3180 1435 3442 1496 ἐλεύσεως
3466 1433 3650 1486 αὑτοῦ.
3689 1433 3779 1495 Ὠς

2234 1526 2300 1579 ἂν
2335 1524 2426 1577 οὖν
2472 1524 2819 1594 ἐκδηλότερον
2852 1527 3097 1594 γένηται,
3128 1526 3217 1586 ὡς·
3248 1526 3308 1577 ού
3352 1525 3510 1593 μόνον
3535 1525 3627 1575 ἐπὶ
3674 1524 3779 1593 γῆς

2238 1616 2496 1682 λατρείαι,
2526 1612 2659 1665 ἀλλά
2680 1615 2771 1665 καὶ
2787 1615 2842 1665 ὲν
2859 1614 2917 1666 οὗ
2927 1613 3070 1681 ρανῷ
3088 1612 3165 1681 τῷ
3196 1612 3585 1681 παντοκράτορι
3615 1627 3781 1678 προσο

587 1691 748 1742 etiam
777 1690 828 1764 i_n
856 1690 993 1743 ccelo
1036 1690 1215 1742 cultus
1243 1689 1540 1741 offerantur
1596 1688 1950 1756 omnipotenti
2003 1689 2132 1749 Deo.
2164 1680 2204 1733 Β

2249 1680 2460 1772 ἀγονται
2508 1704 2644 1772 Θεῷ,
2661 1705 2969 1770 ἀναγκαίως
2997 1680 3089 1756 ἐπὶ
3110 1680 3297 1757 τούτου
3328 1702 3418 1754 τοῦ
3438 1701 3665 1769 ἀγγίλου
3683 1704 3779 1756 καὶ

589 1778 897 1832 necessario
929 1778 979 1830 in
1015 1778 1113 1830 hoc
1139 1778 1328 1844 angelo
1352 1776 1489 1831 facta
1513 1785 1596 1831 est
1622 1779 1822 1831 mentio
1850 1780 2011 1832 etiam
2034 1779 2137 1833 loci

591 1869 951 1937 praesidentia
985 1869 1175 1936 ipsius.
1222 1866 1380 1937 775
1408 1867 1569 1922 Falce
1595 1878 1770 1923 autem
1802 1879 1955 1924 acuta
1994 1871 2138 1925 hunc

591 1975 809 2029 quoque
840 1960 970 2014 dicit
996 1975 1115 2015 esse
1160 1968 1452 2022 armatum,
1493 1960 1640 2014 brevi
1694 1960 1809 2015 fore
1850 1962 2139 2031 designans

590 2053 808 2105 exitum.

666 2139 871 2193 (labens
904 2150 1203 2209 potestatem
1252 2158 1405 2208 super
1452 2144 1640 2212 ignem.
1694 2142 1847 2197 Hunc
1899 2144 2137 2213 intellige

590 2234 896 2287 ordinatum
939 2248 1058 2287 esse
1091 2248 1254 2301 super
1305 2234 1638 2301 punitionem
1696 2234 2005 2302 impiorum.
2063 2236 2138 2288 Ex

592 2338 704 2392 quo
731 2321 995 2377 discimus
1045 2322 1189 2389 quod
1233 2322 1505 2375 universis
1550 2325 1819 2376 creaturis
1854 2324 2141 2391 praesident

592 2408 851 2479 angelica:
882 2413 1131 2473 virtutes,
1178 2425 1368 2479 nempe
1407 2426 1582 2477 aquae,
1637 2413 1745 2465 aeri
1782 2422 1838 2465 et
1860 2413 1979 2467 aliis
2020 2414 2141 2481 qni—

596 2503 827 2555 busdam
862 2501 1106 2567 partibus
1156 2501 1394 2553 universi
1430 2518 1445 2555 :
1480 2502 1625 2555 hunc
1671 2511 1848 2554 autem
1898 2503 2141 2570 punitivo

598 2592 707 2660 igni
765 2591 1165 2659 praesidentem,
1223 2604 1391 2658 quum
1461 2591 1624 2644 etiam
1670 2590 1735 2643 de
1769 2591 2142 2658 superioribus

596 2682 801 2751 angelis
821 2689 982 2742 esset,
1006 2695 1127 2734 cum
1150 2679 1391 2733 clamore
1412 2680 1689 2734 adhortari
1714 2682 1846 2735 dicit
1874 2681 2023 2733 illum
2048 2681 2139 2750 qui

599 2771 785 2825 falcem
817 2773 1068 2827 habebat.

670 2858 738 2914 Et
767 2862 1022 2916 vindemia
1048 2865 1217 2917 bolros
1246 2865 1402 2918 viuere
1421 2872 1593 2916 terrae.
1612 2859 1893 2915 Vindemia
1913 2874 2137 2915 uvarum

2238 1795 2331 1847 τοῦ
2362 1797 2528 1848 τόπου
2561 1796 2660 1863 τῆς
2686 1794 2972 1864 προεδρίας
2992 1789 3154 1849 αὐτοῦ
3184 1794 3338 1861 μνεία
3364 1793 3600 1861 γέγονεν.
3638 1792 3782 1856 Ὀξεῐ

2236 1886 2293 1939 δὲ
2324 1886 2573 1957 δρεπάνῳ
2599 1886 2691 1939 καὶ
2720 1885 2907 1938 τοῦτον
2942 1884 3297 1937 καθοπλίσθαι
3340 1883 3509 1952 λέγει,
3546 1884 3605 1940 τὸ
3652 1882 3780 1938 σύν-

2237 1994 2399 2047 τομον
2431 1976 2529 2046 τῆς
2564 1976 2838 2038 ὲκῦάσεως
2867 1974 3259 2045 ὲπισημαίνων.

2309 2163 2504 2228 Ἕχων
2526 2157 2813 2222 ἐξουσίαν
2837 2154 2933 2208 ἐπὶ
2961 2153 3066 2207 τοῦ
3095 2152 3300 2219 πυρός.
3336 2148 3534 2203 Τοῦτον
3558 2150 3649 2201 ἐπὶ
3683 2155 3783 2215 τῆς

2237 2256 2506 2316 κολάσεως
2533 2270 2559 2305 ν
2579 2252 2642 2303 ἐι
2666 2249 2774 2301 τῶν
2803 2245 3011 2301 ἀσεϐῶν
3038 2241 3313 2312 τετάχθαι.
3355 2241 3443 2306 Ἐξ
3476 2232 3536 2292 οὗ
3576 2237 3783 2308 μανθά-

2238 2361 2398 2413 νομεν
2440 2344 2513 2405 ὡς
2547 2342 2677 2393 πᾶσι
2709 2339 2821 2399 τοῖς
2860 2334 3169 2402 κτίσμασιν,
3208 2330 3493 2397 ἀγγελικαὶ
3532 2327 3785 2393 δυνάμεις

2240 2432 2634 2493 ὲπιστατοΰσιν,
2666 2430 2874 2489 ὓδατος,
2905 2425 3083 2495 ἀόρος,
3111 2423 3206 2475 καὶ
3230 2421 3408 2480 ἄλλοις
3438 2417 3548 2470 τισὶ
3572 2416 3783 2485 μέρεσι.

2240 2526 2437 2578 Τοῦτον
2467 2522 2522 2573 δὲ
2550 2519 2719 2588 πυρὸς
2749 2513 3114 2585 τιμωρητικοῦ
3150 2513 3332 2580 μέντοι
3362 2509 3456 2561 καὶ
3485 2507 3591 2560 τῶν
3621 2506 3790 2571 ὑπερ-

2187 2658 2193 2662 .
2240 2615 2412 2684 τέρων
2466 2609 2708 2677 ἀγγέλων
2758 2604 2868 2674 (ιε)
2930 2604 3089 2663 ὂντα,
3145 2595 3567 2666 ὲγκελεύσασθαί
3647 2608 3784 2662 φησι

2246 2705 2381 2779 μετά
2413 2699 2655 2773 κραυγῆς
2684 2696 2763 2766 τῷ
2793 2694 3053 2765 δρέπανον
3078 2691 3272 2759 ἔχοντι.

2312 2877 2416 2933 Καὶ
2451 2876 2753 2945 τρύγησον
2778 2867 2917 2933 τοὺς
2945 2867 3206 2934 βότρυας
3240 2863 3345 2931 τῆς
3378 2861 3646 2931 ἀμπέλου
3680 2857 3796 2924 τῆς

600 2952 842 3020 designat
874 2969 966 3007 eos
992 2956 1081 3023 qui
1116 2956 1271 3010 valde
1298 2954 1423 3009 mali
1456 2962 1604 3018 sunt,
1634 2968 1664 3007 a
1690 2952 1889 3021 quibus
1918 2952 2056 3005 calix
2086 2953 2138 3005 in
2169 2992 2204 3053 C

2249 2971 2376 3041 γῆς.
2422 2968 2485 3020 Ἦ
2513 2965 2772 3035 τρύγησις
2798 2961 2904 3012 τῶν
2931 2957 3210 3024 σταφυλῶν
3246 2956 3368 3017 τοὺς
3415 2954 3533 3007 λίαν
3563 2952 3796 3019 ἀνόμους

603 3061 761 3098 manu
814 3046 1022 3099 Domini
1077 3047 1409 3109 inebriatur,
1444 3050 1545 3101 hoc
1594 3056 1676 3100 est
1711 3046 1995 3113 impletur,
2034 3061 2144 3099 non
2176 3044 2204 3053 “’

2249 3062 2553 3118 αἰνίττεται,
2600 3055 2690 3122 ἀφ’
2734 3049 2809 3105 ὧν
2835 3051 2894 3102 τὸ
2923 3053 2980 3102 ἐν
3008 3052 3073 3117 τῇ
3114 3048 3253 3117 χειρὶ
3287 3046 3489 3115 Κυρίου
3535 3044 3795 3111 ποτήριον

602 3135 860 3189 ebrietate
893 3152 1009 3204 qua:
1036 3149 1119 3193 est
1151 3138 1216 3191 ad
1250 3138 1513 3199 laetitiam,
1552 3138 1643 3190 sed
1675 3136 1741 3189 ad
1769 3137 2092 3205 supplicium
2130 3153 2143 3188 :

606 3226 746 3279 unde
773 3228 932 3278 etiam
987 3227 1168 3278 bibere
1207 3225 1339 3280 dicit
1386 3241 1575 3279 omnes
1614 3234 1923 3293 peccatores
1975 3234 2147 3277 terrae.

608 3296 1014 3381 Quodque'huc
1063 3316 1350 3382 depingere
1400 3316 1529 3367 velit
1561 3315 1719 3374 visio,
1763 3328 1827 3366 ex
1865 3328 1927 3366 eo
1973 3313 2150 3364 mani-

610 3401 806 3453 festum
849 3412 951 3463 est,
988 3403 1127 3468 quod
1166 3416 1337 3469 neque
1398 3401 1664 3453 Dominus
1721 3403 1837 3468 ipse
1900 3403 2153 3465 dignatur

612 3488 983 3540 collectiOucm
1014 3487 1209 3549 facere,
1241 3489 1696 3554 quemadmodum
1729 3490 1803 3549 de
1830 3490 2100 3556 prioribus
2134 3507 2149 3543 :

613 3592 789 3652 neque
840 3593 1004 3629 unum
1053 3578 1213 3629 mittit
1245 3578 1309 3629 ad
1349 3578 1543 3631 horrea
1583 3588 1637 3631 et
1682 3579 1825 3631 aliud
1871 3579 1935 3631 ad
1978 3579 2151 3647 ignem

616 3677 932 3734 perpetuum
969 3685 981 3719 :
1018 3668 1106 3719 sed
1138 3683 1275 3719 unus
1313 3668 1578 3735 quispiam
1614 3684 1677 3722 ex
1708 3669 1908 3737 angelis
1931 3670 2153 3737 exsequi

616 3758 832 3821 dicitur,
864 3758 953 3826 qui
985 3758 1144 3810 etiam
1190 3760 1257 3815 oh
1286 3772 1565 3813 excessum
1618 3748 2155 3828 improbitatisipso—

618 3863 762 3909 rum,
818 3849 869 3911 in
908 3850 1080 3901 lacum
1132 3849 1224 3902 ira:
1270 3848 1357 3901 Dei
1411 3849 1657 3918 protinus
1714 3850 1925 3918 injicit,
1984 3864 2155 3919 neque

618 3940 969 4006 responsione
999 3940 1187 4008 dignos
1218 3940 1469 4007 judicans
1503 3955 1675 4008 neque
1710 3942 2153 4011 interrogatione.

688 4026 756 4081 Et
782 4030 918 4081 misit
950 4030 1163 4097 angelus
1196 4030 1381 4093 falcem
1426 4047 1577 4083 suam
1608 4031 1660 4082 in
1693 4040 1905 4086 terram.
1944 4031 2000 4089 In
2047 4042 2159 4085 ter.-

619 4133 732 4176 ram
765 4118 871 4170 ialx
913 4119 1139 4170 mittitur
1186 4134 1301 4185 qua:
1332 4119 1398 4171 ab
1431 4117 1621 4183 angelo
1656 4126 1893 4185 gestetur
1928 4135 1941 4171 :
1975 4127 2029 4171 el
2058 4120 2161 4170 hoc

618 4218 705 4263 est
734 4206 909 4261 facere
956 4221 1185 4259 messem
1219 4206 1519 4273 punitivam
1567 4204 1782 4257 illorum
1812 4205 1903 4272 qui
1933 4204 2162 4259 terrenis

2250 3149 2596 3220 μεθύσκεται.
2616 3141 2879 3201 τουτέστι,
2905 3137 3200 3206 πληροῦται
3222 3137 3279 3187 οὐ
3308 3136 3440 3205 πρὸς
3471 3134 3797 3203 εὐφρόσυνον

2252 3240 2451 3309 μέθην,
2500 3235 2635 3287 ἀλλά
2666 3232 2798 3300 πρὸς
2832 3228 3119 3296 τιμωρίαν.
3155 3226 3245 3278 Διὸ
3277 3225 3367 3277 καὶ
3403 3222 3618 3276 πίεσθαι
3661 3238 3797 3295 φησι

2250 3331 2456 3389 πάντας
2492 3326 2617 3385 τοὺς
2655 3320 3006 3390 ἁμαρτωλοὺς
3039 3318 3139 3383 τῆς
3168 3318 3288 3383 γῆς.
3328 3316 3436 3367 Καὶ
3466 3315 3548 3391 ότι
3574 3313 3727 3364 τοῦτο
3762 3313 3797 3379 ἡ

2252 3416 2479 3469 ὀπτασία
2509 3412 2904 3477 διαζωγραφείν
2937 3406 3202 3475 βούλεται,
3235 3404 3389 3472 δῆλον
3422 3402 3480 3463 ἐξ
3519 3397 3579 3454 οὗ
3609 3400 3730 3452 οὔτε
3771 3402 3801 3451 ό

2252 3506 2454 3575 Κύριος
2482 3502 2638 3562 αὐτὸς
2661 3498 2797 3561 ἀξιοῖ
2818 3497 2913 3567 τὴν
2936 3493 3194 3560 συλλογὴν
3222 3492 3545 3560 ποιήσασθαι
3571 3491 3646 3552 ὡς
3671 3488 3803 3557 περὶ

2252 3595 2359 3648 τῶν
2394 3590 2641 3662 πρώτων,
2695 3588 2815 3641 οὔτε
2849 3584 2908 3638 τὸ
2944 3585 3039 3653 μὲν
3082 3585 3159 3646 είς
3187 3582 3282 3643 τάς
3308 3579 3624 3649 ἀποθήκας,
3657 3578 3717 3629 τὸ
3744 3576 3803 3628 δὲ

2255 3685 2331 3745 εἰς.
2360 3683 2421 3734 τὸ
2450 3678 2797 3746 ἀτελεύτητον
2826 3671 3181 3743 παραπέμπει
3210 3667 3349 3735 πῦρ⁸
3384 3666 3519 3720 ἀλλά
3571 3682 3652 3727 τις
3692 3664 3799 3717 τῶν

2255 3773 2497 3843 ἀγγέλων
2522 3770 2579 3833 ὃς
2608 3770 2699 3823 καὶ
2720 3767 2804 3820 διά
2829 3766 2889 3818 τδ
2917 3766 3015 3817 ὑπε
3026 3762 3249 3832 ρόάλλον
3277 3759 3376 3837 τῆς
3398 3756 3678 3825 ἀσελγείας
3707 3755 3807 3807 a6-

2256 3864 2360 3916 τῶν
2385 3864 2461 3923 εἰς
2488 3860 2583 3921 τὴν
2598 3858 2754 3925 ληνὸν
2781 3855 2871 3908 τοῦ
2900 3852 3070 3922 θυμοῦ
3095 3850 3185 3903 τοῦ
3214 3849 3347 3903 Θεοῦ
3373 3847 3570 3909 εὐθέως
3601 3844 3806 3915 ipsa)-

2258 3953 2359 4012 λει,
2393 3950 2523 4018 μηδὲ
2542 3946 2828 4013 ἀπολογίας
2844 3943 3006 4006 ἀξιῶν
3035 3941 3166 4011 μηδὲ
3192 3939 3524 4009 ἐρωτήσεως.

2329 4038 2437 4092 Καὶ
2456 4036 2735 4099 ἐξέϐαλεν
2758 4036 2791 4085 ὁ
2820 4032 3067 4100 ἅγγελος
3095 4032 3161 4081 τὸ
3188 4028 3482 4093 δρέπανον
3510 4025 3693 4078 αὑτοῦ
3720 4027 3809 4089 εἰς

2260 4128 2373 4193 τὴν
2403 4125 2533 4193 γῆν.
2570 4122 2662 4182 Ei;
2689 4122 2785 4188 τὴν
2824 4122 2924 4187 γῆν
2952 4119 3011 4171 τὸ
3040 4118 3302 4188 δρέπανον
3336 4105 3582 4184 βάλλεται
3615 4115 3672 4166 τὸ
3706 4114 3810 4165 ὑπὸ

2262 4216 2356 4269 τοῦ
2412 4212 2640 4282 ἀγγέλου
2692 4211 2985 4279 φερόμενον
3007 4245 3023 4271 ,
3059 4208 3319 4270 τουτέστι,
3357 4205 3417 4257 τδ
3447 4204 3811 4274 τιμωρητικὸν

621 4297 992 4365 involvuntur,
1033 4304 1087 4349 et
1134 4308 1283 4347 more
1317 4308 1605 4361 porcorum
1648 4292 1908 4345 lutulenta
1940 4293 2164 4347 sorbent
2197 4297 2204 4351 1

2269 4305 2424 4375 Θέρος
2456 4304 2678 4357 ἐκείνων
2713 4300 2931 4367 ποιῆσαι
2972 4298 3078 4350 τῶν
3110 4298 3235 4367 περ)⁵
3267 4297 3370 4365 γῆν
3406 4295 3810 4363 ίλυσπωμένων,

624 4401 813 4454 opera.

698 4474 763 4526 Et
795 4474 1121 4527 vindemia-it
1153 4474 1349 4526 vineam
1382 4484 1551 4528 terrm.
1590 4474 1661 4527 Ex
1692 4476 1919 4529 adverso
1952 4477 2170 4545 ponitur

629 4564 743 4624 haec
775 4564 926 4623 vinea
959 4563 1006 4616 ei
1044 4578 1204 4631 quam
1244 4563 1335 4622 Dei
1386 4567 1695 4633 progenitor
1720 4582 1783 4619 ex
1819 4564 2049 4636 Egypto
2077 4584 2172 4621 su—

635 4656 906 4718 blimatam
957 4653 1181 4707 viderat.
1225 4653 1319 4708 Hic
1363 4656 1505 4718 enim
1549 4656 1783 4720 vineam,
1823 4672 1943 4727 quae
1984 4657 2173 4726 impie-

634 4752 743 4797 tate
777 4746 957 4811 gavisa
1007 4745 1205 4809 fuerat,
1244 4748 1633 4816 universosque
1663 4749 1754 4815 qui
1789 4763 1907 4802 eam
1941 4764 2170 4818 praeces-.-

638 4843 819 4886 scrant
842 4835 1031 4900 impios
1060 4836 1462 4900 obscurata-rat,
1493 4848 1651 4907 atque
1674 4840 1808 4893 adeo
1834 4854 1929 4893 eos
1956 4855 2175 4908 quoque

640 4924 734 4991 qui
760 4923 829 4974 ah
864 4924 979 4989 ipso
1008 4925 1326 4990 perditionis
1364 4929 1473 4981 tilio
1512 4929 1844 4983 Antichristo
1886 4929 2024 4982 illusi
2055 4931 2175 4982 fue—

642 5020 782 5074 raul,
818 5011 1018 5077 absque
1056 5012 1159 5064 ulla
1204 5013 1571 5070 misericordia
1615 5027 1812 5070 metere
1836 5015 2051 5084 jubetur
2076 5031 2178 5070 an-

645 5101 814 5167 gelus.
846 5110 899 5154 et
925 5116 1109 5155 severe
1150 5100 1287 5157 facta
1320 5111 1402 5156 est
1433 5108 1726 5170 aggressio.

716 5188 962 5257 Misitque
1008 5190 1062 5241 in
1109 5187 1338 5240 torcular
1383 5190 1475 5241 ira:
1532 5192 1642 5245 Dei.
1700 5193 1942 5248 Humana
2009 5192 2179 5258 magis

651 5280 861 5333 ratione
907 5279 1163 5351 procedit,
1206 5294 1485 5341 excessum
1518 5283 1581 5343 ad
1622 5285 1941 5352 impietatem
1994 5285 2180 5341 volens

2264 4395 2361 4447 ὅσα
2391 4394 2484 4446 καὶ
2508 4394 2675 4461 χοῖροι
2704 4389 2771 4442 τά
2798 4387 3099 4458 βορᾶιρὼδη
3126 4386 3393 4457 ροφῶντες
3415 4386 3569 4455 ἔργα.

2334 4481 2437 4534 Καὶ
2476 4480 2762 4546 ἐτρύγησε
2798 4477 2913 4543 τὴν
2942 4476 3212 4541 ἀμπελον
3240 4472 3346 4538 τῆς
3386 4470 3515 4541 γῆς.
3560 4473 3815 4525 Ἀπεναν-

2263 4570 2383 4631 τίας
2415 4568 2552 4638 αὕτη
2598 4570 2631 4637 ἡ
2672 4567 2910 4636 ἄμπελος
2945 4567 3040 4634 τῆς
3087 4565 3181 4617 ἀπ’
3226 4563 3500 4631 Αἰγύπτου
3540 4561 3687 4629 παρὰ
3737 4560 3816 4628 τῷ

2267 4660 2561 4727 Θεοπάτορι
2608 4657 3069 4727 μετεωρουμένης.
3124 4654 3382 4706 Ἐνταῦθα
3421 4653 3528 4721 γάρ
3576 4650 3818 4717 ἄμπελον

2270 4749 2367 4819 τὴν
2405 4751 2768 4817 κεχαρηκυῖαν
2797 4748 2863 4816 τῇ
2898 4744 3182 4815 δυσσεσείᾳ
3220 4744 3312 4796 καὶ
3354 4744 3476 4803 τοὺς
3511 4742 3615 4810 πρδ
3645 4739 3818 4806 αὐτῆς

2272 4839 2514 4896 ἅπαντας
2545 4835 2859 4903 καλύψασαν
2887 4832 3159 4897 ἀσελγεῖς,
3183 4831 3276 4882 ᾶτε
3300 4829 3391 4882 καὶ
3416 4829 3504 4881 ὑπ’
3533 4827 3695 4881 αὐτοῦ
3721 4826 3817 4879 τοῦ

2274 4925 2388 4977 υίοῦ
2440 4925 2537 4992 τῆς
2588 4924 2857 4985 ἀπωλείας
2915 4918 3278 4989 Ἀντιχρίστου
3323 4916 3816 4987 ἑκϐακχευθέντας,

2273 5013 2504 5081 ἀφειδῶς
2531 5013 2794 5081 τρυγῆσαι
2824 5006 3099 5063 πελεύεται
3131 5010 3158 5060 ὁ
3188 5007 3435 5075 ἄγγελος,
3490 5008 3583 5058 καὶ
3622 5004 3819 5059 ἀποτόο

2279 5122 2390 5173 μως
2430 5109 2461 5169 ἡ
2495 5106 2829 5174 ἐπιχείρησις
2863 5099 3089 5169 ὑπῆρξε.

2352 5191 2455 5242 Kal
2482 5190 2694 5243 ἔϐαλεν
2716 5193 2800 5254 εις
2826 5188 2935 5254 τὴν
2961 5187 3149 5250 ληνὸν
3174 5186 3277 5239 τοῦ
3307 5186 3491 5254 θυμοῦ
3513 5184 3616 5237 τοῦ
3652 5182 3821 5236 Θεοῦ-

2276 5281 2787 5349 «Ἃνθρωπινώτερον
2822 5279 3096 5347 προϐαίνει
3120 5277 3195 5344 τῷ
3219 5278 3378 5345 λόγῳ,
3406 5277 3465 5328 τὸ
3491 5274 3827 5345 ὑπερϐάλλον

648 5371 933 5424 ostendere
957 5371 1233 5423 hominum
1259 5370 1402 5423 illius
1430 5374 1705 5438 temporis.
1731 5373 1859 5438 Qum
1881 5376 2022 5428 enim
2055 5374 2185 5426 ﬁdes

2285 5372 2417 5437 προς
2448 5372 2727 5438 ἀσέλγειαν
2756 5372 2861 5423 τῶν
2901 5369 3017 5421 κατ’
3045 5370 3217 5421 ἐκεῖνο
3258 5367 3447 5439 καιροῦ
3476 5365 3829 5442 παραστῆσαι

723 5526 831 5590 (48)
859 5525 1055 5581 Vocem
1074 5527 1327 5602 ἀγγέλων
1352 5527 1548 5581 omittit
1578 5528 1661 5591 cd.
