4126 6332
501 191 608 253 699

1314 193 1632 252 ΑΒΕΤΗίΕ
1672 191 2043 253 CJESAREJE
2079 191 2555 252 CAPPADOCUE
2597 191 2934 252 EPISCOPI

3608 195 3637 257 7
3641 194 3713 256 00

505 300 607 364 Qui
647 297 794 351 enim
829 313 1046 353 omnem
1102 299 1265 368 hujus
1317 303 1437 354 νιὶίιι
1494 302 2093 369 ῐιιεῐεὺίῑὶῑειεηγηιιιε,

2177 301 2189 352 i
2223 305 2330 364 τοῖς
2370 303 2580 366 πολλοῖς
2608 303 2673 356 δι’
2703 304 2973 374 ἀλμυρίαν
3002 303 3273 376 ξηραίνειν
3297 299 3403 358 οἵδε
3431 304 3492 357 τὸ
3514 305 3717 374 ἀναψύ-

508 405 605 440 sua
632 390 906 453 salsugine
931 390 982 442 iu
1014 391 1197 443 multis
1228 391 1500 444 exsiccare
1534 393 1670 445 solet
1700 407 1858 445 omne
1896 391 2056 442 retri-

507 478 737 545 gerinm,
792 480 1072 534 tolerando
1123 482 1344 535 vicerint
1379 499 1392 534 :
1427 482 1629 550 quique
1659 482 1786 534 dum
1821 479 2058 533 mundus

510 568 562 620 id
597 578 791 623 nactus
842 560 924 622 e'st
955 581 1012 624 ut
1046 571 1280 626 nominis
1327 573 1566 640 ipsorum
1603 570 1972 625 celebritatem
2007 569 2061 621 in

512 656 731 708 modum
769 657 888 709 vitri
917 667 1179 722 conterat,
1216 657 1267 710 in
1300 657 1450 710 nullo
1481 659 1690 726 pejores
1713 655 2022 710 eiliciuntur
2049 673 2060 705 :

515 762 618 797 non
647 745 746 799 sibi
776 749 1101 802 asciscentes
1130 750 1236 800 vim
1269 746 1532 802 exurendi
1564 747 1723 814 ignis,
1749 747 1841 799 sed
1866 741 2063 797 illumi-

512 840 668 888 nandi
700 856 710 888 :
739 853 858 890 cum
911 839 1142 906 imagine
1183 840 1386 902 bestite,
1436 848 1531 891 aut
1577 837 1746 891 bestia
1794 837 1933 905 ipsa,
1971 841 2065 886 aut

513 929 828 981 charactere
861 940 952 982 aut
985 945 1213 984 numero
1261 931 1498 983 nominis
1539 929 1707 998 ipsius
1737 942 1847 980 non
1885 925 2065 980 infeli-

512 1021 644 1071 citer
701 1019 986 1084 luctantes,
1021 1022 1110 1073 sed
1144 1020 1372 1072 viriliter
1421 1019 1768 1071 devincentcs
1799 1033 1811 1069 :
1852 1014 1905 1068 hi
1939 1022 2067 1068 tunc

508 1128 674 1180 super
703 1130 851 1167 mare
882 1115 1114 1166 vitreum
1150 1123 1377 1175 stantes,
1406 1113 1617 1182 signum
1650 1119 1925 1181 gestantes
1955 1121 2067 1162 sua:

511 1204 564 1254 in
603 1206 707 1255 vita
748 1203 1208 1264 mortiﬁcationis,
1259 1203 1437 1271 quoad
1476 1202 1815 1268 voluptatum
1865 1212 1988 1266 quae
2012 1196 2067 1250 in

509 1309 570 1345 ea
647 1303 771 1346 sunt
829 1295 1173 1346 inutilitatem
1228 1308 1291 1346 ac
1351 1291 1780 1346 coniractionem
1814 1306 1827 1342 :
1866 1295 2070 1342 canunt

514 1399 856 1452 quaecunque
886 1400 1100 1452 tnquum
1126 1397 1206 1437 est
1236 1398 1433 1437 canere
1485 1384 1720 1436 victores
1756 1379 2070 1448 huiusmodi

513 1472 975 1524 adversariorum.

585 1558 846 1610 Habentes
905 1569 1097 1628 septem
1158 1561 1340 1628 plagas
1398 1561 1727 1612 novissimus.
1786 1558 1939 1624 Quod
1995 1557 2069 1610 ait

515 1659 737 1716 septem,
776 1665 880 1702 non
930 1660 1010 1703 est
1067 1651 1467 1718 intelligendum
1499 1653 1651 1718 quod
1696 1664 1924 1702 numero
1954 1647 2070 1702 fue-

518 1742 626 1792 rint
680 1742 1022 1806 septenario,
1078 1741 1170 1795 sed
1223 1743 1432 1809 capitur
1481 1755 1578 1808 pro
1610 1741 1848 1793 multas:
1886 1738 2067 1807 itaque

514 1831 682 1883 multa
720 1832 967 1898 designat
996 1846 1116 1885 esse
1151 1833 1410 1885 adversus
1436 1839 1750 1898 peccatores
1778 1829 2070 1898 supplicia,

513 1919 716 1986 quibds
751 1922 909 1972 tinem
951 1921 1146 1988 accipit
1182 1921 1260 1972 ira
1297 1920 1411 1984 Dei,
1450 1935 1575 1988 qua:
1604 1919 1765 1972 etiam
1795 1927 2071 1986 postrema

513 2025 636 2063 esse
671 2011 817 2063 dicta
872 2021 1018 2063 sunt.
1077 2010 1248 2063 Porro
1299 2026 1421 2064 cum
1472 2011 1566 2064 Dei
1603 2011 1761 2063 audis
1811 2011 1945 2062 iram
1979 2023 2070 2062 seu

513 2101 774 2161 furorem,
808 2117 873 2153 ne
908 2099 1183 2166 concipias
1213 2101 1454 2151 divinum
1502 2115 1700 2152 numen
1757 2100 2062 2166 subjectum

517 2206 636 2243 esse
675 2191 956 2242 aﬂ'eetibus
992 2208 1004 2242 :
1039 2189 1132 2241 sed
1164 2190 1423 2255 quoaiam
1461 2189 1567 2240 alio
1601 2189 1758 2240 modo
1789 2188 2074 2254 designare

517 2295 623 2330 non
676 2279 849 2346 potuit
904 2293 1187 2331 excessum
1246 2278 1548 2330 facinorum
1605 2287 1977 2345 peccatorum,
2008 2291 2071 2328 ex

518 2369 861 2435 improbitate
896 2383 959 2419 ac
1005 2367 1342 2434 impudicitia
1381 2368 1804 2433 procedentium,
1842 2382 1961 2434 quae
1994 2364 2077 2418 vel

521 2458 851 2510 immobilem
887 2458 954 2510 ad
1001 2458 1222 2510 ell'ectus
1257 2467 1503 2509 naturam
1561 2468 1780 2524 possent
1835 2472 2074 2521 movere,

523 2549 761 2600 luunano
793 2563 944 2600 more
968 2547 1179 2600 locutus
1204 2556 1306 2600 est.
1340 2546 1481 2598 Mare
1506 2556 1683 2601 autem
1709 2549 1940 2600 vitreum
1969 2563 2074 2601 non

520 2639 665 2691 aliud
714 2639 1031 2705 signiﬁcare
1084 2647 1322 2705 putetur,
1365 2653 1525 2704 quam
1558 2653 1652 2701 per
1682 2654 1829 2690 mare
1856 2639 2075 2706 quidem

522 2730 946 2791 multitudinem,
1015 2744 1108 2797 per
1169 2729 1364 2780 vitrum
1434 2744 1560 2781 vero
1627 2730 1966 2796 splendorem
2016 2744 2078 2782 ac

519 2823 811 2887 puritatem
862 2834 1048 2870 eorum
1084 2822 1171 2883 qui
1206 2819 1274 2870 ibi
1308 2818 1451 2885 digiti
1507 2818 1708 2871 iuerint
1745 2819 1898 2871 heata
1935 2820 2070 2873 vita.

594 2909 851 2960 (labentes
895 2910 1125 2960 cit/raras
1163 2908 1256 2960 Dei
1283 2918 1331 2959 et
1360 2918 1596 2960 canentes
1625 2911 1888 2960 canticum
1918 2909 2072 2961 Mosi.

522 3001 715 3054 Diceris
771 3000 1029 3061 citharas,
1072 3000 1439 3050 membrorum
1493 3014 1612 3066 quae
1661 2999 1715 3050 in
1758 3010 1900 3050 terra
1947 3008 2074 3051 sunt

524 3090 999 3144 mortiﬁcationem
1030 3090 1295 3156 designat.
1326 3088 1493 3141 Porro
1528 3088 1672 3153 ipsas
1702 3089 1777 3139 ait
1808 3103 1928 3140 esse
1964 3087 2074 3150 Dei,

526 3195 590 3231 co
631 3180 774 3245 quod
809 3180 988 3230 nullus
1039 3177 1389 3245 quantumvis
1429 3176 1644 3227 sedulus
1699 3176 1858 3228 homo
1902 3187 1952 3227 et
1999 3178 2078 3226 in-

529 3268 771 3319 dustrius
811 3267 858 3316 id
909 3272 1223 3332 prarstaret,
1278 3264 1459 3315 divino
1513 3262 1806 3314 deStitutus
1856 3264 2076 3315 auxilio.

529 3355 793 3408 Caeterum
830 3354 959 3406 Mosi
1017 3354 1156 3405 servi
1198 3353 1287 3404 Dei
1325 3354 1592 3406 canticum
1632 3353 1795 3420 778
1828 3353 1954 3404 illud
1989 3370 2080 3405 ve-

532 3445 759 3498 risimile
814 3453 894 3496 est
959 3457 1149 3496 omnes
1214 3443 1510 3511 intelligere
1573 3442 1716 3510 quod
1767 3442 1961 3496 cecinit
2014 3443 2085 3495 ob

531 3532 926 3585 demersionem
965 3529 1260 3583 Pharaonis
1302 3529 1442 3596 regis
1473 3527 1866 3598 JEgyptiorum.
1898 3526 2084 3582 Canti-

533 3640 654 3678 cum
693 3624 875 3691 itaque
922 3623 1190 3676 victorum
1245 3631 1369 3675 ante
1422 3622 1589 3692 legem
1621 3631 1674 3677 et
1704 3623 1804 3676 sub
1853 3624 1986 3691 lege,
2017 3639 2084 3676 ex

533 3717 618 3770 his
675 3716 981 3783 concipitur
1033 3730 1150 3783 quae
1180 3729 1275 3781 per
1308 3713 1486 3765 Mosen
1537 3713 1690 3781 jussu
1732 3713 1821 3769 Dei
1869 3723 2081 3784 peracta

531 3819 678 3872 sunt,
714 3818 769 3861 ut
798 3807 1002 3858 dictum
1043 3813 1153 3859 est.
1183 3804 1321 3874 Δειιὶ
1358 3819 1482 3859 vero
1512 3807 1782 3858 canticum
1823 3807 1965 3873 quod
2001 3814 2084 3860 est

531 3899 678 3952 aliud
719 3899 818 3952 nisi
849 3898 992 3965 quod
1019 3898 1085 3949 ab
1110 3912 1173 3948 eo
1196 3896 1286 3963 qui
1318 3909 1573 3962 reSponsa
1600 3895 1690 3947 dat
1721 3896 2082 3963 compositum

531 3991 651 4044 est?
683 3991 826 4058 quod
877 3989 1038 4040 etiam
1091 3996 1284 4038 canent
1336 3985 1390 4036 hi
1435 3985 1525 4050 qui
1560 4000 1587 4036 a
1621 3985 1835 4038 Christo
1872 3994 1924 4036 et
1964 3992 2087 4050 post

533 4081 812 4133 Christum
862 4079 1113 4129 decenter
1144 4085 1532 4126 conversantes
1577 4075 1799 4127 assidue
1828 4074 1880 4125 in
1914 4073 2085 4139 gratia

533 4185 596 4221 ac
646 4165 1039 4233 magnificentia
1098 4163 1422 4214 aununtiant
1488 4162 1638 4231 Agno
1699 4161 1812 4214 sive
1862 4161 2087 4215 Domino

2165 409 2276 460 χον,
2322 394 2429 445 πᾶν
2476 395 2816 459 νενικηκότες
2858 396 2922 464 τῇ
2956 394 3247 465 καρτερίᾳ,
3282 394 3390 446 οἰτε
3423 397 3543 458 ταῖς
3572 396 3720 448 εὗδο-

2151 481 2303 545 ιξίαις
2334 484 2474 536 κατὰ
2501 483 2560 535 τὸ
2589 482 2748 537 ὕαλον
2773 483 2862 537 τοῦ
2900 483 3276 554 συντρί6εσθαι
3305 485 3719 555 κεκληρωμένου

2164 573 2369 641 κόσμου
2415 575 2532 625 κατ’
2577 574 2727 627 οὐδὲν
2765 577 3182 644 κεχειρωμένοι,
3227 575 3325 643 οὐχ
3352 576 3400 627 oi
3429 576 3520 628 τοῦ
3552 576 3724 646 πυρὸς

2165 661 2262 731 τὴν
2289 664 2586 732 καυστικὴν
2623 663 2868 731 δύναμιν,
2903 665 3035 716 ἀλλὰ
3069 666 3166 733 τὴν
3196 665 3529 736 φωτιστικην
3558 682 3728 717 πεπο-

2171 755 2432 824 ρισμένοι,
2461 756 2558 824 οὺχ
2586 756 2636 806 oi
2671 756 2767 823 τὴν
2797 755 2976 807 εἰκόνα
3011 754 3103 807 τοῦ
3134 754 3343 825 θηρίου,
3373 756 3406 825 ἢ
3435 755 3497 808 τὸ
3538 755 3728 824 θηρίον

2165 841 2313 902 αὐτὸ,
2354 842 2385 910 ἦ
2415 842 2504 894 τὸν
2529 842 2759 915 ἀριθμὸν
2781 842 2872 894 τοῦ
2904 844 3163 910 ὀνόματος
3193 842 3354 896 αὐτοῦ
3379 843 3723 896 καταπαλαῐο

2169 949 2257 984 σαι
2280 931 2749 1000 δεδυστυχηκότες,
2775 933 2888 985 ἀλλ’
2911 933 3174 1002 ἀνδρικῶς
3197 931 3558 1002 νενικηκότες,
3584 925 3728 985 οῦτοι

2167 1023 2415 1091 τηνικάδε
2443 1023 2671 1084 ἑστῶτες
2701 1023 2793 1076 ἐπὶ
2820 1025 2914 1092 τὴν
2949 1024 3169 1094 ὑαλίνην
3197 1023 3491 1089 θάλασσαν,
3524 1021 3729 1091 σύμϐο-

2168 1113 2257 1165 λον
2294 1115 2672 1182 ἐπιφερόμενοι
2712 1115 2807 1182 τῆς
2840 1115 3044 1167 ἑαυτῶν
3087 1116 3143 1168 ἐν
3172 1115 3248 1185 τῷ
3279 1116 3375 1185 βίῳ
3409 1114 3727 1185 νεκρώσεως

2170 1204 2311 1255 κατά
2332 1204 2391 1255 τὸ
2414 1204 2769 1274 ἀνενέργητον
2799 1207 2905 1258 τῶν
2931 1208 2987 1258 ὲν
3018 1204 3165 1273 αὐτῷ
3190 1206 3361 1275 ἡδέων
3386 1205 3599 1275 ᾄδουσιν
3630 1204 3730 1257 ὅσα

2171 1294 2315 1356 είκδς
2339 1295 2464 1356 τοὺς
2493 1296 2839 1364 νενικηκότας
2876 1297 2983 1348 τῶν
3009 1295 3266 1349 τοιούτων
3293 1295 3462 1366 ᾄδειν.

2247 1577 2537 1643 Ἕχοντας
2575 1571 2808 1642 πληγὰς
2839 1571 2986 1624 ἐπτά
3013 1571 3117 1636 τὰς
3144 1569 3427 1636 ἐσχάτας.
3460 1569 3532 1621 Τὸ
3565 1568 3732 1629 ἑπτὰ.

2169 1666 2268 1719 οὐκ
2300 1667 2384 1717 ἐπ’
2412 1663 2701 1717 αὐτοῦτοῦ
2738 1662 3093 1730 ἑϐδοματικοῦ
3137 1659 3370 1728 ἀριθμοῦ
3402 1660 3691 1712 ἀκουστέον
3715 1698 3732 1724 ,

2169 1756 2282 1810 ἀλλ’
2313 1755 2405 1807 ἐπὶ
2428 1755 2520 1808 τοῦ
2555 1753 2745 1807 πολλά.
2775 1752 2885 1813 Τάς
2906 1750 3104 1812 πολλὰς
3134 1745 3224 1801 οὖν
3254 1749 3392 1801 κατὰ
3416 1750 3523 1811 τῷν
3555 1750 3734 1817 ἀμαρ-

2170 1847 2352 1899 τωλῶν
2375 1845 2623 1904 κολάσεις
2658 1842 2972 1903 αἰνίττεται,
3005 1839 3071 1891 δι’
3103 1832 3176 1890 ὧν
3206 1841 3234 1890 ό
3271 1837 3439 1907 θυμὸς
3468 1837 3561 1890 τοῦ
3597 1835 3734 1889 Θεοῦ

2171 1939 2345 2007 πέρας
2395 1935 2680 2000 λαμϐάνει.
2735 1931 2948 1993 Αἴτινες
2993 1932 3083 1982 καὶ
3130 1930 3350 1998 ἔσχαται
3407 1929 3730 1998 ἐλέχθησαν.

2175 2025 2356 2093 Θυμὺν
2385 2025 2440 2075 δὲ
2465 2021 2676 2074 ἀκούων
2713 2021 2868 2084 Θεοῦ,
2903 2019 2976 2090 μὴ
3021 2017 3094 2081 ὡς
3133 2016 3408 2088 ὲμπαθοῦς
3451 2017 3611 2069 ἄκουε
3640 2015 3735 2069 τοῦ

2172 2115 2351 2167 Θείου.
2392 2112 2530 2164 Ἀλλ’
2560 2113 2678 2164 ἐπεὶ
2701 2111 2798 2163 οὐκ
2825 2106 2966 2180 εἶχεν
2993 2110 3164 2172 ἄλλως
3192 2125 3308 2170 πως
3342 2108 3613 2175 ὑποφῆναι
3639 2107 3736 2174 τὴν

2175 2203 2478 2272 ὑπερϐολὴν
2509 2201 2614 2253 τῶν
2646 2202 2784 2254 κατὰ
2824 2202 3105 2268 ἀσέλγειαν
3131 2203 3236 2252 τῶν
3279 2197 3614 2269 ἁμαρτωλῶν
3644 2199 3737 2269 ερ-

2175 2309 2305 2359 γων,
2332 2293 2424 2344 ἆτε
2460 2293 2550 2344 καὶ
2580 2293 2675 2359 τὴν
2702 2291 2885 2358 ἀπαθῆ
2918 2291 3076 2358 φύσιν
3101 2292 3224 2343 οἴων
3256 2309 3312 2343 τε
3347 2293 3513 2344 ὄντων
3546 2292 3736 2356 κινεῖν,

2175 2384 2526 2452 ἀνθρωπίνως
2572 2384 2838 2452 ἐχρήσατο
2880 2382 2957 2450 τῷ
3005 2381 3166 2451 λόγῳ.
3216 2381 3277 2433 'H
3312 2382 3500 2450 ὑαλίνη
3538 2382 3593 2434 δὲ
3638 2380 3741 2433 ϐἀ·-

2177 2475 2349 2528 λασσα
2400 2476 2498 2527 οὐκ
2526 2475 2591 2526 ἂν
2635 2475 2758 2527 ἄλλο
2792 2474 3073 2541 σημαίνειν
3102 2474 3265 2533 δοκοῖ,
3303 2473 3334 2543 ἢ
3376 2475 3436 2525 τὸ
3465 2474 3596 2526 πολὺ
3640 2472 3741 2541 μὲν

2177 2564 2261 2615 διὰ
2289 2562 2403 2623 τοῦ,
2437 2563 2696 2623 θάλασσα,
2723 2564 2807 2614 διὰ
2838 2561 2893 2613 δὲ
2925 2562 3038 2623 τοῦ,
3071 2561 3282 2630 ὑαλίνη,
3312 2563 3372 2613 τὸ
3401 2562 3648 2613 στιλπνόν
3679 2578 3738 2613 τε

2178 2649 2271 2699 καὶ
2315 2648 2547 2716 καθαρδν
2590 2647 2698 2699 τῶν
2736 2648 2833 2714 τῆς
2878 2649 2996 2700 ἐκεῖ
3043 2649 3442 2718 μακαριότητος
3485 2649 3579 2701 τοῦ
3623 2647 3739 2719 βίου

2178 2737 2512 2807 ἠξιωμένων.

2251 2919 2541 2984 ’Ἑχοντας
2584 2917 2688 2979 τὰς
2726 2914 2970 2981 κιθάρας
3018 2914 3120 2967 τοῦ
3171 2914 3353 2979 Θεοῦ,
3395 2916 3491 2968 καί
3525 2916 3738 2982 ᾅδουσι

2179 3009 2292 3071 τὴν
2337 3005 2497 3070 ᾠδὴν
2547 3003 2820 3066 Μωσέως.
2855 3004 2952 3054 Διὰ
2987 3001 3077 3053 τοῦ
3128 3004 3299 3054 είπείν
3345 3003 3442 3064 τὰς
3488 3003 3736 3071 κιθάρας,

2179 3098 2276 3164 τὴν
2305 3095 2412 3146 τῶν
2442 3094 2531 3144 ἐπὶ
2560 3093 2660 3159 γῆς
2694 3092 2867 3159 μελῶν
2898 3093 3188 3143 αἰνίττεται
3215 3092 3500 3160 νέκρωσιν.
3526 3092 3658 3143 Θεοῦ
3682 3091 3740 3143 δὲ

2182 3183 2347 3243 αὑτὰς
2384 3179 2539 3240 εἶναι,
2570 3179 2755 3231 καθότι
2784 3178 2956 3236 οὐδεὶς
2981 3180 3085 3228 τῶν
3118 3178 3418 3229 σπουδαίων
3442 3178 3739 3246 ἀνθρώπων

2182 3272 2277 3337 τῆς
2319 3270 2466 3329 θείας
2502 3267 2812 3334 συμμαχίας
2841 3266 3086 3333 χηρεύων
3127 3266 3502 3334 κατορθοῦται.
3531 3267 3639 3334 Τὴν
3682 3265 3741 3316 δὲ

2183 3359 2322 3427 ᾠδὴν
2351 3357 2627 3418 Μωῦσέως
2666 3355 2850 3408 δούλου
2884 3356 3087 3423 Κυρίου
3123 3355 3332 3423 ἐκείνην
3367 3356 3569 3414 πάντας
3597 3355 3741 3416 εἰκός

2185 3451 2298 3500 ἐστι
2344 3448 2553 3515 νοῆσαι,
2593 3448 2658 3516 ἢν
2692 3444 2821 3517 ᾖσεν
2856 3447 2947 3497 ἐπὶ
2986 3447 3048 3514 τῇ
3098 3449 3498 3496 καταποντώσει
3542 3443 3741 3512 Φαραὼ

2182 3538 2291 3590 τῶν
2327 3538 2654 3604 Αἰγυπτίων.
2689 3535 2807 3586 Τῶν
2841 3535 2937 3603 μὲν
2967 3532 3070 3602 πρὸ
3097 3534 3261 3602 νόμου
3290 3532 3381 3586 καὶ
3408 3534 3465 3584 ὲν
3493 3531 3569 3600 τῷ
3595 3533 3740 3600 νόμῳ

2183 3628 2490 3697 νικηφόρων
2520 3631 2549 3695 ἡ
2583 3627 2714 3697 ᾠδὴ,
2739 3625 2812 3687 ὡς
2847 3627 3079 3694 εἴρηται,
3113 3625 3174 3676 ὲκ
3205 3624 3310 3676 τῶν
3341 3623 3428 3676 διὰ
3467 3623 3740 3684 Μωῦσὲως

2186 3721 2562 3791 προστάγματι
2600 3719 2734 3771 Θεοῦ
2765 3718 3152 3788 ὲνηργημένων
3181 3717 3401 3770 νοεῖται.
3463 3714 3521 3767 Ἡ
3555 3715 3609 3766 δὲ
3645 3713 3740 3766 τοῦ

2195 3812 2403 3880 Ἀρνίου
2431 3811 2542 3880 ᾠδὴ
2573 3810 2651 3872 τίς
2682 3810 2746 3861 ἂν
2763 3809 2917 3875 ἄλλη,
2949 3811 2995 3860 εἰ
3026 3808 3099 3877 μὴ
3125 3808 3213 3859 ὑπ’
3243 3805 3513 3859 αὐτοῦτοῦ
3531 3822 3742 3874 χρημα-

2183 3898 2419 3958 τίζοντος
2443 3897 2843 3964 συντεθειμένη,
2870 3896 2934 3963 ἣν
2957 3896 3049 3946 καὶ
3073 3896 3291 3962 ᾷσουσιν
3309 3897 3355 3946 οἱ
3380 3896 3484 3947 ἀπὸ
3507 3893 3740 3962 Χριστοῦ

2187 3989 2277 4036 καὶ
2307 3986 2443 4052 μετὰ
2486 3984 2716 4052 Χριστὸν
2755 3985 2943 4044 αἰσίως
2972 3982 3413 4052 πολιτευσάμενοι
3434 4023 3448 4044 ,
3478 3984 3577 4052 τὴν
3601 3984 3740 4036 ἀκα-

2186 4077 2490 4127 τάπαυστον
2520 4076 2576 4126 ἐν
2602 4074 2804 4143 χάριτι,
2833 4073 2892 4124 τὸ
2925 4074 3205 4142 μεγαλεῖον
3235 4069 3645 4139 ἐξαγγέλλοντες
3665 4073 3742 4142 τῷ

2200 4166 2417 4234 ’Λρνίῳ,
2438 4164 2642 4233 ἡτοιτῷ
2665 4164 2848 4232 Κυρίῳ
2877 4163 3048 4231 Ἰησοῦ
3068 4160 3304 4233 Χριστῷ,
3322 4160 3744 4232 ᾡκονομημένης

532 4258 657 4309 Jesu
686 4256 923 4318 Christo,
958 4254 1026 4306 ob
1055 4253 1429 4320 dispensatum
1477 4254 1634 4307 nobis
1669 4254 1892 4306 salutari
1927 4254 2086 4306 modo

2191 4255 2468 4324 σωτηρίως
2521 4256 2649 4323 ἡμῖν
2696 4254 2790 4323 τῆς
2843 4252 3364 4322 παντοκρατορικῆς,
3402 4251 3615 4313 δικαίας
3647 4253 3742 4304 καὶ

533 4344 1213 4412 omnipotentem,justum
1268 4359 1331 4397 ac
1386 4358 1571 4397 verum
1624 4345 1897 4397 ducatum.
1954 4345 2084 4408 Quae

537 4445 794 4504 tanquam
845 4452 938 4490 rex
967 4445 1018 4489 et
1061 4436 1203 4490 basis
1243 4435 1648 4499 misericordiae,
1681 4451 1775 4505 per
1808 4435 2083 4504 apostolos

538 4544 665 4580 SUOS
697 4537 953 4595 operatus
985 4540 1065 4583 est
1100 4543 1226 4597 erga
1258 4544 1412 4582 suam
1453 4537 1778 4583 creaturam.

606 4620 721 4684 XV,
745 4622 862 4674 5-8.
898 4621 964 4673 Et
986 4633 1098 4688 post
1120 4622 1228 4674 liazc
1252 4622 1375 4687 vidi,
1404 4630 1451 4675 et
1476 4631 1711 4690 apertum
1741 4629 1816 4675 est
1845 4619 2089 4688 templum

2180 4347 2435 4417 ἀληθινῆς
2454 4346 2690 4415 ὁδηγίας.
2720 4346 2891 4415 Ἀπερ
2907 4344 2980 4408 ὡς
3005 4344 3251 4414 βασιλεὺς
3275 4343 3428 4413 βάσις
3445 4342 3517 4396 ὢν
3535 4343 3740 4406 ἐλέους,

2183 4438 2319 4506 πρὸς
2352 4439 2411 4489 τὸ
2443 4437 2635 4491 ἑαυτοῦ
2688 4437 2909 4506 πλάσμα
2950 4436 3038 4491 διὰ
3081 4436 3188 4490 τῶν
3230 4435 3395 4490 αὑτοῦ
3425 4435 3742 4503 ἀποστόλων

2184 4527 2492 4597 εἰργάσατο.
3654 4527 3664 4536 ’

2258 4621 2364 4672 Καὶ
2396 4621 2545 4688 μετὰ
2577 4621 2762 4675 ταῦτα
2794 4613 2986 4683 εἷδον,
3013 4617 3110 4672 καὶ
3133 4619 3342 4688 ἠνοίγη
3389 4619 3420 4670 d
3449 4616 3593 4683 ναὸς
3631 4615 3743 4684 τῆς

538 4711 863 4763 tabernaculi
896 4713 1170 4765 testimonii
1200 4714 1250 4764 in
1272 4711 1434 4765 caelo:
1465 4722 1511 4764 et
1540 4713 1727 4780 egressi
1748 4717 1868 4764 sunt
1892 4719 2084 4776 septem

2189 4711 2419 4780 σκηνῆς
2452 4712 2555 4766 τοῦ
2582 4711 2905 4780 μαρτυρίου
2928 4711 2996 4763 ἐν
3023 4707 3100 4772 τῷ
3127 4706 3355 4775 οὐρανῷ
3375 4747 3390 4771 ,
3423 4707 3522 4760 καί
3556 4705 3741 4774 ἐξῆλ-

541 4801 708 4870 angeli
731 4793 972 4854 habentes
1004 4813 1197 4869 septem
1224 4803 1402 4872 plagas
1432 4816 1449 4854 :
1481 4805 1567 4872 qui
1595 4813 1746 4857 erant
1775 4802 1948 4855 vestiti
1978 4800 2082 4852 lino

540 4895 732 4946 intme
753 4903 801 4948 et
834 4894 1075 4958 candido,
1113 4903 1158 4945 et
1190 4895 1453 4960 praecincti
1489 4897 1630 4948 circa
1669 4904 1877 4963 pectora
1935 4891 2082 4944 zonis

538 4989 732 5039 aureis.
766 4986 831 5038 Et
857 5003 1011 5039 unum
1044 5000 1104 5037 ea:
1138 4995 1360 5052 quatuor
1392 4987 1703 5040 animalibus
1733 4987 1873 5038 dedit
1897 4993 2086 5051 septem

541 5080 736 5148 angelis
771 5088 959 5145 septem
995 5076 1196 5140 phialas
1230 5092 1410 5149 mireris
1440 5076 1615 5144 plenas
1670 5075 1957 5130 iracundia:
1993 5072 2087 5124 Dei

543 5171 754 5223 virentis
793 5172 840 5221 in
875 5168 1064 5222 smeula
1101 5167 1428 5220 smculorum.
1466 5166 1528 5221 Et
1564 5169 1832 5234 impletum
1857 5175 1933 5218 est
1961 5175 2091 5217 tem-

543 5262 682 5325 plum
726 5268 867 5325 [nmo
894 5278 923 5310 a
957 5260 1226 5327 majestate
1273 5259 1365 5311 Dei
1395 5267 1442 5310 et
1475 5261 1702 5326 potentia
1727 5261 1890 5326 ipsius
1921 5272 1940 5309 :
1967 5255 2088 5308 nul-

547 5353 725 5418 lusque
759 5361 959 5416 poterat
1002 5352 1201 5420 ingredi
1244 5350 1490 5418 templum
1525 5352 1681 5404 donec
1709 5348 2091 5417 complerentur

542 5452 724 5502 septem
759 5443 945 5505 phiala:
969 5453 1160 5510 septem
1211 5442 1528 5511 angelorum.

2191 4803 2295 4854 θον
2327 4803 2378 4854 οί
2404 4801 2551 4853 ἑπτὰ
2575 4800 2814 4868 ἄγγελοι
2834 4800 2887 4851 οί
2916 4797 3156 4864 ἔχοντες
3184 4795 3287 4861 τὰς
3316 4796 3460 4850 ἑπτὰ
3483 4794 3739 4864 πληγάς.

2195 4891 2260 4944 Οἳ
2304 4888 2464 4961 ἦσαν
2494 4890 2870 4959 ἐνδεδυμένοι
2910 4890 3082 4941 λίνον
3129 4886 3387 4954 καθαρὸν
3429 4885 3738 4956 λαμπρὸν,

2192 4984 2288 5036 καὶ
2312 4981 2754 5050 περιεζωσμένοι
2783 4978 2914 5046 περὶ
2950 4978 3022 5032 τὰ
3053 4978 3243 5046 στήθη
3276 4977 3452 5045 ζώνας
3483 4975 3739 5048 χρυσᾶς.

2189 5074 2296 5128 Καὶ
2324 5074 2389 5127 ἓν
2431 5075 2499 5126 ἐκ
2530 5073 2646 5125 τῶν
2685 5069 2995 5137 τεσσάρων
3037 5069 3187 5129 ζώων
3217 5070 3397 5123 ἔδωκε
3444 5069 3564 5134 τοῖς
3591 5068 3743 5120 ἑπτὰ

2190 5165 2463 5232 ἀγγέλοις
2500 5164 2647 5216 ἑπτὰ
2675 5161 2892 5230 φιάλας
2923 5159 3153 5228 χρυσᾶς
3186 5162 3482 5228 γεμούσας
3509 5159 3614 5212 τοῦ
3641 5159 3743 5210 θυ-

2186 5254 2301 5322 μοῦ
2326 5254 2426 5307 τοῦ
2456 5254 2601 5308 Θεοῦ
2626 5252 2728 5305 τοῦ
2751 5250 2958 5314 ζῶντος
2983 5253 3065 5314 εὶς
3087 5249 3224 5313 τοὺς
3241 5250 3454 5313 αἰῶνας
3479 5247 3593 5300 τῶν
3610 5245 3741 5299 ιιιώ-

2192 5360 2330 5395 νων.
2358 5345 2464 5396 Καὶ
2492 5342 2773 5411 ἐγεμίσθη
2802 5343 2833 5392 δ
2866 5341 3007 5404 ναὸς
3035 5339 3102 5391 ἐκ
3139 5340 3244 5393 τοῦ
3275 5339 3507 5393 καπνοῦ
3529 5339 3596 5389 ἐκ
3637 5333 3743 5400 τῆς

2194 5435 2373 5500 δόξης
2400 5437 2503 5488 τοῦ
2536 5435 2702 5495 Θεοῦ,
2726 5431 2821 5484 καὶ
2851 5431 2916 5482 ἐκ
2941 5431 3045 5496 τῆς
3078 5429 3380 5496 δυνάμεως
3417 5427 3619 5492 αὐτοῦ,
3645 5424 3744 5479 καί

547 5530 747 5594 pedale
770 5532 1012 5586 ἐδύνατο
1041 5531 1330 5586 εὶσειίθεῗν
1357 5534 1441 5599 είς
1474 5531 1575 5584 τίν
1601 5531 1745 5586 ναὸν
1779 5533 1910 5600 ἄχρι
1945 5524 2310 5583 τελεσθῶσιν
2337 5528 2392 5578 αἱ
2422 5526 2566 5578 ἑπτὰ
2602 5523 2822 5592 πληγαὶ
2855 5523 2966 5577 τῶν
2991 5521 3134 5576 ἑπτὰ
3161 5523 3445 5590 ἀγγέλων.
