4126 6332
334 265 439 330 701

1386 272 1765 333 COMMENT.
1808 272 1884 330 IN
1923 273 2439 342 APOCALYPSIN.

3435 295 3542 354 70:2

407 377 620 447 Σκηνὴν
661 377 910 444 ἐνταῦθα,
944 380 1040 450 τὴν
1086 383 1143 434 ἐν
1185 383 1431 451 οὐρανοῖς
1474 382 1622 451 λέγει
1663 382 1729 456 ἦς
1776 386 1874 438 καθ

2071 386 2498 447 Tabernaculum
2537 397 2641 454 hoc
2675 402 2796 456 loco
2828 403 2960 458 dicit
2989 408 3132 474 quod
3162 414 3245 461 cst
3277 406 3330 460 in
3366 408 3536 462 caelis.

331 467 595 536 ὁμοίωσιν
628 469 721 521 καὶ
749 471 776 522 ὁ
807 471 1043 540 Μωῦσῆς
1076 472 1242 540 πῆξαι
1270 473 1367 542 τὴν
1398 475 1598 544 σκηνὴν
1627 476 1722 545 τὴν
1745 477 1890 529 κάτω

333 559 751 632 προστάσσεταιι.
805 579 824 611 ι
867 562 1026 630 Ὅρα,
1063 563 1224 633 φησὶ,
1267 564 1511 632 ποιήσεις
1543 567 1715 618 πάντα
1751 569 1890 618 κατὰ

330 647 424 700 τὸν
449 648 619 700 τύπον
649 647 741 700 τὸν
764 649 1040 718 δειχθέντα
1069 669 1148 704 σοι
1179 655 1234 705 ἐν
1258 653 1334 721 τῷ
1352 654 1486 723 ὄρει.
1521 674 1538 707 ι
1586 656 1678 706 Ἐκ
1703 655 1888 707 τούτου

329 735 426 790 τοῦ
474 738 600 790 ναοῦ
654 739 991 809 ἀνοιχθέντος
1042 741 1415 806 ἐξελεύσεσθαι
1462 746 1585 807 τοὺς
1635 744 1678 807 ζ’
1729 747 1893 812 ἀγγέο

327 826 455 890 λους
487 827 621 897 (50).
651 827 759 898 Πρὸ
789 830 896 900 γὰρ
924 832 1020 899 τῆς
1045 831 1136 883 τοῦ
1160 834 1393 903 Χριστοῦ
1419 836 1892 904 συγκαταΰατικῆς

329 919 469 987 πρὸς
500 921 647 986 ἡμᾶς
675 919 841 972 αὐτοῦ
873 922 1193 990 παρουσίας,
1229 924 1261 990 ἡ
1296 923 1493 990 γνῶσις
1524 924 1632 975 τῶν
1671 941 1891 991 προκει-

330 1009 529 1075 μένων,
578 1008 897 1079 ἀσυμφανὴς
931 1011 1025 1062 καὶ
1055 1012 1400 1080 ἀνεπινόητος
1435 1011 1760 1081 ἀνθρώποις.
1800 1013 1890 1065 Διὸ

327 1100 422 1150 καὶ
470 1099 604 1171 πρὸς
652 1099 1047 1167 ἐναργεστέραν
1087 1102 1289 1153 τούτων
1327 1101 1543 1166 πίστιν,
1594 1105 1651 1155 ἐν
1689 1103 1764 1172 τῷ
1794 1103 1888 1156 τοῦ

325 1186 532 1255 Κυρίου
563 1185 722 1238 πάθει
751 1187 844 1239 καὶ
870 1187 931 1240 τὸ
961 1187 1052 1240 τοῦ
1089 1190 1179 1241 ἐπὶ
1209 1190 1311 1259 γῆς
1338 1191 1464 1243 ναοῦ
1496 1193 1889 1262 καταπέτασμα

321 1278 716 1348 διαρρήγνυται
750 1278 954 1332 ἀνωθεν
983 1279 1085 1342 ἕως
1119 1281 1300 1345 κάτω,
1335 1283 1499 1335 οἱονεὶ
1541 1283 1609 1336 τά
1653 1283 1756 1336 ἀπὺ
1786 1301 1888 1336 κα-

321 1368 559 1436 ταϐολῆς
615 1368 818 1438 κόσμου
895 1371 1210 1440 κρυφιότητι
1290 1375 1700 1443 συνεπτυγμένα
1773 1374 1889 1426 θεῖα

324 1458 631 1527 μυστήρια,
668 1458 730 1511 τδ
766 1461 873 1512 ἀπὸ
904 1459 1055 1512 τοῦδε
1095 1462 1303 1532 ἐκφανῆ
1341 1465 1507 1516 πᾶσιν
1558 1464 1649 1515 καὶ
1682 1462 1886 1516 ἐνώπια

321 1549 578 1619 κατέστη,
612 1549 707 1619 οὐχ
744 1550 826 1604 ἐνὶ
858 1550 998 1604 εθνει
1035 1551 1506 1624 θησαυριζὸμενα,
1545 1556 1680 1608 ἀλλά
1724 1557 1886 1609 πᾶσιν

319 1639 531 1693 ἔθνεσιν
562 1644 1031 1714 ἐκπομπευόμενα.
1061 1646 1376 1716 Μαρτυρίου
1415 1648 1471 1700 δὲ
1505 1649 1682 1717 σκηνὴ
1713 1650 1771 1699 οὺ
1807 1649 1883 1716 τῷ

1993 479 2057 528 ad
2085 479 2238 543 cujus
2286 482 2689 565 similitudinem
2723 491 2854 546 Mosi
2891 495 3199 561 przecipitur
3221 505 3291 548 ut
3321 512 3543 565 compo-

1996 576 2084 619 nat
2119 561 2339 624 inferius
2393 575 2823 633 tabernaculum.
2869 602 2886 633 ι
2924 583 3074 648 Vide,
3113 587 3310 654 ittquit,
3363 561 3539 642 oni—nia

1995 655 2161 709 facias
2184 660 2334 726 juxta
2366 665 2640 731 exemplar
2677 670 2820 735 quod
2855 671 2948 724 tibi
2979 674 3031 724 in
3068 685 3249 728 monte
3273 687 3542 729 monstra-

1991 757 2100 800 tum
2129 759 2209 801 est
2234 750 2301 803 ⁸³.
2337 769 2356 800 ι
2391 751 2467 803 Ex
2490 758 2589 806 hoc
2623 758 2822 823 templo
2850 771 3038 826 aperto
3066 777 3387 830 egressuros
3413 765 3542 816 dicit

1991 841 2206 907 angelos
2237 854 2461 910 septem.
2499 844 2634 897 Nam
2667 858 2790 899 ante
2826 849 3024 901 Christi
3059 852 3318 904 humilem
3346 856 3409 905 ad
3445 870 3542 906 nos

1990 926 2300 991 adventum.
2345 932 2583 997 cognitio
2610 948 2795 988 eorum
2827 951 2950 1004 quae
2987 938 3273 991 imminent
3309 941 3538 992 obsonia

1988 1029 2122 1078 erat,
2146 1034 2243 1071 nec
2274 1021 2404 1075 satis
2430 1023 2496 1074 ab
2520 1024 2828 1079 hominibus
2853 1028 3310 1081 cousiderabatur
3341 1048 3352 1081 :
3393 1032 3511 1081 ideo

1989 1119 2093 1172 que
2121 1105 2186 1158 ad
2217 1107 2569 1163 cllicaciorem
2626 1112 2818 1166 borum
2863 1112 3020 1168 tidem
3059 1115 3110 1167 iu
3144 1117 3395 1183 passione
3425 1116 3537 1169 Do-

1988 1193 2120 1247 mini
2174 1196 2352 1249 velum
2401 1197 2566 1252 etiam
2621 1201 2825 1254 terreni
2880 1203 3062 1268 templi
3115 1204 3344 1257 scissum
3396 1215 3476 1255 est
3508 1220 3537 1255 a

1986 1299 2199 1337 summo
2225 1301 2396 1355 usque
2415 1289 2480 1340 ad
2508 1287 2704 1355 imum,
2726 1290 2828 1344 hoc
2846 1291 3157 1356 indicando,
3177 1293 3319 1360 quod
3352 1293 3535 1344 divina

1987 1376 2239 1444 mysteria
2269 1393 2387 1445 qua;
2406 1394 2432 1431 a
2457 1379 2642 1433 mundi
2674 1380 3060 1434 constitutione
3097 1397 3190 1451 per
3211 1383 3533 1435 occultatio-

1987 1478 2110 1516 nem
2143 1466 2468 1534 eomplicata
2502 1481 2682 1532 erant,
2714 1485 2778 1522 ex
2808 1485 2873 1522 eo
2896 1478 3136 1537 tempore
3170 1469 3452 1522 manifesta
3485 1477 3539 1520 et

1985 1553 2234 1607 omnibus
2258 1555 2416 1607 obvia
2451 1565 2573 1609 sunt
2605 1557 2870 1620 exhibita,
2907 1572 3012 1609 non
3047 1556 3136 1608 uni
3171 1556 3314 1623 genti
3353 1570 3538 1607 recon-

1984 1643 2117 1704 dita,
2148 1644 2238 1696 sed
2281 1645 2533 1699 omnibus
2585 1646 2834 1714 gentibus
2891 1661 3149 1713 expansa.
3197 1643 3539 1697 Taberuaeu-

317 1731 537 1798 τυχόντι
570 1734 808 1802 εἴρηται,
835 1734 948 1787 ἀλλ’
973 1736 1055 1788 ὅτι
1084 1713 1288 1788 ἐκεῖθεν
1318 1739 1346 1788 ὁ
1377 1713 1731 1806 χρηματίζων
1755 1713 1877 1800 Θεὸς

1986 1735 2094 1784 lum
2132 1748 2258 1786 vero
2316 1736 2642 1799 testimonii,
2678 1752 2782 1788 non
2817 1736 3306 1805 quomodoennque
3335 1734 3536 1786 dictum

315 1825 432 1884 τοῖς
471 1824 614 1876 κατὰ
651 1825 811 1894 νόμον
837 1826 1040 1894 ἱερεῦσι
1078 1827 1405 1879 διεστέλλετο
1438 1829 1503 1880 τά
1530 1829 1756 1896 ποιητέα
1789 1829 1882 1881 καὶ

318 1913 419 1981 μὴ,
471 1912 608 1982 μετά
656 1913 916 1982 ἀκριϐοῦς
951 1915 1041 1967 καὶ
1082 1916 1439 1967 ἀνυποστόλου
1485 1915 1876 1983 παραγγελίας,

314 2004 419 2055 οὐκ
449 2003 555 2056 ἀπὸ
582 2004 674 2056 τοῦ
701 2006 922 2072 νομικοῦ
952 2006 1270 2074 μαρτυρίου,
1296 2004 1431 2056 ἀλλά
1455 2004 1549 2056 τοῦ
1572 2003 1879 2073 ἀρχετύπου

311 2096 412 2145 καὶ
443 2094 539 2145 ἀνθ
549 2096 804 2162 ρωπείου.

389 2271 458 2322 ΟΖ
492 2267 653 2338 ἦσαν
677 2270 1051 2338 ἐνδεδυμένοι
1079 2272 1252 2324 λίνον
1290 2272 1568 2338 καθαρόν.
1604 2271 1748 2340 Λίνῳ
1778 2289 1881 2339 φη-

310 2363 400 2412 σὶν
457 2362 757 2414 ἐνδεδύσθαι
806 2363 928 2422 τοὺς
977 2363 1161 2429 ἁγίους
1209 2362 1295 2414 διὰ
1340 2361 1403 2414 τὸ
1455 2362 1617 2431 μηδὲν
1667 2363 1879 2424 ξωῶδες

309 2451 619 2517 ἐπάγεσθαι
647 2452 1034 2519 προσπαθείας,
1065 2453 1099 2504 ἀ
1129 2452 1187 2503 τὸ
1212 2451 1460 2521 λαμπρὸν
1488 2453 1584 2521 τῆς
1606 2453 1750 2520 ζωῆς
1784 2452 1878 2503 πέ-

311 2558 490 2609 φυκεν
537 2542 838 2611 ἀμαυροῦν.
892 2545 952 2595 Ol
999 2543 1055 2595 δὲ
1106 2542 1258 2595 αὐτοὶ
1313 2543 1405 2595 καὶ
1455 2543 1878 2614 περιεζωσμένοι

309 2633 448 2702 περὶ
489 2633 554 2685 τά
599 2634 770 2702 στήθη
818 2633 991 2696 ζώνας
1030 2635 1236 2701 χρυσᾶς
1271 2634 1332 2684 τὺ
1364 2633 1753 2702 ἐπιθυμητικὸν
1785 2633 1876 2686 τοῦ

313 2724 569 2792 σώματος
612 2725 797 2792 μέρος,
831 2725 956 2793 περὶ
987 2724 1013 2775 ὃ
1047 2727 1079 2793 ἡ
1116 2725 1208 2775 τοῦ
1248 2722 1642 2793 ἐπιθυμητικοῦ
1673 2726 1875 2792 κατάρ-

311 2835 486 2886 χουσα
521 2817 710 2883 καρδία
743 2815 1105 2884 κατῴκισται,
1138 2817 1235 2868 οὐκ
1261 2817 1447 2870 ἄνετον
1481 2814 1636 2867 τοῦτο
1676 2813 1875 2883 δηλαδὴ

311 2907 533 2974 ἔχοντες
561 2905 619 2956 τὸ
651 2907 813 2974 μέρος
841 2910 933 2955 καὶ
967 2905 1150 2972 μηδενὶ
1185 2903 1550 2974 σωφρωσύνης
1581 2919 1871 2971 περισφιγ-

1983 1832 2065 1874 cst
2093 1831 2185 1875 aut
2213 1839 2365 1887 casu,
2399 1825 2493 1877 sed
2544 1827 2668 1892 quia
2717 1826 2841 1879 inde
2892 1828 3052 1879 dahat
3104 1825 3244 1878 Deus
3278 1838 3538 1890 respousa

1982 1911 2244 1978 legalibus
2277 1913 2440 1981 779
2487 1915 2884 1977 sacerdotibus,
2921 1915 3242 1981 explicando
3289 1929 3411 1980 qua:
3453 1911 3536 1964 fa-

1981 1998 2169 2051 cienda
2201 2012 2384 2053 essent
2423 2010 2476 2053 et
2509 2017 2628 2068 qua:
2671 2018 2776 2054 non
2814 2003 3080 2063 facienda,
3117 2017 3240 2053 cum
3266 2011 3456 2052 exacta
3483 2011 3537 2051 et

1980 2091 2280 2143 certissima
2338 2095 2732 2159 przeceptionc,
2785 2109 2893 2146 non
2924 2110 2952 2146 a
2989 2093 3141 2162 legali
3201 2093 3531 2154 testimonio,

1981 2181 2070 2232 sed
2101 2182 2390 2251 archetypo
2419 2194 2470 2235 et
2499 2184 2757 2236 humano.

2051 2268 2153 2330 Qui
2203 2280 2350 2321 erant
2396 2273 2562 2323 vestiti
2607 2273 2712 2323 lino
2762 2272 2971 2325 mundo.
3023 2272 3158 2325 Lino
3195 2273 3267 2326 ait
3314 2283 3532 2325 Sanelos

1981 2357 2148 2411 fuisse
2185 2362 2434 2422 vestitos,
2467 2378 2530 2414 co
2562 2363 2704 2431 quod
2738 2364 2870 2415 nihil
2903 2365 3132 2417 aniutalc
3169 2365 3400 2416 allieetet
3435 2379 3531 2415 eos

1981 2451 2044 2501 ad
2075 2451 2384 2505 ell’eetioues
2414 2469 2532 2520 quae
2564 2456 2685 2507 vita;
2706 2455 2996 2507 candorem
3018 2465 3154 2506 nata:
3184 2464 3311 2506 sunt
3335 2455 3533 2505 obscu-

1988 2556 2133 2595 rare.
2199 2543 2362 2595 Iidem
2414 2561 2631 2613 quoque
2663 2546 2816 2598 zonis
2872 2545 3050 2598 aureis
3103 2545 3370 2611 prazeiueti
3409 2553 3535 2597 sunt

1978 2633 2122 2685 circa
2181 2643 2424 2700 pectora,
2495 2650 2688 2703 nempe
2751 2635 3231 2703 concupiscibiletn
3289 2636 3534 2701 corporis

1978 2729 2205 2787 partem,
2261 2723 2405 2774 circa
2445 2739 2608 2790 quam
2662 2723 2843 2776 sedem
2895 2725 3054 2776 habet
3113 2739 3207 2776 cor
3238 2723 3377 2789 quod
3437 2722 3534 2773 ini—

1977 2809 2109 2859 tium
2150 2811 2570 2878 concupiscendi
2606 2813 2800 2866 retinet
2834 2831 2848 2865 :
2889 2815 3026 2866 hanc
3054 2813 3298 2866 videlicet
3327 2822 3528 2878 partem

1975 2913 2080 2950 non
2122 2899 2383 2952 habentes
2437 2903 2721 2953 remissam
2751 2911 2804 2954 ct
2834 2903 2983 2955 nullo
3017 2904 3386 2969 temperantiae
3419 2904 3533 2954 ciu-

310 3000 544 3066 γόμενον
602 2995 876 3064 ζωστῆρι,
926 2994 1060 3046 ἀλλὰ
1121 2993 1300 3062 σεμνῷ
1363 2994 1502 3062 μάλα
1558 2993 1648 3044 καὶ
1709 2993 1872 3060 τιμίῳ

1979 2990 2102 3059 gulo
2127 2990 2437 3052 coercitam,
2464 2990 2557 3042 sed
2583 2991 2775 3057 pudica
2799 2990 3033 3043 maxime
3049 3001 3101 3044 et
3123 2993 3358 3059 pretiosa
3383 3001 3532 3043 veste

305 3086 769 3154 ἀναστελλόμενον
802 3085 1115 3156 σφιγκτῆρι.
1163 3085 1383 3136 Τοιοῦτο
1415 3085 1523 3154 γὰρ
1565 3084 1657 3136 καὶ
1687 3086 1714 3135 ὁ
1745 3101 1872 3151 χρυ-

311 3177 428 3239 σὸς,
461 3177 568 3227 τῶν
607 3176 748 3229 κατά
779 3175 883 3245 γῆν
915 3175 1053 3227 ὑλῶν
1089 3174 1148 3228 τὸ
1178 3175 1640 3245 περισπούδαστόν
1678 3191 1736 3226 τε
1787 3175 1875 3226 καὶ

307 3269 645 3338 τιμαλφέστε
656 3285 745 3338 ρον
769 3267 1094 3337 ἀνθρώποις.

393 3451 578 3504 Ἑπτὰ
603 3450 825 3519 φιάλας
845 3451 1075 3519 χρυσᾶς
1099 3451 1393 3519 γεμούσας
1418 3450 1520 3503 τοῦ
1551 3448 1737 3518 θυμοῦ
1771 3450 1875 3501 τοῦ

312 3539 484 3591 Θεοῦ.
523 3531 713 3601 Καλῶς
743 3538 928 3606 εἴρηκε
969 3541 1172 3608 χρυσᾶς
1236 3538 1426 3604 φιάλας
1489 3538 1585 3605 τῆς
1616 3536 1708 3587 τοῦ
1740 3537 1874 3587 (θεοῦ

307 3629 483 3696 ὀργῆς
516 3628 916 3696 ἐμπεπλῆσθαι.
956 3629 1123 3694 Τιμία
1169 3629 1272 3696 γὰρ
1310 3631 1338 3694 ἡ
1386 3629 1520 3695 ὀργὴ
1567 3627 1625 3677 τδ
1672 3628 1874 3693 ἀγαθὸν

308 3721 406 3770 καὶ
437 3718 708 3785 συμφέρον
732 3719 786 3768 ἐν
813 3718 948 3785 αὐτῇ
981 3719 1214 3784 φέρουσα
1241 3716 1459 3783 μᾶλλον,
1498 3717 1527 3783 ἦ
1566 3717 1614 3766 εδ
1641 3718 1868 3774 δίκαιον,

309 3810 417 3862 κᾶν
449 3806 699 3860 ἀνιῶνται
738 3807 788 3872 ol_
819 3804 1186 3869 κολαζόμενοι.
1227 3804 1285 3854 Ὀ
1318 3804 1372 3853 ὂὲ
1401 3803 1493 3854 τοῦ
1537 3804 1670 3855 Θεοῦ
1705 3804 1873 3870 θυμὸς

309 3901 414 3953 οὐκ
439 3897 708 3966 ἐμπαθὴς,
735 3895 921 3963 ὥσπερ
949 3884 1230 3962 πολλαχῶς
1253 3896 1382 3962 ἡμῖν
1409 3896 1640 3960 εἴρηται,
1669 3894 1869 3954 δίκαιος

310 3992 393 4055 δὲ,
426 3991 506 4041 ὅτι
535 3990 629 4040 καὶ
656 3987 874 4055 ἀπαθὴς
898 3988 924 4036 ὁ
959 3985 1048 4052 ἀφ’
1084 3980 1162 4038 οῦ.
1198 3984 1358 4034 Ὅθεν
1391 3984 1480 4034 καὶ
1518 3984 1623 4044 ζῶν
1659 3984 1869 4051 εἴρηται

315 4081 451 4151 πρὸς
475 4077 874 4148 ἁντιδιαστιὶὴν
900 4076 1004 4127 τῶν
1033 4074 1180 4144 παρᾶ
1204 4076 1313 4134 τοῖς
1342 4073 1514 4125 ἔθνεσι
1543 4075 1750 4142 νεκρῶν
1781 4075 1870 4126 καὶ

315 4170 576 4241 ἐμπαθῶν
608 4169 763 4222 θεῶν.

1974 3081 2285 3148 sphinctere
2357 3079 2686 3134 rel'renatam
2734 3080 3097 3148 :bujusmodi
3153 3082 3297 3135 enim
3342 3091 3425 3134 est
3476 3091 3532 3135 et

1978 3185 2213 3234 aurum,
2265 3171 2405 3225 inter
2455 3173 2710 3226 materias
2762 3182 3010 3227 terrenas
3061 3175 3300 3225 maximo
3351 3173 3530 3226 studio

1974 3262 2304 3327 allectatum,
2344 3271 2399 3317 et
2441 3263 2612 3333 magis
2650 3264 2705 3318 in
2736 3247 2909 3333 pretio
2958 3263 3201 3317 habitum
3254 3263 3394 3331 apud
3435 3263 3534 3316 ho-

1974 3354 2170 3406 mines.

2045 3443 2252 3512 Septem
2311 3445 2516 3513 phialas
2579 3461 2766 3498 aureas
2824 3446 3003 3513 plenas
3064 3445 3352 3498 iracundia:
3412 3444 3526 3497 Dei.

1974 3536 2135 3590 Recte
2180 3537 2307 3590 dicit
2355 3537 2564 3606 phialas
2611 3553 2804 3590 aureas
2841 3538 3090 3606 impletas
3120 3554 3242 3592 esse
3276 3540 3352 3590 ira
3388 3536 3478 3589 Dei
3512 3554 3526 3590 :

1975 3641 2096 3678 nam
2150 3627 2385 3695 pretiosa
2432 3637 2514 3680 est
2562 3628 2639 3680 ira
2674 3643 2794 3696 qua:
2846 3629 3044 3681 bonum
3080 3644 3142 3680 ac
3182 3629 3312 3680 utile
3360 3626 3529 3694 magis

1974 3718 2126 3768 all‘ert
2151 3732 2312 3784 quant
2355 3718 2647 3784 justitiam,
2681 3719 2930 3785 quamvis
2965 3733 3198 3770 tuterorc
3229 3717 3528 3769 alliciautttt'

1973 3805 2026 3855 1ιί
2067 3806 2156 3871 qui
2189 3807 2511 3871 puniuntur.
2540 3806 2632 3857 Dei
2663 3816 2841 3856 autem
2893 3806 2969 3856 ira
3005 3821 3109 3856 non
3144 3822 3207 3857 ex
3243 3805 3528 3856 alit-ctione

1971 3901 2074 3954 est,
2127 3894 2580 3959 quemadmodum
2645 3893 2956 3960 frequenter
3019 3894 3276 3945 diximus.
3337 3892 3524 3944 Justus

1971 3995 2148 4037 autem
2184 3994 2287 4048 est,
2317 3985 2442 4052 quia
2492 3985 2654 4038 etiam
2691 3986 2884 4036 allectu
2930 3999 3122 4036 carens
3159 3997 3237 4036 est
3270 3983 3314 4037 is
3350 3997 3379 4034 a
3417 3999 3523 4050 qui

1971 4076 2231 4144 procedit.
2285 4075 2420 4128 llinc
2470 4077 2613 4128 enim
2653 4076 2835 4129 vivens
2867 4090 3078 4144 quoque
3109 4075 3286 4127 dit-tus
3316 4083 3418 4135 cst,
3457 4075 3521 4124 ad

1971 4169 2370 4221 distinctionem
2409 4168 2632 4221 deorum
2667 4179 3006 4221 mortuorum
3042 4175 3095 4220 et
3123 4165 3404 4219 all'eetibus
3429 4166 3522 4218 de-

1972 4261 2205 4314 ditorum
2237 4261 2327 4330 qui
2357 4261 2494 4329 apud
2543 4269 2732 4329 gentes
2759 4271 2934 4314 erant.

387 4366 493 4421 Kal
523 4367 805 4434 ἐγεμίσθη
842 4369 871 4418 ὀ
904 4366 1045 4430 ναὸς
1078 4366 1143 4418 ἐκ
1171 4366 1271 4418 τοῦ
1302 4366 1551 4418 καπνοῦ.
1591 4368 1647 4417 Ὀ
1671 4366 1870 4426 καπνδς

2050 4371 2116 4423 Ει
2166 4373 2433 4437 impletum
2479 4389 2551 4424 cs:
2583 4371 2826 4438 templum
2881 4372 3043 4438 fumo.
3081 4368 3290 4422 Fumus
3333 4367 3528 4421 divin-.e

312 4459 460 4515 θείας
499 4457 662 4524 ὀργῆς
698 4455 910 4522 δεῖγμα,
949 4455 1079 4505 καθὸ
1120 4457 1208 4505 καὶ
1251 4455 1327 4517 τὸ,
1369 4473 1386 4503 ι
1439 4455 1626 4522 Ἀνέϐη
1666 4457 1869 4518 καπνὸς

312 4550 367 4598 ἐν
409 4547 542 4613 ὀργῇ
572 4543 756 4606 αὐτοῦ,
804 4562 823 4594 ι
876 4545 1108 4610 εἴρηται.
1164 4544 1297 4594 Οὔτε
1342 4546 1446 4610 γὰρ
1491 4546 1694 4606 καπνὸς
1743 4547 1870 4597 ἄνευ

316 4635 486 4699 πυρὸς
528 4630 814 4698 ὑφίσταται
839 4670 852 4693 ,
883 4629 1002 4680 οὔτε
1055 4629 1162 4696 πῦρ
1205 4630 1408 4681 καπνοῦ
1444 4631 1580 4698 δίχα.
1617 4633 1688 4682 Τὸ
1720 4632 1773 4682 δὲ
1807 4635 1869 4684 ἐκ

313 4726 410 4791 τῆς
435 4721 586 4786 δὸξης
612 4719 702 4772 τοῦ
735 4720 866 4770 Θεοῦ
901 4721 1110 4787 καὶτῆς
1137 4720 1411 4786 δυνάμεως
1442 4720 1603 4771 αὑτοῦ
1627 4722 1866 4787 γίνεσθαι

311 4815 401 4866 τὸν
429 4811 649 4870 καπνὸν,
687 4811 1012 4879 περίφρασιν
1046 4811 1154 4877 (51)
1185 4809 1293 4876 ἔχει
1323 4810 1460 4860 τινά.
1504 4811 1574 4860 Οὐ
1608 4812 1713 4877 γὰρ
1750 4812 1864 4860 δια-

312 4904 469 4973 στολὴ
501 4902 634 4952 Θεοῦ
676 4904 771 4953 καὶ
808 4903 905 4970 τῆς
951 4904 1227 4969 δυνάμεως
1275 4901 1456 4952 αὑτοῦ.
1508 4902 1871 4968 Αὑτοδύναμις

309 4992 801 5063 raptata-3106651
826 4995 1012 5056 ὸΘεός.
1045 4996 1115 5044 Τὸ
1145 4994 1218 5056 δὲ,
1244 4992 1450 5056 Οὐδεὶς
1475 4992 1725 5044 ἐδύνατο
1749 4996 1871 5044 εἰσ-

307 5083 514 5139 ελθεῖν
563 5086 650 5145 είς
676 5083 782 5134 τὸν
821 5085 987 5147 ναὸν,
1019 5085 1049 5153 ἦ
1085 5085 1221 5135 κατά
1249 5085 1306 5135 τὸ
1338 5085 1715 5152 γεγραμμένον
1744 5086 1869 5136 αὐτὸ

308 5175 531 5243 νοητὲον
554 5214 568 5235 ,
605 5175 669 5224 ἵν’
796 5174 1203 5243 Ἐκτελούμενος
1237 5175 1405 5234 οὐδεὶς
1434 5178 1487 5225 ἐν
1530 5177 1869 5246 ὑποστήματι

304 5266 517 5334 Κυρίου
542 5281 553 5293 ο
588 5265 635 5314 εί
663 5264 768 5332 γὰρ
809 5262 991 5327 τοῦτο,
1027 5264 1185 5335 σχολῇ
1221 5265 1268 5331 γ’
1307 5266 1368 5317 ἂν
1405 5266 1595 5332 in:qu
1611 5267 1729 5335 κοίη
1772 5269 1869 5337 τὴν

385 5443 437 5476 ⁸³
472 5442 645 5496 Exod.
677 5457 800 5503 xxv,
844 5441 929 5494 l9.
1006 5442 1050 5472 ⁸³
1081 5441 1222 5497 Psal.
1263 5460 1391 5506 χιιι,
1426 5443 1474 5496 9.

391 5601 506 5673 (50)
546 5600 681 5662 Τοὺς
709 5598 969 5667 ἀγγέλους
1001 5600 1111 5664 cd.,
1154 5600 1357 5653 omissa
1411 5602 1669 5655 nutucrali
1719 5612 1864 5658 nuta.

1975 4460 2066 4513 ira:
2096 4452 2306 4526 signqu
2331 4472 2432 4523 est,
2460 4462 2612 4528 juxta
2642 4462 2767 4513 illud
2804 4465 2963 4514 etiam
2991 4460 3133 4528 quod
3161 4460 3364 4512 dictum
3397 4468 3478 4510 est
3506 4476 3518 4510 :

1977 4568 1994 4599 ι
2028 4551 2281 4601 Ascendit
2303 4550 2484 4602 fumus
2510 4552 2559 4601 in
2589 4552 2663 4602 ira
2689 4553 2807 4617 ejus
2831 4552 2925 4601 ⁸³.»
2963 4549 3143 4618 Neque
3172 4549 3315 4603 enim
3347 4549 3527 4601 fuluus

1971 4641 2174 4707 alisque
2209 4640 2328 4706 igne
2361 4641 2697 4705 producitur,
2735 4656 2906 4706 neque
2937 4641 3074 4707 ignis
3115 4642 3319 4709 absque
3353 4640 3523 4691 fumo.

1969 4730 2119 4795 Quod
2159 4737 2335 4781 autem
2374 4731 2577 4781 l'utnum
2601 4731 2729 4781 dicit
2757 4728 2866 4782 ﬁeri
2898 4745 2927 4781 a
2979 4731 3147 4797 gloria
3171 4732 3260 4783 Dei
3296 4743 3346 4784 et
3375 4747 3401 4782 a
3432 4746 3524 4797 po-

1976 4819 2138 4870 tentia
2185 4818 2377 4886 ipsius,
2427 4835 2532 4871 non
2567 4820 2630 4872 ad
2664 4819 2897 4872 litteram
2929 4821 3364 4890 intelligendum.
3406 4819 3521 4873 Non

1970 4909 2112 4960 enim
2141 4918 2221 4961 est
2257 4909 2558 4963 diﬂ'erentia
2583 4913 2722 4964 inter
2745 4911 2908 4964 Deum
2940 4923 2993 4965 et
3019 4929 3168 4966 suam
3204 4912 3518 4981 potentiam;

1972 5000 2083 5067 ipse
2123 5016 2352 5068 namque
2383 5001 2520 5055 Deus
2553 5019 2648 5055 sua
2683 5011 2764 5056 est
2806 5005 3041 5071 potentia
3080 5017 3285 5069 suaque
3327 4999 3515 5064 gloria.

1969 5090 2137 5144 Porro
2189 5093 2332 5160 quod
2368 5093 2562 5146 dicitur
2599 5117 2608 5148 :
2649 5095 2843 5147 Nullus
2899 5103 3099 5162 poterat
3149 5088 3348 5157 ingredi
3386 5097 3516 5134 tem-

1967 5182 2129 5248 plum,
2182 5195 2275 5239 aut
2323 5186 2545 5254 intelligi
2595 5188 2750 5240 debet
2779 5189 2931 5254 juxta
2967 5185 3018 5238 id
3053 5181 3193 5249 quod
3245 5177 3510 5241 scriptum

1966 5284 2066 5338 est,
2127 5284 2184 5328 ut
2214 5277 2518 5344 sitsensus,
2553 5278 2694 5347 quod
2721 5277 2896 5332 nullus
2927 5277 2993 5329 sit
3023 5270 3292 5342 perfectus
3326 5279 3511 5319 coram

2049 5604 2158 5675 (δι)
2189 5601 2583 5674 Περιφρόνησιν
2613 5598 2702 5652 ed.
