4126 6332
441 269 548 332 ’703

445 479 759 540 pateretur:
802 476 894 519 aut
925 466 1066 535 quod
1100 475 1269 519 sancti
1309 465 1458 518 nullo
1505 464 1669 516 modo
1710 462 1996 531 nequirent

446 561 682 628 quietem
719 572 964 625 superine
1014 554 1310 608 Jerusalem
1345 564 1397 608 ct
1429 553 1844 608 sanctimoniam
1877 567 1996 621 qua:

450 652 501 703 in
551 649 640 702 illo
679 648 874 716 templo
924 653 1025 706 cst,
1067 647 1380 715 priusquam
1452 645 1503 696 hi
1538 644 1629 711 qui
1680 642 1827 712 digni
1870 650 1998 696 sunt

450 740 750 792 sortiantur
775 736 1063 790 testimonii
1096 737 1334 804 praemia.
1359 735 1462 799 Qui
1493 749 1618 785 vero
1650 741 1852 800 septem
1887 733 2000 800 pla-

451 843 544 895 gas
585 829 664 880 his
716 827 977 894 aptaverit
1030 827 1119 893 qui
1179 826 1232 878 in
1294 824 1476 877 mundi
1530 823 2000 876 consummatione

452 919 810 981 invenientur,
846 931 1181 985 nequaquam
1208 931 1237 969 a
1271 923 1415 969 recto
1444 930 1508 968 ac
1537 913 1752 967 decenti
1781 913 2003 967 aberra-

450 1009 606 1061 verit.

900 1123 1060 1191 730
1090 1119 1314 1175 CAPUT
1354 1119 1541 1174 XLVI.

452 1235 601 1298 Quod
633 1236 799 1302 effusa
828 1237 994 1303 prima
1021 1236 1196 1300 phiala
1227 1236 1320 1302 ﬁat
1344 1235 1489 1288 ulcus
1513 1235 1761 1286 adversus
1792 1239 2004 1299 aposta-

590 1316 670 1356 tas
717 1307 802 1372 qui
837 1323 866 1357 a
905 1306 1007 1357 Deo
1040 1306 1336 1368 defecerunt
1369 1306 1436 1355 ιιίί
1461 1303 1862 1355 Autichristum.

519 1416 657 1476 XVI,
709 1417 754 1476 Ι.
787 1417 840 1470 2.
891 1416 956 1467 Ει
1001 1417 1180 1468 audivi
1227 1432 1398 1468 vocem
1456 1433 1698 1483 magnam
1752 1417 2004 1468 a‘icentent

453 1515 642 1571 septem
679 1506 875 1573 augetis
909 1520 927 1556 :
960 1503 1041 1556 Ite
1067 1514 1115 1555 et
1141 1506 1390 1571 e/fuudite
1429 1514 1618 1572 septem
1653 1505 1858 1570 phialas
1891 1505 2005 1572 ple-

457 1609 547 1643 nas
579 1593 869 1645 iracundia:
903 1592 994 1643 Dei
1020 1593 1072 1642 in
1098 1603 1310 1644 terram.
1340 1591 1404 1645 Et
1439 1593 1566 1644 abiit
1593 1595 1790 1660 primus
1809 1603 1856 1646 et
1877 1594 2008 1660 e/fu-

1250 255 1572 319 ARETIIE
1609 254 1984 316 CiESARErE
2015 251 2491 316 CAPPADOCI/E
2526 251 2865 312 EPISCOPI

444 383 553 433 Deo
583 398 595 431 :
626 393 748 432 nam
780 377 826 431 si
863 375 984 429 talis
1033 384 1196 437 esset,
1249 375 1398 427 nullo
1442 371 1604 426 modo
1637 371 1808 440 ipsius
1856 373 1990 424 iram
2020 393 2038 430 λ

2113 368 2282 422 τούτου
2318 369 2489 440 ὀργήν
2525 385 2539 398 ·

3549 242 3658 311 704

2573 367 2605 438 ἦ
2651 369 2711 420 τὸ
2757 362 3018 436 μηδαμῶς
3045 365 3170 430 τοὺς
3202 361 3386 432 ἁγίᾶυς
3415 365 3513 434 τῆς
3549 368 3661 418 ἄνω

2106 460 2457 529 Ἰερουσαλὴμ
2499 461 2683 528 τυχεῖν
2734 457 2973 526 λήξεως,
3016 457 3111 509 καὶ
3149 456 3245 524 τῆς
3289 457 3347 508 ὲν
3376 454 3454 526 τῷ
3484 447 3660 508 ἐκεῖσε

2096 549 2208 620 ναῷ
2256 548 2563 620 ἱερουργίας
2615 549 2742 616 πρὶν
2790 547 2822 616 ἢ
2863 548 3042 614 τυχεῖν
3085 545 3210 607 τοὺς
3253 544 3432 608 ἀξίους
3473 545 3540 598 τὰ
3576 545 3663 598 διὰ

2102 641 2398 710 μαρτυρίας
2424 640 2694 709 ἐπίχειρα.
2731 638 2840 700 Τὰς
2878 637 2933 689 δὲ
2963 635 3102 689 ἑπτὰ
3135 636 3344 706 πληγὰς
3370 637 3399 687 ὁ
3432 638 3544 698 τοῖς
3568 637 3662 688 ἐπὶ

2101 730 2372 799 συντελείᾳ
2401 730 2490 781 τοῦ
2538 730 2741 798 κόσμου
2790 727 3197 798 εὑρισκομένοις
3237 725 3664 797 προσαρμόττων

2099 820 2198 873 οὒκ
2225 821 2290 874 ἂν
2321 821 2539 891 ἁμάρτῃ
2562 820 2655 872 τοῦ
2688 821 3011 890 πρέποντος.

2671 1112 2713 1163 Κ
2725 1110 2842 1162 ΕΦΛ
2857 1111 2916 1162 .\.
2959 1107 3110 1175 ΜΤ.

2105 1221 2295 1287 Ὅπως
2318 1220 2423 1286 τῆς
2446 1222 2678 1290 πρώτης
2700 1222 2915 1289 φιάλης
2932 1222 3308 1290 ἐκχυθείσης,
3324 1221 3502 1288 ἕλκος
3522 1239 3624 1276 και

2488 1289 2605 1342 τῶν
2643 1289 3008 1344 ἀποστατῶν
3026 1289 3280 1360 γίνεται.

2176 1402 2282 1454 Καὶ
2347 1401 2581 1467 ἥκουοά
2629 1402 2895 1469 μεγάλης
2941 1401 3148 1469 φωνῆς
3198 1403 3500 1470 λεγούσης
3549 1402 3674 1467 τοῖς

2105 1493 2252 1546 ἑπτὰ
2281 1492 2554 1559 ἀγγέλοις
2574 1508 2588 1522 ·
2647 1492 2931 1561 ’Υπάγετε
2979 1493 3078 1545 καί
3118 1493 3362 1560 ἐκχέατε
3394 1494 3496 1557 τὰς
3526 1492 3675 1545 ἑπτὰ

2108 1583 2327 1649 φιάλας
2367 1582 2472 1635 τοῦ
2512 1582 2700 1648 θυμοῦ
2749 1583 2854 1635 τοῦ
2911 1583 3057 1636 Θεοῦ
3098 1585 3183 1646 εἰς
3217 1582 3331 1650 τὴν
3375 1583 3512 1652 γῆν.
3565 1582 3674 1636 Καὶ

456 1684 531 1733 (lit
580 1681 808 1750 phialam
859 1697 1008 1734 suam
1043 1682 1094 1732 in
1129 1691 1342 1744 terram,
1391 1686 1438 1734 et
1487 1682 1686 1749 factum
1732 1692 1807 1735 est
1860 1683 2007 1734 ulcus

2113 1672 2384 1739 ἀπῆλθεν
2413 1676 2445 1726 ό
2476 1671 2704 1739 πρῶτος
2738 1673 2836 1726 καί
2868 1673 3070 1741 ἐξέχεε
3098 1673 3212 1738 τὴν
3240 1672 3465 1739 φιάλην
3489 1671 3675 1726 αὐτοῦ

457 1770 651 1822 malum
683 1787 743 1821 ac
774 1770 990 1821 noxium
1016 1771 1066 1821 in
1093 1769 1321 1821 homines
1338 1770 1425 1838 qui
1450 1768 1702 1820 habebant
1737 1771 2004 1820 characte-

458 1880 561 1915 rem
601 1863 795 1926 bestiae,
823 1871 871 1914 et
896 1861 984 1930 qui
1017 1861 1307 1914 adorabunt
1343 1863 1623 1929 imaginem
1662 1860 1798 1928 ejus.

526 2048 768 2116 Magnam
806 2063 1014 2109 vocem,
1051 2061 1157 2100 non
1187 2047 1362 2116 quoad
1402 2062 1630 2112 sonum;
1672 2060 1830 2114 quem
1863 2045 2004 2100 enim

453 2153 672 2190 sensum
706 2153 871 2205 pones
897 2138 950 2190 in
988 2138 1072 2190 his
1105 2139 1196 2205 qui
1241 2137 1372 2190 nihil
1409 2152 1545 2205 opus
1572 2137 1773 2190 habent
1805 2135 2007 2190 scnsn?

452 2230 543 2281 s-d
575 2243 846 2295 magnam,
883 2230 952 2279 ob
981 2227 1376 2279 intolerabilem
1412 2227 1802 2295 propemodum
1839 2228 2006 2280 mise-

453 2319 589 2369 riam
626 2333 814 2370 eorum
845 2318 934 2386 qui
991 2318 1310 2384 puniuntur.
1350 2316 1518 2370 Porro
1566 2333 1756 2369 vocem
1805 2317 2006 2381 dicere,

457 2415 730 2474 sumptum
759 2418 840 2460 est
871 2422 970 2474 pro
1005 2407 1330 2473 signiﬁcare.

529 2496 730 2564 E/j’udit
761 2499 1158 2562 phialamsuam
1187 2498 1241 2548 in
1272 2508 1485 2549 terram.
1509 2496 1712 2549 Phiala
1744 2498 1845 2550 hoc
1868 2497 2008 2559 loco,

459 2589 596 2641 sicut
623 2597 676 2641 ct
702 2588 860 2648 calix,
883 2587 1227 2656 intelligenda
1241 2595 1321 2640 cst
1339 2589 1418 2639 vis
1439 2588 1701 2656 punitiva.
1722 2603 1826 2656 qua
1845 2587 2009 2640 cll‘usa

458 2679 645 2742 ulcus,
703 2675 902 2744 inquit,
961 2676 1178 2727 noxium
1211 2676 1496 2738 successit,
1545 2676 1831 2745 allegorice
1864 2676 2011 2729 desi-

459 2765 674 2832 gnando
730 2767 1030 2819 cruciatum
1061 2766 1112 2819 in
1143 2767 1307 2819 corde
1353 2765 1650 2820 ardentem.
1684 2767 1852 2820 Porro
1874 2765 2010 2820 cliu-

457 2873 572 2910 sam
621 2873 740 2911 esse
770 2858 820 2910 in
855 2868 1076 2921 terram,
1128 2867 1349 2912 accusat
1383 2858 1501 2913 illos
1534 2860 1626 2928 qui
1670 2868 2008 2913 terrenorum

458 2948 694 3000 vanitate
729 2949 1038 3002 trahuntur.
1082 2949 1205 3003 [dco
1238 2964 1453 3018 quoque
1488 2949 1552 3002 ad
1599 2949 1860 3018 majorem
1900 2964 2012 3002 ma-

459 3038 856 3093 nil'estationem
891 3039 1190 3109 subjungit,
1212 3042 1353 3109 quod
1377 3057 1530 3108 super
1546 3057 1731 3110 pravos
1757 3027 2007 3094 homines.
2038 3015 2081 3076 ε

461 3129 564 3182 Sed
593 3131 811 3197 quinam
845 3141 1005 3183 erunt
1039 3132 1112 3183 illi
1146 3133 1340 3199 pravi?
1370 3132 1474 3196 Qui
1507 3134 1590 3185 vel
1639 3133 2007 3203 characterem

461 3229 670 3289 gestant
699 3223 881 3276 bestiae
906 3225 984 3276 vel
1019 3225 1249 3276 adurant
1273 3225 1556 3291 imaginem
1583 3223 1701 3290 ejus
1731 3241 1742 3274 :
1777 3238 1840 3275 co
1866 3222 2009 3290 quod

461 3311 853 3364 discesserinta
885 3312 993 3363 Deo
1020 3314 1252 3377 vivente,
1285 3324 1335 3366 ct
1362 3313 1424 3366 ad
1447 3314 1839 3365 Anticliristum
1871 3327 2005 3365 cou-

463 3396 734 3450 lluxerint.
761 3398 928 3450 Porro
968 3400 1252 3467 imaginem
1299 3401 1507 3462 bestiae,
1567 3401 1618 3452 id
1654 3408 1757 3464 est,
1785 3401 2010 3466 diaboli,

464 3485 594 3537 dicit
627 3484 1042 3537 Anticliristum.

987 3618 1212 3672 CAPUT
1251 3619 1456 3673 XLVII.
1541 3617 1548 3624 ’

465 3753 633 3822 Plaga
699 3754 923 3806 secunda
983 3753 1228 3807 adversus
1277 3773 1339 3808 ea
1389 3772 1502 3824 qua:
1565 3753 1913 3822 objurgantur
1961 3760 2011 3810 in

1163 3843 1204 3876 Hi
1217 3846 1244 3876 tt
1254 3843 1295 3877 Π
1306 3868 1316 3879 .

531 3973 571 4028 Χ
587 3973 668 4041 Vl,
697 3979 747 4031 5.
785 3979 849 4030 lt't
872 3981 1122 4031 secundus
1154 3981 1364 4047 angi-lus
1393 3982 1573 4048 effudit
1598 3984 1828 4050 phiatam
1863 4001 2012 4037 suam

464 4069 516 4120 in
555 4086 714 4134 mare,
747 4081 793 4122 et
829 4071 999 4136 factus
1035 4081 1106 4122 cst
1158 4074 1369 4139 sanguis
1425 4084 1670 4140 tanquam
1712 4075 1922 4136 mortui,
1965 4084 2012 4125 et

465 4161 628 4213 omnis
658 4162 832 4211 anima
868 4162 1037 4212 vivens
1065 4170 1266 4212 mortua
1293 4173 1366 4212 est
1401 4163 1451 4213 iu
1484 4165 1638 4214 mari.

537 4335 692 4400 781
733 4331 874 4383 Mare
917 4339 1007 4382 aut
1041 4331 1321 4398 prmscntis
1374 4332 1554 4385 saeculi
1609 4333 2013 4386 instabilitatcm

468 4425 772 4492 signiﬁcare
805 4426 935 4485 vult,
971 4439 1034 4477 eo
1066 4424 1209 4493 quod
1245 4435 1369 4478 tunc
1403 4441 1530 4494 gens
1563 4425 1747 4477 bellice
1777 4425 2018 4492 insurget

468 4512 788 4579 ingentem:
817 4513 958 4566 unde
993 4513 1036 4566 si
1070 4531 1214 4568 mare
1246 4515 1442 4582 prieliis
1467 4515 1766 4578 navalibus,
1793 4523 1845 4567 et
1878 4523 2016 4566 terra

468 4614 519 4655 ct
559 4605 774 4657 llumina
828 4621 1013 4660 eorum
1060 4608 1147 4677 qui
1198 4610 1518 4662 occiduntur
1561 4609 1821 4677 Sanguine
1856 4606 2019 4660 rube-

470 4706 640 4757 scant,
684 4699 814 4750 nihil
849 4700 1042 4752 mirmn
1075 4710 1186 4754 est:
1225 4701 1337 4754 sive
1369 4701 1508 4769 quod
1545 4701 1725 4752 divina
1760 4699 1955 4752 virtute
1990 4713 2019 4750 a

470 4786 668 4838 sanctis
719 4791 990 4856 prophetis
1036 4789 1217 4845 Enocli
1253 4803 1304 4845 ct
1343 4792 1451 4844 Elia
1496 4792 1584 4844 lict
1619 4799 1744 4842 tunc
1775 4788 2023 4842 fortassis

471 4875 696 4927 mutatio
726 4891 986 4945 aquarum
1016 4880 1066 4932 in
1105 4883 1420 4948 sanguinem
1443 4923 1456 4946 ,
1491 4881 1554 4934 ad
1592 4880 2020 4948 redarguitionem

471 4980 653 5018 eorum
677 4967 766 5034 qui
794 4968 996 5022 seducti
1029 4971 1228 5025 fuerint
1261 4972 1753 5040 :quemadmodum
1778 4971 1831 5023 in
1864 4968 2026 5037 Egy-

471 5065 561 5126 pto
591 5057 692 5111 sub
723 5056 867 5111 Mosc
907 5073 1164 5114 conversa
1203 5073 1327 5114 sunt
1357 5062 1570 5115 ﬂumina
1624 5082 1636 5115 :
1674 5061 1817 5132 quod
1863 5061 2022 5112 etiam

474 5149 642 5217 magis
674 5150 932 5219 consequi
969 5151 1157 5204 tribuit
1180 5151 1228 5203 id
1264 5154 1402 5219 quod
1437 5155 1798 5223 sulsjungitnr,
1835 5167 2027 5217 nempe

473 5241 692 5308 sanguis
727 5257 833 5293 non
872 5242 1107 5306 mortui,
1162 5243 1252 5295 sed
1304 5250 1558 5312 tanquam
1613 5245 1832 5306 mortui,
1883 5241 2026 5310 quod

473 5332 734 5398 particula
752 5331 846 5396 ὡς,
875 5333 926 5386 id
950 5342 1032 5387 cst
1057 5342 1323 5401 tanquam,
1355 5349 1458 5386 non
1486 5336 1557 5387 rei
1586 5335 1899 5398 efficaciam,
1936 5333 2027 5384 sed

479 5421 879 5477 similitudinem
929 5425 980 5478 in
1035 5425 1340 5479 universum
1391 5424 1629 5493 designet
1686 5443 1697 5475 τ
1752 5426 1821 5477 ita
1866 5433 1922 5478 ut
1967 5439 2027 5476 ca

480 5509 790 5577 Coniectura
823 5530 928 5566 non
965 5516 1120 5588 longe
1147 5516 1357 5572 aberret
1390 5532 1415 5568 a
1450 5530 1633 5583 scopo.
1662 5516 1851 5570 Mortui
1883 5529 2026 5579 vero,

481 5592 582 5647 lioc
606 5607 705 5661 cst,
735 5598 979 5668 jugulati.

2107 1767 2192 1826 εἱς
2214 1763 2325 1829 τὴν
2347 1763 2482 1832 γῆν,
2507 1764 2605 1816 καὶ
2626 1765 2859 1832 ἐγένετο
2882 1763 3060 1826 ἕλκος
3077 1763 3264 1815 κακὸν
3291 1764 3386 1814 καί
3413 1764 3678 1829 πονηρὸν

2107 1856 2204 1908 ἐπὶ
2225 1855 2365 1920 τοὺς
2390 1855 2736 1922 ἀνθρώπους
2758 1853 2899 1917 τοὺς
2922 1853 3170 1921 ἔχοντας
3193 1853 3256 1905 τὸ
3281 1852 3550 1920 χάραγμα
3570 1852 3676 1906 τοῦ

2109 1949 2334 2013 θηρίου,
2357 1948 2451 2000 καί
2480 1947 2617 2011 τοὺς
2641 1945 3136 2015 προσκυνοῦντας
3166 1943 3239 2012 τῇ
3259 1945 3439 1997 εικόνι
3463 1943 3671 1997 αὐτοῦ.

2179 2041 2403 2110 Μεγάλῃ
2430 2045 2599 2111 φωνῇ,
2623 2042 2681 2093 οῦ
2713 2044 2776 2109 τῇ
2802 2033 3094 2111 ἁπηχὴσει,
3121 2039 3224 2107 (τίς
3247 2039 3355 2108 γὰρ
3378 2040 3468 2092 καὶ
3484 2040 3674 2107 αἴσθη-

2111 2150 2193 2194 σις
2217 2135 2327 2194 τοῖς
2358 2133 2508 2184 οὐδὲν
2540 2132 2801 2201 αἰσθητοῦ
2834 2131 3249 2200 προσδεομένοις
3270 2130 3308 2196 ;)
3343 2129 3475 2181 ἀλλα
3503 2129 3676 2199 μεγὰ-

2109 2224 2220 2285 λοις
2250 2227 2314 2292 τῇ
2346 2223 2654 2292 ἀνυποίστῳ
2688 2223 2870 2292 σχεδὸν
2904 2223 3248 2292 ταλαιπωρίᾳ
3273 2223 3378 2275 τῶν
3405 2239 3675 2292 τιμωρου-

2113 2315 2306 2382 μένων.
2345 2314 2417 2365 Τὸ
2449 2315 2506 2366 δὲ
2538 2316 2636 2384 τὴν
2673 2314 2854 2383 φωνὴν
2883 2313 3084 2381 λέγειν,
3118 2315 3238 2367 ἀντ)⁸
3266 2314 3358 2367 τοῦ
3391 2315 3677 2383 σημαίνειν

2110 2405 2343 2473 εἴρηται.

2193 2493 2425 2560 Ἐξέχεε
2452 2492 2558 2560 τὴν
2593 2497 2818 2561 φιάλην
2843 2494 3025 2548 αὐτοῦ
3055 2497 3142 2558 είς
3173 2496 3288 2561 τὴν
3311 2513 3411 2567 πη,
3431 2537 3443 2550 .
3477 2496 3676 2564 Φιάλην

2113 2582 2340 2632 ἐνταῦθα
2363 2583 2611 2648 καθάπερ
2641 2585 2917 2652 ποτήριον,
2935 2584 3032 2654 τὴν
3057 2585 3380 2656 κολαστικοιν
3398 2579 3676 2656 ἐνέργειαν

2112 2671 2429 2741 ὲκληπτέον,
2456 2667 2522 2741 ἧς
2553 2672 2889 2742 ὲκχεθείσης,
2909 2674 3084 2738 ἕλκος,
3105 2677 3258 2744 φησὶ,
3279 2679 3513 2744 πονηρὸν
3545 2693 3676 2745 συμ-

2113 2764 2294 2830 ϐῆναι,
2332 2763 2520 2826 ἕλκος,
2554 2765 2652 2832 τὴν
2690 2765 2748 2817 ὲν
2787 2766 2983 2836 καρδίᾳ
3019 2766 3325 2836 σφύζουοιιν
3362 2768 3551 2838 ὀδύνην
3583 2767 3674 2820 ἀλ-

2112 2855 2376 2924 ληγορῶν.
2431 2852 2553 2907 Ἐπὶ
2601 2857 2699 2927 τὴν
2734 2857 2837 2926 γῆν
2872 2857 2928 2909 δὲ
2977 2858 3219 2928 χεοῆναι,
3270 2863 3404 2927 γῆν,
3450 2861 3575 2922 τοὺς
3607 2861 3672 2929 τῇ

2101 2945 2433 3014 *ματαιότητι
2474 2946 2581 2999 τῶν
2619 2949 2821 3016 γηΐνων
2860 2949 3313 3018 περισπωμένους
3362 2949 3672 3003 ἀποκαλῶν.

2114 3035 2203 3087 Διὸ
2239 3036 2332 3089 καὶ
2361 3036 2608 3103 ἐπιφέρει
2646 3036 2778 3104 πρὸς
2813 3040 3106 3107 σαφήνειαν
3139 3040 3221 3101 τὸ,
3254 3039 3350 3092 ἐπὶ
3385 3039 3526 3103 τοὺς
3569 3052 3678 3091 πο-

2111 3127 2333 3193 νηροὺς
2362 3128 2729 3195 ἀνθρώπους.
2770 3129 3002 3196 Πονηροὶ
3041 3130 3096 3180 δὲ
3124 3129 3262 3190 τίνες
3306 3131 3370 3181 ἂν
3401 3126 3529 3192 εἷεν,
3565 3130 3596 3199 ἢ
3627 3129 3677 3180 oi

2111 3217 2170 3267 τὸ
2200 3217 2459 3285 χάραγμα
2492 3220 2875 3285 ἐπιφερόμενοι
2928 3218 3023 3270 τοῦ
3064 3219 3251 3286 ίΙηρίου
3276 3258 3290 3278 ,
3325 3221 3386 3270 ὲκ
3415 3219 3506 3270 τοῦ
3547 3222 3678 3271 ἁπο-

2117 3306 2299 3373 στῆναι
2349 3306 2448 3371 μὲν
2483 3306 2588 3355 ἀπὸ
2639 3307 2774 3355 Θεοῦ
2829 3304 3052 3367 ζῶντος,
3088 3303 3163 3373 τῷ
3221 3306 3574 3374 ’Λντιχρίστῳ
3623 3307 3677 3358 δὲ

2114 3397 2450 3462 προσρυῆναι
2473 3412 2486 3458 ;
2513 3395 2709 3446 Εἰκόνα
2733 3395 2789 3446 δὲ
2848 3394 2939 3446 τοῦ
2968 3395 3156 3463 Θηρίου
3187 3395 3276 3446 τὸν
3312 3396 3678 3467 ’Δντίχριστον

2114 3485 2283 3550 λέγει,
2313 3486 2578 3548 τουτέστι,
2609 3485 2700 3536 τοῦ
2732 3485 2998 3538 διαϐόλου.

2687 3620 2933 3673 ΚΕΦΑΛ.
2968 3619 3074 3672 ΜΖ¹
3087 3661 3100 3674 .

2117 3752 2321 3820 Πληγίρ
2350 3753 2593 3821 δευτέρα
2620 3755 2767 3807 κατὰ
2801 3755 2918 3808 τῶν
2961 3757 3030 3808 ἐν
3075 3757 3359 3826 θαλάσσῃ
3415 3760 3680 3829 emt/[uo-

2785 3844 3000 3895 μενων.

2186 3985 2289 4035 Καὶ
2322 3987 2351 4036 o'
2372 3983 2643 4049 δεύτερος
2672 3985 2922 4052 ἅγγελος
2945 3986 3147 4053 ἐξέχεε
3176 3988 3287 4052 τὴν
3321 3988 3544 4054 φιάλην
3576 3992 3684 4043 αὐ-

2115 4073 2219 4125 τοῦ
2253 4076 2336 4136 εὶς
2367 4074 2476 4137 τὴν
2515 4073 2864 4134 θάλασσαν,
2895 4075 2990 4126 καὶ
3033 4077 3267 4142 ἐγένετο
3299 4073 3439 4144 αἷμα
3481 4079 3560 4139 ὠς
3584 4097 3683 4130 νε-

2117 4164 2288 4228 κροῦ,
2331 4165 2426 4216 καί
2462 4163 2628 4217 πᾶσα
2661 4167 2826 4232 ψυχὴ
2863 4164 3016 4224 ζῶσα
3041 4167 3339 4220 ἀπέθανεν
3371 4169 3440 4220 ἐν
3472 4169 3540 4236 τῇ
3583 4175 3685 4221 0a-

2119 4249 2348 4318 JdUUn.

2053 4345 2091 4398 Ι)
2192 4343 2473 4397 Θάλασσαν
2511 4345 2618 4396 εἴτε
2670 4344 2729 4397 τὸ
2761 4346 3106 4414 ἀστάθμητον
3139 4349 3228 4401 τοῦ
3260 4350 3522 4417 παρόντος
3554 4353 3684 4404 αἰῶ-

2119 4449 2205 4493 νος
2227 4433 2532 4502 ἐκδέχεσθαι
2567 4434 2830 4503 βούλεται,
2857 4436 2974 4488 καθ’
3006 4437 3061 4489 ἒν
3087 4438 3143 4490 τὸ
3177 4441 3473 4506 τηνικαῦτα
3503 4442 3684 4505 ἔθνους

2120 4521 2204 4572 ἐπ’
2251 4522 2398 4584 ἔθνος
2428 4523 2696 4590 πολεμίως
2733 4527 3076 4594 ἐγειρομένου
3120 4544 3132 4556 ³
3169 4529 3289 4581 ὅθεν
3342 4531 3432 4582 καὶ
3477 4533 3524 4581 εἰ
3551 4548 3682 4582 ναυ-

2125 4613 2342 4680 μαχίαις
2387 4617 2419 4684 ή
2466 4615 2732 4679 θάλασσα,
2781 4618 2933 4686 καὶὴ
2974 4620 3042 4688 γῆ
3090 4621 3182 4673 καὶ
3222 4624 3267 4672 oi
3313 4626 3546 4693 ποταμοὶ
3577 4624 3684 4676 τῶν

2122 4704 2586 4774 ὰποκτεινομένων
2610 4708 2971 4774 φοινίσσονται
2997 4711 3242 4780 αῖμασιν,
3266 4713 3414 4765 οὐδὲν
3436 4714 3682 4776 ἁπεικός,

2123 4795 2228 4846 εἴτε
2259 4798 2348 4848 καὶ
2373 4797 2490 4868 Θείᾳ
2519 4800 2744 4868 δυνάμει
2777 4801 2908 4869 πρὸς
2932 4801 3151 4870 ἔλεγχον
3177 4804 3283 4856 τῶν
3311 4807 3682 4874 ἀπατωμένων

2123 4890 2241 4940 τότε
2285 4889 2384 4940 ὑπὸ
2417 4891 2522 4942 τῶν
2559 4892 2727 4958 ἁγίων
2764 4892 3055 4960 προφητῶν
3100 4893 3266 4964 Ἑνὼχ
3314 4899 3407 4948 καὶ
3459 4897 3608 4949 Ἠλία
3649 4897 3682 4966 ἡ

2130 4981 2395 5050 μεταϐολὴ
2425 4982 2632 5046 γένοιτο
2663 4982 2866 5034 ὑδάτων
2906 4983 2980 5044 είς
3014 4978 3172 5052 αἷμα,
3205 4985 3278 5047 ὡς
3309 4989 3397 5039 καὶ
3429 4990 3484 5041 ἐν
3518 4988 3682 5056 Λὶγύο

2127 5087 2241 5138 πτῳ
2267 5071 2368 5122 ὑπὸ
2398 5072 2642 5133 Μωσέως
2671 5073 2719 5123 οἱ
2758 5073 3007 5142 ποταμοὶ,
3033 5074 3059 5126 ὃ
3094 5076 3186 5127 καὶ
3221 5077 3416 5144 μᾶλλον
3442 5080 3620 5148 τυχεῖν
3647 5081 3679 5147 ή

2127 5159 2359 5230 ἐπιφορὰ
2407 5161 2496 5213 τοῦ
2546 5163 2710 5231 ῥητοῦ
2743 5162 2987 5226 δίδωσιν,
3035 5162 3173 5232 αἷμα
3200 5168 3517 5234 φάσκοντος,
3564 5170 3682 5236 οὐχὶ

2128 5251 2338 5319 ν;κροῦ,
2376 5253 2486 5303 ἀλλ’
2516 5252 2590 5313 ὡς
2623 5253 2849 5321 νεκροῦ,
2903 5253 2995 5304 τοῦ
3046 5255 3125 5320 ὡς
3183 5258 3368 5327 μορίου
3398 5261 3496 5311 οὐκ
3534 5258 3683 5326 ἐνέρ-

2129 5357 2299 5404 γειαν,
2325 5342 2438 5393 ἀλλ’
2467 5343 2756 5410 ὁμοιότητα
2786 5342 2859 5405 ὡς
2898 5344 3098 5396 ἐπίπαν
3141 5350 3536 5417 παριστῶντος.
3581 5348 3679 5399 οὐκ
3715 5396 3720 5403 .

2130 5430 2505 5497 ἀποτυχόντως
2555 5432 2621 5484 ἂν
2672 5432 2754 5500 εἴη
2807 5432 2898 5485 τοῦ
2956 5436 3179 5489 σκοποῦ.
3235 5438 3446 5509 Νεκροῦ
3490 5437 3544 5489 δὲ
3589 5437 3685 5490 τοῦ

2132 5520 2492 5590 ἐσφαγμένου.
