4126 6332
393 351 502 415 ’105

965 459 1217 513 ΚΕΦΔΔ.
1255 459 1394 512 MH'.

396 569 598 635 Ὅπως
625 569 722 622 διὰ
756 569 856 638 τῆς
895 571 1095 638 τρίτης
1148 574 1212 648 ol_
1250 572 1496 640 ποταμοὶ
1525 575 1613 634 εἰς
1671 566 1812 640 αἷμα
1848 588 1954 639 με·

970 658 1372 707 τακιρνωνται.

465 751 572 804 Kal
613 753 644 802 ό
699 752 892 818 τρίτος
935 750 1137 819 ἐξέχεε
1189 751 1416 819 φιάλην
1444 751 1624 804 αὐτοῦ
1662 754 1748 815 εὶς
1813 751 1955 816 τοὺς

394 843 695 910 ποταμοὺς
723 843 819 896 καὶ
853 845 937 908 εἰς
975 842 1079 908 τὰς
1119 846 1310 911 πηγὰς
1376 841 1495 895 τῶν
1559 843 1811 908 ὑδάτων,
1857 846 1955 894 καὶ

393 932 630 998 ἐγένετο
692 927 852 998 αἷμα.
917 933 1027 984 Kal
1057 930 1292 999 ἤκουσα
1367 932 1470 984 τοῦ
1516 917 1800 999 ἀγγέλοα
1837 931 1954 983 τῶν

392 1020 630 1075 ὑδάτων
701 1023 1007 1090 λέγοντος·
1083 1024 1312 1086 Δίκαιος
1365 1019 1422 1074 εἷ
1461 1027 1492 1074 ὀ
1544 1022 1645 1086 ὢν,
1680 1023 1775 1075 καὶ
1815 1027 1846 1076 ό
1878 1019 1955 1090 ἦν

394 1117 427 1165 ό
482 1113 669 1178 ὅσιος,
714 1113 801 1165 ὅτι
868 1114 1051 1166 ταῦτα
1109 1113 1366 1180 ἔκρινας,
1419 1114 1508 1166 ὅτι
1567 1108 1707 1181 αἷμα
1771 1113 1955 1181 ἁγίων

393 1205 490 1257 καὶ
531 1202 848 1270 προφητῶν
871 1204 1138 1270 ἐξέχεαν,
1176 1205 1270 1256 καὶ
1304 1202 1445 1271 αἷμα
1481 1204 1685 1269 αὐτοῖς
1728 1205 1955 1268 ἔδωκας

394 1294 550 1346 πιεῖν
573 1309 585 1321 ”
619 1293 771 1356 ἄξιοι
805 1294 911 1361 γάρ
935 1299 1107 1348 εἰσιν.
1150 1295 1254 1348 Kal
1279 1295 1516 1362 ἤκουσα
1539 1296 1731 1349 ἄλλου
1756 1297 1822 1348 ἐκ
1851 1295 1956 1348 τοῦ

394 1386 1140 1454 θυσιαστηρίουλέγοντος·
1162 1388 1292 1449 Ναὶ,
1315 1389 1509 1453 Κύριε,
1535 1391 1566 1441 ό
1593 1389 1734 1451 Θεὸς
1753 1390 1784 1438 o'
1805 1404 1956 1438 παν-

393 1474 708 1542 τοκράτοφ,
748 1477 1023 1542 ἀληθιναὶ
1060 1478 1157 1529 καὶ
1209 1477 1429 1530 δίκαιαι
1464 1481 1522 1530 al
1554 1480 1780 1545 κρίσεις
1816 1495 1951 1530 σου.

465 1567 773 1619 Κάντεῦθεν
814 1567 1084 1621 δείκνυται
1126 1572 1235 1632 τοῖς
1284 1571 1564 1637 στοιχείοις
1609 1569 1955 1637 ὲπιτετάλθαι

393 1656 674 1723 ἀγγέλους,
737 1651 811 1709 ὧν
846 1660 942 1710 ἕνα.
965 1659 1052 1710 τὸν
1086 1661 1176 1710 ἐπὶ
1207 1660 1314 1711 τῶν
1347 1661 1551 1712 ὑδάτων
1596 1662 1782 1728 ὑμνεῖν
1824 1677 1956 1728 φησι

390 1747 486 1798 τὸν
511 1747 664 1810 Θεὸν,
695 1749 786 1799 ἐπὶ
824 1753 886 1817 τῇ
924 1751 1046 1800 κατ’
1091 1750 1246 1815 ἀξίαν
1273 1751 1534 1820 καταδίκῃ
1565 1751 1673 1802 τῶν
1714 1750 1953 1819 παραδε-

393 1834 661 1901 δηκὸτων,
695 1836 745 1889 οἳ
785 1838 878 1898 τὰς
905 1840 1091 1906 χεῖρας
1137 1841 1246 1900 τοῖς
1276 1839 1502 1907 αἴμασιν
1539 1840 1805 1908 ἐμόλυναν
1852 1841 1958 1892 τῶν

393 1925 589 1991 ἁγίων.
620 1926 728 1977 Καὶ
765 1928 895 1997 πρὶν
951 1928 1069 1997 μὲν,
1106 1930 1336 1997 μάλιστα
1371 1930 1424 1981 δὲ
1474 1931 1532 1982 τὸ
1563 1930 1855 1998 τηνικαῦτα
1902 1933 1958 1982 ὲν

392 2015 473 2085 τῷ
497 2017 590 2069 τοῦ
629 2018 991 2087 Ἀντιχρίστου
1026 2019 1222 2088 καιρῷ,
1278 2020 1393 2070 ἀνθ’
1422 2015 1495 2071 ὧν
1533 2023 1594 2088 τῇ
1632 2021 1737 2071 τῶν
1793 2021 1958 2088 αἱμά-

394 2123 504 2160 των
551 2108 789 2178 διαφόρῳ
844 2110 973 2181 δίψῃ
1001 2111 1127 2172 τοὺς
1180 2111 1491 2179 τολμῶντας
1553 2111 1797 2164 ἐκάλεσε.
1833 2114 1958 2162 Δια-

393 2198 708 2267 φθαρέντων
737 2200 844 2269 γᾶρ
890 2201 1150 2267 ποταμῶν
1186 2203 1278 2252 καὶ
1313 2203 1674 2270 συστημάτων
1697 2203 1804 2255 τῶν
1852 2220 1958 2272 πη-

392 2291 589 2356 γαίων,
622 2291 779 2343 πόθεν
803 2292 866 2344 ἂν
893 2291 1113 2344 ἄλλοθεν
1138 2292 1233 2360 τὴν
1264 2292 1421 2360 δίψαν
1450 2293 1776 2358 animine;

470 2471 577 2524 Kal
596 2471 828 2538 ἤκουσα
851 2473 953 2524 τοῦ
977 2473 1232 2542 ἀγγέλου
1262 2473 1376 2526 τῶν
1411 2475 1661 2527 ὑδάτων.
1695 2476 1766 2527 Οὐ
1802 2476 1958 2544 μόνον

393 2562 580 2632 ἔφοροι
611 2563 716 2614 τῶν
767 2562 955 2629 ἐθνῶν,
988 2565 1128 2616 κατὰ
1173 2565 1264 2617 τὸν
1293 2567 1586 2634 νομοθέτην
1617 2569 1874 2636 Μωῦσῆν,
1904 2568 1959 2619 αἱ

395 2653 541 2706 θείαι
567 2653 843 2722 δυνάμεις,
881 2655 1015 2707 ἀλλὰ
1067 2656 1160 2707 καλ¹
1193 2654 1298 2707 τῶν
1325 2658 1606 2724 κοσμικῶν
1638 2659 1947 2726 στοιχείων,

393 2741 588 2810 ὥσπερ
615 2744 745 2812 ἡμῖν
778 2743 809 2810 ἡ
856 2743 1038 2795 θεόθεν
1063 2743 1199 2814 αὓτη
1247 2745 1587 2814 ἀποκάλυψις
1638 2747 1956 2816 εἰσηγεῖται.

401 2833 472 2884 Ἀ
495 2832 550 2883 δὲ
582 2833 762 2900 ἔλεγεν
788 2835 815 2883 ὁ
864 2835 954 2885 ἐπὶ
990 2834 1097 2886 τῶν
1151 2835 1355 2886 ὑδάτων
1388 2836 1638 2901 ἄγγελος,
1678 2836 1882 2887 τούτων
1903 2837 1959 2886 τὸ

399 2923 524 2991 μὲν,
555 2922 808 2986 δίκαιος,
829 2923 887 2974 τὸ
914 2925 1048 2992 πρὸς
1077 2925 1230 2988 ἀξίαν
1276 2924 1564 2993 βραϐεύειν
1595 2925 1764 2994 δηλοῖ,
1797 2925 1856 2976 τὸ
1903 2925 1959 2976 δὲ

395 3012 506 3078 ὢν,
557 3013 614 3065 τὺ
660 3013 1033 3081 ἀτελεύτητον,
1066 3014 1124 3064 τὸ
1174 3015 1228 3067 δὲ
1280 3011 1376 3082 ἦν,
1411 3015 1470 3065 τὸ
1518 3016 1771 3084 ἄναρχον.
1802 3015 1862 3066 τὺ
1903 3015 1958 3066 δὲ

396 3099 588 3165 ὅσιος,
605 3100 697 3152 τὸν
715 3100 1124 3171 ὑπεξῃρημένον
1148 3103 1326 3172 πάσης
1358 3102 1717 3178 προοπαθείας
1737 3103 1956 3172 θνητῆς.
1987 3129 2031 3188 C

398 3189 493 3239 Διὸ
543 3192 634 3240 καὶ
685 3188 856 3242 ταῦτα
910 3189 1143 3257 ἔκρινεν,
1201 3191 1287 3242 ἵνα
1333 3193 1379 3242 οἱ
1407 3193 1700 3259 ἐκχέαντες
1750 3193 1958 3260 αἵματα

397 3279 592 3344 ἁγίων,
625 3273 760 3347 αἷμα
791 3277 1006 3330 πίωσιν⁶
1032 3279 1200 3345 ἁγίων
1223 3279 1275 3331 δὲ
1303 3281 1410 3330 τῶν
1439 3281 1541 3332 ὑπὸ
1593 3279 1699 3331 τῶν
1728 3281 1963 3332 ὑπασπι-

401 3369 546 3420 στῶν
579 3370 669 3421 τοῦ
712 3369 1073 3439 Ἀντιχρίστου
1099 3373 1530 3440 κεκακωμένων
1558 3371 1847 3440 ’προφητῶν
1885 3371 1960 3436 δὲ,

413 3459 586 3530 Ἑνὼχ
611 3463 703 3514 καὶ
740 3462 916 3521 Ἥλία,
943 3462 1065 3513 ἐπεὶ
1095 3463 1187 3513 καὶ
1216 3463 1410 3525 αὐτοὺς
1441 3462 1820 3514 ἀποκτενοῦσι.
1843 3461 1963 3523 ιιῶς

398 3550 460 3601 δὲ
510 3549 646 3620 αἷμα
693 3553 920 3616 πίωσιν;
955 3552 1044 3616 Ἐξ
1102 3554 1397 3622 ἀναγκαίου
1423 3553 1530 3622 γὰρ
1581 3555 1631 3606 οἱ
1686 3555 1744 3605 ἐν
1807 3552 1964 3604 πολέ-

406 3657 526 3710 μοις
549 3641 698 3711 παρὰ
718 3643 992 3711 ποταμοὺς
1016 3643 1592 3711 ἐστρατοπεδευκότες,
1624 3641 1964 3712 μεμολυσμέ-

401 3749 494 3783 νον
525 3732 781 3794 πολλάκις
814 3734 1005 3800 αἵματι
1030 3732 1173 3800 ὕδωρ
1201 3733 1444 3785 πίνουσιν
1469 3736 1532 3786 ἐκ
1551 3734 1648 3802 τῆς
1667 3733 1775 3786 τῶν
1835 3732 1964 3801 θνη-

404 3821 647 3873 σκόντων
671 3821 1026 3892 ἀναιρέσεως.
1075 3861 1080 3864 -

476 4086 584 4140 Καὶ
604 4085 841 4154 ἤκουσα
853 4084 1047 4138 ἄλλον
1064 4084 1131 4136 ἐκ
1148 4081 1253 4136 τοῦ
1267 4082 1713 4149 θυσιαστηρίου.
1729 4080 1799 4133 Σύ
1809 4098 1955 4151 μφω-

403 4195 495 4232 νον
527 4177 601 4247 τῷ
655 4177 868 4246 ἀγγέλῳ
909 4175 985 4245 τῷ
1026 4177 1119 4227 ἐπὶ
1149 4174 1256 4225 τῶν
1300 4174 1526 4236 ὑδάτων,
1561 4177 1588 4225 ὁ
1619 4174 1711 4225 ἐπὶ
1743 4173 1835 4225 τοῦ
1872 4173 1964 4225 θυ-

406 4267 748 4336 σιαστηρίου.
777 4264 977 4317 Τοῦτον
1005 4263 1060 4316 δὲ
1104 4264 1221 4316 ἔστι
1258 4263 1355 4334 μὲν
1380 4265 1517 4314 νοεῖν
1557 4263 1650 4315 καὶ
1683 4263 1842 4315 αὑτὸν
1871 4263 1962 4315 τὸν

403 4358 662 4425 Χριστὸν,
694 4356 766 4418 ῶς
813 4357 906 4408 καὶ
943 4357 1000 4407 ἐν
1030 4354 1179 4425 αὐτῷ
1218 4358 1311 4409 καὶ
1355 4355 1422 4408 δι’
1448 4354 1612 4407 αὑτοῦ
1663 4370 1966 4423 προσφερο-

1454 347 1834 408 COMMENT.
1878 347 1956 406 ῐΝ
1997 348 2223 407 APOCA
2235 346 2516 406 LYPSIN.

1975 463 2025 521 Λ

3512 348 3616 410 ’106

2587 457 2812 512 CAPUT
2842 457 3073 514 XLVIII.

2059 566 2208 630 Quod
2239 582 2330 634 per
2369 564 2578 617 tertiam
2609 566 2823 646 plagam
2869 577 3138 620 mutentur
3163 568 3383 634 ﬂumina
3411 569 3464 620 in
3493 587 3619 620 san-

2726 652 2957 703 guinem.

2126 745 2264 811 XVI,
2293 747 2411 799 4-7.
2447 746 2512 797 Et
2548 749 2730 800 tertius
2769 747 2956 814 e/fudit
2979 748 3217 814 phialam
3249 765 3399 800 suam
3428 753 3482 802 in
3513 751 3589 816 [lu

2057 839 2198 888 mina
2227 846 2276 890 et
2314 838 2365 888 in
2396 837 2564 898 fontes
2611 854 2903 902 aquarum,
2946 847 2994 889 et
3040 838 3216 905 factus
3252 849 3328 891 est
3379 841 3597 907 sanguis

2058 927 2122 980 Et
2159 929 2338 980 audiri
2371 929 2611 996 angelum
2643 945 2902 996 aquarum
2935 931 3188 982 dicentem
3222 946 3239 980 :
3271 929 3458 983 Justus
3485 948 3536 984 es
3568 943 3623 983 tu

2055 1019 2145 1088 qui
2188 1035 2241 1072 es
2274 1029 2323 1072 et
2355 1021 2444 1086 qui
2487 1036 2605 1071 eras
2637 1030 2879 1082 samtus,
2913 1020 3050 1087 quod
3095 1021 3205 1073 ha'c
3229 1021 3562 1087 judicaveris
3601 1038 3620 1074 :

2055 1111 2299 1177 quoniam
2329 1112 2635 1177 sanguinem
2669 1119 2971 1162 sanctorum
3001 1121 3047 1163 et
3078 1111 3447 1177 prophetarum
3489 1112 3623 1178 effu-

2056 1199 2267 1260 derunt,
2296 1208 2343 1250 et
2372 1201 2678 1265 sanguinem
2710 1201 2837 1266 ipsis
2871 1199 3059 1251 dedisti
3109 1210 3163 1251 ut
3196 1200 3460 1264 biberent,
3496 1202 3622 1268 quia

2055 1291 2198 1358 digni
2247 1300 2389 1341 sunt.
2447 1288 2511 1340 Et
2547 1291 2726 1342 audivi
2779 1290 2942 1341 alium
2995 1291 3056 1342 de
3106 1291 3264 1342 altari
3311 1291 3622 1345 dicentem:

2056 1380 2319 1446 Profecto,
2373 1379 2611 1442 Domine,
2659 1380 2795 1432 Deus
2845 1385 3192 1448 omnipotens,
3230 1399 3349 1434 vera
3383 1394 3429 1435 et
3471 1383 3623 1450 justa

2058 1479 2176 1524 sunt
2197 1470 2406 1537 judicia
2439 1480 2550 1524 tua.

2130 1639 2264 1692 llinc
2293 1654 2510 1709 quoque
2541 1641 2847 1694 ostenditur
2877 1645 3095 1710 angelos
3129 1659 3359 1711 prmesse
3387 1645 3625 1699 elemen-

2057 1731 2149 1795 tis,
2179 1747 2410 1799 quorum
2449 1747 2614 1784 unum
2653 1733 2782 1785 dicit
2816 1733 2867 1784 in
2901 1735 3056 1802 aquis
3095 1735 3317 1788 laudare
3352 1736 3520 1789 Deutn
3559 1739 3626 1789 ob

1986 1809 2033 1866 B
2063 1832 2524 1890 transgressorum
2558 1823 2774 1891 dignam
2815 1825 3094 1887 ultionem,
3127 1827 3218 1893 qui
3266 1843 3456 1880 manus
3499 1844 3628 1881 Sttas

2061 1913 2490 1979 coinquinarunt
2539 1917 2800 1983 sanguine
2842 1929 3155 1970 sanctorum
3201 1935 3214 1971 :
3265 1921 3426 1971 etiam
3471 1929 3627 1973 antea

2061 2015 2210 2064 sane,
2236 2005 2326 2055 sed
2356 2003 2589 2056 maxime
2612 2012 2739 2057 tunc
2765 2015 3006 2073 tempore
3027 2008 3383 2062 Antichristi:
3408 2022 3628 2078 propter

2059 2093 2200 2159 quod
2230 2093 2298 2144 ob
2331 2094 2701 2146 vehementem
2735 2096 3016 2163 sanguinis
3063 2097 3208 2149 sitim
3243 2099 3392 2164 ipsos
3424 2100 3628 2153 auden-

2061 2193 2139 2236 tes
2186 2183 2415 2235 vocarit.
2453 2181 2587 2235 Nam
2625 2185 2898 2252 corruptis
2941 2185 3251 2239 fluminibus
3296 2202 3357 2239 ac
3395 2187 3623 2242 fontium

2060 2272 2426 2340 scaturigine,
2482 2272 2756 2340 quomodo
2808 2273 3025 2326 aliunde
3071 2285 3287 2342 possent
3335 2275 3482 2328 sitim
3527 2293 3625 2330 cu-

2061 2377 2117 2413 ra
2127 2378 2178 2413 re
2197 2362 2218 2412 ?

2130 2452 2198 2504 Et
2219 2455 2395 2507 audivi
2421 2455 2660 2523 angelum
2689 2471 2965 2524 aquarum.
2992 2455 3107 2509 Non
3131 2457 3386 2525 gentibus
3415 2465 3625 2512 tantum

2060 2546 2326 2614 praefecte
2359 2547 2520 2614 782
2551 2558 2679 2598 sunt
2718 2547 2911 2599 divina:
2949 2549 3203 2613 virtutes,
3230 2548 3386 2616 juxta
3413 2550 3628 2618 legisla-

2062 2646 2230 2688 torem
2265 2636 2473 2698 Mosen,
2505 2637 2598 2690 sed
2628 2646 2680 2690 et
2718 2639 2906 2690 mundi
2940 2639 3242 2701 elementis,
3276 2643 3631 2708 quemadmu-

2063 2727 2193 2779 dum
2222 2726 2338 2778 haec
2370 2727 2625 2779 revelatio
2659 2728 2921 2780 divinitus
2947 2745 3046 2781 nos
3083 2730 3258 2782 decet.
3287 2729 3455 2783 Porro
3490 2732 3630 2785 inter

2060 2833 2121 2869 ea
2165 2833 2286 2885 quae
2327 2817 2462 2870 dixit
2495 2819 2720 2887 angelus
2762 2821 2853 2887 qui
2889 2820 2940 2871 in
2979 2822 3134 2888 aquis
3170 2830 3308 2885 erat,
3342 2821 3518 2888 justus
3548 2823 3629 2874 di-

2061 2909 2201 2961 citur
2231 2909 2371 2961 Deus
2395 2948 2408 2970 ,
2440 2910 2585 2976 quod
2636 2911 2938 2964 mercedem
2994 2912 3315 2979 condignam
3355 2913 3626 2978 designet;

2060 2999 2149 3066 qui
2203 3013 2278 3059 es,
2318 2999 2460 3066 quod
2509 2998 2612 3050 [ine
2646 3010 2825 3052 careat
2858 3018 2872 3053 :
2925 3002 3014 3068 qui
3073 3017 3188 3052 eras
3212 3041 3226 3064 ,
3256 3001 3398 3069 quod
3431 3003 3580 3055 initio
3613 3021 3626 3056 :

2060 3099 2309 3150 sanctus,
2363 3090 2505 3157 quod
2544 3091 2791 3145 sublatus
2841 3092 2908 3144 ab
2953 3107 3017 3144 eo
3063 3092 3132 3145 sit
3163 3093 3340 3145 omnis
3385 3094 3628 3148 mortalis

2063 3180 2287 3233 allectus
2325 3197 2339 3232 :
2372 3181 2491 3233 ideo
2521 3181 2681 3234 etiam
2723 3184 2834 3235 haec
2869 3171 3122 3235 indicavit
3145 3223 3158 3243 ,
3191 3193 3247 3236 nt
3281 3184 3372 3252 qui
3409 3185 3629 3249 sangui-

2064 3289 2184 3326 nem
2239 3284 2548 3328 sanctOrum
2607 3274 2940 3339 clTuderant,
2992 3278 3308 3342 sanguinem
3343 3278 3625 3331 biberent:

2065 3375 2377 3418 sanctorum
2439 3382 2598 3432 vero,
2637 3369 2726 3436 qui
2778 3369 3027 3422 Videlicet
3081 3371 3259 3422 alllieti
3313 3368 3528 3423 fuerant
3563 3371 3630 3424 ab

2071 3458 2394 3511 Antichristi
2438 3459 2932 3527 pr0pugnatoribus
2970 3478 2984 3514 :
3018 3463 3400 3530 prophetarum
3424 3470 3627 3526 autem,

2065 3563 2259 3616 nempe
2289 3549 2473 3603 Enoch
2515 3560 2568 3604 et
2608 3551 2755 3615 Elite,
2793 3553 3229 3621 quandoquidem
3262 3553 3384 3608 illos
3417 3569 3633 3623 quoque

2063 3638 2333 3693 occident.
2367 3638 2649 3705 Quomodo
2685 3657 2813 3694 vero
2858 3643 3178 3711 sanguinem
3228 3643 3452 3696 bibent?
3483 3645 3631 3708 Quo-

2065 3729 2210 3780 niam
2257 3731 2586 3783 necessitate
2625 3731 2892 3797 contpulsi
2929 3731 3022 3798 qui
3058 3741 3299 3798 tempore
3331 3731 3452 3784 belli
3485 3732 3630 3784 circa
3662 3795 3665 3798 _

2064 3815 2286 3868 ﬂumina
2313 3818 2659 3870 committunt
2699 3818 2942 3885 prteliutn
2965 3857 2979 3880 ,
3014 3818 3325 3885 frequenter
3374 3817 3627 3871 {uallatam

2064 3905 2328 3970 sanguine
2359 3919 2554 3971 aquam
2593 3906 2811 3968 bibunt,
2846 3921 2910 3958 ex
2957 3921 3144 3957 eorum
3184 3905 3276 3972 qui
3320 3907 3628 3959 moriuntur

2065 3989 2501 4059 interemptionc.

2135 4079 2201 4133 Et
2225 4083 2401 4134 audivi
2423 4083 2585 4135 alium
2616 4083 2676 4136 de
2702 4083 2885 4137 altari.
2919 4081 3230 4136 Conformia
3265 4083 3506 4152 loquitur
3537 4083 3625 4137 hic

2063 4172 2131 4227 de
2160 4174 2318 4227 altari
2365 4190 2485 4228 cum
2518 4190 2582 4228 eo
2609 4175 2702 4242 qui
2730 4184 2846 4228 erat
2884 4176 2933 4227 in
2977 4175 3151 4242 aquis.
3189 4173 3287 4227 llic
3318 4184 3493 4228 autem
3527 4190 3627 4243 po-

2067 4277 2173 4323 test
2204 4279 2256 4323 et
2287 4269 2400 4338 ipse
2424 4266 2671 4322 Christus
2697 4266 2950 4334 intelligi,
2981 4266 3123 4333 quod
3154 4266 3317 4319 etiam
3349 4264 3402 4318 in
3434 4265 3551 4334 ipso
3574 4275 3628 4319 et

2067 4375 2164 4429 per
2188 4359 2362 4426 ipsum
2401 4357 2698 4411 oﬂ‘erantur
2732 4355 2839 4410 Deo
2882 4366 2936 4410 et
2969 4355 3119 4410 Patri
3157 4356 3437 4409 rationalia
3471 4357 3627 4410 holo-

407 4451 587 4517 μένων
611 4447 688 4516 τῷ
725 4445 844 4515 Θεῷ
873 4449 966 4499 καὶ
1018 4447 1192 4517 Πατρὶ
1233 4447 1339 4500 τῶν
1383 4448 1615 4514 λογικῶν
1652 4445 1960 4516 ὁλοκαρττὼ-

2068 4461 2255 4506 causta
2285 4461 2336 4503 et
2365 4452 2498 4503 viva:
2527 4450 2738 4514 hostiae,
2776 4466 2910 4518 quas
2941 4466 3005 4503 ex
3038 4451 3298 4518 Apostolo
3327 4449 3521 4503 ollerre
3547 4449 3629 4502 di-

408 4557 552 4592 σεων
580 4540 674 4591 καὶ
711 4537 821 4590 τῶν
871 4538 1062 4600 ζωσῶν
1085 4539 1304 4600 θυσιῶν,
1335 4539 1370 4592 ἃ
1413 4540 1743 4607 προσφέρειν
1773 4541 1835 4589 ἐκ
1868 4537 1960 4588 τοῦ

417 4629 742 4683 Ἀποστόλου
770 4628 1065 4698 ἐμάθομεν.
1122 4631 1236 4682 ’Ἑνι
1269 4630 1324 4680 δὲ
1344 4632 1484 4681 νοεῖν
1517 4631 1702 4690 καὶεῐς
1731 4629 1825 4689 τὰς
1859 4629 1961 4693 ἀγ-

402 4722 631 4790 γελικὰς
677 4721 931 4789 δυνάμεις
989 4720 1061 4780 ὡς
1115 4720 1462 4787 ἁναγωγικὰς
1521 4720 1627 4771 τῶν
1684 4718 1962 4786 ἡμετέρων

404 4811 723 4882 προσευχῶν
756 4811 854 4867 καὶ
891 4809 998 4860 τῶν
1035 4809 1421 4878 πνευματικῶν
1456 4808 1960 4876 ὁλοκαρπωμάτων,

402 4900 658 4970 εἱρῇσθαι
691 4901 748 4951 δὲ
781 4898 1158 4967 θυσιαστήριον
1199 4899 1306 4952 ἀπὸ
1351 4897 1446 4950 τοῦ
1506 4898 1850 4964 περιέχοντος
1903 4895 1962 4945 τὸ

402 4990 792 5060 περιεχόμενον
820 4988 1182 5057 συνεκδοχικῷ
1200 4989 1273 5057 τῷ
1302 4989 1501 5056 τρόπῳ.
1522 4987 1614 5037 Ἐκ
1636 4988 1824 5036 τούτου
1851 4985 1960 5034 τοί-

403 5101 502 5134 νυν
534 5080 626 5131 τπιῦ
665 5079 884 5144 λογικοῦ
915 5082 1007 5130 καὶ
1029 5078 1402 5148 λειτουργικοῦ
1448 5076 1826 5144 θυσιαστηρίου
1864 5077 1962 5144 τὴν

402 5172 591 5242 φωνήν
621 5186 783 5238 φησιν
813 5168 1090 5236 ἐνεχθῆναι
1112 5168 1418 5220 δικαιοῦσαν
1450 5167 1514 5218 τὰ
1547 5167 1636 5217 τοῦ
1662 5164 1794 5216 θεοῦ
1840 5166 1960 5234 κρίο

405 5280 557 5334 ματα
585 5262 762 5314 πάντα
781 5259 937 5325 λόγον
971 5258 1061 5310 καὶ
1094 5258 1216 5309 νοῦν
1245 5256 1660 5327 ὑπερϐαίνοντα.

971 5390 1219 5443 ΚΕΦΑΛ.
1255 5389 1386 5446 ΜΘ’.

404 5517 610 5577 Ὅπως
659 5509 755 5562 διὰ
801 5505 909 5574 τῆς
974 5504 1250 5626 τετῗρτης
1292 5502 1744 5570 καυματίζοτται
1771 5505 1824 5554 ol
1856 5500 1960 5554 ἄν-

1111 5588 1313 5626 ρωποι.

1105 5588 1313 5641 ρωποι.

478 5715 586 5770 Kal
624 5716 657 5767 ὀ
692 5711 964 5778 τέταρτος
1014 5706 1213 5774 ἐξέχεε
1239 5707 1349 5758 τὴν
1395 5704 1621 5774 φιάλην
1650 5707 1835 5760 αὐτοῦ
1865 5707 1959 5759 ἐπὶ

2070 4541 2322 4595 dicimus.
2355 4540 2586 4594 Possunt
2609 4557 2823 4609 quoque
2853 4542 3106 4607 angelicae
3138 4542 3362 4594 virtutes
3386 4541 3628 4610 intelligi,

2073 4639 2129 4682 ut
2156 4645 2273 4698 quae
2299 4639 2516 4682 nostras
2541 4631 2815 4682 orationes
2851 4645 2912 4681 ac
2943 4630 3246 4696 spiritualia
3279 4630 3543 4682 sacrificia
3581 4633 3630 4681 iu

2071 4721 2300 4774 sublime
2332 4719 2528 4772 ferant.
2562 4719 2772 4772 Dictum
2813 4730 2895 4772 est
2931 4729 3109 4771 autem
3153 4719 3342 4781 altare,
3377 4735 3469 4787 per
3500 4721 3631 4788 ligu-

2068 4825 2182 4862 ram
2217 4825 2335 4877 (lu-'1'.
2365 4824 2393 4861 a
2422 4809 2718 4862 continenti
2745 4810 3172 4875 comprehendat
3197 4820 3527 4863 contentum.
3553 4813 3634 4864 Ab

2069 4900 2173 4953 hoc
2202 4901 2360 4968 igitur
2391 4900 2638 4953 rationali
2673 4910 2726 4954 et
2761 4901 3098 4954 ministeriali
3131 4901 3286 4953 altari
3321 4900 3515 4954 factam
3560 4905 3634 4952 ait

2069 4991 2239 5046 fuisse
2274 5006 2456 5045 vocem
2492 5007 2612 5062 quae
2642 4992 2965 5062 justilicaret
2993 4993 3232 5058 judicia,
3267 5001 3325 5046 ut
3368 5009 3487 5062 qua:
3519 5008 3633 5046 om:

2070 5100 2192 5137 nem
2224 5085 2486 5139 rationem
2513 5099 2576 5140 ac
2605 5096 2835 5139 mentem
2866 5084 3152 5139 excedant.

2625 5389 2851 5444 CAPUT
2883 5387 3064 5439 XLIX.

2074 5502 2227 5567 Quod
2263 5521 2353 5572 per
2379 5517 2622 5574 quartam
2655 5506 2864 5573 plagam
2895 5512 3025 5555 (t’slu
3053 5507 3346 5552 exuruntur
3377 5498 3626 5552 homines.

2139 5705 2282 5773 \Vl,
2305 5707 2357 5776 8,
2389 5707 2440 5762 9.
2475 5707 2536 5760 Et
2559 5717 2774 5775 quartus
2801 5703 2986 5770 eﬂudit
3014 5699 3244 5767 phialam
3281 5715 3428 5753 suam
3461 5700 3515 5752 in
3542 5716 3631 5753 so-
