  <div class='ocr_page' id='page_1' title='image "/cluster/home/n/w/nwhite01/storage/ocr_20150623/106/pst.000005714162/381.png"; bbox 0 0 4126 6332; ppageno 0'>
   <div class='ocr_carea' id='block_1_1' title="bbox 535 339 635 399">
    <p class='ocr_par' dir='ltr' id='par_1_1' title="bbox 535 339 635 399">
     <span class='ocr_line' id='line_1_1' title="bbox 535 339 635 399; baseline 0 -1"><span class='ocrx_word' id='word_1_1' title='bbox 535 339 635 399; x_wconf 76' lang='lat'><strong>707</strong></span> 
     </span>
    </p>
   </div>
   <div class='ocr_carea' id='block_1_2' title="bbox 1316 309 2926 386">
    <p class='ocr_par' dir='ltr' id='par_1_2' title="bbox 1316 309 2926 386">
     <span class='ocr_line' id='line_1_2' title="bbox 1316 309 2926 386; baseline -0.012 0"><span class='ocrx_word' id='word_1_2' title='bbox 1316 324 1641 386; x_wconf 75' lang='lat' dir='ltr'><strong>ARETH/E</strong></span> <span class='ocrx_word' id='word_1_3' title='bbox 1674 318 2046 382; x_wconf 64' lang='grc' dir='ltr'>ΕίΕΞΛΗΕιΕ</span> <span class='ocrx_word' id='word_1_4' title='bbox 2085 311 2556 374; x_wconf 75' lang='lat' dir='ltr'><strong>CAPPADOCI/E</strong></span> <span class='ocrx_word' id='word_1_5' title='bbox 2590 309 2926 370; x_wconf 73' lang='lat' dir='ltr'><strong>EPISCOPI</strong></span> 
     </span>
    </p>
   </div>
   <div class='ocr_carea' id='block_1_3' title="bbox 3618 299 3726 362">
    <p class='ocr_par' dir='ltr' id='par_1_3' title="bbox 3618 299 3726 362">
     <span class='ocr_line' id='line_1_3' title="bbox 3618 299 3726 362; baseline 0.009 -1"><span class='ocrx_word' id='word_1_6' title='bbox 3618 299 3726 362; x_wconf 81' lang='lat'><strong>703</strong></span> 
     </span>
    </p>
   </div>
   <div class='ocr_carea' id='block_1_4' title="bbox 537 410 2132 500">
    <p class='ocr_par' dir='ltr' id='par_1_4' title="bbox 537 430 2132 500">
     <span class='ocr_line' id='line_1_4' title="bbox 537 430 2132 500; baseline -0.016 -3"><span class='ocrx_word' id='word_1_7' title='bbox 537 447 636 498; x_wconf 88' lang='lat' dir='ltr'><strong>lem</strong></span> <span class='ocrx_word' id='word_1_8' title='bbox 677 458 695 495; x_wconf 89' lang='lat'><strong><em>:</em></strong></span> <span class='ocrx_word' id='word_1_9' title='bbox 731 451 779 495; x_wconf 88' lang='lat' dir='ltr'><strong>et</strong></span> <span class='ocrx_word' id='word_1_10' title='bbox 809 440 990 491; x_wconf 85' lang='lat' dir='ltr'><strong>datum</strong></span> <span class='ocrx_word' id='word_1_11' title='bbox 1037 447 1112 490; x_wconf 91' lang='lat' dir='ltr'><strong>est</strong></span> <span class='ocrx_word' id='word_1_12' title='bbox 1163 436 1241 490; x_wconf 90' lang='lat' dir='ltr'><strong>illi</strong></span> <span class='ocrx_word' id='word_1_13' title='bbox 1272 445 1402 489; x_wconf 77' lang='lat' dir='ltr'><strong>wstu</strong></span> <span class='ocrx_word' id='word_1_14' title='bbox 1454 433 1674 500; x_wconf 76' lang='lat' dir='ltr'><strong>aﬂligere</strong></span> <span class='ocrx_word' id='word_1_15' title='bbox 1715 430 1948 481; x_wconf 75' lang='lat' dir='ltr'><strong>homines</strong></span> <span class='ocrx_word' id='word_1_16' title='bbox 1993 431 2132 490; x_wconf 49' lang='lat' dir='ltr'><strong>per}</strong></span> 
     </span>
    </p>
   </div>
   <div class='ocr_carea' id='block_1_5' title="bbox 2210 410 3722 500">
    <p class='ocr_par' dir='ltr' id='par_1_5' title="bbox 2210 410 3722 500">
     <span class='ocr_line' id='line_1_5' title="bbox 2210 410 3722 500; baseline -0.01 -25"><span class='ocrx_word' id='word_1_17' title='bbox 2210 423 2289 475; x_wconf 72' lang='grc' dir='ltr'><strong>’ὢν</strong></span> <span class='ocrx_word' id='word_1_18' title='bbox 2317 424 2507 488; x_wconf 68' lang='grc' dir='ltr'><strong>ἥλιον,</strong></span> <span class='ocrx_word' id='word_1_19' title='bbox 2538 420 2633 473; x_wconf 77' lang='grc' dir='ltr'><strong>καὶ</strong></span> <span class='ocrx_word' id='word_1_20' title='bbox 2661 419 2835 482; x_wconf 77' lang='grc' dir='ltr'><strong>ἐδόθη</strong></span> <span class='ocrx_word' id='word_1_21' title='bbox 2885 413 3042 478; x_wconf 83' lang='grc' dir='ltr'><strong>αὐτῷ</strong></span> <span class='ocrx_word' id='word_1_22' title='bbox 3089 413 3443 481; x_wconf 74' lang='grc' dir='ltr'><strong>καυματίσαι</strong></span> <span class='ocrx_word' id='word_1_23' title='bbox 3475 410 3544 462; x_wconf 84' lang='grc' dir='ltr'><em>ἐν</em></span> <span class='ocrx_word' id='word_1_24' title='bbox 3579 410 3722 500; x_wconf 76' lang='grc' dir='ltr'>πυρὶ</span> 
     </span>
    </p>
   </div>
   <div class='ocr_carea' id='block_1_6' title="bbox 539 523 2080 601">
    <p class='ocr_par' dir='ltr' id='par_1_6' title="bbox 539 523 2080 601">
     <span class='ocr_line' id='line_1_6' title="bbox 539 523 2080 601; baseline -0.012 -17"><span class='ocrx_word' id='word_1_25' title='bbox 539 535 729 601; x_wconf 85' lang='lat' dir='ltr'><strong>ignem.</strong></span> <span class='ocrx_word' id='word_1_26' title='bbox 787 528 852 580; x_wconf 90' lang='lat' dir='ltr'><strong>Et</strong></span> <span class='ocrx_word' id='word_1_27' title='bbox 901 535 1246 581; x_wconf 70' lang='lat' dir='ltr'><strong>arstuaverunt</strong></span> <span class='ocrx_word' id='word_1_28' title='bbox 1293 525 1518 577; x_wconf 76' lang='lat' dir='ltr'><strong>homines</strong></span> <span class='ocrx_word' id='word_1_29' title='bbox 1570 530 1700 574; x_wconf 72' lang='lat' dir='ltr'><strong>.rstu</strong></span> <span class='ocrx_word' id='word_1_30' title='bbox 1761 533 1983 585; x_wconf 88' lang='lat' dir='ltr'><strong>magno,</strong></span> <span class='ocrx_word' id='word_1_31' title='bbox 2030 523 2080 568; x_wconf 83' lang='lat' dir='ltr'><strong>et</strong></span> 
     </span>
    </p>
   </div>
   <div class='ocr_carea' id='block_1_7' title="bbox 2181 499 3726 577">
    <p class='ocr_par' dir='ltr' id='par_1_7' title="bbox 2181 499 3726 577">
     <span class='ocr_line' id='line_1_7' title="bbox 2181 499 3726 577; baseline -0.01 -12"><span class='ocrx_word' id='word_1_32' title='bbox 2181 513 2320 576; x_wconf 86' lang='grc' dir='ltr'><em>τοὺς</em></span> <span class='ocrx_word' id='word_1_33' title='bbox 2391 512 2753 577; x_wconf 78' lang='grc' dir='ltr'><strong>ἀνθρώπους,</strong></span> <span class='ocrx_word' id='word_1_34' title='bbox 2796 507 2895 560; x_wconf 81' lang='grc' dir='ltr'><strong>καί</strong></span> <span class='ocrx_word' id='word_1_35' title='bbox 2943 504 3462 574; x_wconf 76' lang='grc' dir='ltr'><strong>ἐκαυματίσθησαν</strong></span> <span class='ocrx_word' id='word_1_36' title='bbox 3514 503 3566 552; x_wconf 88' lang='grc' dir='ltr'><strong>οι</strong></span> <span class='ocrx_word' id='word_1_37' title='bbox 3619 499 3726 550; x_wconf 79' lang='grc' dir='ltr'><strong>ἅν-</strong></span> 
     </span>
    </p>
   </div>
   <div class='ocr_carea' id='block_1_8' title="bbox 541 589 2132 685">
    <p class='ocr_par' dir='ltr' id='par_1_8' title="bbox 541 589 2084 685">
     <span class='ocr_line' id='line_1_8' title="bbox 541 589 2084 685; baseline -0.01 -14"><span class='ocrx_word' id='word_1_38' title='bbox 541 589 1015 685; x_wconf 62' lang='lat' dir='ltr'><strong>blasphemaverunt</strong></span> <span class='ocrx_word' id='word_1_39' title='bbox 1065 615 1291 667; x_wconf 77' lang='lat' dir='ltr'><strong>homines</strong></span> <span class='ocrx_word' id='word_1_40' title='bbox 1333 628 1514 667; x_wconf 85' lang='lat' dir='ltr'><strong>nomen</strong></span> <span class='ocrx_word' id='word_1_41' title='bbox 1550 610 1644 663; x_wconf 85' lang='lat' dir='ltr'><strong>Dei</strong></span> <span class='ocrx_word' id='word_1_42' title='bbox 1677 608 1764 676; x_wconf 85' lang='lat' dir='ltr'><strong>qui</strong></span> <span class='ocrx_word' id='word_1_43' title='bbox 1796 606 1946 658; x_wconf 85' lang='lat' dir='ltr'><strong>habet</strong></span> <span class='ocrx_word' id='word_1_44' title='bbox 1988 620 2084 672; x_wconf 58' lang='lat' dir='ltr'><strong>po.</strong></span> 
     </span>
    </p>
   </div>
   <div class='ocr_carea' id='block_1_9' title="bbox 2210 589 3724 685">
    <p class='ocr_par' dir='ltr' id='par_1_9' title="bbox 2210 589 3724 685">
     <span class='ocr_line' id='line_1_9' title="bbox 2210 589 3724 685; baseline -0.01 -32"><span class='ocrx_word' id='word_1_45' title='bbox 2210 607 2393 668; x_wconf 73' lang='lat' dir='ltr'><strong>&#39;pamot</strong></span> <span class='ocrx_word' id='word_1_46' title='bbox 2417 601 2609 666; x_wconf 83' lang='grc' dir='ltr'><em>καῦμα</em></span> <span class='ocrx_word' id='word_1_47' title='bbox 2621 599 2789 665; x_wconf 73' lang='grc' dir='ltr'><strong>μέγα,</strong></span> <span class='ocrx_word' id='word_1_48' title='bbox 2816 596 2911 649; x_wconf 78' lang='grc' dir='ltr'><strong>καί</strong></span> <span class='ocrx_word' id='word_1_49' title='bbox 2934 593 3409 660; x_wconf 65' lang='grc' dir='ltr'><em>ἐϐλασφήμησαν</em></span> <span class='ocrx_word' id='word_1_50' title='bbox 3427 593 3478 641; x_wconf 83' lang='grc' dir='ltr'><strong>οι</strong></span> <span class='ocrx_word' id='word_1_51' title='bbox 3501 589 3724 685; x_wconf 49' lang='grc' dir='ltr'><strong>ἇνθρωτ</strong></span> 
     </span>
    </p>
   </div>
   <div class='ocr_carea' id='block_1_10' title="bbox 541 696 2084 775">
    <p class='ocr_par' dir='ltr' id='par_1_10' title="bbox 541 696 2084 775">
     <span class='ocr_line' id='line_1_10' title="bbox 541 696 2084 775; baseline -0.01 -15"><span class='ocrx_word' id='word_1_52' title='bbox 541 719 774 762; x_wconf 85' lang='lat' dir='ltr'><strong>testatem</strong></span> <span class='ocrx_word' id='word_1_53' title='bbox 814 723 963 772; x_wconf 87' lang='lat' dir='ltr'><strong>super</strong></span> <span class='ocrx_word' id='word_1_54' title='bbox 986 706 1078 758; x_wconf 89' lang='lat' dir='ltr'><strong>has</strong></span> <span class='ocrx_word' id='word_1_55' title='bbox 1105 705 1284 775; x_wconf 85' lang='lat' dir='ltr'><strong>plagas</strong></span> <span class='ocrx_word' id='word_1_56' title='bbox 1308 743 1321 768; x_wconf 93' lang='lat'><strong>,</strong></span> <span class='ocrx_word' id='word_1_57' title='bbox 1353 718 1510 772; x_wconf 83' lang='lat' dir='ltr'><strong>neque</strong></span> <span class='ocrx_word' id='word_1_58' title='bbox 1538 702 1861 767; x_wconf 81' lang='lat' dir='ltr'><strong>resipuerunt</strong></span> <span class='ocrx_word' id='word_1_59' title='bbox 1907 707 1960 749; x_wconf 85' lang='lat' dir='ltr'><strong>ut</strong></span> <span class='ocrx_word' id='word_1_60' title='bbox 1990 696 2084 746; x_wconf 90' lang='lat' dir='ltr'><strong>da-</strong></span> 
     </span>
    </p>
   </div>
   <div class='ocr_carea' id='block_1_11' title="bbox 541 797 1045 865">
    <p class='ocr_par' dir='ltr' id='par_1_11' title="bbox 541 797 1045 865">
     <span class='ocr_line' id='line_1_11' title="bbox 541 797 1045 865; baseline -0.002 -14"><span class='ocrx_word' id='word_1_61' title='bbox 541 809 650 851; x_wconf 85' lang='lat' dir='ltr'><strong>rent</strong></span> <span class='ocrx_word' id='word_1_62' title='bbox 677 799 775 864; x_wconf 83' lang='lat' dir='ltr'><strong>ipsi</strong></span> <span class='ocrx_word' id='word_1_63' title='bbox 799 797 1045 865; x_wconf 80' lang='lat' dir='ltr'><strong>gloriam.</strong></span> 
     </span>
    </p>
   </div>
   <div class='ocr_carea' id='block_1_12' title="bbox 611 965 2088 1040">
    <p class='ocr_par' dir='ltr' id='par_1_12' title="bbox 611 965 2088 1040">
     <span class='ocr_line' id='line_1_12' title="bbox 611 965 2088 1040; baseline -0.006 -15"><span class='ocrx_word' id='word_1_64' title='bbox 611 973 766 1040; x_wconf 78' lang='lat'><strong>783</strong></span> <span class='ocrx_word' id='word_1_65' title='bbox 793 970 1006 1024; x_wconf 87' lang='lat' dir='ltr'><strong>Utrovis</strong></span> <span class='ocrx_word' id='word_1_66' title='bbox 1034 970 1194 1022; x_wconf 85' lang='lat' dir='ltr'><strong>modo</strong></span> <span class='ocrx_word' id='word_1_67' title='bbox 1224 968 1346 1037; x_wconf 87' lang='lat' dir='ltr'><strong>quis</strong></span> <span class='ocrx_word' id='word_1_68' title='bbox 1369 967 1482 1019; x_wconf 85' lang='lat' dir='ltr'><strong>haec</strong></span> <span class='ocrx_word' id='word_1_69' title='bbox 1512 965 1737 1033; x_wconf 87' lang='lat' dir='ltr'><strong>accipiat</strong></span> <span class='ocrx_word' id='word_1_70' title='bbox 1762 981 1775 1016; x_wconf 91' lang='lat'><strong>:</strong></span> <span class='ocrx_word' id='word_1_71' title='bbox 1808 972 1901 1016; x_wconf 91' lang='lat' dir='ltr'><strong>aut</strong></span> <span class='ocrx_word' id='word_1_72' title='bbox 1925 977 2088 1016; x_wconf 87' lang='lat' dir='ltr'><strong>sensu</strong></span> 
     </span>
    </p>
   </div>
   <div class='ocr_carea' id='block_1_13' title="bbox 538 1055 2089 1130">
    <p class='ocr_par' dir='ltr' id='par_1_13' title="bbox 538 1055 2089 1130">
     <span class='ocr_line' id='line_1_13' title="bbox 538 1055 2089 1130; baseline -0.006 -16"><span class='ocrx_word' id='word_1_73' title='bbox 538 1063 846 1130; x_wconf 85' lang='lat' dir='ltr'><strong>allegorico,</strong></span> <span class='ocrx_word' id='word_1_74' title='bbox 893 1068 985 1112; x_wconf 90' lang='lat' dir='ltr'><strong>aut</strong></span> <span class='ocrx_word' id='word_1_75' title='bbox 1027 1059 1170 1127; x_wconf 87' lang='lat' dir='ltr'><strong>quod</strong></span> <span class='ocrx_word' id='word_1_76' title='bbox 1203 1073 1260 1111; x_wconf 89' lang='lat' dir='ltr'><strong>re</strong></span> <span class='ocrx_word' id='word_1_77' title='bbox 1308 1072 1434 1110; x_wconf 88' lang='lat' dir='ltr'><strong>vera</strong></span> <span class='ocrx_word' id='word_1_78' title='bbox 1473 1055 1823 1125; x_wconf 85' lang='lat' dir='ltr'><strong>contingant,</strong></span> <span class='ocrx_word' id='word_1_79' title='bbox 1869 1068 2089 1107; x_wconf 90' lang='lat' dir='ltr'><strong>sensum</strong></span> 
     </span>
    </p>
   </div>
   <div class='ocr_carea' id='block_1_14' title="bbox 543 1141 2088 1216">
    <p class='ocr_par' dir='ltr' id='par_1_14' title="bbox 543 1141 2088 1216">
     <span class='ocr_line' id='line_1_14' title="bbox 543 1141 2088 1216; baseline -0.008 -13"><span class='ocrx_word' id='word_1_80' title='bbox 543 1151 756 1203; x_wconf 89' lang='lat' dir='ltr'><strong>habebit</strong></span> <span class='ocrx_word' id='word_1_81' title='bbox 776 1163 986 1216; x_wconf 86' lang='lat' dir='ltr'><strong>semper</strong></span> <span class='ocrx_word' id='word_1_82' title='bbox 1012 1163 1117 1200; x_wconf 91' lang='lat' dir='ltr'><strong>non</strong></span> <span class='ocrx_word' id='word_1_83' title='bbox 1144 1146 1423 1198; x_wconf 89' lang='lat' dir='ltr'><strong>dissonum</strong></span> <span class='ocrx_word' id='word_1_84' title='bbox 1450 1158 1479 1196; x_wconf 87' lang='lat' dir='ltr'><strong>a</strong></span> <span class='ocrx_word' id='word_1_85' title='bbox 1526 1144 1775 1197; x_wconf 73' lang='lat' dir='ltr'><strong>veritate.</strong></span> <span class='ocrx_word' id='word_1_86' title='bbox 1801 1141 1926 1194; x_wconf 90' lang='lat' dir='ltr'><strong>Sive</strong></span> <span class='ocrx_word' id='word_1_87' title='bbox 1946 1141 2088 1196; x_wconf 86' lang='lat' dir='ltr'><strong>enim</strong></span> 
     </span>
    </p>
   </div>
   <div class='ocr_carea' id='block_1_15' title="bbox 539 1229 2093 1298">
    <p class='ocr_par' dir='ltr' id='par_1_15' title="bbox 539 1229 2093 1298">
     <span class='ocr_line' id='line_1_15' title="bbox 539 1229 2093 1298; baseline -0.008 -6"><span class='ocrx_word' id='word_1_88' title='bbox 539 1238 705 1292; x_wconf 87' lang='lat' dir='ltr'><strong>solem</strong></span> <span class='ocrx_word' id='word_1_89' title='bbox 730 1236 1002 1290; x_wconf 78' lang='lat' dir='ltr'><strong>existimet</strong></span> <span class='ocrx_word' id='word_1_90' title='bbox 1027 1235 1279 1287; x_wconf 91' lang='lat' dir='ltr'><strong>diurnum</strong></span> <span class='ocrx_word' id='word_1_91' title='bbox 1299 1247 1422 1285; x_wconf 86' lang='lat' dir='ltr'><strong>esse</strong></span> <span class='ocrx_word' id='word_1_92' title='bbox 1443 1246 1686 1294; x_wconf 84' lang='lat' dir='ltr'><strong>cursum,</strong></span> <span class='ocrx_word' id='word_1_93' title='bbox 1705 1245 1811 1298; x_wconf 87' lang='lat' dir='ltr'><strong>quo</strong></span> <span class='ocrx_word' id='word_1_94' title='bbox 1835 1229 2093 1282; x_wconf 66' lang='lat' dir='ltr'><strong>molestiae</strong></span> 
     </span>
    </p>
   </div>
   <div class='ocr_carea' id='block_1_16' title="bbox 538 1320 2094 1390">
    <p class='ocr_par' dir='ltr' id='par_1_16' title="bbox 538 1320 2094 1390">
     <span class='ocr_line' id='line_1_16' title="bbox 538 1320 2094 1390; baseline -0.004 -11"><span class='ocrx_word' id='word_1_95' title='bbox 538 1335 591 1380; x_wconf 84' lang='lat' dir='ltr'><strong>ct</strong></span> <span class='ocrx_word' id='word_1_96' title='bbox 637 1328 942 1380; x_wconf 83' lang='lat' dir='ltr'><strong>anxietatcs</strong></span> <span class='ocrx_word' id='word_1_97' title='bbox 993 1324 1449 1390; x_wconf 79' lang='lat' dir='ltr'><strong>comprehendent</strong></span> <span class='ocrx_word' id='word_1_98' title='bbox 1487 1321 1727 1389; x_wconf 82' lang='lat' dir='ltr'><strong>quotidie</strong></span> <span class='ocrx_word' id='word_1_99' title='bbox 1777 1320 1975 1373; x_wconf 85' lang='lat' dir='ltr'><strong>lascive</strong></span> <span class='ocrx_word' id='word_1_100' title='bbox 2029 1333 2094 1372; x_wconf 90' lang='lat' dir='ltr'><strong>ac</strong></span> 
     </span>
    </p>
   </div>
   <div class='ocr_carea' id='block_1_17' title="bbox 540 1407 2094 1485">
    <p class='ocr_par' dir='ltr' id='par_1_17' title="bbox 540 1407 2094 1485">
     <span class='ocr_line' id='line_1_17' title="bbox 540 1407 2094 1485; baseline -0.004 -17"><span class='ocrx_word' id='word_1_101' title='bbox 540 1417 781 1485; x_wconf 87' lang='lat' dir='ltr'><strong>improbe</strong></span> <span class='ocrx_word' id='word_1_102' title='bbox 805 1415 1081 1482; x_wconf 83' lang='lat' dir='ltr'><strong>degentes,</strong></span> <span class='ocrx_word' id='word_1_103' title='bbox 1106 1411 1563 1466; x_wconf 79' lang='lat' dir='ltr'><strong>utconvertautur</strong></span> <span class='ocrx_word' id='word_1_104' title='bbox 1595 1428 1607 1462; x_wconf 93' lang='lat'>:</span> <span class='ocrx_word' id='word_1_105' title='bbox 1633 1413 1746 1464; x_wconf 81' lang='lat' dir='ltr'><strong>sive</strong></span> <span class='ocrx_word' id='word_1_106' title='bbox 1774 1411 1934 1461; x_wconf 80' lang='lat' dir='ltr'><strong>etiam</strong></span> <span class='ocrx_word' id='word_1_107' title='bbox 1950 1407 2094 1477; x_wconf 89' lang='lat' dir='ltr'><strong>quod</strong></span> 
     </span>
    </p>
   </div>
   <div class='ocr_carea' id='block_1_18' title="bbox 541 1499 2096 1567">
    <p class='ocr_par' dir='ltr' id='par_1_18' title="bbox 541 1499 2096 1567">
     <span class='ocr_line' id='line_1_18' title="bbox 541 1499 2096 1567; baseline -0.006 -9"><span class='ocrx_word' id='word_1_108' title='bbox 541 1506 678 1558; x_wconf 85' lang='lat' dir='ltr'><strong>idem</strong></span> <span class='ocrx_word' id='word_1_109' title='bbox 714 1505 794 1558; x_wconf 88' lang='lat' dir='ltr'><strong>sol</strong></span> <span class='ocrx_word' id='word_1_110' title='bbox 827 1503 1067 1557; x_wconf 83' lang='lat' dir='ltr'><strong>siccitate</strong></span> <span class='ocrx_word' id='word_1_111' title='bbox 1105 1511 1159 1554; x_wconf 91' lang='lat' dir='ltr'><strong>et</strong></span> <span class='ocrx_word' id='word_1_112' title='bbox 1193 1503 1462 1554; x_wconf 78' lang='lat' dir='ltr'><strong>anxietate</strong></span> <span class='ocrx_word' id='word_1_113' title='bbox 1491 1515 1555 1552; x_wconf 83' lang='lat' dir='ltr'><strong>ac</strong></span> <span class='ocrx_word' id='word_1_114' title='bbox 1584 1499 1953 1567; x_wconf 84' lang='lat' dir='ltr'><strong>desperatione</strong></span> <span class='ocrx_word' id='word_1_115' title='bbox 1982 1513 2096 1550; x_wconf 92' lang='lat' dir='ltr'><strong>mo-</strong></span> 
     </span>
    </p>
   </div>
   <div class='ocr_carea' id='block_1_19' title="bbox 539 1589 2096 1658">
    <p class='ocr_par' dir='ltr' id='par_1_19' title="bbox 539 1589 2096 1658">
     <span class='ocr_line' id='line_1_19' title="bbox 539 1589 2096 1658; baseline -0.005 -12"><span class='ocrx_word' id='word_1_116' title='bbox 539 1592 840 1654; x_wconf 80' lang='lat' dir='ltr'><strong>lestiarum,</strong></span> <span class='ocrx_word' id='word_1_117' title='bbox 878 1591 1065 1658; x_wconf 84' lang='lat' dir='ltr'><strong>quales</strong></span> <span class='ocrx_word' id='word_1_118' title='bbox 1115 1591 1168 1641; x_wconf 91' lang='lat' dir='ltr'><strong>in</strong></span> <span class='ocrx_word' id='word_1_119' title='bbox 1214 1589 1352 1641; x_wconf 90' lang='lat' dir='ltr'><strong>bello</strong></span> <span class='ocrx_word' id='word_1_120' title='bbox 1401 1589 1577 1642; x_wconf 90' lang='lat' dir='ltr'><strong>solent</strong></span> <span class='ocrx_word' id='word_1_121' title='bbox 1615 1589 1947 1657; x_wconf 86' lang='lat' dir='ltr'><strong>contingere,</strong></span> <span class='ocrx_word' id='word_1_122' title='bbox 1997 1601 2096 1639; x_wconf 92' lang='lat' dir='ltr'><strong>suo</strong></span> 
     </span>
    </p>
   </div>
   <div class='ocr_carea' id='block_1_20' title="bbox 542 1675 2095 1745">
    <p class='ocr_par' dir='ltr' id='par_1_20' title="bbox 542 1675 2095 1745">
     <span class='ocr_line' id='line_1_20' title="bbox 542 1675 2095 1745; baseline -0.003 -12"><span class='ocrx_word' id='word_1_123' title='bbox 542 1682 734 1733; x_wconf 81' lang='lat' dir='ltr'><strong>ardore</strong></span> <span class='ocrx_word' id='word_1_124' title='bbox 761 1678 1033 1733; x_wconf 83' lang='lat' dir='ltr'><strong>eﬂicacius</strong></span> <span class='ocrx_word' id='word_1_125' title='bbox 1063 1686 1295 1731; x_wconf 78' lang='lat' dir='ltr'><strong>:cstuarc</strong></span> <span class='ocrx_word' id='word_1_126' title='bbox 1327 1675 1485 1730; x_wconf 79' lang='lat' dir='ltr'><strong>faciet</strong></span> <span class='ocrx_word' id='word_1_127' title='bbox 1519 1694 1531 1730; x_wconf 89' lang='lat'>:</span> <span class='ocrx_word' id='word_1_128' title='bbox 1567 1676 1710 1745; x_wconf 88' lang='lat' dir='ltr'><strong>quod</strong></span> <span class='ocrx_word' id='word_1_129' title='bbox 1739 1685 1792 1729; x_wconf 90' lang='lat' dir='ltr'><strong>ct</strong></span> <span class='ocrx_word' id='word_1_130' title='bbox 1824 1677 1938 1744; x_wconf 91' lang='lat' dir='ltr'><strong>ipse</strong></span> <span class='ocrx_word' id='word_1_131' title='bbox 1971 1691 2095 1730; x_wconf 89' lang='lat' dir='ltr'><strong>cru-</strong></span> 
     </span>
    </p>
   </div>
   <div class='ocr_carea' id='block_1_21' title="bbox 542 1768 1543 1838">
    <p class='ocr_par' dir='ltr' id='par_1_21' title="bbox 542 1768 1543 1838">
     <span class='ocr_line' id='line_1_21' title="bbox 542 1768 1543 1838; baseline -0.004 -15"><span class='ocrx_word' id='word_1_132' title='bbox 542 1771 665 1832; x_wconf 85' lang='lat' dir='ltr'><strong>ciet,</strong></span> <span class='ocrx_word' id='word_1_133' title='bbox 705 1784 994 1838; x_wconf 78' lang='lat' dir='ltr'><strong>suggerens</strong></span> <span class='ocrx_word' id='word_1_134' title='bbox 1029 1770 1095 1822; x_wconf 86' lang='lat' dir='ltr'><strong>iis</strong></span> <span class='ocrx_word' id='word_1_135' title='bbox 1136 1768 1543 1822; x_wconf 88' lang='lat' dir='ltr'><strong>conversionem</strong></span> 
     </span>
    </p>
   </div>
   <div class='ocr_carea' id='block_1_22' title="bbox 544 1858 2091 1928">
    <p class='ocr_par' dir='ltr' id='par_1_22' title="bbox 544 1858 2091 1928">
     <span class='ocr_line' id='line_1_22' title="bbox 544 1858 2091 1928; baseline -0.003 -15"><span class='ocrx_word' id='word_1_136' title='bbox 544 1861 764 1922; x_wconf 70' lang='lat' dir='ltr'><strong>rentiaa,</strong></span> <span class='ocrx_word' id='word_1_137' title='bbox 797 1862 922 1913; x_wconf 89' lang='lat' dir='ltr'><strong>dum</strong></span> <span class='ocrx_word' id='word_1_138' title='bbox 952 1875 1016 1914; x_wconf 85' lang='lat' dir='ltr'><strong>ex</strong></span> <span class='ocrx_word' id='word_1_139' title='bbox 1054 1869 1283 1928; x_wconf 87' lang='lat' dir='ltr'><strong>utraque</strong></span> <span class='ocrx_word' id='word_1_140' title='bbox 1320 1859 1762 1928; x_wconf 85' lang='lat' dir='ltr'><strong>interpretatione</strong></span> <span class='ocrx_word' id='word_1_141' title='bbox 1797 1858 1850 1910; x_wconf 92' lang='lat' dir='ltr'><strong>in</strong></span> <span class='ocrx_word' id='word_1_142' title='bbox 1893 1872 2001 1910; x_wconf 89' lang='lat' dir='ltr'><strong>uno</strong></span> <span class='ocrx_word' id='word_1_143' title='bbox 2038 1865 2091 1910; x_wconf 90' lang='lat' dir='ltr'><strong>et</strong></span> 
     </span>
    </p>
   </div>
   <div class='ocr_carea' id='block_1_23' title="bbox 543 1949 1918 2018">
    <p class='ocr_par' dir='ltr' id='par_1_23' title="bbox 543 1949 1918 2018">
     <span class='ocr_line' id='line_1_23' title="bbox 543 1949 1918 2018; baseline -0.002 -13"><span class='ocrx_word' id='word_1_144' title='bbox 543 1953 732 2005; x_wconf 81' lang='lat' dir='ltr'><strong>eodem</strong></span> <span class='ocrx_word' id='word_1_145' title='bbox 769 1952 1128 2018; x_wconf 72' lang='lat' dir='ltr'><strong>intelligentia:</strong></span> <span class='ocrx_word' id='word_1_146' title='bbox 1159 1951 1494 2018; x_wconf 89' lang='lat' dir='ltr'><strong>receptaculo</strong></span> <span class='ocrx_word' id='word_1_147' title='bbox 1525 1951 1677 2004; x_wconf 85' lang='lat' dir='ltr'><strong>sedes</strong></span> <span class='ocrx_word' id='word_1_148' title='bbox 1707 1949 1918 2017; x_wconf 86' lang='lat' dir='ltr'><strong>ligatur.</strong></span> 
     </span>
    </p>
   </div>
   <div class='ocr_carea' id='block_1_24' title="bbox 613 2041 2092 2110">
    <p class='ocr_par' dir='ltr' id='par_1_24' title="bbox 613 2041 2092 2110">
     <span class='ocr_line' id='line_1_24' title="bbox 613 2041 2092 2110; baseline -0.003 -16"><span class='ocrx_word' id='word_1_149' title='bbox 613 2043 716 2107; x_wconf 80' lang='lat' dir='ltr'><strong>Qui</strong></span> <span class='ocrx_word' id='word_1_150' title='bbox 744 2042 892 2095; x_wconf 82' lang='lat' dir='ltr'><strong>habet</strong></span> <span class='ocrx_word' id='word_1_151' title='bbox 921 2051 1221 2109; x_wconf 81' lang='lat' dir='ltr'><strong>potestatem</strong></span> <span class='ocrx_word' id='word_1_152' title='bbox 1255 2058 1410 2110; x_wconf 86' lang='lat' dir='ltr'><strong>super</strong></span> <span class='ocrx_word' id='word_1_153' title='bbox 1437 2042 1530 2094; x_wconf 88' lang='lat' dir='ltr'><strong>has</strong></span> <span class='ocrx_word' id='word_1_154' title='bbox 1571 2041 1774 2110; x_wconf 81' lang='lat' dir='ltr'><strong>plagas.</strong></span> <span class='ocrx_word' id='word_1_155' title='bbox 1818 2041 2092 2105; x_wconf 80' lang='grc' dir='ltr'>Ἐξουσίαν</span> 
     </span>
    </p>
   </div>
   <div class='ocr_carea' id='block_1_25' title="bbox 542 2130 2094 2201">
    <p class='ocr_par' dir='ltr' id='par_1_25' title="bbox 542 2130 2094 2201">
     <span class='ocr_line' id='line_1_25' title="bbox 542 2130 2094 2201; baseline -0.001 -18"><span class='ocrx_word' id='word_1_156' title='bbox 542 2133 726 2201; x_wconf 91' lang='lat' dir='ltr'><strong>(quod</strong></span> <span class='ocrx_word' id='word_1_157' title='bbox 763 2146 858 2184; x_wconf 91' lang='lat' dir='ltr'><strong>nos</strong></span> <span class='ocrx_word' id='word_1_158' title='bbox 897 2146 1016 2184; x_wconf 91' lang='lat' dir='ltr'><strong>cum</strong></span> <span class='ocrx_word' id='word_1_159' title='bbox 1055 2132 1261 2184; x_wconf 62' lang='lat' dir='ltr'><strong>caeteris</strong></span> <span class='ocrx_word' id='word_1_160' title='bbox 1291 2130 1675 2197; x_wconf 87' lang='lat' dir='ltr'><strong>interpretibus</strong></span> <span class='ocrx_word' id='word_1_161' title='bbox 1707 2131 1965 2183; x_wconf 89' lang='lat' dir='ltr'><strong>vertimus</strong></span> <span class='ocrx_word' id='word_1_162' title='bbox 2003 2145 2094 2196; x_wconf 83' lang='lat' dir='ltr'><strong>po-</strong></span> 
     </span>
    </p>
   </div>
   <div class='ocr_carea' id='block_1_26' title="bbox 543 2221 2095 2292">
    <p class='ocr_par' dir='ltr' id='par_1_26' title="bbox 543 2221 2095 2292">
     <span class='ocr_line' id='line_1_26' title="bbox 543 2221 2095 2292; baseline -0.001 -17"><span class='ocrx_word' id='word_1_163' title='bbox 543 2223 808 2292; x_wconf 83' lang='lat' dir='ltr'><strong>testatem)</strong></span> <span class='ocrx_word' id='word_1_164' title='bbox 840 2230 993 2275; x_wconf 88' lang='lat' dir='ltr'><strong>vocat</strong></span> <span class='ocrx_word' id='word_1_165' title='bbox 1021 2221 1230 2274; x_wconf 87' lang='lat' dir='ltr'><strong>Domini</strong></span> <span class='ocrx_word' id='word_1_166' title='bbox 1263 2221 1580 2282; x_wconf 84' lang='lat' dir='ltr'><strong>adventum,</strong></span> <span class='ocrx_word' id='word_1_167' title='bbox 1614 2221 1706 2289; x_wconf 90' lang='lat' dir='ltr'><strong>qui</strong></span> <span class='ocrx_word' id='word_1_168' title='bbox 1733 2221 1796 2274; x_wconf 90' lang='lat' dir='ltr'><strong>ad</strong></span> <span class='ocrx_word' id='word_1_169' title='bbox 1830 2221 1932 2273; x_wconf 92' lang='lat' dir='ltr'><strong>hoc</strong></span> <span class='ocrx_word' id='word_1_170' title='bbox 1959 2235 2095 2288; x_wconf 70' lang='lat' dir='ltr'><strong>prse-</strong></span> 
     </span>
    </p>
   </div>
   <div class='ocr_carea' id='block_1_27' title="bbox 541 2310 2100 2373">
    <p class='ocr_par' dir='ltr' id='par_1_27' title="bbox 541 2310 2100 2373">
     <span class='ocr_line' id='line_1_27' title="bbox 541 2310 2100 2373; baseline -0.001 -8"><span class='ocrx_word' id='word_1_171' title='bbox 541 2313 705 2365; x_wconf 81' lang='lat' dir='ltr'><strong>stabit</strong></span> <span class='ocrx_word' id='word_1_172' title='bbox 734 2329 890 2366; x_wconf 89' lang='lat' dir='ltr'><strong>suum</strong></span> <span class='ocrx_word' id='word_1_173' title='bbox 923 2314 1220 2367; x_wconf 89' lang='lat' dir='ltr'><strong>secundum</strong></span> <span class='ocrx_word' id='word_1_174' title='bbox 1244 2313 1556 2373; x_wconf 88' lang='lat' dir='ltr'><strong>adventum,</strong></span> <span class='ocrx_word' id='word_1_175' title='bbox 1588 2319 1645 2365; x_wconf 91' lang='lat' dir='ltr'><strong>ut</strong></span> <span class='ocrx_word' id='word_1_176' title='bbox 1668 2312 1855 2366; x_wconf 86' lang='lat' dir='ltr'><strong>reddat</strong></span> <span class='ocrx_word' id='word_1_177' title='bbox 1885 2310 2100 2365; x_wconf 82' lang='lat' dir='ltr'><strong>unicui-</strong></span> 
     </span>
    </p>
   </div>
   <div class='ocr_carea' id='block_1_28' title="bbox 541 2403 1186 2470">
    <p class='ocr_par' dir='ltr' id='par_1_28' title="bbox 541 2403 1186 2470">
     <span class='ocr_line' id='line_1_28' title="bbox 541 2403 1186 2470; baseline 0 -15"><span class='ocrx_word' id='word_1_178' title='bbox 541 2417 646 2470; x_wconf 88' lang='lat' dir='ltr'><strong>que</strong></span> <span class='ocrx_word' id='word_1_179' title='bbox 675 2403 828 2470; x_wconf 77' lang='lat' dir='ltr'><strong>juxta</strong></span> <span class='ocrx_word' id='word_1_180' title='bbox 863 2417 1026 2470; x_wconf 88' lang='lat' dir='ltr'><strong>opera</strong></span> <span class='ocrx_word' id='word_1_181' title='bbox 1067 2418 1186 2456; x_wconf 85' lang='lat' dir='ltr'><strong>sua.</strong></span> 
     </span>
    </p>
   </div>
   <div class='ocr_carea' id='block_1_29' title="bbox 1144 2512 1468 2566">
    <p class='ocr_par' dir='ltr' id='par_1_29' title="bbox 1144 2512 1468 2566">
     <span class='ocr_line' id='line_1_29' title="bbox 1144 2512 1468 2566; baseline -0.003 0"><span class='ocrx_word' id='word_1_182' title='bbox 1144 2512 1374 2566; x_wconf 74' lang='lat' dir='ltr'><strong>CAPUT</strong></span> <span class='ocrx_word' id='word_1_183' title='bbox 1405 2512 1468 2565; x_wconf 82' lang='lat' dir='ltr'><strong>L.</strong></span> 
     </span>
    </p>
   </div>
   <div class='ocr_carea' id='block_1_30' title="bbox 549 2625 2098 2695">
    <p class='ocr_par' dir='ltr' id='par_1_30' title="bbox 549 2625 2098 2695">
     <span class='ocr_line' id='line_1_30' title="bbox 549 2625 2098 2695; baseline 0.001 -19"><span class='ocrx_word' id='word_1_184' title='bbox 549 2625 698 2688; x_wconf 79' lang='lat' dir='ltr'><strong>Quod</strong></span> <span class='ocrx_word' id='word_1_185' title='bbox 725 2641 814 2692; x_wconf 89' lang='lat' dir='ltr'><strong>per</strong></span> <span class='ocrx_word' id='word_1_186' title='bbox 838 2626 1072 2693; x_wconf 81' lang='lat' dir='ltr'><strong>quintam</strong></span> <span class='ocrx_word' id='word_1_187' title='bbox 1093 2627 1302 2693; x_wconf 82' lang='lat' dir='ltr'><strong>plagam</strong></span> <span class='ocrx_word' id='word_1_188' title='bbox 1333 2642 1543 2695; x_wconf 82' lang='lat' dir='ltr'><strong>regnum</strong></span> <span class='ocrx_word' id='word_1_189' title='bbox 1571 2626 1746 2681; x_wconf 69' lang='lat' dir='ltr'><strong>bestia:</strong></span> <span class='ocrx_word' id='word_1_190' title='bbox 1777 2628 2098 2680; x_wconf 84' lang='lat' dir='ltr'><strong>obscuretur.</strong></span> 
     </span>
    </p>
   </div>
   <div class='ocr_carea' id='block_1_31' title="bbox 615 2791 2104 2862">
    <p class='ocr_par' dir='ltr' id='par_1_31' title="bbox 615 2791 2104 2862">
     <span class='ocr_line' id='line_1_31' title="bbox 615 2791 2104 2862; baseline 0 -16"><span class='ocrx_word' id='word_1_191' title='bbox 615 2791 751 2858; x_wconf 75' lang='lat' dir='ltr'><strong>XVI,</strong></span> <span class='ocrx_word' id='word_1_192' title='bbox 786 2793 870 2858; x_wconf 66' lang='grc'><strong>10,</strong></span> <span class='ocrx_word' id='word_1_193' title='bbox 897 2793 979 2847; x_wconf 81' lang='grc' dir='ltr'><strong>Η.</strong></span> <span class='ocrx_word' id='word_1_194' title='bbox 1017 2793 1079 2845; x_wconf 86' lang='lat' dir='ltr'><strong>Et</strong></span> <span class='ocrx_word' id='word_1_195' title='bbox 1107 2796 1314 2862; x_wconf 82' lang='lat' dir='ltr'><strong>quintus</strong></span> <span class='ocrx_word' id='word_1_196' title='bbox 1348 2795 1531 2862; x_wconf 71' lang='lat' dir='ltr'><strong>effudit</strong></span> <span class='ocrx_word' id='word_1_197' title='bbox 1569 2796 1796 2862; x_wconf 78' lang='lat' dir='ltr'><strong>phialam</strong></span> <span class='ocrx_word' id='word_1_198' title='bbox 1828 2813 1975 2846; x_wconf 76' lang='lat' dir='ltr'><strong>suam</strong></span> <span class='ocrx_word' id='word_1_199' title='bbox 2017 2813 2104 2848; x_wconf 86' lang='lat' dir='ltr'><strong>su-</strong></span> 
     </span>
    </p>
   </div>
   <div class='ocr_carea' id='block_1_32' title="bbox 545 2886 2102 2957">
    <p class='ocr_par' dir='ltr' id='par_1_32' title="bbox 545 2886 2102 2957">
     <span class='ocr_line' id='line_1_32' title="bbox 545 2886 2102 2957; baseline 0.001 -20"><span class='ocrx_word' id='word_1_200' title='bbox 545 2903 633 2952; x_wconf 79' lang='lat' dir='ltr'><strong>per</strong></span> <span class='ocrx_word' id='word_1_201' title='bbox 662 2887 903 2937; x_wconf 81' lang='lat' dir='ltr'><strong>thronum</strong></span> <span class='ocrx_word' id='word_1_202' title='bbox 936 2886 1109 2938; x_wconf 81' lang='lat' dir='ltr'><strong>bestire</strong></span> <span class='ocrx_word' id='word_1_203' title='bbox 1132 2901 1148 2936; x_wconf 90' lang='lat'><strong><em>:</em></strong></span> <span class='ocrx_word' id='word_1_204' title='bbox 1175 2895 1220 2938; x_wconf 92' lang='lat' dir='ltr'><strong>et</strong></span> <span class='ocrx_word' id='word_1_205' title='bbox 1245 2887 1582 2938; x_wconf 82' lang='lat' dir='ltr'><strong>obscuratum</strong></span> <span class='ocrx_word' id='word_1_206' title='bbox 1606 2900 1680 2940; x_wconf 83' lang='lat' dir='ltr'><strong>est</strong></span> <span class='ocrx_word' id='word_1_207' title='bbox 1715 2904 1927 2957; x_wconf 86' lang='lat' dir='ltr'><strong>regnum</strong></span> <span class='ocrx_word' id='word_1_208' title='bbox 1951 2888 2102 2954; x_wconf 84' lang='lat' dir='ltr'><strong>ejus:</strong></span> 
     </span>
    </p>
   </div>
   <div class='ocr_carea' id='block_1_33' title="bbox 546 2976 2104 3044">
    <p class='ocr_par' dir='ltr' id='par_1_33' title="bbox 546 2976 2104 3044">
     <span class='ocr_line' id='line_1_33' title="bbox 546 2976 2104 3044; baseline -0.001 -16"><span class='ocrx_word' id='word_1_209' title='bbox 546 2987 593 3028; x_wconf 86' lang='lat' dir='ltr'><strong>et</strong></span> <span class='ocrx_word' id='word_1_210' title='bbox 629 2976 1185 3028; x_wconf 84' lang='lat' dir='ltr'><strong>commanducarerunt</strong></span> <span class='ocrx_word' id='word_1_211' title='bbox 1225 2977 1427 3044; x_wconf 79' lang='lat' dir='ltr'><strong>linguas</strong></span> <span class='ocrx_word' id='word_1_212' title='bbox 1468 2993 1592 3029; x_wconf 89' lang='lat' dir='ltr'><strong>snas</strong></span> <span class='ocrx_word' id='word_1_213' title='bbox 1649 2993 1756 3043; x_wconf 67' lang='lat' dir='ltr'><strong>prce</strong></span> <span class='ocrx_word' id='word_1_214' title='bbox 1797 2977 2012 3039; x_wconf 83' lang='lat' dir='ltr'><strong>dolore,</strong></span> <span class='ocrx_word' id='word_1_215' title='bbox 2054 2985 2104 3029; x_wconf 82' lang='lat' dir='ltr'><strong>et</strong></span> 
     </span>
    </p>
   </div>
   <div class='ocr_carea' id='block_1_34' title="bbox 2184 673 3729 756">
    <p class='ocr_par' dir='ltr' id='par_1_34' title="bbox 2184 673 3729 756">
     <span class='ocr_line' id='line_1_34' title="bbox 2184 673 3729 756; baseline -0.012 -14"><span class='ocrx_word' id='word_1_216' title='bbox 2184 704 2281 742; x_wconf 83' lang='grc' dir='ltr'><strong>ποι</strong></span> <span class='ocrx_word' id='word_1_217' title='bbox 2311 690 2375 741; x_wconf 86' lang='grc' dir='ltr'><em>τὸ</em></span> <span class='ocrx_word' id='word_1_218' title='bbox 2403 689 2585 756; x_wconf 78' lang='grc' dir='ltr'><em>ὄνομα</em></span> <span class='ocrx_word' id='word_1_219' title='bbox 2619 698 2718 738; x_wconf 78' lang='lat' dir='ltr'><strong>coc</strong></span> <span class='ocrx_word' id='word_1_220' title='bbox 2752 683 2896 738; x_wconf 85' lang='grc' dir='ltr'><strong>Θεοῦ</strong></span> <span class='ocrx_word' id='word_1_221' title='bbox 2926 681 3030 735; x_wconf 85' lang='grc' dir='ltr'><strong>τοῦ</strong></span> <span class='ocrx_word' id='word_1_222' title='bbox 3055 681 3298 747; x_wconf 80' lang='grc' dir='ltr'><em>ἔχοντος</em></span> <span class='ocrx_word' id='word_1_223' title='bbox 3324 677 3608 741; x_wconf 75' lang='grc' dir='ltr'><strong>ἐξουσίαν</strong></span> <span class='ocrx_word' id='word_1_224' title='bbox 3626 673 3729 726; x_wconf 74' lang='grc' dir='ltr'><strong>ἐπὶ</strong></span> 
     </span>
    </p>
   </div>
   <div class='ocr_carea' id='block_1_35' title="bbox 2185 765 3729 845">
    <p class='ocr_par' dir='ltr' id='par_1_35' title="bbox 2185 765 3729 845">
     <span class='ocr_line' id='line_1_35' title="bbox 2185 765 3729 845; baseline -0.01 -14"><span class='ocrx_word' id='word_1_225' title='bbox 2185 778 2288 842; x_wconf 83' lang='grc' dir='ltr'><em>τὰς</em></span> <span class='ocrx_word' id='word_1_226' title='bbox 2318 779 2551 845; x_wconf 70' lang='grc' dir='ltr'><em>πληγὰς</em></span> <span class='ocrx_word' id='word_1_227' title='bbox 2590 778 2824 841; x_wconf 84' lang='grc' dir='ltr'><em>ταύτας,</em></span> <span class='ocrx_word' id='word_1_228' title='bbox 2865 773 2962 827; x_wconf 78' lang='grc' dir='ltr'><strong>καὶ</strong></span> <span class='ocrx_word' id='word_1_229' title='bbox 3001 775 3070 824; x_wconf 85' lang='grc' dir='ltr'>οὐ</span> <span class='ocrx_word' id='word_1_230' title='bbox 3092 771 3464 841; x_wconf 82' lang='grc' dir='ltr'><strong>μετενόησαν</strong></span> <span class='ocrx_word' id='word_1_231' title='bbox 3517 765 3729 819; x_wconf 76' lang='grc' dir='ltr'><strong>δοῦναι</strong></span> 
     </span>
    </p>
   </div>
   <div class='ocr_carea' id='block_1_36' title="bbox 2185 868 2571 933">
    <p class='ocr_par' dir='ltr' id='par_1_36' title="bbox 2185 868 2571 933">
     <span class='ocr_line' id='line_1_36' title="bbox 2185 868 2571 933; baseline -0.008 -9"><span class='ocrx_word' id='word_1_232' title='bbox 2185 868 2342 933; x_wconf 81' lang='grc' dir='ltr'><strong>αὐτῷ</strong></span> <span class='ocrx_word' id='word_1_233' title='bbox 2369 868 2571 931; x_wconf 80' lang='grc' dir='ltr'><strong>δόξαν.</strong></span> 
     </span>
    </p>
   </div>
   <div class='ocr_carea' id='block_1_37' title="bbox 2256 949 3730 1029">
    <p class='ocr_par' dir='ltr' id='par_1_37' title="bbox 2256 949 3730 1029">
     <span class='ocr_line' id='line_1_37' title="bbox 2256 949 3730 1029; baseline -0.007 -18"><span class='ocrx_word' id='word_1_234' title='bbox 2256 961 2439 1013; x_wconf 84' lang='grc' dir='ltr'><strong>Ταῦτα</strong></span> <span class='ocrx_word' id='word_1_235' title='bbox 2472 958 2742 1029; x_wconf 79' lang='grc' dir='ltr'><strong>ὁποτέρως</strong></span> <span class='ocrx_word' id='word_1_236' title='bbox 2762 958 2825 1011; x_wconf 82' lang='grc' dir='ltr'><strong>ἄν</strong></span> <span class='ocrx_word' id='word_1_237' title='bbox 2841 974 2922 1019; x_wconf 86' lang='grc' dir='ltr'><strong>τις</strong></span> <span class='ocrx_word' id='word_1_238' title='bbox 2940 954 3178 1020; x_wconf 77' lang='grc' dir='ltr'><strong>ὲκλάὄοι,</strong></span> <span class='ocrx_word' id='word_1_239' title='bbox 3198 950 3519 1021; x_wconf 80' lang='grc' dir='ltr'>ἀλληγορίας</span> <span class='ocrx_word' id='word_1_240' title='bbox 3530 949 3730 1015; x_wconf 81' lang='grc' dir='ltr'>λόγοις,</span> 
     </span>
    </p>
   </div>
   <div class='ocr_carea' id='block_1_38' title="bbox 2190 1040 3733 1121">
    <p class='ocr_par' dir='ltr' id='par_1_38' title="bbox 2190 1040 3733 1121">
     <span class='ocr_line' id='line_1_38' title="bbox 2190 1040 3733 1121; baseline -0.01 -16"><span class='ocrx_word' id='word_1_241' title='bbox 2190 1054 2352 1121; x_wconf 72' lang='grc' dir='ltr'><strong>φημὶ,</strong></span> <span class='ocrx_word' id='word_1_242' title='bbox 2380 1052 2412 1121; x_wconf 82' lang='grc' dir='ltr'>ἢ</span> <span class='ocrx_word' id='word_1_243' title='bbox 2447 1054 2539 1104; x_wconf 76' lang='grc' dir='ltr'><strong>καὶ</strong></span> <span class='ocrx_word' id='word_1_244' title='bbox 2561 1050 2808 1119; x_wconf 76' lang='grc' dir='ltr'><strong>ἐνεργείᾳ</strong></span> <span class='ocrx_word' id='word_1_245' title='bbox 2849 1047 3205 1118; x_wconf 80' lang='grc' dir='ltr'><strong>πραγμάτων,</strong></span> <span class='ocrx_word' id='word_1_246' title='bbox 3238 1044 3336 1096; x_wconf 74' lang='grc' dir='ltr'><strong>οὐκ</strong></span> <span class='ocrx_word' id='word_1_247' title='bbox 3393 1042 3496 1106; x_wconf 75' lang='grc' dir='ltr'><strong>ἔξω</strong></span> <span class='ocrx_word' id='word_1_248' title='bbox 3536 1040 3628 1092; x_wconf 81' lang='grc' dir='ltr'><strong>τοῦ</strong></span> <span class='ocrx_word' id='word_1_249' title='bbox 3655 1041 3733 1089; x_wconf 85' lang='grc' dir='ltr'>εί-</span> 
     </span>
    </p>
   </div>
   <div class='ocr_carea' id='block_1_39' title="bbox 2191 1130 3734 1210">
    <p class='ocr_par' dir='ltr' id='par_1_39' title="bbox 2191 1130 3734 1210">
     <span class='ocr_line' id='line_1_39' title="bbox 2191 1130 3734 1210; baseline -0.004 -16"><span class='ocrx_word' id='word_1_250' title='bbox 2191 1145 2343 1203; x_wconf 82' lang='grc' dir='ltr'><strong>κότος</strong></span> <span class='ocrx_word' id='word_1_251' title='bbox 2373 1141 2712 1210; x_wconf 79' lang='grc' dir='ltr'>ἀπενεχθείη.</span> <span class='ocrx_word' id='word_1_252' title='bbox 2747 1142 2868 1192; x_wconf 81' lang='grc' dir='ltr'>Εἴτε</span> <span class='ocrx_word' id='word_1_253' title='bbox 2887 1139 2993 1208; x_wconf 83' lang='grc' dir='ltr'>γὰρ</span> <span class='ocrx_word' id='word_1_254' title='bbox 3045 1137 3194 1206; x_wconf 75' lang='grc' dir='ltr'>ἥλιον</span> <span class='ocrx_word' id='word_1_255' title='bbox 3243 1136 3331 1187; x_wconf 77' lang='grc' dir='ltr'><strong>τὸν</strong></span> <span class='ocrx_word' id='word_1_256' title='bbox 3377 1136 3474 1199; x_wconf 76' lang='grc' dir='ltr'><strong>τῆς</strong></span> <span class='ocrx_word' id='word_1_257' title='bbox 3523 1130 3734 1199; x_wconf 75' lang='grc' dir='ltr'><strong>ἡμέρας</strong></span> 
     </span>
    </p>
   </div>
   <div class='ocr_carea' id='block_1_40' title="bbox 2190 1223 3733 1301">
    <p class='ocr_par' dir='ltr' id='par_1_40' title="bbox 2190 1223 3733 1301">
     <span class='ocr_line' id='line_1_40' title="bbox 2190 1223 3733 1301; baseline -0.01 -16"><span class='ocrx_word' id='word_1_258' title='bbox 2190 1232 2393 1300; x_wconf 73' lang='grc' dir='ltr'>οἰηθείη</span> <span class='ocrx_word' id='word_1_259' title='bbox 2427 1233 2618 1301; x_wconf 83' lang='grc' dir='ltr'><strong>δρόμον</strong></span> <span class='ocrx_word' id='word_1_260' title='bbox 2639 1231 2758 1284; x_wconf 78' lang='grc' dir='ltr'><strong>καθ’</strong></span> <span class='ocrx_word' id='word_1_261' title='bbox 2781 1232 2840 1283; x_wconf 81' lang='grc' dir='ltr'><strong>ὃν</strong></span> <span class='ocrx_word' id='word_1_262' title='bbox 2864 1232 3114 1283; x_wconf 80' lang='grc' dir='ltr'><strong>ἑκάστοτε</strong></span> <span class='ocrx_word' id='word_1_263' title='bbox 3142 1227 3209 1279; x_wconf 78' lang='grc' dir='ltr'><strong>τὰ</strong></span> <span class='ocrx_word' id='word_1_264' title='bbox 3260 1226 3487 1292; x_wconf 79' lang='grc' dir='ltr'><strong>δυσχερῆ</strong></span> <span class='ocrx_word' id='word_1_265' title='bbox 3513 1223 3601 1272; x_wconf 67' lang='grc' dir='ltr'><strong>καὶ</strong></span> <span class='ocrx_word' id='word_1_266' title='bbox 3634 1238 3733 1272; x_wconf 81' lang='grc' dir='ltr'><strong>κα-</strong></span> 
     </span>
    </p>
   </div>
   <div class='ocr_carea' id='block_1_41' title="bbox 2192 1314 3732 1392">
    <p class='ocr_par' dir='ltr' id='par_1_41' title="bbox 2192 1314 3732 1392">
     <span class='ocr_line' id='line_1_41' title="bbox 2192 1314 3732 1392; baseline -0.009 -15"><span class='ocrx_word' id='word_1_267' title='bbox 2192 1325 2459 1392; x_wconf 82' lang='grc' dir='ltr'>τάγχοντα</span> <span class='ocrx_word' id='word_1_268' title='bbox 2487 1324 2610 1385; x_wconf 77' lang='grc' dir='ltr'><strong>τοὺς</strong></span> <span class='ocrx_word' id='word_1_269' title='bbox 2639 1323 3051 1389; x_wconf 84' lang='grc' dir='ltr'><strong>ἀσελγαίνοντας</strong></span> <span class='ocrx_word' id='word_1_270' title='bbox 3082 1320 3214 1388; x_wconf 79' lang='grc' dir='ltr'>πρὸς</span> <span class='ocrx_word' id='word_1_271' title='bbox 3240 1314 3566 1385; x_wconf 70' lang='grc' dir='ltr'>ἐπιστροφὴν</span> <span class='ocrx_word' id='word_1_272' title='bbox 3600 1330 3732 1364; x_wconf 79' lang='grc' dir='ltr'><strong>κατ-</strong></span> 
     </span>
    </p>
   </div>
   <div class='ocr_carea' id='block_1_42' title="bbox 2194 1405 3734 1482">
    <p class='ocr_par' dir='ltr' id='par_1_42' title="bbox 2194 1405 3734 1482">
     <span class='ocr_line' id='line_1_42' title="bbox 2194 1405 3734 1482; baseline -0.009 -16"><span class='ocrx_word' id='word_1_273' title='bbox 2194 1413 2474 1482; x_wconf 78' lang='grc' dir='ltr'>αλήψεται,</span> <span class='ocrx_word' id='word_1_274' title='bbox 2511 1413 2542 1482; x_wconf 86' lang='grc' dir='ltr'>ἢ</span> <span class='ocrx_word' id='word_1_275' title='bbox 2596 1414 2687 1466; x_wconf 74' lang='grc' dir='ltr'><strong>καὶ</strong></span> <span class='ocrx_word' id='word_1_276' title='bbox 2741 1413 2900 1464; x_wconf 76' lang='grc' dir='ltr'>αὑτὸν</span> <span class='ocrx_word' id='word_1_277' title='bbox 2949 1412 3039 1463; x_wconf 79' lang='grc' dir='ltr'><strong>τὸν</strong></span> <span class='ocrx_word' id='word_1_278' title='bbox 3066 1410 3213 1480; x_wconf 78' lang='grc' dir='ltr'>ἥλιον</span> <span class='ocrx_word' id='word_1_279' title='bbox 3244 1406 3436 1476; x_wconf 78' lang='grc' dir='ltr'>αὐχμῷ</span> <span class='ocrx_word' id='word_1_280' title='bbox 3489 1405 3575 1457; x_wconf 57' lang='grc' dir='ltr'><strong>καὶ</strong></span> <span class='ocrx_word' id='word_1_281' title='bbox 3607 1421 3734 1454; x_wconf 84' lang='grc' dir='ltr'>συν-</span> 
     </span>
    </p>
   </div>
   <div class='ocr_carea' id='block_1_43' title="bbox 2193 1493 3734 1574">
    <p class='ocr_par' dir='ltr' id='par_1_43' title="bbox 2193 1493 3734 1574">
     <span class='ocr_line' id='line_1_43' title="bbox 2193 1493 3734 1574; baseline -0.009 -17"><span class='ocrx_word' id='word_1_282' title='bbox 2193 1509 2291 1574; x_wconf 85' lang='grc' dir='ltr'><strong>οχῇ</strong></span> <span class='ocrx_word' id='word_1_283' title='bbox 2341 1507 2431 1556; x_wconf 77' lang='grc' dir='ltr'><strong>καὶ</strong></span> <span class='ocrx_word' id='word_1_284' title='bbox 2484 1503 2684 1574; x_wconf 69' lang='grc' dir='ltr'>ἀπορίᾳ</span> <span class='ocrx_word' id='word_1_285' title='bbox 2732 1502 2854 1554; x_wconf 79' lang='grc' dir='ltr'><strong>τῶν⁰</strong></span> <span class='ocrx_word' id='word_1_286' title='bbox 2896 1503 3034 1555; x_wconf 79' lang='grc' dir='ltr'><strong>κατὰ</strong></span> <span class='ocrx_word' id='word_1_287' title='bbox 3092 1500 3321 1568; x_wconf 85' lang='grc' dir='ltr'>πόλεμον</span> <span class='ocrx_word' id='word_1_288' title='bbox 3359 1496 3606 1566; x_wconf 80' lang='grc' dir='ltr'><strong>χαλεπῶν</strong></span> <span class='ocrx_word' id='word_1_289' title='bbox 3654 1493 3734 1560; x_wconf 82' lang='grc' dir='ltr'><strong>τῷ</strong></span> 
     </span>
    </p>
   </div>
   <div class='ocr_carea' id='block_1_44' title="bbox 2195 1589 3732 1664">
    <p class='ocr_par' dir='ltr' id='par_1_44' title="bbox 2195 1589 3732 1664">
     <span class='ocr_line' id='line_1_44' title="bbox 2195 1589 3732 1664; baseline -0.009 -16"><span class='ocrx_word' id='word_1_290' title='bbox 2195 1595 2321 1664; x_wconf 73' lang='grc' dir='ltr'>παρ’</span> <span class='ocrx_word' id='word_1_291' title='bbox 2354 1595 2514 1647; x_wconf 81' lang='grc' dir='ltr'>αὐτοῦ</span> <span class='ocrx_word' id='word_1_292' title='bbox 2553 1593 2776 1663; x_wconf 79' lang='grc' dir='ltr'>φλογμῷ</span> <span class='ocrx_word' id='word_1_293' title='bbox 2822 1594 3244 1662; x_wconf 84' lang='grc' dir='ltr'>δραστικώτερον</span> <span class='ocrx_word' id='word_1_294' title='bbox 3300 1589 3732 1657; x_wconf 79' lang='grc' dir='ltr'>καυματίσαντα,</span> 
     </span>
    </p>
   </div>
   <div class='ocr_carea' id='block_1_45' title="bbox 2195 1675 3736 1751">
    <p class='ocr_par' dir='ltr' id='par_1_45' title="bbox 2195 1675 3736 1751">
     <span class='ocr_line' id='line_1_45' title="bbox 2195 1675 3736 1751; baseline -0.008 -14"><span class='ocrx_word' id='word_1_295' title='bbox 2195 1687 2276 1737; x_wconf 85' lang='grc' dir='ltr'><strong>ὃτι</strong></span> <span class='ocrx_word' id='word_1_296' title='bbox 2307 1685 2401 1736; x_wconf 80' lang='grc' dir='ltr'><strong>καὶ</strong></span> <span class='ocrx_word' id='word_1_297' title='bbox 2422 1686 2448 1735; x_wconf 83' lang='grc' dir='ltr'>ὁ</span> <span class='ocrx_word' id='word_1_298' title='bbox 2476 1685 2631 1744; x_wconf 75' lang='grc' dir='ltr'><strong>αὐτὸς</strong></span> <span class='ocrx_word' id='word_1_299' title='bbox 2660 1682 2904 1751; x_wconf 78' lang='grc' dir='ltr'>μαστίζει</span> <span class='ocrx_word' id='word_1_300' title='bbox 2931 1680 3259 1748; x_wconf 71' lang='grc' dir='ltr'>ἐπιστροφὴν</span> <span class='ocrx_word' id='word_1_301' title='bbox 3289 1679 3467 1738; x_wconf 80' lang='grc' dir='ltr'>αὐτοῖς</span> <span class='ocrx_word' id='word_1_302' title='bbox 3521 1675 3736 1743; x_wconf 82' lang='grc' dir='ltr'><em>μνώμε-</em></span> 
     </span>
    </p>
   </div>
   <div class='ocr_carea' id='block_1_46' title="bbox 1592 1762 2132 1838">
    <p class='ocr_par' dir='ltr' id='par_1_46' title="bbox 1592 1764 2132 1829">
     <span class='ocr_line' id='line_1_46' title="bbox 1592 1764 2132 1829; baseline -0.002 -10"><span class='ocrx_word' id='word_1_303' title='bbox 1592 1784 1604 1819; x_wconf 91' lang='lat'>:</span> <span class='ocrx_word' id='word_1_304' title='bbox 1647 1767 1782 1819; x_wconf 89' lang='lat' dir='ltr'><strong>nihil</strong></span> <span class='ocrx_word' id='word_1_305' title='bbox 1812 1766 1915 1820; x_wconf 90' lang='lat' dir='ltr'><strong>erit</strong></span> <span class='ocrx_word' id='word_1_306' title='bbox 1944 1764 2094 1818; x_wconf 76' lang='lat' dir='ltr'><strong>diﬂe-</strong></span> <span class='ocrx_word' id='word_1_307' title='bbox 2125 1775 2132 1829; x_wconf 75' lang='grc' dir='ltr'><strong>ι</strong></span> 
     </span>
    </p>
   </div>
   <div class='ocr_carea' id='block_1_47' title="bbox 2210 1762 3737 1838">
    <p class='ocr_par' dir='ltr' id='par_1_47' title="bbox 2210 1762 3737 1838">
     <span class='ocr_line' id='line_1_47' title="bbox 2210 1762 3737 1838; baseline -0.005 -16"><span class='ocrx_word' id='word_1_308' title='bbox 2210 1790 2302 1835; x_wconf 76' lang='grc' dir='ltr'><strong>ρος,</strong></span> <span class='ocrx_word' id='word_1_309' title='bbox 2335 1773 2484 1824; x_wconf 77' lang='grc' dir='ltr'>οὐδὲν</span> <span class='ocrx_word' id='word_1_310' title='bbox 2501 1773 2687 1824; x_wconf 78' lang='grc' dir='ltr'>διοίσει</span> <span class='ocrx_word' id='word_1_311' title='bbox 2715 1773 2806 1836; x_wconf 83' lang='grc' dir='ltr'><strong>ἀφ’</strong></span> <span class='ocrx_word' id='word_1_312' title='bbox 2831 1771 3092 1838; x_wconf 78' lang='grc' dir='ltr'><strong>ἑκατέρας</strong></span> <span class='ocrx_word' id='word_1_313' title='bbox 3120 1768 3344 1836; x_wconf 80' lang='grc' dir='ltr'><strong>ὲκδοχῆς</strong></span> <span class='ocrx_word' id='word_1_314' title='bbox 3371 1767 3502 1836; x_wconf 80' lang='grc' dir='ltr'>πρὸς</span> <span class='ocrx_word' id='word_1_315' title='bbox 3539 1765 3595 1816; x_wconf 84' lang='grc' dir='ltr'><strong>ἓν</strong></span> <span class='ocrx_word' id='word_1_316' title='bbox 3645 1762 3737 1815; x_wconf 79' lang='grc' dir='ltr'><strong>καὶ</strong></span> 
     </span>
    </p>
   </div>
   <div class='ocr_carea' id='block_1_48' title="bbox 2194 1857 3458 1931">
    <p class='ocr_par' dir='ltr' id='par_1_48' title="bbox 2194 1857 3458 1931">
     <span class='ocr_line' id='line_1_48' title="bbox 2194 1857 3458 1931; baseline -0.005 -15"><span class='ocrx_word' id='word_1_317' title='bbox 2194 1864 2254 1916; x_wconf 76' lang='grc' dir='ltr'><strong>τὸ</strong></span> <span class='ocrx_word' id='word_1_318' title='bbox 2282 1865 2412 1916; x_wconf 74' lang='grc' dir='ltr'><strong>αὐτὸ</strong></span> <span class='ocrx_word' id='word_1_319' title='bbox 2440 1863 2726 1931; x_wconf 83' lang='grc' dir='ltr'><strong>κατάλυμα</strong></span> <span class='ocrx_word' id='word_1_320' title='bbox 2754 1862 2851 1930; x_wconf 84' lang='grc' dir='ltr'><strong>τῆς</strong></span> <span class='ocrx_word' id='word_1_321' title='bbox 2886 1861 3090 1922; x_wconf 76' lang='grc' dir='ltr'>ἑννοίας</span> <span class='ocrx_word' id='word_1_322' title='bbox 3127 1857 3458 1920; x_wconf 76' lang='grc' dir='ltr'>αὐλίζεσθαι.</span> 
     </span>
    </p>
   </div>
   <div class='ocr_carea' id='block_1_49' title="bbox 2271 2031 3734 2100">
    <p class='ocr_par' dir='ltr' id='par_1_49' title="bbox 2271 2031 3734 2100">
     <span class='ocr_line' id='line_1_49' title="bbox 2271 2031 3734 2100; baseline -0.001 -16"><span class='ocrx_word' id='word_1_323' title='bbox 2271 2033 2378 2085; x_wconf 88' lang='grc' dir='ltr'><strong>Τοῦ</strong></span> <span class='ocrx_word' id='word_1_324' title='bbox 2407 2032 2651 2100; x_wconf 78' lang='grc' dir='ltr'><em>ἔχοντος</em></span> <span class='ocrx_word' id='word_1_325' title='bbox 2674 2032 2962 2095; x_wconf 71' lang='grc' dir='ltr'><strong>ἐξουσίαν</strong></span> <span class='ocrx_word' id='word_1_326' title='bbox 2991 2032 3089 2086; x_wconf 78' lang='grc' dir='ltr'><strong>ἐπὶ</strong></span> <span class='ocrx_word' id='word_1_327' title='bbox 3116 2032 3216 2094; x_wconf 84' lang='grc' dir='ltr'><strong>τὰς</strong></span> <span class='ocrx_word' id='word_1_328' title='bbox 3246 2031 3482 2099; x_wconf 75' lang='grc' dir='ltr'><em>πληγὰς</em></span> <span class='ocrx_word' id='word_1_329' title='bbox 3500 2031 3734 2094; x_wconf 81' lang='grc' dir='ltr'><em>ταύτας.</em></span> 
     </span>
    </p>
   </div>
   <div class='ocr_carea' id='block_1_50' title="bbox 2207 2120 3740 2194">
    <p class='ocr_par' dir='ltr' id='par_1_50' title="bbox 2207 2120 3740 2194">
     <span class='ocr_line' id='line_1_50' title="bbox 2207 2120 3740 2194; baseline -0.003 -19"><span class='ocrx_word' id='word_1_330' title='bbox 2207 2121 2536 2186; x_wconf 81' lang='grc' dir='ltr'>Ἐξουσίαν</span> <span class='ocrx_word' id='word_1_331' title='bbox 2567 2122 2662 2194; x_wconf 80' lang='grc' dir='ltr'><strong>τὴν</strong></span> <span class='ocrx_word' id='word_1_332' title='bbox 2689 2123 2779 2177; x_wconf 84' lang='grc' dir='ltr'><strong>τοῦ</strong></span> <span class='ocrx_word' id='word_1_333' title='bbox 2809 2125 3010 2194; x_wconf 79' lang='grc' dir='ltr'>Κυρίου</span> <span class='ocrx_word' id='word_1_334' title='bbox 3037 2123 3191 2177; x_wconf 82' lang='grc' dir='ltr'>καλεῖ</span> <span class='ocrx_word' id='word_1_335' title='bbox 3219 2123 3535 2192; x_wconf 78' lang='grc' dir='ltr'>παρουσίαν,</span> <span class='ocrx_word' id='word_1_336' title='bbox 3567 2120 3622 2183; x_wconf 77' lang='grc' dir='ltr'><em>ὃς</em></span> <span class='ocrx_word' id='word_1_337' title='bbox 3647 2120 3740 2171; x_wconf 72' lang='grc' dir='ltr'><strong>ἐπὶ</strong></span> 
     </span>
    </p>
   </div>
   <div class='ocr_carea' id='block_1_51' title="bbox 2194 2212 3740 2286">
    <p class='ocr_par' dir='ltr' id='par_1_51' title="bbox 2194 2212 3740 2286">
     <span class='ocr_line' id='line_1_51' title="bbox 2194 2212 3740 2286; baseline -0.002 -21"><span class='ocrx_word' id='word_1_338' title='bbox 2194 2213 2354 2266; x_wconf 83' lang='grc' dir='ltr'>τοῦτο</span> <span class='ocrx_word' id='word_1_339' title='bbox 2378 2213 2475 2284; x_wconf 80' lang='grc' dir='ltr'><strong>τὴν</strong></span> <span class='ocrx_word' id='word_1_340' title='bbox 2495 2215 2755 2286; x_wconf 83' lang='grc' dir='ltr'>δευτέραν</span> <span class='ocrx_word' id='word_1_341' title='bbox 2805 2215 2971 2268; x_wconf 82' lang='grc' dir='ltr'>αὑτοῦ</span> <span class='ocrx_word' id='word_1_342' title='bbox 3006 2215 3306 2285; x_wconf 86' lang='grc' dir='ltr'>παρουσίαν</span> <span class='ocrx_word' id='word_1_343' title='bbox 3340 2215 3567 2265; x_wconf 78' lang='grc' dir='ltr'>ποιεῖται</span> <span class='ocrx_word' id='word_1_344' title='bbox 3605 2212 3740 2280; x_wconf 79' lang='grc' dir='ltr'>πρὸς</span> 
     </span>
    </p>
   </div>
   <div class='ocr_carea' id='block_1_52' title="bbox 2197 2302 3426 2373">
    <p class='ocr_par' dir='ltr' id='par_1_52' title="bbox 2197 2302 3426 2373">
     <span class='ocr_line' id='line_1_52' title="bbox 2197 2302 3426 2373; baseline 0.001 -18"><span class='ocrx_word' id='word_1_345' title='bbox 2197 2302 2257 2355; x_wconf 79' lang='grc' dir='ltr'><strong>τὺ</strong></span> <span class='ocrx_word' id='word_1_346' title='bbox 2278 2304 2565 2359; x_wconf 68' lang='grc' dir='ltr'>ἀποδοῦναι</span> <span class='ocrx_word' id='word_1_347' title='bbox 2583 2305 2796 2372; x_wconf 78' lang='grc' dir='ltr'><strong>ἑκάστῳ</strong></span> <span class='ocrx_word' id='word_1_348' title='bbox 2827 2304 2962 2356; x_wconf 80' lang='grc' dir='ltr'><strong>κατὰ</strong></span> <span class='ocrx_word' id='word_1_349' title='bbox 2994 2305 3061 2357; x_wconf 85' lang='grc' dir='ltr'><strong>τὰ</strong></span> <span class='ocrx_word' id='word_1_350' title='bbox 3086 2303 3219 2373; x_wconf 75' lang='grc' dir='ltr'>ἔργα</span> <span class='ocrx_word' id='word_1_351' title='bbox 3241 2303 3426 2356; x_wconf 78' lang='grc' dir='ltr'><strong>αὑτοῦ.</strong></span> 
     </span>
    </p>
   </div>
   <div class='ocr_carea' id='block_1_53' title="bbox 2779 2506 3142 2560">
    <p class='ocr_par' dir='ltr' id='par_1_53' title="bbox 2779 2506 3142 2560">
     <span class='ocr_line' id='line_1_53' title="bbox 2779 2506 3142 2560; baseline 0.006 -3"><span class='ocrx_word' id='word_1_352' title='bbox 2779 2506 3026 2560; x_wconf 79' lang='grc' dir='ltr'><strong>ΚΕΦΑΛ.</strong></span> <span class='ocrx_word' id='word_1_353' title='bbox 3062 2506 3142 2559; x_wconf 88' lang='grc' dir='ltr'><strong>Ν’.</strong></span> 
     </span>
    </p>
   </div>
   <div class='ocr_carea' id='block_1_54' title="bbox 2212 2614 3743 2683">
    <p class='ocr_par' dir='ltr' id='par_1_54' title="bbox 2212 2614 3743 2683">
     <span class='ocr_line' id='line_1_54' title="bbox 2212 2614 3743 2683; baseline 0.004 -19"><span class='ocrx_word' id='word_1_354' title='bbox 2212 2614 2409 2678; x_wconf 76' lang='grc' dir='ltr'><strong>Ὅπως</strong></span> <span class='ocrx_word' id='word_1_355' title='bbox 2438 2614 2532 2666; x_wconf 83' lang='grc' dir='ltr'><strong>διὰ</strong></span> <span class='ocrx_word' id='word_1_356' title='bbox 2557 2614 2664 2682; x_wconf 79' lang='grc' dir='ltr'><em>τῆς</em></span> <span class='ocrx_word' id='word_1_357' title='bbox 2701 2615 2968 2682; x_wconf 78' lang='grc' dir='ltr'><strong>πέμπτης</strong></span> <span class='ocrx_word' id='word_1_358' title='bbox 2999 2617 3234 2682; x_wconf 68' lang='grc' dir='ltr'><em>πληγῆς</em></span> <span class='ocrx_word' id='word_1_359' title='bbox 3265 2618 3302 2683; x_wconf 80' lang='grc' dir='ltr'><em>ἠ</em></span> <span class='ocrx_word' id='word_1_360' title='bbox 3326 2618 3610 2680; x_wconf 71' lang='grc' dir='ltr'>,Βασιλεία</span> <span class='ocrx_word' id='word_1_361' title='bbox 3641 2617 3743 2670; x_wconf 86' lang='grc' dir='ltr'><strong>τοῦ</strong></span> 
     </span>
    </p>
   </div>
   <div class='ocr_carea' id='block_1_55' title="bbox 2699 2685 3274 2750">
    <p class='ocr_par' dir='ltr' id='par_1_55' title="bbox 2699 2685 3274 2750">
     <span class='ocr_line' id='line_1_55' title="bbox 2699 2685 3274 2750; baseline -0.012 -10"><span class='ocrx_word' id='word_1_362' title='bbox 2699 2687 2904 2750; x_wconf 79' lang='grc' dir='ltr'>θηρίου</span> <span class='ocrx_word' id='word_1_363' title='bbox 2932 2685 3274 2743; x_wconf 56' lang='lat' dir='ltr'><strong>(facetia-27m.</strong></span> 
     </span>
    </p>
   </div>
   <div class='ocr_carea' id='block_1_56' title="bbox 2276 2793 3744 2863">
    <p class='ocr_par' dir='ltr' id='par_1_56' title="bbox 2276 2793 3744 2863">
     <span class='ocr_line' id='line_1_56' title="bbox 2276 2793 3744 2863; baseline 0.002 -20"><span class='ocrx_word' id='word_1_364' title='bbox 2276 2794 2385 2844; x_wconf 79' lang='lat' dir='ltr'><strong>Kal</strong></span> <span class='ocrx_word' id='word_1_365' title='bbox 2431 2797 2463 2846; x_wconf 81' lang='grc' dir='ltr'><strong><em>ό</em></strong></span> <span class='ocrx_word' id='word_1_366' title='bbox 2507 2793 2771 2862; x_wconf 76' lang='grc' dir='ltr'><em>πέμπτος</em></span> <span class='ocrx_word' id='word_1_367' title='bbox 2809 2793 3056 2862; x_wconf 76' lang='grc' dir='ltr'><strong>ἅγγελος</strong></span> <span class='ocrx_word' id='word_1_368' title='bbox 3102 2795 3302 2862; x_wconf 79' lang='grc' dir='ltr'><strong>ἐξέχεε</strong></span> <span class='ocrx_word' id='word_1_369' title='bbox 3365 2795 3479 2862; x_wconf 82' lang='grc' dir='ltr'><em>τὴν</em></span> <span class='ocrx_word' id='word_1_370' title='bbox 3526 2797 3744 2863; x_wconf 68' lang='grc' dir='ltr'><em>φιάλην</em></span> 
     </span>
    </p>
   </div>
   <div class='ocr_carea' id='block_1_57' title="bbox 2206 2886 3748 2956">
    <p class='ocr_par' dir='ltr' id='par_1_57' title="bbox 2206 2886 3748 2956">
     <span class='ocr_line' id='line_1_57' title="bbox 2206 2886 3748 2956; baseline 0.003 -20"><span class='ocrx_word' id='word_1_371' title='bbox 2206 2886 2390 2939; x_wconf 81' lang='grc' dir='ltr'><em>αὐτοῦ</em></span> <span class='ocrx_word' id='word_1_372' title='bbox 2422 2887 2519 2938; x_wconf 78' lang='grc' dir='ltr'><strong>ἐπὶ</strong></span> <span class='ocrx_word' id='word_1_373' title='bbox 2571 2887 2675 2939; x_wconf 84' lang='grc' dir='ltr'><em>τὸν</em></span> <span class='ocrx_word' id='word_1_374' title='bbox 2706 2887 2917 2954; x_wconf 81' lang='grc' dir='ltr'><strong>θρόνον</strong></span> <span class='ocrx_word' id='word_1_375' title='bbox 2964 2886 3067 2940; x_wconf 86' lang='grc' dir='ltr'><em>τοῦ</em></span> <span class='ocrx_word' id='word_1_376' title='bbox 3106 2888 3334 2955; x_wconf 83' lang='grc' dir='ltr'>θηρίου,</span> <span class='ocrx_word' id='word_1_377' title='bbox 3371 2889 3468 2941; x_wconf 72' lang='grc' dir='ltr'><strong>καί</strong></span> <span class='ocrx_word' id='word_1_378' title='bbox 3516 2888 3748 2956; x_wconf 73' lang='grc' dir='ltr'><strong>ἐγένετο</strong></span> 
     </span>
    </p>
   </div>
   <div class='ocr_carea' id='block_1_58' title="bbox 2206 2972 3746 3048">
    <p class='ocr_par' dir='ltr' id='par_1_58' title="bbox 2206 2972 3746 3048">
     <span class='ocr_line' id='line_1_58' title="bbox 2206 2972 3746 3048; baseline 0.003 -20"><span class='ocrx_word' id='word_1_379' title='bbox 2206 2976 2540 3041; x_wconf 68' lang='grc' dir='ltr'>ἠβασιλεία</span> <span class='ocrx_word' id='word_1_380' title='bbox 2585 2978 2766 3031; x_wconf 84' lang='grc' dir='ltr'>αὐτοῦ</span> <span class='ocrx_word' id='word_1_381' title='bbox 2819 2972 3215 3045; x_wconf 79' lang='grc' dir='ltr'><strong>ἐσκοτωμένη,</strong></span> <span class='ocrx_word' id='word_1_382' title='bbox 3243 2981 3338 3032; x_wconf 83' lang='grc' dir='ltr'><strong>καί</strong></span> <span class='ocrx_word' id='word_1_383' title='bbox 3397 2981 3746 3048; x_wconf 79' lang='grc' dir='ltr'><em>ἐμασσώντο</em></span> 
     </span>
    </p>
   </div>
   <div class='ocr_carea' id='block_1_59' title="bbox 548 3055 2132 3141">
    <p class='ocr_par' dir='ltr' id='par_1_59' title="bbox 548 3055 2103 3136">
     <span class='ocr_line' id='line_1_59' title="bbox 548 3055 2103 3136; baseline 0.002 -19"><span class='ocrx_word' id='word_1_384' title='bbox 548 3055 1031 3132; x_wconf 81' lang='lat' dir='ltr'><strong>blasphemaverunt</strong></span> <span class='ocrx_word' id='word_1_385' title='bbox 1070 3067 1234 3120; x_wconf 80' lang='lat' dir='ltr'><strong>Deum</strong></span> <span class='ocrx_word' id='word_1_386' title='bbox 1263 3071 1378 3121; x_wconf 73' lang='grc' dir='ltr'><strong>ειείὶ</strong></span> <span class='ocrx_word' id='word_1_387' title='bbox 1407 3080 1614 3136; x_wconf 69' lang='lat' dir='ltr'><strong>propter</strong></span> <span class='ocrx_word' id='word_1_388' title='bbox 1641 3069 1842 3120; x_wconf 89' lang='lat' dir='ltr'><strong>dolores</strong></span> <span class='ocrx_word' id='word_1_389' title='bbox 1876 3071 2026 3130; x_wconf 86' lang='lat' dir='ltr'><strong>istos,</strong></span> <span class='ocrx_word' id='word_1_390' title='bbox 2055 3076 2103 3120; x_wconf 88' lang='lat' dir='ltr'><strong>et</strong></span> 
     </span>
    </p>
   </div>
   <div class='ocr_carea' id='block_1_60' title="bbox 2210 3055 3748 3141">
    <p class='ocr_par' dir='ltr' id='par_1_60' title="bbox 2210 3069 3748 3141">
     <span class='ocr_line' id='line_1_60' title="bbox 2210 3069 3748 3141; baseline 0.004 -20"><span class='ocrx_word' id='word_1_391' title='bbox 2210 3070 2310 3134; x_wconf 87' lang='grc' dir='ltr'><em>τὰς</em></span> <span class='ocrx_word' id='word_1_392' title='bbox 2339 3069 2619 3137; x_wconf 79' lang='grc' dir='ltr'><strong>γλώσσας</strong></span> <span class='ocrx_word' id='word_1_393' title='bbox 2639 3069 2835 3123; x_wconf 81' lang='grc' dir='ltr'><em>αὐτῶν</em></span> <span class='ocrx_word' id='word_1_394' title='bbox 2861 3073 2926 3123; x_wconf 80' lang='grc' dir='ltr'><strong>ἐκ</strong></span> <span class='ocrx_word' id='word_1_395' title='bbox 2953 3072 3055 3123; x_wconf 89' lang='grc' dir='ltr'><strong>τοῦ</strong></span> <span class='ocrx_word' id='word_1_396' title='bbox 3084 3074 3292 3136; x_wconf 85' lang='grc' dir='ltr'>πόνου,</span> <span class='ocrx_word' id='word_1_397' title='bbox 3331 3074 3426 3125; x_wconf 81' lang='grc' dir='ltr'><strong>καί</strong></span> <span class='ocrx_word' id='word_1_398' title='bbox 3450 3075 3748 3141; x_wconf 67' lang='grc' dir='ltr'><strong>ἐϐλασφή-</strong></span> 
     </span>
    </p>
   </div>
   <div class='ocr_carea' id='block_1_61' title="bbox 547 3160 2101 3226">
    <p class='ocr_par' dir='ltr' id='par_1_61' title="bbox 547 3160 2101 3226">
     <span class='ocr_line' id='line_1_61' title="bbox 547 3160 2101 3226; baseline 0.001 -18"><span class='ocrx_word' id='word_1_399' title='bbox 547 3168 757 3224; x_wconf 85' lang='lat' dir='ltr'><strong>propter</strong></span> <span class='ocrx_word' id='word_1_400' title='bbox 790 3161 964 3212; x_wconf 86' lang='lat' dir='ltr'><strong>ulcera</strong></span> <span class='ocrx_word' id='word_1_401' title='bbox 1009 3177 1103 3212; x_wconf 88' lang='lat' dir='ltr'><strong>sua</strong></span> <span class='ocrx_word' id='word_1_402' title='bbox 1130 3199 1144 3223; x_wconf 91' lang='lat'><strong>,</strong></span> <span class='ocrx_word' id='word_1_403' title='bbox 1177 3171 1222 3213; x_wconf 91' lang='lat' dir='ltr'><strong>et</strong></span> <span class='ocrx_word' id='word_1_404' title='bbox 1266 3176 1367 3212; x_wconf 87' lang='lat' dir='ltr'><strong>non</strong></span> <span class='ocrx_word' id='word_1_405' title='bbox 1400 3163 1725 3226; x_wconf 85' lang='lat' dir='ltr'><strong>resipuerunt</strong></span> <span class='ocrx_word' id='word_1_406' title='bbox 1764 3161 1826 3211; x_wconf 88' lang='lat' dir='ltr'><strong>ab</strong></span> <span class='ocrx_word' id='word_1_407' title='bbox 1864 3160 2101 3223; x_wconf 86' lang='lat' dir='ltr'><strong>operibus</strong></span> 
     </span>
    </p>
   </div>
   <div class='ocr_carea' id='block_1_62' title="bbox 548 3264 677 3303">
    <p class='ocr_par' dir='ltr' id='par_1_62' title="bbox 548 3264 677 3303">
     <span class='ocr_line' id='line_1_62' title="bbox 548 3264 677 3303; baseline 0.031 -4"><span class='ocrx_word' id='word_1_408' title='bbox 548 3264 677 3303; x_wconf 71' lang='grc' dir='ltr'>ειιιε.</span> 
     </span>
    </p>
   </div>
   <div class='ocr_carea' id='block_1_63' title="bbox 623 3420 2106 3474">
    <p class='ocr_par' dir='ltr' id='par_1_63' title="bbox 623 3420 2106 3474">
     <span class='ocr_line' id='line_1_63' title="bbox 623 3420 2106 3474; baseline 0.001 -2"><span class='ocrx_word' id='word_1_409' title='bbox 623 3420 862 3473; x_wconf 81' lang='lat' dir='ltr'><strong>Phialam</strong></span> <span class='ocrx_word' id='word_1_410' title='bbox 898 3430 1051 3473; x_wconf 86' lang='lat' dir='ltr'><strong>vocat</strong></span> <span class='ocrx_word' id='word_1_411' title='bbox 1083 3422 1237 3472; x_wconf 90' lang='lat' dir='ltr'><strong>iram.</strong></span> <span class='ocrx_word' id='word_1_412' title='bbox 1279 3420 1529 3472; x_wconf 89' lang='lat' dir='ltr'><strong>Solemus</strong></span> <span class='ocrx_word' id='word_1_413' title='bbox 1573 3420 1719 3472; x_wconf 85' lang='lat' dir='ltr'><strong>enim</strong></span> <span class='ocrx_word' id='word_1_414' title='bbox 1753 3420 1804 3472; x_wconf 89' lang='lat' dir='ltr'><strong>in</strong></span> <span class='ocrx_word' id='word_1_415' title='bbox 1845 3421 2106 3474; x_wconf 80' lang='lat' dir='ltr'><strong>conviviis</strong></span> 
     </span>
    </p>
   </div>
   <div class='ocr_carea' id='block_1_64' title="bbox 557 3509 2108 3576">
    <p class='ocr_par' dir='ltr' id='par_1_64' title="bbox 557 3509 2108 3576">
     <span class='ocr_line' id='line_1_64' title="bbox 557 3509 2108 3576; baseline -0.001 -14"><span class='ocrx_word' id='word_1_416' title='bbox 557 3511 864 3562; x_wconf 83' lang='lat' dir='ltr'><strong>humaniter</strong></span> <span class='ocrx_word' id='word_1_417' title='bbox 897 3509 1121 3562; x_wconf 81' lang='lat' dir='ltr'><strong>invicem</strong></span> <span class='ocrx_word' id='word_1_418' title='bbox 1156 3524 1255 3560; x_wconf 92' lang='lat' dir='ltr'><strong>nos</strong></span> <span class='ocrx_word' id='word_1_419' title='bbox 1284 3510 1527 3576; x_wconf 80' lang='lat' dir='ltr'><strong>excipere</strong></span> <span class='ocrx_word' id='word_1_420' title='bbox 1561 3509 1755 3576; x_wconf 89' lang='lat' dir='ltr'><strong>phialis</strong></span> <span class='ocrx_word' id='word_1_421' title='bbox 1786 3511 1897 3562; x_wconf 85' lang='lat' dir='ltr'><strong>sive</strong></span> <span class='ocrx_word' id='word_1_422' title='bbox 1927 3510 2108 3561; x_wconf 87' lang='lat' dir='ltr'><strong>calici-</strong></span> 
     </span>
    </p>
   </div>
   <div class='ocr_carea' id='block_1_65' title="bbox 558 3599 2109 3667">
    <p class='ocr_par' dir='ltr' id='par_1_65' title="bbox 558 3599 2109 3667">
     <span class='ocr_line' id='line_1_65' title="bbox 558 3599 2109 3667; baseline -0.001 -14"><span class='ocrx_word' id='word_1_423' title='bbox 558 3602 679 3660; x_wconf 87' lang='lat' dir='ltr'><strong>bus,</strong></span> <span class='ocrx_word' id='word_1_424' title='bbox 715 3614 808 3667; x_wconf 84' lang='lat' dir='ltr'><strong>per</strong></span> <span class='ocrx_word' id='word_1_425' title='bbox 840 3599 1017 3650; x_wconf 83' lang='lat' dir='ltr'><strong>vinum</strong></span> <span class='ocrx_word' id='word_1_426' title='bbox 1051 3600 1192 3665; x_wconf 89' lang='lat' dir='ltr'><strong>quod</strong></span> <span class='ocrx_word' id='word_1_427' title='bbox 1230 3600 1282 3650; x_wconf 91' lang='lat' dir='ltr'><strong>in</strong></span> <span class='ocrx_word' id='word_1_428' title='bbox 1320 3599 1451 3665; x_wconf 83' lang='lat' dir='ltr'><strong>ipsis</strong></span> <span class='ocrx_word' id='word_1_429' title='bbox 1482 3600 1774 3666; x_wconf 77' lang='lat' dir='ltr'><strong>repositum</strong></span> <span class='ocrx_word' id='word_1_430' title='bbox 1804 3611 1886 3652; x_wconf 88' lang='lat' dir='ltr'><strong>cst</strong></span> <span class='ocrx_word' id='word_1_431' title='bbox 1914 3600 2109 3653; x_wconf 85' lang='lat' dir='ltr'><strong>conﬁr-</strong></span> 
     </span>
    </p>
   </div>
   <div class='ocr_carea' id='block_1_66' title="bbox 559 3689 2110 3754">
    <p class='ocr_par' dir='ltr' id='par_1_66' title="bbox 559 3689 2110 3754">
     <span class='ocr_line' id='line_1_66' title="bbox 559 3689 2110 3754; baseline 0.002 -13"><span class='ocrx_word' id='word_1_432' title='bbox 559 3699 769 3741; x_wconf 89' lang='lat' dir='ltr'><strong>mautes</strong></span> <span class='ocrx_word' id='word_1_433' title='bbox 827 3689 1183 3741; x_wconf 85' lang='lat' dir='ltr'><strong>convivium:</strong></span> <span class='ocrx_word' id='word_1_434' title='bbox 1251 3690 1403 3754; x_wconf 85' lang='lat' dir='ltr'><strong>cujus</strong></span> <span class='ocrx_word' id='word_1_435' title='bbox 1468 3693 1795 3742; x_wconf 87' lang='lat' dir='ltr'><strong>contrarium</strong></span> <span class='ocrx_word' id='word_1_436' title='bbox 1859 3693 2110 3745; x_wconf 79' lang='lat' dir='ltr'><strong>conciliat</strong></span> 
     </span>
    </p>
   </div>
   <div class='ocr_carea' id='block_1_67' title="bbox 557 3775 2104 3847">
    <p class='ocr_par' dir='ltr' id='par_1_67' title="bbox 557 3775 2104 3847">
     <span class='ocr_line' id='line_1_67' title="bbox 557 3775 2104 3847; baseline 0.003 -20"><span class='ocrx_word' id='word_1_437' title='bbox 557 3778 735 3844; x_wconf 87' lang='lat' dir='ltr'><strong>phiala</strong></span> <span class='ocrx_word' id='word_1_438' title='bbox 770 3776 836 3828; x_wconf 82' lang='lat' dir='ltr'><strong>ab</strong></span> <span class='ocrx_word' id='word_1_439' title='bbox 886 3777 985 3828; x_wconf 91' lang='lat' dir='ltr'><strong>hoc</strong></span> <span class='ocrx_word' id='word_1_440' title='bbox 1016 3777 1178 3829; x_wconf 67' lang='lat' dir='ltr'><strong>eﬂ‘usa</strong></span> <span class='ocrx_word' id='word_1_441' title='bbox 1214 3775 1345 3844; x_wconf 81' lang='lat' dir='ltr'><strong>(Dei</strong></span> <span class='ocrx_word' id='word_1_442' title='bbox 1393 3793 1625 3846; x_wconf 81' lang='lat' dir='ltr'><strong>namque</strong></span> <span class='ocrx_word' id='word_1_443' title='bbox 1661 3778 1840 3831; x_wconf 80' lang='lat' dir='ltr'><strong>lurore</strong></span> <span class='ocrx_word' id='word_1_444' title='bbox 1891 3781 2104 3847; x_wconf 86' lang='lat' dir='ltr'><strong>plenum</strong></span> 
     </span>
    </p>
   </div>
   <div class='ocr_carea' id='block_1_68' title="bbox 556 3867 2104 3938">
    <p class='ocr_par' dir='ltr' id='par_1_68' title="bbox 556 3867 2104 3938">
     <span class='ocr_line' id='line_1_68' title="bbox 556 3867 2104 3938; baseline 0.002 -19"><span class='ocrx_word' id='word_1_445' title='bbox 556 3876 639 3920; x_wconf 88' lang='lat' dir='ltr'><strong>est</strong></span> <span class='ocrx_word' id='word_1_446' title='bbox 676 3868 925 3935; x_wconf 90' lang='lat' dir='ltr'><strong>poculum</strong></span> <span class='ocrx_word' id='word_1_447' title='bbox 962 3867 1212 3934; x_wconf 68' lang='lat' dir='ltr'><strong>ell‘usum)</strong></span> <span class='ocrx_word' id='word_1_448' title='bbox 1245 3868 1296 3920; x_wconf 92' lang='lat' dir='ltr'><strong>in</strong></span> <span class='ocrx_word' id='word_1_449' title='bbox 1333 3883 1552 3936; x_wconf 78' lang='lat' dir='ltr'><strong>regnum</strong></span> <span class='ocrx_word' id='word_1_450' title='bbox 1584 3870 1803 3923; x_wconf 66' lang='lat' dir='ltr'><strong>bestia}:</strong></span> <span class='ocrx_word' id='word_1_451' title='bbox 1840 3871 2104 3938; x_wconf 79' lang='lat' dir='ltr'><strong>siquidem</strong></span> 
     </span>
    </p>
   </div>
   <div class='ocr_carea' id='block_1_69' title="bbox 557 3959 2105 4026">
    <p class='ocr_par' dir='ltr' id='par_1_69' title="bbox 557 3959 2105 4026">
     <span class='ocr_line' id='line_1_69' title="bbox 557 3959 2105 4026; baseline 0.001 -15"><span class='ocrx_word' id='word_1_452' title='bbox 557 3961 807 4012; x_wconf 85' lang='lat' dir='ltr'><strong>thronum</strong></span> <span class='ocrx_word' id='word_1_453' title='bbox 840 3960 968 4011; x_wconf 86' lang='lat' dir='ltr'><strong>dicit</strong></span> <span class='ocrx_word' id='word_1_454' title='bbox 1001 3975 1221 4026; x_wconf 84' lang='lat' dir='ltr'><strong>regnum</strong></span> <span class='ocrx_word' id='word_1_455' title='bbox 1251 3997 1263 4019; x_wconf 88' lang='lat'><strong>,</strong></span> <span class='ocrx_word' id='word_1_456' title='bbox 1292 3959 1516 4012; x_wconf 87' lang='lat' dir='ltr'><strong>bestiam</strong></span> <span class='ocrx_word' id='word_1_457' title='bbox 1545 3975 1673 4012; x_wconf 85' lang='lat' dir='ltr'><strong>vero</strong></span> <span class='ocrx_word' id='word_1_458' title='bbox 1695 3960 2105 4013; x_wconf 83' lang='lat' dir='ltr'><strong>Antichristum.</strong></span> 
     </span>
    </p>
   </div>
   <div class='ocr_carea' id='block_1_70' title="bbox 558 4035 2109 4119">
    <p class='ocr_par' dir='ltr' id='par_1_70' title="bbox 558 4035 2109 4119">
     <span class='ocr_line' id='line_1_70' title="bbox 558 4035 2109 4119; baseline 0.001 -17"><span class='ocrx_word' id='word_1_459' title='bbox 558 4051 723 4102; x_wconf 86' lang='lat' dir='ltr'><strong>l‘orro</strong></span> <span class='ocrx_word' id='word_1_460' title='bbox 751 4051 1154 4102; x_wconf 88' lang='lat' dir='ltr'><strong>obtcnebratum</strong></span> <span class='ocrx_word' id='word_1_461' title='bbox 1182 4051 1256 4102; x_wconf 89' lang='lat' dir='ltr'><strong>ait</strong></span> <span class='ocrx_word' id='word_1_462' title='bbox 1278 4051 1446 4118; x_wconf 90' lang='lat' dir='ltr'><strong>ipsius</strong></span> <span class='ocrx_word' id='word_1_463' title='bbox 1473 4066 1716 4119; x_wconf 82' lang='lat' dir='ltr'><strong>regnum,</strong></span> <span class='ocrx_word' id='word_1_464' title='bbox 1747 4053 1887 4119; x_wconf 85' lang='lat' dir='ltr'><strong>quod</strong></span> <span class='ocrx_word' id='word_1_465' title='bbox 1920 4035 2109 4118; x_wconf 76' lang='lat' dir='ltr'><strong>phialae</strong></span> 
     </span>
    </p>
   </div>
   <div class='ocr_carea' id='block_1_71' title="bbox 559 4141 2111 4207">
    <p class='ocr_par' dir='ltr' id='par_1_71' title="bbox 559 4141 2111 4207">
     <span class='ocr_line' id='line_1_71' title="bbox 559 4141 2111 4207; baseline 0 -14"><span class='ocrx_word' id='word_1_466' title='bbox 559 4141 686 4193; x_wconf 71' lang='lat' dir='ltr'><strong>fucit</strong></span> <span class='ocrx_word' id='word_1_467' title='bbox 713 4142 921 4204; x_wconf 71' lang='lat' dir='ltr'><strong>eﬂusio,</strong></span> <span class='ocrx_word' id='word_1_468' title='bbox 955 4150 1169 4207; x_wconf 76' lang='lat' dir='ltr'><strong>propter</strong></span> <span class='ocrx_word' id='word_1_469' title='bbox 1200 4141 1402 4192; x_wconf 85' lang='lat' dir='ltr'><strong>doloris</strong></span> <span class='ocrx_word' id='word_1_470' title='bbox 1433 4141 1843 4192; x_wconf 85' lang='lat' dir='ltr'><strong>vehementiam.</strong></span> <span class='ocrx_word' id='word_1_471' title='bbox 1883 4142 2111 4193; x_wconf 82' lang='lat' dir='ltr'><strong>Possent</strong></span> 
     </span>
    </p>
   </div>
   <div class='ocr_carea' id='block_1_72' title="bbox 559 4227 2108 4298">
    <p class='ocr_par' dir='ltr' id='par_1_72' title="bbox 559 4227 2108 4298">
     <span class='ocr_line' id='line_1_72' title="bbox 559 4227 2108 4298; baseline -0.001 -17"><span class='ocrx_word' id='word_1_472' title='bbox 559 4246 770 4298; x_wconf 84' lang='lat' dir='ltr'><strong>quoque</strong></span> <span class='ocrx_word' id='word_1_473' title='bbox 820 4245 1042 4296; x_wconf 82' lang='lat' dir='ltr'><strong>regnum</strong></span> <span class='ocrx_word' id='word_1_474' title='bbox 1093 4229 1313 4294; x_wconf 77' lang='lat' dir='ltr'><strong>intelligi</strong></span> <span class='ocrx_word' id='word_1_475' title='bbox 1362 4229 1452 4295; x_wconf 86' lang='lat' dir='ltr'><strong>qui</strong></span> <span class='ocrx_word' id='word_1_476' title='bbox 1509 4227 1838 4281; x_wconf 85' lang='lat' dir='ltr'><strong>Antichristo</strong></span> <span class='ocrx_word' id='word_1_477' title='bbox 1885 4229 2108 4295; x_wconf 78' lang='lat' dir='ltr'><strong>subjecti</strong></span> 
     </span>
    </p>
   </div>
   <div class='ocr_carea' id='block_1_73' title="bbox 560 4333 705 4373">
    <p class='ocr_par' dir='ltr' id='par_1_73' title="bbox 560 4333 705 4373">
     <span class='ocr_line' id='line_1_73' title="bbox 560 4333 705 4373; baseline -0.007 0"><span class='ocrx_word' id='word_1_478' title='bbox 560 4333 705 4373; x_wconf 88' lang='lat' dir='ltr'><strong>sunt.</strong></span> 
     </span>
    </p>
   </div>
   <div class='ocr_carea' id='block_1_74' title="bbox 1071 4430 1610 4499">
    <p class='ocr_par' dir='ltr' id='par_1_74' title="bbox 1071 4430 1610 4499">
     <span class='ocr_line' id='line_1_74' title="bbox 1071 4430 1610 4499; baseline 0.002 -15"><span class='ocrx_word' id='word_1_479' title='bbox 1071 4430 1232 4499; x_wconf 68' lang='lat'><strong>734</strong></span> <span class='ocrx_word' id='word_1_480' title='bbox 1273 4431 1492 4484; x_wconf 81' lang='lat' dir='ltr'><strong>CAPUT</strong></span> <span class='ocrx_word' id='word_1_481' title='bbox 1526 4432 1610 4485; x_wconf 88' lang='lat' dir='ltr'><strong>LI.</strong></span> 
     </span>
    </p>
   </div>
   <div class='ocr_carea' id='block_1_75' title="bbox 568 4536 2111 4610">
    <p class='ocr_par' dir='ltr' id='par_1_75' title="bbox 568 4536 2111 4610">
     <span class='ocr_line' id='line_1_75' title="bbox 568 4536 2111 4610; baseline 0.005 -23"><span class='ocrx_word' id='word_1_482' title='bbox 568 4536 714 4598; x_wconf 86' lang='lat' dir='ltr'><strong>Quod</strong></span> <span class='ocrx_word' id='word_1_483' title='bbox 741 4555 829 4607; x_wconf 86' lang='lat' dir='ltr'><strong>per</strong></span> <span class='ocrx_word' id='word_1_484' title='bbox 857 4550 1054 4591; x_wconf 68' lang='lat' dir='ltr'><strong>sextam</strong></span> <span class='ocrx_word' id='word_1_485' title='bbox 1079 4542 1281 4608; x_wconf 83' lang='lat' dir='ltr'><strong>plagam</strong></span> <span class='ocrx_word' id='word_1_486' title='bbox 1316 4545 1393 4594; x_wconf 85' lang='lat' dir='ltr'><strong>via</strong></span> <span class='ocrx_word' id='word_1_487' title='bbox 1427 4560 1516 4608; x_wconf 85' lang='lat' dir='ltr'><strong>per</strong></span> <span class='ocrx_word' id='word_1_488' title='bbox 1548 4543 1842 4608; x_wconf 79' lang='lat' dir='ltr'><strong>Euphraten</strong></span> <span class='ocrx_word' id='word_1_489' title='bbox 1878 4547 2111 4610; x_wconf 85' lang='lat' dir='ltr'><strong>aperitur</strong></span> 
     </span>
    </p>
   </div>
   <div class='ocr_carea' id='block_1_76' title="bbox 1036 4612 1631 4678">
    <p class='ocr_par' dir='ltr' id='par_1_76' title="bbox 1036 4612 1631 4678">
     <span class='ocr_line' id='line_1_76' title="bbox 1036 4612 1631 4678; baseline 0.003 -18"><span class='ocrx_word' id='word_1_490' title='bbox 1036 4612 1239 4678; x_wconf 72' lang='lat' dir='ltr'><strong>regibt...</strong></span> <span class='ocrx_word' id='word_1_491' title='bbox 1272 4613 1631 4665; x_wconf 83' lang='lat' dir='ltr'><strong>orientalibus.</strong></span> 
     </span>
    </p>
   </div>
   <div class='ocr_carea' id='block_1_77' title="bbox 641 4751 2105 4830">
    <p class='ocr_par' dir='ltr' id='par_1_77' title="bbox 641 4751 2105 4830">
     <span class='ocr_line' id='line_1_77' title="bbox 641 4751 2105 4830; baseline 0.008 -26"><span class='ocrx_word' id='word_1_492' title='bbox 641 4751 773 4816; x_wconf 76' lang='lat' dir='ltr'><strong>XVI,</strong></span> <span class='ocrx_word' id='word_1_493' title='bbox 818 4757 1000 4811; x_wconf 64' lang='lat' dir='ltr'><strong>lQ-M.</strong></span> <span class='ocrx_word' id='word_1_494' title='bbox 1053 4759 1118 4810; x_wconf 87' lang='lat' dir='ltr'><strong>Et</strong></span> <span class='ocrx_word' id='word_1_495' title='bbox 1164 4770 1338 4813; x_wconf 73' lang='lat' dir='ltr'><strong>sextus</strong></span> <span class='ocrx_word' id='word_1_496' title='bbox 1392 4765 1606 4830; x_wconf 85' lang='lat' dir='ltr'><strong>angelus</strong></span> <span class='ocrx_word' id='word_1_497' title='bbox 1659 4765 1837 4830; x_wconf 77' lang='lat' dir='ltr'><strong>e/I&#39;urtit</strong></span> <span class='ocrx_word' id='word_1_498' title='bbox 1874 4764 2105 4830; x_wconf 83' lang='lat' dir='ltr'><strong>phialam</strong></span> 
     </span>
    </p>
   </div>
   <div class='ocr_carea' id='block_1_78' title="bbox 567 4847 2107 4917">
    <p class='ocr_par' dir='ltr' id='par_1_78' title="bbox 567 4847 2107 4917">
     <span class='ocr_line' id='line_1_78' title="bbox 567 4847 2107 4917; baseline 0.007 -22"><span class='ocrx_word' id='word_1_499' title='bbox 567 4860 714 4895; x_wconf 87' lang='lat' dir='ltr'><strong>suam</strong></span> <span class='ocrx_word' id='word_1_500' title='bbox 758 4847 809 4896; x_wconf 85' lang='lat' dir='ltr'><strong>in</strong></span> <span class='ocrx_word' id='word_1_501' title='bbox 839 4847 1027 4911; x_wconf 83' lang='lat' dir='ltr'><strong>ﬂumen</strong></span> <span class='ocrx_word' id='word_1_502' title='bbox 1076 4866 1314 4917; x_wconf 84' lang='lat' dir='ltr'><strong>magnum</strong></span> <span class='ocrx_word' id='word_1_503' title='bbox 1356 4851 1674 4917; x_wconf 84' lang='lat' dir='ltr'><strong>Euphraten,</strong></span> <span class='ocrx_word' id='word_1_504' title='bbox 1706 4864 1752 4906; x_wconf 90' lang='lat' dir='ltr'><strong>et</strong></span> <span class='ocrx_word' id='word_1_505' title='bbox 1790 4856 1987 4907; x_wconf 88' lang='lat' dir='ltr'><strong>siccata</strong></span> <span class='ocrx_word' id='word_1_506' title='bbox 2033 4866 2107 4908; x_wconf 90' lang='lat' dir='ltr'><strong>est</strong></span> 
     </span>
    </p>
   </div>
   <div class='ocr_carea' id='block_1_79' title="bbox 571 4936 2108 5010">
    <p class='ocr_par' dir='ltr' id='par_1_79' title="bbox 571 4936 2108 5010">
     <span class='ocr_line' id='line_1_79' title="bbox 571 4936 2108 5010; baseline 0.007 -25"><span class='ocrx_word' id='word_1_507' title='bbox 571 4953 705 5004; x_wconf 85' lang='lat' dir='ltr'><strong>aqua</strong></span> <span class='ocrx_word' id='word_1_508' title='bbox 738 4936 847 5001; x_wconf 82' lang='lat' dir='ltr'><strong>ejus</strong></span> <span class='ocrx_word' id='word_1_509' title='bbox 869 4975 882 4998; x_wconf 93' lang='lat'><strong>,</strong></span> <span class='ocrx_word' id='word_1_510' title='bbox 916 4947 967 4986; x_wconf 88' lang='lat' dir='ltr'><strong>ut</strong></span> <span class='ocrx_word' id='word_1_511' title='bbox 997 4951 1381 5004; x_wconf 76' lang='lat' dir='ltr'><strong>pra&#39;pararetur</strong></span> <span class='ocrx_word' id='word_1_512' title='bbox 1411 4944 1491 4992; x_wconf 81' lang='lat' dir='ltr'><strong>via</strong></span> <span class='ocrx_word' id='word_1_513' title='bbox 1529 4944 1730 5008; x_wconf 83' lang='lat' dir='ltr'><strong>regibus</strong></span> <span class='ocrx_word' id='word_1_514' title='bbox 1778 4947 1866 5010; x_wconf 87' lang='lat' dir='ltr'><strong>qui</strong></span> <span class='ocrx_word' id='word_1_515' title='bbox 1897 4956 2013 4997; x_wconf 88' lang='lat' dir='ltr'><strong>sunt</strong></span> <span class='ocrx_word' id='word_1_516' title='bbox 2046 4948 2108 4997; x_wconf 89' lang='lat' dir='ltr'><strong>ab</strong></span> 
     </span>
    </p>
   </div>
   <div class='ocr_carea' id='block_1_80' title="bbox 570 5026 2110 5087">
    <p class='ocr_par' dir='ltr' id='par_1_80' title="bbox 570 5026 2110 5087">
     <span class='ocr_line' id='line_1_80' title="bbox 570 5026 2110 5087; baseline 0.005 -7"><span class='ocrx_word' id='word_1_517' title='bbox 570 5040 686 5080; x_wconf 89' lang='lat' dir='ltr'><strong>ortu</strong></span> <span class='ocrx_word' id='word_1_518' title='bbox 713 5029 858 5080; x_wconf 87' lang='lat' dir='ltr'><strong>solis.</strong></span> <span class='ocrx_word' id='word_1_519' title='bbox 889 5026 952 5078; x_wconf 87' lang='lat' dir='ltr'><strong>Et</strong></span> <span class='ocrx_word' id='word_1_520' title='bbox 984 5031 1084 5079; x_wconf 84' lang='lat' dir='ltr'><strong>vidi</strong></span> <span class='ocrx_word' id='word_1_521' title='bbox 1123 5045 1183 5080; x_wconf 69' lang='lat' dir='ltr'><strong>ex</strong></span> <span class='ocrx_word' id='word_1_522' title='bbox 1217 5048 1302 5082; x_wconf 91' lang='lat' dir='ltr'><strong>ore</strong></span> <span class='ocrx_word' id='word_1_523' title='bbox 1326 5031 1570 5083; x_wconf 84' lang='lat' dir='ltr'><strong>draconis</strong></span> <span class='ocrx_word' id='word_1_524' title='bbox 1599 5043 1645 5084; x_wconf 89' lang='lat' dir='ltr'><strong>et</strong></span> <span class='ocrx_word' id='word_1_525' title='bbox 1675 5051 1735 5086; x_wconf 76' lang='lat' dir='ltr'><strong>ex</strong></span> <span class='ocrx_word' id='word_1_526' title='bbox 1758 5050 1842 5085; x_wconf 83' lang='lat' dir='ltr'><strong>Ore</strong></span> <span class='ocrx_word' id='word_1_527' title='bbox 1862 5035 2036 5087; x_wconf 67' lang='lat' dir='ltr'><strong>bestia:</strong></span> <span class='ocrx_word' id='word_1_528' title='bbox 2062 5045 2110 5087; x_wconf 87' lang='lat' dir='ltr'><strong>et</strong></span> 
     </span>
    </p>
   </div>
   <div class='ocr_carea' id='block_1_81' title="bbox 571 5121 2119 5187">
    <p class='ocr_par' dir='ltr' id='par_1_81' title="bbox 571 5121 2119 5187">
     <span class='ocr_line' id='line_1_81' title="bbox 571 5121 2119 5187; baseline 0.005 -16"><span class='ocrx_word' id='word_1_529' title='bbox 571 5136 634 5172; x_wconf 75' lang='lat' dir='ltr'><strong>ea:</strong></span> <span class='ocrx_word' id='word_1_530' title='bbox 656 5137 741 5170; x_wconf 87' lang='lat' dir='ltr'><strong>ore</strong></span> <span class='ocrx_word' id='word_1_531' title='bbox 771 5121 1225 5186; x_wconf 76' lang='lat' dir='ltr'><strong>pseudoprophetw</strong></span> <span class='ocrx_word' id='word_1_532' title='bbox 1247 5122 1458 5187; x_wconf 85' lang='lat' dir='ltr'><strong>spiritus</strong></span> <span class='ocrx_word' id='word_1_533' title='bbox 1484 5123 1774 5174; x_wconf 86' lang='lat' dir='ltr'><strong>immundos</strong></span> <span class='ocrx_word' id='word_1_534' title='bbox 1809 5136 1906 5176; x_wconf 90' lang='lat' dir='ltr'><strong>tres</strong></span> <span class='ocrx_word' id='word_1_535' title='bbox 1937 5128 1987 5177; x_wconf 87' lang='lat' dir='ltr'><strong>in</strong></span> <span class='ocrx_word' id='word_1_536' title='bbox 2019 5144 2119 5179; x_wconf 87' lang='lat' dir='ltr'><strong>mo-</strong></span> 
     </span>
    </p>
   </div>
   <div class='ocr_carea' id='block_1_82' title="bbox 572 5208 2118 5280">
    <p class='ocr_par' dir='ltr' id='par_1_82' title="bbox 572 5208 2118 5280">
     <span class='ocr_line' id='line_1_82' title="bbox 572 5208 2118 5280; baseline 0.006 -22"><span class='ocrx_word' id='word_1_537' title='bbox 572 5209 693 5260; x_wconf 82' lang='lat' dir='ltr'><strong>dum</strong></span> <span class='ocrx_word' id='word_1_538' title='bbox 732 5225 998 5260; x_wconf 86' lang='lat' dir='ltr'><strong>ranarum.</strong></span> <span class='ocrx_word' id='word_1_539' title='bbox 1032 5208 1160 5261; x_wconf 90' lang='lat' dir='ltr'><strong>Sunt</strong></span> <span class='ocrx_word' id='word_1_540' title='bbox 1205 5213 1339 5262; x_wconf 86' lang='lat' dir='ltr'><strong>enim</strong></span> <span class='ocrx_word' id='word_1_541' title='bbox 1375 5212 1588 5277; x_wconf 86' lang='lat' dir='ltr'><strong>spiritus</strong></span> <span class='ocrx_word' id='word_1_542' title='bbox 1629 5213 2002 5267; x_wconf 76' lang='lat' dir='ltr'><strong>tltL&#39;ntOlllOTltllt</strong></span> <span class='ocrx_word' id='word_1_543' title='bbox 2030 5217 2118 5280; x_wconf 82' lang='lat' dir='ltr'><strong>fu-</strong></span> 
     </span>
    </p>
   </div>
   <div class='ocr_carea' id='block_1_83' title="bbox 573 5301 951 5366">
    <p class='ocr_par' dir='ltr' id='par_1_83' title="bbox 573 5301 951 5366">
     <span class='ocr_line' id='line_1_83' title="bbox 573 5301 951 5366; baseline 0.011 -18"><span class='ocrx_word' id='word_1_544' title='bbox 573 5301 756 5351; x_wconf 77' lang='lat' dir='ltr'><strong>cientes</strong></span> <span class='ocrx_word' id='word_1_545' title='bbox 783 5301 951 5366; x_wconf 83' lang='lat' dir='ltr'><strong>signa.</strong></span> 
     </span>
    </p>
   </div>
   <div class='ocr_carea' id='block_1_84' title="bbox 656 5619 1558 5697">
    <p class='ocr_par' dir='ltr' id='par_1_84' title="bbox 656 5619 1558 5697">
     <span class='ocr_line' id='line_1_84' title="bbox 656 5619 1558 5697; baseline 0.014 -30"><span class='ocrx_word' id='word_1_546' title='bbox 656 5619 762 5688; x_wconf 59' lang='lat'><strong>(3‘2)</strong></span> <span class='ocrx_word' id='word_1_547' title='bbox 785 5621 854 5671; x_wconf 76' lang='grc' dir='ltr'><strong>Τὸ</strong></span> <span class='ocrx_word' id='word_1_548' title='bbox 878 5622 937 5673; x_wconf 81' lang='grc' dir='ltr'><strong>ὲκ</strong></span> <span class='ocrx_word' id='word_1_549' title='bbox 968 5623 1099 5677; x_wconf 81' lang='grc' dir='ltr'>Θεοῦ</span> <span class='ocrx_word' id='word_1_550' title='bbox 1127 5628 1376 5697; x_wconf 77' lang='grc' dir='ltr'>ποτήριον</span> <span class='ocrx_word' id='word_1_551' title='bbox 1405 5630 1487 5683; x_wconf 83' lang='lat' dir='ltr'><strong>ed.</strong></span> <span class='ocrx_word' id='word_1_552' title='bbox 1553 5631 1558 5638; x_wconf 83' lang='lat'>&#39;</span> 
     </span>
    </p>
   </div>
   <div class='ocr_carea' id='block_1_85' title="bbox 2200 3161 3746 3228">
    <p class='ocr_par' dir='ltr' id='par_1_85' title="bbox 2200 3161 3746 3228">
     <span class='ocr_line' id='line_1_85' title="bbox 2200 3161 3746 3228; baseline 0.001 -16"><span class='ocrx_word' id='word_1_553' title='bbox 2200 3177 2403 3228; x_wconf 82' lang='grc' dir='ltr'><em>μησαν</em></span> <span class='ocrx_word' id='word_1_554' title='bbox 2418 3161 2521 3212; x_wconf 85' lang='grc' dir='ltr'><em>τὸν</em></span> <span class='ocrx_word' id='word_1_555' title='bbox 2539 3161 2683 3213; x_wconf 80' lang='grc' dir='ltr'><strong>Θεὸν</strong></span> <span class='ocrx_word' id='word_1_556' title='bbox 2707 3161 2810 3212; x_wconf 82' lang='grc' dir='ltr'><strong>τοῦ</strong></span> <span class='ocrx_word' id='word_1_557' title='bbox 2832 3161 3084 3226; x_wconf 70' lang='grc' dir='ltr'><strong>οὐρανοῦ</strong></span> <span class='ocrx_word' id='word_1_558' title='bbox 3102 3163 3166 3213; x_wconf 80' lang='grc' dir='ltr'><strong><em>ἐκ</em></strong></span> <span class='ocrx_word' id='word_1_559' title='bbox 3183 3162 3297 3213; x_wconf 84' lang='grc' dir='ltr'><em>τῶν</em></span> <span class='ocrx_word' id='word_1_560' title='bbox 3313 3164 3510 3215; x_wconf 81' lang='grc' dir='ltr'><em>πόνων</em></span> <span class='ocrx_word' id='word_1_561' title='bbox 3532 3164 3746 3226; x_wconf 82' lang='grc' dir='ltr'><em>αὐτῶν,</em></span> 
     </span>
    </p>
   </div>
   <div class='ocr_carea' id='block_1_86' title="bbox 2206 3251 3748 3320">
    <p class='ocr_par' dir='ltr' id='par_1_86' title="bbox 2206 3251 3748 3320">
     <span class='ocr_line' id='line_1_86' title="bbox 2206 3251 3748 3320; baseline 0.003 -18"><span class='ocrx_word' id='word_1_562' title='bbox 2206 3252 2301 3302; x_wconf 80' lang='grc' dir='ltr'><strong>καί</strong></span> <span class='ocrx_word' id='word_1_563' title='bbox 2325 3253 2398 3306; x_wconf 74' lang='grc' dir='ltr'><strong><em>,ἐκ</em></strong></span> <span class='ocrx_word' id='word_1_564' title='bbox 2433 3251 2546 3302; x_wconf 84' lang='grc' dir='ltr'><em>τῶν</em></span> <span class='ocrx_word' id='word_1_565' title='bbox 2570 3251 2762 3303; x_wconf 76' lang='grc' dir='ltr'><strong>ἑλκῶν</strong></span> <span class='ocrx_word' id='word_1_566' title='bbox 2794 3251 3006 3313; x_wconf 83' lang='grc' dir='ltr'><strong>αὐτῶν,</strong></span> <span class='ocrx_word' id='word_1_567' title='bbox 3042 3253 3136 3303; x_wconf 79' lang='grc' dir='ltr'><strong>καί</strong></span> <span class='ocrx_word' id='word_1_568' title='bbox 3162 3255 3230 3304; x_wconf 85' lang='grc' dir='ltr'><strong>οὐ</strong></span> <span class='ocrx_word' id='word_1_569' title='bbox 3281 3255 3651 3320; x_wconf 78' lang='grc' dir='ltr'><em>μετενόησαν</em></span> <span class='ocrx_word' id='word_1_570' title='bbox 3679 3255 3748 3306; x_wconf 80' lang='grc' dir='ltr'><strong><em>ἐκ</em></strong></span> 
     </span>
    </p>
   </div>
   <div class='ocr_carea' id='block_1_87' title="bbox 2207 3340 2777 3406">
    <p class='ocr_par' dir='ltr' id='par_1_87' title="bbox 2207 3340 2777 3406">
     <span class='ocr_line' id='line_1_87' title="bbox 2207 3340 2777 3406; baseline 0.002 -15"><span class='ocrx_word' id='word_1_571' title='bbox 2207 3340 2322 3391; x_wconf 81' lang='grc' dir='ltr'><em>τῶν</em></span> <span class='ocrx_word' id='word_1_572' title='bbox 2351 3343 2537 3406; x_wconf 71' lang='grc' dir='ltr'><strong>ἔργων</strong></span> <span class='ocrx_word' id='word_1_573' title='bbox 2563 3340 2777 3392; x_wconf 78' lang='grc' dir='ltr'><em>αὐτῶν.</em></span> 
     </span>
    </p>
   </div>
   <div class='ocr_carea' id='block_1_88' title="bbox 2279 3431 3751 3501">
    <p class='ocr_par' dir='ltr' id='par_1_88' title="bbox 2279 3431 3751 3501">
     <span class='ocr_line' id='line_1_88' title="bbox 2279 3431 3751 3501; baseline 0.003 -20"><span class='ocrx_word' id='word_1_574' title='bbox 2279 3433 2478 3499; x_wconf 78' lang='grc' dir='ltr'>Φιάλην</span> <span class='ocrx_word' id='word_1_575' title='bbox 2526 3432 2622 3499; x_wconf 80' lang='grc' dir='ltr'><strong>τὴν</strong></span> <span class='ocrx_word' id='word_1_576' title='bbox 2648 3431 2814 3500; x_wconf 72' lang='grc' dir='ltr'>ὀργὴν</span> <span class='ocrx_word' id='word_1_577' title='bbox 2873 3431 3043 3484; x_wconf 85' lang='grc' dir='ltr'>καλεῖ.</span> <span class='ocrx_word' id='word_1_578' title='bbox 3083 3432 3360 3498; x_wconf 74' lang='grc' dir='ltr'>Εἱώοαμεν</span> <span class='ocrx_word' id='word_1_579' title='bbox 3390 3434 3496 3501; x_wconf 76' lang='grc' dir='ltr'><strong>γὰρ</strong></span> <span class='ocrx_word' id='word_1_580' title='bbox 3558 3434 3614 3484; x_wconf 82' lang='grc' dir='ltr'><strong>ὲν</strong></span> <span class='ocrx_word' id='word_1_581' title='bbox 3641 3437 3751 3496; x_wconf 80' lang='grc' dir='ltr'>τοῖς</span> 
     </span>
    </p>
   </div>
   <div class='ocr_carea' id='block_1_89' title="bbox 2211 3521 3747 3594">
    <p class='ocr_par' dir='ltr' id='par_1_89' title="bbox 2211 3521 3747 3594">
     <span class='ocr_line' id='line_1_89' title="bbox 2211 3521 3747 3594; baseline 0.002 -20"><span class='ocrx_word' id='word_1_582' title='bbox 2211 3523 2530 3592; x_wconf 81' lang='grc' dir='ltr'>συμποσίοις</span> <span class='ocrx_word' id='word_1_583' title='bbox 2558 3521 2771 3587; x_wconf 77' lang='grc' dir='ltr'>φιάλαις</span> <span class='ocrx_word' id='word_1_584' title='bbox 2825 3521 3123 3585; x_wconf 77' lang='grc' dir='ltr'>δεξιοῦσθαι</span> <span class='ocrx_word' id='word_1_585' title='bbox 3163 3523 3423 3592; x_wconf 79' lang='grc' dir='ltr'>ἀλλήλους</span> <span class='ocrx_word' id='word_1_586' title='bbox 3470 3526 3547 3594; x_wconf 76' lang='grc' dir='ltr'><strong>τῷ</strong></span> <span class='ocrx_word' id='word_1_587' title='bbox 3577 3528 3631 3576; x_wconf 79' lang='grc' dir='ltr'><strong>ἐν</strong></span> <span class='ocrx_word' id='word_1_588' title='bbox 3650 3528 3747 3577; x_wconf 77' lang='grc' dir='ltr'><strong>αὑ-</strong></span> 
     </span>
    </p>
   </div>
   <div class='ocr_carea' id='block_1_90' title="bbox 2208 3613 3748 3683">
    <p class='ocr_par' dir='ltr' id='par_1_90' title="bbox 2208 3613 3748 3683">
     <span class='ocr_line' id='line_1_90' title="bbox 2208 3613 3748 3683; baseline 0.003 -19"><span class='ocrx_word' id='word_1_589' title='bbox 2208 3617 2326 3674; x_wconf 79' lang='grc' dir='ltr'><strong>ταῖς</strong></span> <span class='ocrx_word' id='word_1_590' title='bbox 2356 3613 2833 3683; x_wconf 80' lang='grc' dir='ltr'>τεθησαυρισμένῳ</span> <span class='ocrx_word' id='word_1_591' title='bbox 2853 3613 2976 3682; x_wconf 77' lang='grc' dir='ltr'>οἴνῳ</span> <span class='ocrx_word' id='word_1_592' title='bbox 3003 3613 3097 3682; x_wconf 78' lang='grc' dir='ltr'><strong>τὴν</strong></span> <span class='ocrx_word' id='word_1_593' title='bbox 3121 3613 3348 3682; x_wconf 79' lang='grc' dir='ltr'>εὐωχίαν</span> <span class='ocrx_word' id='word_1_594' title='bbox 3377 3614 3748 3682; x_wconf 81' lang='grc' dir='ltr'>κρατύνοντες,</span> 
     </span>
    </p>
   </div>
   <div class='ocr_carea' id='block_1_91' title="bbox 2209 3699 3754 3776">
    <p class='ocr_par' dir='ltr' id='par_1_91' title="bbox 2209 3699 3754 3776">
     <span class='ocr_line' id='line_1_91' title="bbox 2209 3699 3754 3776; baseline 0.003 -21"><span class='ocrx_word' id='word_1_595' title='bbox 2209 3699 2268 3756; x_wconf 71' lang='grc' dir='ltr'><strong>οὗ</strong></span> <span class='ocrx_word' id='word_1_596' title='bbox 2297 3706 2619 3766; x_wconf 82' lang='grc' dir='ltr'>ἀπεναντίας</span> <span class='ocrx_word' id='word_1_597' title='bbox 2646 3707 2676 3773; x_wconf 83' lang='grc' dir='ltr'>ἡ</span> <span class='ocrx_word' id='word_1_598' title='bbox 2705 3706 2852 3773; x_wconf 86' lang='grc' dir='ltr'>παρά</span> <span class='ocrx_word' id='word_1_599' title='bbox 2889 3705 2978 3756; x_wconf 81' lang='grc' dir='ltr'>σοῦ</span> <span class='ocrx_word' id='word_1_600' title='bbox 3005 3705 3164 3774; x_wconf 75' lang='grc' dir='ltr'>φιάλη</span> <span class='ocrx_word' id='word_1_601' title='bbox 3197 3705 3476 3773; x_wconf 80' lang='grc' dir='ltr'>ἐκχεθεῐσα</span> <span class='ocrx_word' id='word_1_602' title='bbox 3507 3708 3754 3776; x_wconf 77' lang='grc' dir='ltr'>προξενεῖ</span> 
     </span>
    </p>
   </div>
   <div class='ocr_carea' id='block_1_92' title="bbox 2211 3791 3753 3867">
    <p class='ocr_par' dir='ltr' id='par_1_92' title="bbox 2211 3791 3753 3867">
     <span class='ocr_line' id='line_1_92' title="bbox 2211 3791 3753 3867; baseline 0.003 -24"><span class='ocrx_word' id='word_1_603' title='bbox 2211 3791 2403 3861; x_wconf 83' lang='grc' dir='ltr'><strong>[ουμοῦ</strong></span> <span class='ocrx_word' id='word_1_604' title='bbox 2421 3794 2527 3861; x_wconf 78' lang='grc' dir='ltr'>γὰρ</span> <span class='ocrx_word' id='word_1_605' title='bbox 2544 3794 2741 3862; x_wconf 78' lang='grc' dir='ltr'>πλῆρες</span> <span class='ocrx_word' id='word_1_606' title='bbox 2760 3793 2894 3844; x_wconf 79' lang='grc' dir='ltr'>Θεοῦ</span> <span class='ocrx_word' id='word_1_607' title='bbox 2909 3795 2966 3845; x_wconf 83' lang='grc' dir='ltr'><strong>τὸ</strong></span> <span class='ocrx_word' id='word_1_608' title='bbox 2983 3794 3206 3862; x_wconf 78' lang='grc' dir='ltr'>ἐκχυθὲν</span> <span class='ocrx_word' id='word_1_609' title='bbox 3234 3798 3482 3864; x_wconf 83' lang='grc' dir='ltr'>ποτήριον</span> <span class='ocrx_word' id='word_1_610' title='bbox 3515 3796 3648 3867; x_wconf 70' lang='grc'><strong>(52)]</strong></span> <span class='ocrx_word' id='word_1_611' title='bbox 3662 3797 3753 3848; x_wconf 76' lang='grc' dir='ltr'><strong>ἐπὶ</strong></span> 
     </span>
    </p>
   </div>
   <div class='ocr_carea' id='block_1_93' title="bbox 2209 3881 3754 3956">
    <p class='ocr_par' dir='ltr' id='par_1_93' title="bbox 2209 3881 3754 3956">
     <span class='ocr_line' id='line_1_93' title="bbox 2209 3881 3754 3956; baseline 0.002 -20"><span class='ocrx_word' id='word_1_612' title='bbox 2209 3885 2304 3952; x_wconf 79' lang='grc' dir='ltr'><strong>τὴν</strong></span> <span class='ocrx_word' id='word_1_613' title='bbox 2338 3881 2614 3952; x_wconf 78' lang='grc' dir='ltr'>βασιλείαν</span> <span class='ocrx_word' id='word_1_614' title='bbox 2653 3882 2745 3935; x_wconf 78' lang='grc' dir='ltr'><strong>τοῦ</strong></span> <span class='ocrx_word' id='word_1_615' title='bbox 2790 3885 2998 3953; x_wconf 82' lang='grc' dir='ltr'>θηρίου.</span> <span class='ocrx_word' id='word_1_616' title='bbox 3056 3885 3252 3954; x_wconf 82' lang='grc' dir='ltr'>Θρὸνον</span> <span class='ocrx_word' id='word_1_617' title='bbox 3303 3885 3407 3956; x_wconf 75' lang='grc' dir='ltr'>γὰρ</span> <span class='ocrx_word' id='word_1_618' title='bbox 3461 3888 3556 3956; x_wconf 77' lang='grc' dir='ltr'><strong>τὴν</strong></span> <span class='ocrx_word' id='word_1_619' title='bbox 3603 3888 3754 3956; x_wconf 86' lang='grc' dir='ltr'>βασι-</span> 
     </span>
    </p>
   </div>
   <div class='ocr_carea' id='block_1_94' title="bbox 2209 3975 3754 4045">
    <p class='ocr_par' dir='ltr' id='par_1_94' title="bbox 2209 3975 3754 4045">
     <span class='ocr_line' id='line_1_94' title="bbox 2209 3975 3754 4045; baseline 0.002 -19"><span class='ocrx_word' id='word_1_620' title='bbox 2209 3976 2354 4026; x_wconf 83' lang='grc' dir='ltr'>λείαν</span> <span class='ocrx_word' id='word_1_621' title='bbox 2387 3976 2534 4043; x_wconf 80' lang='grc' dir='ltr'>φησί·</span> <span class='ocrx_word' id='word_1_622' title='bbox 2562 3975 2744 4043; x_wconf 80' lang='grc' dir='ltr'>Θηρέον</span> <span class='ocrx_word' id='word_1_623' title='bbox 2772 3977 2825 4027; x_wconf 82' lang='grc' dir='ltr'><strong>δὲ</strong></span> <span class='ocrx_word' id='word_1_624' title='bbox 2843 3976 2928 4026; x_wconf 69' lang='grc' dir='ltr'><strong>τὸν</strong></span> <span class='ocrx_word' id='word_1_625' title='bbox 2967 3977 3344 4045; x_wconf 69' lang='grc' dir='ltr'>’Δντίχριστοψ</span> <span class='ocrx_word' id='word_1_626' title='bbox 3373 3979 3754 4045; x_wconf 75' lang='grc' dir='ltr'><strong>ὲσκοτισμὲνην</strong></span> 
     </span>
    </p>
   </div>
   <div class='ocr_carea' id='block_1_95' title="bbox 2209 4060 3756 4133">
    <p class='ocr_par' dir='ltr' id='par_1_95' title="bbox 2209 4060 3756 4133">
     <span class='ocr_line' id='line_1_95' title="bbox 2209 4060 3756 4133; baseline 0.005 -23"><span class='ocrx_word' id='word_1_627' title='bbox 2209 4060 2263 4110; x_wconf 78' lang='grc' dir='ltr'><strong>δὲ</strong></span> <span class='ocrx_word' id='word_1_628' title='bbox 2310 4060 2404 4127; x_wconf 78' lang='grc' dir='ltr'><strong>τὴν</strong></span> <span class='ocrx_word' id='word_1_629' title='bbox 2443 4062 2710 4127; x_wconf 80' lang='grc' dir='ltr'>βασιλείαν</span> <span class='ocrx_word' id='word_1_630' title='bbox 2738 4063 2900 4114; x_wconf 74' lang='grc' dir='ltr'>αὐτοῦ</span> <span class='ocrx_word' id='word_1_631' title='bbox 2932 4080 3113 4130; x_wconf 75' lang='grc' dir='ltr'>φησιν,</span> <span class='ocrx_word' id='word_1_632' title='bbox 3141 4065 3258 4133; x_wconf 66' lang='grc' dir='ltr'><strong>ἣδή</strong></span> <span class='ocrx_word' id='word_1_633' title='bbox 3296 4065 3394 4130; x_wconf 81' lang='grc' dir='ltr'><strong>τῆς</strong></span> <span class='ocrx_word' id='word_1_634' title='bbox 3444 4066 3634 4133; x_wconf 81' lang='grc' dir='ltr'>φιάλης</span> <span class='ocrx_word' id='word_1_635' title='bbox 3664 4067 3756 4118; x_wconf 72' lang='grc' dir='ltr'><strong>ἐκ·</strong></span> 
     </span>
    </p>
   </div>
   <div class='ocr_carea' id='block_1_96' title="bbox 2211 4149 3754 4217">
    <p class='ocr_par' dir='ltr' id='par_1_96' title="bbox 2211 4149 3754 4217">
     <span class='ocr_line' id='line_1_96' title="bbox 2211 4149 3754 4217; baseline 0.006 -22"><span class='ocrx_word' id='word_1_636' title='bbox 2211 4162 2362 4212; x_wconf 84' lang='grc' dir='ltr'>χυσις</span> <span class='ocrx_word' id='word_1_637' title='bbox 2411 4149 2653 4213; x_wconf 78' lang='grc' dir='ltr'>ἐποίησε,</span> <span class='ocrx_word' id='word_1_638' title='bbox 2689 4152 2751 4215; x_wconf 77' lang='grc' dir='ltr'><strong>τῇ</strong></span> <span class='ocrx_word' id='word_1_639' title='bbox 2791 4150 3061 4216; x_wconf 72' lang='grc' dir='ltr'>ὑπερϐολῇ</span> <span class='ocrx_word' id='word_1_640' title='bbox 3110 4150 3207 4215; x_wconf 84' lang='grc' dir='ltr'><strong>τῆς</strong></span> <span class='ocrx_word' id='word_1_641' title='bbox 3234 4151 3445 4217; x_wconf 75' lang='grc' dir='ltr'><strong>ὀδύνης.</strong></span> <span class='ocrx_word' id='word_1_642' title='bbox 3483 4152 3675 4204; x_wconf 85' lang='grc' dir='ltr'>Δύναιο</span> <span class='ocrx_word' id='word_1_643' title='bbox 3708 4154 3754 4205; x_wconf 87' lang='grc' dir='ltr'>δ’</span> 
     </span>
    </p>
   </div>
   <div class='ocr_carea' id='block_1_97' title="bbox 2212 4233 3755 4307">
    <p class='ocr_par' dir='ltr' id='par_1_97' title="bbox 2212 4233 3755 4307">
     <span class='ocr_line' id='line_1_97' title="bbox 2212 4233 3755 4307; baseline 0.007 -24"><span class='ocrx_word' id='word_1_644' title='bbox 2212 4233 2275 4283; x_wconf 81' lang='grc' dir='ltr'><strong>ἂν</strong></span> <span class='ocrx_word' id='word_1_645' title='bbox 2328 4235 2419 4283; x_wconf 70' lang='grc' dir='ltr'><strong>καὶ</strong></span> <span class='ocrx_word' id='word_1_646' title='bbox 2473 4233 2743 4300; x_wconf 72' lang='grc' dir='ltr'>βασιλείαν</span> <span class='ocrx_word' id='word_1_647' title='bbox 2773 4237 2972 4301; x_wconf 72' lang='grc' dir='ltr'>νοῆσαι,</span> <span class='ocrx_word' id='word_1_648' title='bbox 3011 4237 3130 4297; x_wconf 70' lang='grc' dir='ltr'><strong>τοὺς</strong></span> <span class='ocrx_word' id='word_1_649' title='bbox 3150 4239 3284 4305; x_wconf 76' lang='grc' dir='ltr'>ὑπὲρ</span> <span class='ocrx_word' id='word_1_650' title='bbox 3338 4239 3432 4306; x_wconf 81' lang='grc' dir='ltr'><strong>τὴν</strong></span> <span class='ocrx_word' id='word_1_651' title='bbox 3481 4240 3755 4307; x_wconf 79' lang='grc' dir='ltr'>βασιλείαν</span> 
     </span>
    </p>
   </div>
   <div class='ocr_carea' id='block_1_98' title="bbox 2213 4323 3122 4393">
    <p class='ocr_par' dir='ltr' id='par_1_98' title="bbox 2213 4323 3122 4393">
     <span class='ocr_line' id='line_1_98' title="bbox 2213 4323 3122 4393; baseline 0.007 -20"><span class='ocrx_word' id='word_1_652' title='bbox 2213 4323 2304 4374; x_wconf 73' lang='grc' dir='ltr'><strong>τοῦ</strong></span> <span class='ocrx_word' id='word_1_653' title='bbox 2351 4325 2714 4392; x_wconf 67' lang='grc' dir='ltr'><strong>’Ἀντιχρὶστςυ</strong></span> <span class='ocrx_word' id='word_1_654' title='bbox 2741 4329 3122 4393; x_wconf 72' lang='grc' dir='ltr'>τεταγμένους.</span> 
     </span>
    </p>
   </div>
   <div class='ocr_carea' id='block_1_99' title="bbox 2763 4438 3199 4491">
    <p class='ocr_par' dir='ltr' id='par_1_99' title="bbox 2763 4438 3199 4491">
     <span class='ocr_line' id='line_1_99' title="bbox 2763 4438 3199 4491; baseline 0.007 -3"><span class='ocrx_word' id='word_1_655' title='bbox 2763 4438 2806 4488; x_wconf 81' lang='grc' dir='ltr'>Κ</span> <span class='ocrx_word' id='word_1_656' title='bbox 2818 4439 3007 4491; x_wconf 67' lang='grc' dir='ltr'><strong>ΕΦᾹΛ.</strong></span> <span class='ocrx_word' id='word_1_657' title='bbox 3077 4438 3199 4491; x_wconf 69' lang='lat' dir='ltr'><strong>NA&#39;.</strong></span> 
     </span>
    </p>
   </div>
   <div class='ocr_carea' id='block_1_100' title="bbox 2217 4541 3757 4623">
    <p class='ocr_par' dir='ltr' id='par_1_100' title="bbox 2217 4541 3757 4623">
     <span class='ocr_line' id='line_1_100' title="bbox 2217 4541 3757 4623; baseline 0.008 -28"><span class='ocrx_word' id='word_1_658' title='bbox 2217 4547 2413 4623; x_wconf 64' lang='lat' dir='ltr'><strong>“Umor;</strong></span> <span class='ocrx_word' id='word_1_659' title='bbox 2446 4541 2540 4623; x_wconf 61' lang='grc' dir='ltr'><strong>ᾷιιξ</strong></span> <span class='ocrx_word' id='word_1_660' title='bbox 2569 4547 2674 4623; x_wconf 76' lang='grc' dir='ltr'><em>τῆς</em></span> <span class='ocrx_word' id='word_1_661' title='bbox 2697 4548 2872 4623; x_wconf 75' lang='grc' dir='ltr'><em>ἕκτης</em></span> <span class='ocrx_word' id='word_1_662' title='bbox 2922 4551 2957 4623; x_wconf 72' lang='grc' dir='ltr'><strong><em>ὴ</em></strong></span> <span class='ocrx_word' id='word_1_663' title='bbox 2999 4550 3133 4612; x_wconf 75' lang='grc' dir='ltr'><strong>ὁδὸς</strong></span> <span class='ocrx_word' id='word_1_664' title='bbox 3153 4552 3276 4623; x_wconf 46' lang='grc' dir='ltr'><strong>-διὰ</strong></span> <span class='ocrx_word' id='word_1_665' title='bbox 3323 4555 3425 4607; x_wconf 85' lang='grc' dir='ltr'><em>τοῦ</em></span> <span class='ocrx_word' id='word_1_666' title='bbox 3447 4557 3757 4623; x_wconf 57' lang='grc' dir='ltr'><strong>Εὐφράτου</strong></span> 
     </span>
    </p>
   </div>
   <div class='ocr_carea' id='block_1_101' title="bbox 2282 4616 3760 4695">
    <p class='ocr_par' dir='ltr' id='par_1_101' title="bbox 2282 4616 3760 4695">
     <span class='ocr_line' id='line_1_101' title="bbox 2282 4616 3760 4695; baseline 0.009 -30"><span class='ocrx_word' id='word_1_667' title='bbox 2282 4616 2404 4679; x_wconf 83' lang='grc' dir='ltr'><em>τοῖς</em></span> <span class='ocrx_word' id='word_1_668' title='bbox 2431 4617 2547 4668; x_wconf 75' lang='grc' dir='ltr'><strong>ἀπὸ</strong></span> <span class='ocrx_word' id='word_1_669' title='bbox 2577 4617 2883 4669; x_wconf 75' lang='grc' dir='ltr'><em>ἀνατολῶν</em></span> <span class='ocrx_word' id='word_1_670' title='bbox 2930 4622 3103 4684; x_wconf 69' lang='grc' dir='ltr'>ἡλίου</span> <span class='ocrx_word' id='word_1_671' title='bbox 3127 4621 3490 4681; x_wconf 63' lang='grc' dir='ltr'><strong>βασιλεῦσιν</strong></span> <span class='ocrx_word' id='word_1_672' title='bbox 3531 4616 3760 4695; x_wconf 63' lang='grc' dir='ltr'><strong>⁷οἶνοίγε-</strong></span> 
     </span>
    </p>
   </div>
   <div class='ocr_carea' id='block_1_102' title="bbox 2280 4701 2391 4736">
    <p class='ocr_par' dir='ltr' id='par_1_102' title="bbox 2280 4701 2391 4736">
     <span class='ocr_line' id='line_1_102' title="bbox 2280 4701 2391 4736; baseline 0 -1"><span class='ocrx_word' id='word_1_673' title='bbox 2280 4701 2391 4736; x_wconf 80' lang='grc' dir='ltr'><em>ται.</em></span> 
     </span>
    </p>
   </div>
   <div class='ocr_carea' id='block_1_103' title="bbox 2283 4772 3761 4853">
    <p class='ocr_par' dir='ltr' id='par_1_103' title="bbox 2283 4772 3761 4853">
     <span class='ocr_line' id='line_1_103' title="bbox 2283 4772 3761 4853; baseline 0.011 -30"><span class='ocrx_word' id='word_1_674' title='bbox 2283 4772 2388 4824; x_wconf 85' lang='lat' dir='ltr'><strong>Kal</strong></span> <span class='ocrx_word' id='word_1_675' title='bbox 2420 4777 2449 4825; x_wconf 85' lang='grc' dir='ltr'><strong><em>ό</em></strong></span> <span class='ocrx_word' id='word_1_676' title='bbox 2480 4773 2647 4838; x_wconf 81' lang='grc' dir='ltr'><em>ἕκτος</em></span> <span class='ocrx_word' id='word_1_677' title='bbox 2668 4774 2918 4841; x_wconf 69' lang='grc' dir='ltr'><strong>ἅγγελος</strong></span> <span class='ocrx_word' id='word_1_678' title='bbox 2942 4776 3177 4844; x_wconf 79' lang='grc' dir='ltr'>ἐξέχεεν</span> <span class='ocrx_word' id='word_1_679' title='bbox 3201 4783 3382 4834; x_wconf 67' lang='grc' dir='ltr'><em>αὐτοῦ</em></span> <span class='ocrx_word' id='word_1_680' title='bbox 3400 4784 3511 4850; x_wconf 77' lang='grc' dir='ltr'><em>τὴν</em></span> <span class='ocrx_word' id='word_1_681' title='bbox 3535 4786 3761 4853; x_wconf 72' lang='grc' dir='ltr'><em>φιάλην</em></span> 
     </span>
    </p>
   </div>
   <div class='ocr_carea' id='block_1_104' title="bbox 2215 4861 3759 4939">
    <p class='ocr_par' dir='ltr' id='par_1_104' title="bbox 2215 4861 3759 4939">
     <span class='ocr_line' id='line_1_104' title="bbox 2215 4861 3759 4939; baseline 0.01 -28"><span class='ocrx_word' id='word_1_682' title='bbox 2215 4862 2311 4912; x_wconf 75' lang='grc' dir='ltr'><strong>ἐπὶ</strong></span> <span class='ocrx_word' id='word_1_683' title='bbox 2342 4861 2445 4912; x_wconf 79' lang='grc' dir='ltr'><em>τὸν</em></span> <span class='ocrx_word' id='word_1_684' title='bbox 2468 4863 2730 4928; x_wconf 74' lang='grc' dir='ltr'><em>ποταμὸν</em></span> <span class='ocrx_word' id='word_1_685' title='bbox 2761 4862 3072 4929; x_wconf 74' lang='grc' dir='ltr'><em>τὸνμέγαν</em></span> <span class='ocrx_word' id='word_1_686' title='bbox 3120 4866 3449 4936; x_wconf 61' lang='grc' dir='ltr'><em>Εὐφράτην,</em></span> <span class='ocrx_word' id='word_1_687' title='bbox 3476 4875 3571 4924; x_wconf 83' lang='grc' dir='ltr'><strong>καὶ</strong></span> <span class='ocrx_word' id='word_1_688' title='bbox 3618 4875 3759 4939; x_wconf 81' lang='grc' dir='ltr'><strong>ἐξη-</strong></span> 
     </span>
    </p>
   </div>
   <div class='ocr_carea' id='block_1_105' title="bbox 2212 4953 3761 5031">
    <p class='ocr_par' dir='ltr' id='par_1_105' title="bbox 2212 4953 3761 5031">
     <span class='ocr_line' id='line_1_105' title="bbox 2212 4953 3761 5031; baseline 0.007 -26"><span class='ocrx_word' id='word_1_689' title='bbox 2212 4955 2400 5020; x_wconf 79' lang='grc' dir='ltr'><em>ράνθη</em></span> <span class='ocrx_word' id='word_1_690' title='bbox 2424 4953 2485 5006; x_wconf 82' lang='grc' dir='ltr'><strong>τὸ</strong></span> <span class='ocrx_word' id='word_1_691' title='bbox 2535 4955 2687 5021; x_wconf 78' lang='grc' dir='ltr'><strong>ὕδωρ</strong></span> <span class='ocrx_word' id='word_1_692' title='bbox 2715 4955 2918 5016; x_wconf 83' lang='grc' dir='ltr'><em>αὑτοῦ,</em></span> <span class='ocrx_word' id='word_1_693' title='bbox 2949 4958 3044 5009; x_wconf 83' lang='grc' dir='ltr'><strong>ἵνα</strong></span> <span class='ocrx_word' id='word_1_694' title='bbox 3068 4960 3393 5031; x_wconf 73' lang='grc' dir='ltr'><em>ἡτοιμασθῆ</em></span> <span class='ocrx_word' id='word_1_695' title='bbox 3418 4966 3453 5031; x_wconf 78' lang='grc' dir='ltr'><em>ἠ</em></span> <span class='ocrx_word' id='word_1_696' title='bbox 3481 4966 3616 5029; x_wconf 78' lang='grc' dir='ltr'><strong>ὁδὸς</strong></span> <span class='ocrx_word' id='word_1_697' title='bbox 3641 4965 3761 5017; x_wconf 77' lang='grc' dir='ltr'><strong>τῶν</strong></span> 
     </span>
    </p>
   </div>
   <div class='ocr_carea' id='block_1_106' title="bbox 2211 5044 3761 5118">
    <p class='ocr_par' dir='ltr' id='par_1_106' title="bbox 2211 5044 3761 5118">
     <span class='ocr_line' id='line_1_106' title="bbox 2211 5044 3761 5118; baseline 0.006 -21"><span class='ocrx_word' id='word_1_698' title='bbox 2211 5047 2522 5108; x_wconf 68' lang='grc' dir='ltr'><em>,Βασιλέων</em></span> <span class='ocrx_word' id='word_1_699' title='bbox 2571 5044 2686 5097; x_wconf 85' lang='grc' dir='ltr'><em>τῶν</em></span> <span class='ocrx_word' id='word_1_700' title='bbox 2738 5046 2853 5098; x_wconf 75' lang='grc' dir='ltr'><strong>ἀπὸ</strong></span> <span class='ocrx_word' id='word_1_701' title='bbox 2891 5048 3184 5116; x_wconf 80' lang='grc' dir='ltr'><em>ἀνατολῆς</em></span> <span class='ocrx_word' id='word_1_702' title='bbox 3217 5052 3413 5118; x_wconf 74' lang='grc' dir='ltr'>ἡλίου.</span> <span class='ocrx_word' id='word_1_703' title='bbox 3453 5057 3562 5108; x_wconf 82' lang='lat' dir='ltr'><strong>Kal</strong></span> <span class='ocrx_word' id='word_1_704' title='bbox 3599 5053 3761 5107; x_wconf 77' lang='grc' dir='ltr'>είδον</span> 
     </span>
    </p>
   </div>
   <div class='ocr_carea' id='block_1_107' title="bbox 2215 5136 3759 5206">
    <p class='ocr_par' dir='ltr' id='par_1_107' title="bbox 2215 5136 3759 5206">
     <span class='ocr_line' id='line_1_107' title="bbox 2215 5136 3759 5206; baseline 0.006 -19"><span class='ocrx_word' id='word_1_705' title='bbox 2215 5137 2282 5188; x_wconf 75' lang='grc' dir='ltr'><strong><em>ἐκ</em></strong></span> <span class='ocrx_word' id='word_1_706' title='bbox 2312 5137 2413 5188; x_wconf 81' lang='grc' dir='ltr'><strong>τοῦ</strong></span> <span class='ocrx_word' id='word_1_707' title='bbox 2445 5138 2736 5203; x_wconf 83' lang='grc' dir='ltr'><em>στόματος</em></span> <span class='ocrx_word' id='word_1_708' title='bbox 2760 5136 2861 5188; x_wconf 83' lang='grc' dir='ltr'><strong>τοῦ</strong></span> <span class='ocrx_word' id='word_1_709' title='bbox 2894 5136 3229 5206; x_wconf 80' lang='grc' dir='ltr'><strong>δράκοντος,</strong></span> <span class='ocrx_word' id='word_1_710' title='bbox 3266 5145 3361 5196; x_wconf 77' lang='grc' dir='ltr'><strong>καί</strong></span> <span class='ocrx_word' id='word_1_711' title='bbox 3393 5145 3458 5197; x_wconf 84' lang='grc' dir='ltr'><strong>ἐκ</strong></span> <span class='ocrx_word' id='word_1_712' title='bbox 3491 5145 3591 5198; x_wconf 85' lang='grc' dir='ltr'><strong>τοῦ</strong></span> <span class='ocrx_word' id='word_1_713' title='bbox 3621 5145 3759 5197; x_wconf 86' lang='grc' dir='ltr'><em>στό-</em></span> 
     </span>
    </p>
   </div>
   <div class='ocr_carea' id='block_1_108' title="bbox 2209 5223 3757 5298">
    <p class='ocr_par' dir='ltr' id='par_1_108' title="bbox 2209 5223 3757 5298">
     <span class='ocr_line' id='line_1_108' title="bbox 2209 5223 3757 5298; baseline 0.003 -23"><span class='ocrx_word' id='word_1_714' title='bbox 2209 5241 2390 5290; x_wconf 84' lang='grc' dir='ltr'><em>ματος</em></span> <span class='ocrx_word' id='word_1_715' title='bbox 2426 5223 2529 5275; x_wconf 85' lang='grc' dir='ltr'><strong>τοῦ</strong></span> <span class='ocrx_word' id='word_1_716' title='bbox 2569 5225 2794 5290; x_wconf 84' lang='grc' dir='ltr'>θηρίου,</span> <span class='ocrx_word' id='word_1_717' title='bbox 2818 5224 2910 5274; x_wconf 78' lang='grc' dir='ltr'><strong>καί</strong></span> <span class='ocrx_word' id='word_1_718' title='bbox 2935 5226 3000 5276; x_wconf 67' lang='grc' dir='ltr'><strong>ἐκ</strong></span> <span class='ocrx_word' id='word_1_719' title='bbox 3023 5228 3125 5279; x_wconf 87' lang='grc' dir='ltr'><strong>τοῦ</strong></span> <span class='ocrx_word' id='word_1_720' title='bbox 3162 5232 3452 5298; x_wconf 83' lang='grc' dir='ltr'><em>στόματος</em></span> <span class='ocrx_word' id='word_1_721' title='bbox 3477 5232 3579 5283; x_wconf 88' lang='grc' dir='ltr'><strong>τοῦ</strong></span> <span class='ocrx_word' id='word_1_722' title='bbox 3607 5235 3757 5297; x_wconf 56' lang='lat' dir='ltr'><strong>grav-</strong></span> 
     </span>
    </p>
   </div>
   <div class='ocr_carea' id='block_1_109' title="bbox 2216 5312 3761 5389">
    <p class='ocr_par' dir='ltr' id='par_1_109' title="bbox 2216 5312 3761 5389">
     <span class='ocr_line' id='line_1_109' title="bbox 2216 5312 3761 5389; baseline 0.005 -27"><span class='ocrx_word' id='word_1_723' title='bbox 2216 5312 2611 5380; x_wconf 63' lang='grc' dir='ltr'>δοπρορήτου,</span> <span class='ocrx_word' id='word_1_724' title='bbox 2643 5316 2946 5381; x_wconf 79' lang='grc' dir='ltr'><em>πνεύματα</em></span> <span class='ocrx_word' id='word_1_725' title='bbox 2963 5316 3259 5385; x_wconf 75' lang='grc' dir='ltr'><strong>ἀκάθαρτα</strong></span> <span class='ocrx_word' id='word_1_726' title='bbox 3287 5323 3415 5389; x_wconf 85' lang='grc' dir='ltr'>τρία</span> <span class='ocrx_word' id='word_1_727' title='bbox 3443 5323 3521 5385; x_wconf 89' lang='grc' dir='ltr'><em>ὡς</em></span> <span class='ocrx_word' id='word_1_728' title='bbox 3539 5318 3761 5384; x_wconf 77' lang='grc' dir='ltr'><strong>βατράο</strong></span> 
     </span>
    </p>
   </div>
   <div class='ocr_carea' id='block_1_110' title="bbox 2219 5400 3758 5478">
    <p class='ocr_par' dir='ltr' id='par_1_110' title="bbox 2219 5400 3758 5478">
     <span class='ocr_line' id='line_1_110' title="bbox 2219 5400 3758 5478; baseline 0.012 -28"><span class='ocrx_word' id='word_1_729' title='bbox 2219 5415 2383 5465; x_wconf 79' lang='grc' dir='ltr'>κους.</span> <span class='ocrx_word' id='word_1_730' title='bbox 2418 5402 2548 5453; x_wconf 76' lang='grc' dir='ltr'><strong>Εἰσί</strong></span> <span class='ocrx_word' id='word_1_731' title='bbox 2584 5400 2691 5468; x_wconf 81' lang='grc' dir='ltr'><strong>γὰρ</strong></span> <span class='ocrx_word' id='word_1_732' title='bbox 2742 5404 3044 5472; x_wconf 79' lang='grc' dir='ltr'><em>πνεύματα</em></span> <span class='ocrx_word' id='word_1_733' title='bbox 3091 5407 3408 5478; x_wconf 82' lang='grc' dir='ltr'><em>δαιμονίων</em></span> <span class='ocrx_word' id='word_1_734' title='bbox 3476 5408 3758 5461; x_wconf 76' lang='grc' dir='ltr'><strong>ποιοῦντα</strong></span> 
     </span>
    </p>
   </div>
   <div class='ocr_carea' id='block_1_111' title="bbox 2218 5502 2450 5554">
    <p class='ocr_par' dir='ltr' id='par_1_111' title="bbox 2218 5502 2450 5554">
     <span class='ocr_line' id='line_1_111' title="bbox 2218 5502 2450 5554; baseline 0.022 -16"><span class='ocrx_word' id='word_1_735' title='bbox 2218 5502 2450 5554; x_wconf 78' lang='grc' dir='ltr'><em>σημεια.</em></span> 
     </span>
    </p>
   </div>
  </div>
