4126 6332
330 369 444 437 709

1392 368 1775 429 COMMENT.
1814 367 1895 428 IN
1937 368 2457 429 APOCALYPSIN.

3450 378 3559 439 710

426 475 783 545 Ὀλιίωθῆναί
817 492 948 547 φησι
1000 475 1090 528 τὸν
1116 475 1407 546 Εὐφράτην
1458 474 1728 544 ποταμὸν,
1763 475 1898 544 πρδς

2070 475 2415 530 Imminutum
2471 475 2640 532 fuisse
2694 478 2823 534 dicit
2879 481 3078 536 ﬂumen
3132 482 3444 552 Euphraten
3496 488 3563 541 ad

336 567 573 638 πάροδον
603 566 711 619 τῶν
747 566 1005 637 βασιλέων
1031 566 1128 636 τῆς
1157 568 1279 633 γῆς,
1311 568 1391 628 είς
1418 567 1509 618 τὸν
1557 564 1893 633 κατάλληλον

335 657 599 727 ιπόλεμον.
655 675 673 708 ι
730 658 1115 729 Ἐγερθήσεται
1136 658 1264 725 γὰρ,
1305 676 1323 707 ι
1353 658 1517 725 φησὶν
1546 658 1573 709 δ
1599 656 1801 726 Κύριος
1830 657 1890 709 ὲν

333 747 711 816 Εὑαγγελίοις,
742 766 760 796 ι
791 746 941 810 ἔθνος
982 748 1071 801 ἐπὶ
1089 746 1239 807 ἔθνος
1273 747 1367 799 καὶ
1396 745 1638 815 βασιλεία
1671 747 1763 799 ἐπὶ
1797 746 1893 815 βα-

335 838 564 891 σιλείαν.
597 855 617 888 ι
642 835 874 900 Τούτους
901 838 959 890 δὲ
986 839 1049 890 ὲκ
1080 837 1187 889 τῶν
1218 836 1499 890 Σκυθικῶν
1528 836 1709 906 μερῶν
1757 831 1897 889 εἶναι

333 928 432 980 τοῦ
461 926 585 995 Γὼγ
608 927 703 980 καὶ
732 926 945 995 Μαγὼγ
967 926 1133 990 είκός.
1163 928 1276 979 Οὐκ
1306 927 1685 995 ἀπογνωστίον
1716 920 1785 978 δὲ’
1803 926 1900 980 καὶ

332 1016 429 1070 τὸν
490 1016 853 1088 Ἀντίχριστον
902 1018 967 1070 ὲκ
1031 1017 1139 1069 τῶν
1194 1017 1523 1070 ἀνατολικῶν
1578 1017 1759 1087 μερῶν
1800 1017 1900 1084 τῆς

334 1107 602 1177 Περσίδος
629 1107 923 1177 ὁρμᾶσθαι,
956 1106 1081 1158 ἔνθα
1115 1109 1146 1175 ἡ
1184 1108 1321 1176 φυλὴ
1356 1107 1448 1159 τοῦ
1486 1108 1593 1160 Δάν
1641 1108 1703 1160 ὲκ
1745 1108 1899 1177 ῥίζης

348 1201 636 1269 Ἐϐραίων,
671 1201 784 1269 ἄμα
812 1200 903 1251 καὶ
920 1199 1125 1267 ἑτέροις
1151 1199 1455 1267 βασιλεῦσιν
1488 1200 1520 1267 ἢ
1559 1202 1897 1267 μεγιστᾶσιν,

334 1291 463 1342 ἐπεὶ
481 1292 727 1343 καὶκατὰ
744 1289 949 1342 τούτων
969 1290 1029 1341 τὸ
1068 1290 1343 1359 βασιλικὸν
1392 1289 1503 1341 ἔσθ’
1526 1292 1610 1341 ὅτε
1648 1292 1901 1341 τάττεται

334 1380 533 1447 ὄνομα,
557 1380 630 1441 ὡς
647 1380 703 1432 ὲν
718 1379 814 1448 τῷ,
856 1398 872 1430 ι
902 1374 1254 1451 Παρέστησαν
1289 1382 1336 1432 οἱ
1356 1380 1592 1449 βασιλεῖς
1612 1380 1708 1447 τῆς
1727 1381 1849 1448 γῆς,
1878 1400 1894 1431 ι

335 1470 441 1520 οὐκ
476 1470 628 1531 ὄντος
664 1470 843 1539 μέντοι
885 1470 1149 1538 βασιλέως
1188 1471 1279 1522 τοῦ
1321 1470 1574 1523 Πιλάτου.
1632 1471 1900 1540 Περαιοῦ-

340 1559 465 1611 σθαι
495 1560 551 1611 δὲ
583 1559 677 1629 τὴν
706 1560 1013 1631 Εὐφράτην,
1046 1561 1079 1631 ἢ
1118 1560 1401 1633 ψυχικὸνή
1431 1563 1737 1630 σωματικὸν
1772 1563 1905 1614 ὲπά-

339 1647 531 1713 ξοντας
554 1649 779 1703 θάνατόν
813 1667 982 1720 φησι·
1021 1650 1274 1720 ψυχικὸν,
1301 1652 1386 1704 διὰ
1416 1653 1474 1703 τὸ
1513 1653 1761 1721 ἐνεργείᾳ.
1794 1654 1904 1704 δαι-

344 1741 522 1809 μόνων
550 1741 644 1792 καὶ
698 1745 1092 1812 παραχωρήσει
1118 1741 1276 1806 Θεοῦ,
1315 1743 1515 1811 μᾶλλον
1546 1743 1599 1794 δὲ
1625 1744 1716 1794 καὶ
1742 1741 1904 1795 αὐτοῦ

338 1828 436 1879 τοῦ
476 1828 635 1891 Θεοῦ,
679 1832 756 1892 είς
785 1830 1024 1900 δοκίμιον
1053 1831 1160 1885 τῶν
1184 1833 1376 1884 ἑαυτοῦ
1407 1832 1777 1902 θεραπόντων,
1808 1832 1904 1899 οὐχ

337 1917 417 1981 ὡς
445 1919 789 1986 ἀγνοοῦντος,
811 1922 924 1974 ἀλλ’
962 1924 1039 1985 εἰς
1079 1921 1383 1992 φανέρωσιν
1412 1925 1523 1984 τοῖς
1565 1922 1744 1984 ἄλλοις
1796 1920 1905 1972 τῶν

276 2013 285 2022 ’
342 2009 524 2079 ἑαυτῴ
563 2013 1023 2080 προσανεχόντων,
1055 2012 1086 2082 ἢ
1121 2013 1216 2082 μὴ,
1252 2011 1535 2079 ἐξάγοντος
1584 2012 1651 2063 τὰ
1682 2009 1906 2062 τοιαῦτα

342 2099 690 2167 συμϐαίνειν.
720 2100 1034 2169 Σωματικὸν
1065 2101 1120 2153 δὲ
1136 2102 1241 2152 τῶν
1268 2103 1332 2153 ἐκ
1366 2101 1470 2168 γῆς
1504 2100 1717 2163 ζώντων
1744 2099 1907 2162 ἀξίων

336 2188 761 2252 διαλελοιπέναι,
794 2192 866 2252 ὠς
920 2191 992 2259 μὴ
1025 2192 1115 2242 καὶ
1142 2190 1303 2259 αὐτὴν
1330 2194 1440 2251 τοῖς
1465 2192 1677 2258 μιαροῖς
1717 2188 1898 2256 ἔργοις

342 2279 527 2330 αὐτῶν
586 2279 917 2348 ἐξαχρειοῦν,
954 2280 1111 2350 ἔργον
1146 2276 1308 2333 οὖσαν
1336 2280 1539 2347 ἀγαθοῦ
1576 2278 1798 2346 ποιητοῦ
1818 2278 1908 2330 καὶ

340 2367 544 2436 χωρίον
582 2369 986 2437 ἀνεπηρέαστον
1034 2373 1143 2433 τοῖς
1184 2372 1486 2440 ἐναμίλλως
1536 2370 1629 2422 τοῦ
1666 2387 1899 2438 πεποιη-

341 2457 506 2519 κότος
530 2456 677 2524 βιοῦν
692 2460 1129 2529 ήτοιμασμένοις.

418 2547 528 2600 Καὶ
551 2543 713 2601 εἶδον
730 2548 795 2601 ἐκ
820 2549 922 2602 τοῦ
940 2553 1235 2619 στόματος
1259 2552 1359 2605 τοῦ
1391 2552 1710 2621 δράκοντος
1727 2558 1909 2609 πνεύ-

336 2654 504 2706 ματα
528 2638 827 2706 ἀκάθαρτα
858 2642 1005 2708 τρία.
1042 2644 1558 2712 Προσυπακουστέον
1596 2646 1653 2698 τὸ
1679 2649 1907 2713 ἐξιόντα,

343 2724 487 2799 ῐν⁹ᾖ·
511 2728 662 2781 Εἶδον
683 2730 747 2781 ὲκ
780 2729 873 2781 τοῦ
908 2731 1172 2800 στόματος
1190 2733 1296 2785 τῶν
1324 2733 1488 2802 τριῶν
1520 2736 1730 2799 ἐξιόντα
1756 2740 1915 2789 πνεύο

350 2836 507 2889 ματα
567 2821 852 2889 ἀκάθαρτα
884 2823 1029 2889 τρία,
1079 2822 1153 2884 ὡς
1210 2822 1534 2892 βατράχους.
1570 2826 1661 2875 Ἐκ
1712 2827 1914 2879 τούτων

345 2911 649 2969 δείκνυται,
677 2910 770 2962 τὸν
803 2912 898 2979 μὲν
923 2912 1183 2977 διάϐολον,
1202 2914 1273 2975 ὡς
1302 2914 1562 2983 δράκοντα
1595 2916 1651 2964 ὲν
1684 2915 1759 2983 τῷ
1801 2917 1915 2985 ἰδίῳ

347 2997 632 3069 προσώπῳ
660 2998 984 3065 δείκνυσθαι,
1020 3002 1107 3052 τὸν
1150 3002 1509 3070 ’Λντίχρισττιν
1537 3003 1590 3055 δὲ
1608 3004 1679 3065 ὡς
1705 3005 1910 3074 θηρίον,

1998 566 2284 619 transitum
2325 582 2514 636 regum
2550 578 2709 623 terra:
2757 570 2810 623 in
2863 581 3109 625 mutuum
3160 573 3383 629 bellum.
3429 575 3564 629 Nam

2002 674 2021 708 ι
2062 655 2344 726 Exsurget,
2385 675 2403 707 ι
2432 658 2505 711 ait
2532 656 2791 713 Dominus
2822 660 2874 713 in
2905 659 3214 731 Evangeliis
3235 703 3249 725 ,
3293 681 3311 714 ι
3347 680 3478 731 gens
3507 666 3559 717 in

1997 756 2208 815 gentem
2256 756 2310 799 et
2345 762 2568 816 regnum
2615 748 2669 801 in
2720 764 2941 818 regnum
2974 751 3040 804 ⁸⁸.
3099 770 3117 801 ι
3174 753 3341 806 Porro
3374 756 3473 809 bos
3499 770 3567 808 ex

1999 835 2321 907 Scytharum
2357 853 2478 893 esse
2507 840 2751 907 partibus
2797 840 2912 908 Gog
2954 851 3008 894 et
3046 840 3235 912 Magog
3266 845 3567 898 verisimile

1999 939 2097 982 est.
2125 927 2309 997 Neque
2348 931 2508 983 etiam
2543 932 2936 997 reprobandum
2971 938 3056 984 est
3103 932 3172 985 ab
3208 933 3568 987 orimhalibus

2000 1015 2237 1075 Persidis
2291 1020 2532 1089 partibus
2572 1020 2959 1073 Antichristum
3000 1022 3225 1083 exoriri,
3262 1022 3349 1075 ubi
3394 1024 3566 1077 tribus

2000 1107 2114 1161 Dan
2149 1124 2179 1161 e
2213 1109 2388 1163 radice
2423 1107 2770 1164 lli-timorum
2818 1124 3191 1165 commoratur
3235 1113 3397 1165 simul
3437 1128 3562 1165 cum

2001 1197 2209 1250 caeteris
2246 1198 2463 1264 regibus
2492 1209 2583 1252 aut
2615 1201 2937 1268 primatibus
2972 1219 2985 1253 :
3020 1202 3275 1268 quoniam
3312 1204 3394 1254 his
3424 1219 3564 1269 quo-

2002 1303 2107 1354 que
2155 1288 2421 1342 interdum
2468 1290 2672 1359 regium
2721 1307 2918 1345 nomen
2956 1294 3292 1355 attribuitur,
3339 1304 3397 1345 ut
3441 1308 3566 1345 eum

2003 1378 2222 1442 dicitur,
2253 1398 2271 1429 ι
2311 1380 2613 1433 Astiterunt
2640 1396 2791 1451 reges
2821 1391 2978 1437 terra:
3003 1384 3071 1435 ⁸⁸.
3116 1403 3134 1433 ι
3172 1384 3447 1451 Siquidem
3481 1383 3569 1433 Pi-

2005 1469 2146 1524 latus
2172 1486 2277 1525 non
2309 1480 2427 1525 erat
2463 1486 2590 1526 vere
2616 1486 2732 1531 rex.
2765 1471 3023 1527 Transire
3050 1484 3227 1527 autem
3264 1476 3567 1542 Euphraten

2006 1559 2080 1613 ait
2129 1560 2445 1615 inducentes
2502 1571 2596 1615 aut
2641 1564 2836 1617 animae
2876 1571 2969 1617 aut
3006 1567 3249 1633 corporis
3298 1574 3568 1618 mortem:

1988 1649 2201 1702 .anima:
2228 1650 2467 1717 quidem,
2496 1665 2560 1718 e_o
2597 1650 2741 1719 quod
2770 1652 2896 1706 talia
2925 1653 3241 1719 Operatione
3262 1654 3569 1706 daemonum

2008 1755 2071 1793 ex
2122 1741 2391 1808 permissu
2446 1741 2538 1795 Dei
2591 1738 2955 1812 contingant:
3007 1744 3179 1812 magis
3224 1753 3403 1797 autem
3454 1745 3572 1813 ipso

2006 1846 2226 1899 quoque
2260 1830 2370 1885 Deo
2404 1832 2523 1887 illos
2545 1834 2805 1887 educeute
2832 1834 2896 1887 ad
2924 1835 3299 1902 probationem
3333 1834 3565 1888 famulo-

2007 1936 2126 1974 rum
2168 1937 2391 1975 suorum
2427 1941 2439 1976 :
2478 1937 2585 1975 non
2620 1924 2763 1991 quod
2797 1925 3038 1992 ignoret,
3070 1925 3161 1978 sed
3194 1933 3251 1976 ut
3292 1924 3415 1977 aliis
3460 1938 3573 1976 nta-

2007 2011 2266 2066 nit‘estum
2294 2011 2453 2066 faciat
2484 2013 2572 2081 qui
2602 2014 2666 2066 ad
2692 2028 2750 2067 se
2782 2013 3044 2066 accedant
3076 2022 3128 2065 et
3150 2014 3243 2081 qui
3270 2028 3399 2065 non.
3434 2012 3571 2065 Cor-

2008 2101 2151 2169 poris
2178 2116 2305 2155 vero
2329 2112 2576 2165 mortem,
2605 2102 2655 2155 iu
2691 2102 2770 2155 his
2802 2102 2893 2170 qui
2925 2102 3069 2170 digni
3102 2112 3227 2154 sunt
3256 2111 3312 2155 ut
3337 2102 3402 2156 de
3430 2112 3571 2155 terra

2006 2191 2303 2244 viventium
2351 2191 2656 2255 deleantur,
2696 2207 2763 2244 ne
2796 2192 2964 2260 ipsam
3005 2207 3221 2259 quoque
3265 2192 3380 2245 suis
3424 2191 3572 2244 uela-

2010 2282 2106 2334 riis
2136 2282 2389 2350 operibus
2423 2268 2807 2350 corrumpant,
2852 2297 2973 2351 qua:
3020 2282 3146 2334 b0ni
3191 2282 3398 2349 Opiticis
3435 2297 3572 2349 Opus

2008 2383 2087 2426 est
2123 2384 2173 2427 et
2211 2375 2355 2442 regio
2388 2374 2627 2430 innoxia.
2680 2374 2762 2426 his
2794 2374 2882 2439 qui
2931 2374 3146 2427 diverso
3194 2375 3357 2427 modo
3392 2376 3570 2428 vivere

2010 2465 2179 2533 parati
2208 2476 2356 2529 sunt,
2383 2466 2536 2532 juxta
2567 2464 2617 2515 id
2650 2465 2714 2515 ad
2747 2464 2889 2531 quod
2924 2461 3048 2516 iacti
3080 2473 3225 2516 sunt.

2083 2554 2150 2606 Et
2185 2555 2287 2607 vidi
2322 2571 2385 2607 ex
2429 2571 2514 2607 ore
2563 2554 2804 2606 draconis
2851 2555 3067 2620 spiritus
3100 2553 3393 2606 immundos
3444 2563 3568 2607 tres.

2016 2644 2461 2697 Subandiendum
2491 2654 2574 2698 est
2612 2646 2967 2713 egredientes,
2994 2652 3050 2696 ut
3073 2643 3143 2696 sit
3179 2658 3375 2696 sensus
3403 2660 3415 2695 :
3455 2641 3574 2696 Vidi

2013 2752 2077 2789 ex
2115 2736 2276 2804 785
2319 2752 2412 2789 ore
2448 2736 2609 2787 trium
2642 2735 2978 2803 egredientes
3011 2735 3235 2801 spiritus
3268 2734 3576 2786 immundos

2014 2834 2124 2878 tres
2156 2828 2207 2877 in
2242 2828 2458 2878 modum
2492 2840 2765 2877 ranarum.
2800 2824 2874 2875 Ex
2916 2825 3000 2877 his
3040 2825 3347 2876 ostenditur
3382 2824 3576 2876 diabo-

2015 2916 2123 2967 lum
2167 2916 2382 2982 quidem
2441 2914 2601 2966 veluti
2644 2915 2933 2967 draconem
2984 2916 3034 2966 in
3073 2914 3289 2981 proin-ia
3346 2928 3574 2981 persona

2016 3005 2345 3074 signiﬁcari,
2396 3005 2789 3057 Antichristum
2840 3019 2970 3056 vero
3021 3014 3271 3068 tanquam
3315 3007 3573 3069 bestiam,
3662 3012 3667 3015 ’

346 3090 446 3140 τὸν
482 3089 927 3160 ψευδοπροφήτην
943 3091 996 3142 δὲ
1019 3092 1201 3161 ἕτερον
1236 3094 1382 3161 παρὰ
1402 3094 1493 3145 τὸν
1528 3094 1910 3164 Ἀντίχριστον.

2022 3096 2542 3164 pSeudoprOphetam
2577 3105 2752 3147 autem
2800 3096 3029 3147 alterum
3081 3102 3272 3160 pra-ter
3304 3096 3574 3147 Antichri-

349 3181 469 3234 Καὶ
487 3182 748 3249 δράκοντα
798 3184 895 3252 μὲν
944 3184 1032 3236 τὸν
1077 3184 1337 3249 διάϐολον,
1391 3186 1475 3238 διὰ
1511 3188 1569 3238 τὸ
1617 3189 1915 3258 κεχρῆσθαι
1956 3223 1959 3225 ›

352 3273 591 3335 σκολιοῖς
608 3276 713 3334 τοῖς
729 3275 1008 3344 κινήμασι,
1026 3275 1209 3347 θηρίον
1232 3277 1307 3342 δὲ,
1335 3278 1424 3330 τὸν
1440 3279 1819 3348 ’Λντίχριστον.
1841 3282 1915 3333 Οὐ

350 3366 468 3434 γὰρ
498 3364 846 3435 ἀνθρωπίνως
879 3368 973 3437 τὴν
994 3367 1333 3437 ἀνθρωπείαν
1357 3369 1550 3432 ὑποδὺς
1707 3372 1917 3440 πρόεισι

354 3455 544 3521 φύσιν,
563 3455 834 3525 θηριωδῶς
857 3458 932 3511 δέ.
954 3459 1054 3510 Τὸν
1075 3459 1516 3529 ψευδοπροφήτην
1546 3461 1599 3512 δὲ
1615 3461 1742 3513 αὐτὸ
1765 3462 1919 3515 τοῦτο

352 3546 498 3613 ὅπερ
514 3548 646 3611 ⁸ἐστὶ,
670 3547 865 3613 ψεύδεα
890 3549 1130 3601 κατὰτδν
1149 3550 1374 3619 ποιητὴν
1397 3554 1591 3614 εἰπεῖν,
1607 3552 1784 3604 εἰδότα
1802 3552 1919 3604 ἐτύ-

360 3651 541 3704 μοισιν
573 3636 744 3701 ὅμοια.
768 3636 984 3691 Τούτων
998 3640 1225 3691 ἑκάστου
1238 3640 1343 3691 τῶν
1360 3641 1639 3708 στομάτων
1659 3641 1834 3709 ἰσάριο
1844 3643 1919 3709 μά

357 3740 527 3793 φησιν
573 3726 967 3789 ἁποϐλύζεσθαι
994 3728 1277 3795 ἀκάθαρτα
1309 3728 1593 3796 πνεύματα
1626 3729 1918 3797 βατράχοις

358 3816 543 3883 ὃμοια,
577 3814 688 3866 ἀλλ’
721 3815 781 3866 οὐ
815 3814 1133 3883 βατράχους.
1164 3816 1403 3884 Πρῶτον,
1434 3816 1507 3876 ὡς
1541 3817 1636 3883 τῆς
1663 3820 1919 3885 τραχείας

360 3902 568 3955 τούτων
597 3901 723 3971 βοῆς
762 3903 823 3954 οὐ
864 3904 995 3971 πρὸς
1031 3920 1149 3955 τινα
1176 3906 1253 3965 είς
1310 3904 1440 3956 Θεὸν
1482 3904 1648 3973 ὕμνον
1710 3906 1827 3965 οἵας
1858 3922 1915 3956 τε

362 3992 530 4061 οὔσης
558 3991 1092 4062 παραλαμϐάνεσθαι,
1113 3994 1246 4046 ἀλλὰ
1271 3994 1513 4063 ταραχάς
1542 3996 1631 4045 καὶ
1658 3993 1917 4063 θορύϐους

367 4083 857 4154 προσποριζούσης,
885 4084 956 4147 ὡς
989 4084 1105 4147 ἔθος
1135 4084 1220 4136 ἀεὶ
1246 4084 1353 4136 τῶν
1382 4085 1671 4152 δαιμονίων
1704 4086 1797 4135 καὶ
1812 4085 1917 4136 τῶν

366 4175 709 4245 ἁμαρτωλῶν
760 4174 837 4243 τῷ
890 4174 1211 4245 βορϐορώδει
1242 4174 1338 4242 βίῳ
1381 4172 1916 4242 ἐμφιλοχωρούντων,

367 4266 556 4336 ὥσπερ
577 4267 670 4318 ἀπ’
704 4266 947 4328 ἐναντίας
968 4266 1074 4317 τῶν
1103 4266 1218 4335 Θεῷ
1250 4266 1414 4332 φίλων
1442 4265 1515 4332 τῷ
1543 4264 1759 4332 σκληρῷ
1808 4264 1917 4333 (5.4)

369 4365 667 4434 χαιρόντων
700 4366 792 4415 καὶ
821 4361 896 4430 τῷ
919 4361 1225 4431 καρτερικῴ
1260 4361 1353 4429 τῆς
1383 4360 1580 4428 ψυχῆς,
1613 4360 1797 4427 ὕμνοις
1826 4359 1919 4410 καὶ

2018 3199 2179 3239 Stttttt.
2211 3185 2273 3237 lit
2300 3190 2585 3238 draconem
2605 3187 2819 3252 quidem
2850 3184 3146 3247 diabolum,
3172 3199 3234 3236 eo
3265 3184 3404 3250 quod
3431 3185 3573 3236 obli-

2018 3279 2139 3345 quis
2171 3286 2353 3329 utatur
2382 3278 2617 3329 motibus
2649 3295 2660 3329 :
2703 3276 2931 3329 bestiam
2989 3290 3114 3327 vero
3158 3274 3573 3335 Antichristum,

2019 3379 2077 3421 ut
2108 3368 2196 3435 qui
2239 3382 2344 3419 non
2385 3369 2617 3419 humano
2664 3352 2815 3418 more
2854 3372 3205 3416 conversetur
3257 3362 3305 3413 in
3344 3363 3575 3414 humana

2019 3470 2229 3523 natura,
2263 3459 2352 3511 sed
2386 3459 2555 3525 magis
2602 3456 2774 3510 ferino
2814 3472 2960 3509 more
3003 3472 3015 3506 :
3051 3454 3573 3522 pseudtqirophetam

2020 3564 2201 3603 autem
2237 3550 2340 3603 hoc
2372 3566 2544 3617 ipsum
2584 3549 2727 3616 quod
2757 3558 2856 3609 est,
2903 3563 3092 3613 nempe
3122 3547 3213 3613 qni
3260 3547 3309 3596 in
3361 3545 3574 3596 modum

2021 3649 2188 3708 poeta:
2245 3638 2521 3690 mendacia
2578 3624 2755 3689 dicere
2817 3637 2963 3687 novit
3022 3636 3163 3687 teris
3219 3634 3442 3685 similia.
3500 3632 3575 3685 Ex

2023 3728 2452 3793 uniuscujusque
2500 3727 2689 3776 horum
2739 3739 2831 3775 ore
2863 3723 2991 3773 dicit
3048 3722 3161 3788 pari
3204 3734 3428 3771 numero
3459 3734 3579 3770 sca-

2020 3817 2190 3866 turire
2222 3814 2527 3865 immundos
2548 3812 2768 3876 spiritus
2799 3811 2946 3860 ranis
2973 3808 3196 3867 similes,
3226 3807 3319 3857 sed
3348 3820 3451 3856 n0n
3489 3821 3577 3854 ia-

2020 3918 2117 3954 ttas
2154 3920 2166 3954 :
2200 3904 2430 3969 primum
2478 3899 2620 3967 quod
2662 3912 2851 3963 aspera
2891 3896 3082 3947 horum
3117 3909 3214 3944 vox
3252 3910 3356 3944 non
3408 3902 3577 3959 possit

2017 3992 2081 4043 ad
2118 3992 2352 4057 aliquam
2389 3990 2478 4041 Dei
2511 3988 2723 4039 laudem
2758 3984 2985 4046 assumi,
3018 3983 3108 4033 sed
3142 3981 3206 4031 ad
3244 3981 3576 4032 turbationes

2018 4098 2081 4136 ac
2115 4082 2380 4135 tumultus
2406 4078 2718 4133 excitandos
2747 4093 2759 4128 :
2790 4074 3039 4142 quodque
3069 4085 3279 4137 semper
3311 4070 3477 4121 moris
3506 4069 3578 4120 sit

2019 4173 2356 4229 daemonibus
2380 4186 2442 4223 ac
2470 4166 2845 4237 pccwtorihus
2878 4164 3038 4217 fetida
3061 4177 3123 4214 ae
3146 4168 3443 4213 coanoienta
3471 4159 3576 4211 vita

2020 4262 2298 4325 delectari,
2333 4258 2788 4329 quemadmodum
2814 4256 3058 4308 ediverso
3093 4252 3184 4305 Dei
3220 4251 3410 4303 amicis
3436 4251 3577 4315 quod

2022 4356 2159 4408 duro
2184 4356 2470 4423 gaudeant,
2500 4359 2552 4405 et
2598 4350 2763 4403 animi
2804 4347 3086 4401 tolerantia
3134 4357 3198 4395 ac
3242 4340 3575 4401 lortitndine,

370 4425 536 4524 ῶδαῖς
570 4455 663 4505 καὶ
693 4425 1105 4520 ἐξομολογήσεσι
1157 4425 1594 4518 μεγαλύνειν-τὸν
1640 4425 1789 4499 Θεὸν.
1833 4446 1910 4515 Tt;

2027 4448 2240 4517 hymnis
2267 4455 2321 4498 et
2353 4444 2581 4498 canticis
2619 4457 2682 4495 ac
2707 4429 3139 4494 cbiibssionibus
3174 4433 3339 4485 Deum
3373 4432 3581 4497 magni--

370 4542 634 4613 τριαδικῷ
670 4542 725 4592 δὲ
765 4540 981 4609 ἀριθμῷ
1013 4541 1105 4592 καὶ
1148 4542 1195 4592 οἱ
1227 4540 1443 4609 φθορεῖς
1465 4538 1558 4589 καὶ
1582 4538 1648 4588 τὰ
1670 4540 1776 4588 ἀπὸ
1813 4535 1920 4588 τῶν

376 4634 658 4702 στομάτων
715 4631 894 4682 αὐτῶν
949 4629 1370 4698 ὲξοχετευόμενα
1405 4628 1670 4695 δαιμόνια,
1714 4629 1797 4678 ἵνα
1847 4626 1922 4694 τῷ

374 4723 593 4794 ἀριθμῷ
635 4720 806 4790 τούτῳ
862 4722 1128 4787 ἀπατῶσι,
1162 4720 1235 4783 ὡς
1285 4723 1349 4789 τῇ
1407 4718 1740 4786 πανυμνήτῳ
1792 4717 1921 4783 ἁγία

375 4815 566 4885 Τριάδι
593 4813 1019 4881 εὐαρεστεῖσθαι.

452 4908 519 4956 ’Ἀ
546 4903 923 4967 ἐκπορεύεται
953 4902 1049 4954 ἐπὶ
1078 4902 1212 4965 τοὺς
1233 4897 1511 4963 βασιλεῖς
1530 4896 1632 4962 τῆς
1658 4894 1924 4963 οἰκουμέ-

377 5013 491 5060 ⁸ι-ης
518 4994 685 5059 ὅλης,
731 4994 1090 5060 συναγαγεῖν
1132 4993 1348 5056 αὐτοὺς
1381 4993 1466 5054 εἰς
1523 4990 1629 5040 τὸν
1665 4988 1927 5051 πόλεμον

378 5086 488 5152 τῆς
521 5085 739 5151 ἡμέρας
766 5082 999 5147 ἐκείνης
1025 5083 1131 5148 τῆς
1195 5082 1461 5151 μεγάλης
1500 5079 1603 5131 τοῦ
1640 5076 1784 5129 Θεοῦ
1824 5075 1926 5127 τοῦ

379 5176 875 5243 παντοκράτορος.
914 5175 1068 5227 Ἰδοὺ
1104 5176 1343 5242 ἔρχομαι
1368 5174 1445 5237 ὡς
1484 5171 1766 5234 κλέπτης.
1810 5172 1928 5219 Μα-

378 5272 584 5337 κάριος
630 5270 663 5319 ό
686 5264 1005 5334 γρηγορῶν,
1042 5265 1140 5316 καὶ
1172 5263 1364 5331 τηρῶν
1396 5264 1466 5317 τὰ
1514 5261 1707 5329 ἱμάτια
1734 5259 1918 5311 αὑτοῦ

380 5362 484 5413 ἵνα
499 5358 583 5426 μὴ
606 5355 828 5422 γυμνὸς
845 5350 1157 5418 περιπατῇ,
1181 5353 1277 5404 καὶ
1295 5351 1569 5415 ,ϐλέπωσι
1596 5347 1708 5415 τὴν
1723 5348 1917 5413 dum-

2025 4537 2206 4591 licent.
2237 4533 2494 4586 Ternario
2524 4540 2699 4583 autem
2734 4542 2959 4581 numero
2994 4530 3122 4577 sunt
3151 4531 3203 4573 et
3236 4528 3578 4586 corruptores

2023 4636 2076 4678 et
2106 4641 2224 4692 quae
2256 4624 2323 4675 ab
2350 4638 2443 4673 ore
2464 4623 2651 4672 comm.
2681 4616 3030 4685 egrediuntur
3056 4609 3316 4663 damnonia
3341 4646 3356 4667 ,
3390 4614 3447 4657 ut
3477 4607 3577 4656 huc

2025 4728 2249 4767 numero
2285 4712 2549 4771 fallerent,
2583 4708 2741 4775 quasi
2802 4700 3189 4757 laudatissima:
3256 4711 3318 4748 ac
3351 4695 3577 4748 sanctis-

2023 4808 2172 4857 sima:
2208 4800 2457 4852 Trinitali
2494 4799 2631 4866 grati
2659 4804 2859 4849 essent.

2095 4890 2232 4953 XVI,
2286 4889 2466 4941 ιῶοίϋ.
2512 4888 2639 4950 Qua:
2669 4887 3005 4953 egrediuntur
3056 4887 3121 4934 ad
3168 4897 3308 4949 reges
3352 4877 3577 4931 universi

2025 4987 2161 5037 orbis
2192 4994 2246 5034 ut
2278 4989 2576 5047 congregcut
2608 4994 2691 5029 cos
2724 4976 2788 5027 ad
2822 4976 3061 5043 pru'lium
3100 4973 3275 5041 magni
3304 4971 3447 5023 illius
3473 4968 3577 5018 diei

2027 5075 2385 5143 omnipotentis
2425 5072 2535 5124 Dei.
2587 5075 2718 5121 L’cce
2748 5069 2892 5120 rcuio
2940 5068 3071 5118 sicut
3115 5070 3222 5131 μιν.
3274 5062 3463 5113 Beatus
3499 5066 3574 5107 est

2025 5172 2113 5237 qui
2138 5166 2338 5235 vigilat,
2363 5172 2409 5214 et
2438 5162 2527 5229 qui
2552 5169 2720 5212 servat
2745 5159 3047 5211 vestimenta
3073 5171 3187 5216 sua,
3213 5168 3273 5204 ne
3297 5152 3462 5201 nudus
3496 5146 3575 5237 iu-

2026 5235 2206 5322 cedat,
2236 5264 2283 5308 et
2313 5254 2515 5306 videant
2558 5250 2932 5315 turpitudinem
2979 5250 3112 5315 ejus.
3154 5243 3218 5294 Et
3251 5235 3573 5306 congregavit

2028 5364 2113 5401 eos
2140 5349 2195 5399 in
2224 5345 2389 5398 locum
2420 5343 2504 5410 qui
2535 5341 2728 5392 dicitur
2768 5339 3016 5390 llebraice
3048 5335 3396 5400 Ermagedon.

373 5422 656 5518 μοσνύνην
694 5442 897 5498 αὑτοῦ.
932 5444 1035 5495 Καὶ
1069 5442 1411 5511 συνήγαγεν
1436 5441 1653 5503 αὐτοὺς
1698 5441 1781 5503 εἰς
1824 5437 1929 5490 τὸν
1957 5439 2142 5492 τόπον
2173 5437 2280 5490 τὸν
2303 5435 2672 5500 καλούμενον
2695 5430 2991 5497 Ἐϐραϊστὶ
3032 5422 3413 5492 Ἐρμιιγεδών.

453 5583 508 5616 ⁸⁵
528 5580 711 5634 Matth.
744 5593 886 5640 xxw,
914 5577 967 5628 7.
1040 5574 1086 5606 "
1123 5573 1269 5628 Psal.
1302 5590 1360 5639 Il,
1390 5575 1440 5627 2.

464 5722 579 5793 (55)
612 5719 734 5792 ἡδύς
763 5717 1009 5785 vulgatus
1034 5718 1234 5768 textus.

2126 5702 2233 5771 (fit)
2258 5695 2550 5765 chchalur
2592 5691 2802 5760 κλήρῳ,
2835 5688 2969 5757 quod
2999 5696 3135 5742 sorte
3168 5704 3263 5739 sua
3293 5685 3602 5761 qaudaanl
3632 5714 3649 5730 .
