4126 6332
254 352 366 415 ’113

1282 334 1669 398 COMMENT.
1714 331 1793 393 IN
1834 324 2351 391 APOCALYPSIN.

3335 302 3438 367 714

257 463 415 521 ἄλλος
468 456 753 523 κατάρχει,
798 451 831 520 ἢ
870 449 1026 519 μόνος
1090 449 1119 501 6
1171 444 1504 515 ύπερουσίως
1552 440 1804 494 ἁπάντων
1833 445 1874 498 Α

1833 445 1874 498 Α
1902 437 2003 491 bus
2023 450 2129 489 non
2164 434 2299 487 alius
2321 426 2572 499 praesidet
2601 438 2761 494 quam
2798 420 2946 477 solus
2999 417 3088 475 ille
3128 415 3217 485 qui
3256 430 3441 514 supcr-

260 545 656 617 ὐπερκείμενος
682 542 1010 609 γενετὰρχης
1030 539 1182 601 Θεός.
1212 536 1383 589 Τοῦτο
1414 533 1522 601 γὰρ
1554 533 1583 584 6
1607 528 1801 601 ’θρόνος

262 638 519 708 βούλεται
543 632 831 702 παριστᾷν.
890 649 894 653 ·

338 726 444 779 Kal
472 724 746 792 trav-orto
779 716 1071 786 ἀστραπαί
1100 715 1193 768 καὶ
1217 711 1461 781 βρονταί
1490 710 1586 763 καὶ
1619 706 1808 778 φωναὶ

263 816 367 869 καί
390 812 662 880 σεισμός.
706 808 1005 877 Ἀστραπαὶ
1034 809 1127 858 καὶ
1158 802 1401 873 βρονταὶ,
1432 801 1525 852 ἀπ’
1556 796 1805 867 οὐρανοῦ.

264 907 451 959 Φωναὶ
482 902 539 955 δέ
566 901 673 955 τῶν
699 900 788 952 ἐπὶ
827 899 929 965 γῆς
955 895 1061 948 ἀπὸ
1090 895 1180 947 τοῦ
1209 892 1359 952 δέους
1386 885 1808 965 τῶν-καταπλη-

266 994 473 1049 κτικῶν
495 992 809 1060 γινομένων.
839 946 1069 1055 ξέῖσμὸς
1093 985 1170 1047 δὲ,
1193 946 1377 1041 κλόνος
1406 946 1657 1047 τῆθγῆς,
1692 946 1812 1028 tusi.

268 1086 371 1138 καὶ
401 1082 557 1136 τοῦτο
588 1082 645 1134 ἐν
685 1080 795 1139 τοῖς
834 1076 1078 1144 σημείοις
1125 1071 1217 1124 τοῦ
1250 1070 1436 1129 τέλους
1486 1064 1811 1134 περιέχεται.

271 1174 349 1224 ἰι
380 1169 600 1238 σεισμὸν
651 1167 820 1232 λέγει,
844 1164 947 1233 ,τήν
1002 1157 1351 1231 μεταποίησιν
1394 1155 1486 1207 καὶ
1519 1150 1815 1222 μεταϐολὴν

268 1264 385 1313 τῶν
418 1258 669 1327 φθαρτῶν
698 1258 789 1309 ἐπὶ
815 1254 877 1306 τὸ
904 1252 1195 1321 ἄφθαρτον,
1216 1248 1243 1299 ὃ
1273 1247 1421 1298 ἔσται
1450 1245 1554 1297 ἀπὸ
1576 1244 1671 1310 τῆς
1696 1240 1816 1292 δευ-

276 1352 447 1418 τέρας
470 1346 705 1417 Χριστοῦ
732 1342 1048 1413 παρουσίας.
1081 1339 1154 1391 Τὸ
1182 1337 1258 1400 δέ,
1308 1330 1429 1398 οἷος
1459 1334 1529 1385 οὐ
1557 1329 1813 1399 γέγονεν.

270 1439 503 1493 Οὐδέπω
551 1436 656 1504 γὰρ
708 1431 927 1501 τοιαύτη
985 1426 1287 1498 μεταλλαγὴ
1335 1425 1522 1491 γέγονε
1584 1418 1818 1490 φθαρτοῦ

274 1530 487 1595 κόσμου
516 1524 610 1577 ἐπὶ
646 1521 707 1574 τδ
724 1522 990 1590 ἄφθαρτον
1018 1517 1112 1570 καὶ
1135 1512 1456 1577 διαιωνίζον.

357 1697 461 1751 Kal
497 1672 728 1763 ἐγένετο
772 1690 810 1756 ὴ
852 1692 1027 1752 πόλις
1058 1689 1095 1755 ἠ
1130 1686 1379 1755 μεγάλη.
1412 1682 1545 1747 Περὶ
1586 1680 1683 1747 τῆς
1726 1679 1821 1731 ἰε-

1902 523 2242 579 subslantiali
2290 521 2455 574 modo
2502 523 2729 570 cunctos
2781 508 3187 580 supereminet,
3235 505 3445 574 primus

1905 629 2097 684 parens
2129 613 2303 676 Deus;
2338 623 2461 663 nam
2486 607 2536 659 id
2578 602 2884 672 signiﬁcare
2906 597 3006 652 sibi
3046 596 3162 651 vult
3198 596 3446 648 thronus.

1978 705 2044 759 Et
2074 704 2221 772 facta
2252 708 2374 755 sunt
2410 698 2625 768 fulgura
2652 703 2701 747 et
2743 694 2975 746 tonitrua
2990 701 3039 744 et
3058 703 3197 743 voces
3226 697 3273 739 et
3304 695 3451 737 terra

1908 804 2099 849 motus.
2124 792 2357 861 Fulgura
2401 798 2454 843 et
2501 786 2732 841 tonitrua
2772 782 2838 837 de
2882 783 3044 846 caelo,
3073 792 3230 833 voces
3272 788 3451 830 autem

1910 882 2082 936 abhis
2105 880 2197 949 qui
2230 880 2281 932 in
2308 888 2450 933 terra
2493 888 2597 943 prae
2638 873 2829 926 timore
2870 867 3203 923 consternati
3251 873 3404 917 erant
3437 880 3451 915 :

1912 980 2067 1024 terra:
2096 977 2275 1023 motus
2303 980 2451 1028 vero,
2511 964 2611 1016 hoc
2648 968 2729 1014 est
2765 957 3043 1028 quassatio
3099 971 3163 1009 ac
3221 954 3457 1007 turbatio

1913 1068 2089 1123 terrm,
2119 1071 2244 1111 nam
2278 1052 2588 1123 huiusmodi
2618 1051 2775 1103 tinem
2802 1049 2953 1117 signa
2980 1046 3221 1100 obtinere
3258 1043 3453 1098 solent.

1915 1149 2021 1202 Aut
2071 1156 2229 1201 teme
2255 1154 2459 1199 motum
2505 1140 2636 1195 dicit
2676 1135 3148 1206 transpositionem
3196 1142 3251 1186 et
3284 1139 3459 1184 muta-

1916 1238 2113 1293 tionem
2157 1249 2188 1288 a
2236 1230 2677 1301 corruptibilibus
2727 1227 2791 1281 ad
2837 1222 3282 1292 incorruptibilia,
3314 1220 3456 1289 quod

1916 1326 2018 1381 erit
2050 1340 2077 1377 a
2109 1322 2347 1379 secundo
2375 1320 2571 1375 Christi
2618 1318 2872 1372 adventu.
2912 1316 2998 1368 Ait
3026 1322 3225 1374 autem,
3282 1308 3454 1378 qualis

1921 1416 2150 1482 nonfuit
2187 1430 2206 1466 :
2239 1412 2476 1467 nondum
2515 1409 2659 1463 enim
2700 1406 2825 1461 talis
2859 1405 2998 1460 iacta
3046 1410 3129 1457 est
3169 1400 3395 1455 mutatio
3428 1413 3458 1452 a

1923 1504 2256 1574 carruptibili
2305 1501 2508 1555 mundo
2557 1500 2623 1555 ad
2670 1495 3129 1565 incorruptibilem
3184 1502 3238 1544 et
3276 1488 3469 1557 sempi-

1924 1605 2155 1646 ternum.

1995 1680 2060 1732 Et
2091 1680 2257 1733 divisa
2277 1688 2354 1733 est
2390 1678 2573 1732 civitas
2621 1692 2833 1746 magna.
2863 1673 3117 1729 Nonnulli
3147 1674 3474 1739 acceperunt

279 1743 863 1853 pouo'aqutI-Eipitail‘al
905 1743 1093 1837 τινες.
1130 1743 1443 1837 ἐξέδέξαντο
1488 1743 1677 1829 ταῦτα,
1724 1768 1821 1834 οὐχ
1858 1743 1897 1797 Β

1858 1743 1897 1797 Β
1931 1782 1988 1822 ιιι
2020 1770 2129 1821 haec
2150 1768 2213 1821 de
2237 1767 2538 1821 Jerusalem
2570 1743 2878 1819 dicerentur
2909 1779 2924 1815 :
2960 1777 3064 1815 non
3094 1761 3226 1813 adeo
3255 1765 3472 1826 propter

276 1873 429 1925 οὓτω
456 1870 647 1938 πλήθει
677 1865 976 1937 ἀνθρώπων
1009 1865 1104 1916 καὶ
1153 1860 1460 1929 κτισμάτων
1492 1856 1823 1926 μεγαλοπρε-

280 1960 409 2011 πῶν
440 1958 515 2025 τῷ
550 1954 816 2025 μεγαλείῳ
851 1950 1109 2019 αύχούσῃ,
1141 1949 1213 2009 ὡς
1239 1948 1348 2007 τοῖς
1376 1940 1607 2011 Χριστοῦ
1630 1940 1824 1992 πάθεσι

280 2045 386 2096 καὶ
421 2047 483 2112 τῇ
516 2043 651 2096 κατὰ
704 2038 937 2109 Χριστὸν
970 2033 1247 2101 ἐπιδημίᾳ.
1289 2033 1363 2082 Δι’
1395 2030 1429 2082 ὃ.
1460 2029 1551 2081 καὶ
1594 2026 1825 2079 ἀντιδια-

282 2134 566 2185 στέλλεται
601 2129 706 2181 τῶν
763 2126 963 2177 λοιπῶν
1010 2122 1234 2183 πόλεων,
1265 2119 1328 2180 ἃς
1375 2119 1468 2169 καὶ
1500 2115 1715 2175 ἐθνικὰς
1759 2114 1824 2178 τῇ
1860 2192 1869 2200 ι

281 2222 481 2289 Γραφῇ
515 2219 633 2279 έθος
684 2216 884 2268 καλεῖν.
919 2210 1025 2263 Τού
1046 2210 1152 2277 γὰρ
1212 2205 1424 2275 Ἰσραὴλ
1471 2203 1655 2272 χωρὶς,
1703 2200 1826 2289 τοῑξς

284 2287 487 2367 ἄλλους
514 2302 825 2371 ἀνθρώπους
852 2298 976 2366 ἐθνη
1007 2296 1163 2348 εἴωθε
1192 2289 1631 2363 προσαγορεύειν.
1687 2287 1829 2340 Ταύ-

280 2393 393 2463 της
420 2360 484 2446 δέ
508 2395 540 2461 ἡ
586 2360 662 2453 είς
693 2360 819 2460 τρία
872 2360 1012 2457 μέρη
1044 2360 1301 2453 διαίρεσις
1330 2381 1390 2433 τὸ
1436 2360 1542 2432 τῶν
1595 2379 1653 2431 ἐν
1694 2377 1828 2445 αὐτῇ
1866 2360 1871 2363 η

287 2481 693 2536 κατοικούντων
718 2477 996 2547 σημαίνειν
1011 2475 1261 2541 διάφορον
1286 2471 1548 2539 βούλεται,
1573 2468 1832 2536 Χριστια-

286 2572 422 2633 νῶν,
462 2568 744 2629 Ἰουδαίων,
775 2564 1141 2634 Σαμαρειτῶν.
1174 2562 1285 2615 Ούκ
1315 2560 1538 2628 ἄκαιρον
1582 2557 1639 2609 δέ
1683 2554 1834 2607 πόλιν

290 2659 542 2729 μεγάλην
590 2657 681 2708 τὸν
736 2654 973 2723 παρόντα
1019 2653 1217 2721 κόσμον
1274 2647 1691 2716 ὑπολαμϐάνειν,
1757 2645 1835 2705 είς

288 2750 424 2816 τρία
454 2747 592 2815 μέρη
620 2745 1006 2814 ἀφοριζόμενον
1026 2742 1131 2795 ἀπὸ
1149 2742 1242 2808 τῆς
1264 2737 1495 2807 Χριστοῦ
1517 2734 1833 2804 παρουσίας,

290 2841 379 2899 είς
413 2838 499 2889 τὸν
533 2838 629 2903 τῆς
667 2833 978 2903 Ἑλληνικῆς
1025 2830 1371 2899 ἐπικρατείας
1408 2826 1616 2895 καιρὸν,
1646 2826 1723 2886 είς
1747 2823 1837 2875 τὸν

288 2927 400 2993 τῆς
428 2926 529 2977 ύπὺ
556 2923 887 2994 Χριστιανῶν
913 2920 1172 2991 βασιλέων
1216 2918 1486 2981 ἐξουσίας,
1517 2917 1610 2967 καὶ
1643 2915 1721 2976 είς
1749 2912 1838 2963 τὸν

291 3015 410 3068 ὑπὸ
431 3014 522 3067 τοῦ
564 3013 927 3082 Ἀντιχρίστου
960 3012 1053 3080 τῆς
1084 3009 1391 3079 ἐπιδημίας.
1430 3006 1618 3067 Πόλεις
1652 3005 1708 3057 δὲ
1734 3004 1835 3057 τῶν

292 3104 473 3155 ἐθνῶν
497 3104 552 3155 αί
583 3103 895 3167 πίπτουσαι,
934 3101 1053 3171 ἦτοι
1093 3101 1148 3153 αί
1178 3099 1421 3167 διάφοροι
1461 3095 1589 3165 περὶ
1626 3094 1723 3162 τὴν
1751 3095 1840 3146 εύ-

295 3192 437 3259 σεϐῆ
480 3192 659 3243 πίστιν
692 3190 988 3259 ὑπολήψεις
1026 3191 1091 3257 τῇ
1138 3186 1401 3256 διαφωνία
1456 3186 1516 3237 τὸ
1570 3184 1843 3237 εῠπτωτον

310 3281 688 3348 κληρούμεναι
709 3295 722 3307 ·
752 3281 783 3347 ἢ
812 3281 905 3332 καὶ
936 3280 1094 3331 αὐταὶ
1124 3279 1179 3330 αἱ
1210 3277 1409 3339 πόλεις.

375 3370 481 3421 Kal
509 3367 787 3421 Βαϐυλὼν
834 3369 871 3435 ἠ
905 3367 1129 3436 μεγάλη
1158 3365 1425 3435 ἐμνήσθη
1464 3365 1715 3419 ἐνώπιον
1740 3364 1844 3418 τοῦ

302 3457 479 3521 Θεοῦ,
513 3456 718 3510 δοῦναι
771 3456 924 3523 αὐτῇ
957 3457 1021 3509 τὸ
1058 3454 1338 3523 ποτήριον
1392 3454 1497 3507 τοῦ
1526 3456 1708 3506 οἷν-ου’
1741 3454 1844 3506 τοῦ

299 3544 496 3612 Θυμοῦ
527 3544 634 3611 τῆς
662 3546 838 3612 ὁρτῆς
864 3545 1063 3603 αὑτοῦ,
1098 3544 1189 3597 καί
1223 3544 1387 3597 πᾶσα
1427 3532 1617 3609 νῖτῖσος
1642 3545 1842 3611 ἔφυγε,

301 3634 404 3685 καί
432 3634 536 3699 ὄρη
587 3635 697 3698 οὐκ
729 3633 1074 3698 εὑρέθησαν.
1114 3632 1216 3684 Kal
1258 3631 1478 3698 χάλαζα
1500 3632 1727 3698 μεγάλη
1766 3634 1844 3695 ὡς

304 3724 649 3774 ταλαντιαιά
679 3722 1009 3772 καταϐαίνει
1047 3721 1112 3771 ἐκ
1146 3721 1248 3773 τοῦ
1281 3720 1536 3785 οὐρανοῦ
1571 3720 1666 3771 ἐπὶ
1708 3720 1844 3782 τοὺς

303 3810 655 3873 ἀνθρώπους
677 3824 689 3838 °
726 3808 819 3859 καὶ
850 3808 1324 3875 ἐϐλασφήμησαν
1348 3810 1399 3857 οἱ
1423 3807 1712 3869 ἅνθρωποι
1741 3806 1845 3856 τὸν

308 3901 457 3951 Θεὸν
487 3899 552 3950 ἐκ
605 3896 711 3963 τῆς
744 3897 975 3964 πληγῆς
1012 3897 1116 3963 τῆς
1168 3894 1441 3963 χαλάζης,
1483 3897 1571 3946 ὅτι
1615 3894 1842 3962 μεγάλη

304 3986 479 4040 ἐστὶν
510 3988 546 4054 ἡ
576 3986 775 4054 πληγὴ
803 3985 991 4051 αὐτῆς
1015 3984 1269 4053 σφόδρα.

384 4075 686 4139 Βαϐυλῶνα,
710 4077 769 4126 ού
794 4073 888 4143 τὴν
934 4074 1148 4143 Ῥώμην
1176 4074 1322 4141 λέγει
1349 4073 1442 4143 τὴν
1469 4072 1726 4136 παλαιὰν,
1760 4072 1844 4125 διὰ

306 4169 371 4219 τὸ
403 4168 459 4219 ἐν
488 4166 620 4235 αὐτῇ
669 4167 808 4218 κατὰ
849 4165 971 4227 τοὺς
1012 4164 1345 4233 Ἑλληνικοὺς
1375 4164 1593 4233 χρόνους
1624 4164 1846 4224 πολλοὺς

309 4256 419 4308 τῶν
448 4254 616 4321 ἁγίων
669 4252 955 4323 μαρτύρων
1002 4252 1187 4305 παθεῖν
1216 4253 1283 4303 τὰ
1328 4252 1594 4320 ἀνήκεστα
1622 4268 1635 4281 ’
1666 4253 1724 4304 ού
1759 4251 1846 4303 τὸν

1932 1859 2207 1911 hominum
2236 1854 2635 1908 multitudinem
2683 1860 2778 1905 aut
2820 1851 3109 1903 maximam
3158 1846 3471 1915 jactantiatn

1932 1946 2338 2014 magniﬁcarum
2412 1940 2866 2010 possessionum,
2919 1948 3178 2004 quantum
3260 1943 3475 2003 promer

1930 2034 2129 2087 Christi
2182 2032 2483 2099 passionem
2546 2043 2609 2082 ac
2679 2026 3207 2095 peregrinationem;
3258 2032 3476 2091 propter

1932 2123 2076 2191 quod
2107 2121 2268 2176 etiam
2304 2134 2365 2173 ex
2389 2118 2613 2191 adverso
2636 2115 2919 2182 distinguit
2948 2114 3181 2181 reliquas
3208 2113 3472 2175 civitates,

1934 2189 2068 2277 quas
2098 2210 2263 2263 moris
2291 2189 2739 2272 estiutScriptura
2772 2216 2963 2255 vocare
2995 2201 3320 2269 gentilitias:
3351 2214 3473 2251 nam

1937 2298 2171 2365 reliquos
2223 2296 2469 2351 homines
2515 2298 2584 2348 ab
2613 2291 2867 2347 lsraelitis
2895 2290 3030 2344 solet
3070 2298 3250 2357 gentos
3298 2289 3477 2354 appel-

1936 2389 2065 2442 lare.
2104 2387 2274 2456 Hujus
2301 2395 2479 2439 autem
2526 2384 2578 2437 in
2612 2394 2718 2437 tres
2750 2389 2929 2449 partes
2950 2379 3146 2433 divisio
3197 2378 3308 2430 vult
3333 2377 3476 2430 desi-

1939 2494 2103 2547 gnare
2144 2476 2506 2531 diversitatem
2559 2486 2744 2526 eorum
2807 2470 2897 2539 qui
2937 2469 2989 2522 in
3034 2483 3094 2521 ea
3142 2467 3478 2529 habitabant,

1941 2580 2129 2634 nempe
2155 2562 2607 2621 Christianorum.
2628 2557 2960 2619 Iudaeorum,
2982 2554 3479 2628 ,Samaritanorutn.

1941 2655 2055 2707 Non
2089 2654 2247 2707 fuerit
2277 2664 2451 2706 tamen
2476 2651 2910 2719 intempestivum
2926 2647 3195 2701 civitatem
3230 2660 3478 2712 magnam

1942 2746 2183 2813 accipere
2213 2750 2527 2809 praesentem
2578 2742 2835 2793 mundum
2872 2740 2923 2791 in
2966 2748 3073 2791 tres
3130 2746 3307 2805 partes
3334 2736 3482 2789 divi-

1942 2850 2059 2889 sum
2107 2834 2175 2887 ab
2207 2835 2434 2887 adventu
2483 2831 2721 2886 Christi:
2754 2840 2879 2898 puta
2923 2829 2974 2882 in
3008 2837 3215 2895 tempus
3267 2826 3479 2894 imperii

1945 2924 2277 2986 Gt'atcorum,
2311 2923 2364 2975 in
2396 2930 2604 2990 tempus
2627 2920 2908 2989 potestatis
2933 2934 3113 2984 regunt
3142 2917 3481 2970 Christiano-

1949 3030 2065 3066 rtttn
2099 3052 2115 3078 ,
2160 3020 2213 3065 et
2274 3011 2326 3063 in
2379 3018 2587 3076 tempus
2651 3008 2912 3060 adventus
2968 3006 3067 3058 sub
3133 3003 3485 3057 Antichristo.

1949 3102 2117 3154 Porro
2163 3099 2412 3152 cadentes
2445 3097 2679 3165 gentium
2738 3097 3001 3158 civitates,
3028 3105 3119 3147 aut
3156 3098 3316 3146 varia:
3360 3101 3490 3145 sunt

1948 3194 2088 3246 circa
2123 3191 2243 3244 lidei
2281 3190 2532 3259 pietatem
2564 3190 2865 3257 Opiniones,
2899 3202 3017 3254 quae
3041 3186 3109 3239 ob
3141 3188 3226 3239 sui
3274 3186 3485 3237 discor-

1947 3282 2089 3334 iliam
2122 3280 2276 3333 facile
2297 3279 2573 3340 decidunt,
2600 3288 2692 3331 aut
2732 3280 3089 3347 ipsaequoquc
3117 3277 3381 3330 civitates.

2018 3369 2161 3434 χνι,
2193 3370 2372 3423 19-21.
2414 3368 2479 3421 Et
2517 3368 2752 3437 Babylon
2785 3385 2973 3436 magna
3022 3368 3151 3420 venit
3192 3368 3243 3419 in
3297 3381 3490 3418 memo-

1950 3464 2083 3513 riam
2134 3478 2304 3514 coram
2344 3460 2468 3521 Deo,
2498 3471 2555 3513 ut
2600 3461 2748 3513 daret
2794 3460 2892 3526 ipsi
2922 3458 3158 3522 poculum
3194 3458 3297 3510 viui
3350 3457 3489 3509 indi-

1949 3554 2204 3622 gnationis
2235 3554 2328 3606 ira:
2354 3569 2483 3605 sum.
2518 3552 2583 3603 Et
2623 3553 2789 3603 omnis
2827 3552 2997 3603 insula
3039 3551 3191 3619 fugit,
3225 3559 3271 3601 et
3303 3562 3494 3599 mones

1950 3659 2049 3694 non
2068 3652 2187 3695 sunt
2219 3644 2429 3694 inventi.
2470 3643 2634 3709 788
2664 3640 2730 3693 Et
2768 3646 2966 3709 grando
2999 3657 3186 3707 magna
3218 3640 3364 3707 quasi
3421 3649 3496 3688 ta-

1948 3732 2072 3781 lenti
2124 3733 2348 3794 pomlere
2399 3733 2658 3781 descendit
2719 3732 2782 3781 de
2844 3731 2969 3781 ario
3011 3730 3064 3779 in
3107 3730 3332 3780 homines
3368 3745 3387 3780 :
3445 3739 3493 3779 ct

1948 3816 2429 3877 blaspltemaverunt
2496 3818 2724 3867 homines
2800 3816 2963 3867 Deam
3022 3828 3228 3881 promer
3289 3818 3494 3883 plagam

1948 3905 2238 3971 grandinis,
2270 3906 2407 3970 quod
2431 3920 2618 3971 magna
2652 3914 2778 3955 esset
2808 3904 2959 3971 plaga
3004 3904 3116 3966 eius
3152 3904 3490 3955 vehementer.

2018 4076 2338 4147 Babylonem
2388 4076 2519 4130 dicit
2575 4091 2678 4127 non
2737 4084 2969 4126 veterem
3027 4073 3270 4137 Romani,
3320 4090 3491 4141 quan—

1948 4182 2106 4235 quam
2151 4170 2203 4220 in
2251 4182 2312 4219 ea
2375 4156 2706 4234 temporibus
2758 4164 3065 4217 Graecorum
3124 4163 3272 4215 tnulti
3320 4165 3489 4215 sancti

1950 4266 2211 4325 martyres
2244 4255 2457 4324 indigna
2487 4254 2628 4322 passi
2661 4254 2767 4307 sint
2793 4268 2806 4317 ;
2861 4266 2967 4329 non
2995 4252 3245 4304 mundum
3276 4252 3491 4303 univer-

311 4348 526 4441 ᾶπαντα
545 4343 744 4441 κόσμον
768 4343 866 4441 κᾶν
880 4342 975 4411 ἔχῃ
993 4342 1110 4394 τινὰ
1126 4340 1407 4410 ἀποδοχὴν,
1438 4334 1586 4403 οὗτος
1613 4343 1641 4393 6
1664 4342 1848 4407 λόγος,
1882 4374 1925 4430 D

1882 4374 1925 4430 ο
1952 4361 2094 4407 sum,
2136 4361 2440 4414 quanquam
2479 4345 2620 4398 hunc
2667 4359 2883 4397 sensum
2931 4343 3164 4397 nonnulli
3220 4357 3492 4394 commcn-

315 4429 562 4497 εἰρῆσθαι
590 4429 695 4497 γὰρ
732 4429 890 4481 αὑτὸν
926 4430 1208 4481 Βαϐυλῶνα
1234 4431 1323 4482 καὶ
1351 4430 1610 4497 μεγάλην,
1645 4430 1738 4481 ἆτε
1782 4431 1845 4481 ἐκ
1886 4429 1900 4430 ί

1886 4429 1900 4430 ί
1950 4438 2096 4498 dent,
2136 4452 2255 4490 eum
2302 4437 2481 4490 dictus
2525 4436 2594 4489 sit
2626 4434 2853 4503 Babylon
2899 4444 2951 4488 ct
3006 4448 3191 4502 magna
3236 4432 3490 4503 Babylon.

310 4517 421 4568 τῶν
464 4516 554 4567 τοῦ
588 4515 701 4584 βίου
756 4518 1155 4586 περισπασμῶν
1204 4518 1425 4570 είκαίων
1460 4518 1519 4570 τὸ
1566 4519 1846 4586 μεγαλεῖον

310 4604 578 4673 ἐσχηκότα
606 4620 618 4634 ·
658 4605 705 4656 εί
739 4604 843 4674 γὰρ
874 4607 902 4657 6
939 4608 1137 4674 κόσμος
1166 4606 1250 4659 διὰ
1278 4608 1373 4675 τῆς
1413 4608 1721 4670 Βαϐυλῶνος
1747 4609 1846 4660 ύπι-

310 4692 609 4761 εσημὰνθη,
633 4692 711 4753 τίς
730 4693 1019 4763 ἡδιαστολὴ
1044 4694 1149 4746 τῶν
1175 4696 1347 4763 νήσων
1372 4697 1478 4747 ἀπὸ
1500 4698 1589 4749 τοῦ
1620 4698 1842 4765 κόσμου,

314 4784 481 4850 μέρος
513 4781 685 4833 οὐσῶν
711 4781 803 4833 τοῦ
830 4782 1029 4850 κόσμου
1081 4785 1173 4835 καὶ
1212 4784 1425 4846 ἀὐτῶν;
1464 4786 1717 4838 Λείπεται
1754 4784 1846 4839 οὖν

311 4871 506 4937 ἑτέραν
540 4868 653 4937 (56)
685 4870 925 4922 ὑπονοεῖν
950 4872 1239 4924 Βαϐυλῶνα
1264 4874 1431 4925 είκότι
1456 4874 1595 4943 λόγῳ
1615 4894 1628 4907 ·
1652 4879 1745 4928 καὶ
1766 4877 1845 4938 τίς

310 4958 486 5023 αὖτης
520 4957 632 5009 Οὐκ
656 4958 811 5025 ἄλλη,
839 4960 923 5028 ἢή
951 4962 1373 5024 Κωνσταντίνου,
1415 4963 1472 5015 ἐν
1502 4958 1534 5033 ᾖ
1580 4964 1744 5017 πάλαι
1776 4966 1847 5017 δι-

310 5045 573 5114 καιοσύνη
604 5047 902 5115 ἐκοσμήθη,
958 5051 1051 5101 νῦν
1094 5051 1148 5102 δὲ
1194 5052 1250 5102 ἐν
1294 5052 1429 5119 αὐτῇ
1485 5058 1756 5119 φονευταὶ,
1789 5058 1853 5107 ἐκ

310 5134 655 5204 παραλλήλου
686 5134 933 5201 ἁμίλλης,
962 5138 1068 5188 τῶν
1100 5138 1387 5191 πολιτικῶν
1415 5142 1525 5201 τοῖς
1568 5143 1851 5209 ἐκκλησια-

313 5224 517 5284 στικοῖς
556 5222 871 5290 ἐξισωθῆναι
902 5225 1251 5288 σπευδόντων,
1280 5227 1475 5294 μᾶλλον
1508 5228 1561 5279 δὲ
1592 5230 1689 5281 οὐκ
1724 5233 1848 5282 ίσω-

309 5317 493 5383 θῆναι,
526 5312 571 5361 εί
609 5311 764 5378 μήτις
794 5310 851 5372 ἐξ
876 5312 1050 5363 αὐτῶν
1089 5314 1190 5381 ἄρῃ
1227 5316 1283 5365 τὸ
1310 5318 1572 5381 ἀριστεῖον
1604 5318 1682 5379 είς
1722 5322 1841 5386 μεί-

299 5401 432 5466 Cava
461 5399 604 5451 Θείαν
648 5397 817 5466 θυμοῦ
862 5399 1071 5465 ἄναψιν.
1113 5403 1200 5452 Διὸ
1242 5404 1331 5453 καὶ
1365 5405 1395 5469 ὴ
1424 5404 1636 5473 ἀπαθὴς
1680 5408 1837 5474 φύσις

375 5574 493 5645 (εδδ)
544 5571 804 5640 Ἓτέρῳ...
836 5570 974 5638 λόγῳ
995 5572 1135 5638 vulg.

586 5667 850 5724 Ρλτιιοι..
892 5665 1004 5722 Gn.
1034 5666 1185 5726 CVI.

1951 4536 2009 4579 ttt
2050 4520 2141 4593 qui
2196 4527 2617 4594 magnitudinem
2654 4526 2843 4579 habt-at
2878 4542 2938 4579 ex
2982 4526 3133 4579 vanis
3187 4526 3344 4592 hujus
3372 4526 3492 4577 νίιίιε

1948 4614 2391 4681 occupationibus
2424 4629 2486 4665 ac
2509 4612 2949 4667 ilistractionibus
2978 4633 2987 4665 :
3023 4628 3145 4665 nam
3174 4614 3216 4665 si
3251 4615 3484 4664 mundus

1950 4716 2043 4769 per
2064 4700 2387 4768 Babylonem
2420 4700 2752 4766 signiﬁcatus
2780 4711 2941 4760 esset.
2967 4715 3085 4767 qua:
3113 4710 3256 4753 esset
3290 4701 3492 4753 insitla-

1950 4805 2067 4843 rum
2112 4789 2405 4841 dill'erentia
2440 4804 2469 4842 a
2518 4790 2735 4855 muttdo,
2766 4805 2887 4843 cum
2942 4799 2993 4843 et
3037 4792 3164 4858 ipsa:
3204 4792 3308 4845 sint
3366 4806 3491 4858 pars

1952 4880 2174 4932 mundi?
2204 4879 2483 4946 Reliquum
2506 4888 2590 4933 est
2614 4881 2773 4946 igitur
2806 4889 2864 4933 ut
2898 4882 3055 4934 aliam
3092 4882 3367 4935 verisimili
3404 4883 3489 4934 itt-

1947 4969 2228 5038 telligentia
2279 4967 2602 5043 Babylonem
2656 4970 3056 5039 intelligamus;
3112 4980 3165 5024 et
3232 4986 3350 5037 quae
3407 4980 3488 5023 est

1948 5062 2096 5115 hate?
2138 5060 2291 5114 Certe
2342 5074 2445 5112 non
2506 5059 2607 5111 alia
2656 5076 2819 5129 quam
2866 5061 3375 5129 ConstantinOpolis.
3428 5062 3482 5111 in

1947 5165 2049 5217 qua
2084 5150 2207 5201 olitn
2234 5148 2438 5217 jttstitia
2476 5148 2774 5214 colebatur,
2807 5165 2950 5204 nunc
2981 5160 3155 5203 autem
3181 5150 3230 5201 in
3254 5164 3313 5201 ea
3354 5160 3478 5200 sunt

1950 5238 2228 5291 homicidae
2278 5254 2340 5291 ex
2382 5248 2561 5290 tnttlua
2608 5242 2952 5293 contentione
2990 5258 3001 5293 :
3042 5242 3165 5292 dum
3204 5242 3345 5292 cives
3400 5256 3485 5291 ee-

1948 5328 2267 5381 clesiasticis
2296 5330 2491 5396 aequari
2519 5332 2778 5391 ttituntnr,
2830 5332 2938 5382 imo
2972 5345 3092 5382 vero
3127 5345 3229 5381 non
3259 5331 3480 5396 atquari,

1946 5416 2037 5471 sed
2064 5419 2325 5487 quispiam
2366 5421 2599 5488 ipsorum
2636 5419 2911 5487 pra'tnium
2954 5420 3178 5488 accipiat
3209 5422 3272 5471 ad
3315 5421 3479 5489 majo-

3050 5681 3125 5739 23
