4126 6332
660 344 764 411 715

1455 343 1779 404 ΛΒΕΤΗΛΞ
1816 340 2190 402 CAESARE!!!
2228 339 2701 402 CAPPADOCUB
2739 341 3077 401 EPISCOPI

3733 336 3854 402 716

662 475 773 513 rem
807 459 1000 512 divinae
1041 459 1131 512 ira:
1155 457 1527 512 accensionem
1556 475 1568 509 :
1603 457 1720 510 ideo
1751 469 1968 524 quoque
2006 464 2201 508 natura
2230 465 2246 518 λ

2308 452 2662 506 παθαίνεσθαι
2702 454 3057 522 ὑπωπτεύθη,
3093 453 3168 514 ὡς
3200 452 3292 504 καὶ
3337 452 3397 505 τὸ
3450 451 3704 521 ποτήριον
3745 453 3856 504 τοῦ

667 548 1011 616 impassibilis
1044 547 1322 599 aﬂectibus
1351 546 1551 599 moveri
1589 544 1788 600 credita
1823 553 1926 608 est,
1956 553 2013 597 ut
2039 545 2200 598 etiam

665 636 912 704 poculum
941 635 1047 686 vini
1095 633 1476 702 indignationis
1522 632 1616 686 ine
1656 633 1879 685 daretur
1919 631 2200 702 Babyloni.

660 723 915 788 Qumnam
964 733 1140 776 autem
1189 725 1296 774 sint
1343 729 1396 775 et
1435 722 1640 784 insulae,
1673 735 1959 775 sermones
2010 721 2201 774 audire

660 826 948 880 possumus
982 810 1126 864 illius
1158 810 1332 864 sancti
1383 809 1518 879 (57),
1552 809 1641 877 qui
1671 809 1803 864 dicit
1835 810 2105 864 Ecclesias
2132 823 2199 864 ex

657 903 901 970 gentibus
945 909 1099 953 antea
1131 901 1456 954 constitutas
1502 909 1557 953 et
1585 899 1892 952 ﬁrmitatem
1922 899 2198 967 accipien-

658 1004 756 1045 ies.
792 989 854 1043 Et
903 1004 1022 1062 qua:
1073 999 1158 1045 est
1201 989 1362 1059 fuga?
1391 988 1508 1043 Non
1549 989 1652 1043 alia
1698 1003 1865 1058 quam
1901 1003 2022 1057 qua:
2056 988 2200 1045 facta

654 1090 736 1134 est
762 1096 827 1133 eo
852 1080 993 1149 quod
1027 1079 1382 1134 abundaverit
1419 1079 1672 1148 iniquitas
1696 1086 1749 1132 et
1773 1077 2045 1132 refrixerit
2070 1077 2202 1130 eba-

653 1171 818 1234 i-itas;
857 1183 976 1237 quas
1040 1169 1298 1233 cliaritas,
1331 1168 1512 1222 ﬁdeles
1571 1168 1874 1236 colligando
1921 1167 1975 1220 in
2028 1180 2198 1220 unum

650 1267 867 1326 prepter
930 1257 1134 1321 Deum,
1180 1268 1235 1311 et
1287 1259 1355 1312 ab
1419 1258 1714 1311 inﬁdelium
1776 1257 2195 1312 conversatione

649 1346 1035 1409 abstrahendo,
1066 1347 1336 1400 tribuebat
1369 1356 1427 1400 ut
1464 1362 1495 1400 e
1519 1361 1618 1401 suo
1645 1348 1779 1401 mari
1815 1356 2151 1415 emergerem
2181 1362 2195 1410 ;

649 1447 756 1501 qua
787 1432 968 1485 relicta
992 1447 1217 1487 necesse
1241 1434 1554 1488 estinsulas
1577 1434 1836 1503 aufugere
1866 1443 1925 1488 ut
1949 1434 2201 1489 desinant

648 1535 770 1574 esse
802 1521 986 1574 insulae
1023 1538 1037 1573 :
1072 1536 1194 1574 cum
1244 1522 1442 1589 quibus
1494 1536 1600 1574 una
1661 1536 1880 1591 quoque
1926 1531 2138 1576 montes
2168 1537 2197 1574 a
2243 1567 2249 1572 .

648 1611 882 1664 terrenis
930 1609 1217 1674 sublevati,
1251 1610 1319 1664 ob
1367 1611 1656 1664 humanam
1700 1611 2037 1673 prudentiam
2082 1625 2198 1679 quae

649 1702 703 1754 in
735 1699 862 1768 ipsis
891 1708 1024 1762 erat,
1061 1713 1090 1752 e
1137 1699 1314 1752 medio
1349 1699 1548 1752 sublati
1591 1709 1718 1752 sunt
1760 1700 2064 1754 imitatione
2104 1715 2196 1752 co-

2305 544 2448 596 οίνου
2492 541 2583 595 τοῦ
2631 542 2802 612 θυμοῦ
2828 543 2925 612 τῆς
2970 543 3138 611 ὀργῆς
3188 545 3252 612 τῇ
3297 541 3568 594 Βαϐυλῶνι
3601 541 3856 610 δοθῆναι.

2305 634 2459 696 Τίνες
2488 633 2542 684 δὲ
2569 634 2664 685 καὶ
2705 635 2761 686 αἱ
2789 633 2962 700 νῆσοι,
2995 633 3089 684 τοῦ
3122 631 3265 684 θείου
3303 631 3407 683 τῶν
3438 631 3607 698 λόγων
3628 631 3856 684 ἀκούειν

2303 721 2418 774 ἔστι
2445 722 2544 784 τὰς
2573 722 2680 774 ἀπὸ
2711 722 2817 774 τῶν
2837 721 3006 774 ἐθνῶν
3036 720 3328 789 ἐκκλησίας
3359 721 3482 788 ἄρτι
3514 719 3857 789 καθισταμὲ-

2303 829 2399 874 νας
2421 812 2515 865 καὶ
2551 811 2713 880 πῆξιν
2754 801 3052 880 φάσκοντος
3101 809 3503 879 λαμϐανούσας.
3536 809 3645 861 Καὶ
3677 808 3758 870 τίς
3814 809 3856 874 ὴ

2304 904 2481 972 φυγή;
2511 903 2623 994 0W
2649 902 2781 969 άλλη
2812 902 2861 952 εί
2899 901 2972 970 μὴ
3019 902 3053 969 ἡ
3100 901 3189 952 διὰ
3231 899 3292 951 τὸ
3339 897 3699 966 πληθυνθῆναι
3742 897 3856 966 τὴν

2301 993 2528 1062 ἀνομίαν
2555 987 2649 1044 ἰαὶ
2697 992 2931 1061 ψυγῆναι
2974 991 3070 1060 τὴν
3109 990 3323 1059 ἀγάπην
3364 989 3645 1056 γενομένη.
3681 987 3854 1046 Ἦτις

2302 1082 2487 1149 ἀγάπη
2525 1081 2613 1134 διὰ
2651 1081 2784 1134 Θεδν
2816 1080 3121 1150 συνδήσασα
3168 1081 3294 1140 τοὺς
3336 1079 3576 1141 πιστοὺς,
3611 1077 3704 1128 καὶ
3743 1075 3852 1142 τῆς

2300 1172 2408 1224 τῶν
2454 1171 2695 1224 ἀπίστων
2754 1171 3104 1240 ἀφελκύσασα
3154 1170 3474 1231 συναυλίας,
3527 1169 3592 1236 τῇ
3648 1167 3852 1231 ἑαυτῆς

2302 1257 2652 1327 ἑπινήχεσθαι
2709 1258 2948 1327 παρέσχε
2990 1257 3250 1324 θαλάσσῃ.
3291 1251 3398 1317 *Ης
3448 1252 3850 1314 ἐκλελοιπυίας,

2300 1349 2510 1416 ἀνάγκη
2545 1348 2637 1399 καὶ
2680 1348 2775 1409 τὰς
2806 1348 3000 1416 νήσους
3032 1347 3124 1400 τοῦ
3155 1343 3293 1399 εἶναι
3329 1346 3522 1412 νήσους
3552 1342 3849 1410 ἀποδιδρά-

2302 1453 2474 1490 σκειν,
2510 1431 2608 1498 Δίς
2638 1437 2731 1489 καὶ
2761 1437 2828 1488 τά
2859 1437 2960 1506 ὕρη
2995 1436 3108 1501 τῶν
3136 1439 3191 1487 ὲν
3224 1436 3413 1495 αὑταῖς
3444 1432 3551 1485 ἀπὸ
3588 1431 3693 1482 τῶν
3735 1446 3848 1481 πε-

2302 1526 2520 1594 ριγείων
2587 1524 3015 1593 μετεωρισθέντα
3071 1524 3428 1594 φρονημάτων
3493 1519 3852 1586 ἀνθρωπίνων

2300 1613 2771 1682 συνηφανίσθησαν
2803 1618 2866 1683 τῇ
2897 1614 3001 1666 τῶν
3033 1614 3292 1666 συνοίκων
3322 1610 3700 1679 παραζηλώσει
3731 1608 3850 1658 τῶν

2297 1703 2358 1754 τὸ
2395 1702 2675 1773 χαμερπὲς
2705 1704 3124 1770 δυστυχούντων,
3171 1703 3263 1755 καὶ
3299 1697 3361 1753 τὸ
3406 1701 3604 1770 ὑψηλὸν
3632 1698 3725 1750 καὶ
3751 1697 3850 1747 οὐ·

647 1788 1026 1852 lialiitantium,
1059 1787 1151 1857 qui
1182 1789 1471 1843 infeliciter
1510 1789 1657 1841 humi
1692 1789 2111 1853 decumbebant,
2140 1797 2192 1842 et
2225 1782 2246 1838 Ι

2299 1791 2481 1862 ράνιον
2514 1793 2763 1861 φρόνημα
2800 1791 3231 1845 ἀπολωλεκότων.

645 1879 928 1932 sublimem
959 1892 1021 1932 ac
1050 1878 1322 1931 caelestem
1357 1878 1695 1946 prudentiam
1725 1879 2088 1946 perdiderant.

717 1967 783 2018 Et
821 1968 1016 2034 grando
1046 1983 1236 2036 magna
1286 1964 1550 2019 descendit
1592 1970 1656 2019 de
1684 1968 1832 2020 ccelo.
1861 1967 2188 2021 Grandinem

642 2075 671 2112 e
717 2059 855 2112 cmlo
911 2056 1202 2112 deﬂuxisse
1249 2057 1398 2121 dicit,
1435 2066 1692 2125 tanquam
1737 2058 1942 2111 illatam
1993 2074 2023 2110 a
2081 2057 2190 2111 Deo

644 2151 799 2203 iram.
834 2147 1040 2200 Talenti
1074 2161 1200 2201 vero
1240 2147 1499 2214 pondere,
1533 2147 1634 2200 hoc
1687 2155 1770 2200 est
1797 2156 2190 2200 consummata:

641 2254 674 2306 p
713 2237 1008 2298 rl‘ectionis,
1040 2245 1260 2303 propter
1287 2250 1569 2289 excessum
1617 2237 1913 2289 maximum
1957 2237 2008 2288 in
2062 2251 2190 2303 pec-

643 2323 799 2387 catis,
833 2322 916 2375 cui
952 2322 1115 2375 etiam
1159 2321 1593 2390 correspondens
1631 2323 1924 2377 adductum
1977 2336 2191 2392 quoque
2240 2361 2244 2366 -

640 2424 720 2466 est
747 2410 1066 2479 supplicium
1101 2410 1168 2463 ad
1194 2411 1631 2464 conversionem.

1213 2499 1437 2554 CAPUT
1484 2500 1615 2554 LIII.

645 2611 806 2681 789
839 2611 908 2663 De
932 2626 1032 2681 uno
1066 2626 1132 2681 ea:
1155 2611 1562 2681 septeinqangelis
1589 2611 1678 2675 qui
1701 2609 2193 2681 ostenditEvange-

734 2683 844 2732 ista:
863 2679 1239 2731 subversionem
1259 2679 1484 2730 civitatis
1508 2681 1811 2742 nter-etricis,
1843 2689 1887 2731 et
1910 2679 1971 2733 de
1999 2692 2190 2747 septem

711 2749 964 2815 capitibus
997 2748 1267 2816 decemque
1295 2747 1559 2800 cornibus.

711 2924 867 2988 XVII,
903 2924 1010 2977 1-5.
1061 2923 1126 2975 Et
1161 2925 1294 2976 venit
1317 2938 1448 2976 unus
1469 2925 1531 2975 de
1555 2931 1743 2990 septem
1769 2921 1966 2990 angelis
1995 2922 2190 2990 qui/ia-

2362 1971 2467 2022 Καὶ
2497 1967 2721 2036 χάλαζα
2741 1968 2969 2037 μεγάλη
2993 1967 3326 2021 καταϐαίνει
3352 1966 3416 2019 ἐκ
3442 1961 3547 2016 τοῦ
3562 1949 3846 2029 οὐρανοῦ.

2291 2060 2403 2128 Τὴν
2446 2060 2685 2129 χάλαζαν
2727 2058 3014 2128 οὐρανόθεν
3061 2055 3428 2127 κατερράχθαι
3464 2053 3625 2123 φησὶν
3651 2052 3724 2112 ὡς
3748 2050 3847 2101 θε-

2291 2150 2491 2219 ήλατον
2515 2149 2706 2217 ὀργήν.
2734 2148 2808 2200 Τὸ
2829 2148 2883 2200 δὲ
2903 2147 3261 2211 ταλαντιαῖον,
3291 2144 3351 2196 τὸ
3372 2143 3596 2204 τέλειον,
3621 2140 3708 2192 διὰ
3737 2138 3845 2206 τὴν

2290 2240 2348 2291 ἐν
2375 2240 2492 2299 ταῖς
2522 2236 2815 2304 ἁμαρτίαις
2847 2235 3141 2305 ἀκρότητα,
3239 2231 3520 2300 ἐνάμιλλον
3546 2229 3636 2282 καὶ
3677 2230 3711 2297 ὴ
3752 2243 3845 2279 τι·

2294 2327 2471 2396 μωρία
2499 2326 2632 2393 πρὸς
2659 2325 2988 2394 ἐπιστροφὴν
3027 2321 3419 2391 ἐκκαλουμένη.

2863 2497 3106 2551 ΚΕΦΑᾹ.
3135 2495 3257 2552 NI".

2293 2608 2432 2673 Περὶ
2465 2607 2567 2660 τοῦ
2593 2607 2730 2670 ἐνὸς
2767 2607 2884 2658 τῶν
2907 2607 3054 2659 ἑπτὰ
3088 2605 3354 2672 ἀγγέλων
3385 2571 3874 2673 δεικνύντος-τῷ.

2357 2670 2769 2743 Εὑαγγελιστῇ
2794 2676 2907 2743 τὴν
2935 2674 3042 2739 τῆς
3069 2670 3298 2743 πόρνης
3312 2675 3553 2743 πόλεως
3579 2670 3845 2743 {adtigit-:-

2359 2736 2605 2824 mriéai
2639 2736 2770 2809 περὶ
2802 2736 2917 2794 τῶν
2944 2736 3092 2794 ἑπτὰ
3107 2736 3400 2809 κεραιῶν,
3431 2740 3527 2792 καὶ
3552 2737 3669 2791 τῶν
3693 2736 3846 2788 δέκα

2361 2828 2642 2878 κερατων.

2362 2923 2470 2976 Καὶ
2504 2918 2690 2991 ἦλθεν
2715 2917 2802 2986 εἷς
2826 2922 2893 2975 ἐκ
2920 2922 3036 2975 τῶν
3064 2921 3211 2974 ἑπτὰ
3237 2920 3504 2989 ἀγγέλων
3531 2918 3648 2971 τῶν
3672 2918 3850 2985 ἐχόν-

640 3014 785 3065 bebat
821 3022 1010 3078 septem
1045 3012 1274 3078 phialas,
1307 3020 1351 3062 et
1371 3010 1573 3062 locutus
1605 3019 1680 3062 est
1711 3025 1928 3073 mecum,
1965 3011 2136 3061 dicens
2171 3021 2190 3058 :
2219 3041 2246 3097 ί

2297 3032 2409 3067 των
2441 3013 2544 3078 τὰς
2582 3013 2729 3065 ἑπτὰ
2777 3012 3014 3080 φιάλας,
3063 3013 3159 3064 καὶ
3204 3010 3468 3076 ἐλάλησε
3511 3010 3636 3077 μετ’
3695 3007 3848 3075 ἐμοῦ

651 3101 798 3164 Veni,
821 3101 1088 3152 ostendam
1114 3099 1206 3151 tibi
1242 3099 1502 3166 judicium
1527 3099 1812 3151 meretricis
1845 3113 2047 3166 magna:
2077 3112 2191 3164 quae

639 3193 777 3245 srdet
805 3206 956 3256 super
984 3205 1147 3256 aquas
1166 3193 1506 3249 multas,cum
1530 3204 1631 3255 qua
1656 3188 1875 3239 scortuti
1905 3197 2023 3239 sunt
2054 3202 2192 3254 rcges

641 3296 811 3342 terrm,
869 3291 912 3330 et
970 3280 1211 3330 inebriati
1263 3288 1383 3330 sunt
1433 3279 1523 3343 qui
1568 3276 1804 3328 habitant
1856 3277 1910 3327 in
1959 3287 2096 3327 terra
2131 3277 2193 3328 de

643 3374 757 3421 rino
806 3366 1188 3432 prostitutionis
1235 3365 1368 3430 ejus.
1411 3362 1473 3414 Et
1517 3362 1728 3412 abstulit
1785 3379 1862 3414 me
1918 3363 2103 3429 spiiim
2140 3364 2192 3412 in

642 3461 899 3510 desertum
927 3471 943 3507 .'
977 3469 1020 3506 et
1058 3455 1160 3506 ridi
1192 3455 1456 3505 mulierem
1495 3454 1750 3504 sedentem
1783 3468 1938 3518 super
1981 3453 2193 3504 bestiam

641 3526 953 3604 coccinemn,
981 3544 1188 3608 plenam
1215 3541 1509 3593 nominibus
1545 3541 1898 3609 blasplteiniw,
1927 3543 2192 3594 habentem

642 3641 810 3708 cupito
839 3648 1026 3706 septem
1058 3648 1104 3690 ct
1140 3651 1336 3689 cornua
1367 3636 1567 3689 decem.

708 3899 976 3955 Judicium
1001 3908 1156 3951 vocat
1189 3897 1399 3950 vivendi
1429 3899 1645 3950 modum
1666 3912 1728 3951 ac
1752 3897 2184 3967 dispositionem.

645 3993 976 4046 Meretricem
1017 4003 1142 4041 vero
1176 4003 1278 4039 non
1334 3987 1467 4039 adeo
1515 3988 1899 4040 convenienter
1953 3998 2190 4041 veterem

645 4080 866 4132 Romani
889 4075 1183 4141 intelligere
1204 4074 1483 4135 debemus,
1523 4073 1664 4125 sicut
1689 4083 2003 4140 praesentem
2034 4089 2192 4125 mun-

643 4173 793 4231 dum,
853 4167 942 4235 qui
996 4173 1047 4216 et
1115 4161 1494 4214 innumerabili
1546 4162 1810 4228 sanguine
1859 4171 1911 4213 et
1950 4161 2194 4226 pluribus

645 4261 858 4327 regibus
917 4254 1156 4306 abundat
1220 4265 1380 4317 quam
1437 4251 1626 4310 Roma,
1659 4260 1716 4300 ut
1763 4249 1854 4316 qui
1912 4250 1978 4301 ab
2043 4251 2196 4302 initio

2294 3104 2518 3169 λέγων·
2554 3101 2735 3167 Δεῦρο
2767 3101 2941 3162 δείξω
2973 3115 3071 3152 σοι
3121 3098 3186 3152 τὸ
3237 3097 3413 3166 κρῖμα
3460 3097 3568 3162 τῆς
3615 3095 3848 3161 πόρνης

2291 3188 2399 3254 τῆς
2452 3188 2754 3254 μεγάλης,
2801 3186 2907 3251 τῆς
2959 3185 3302 3254 καθημένης
3341 3184 3579 3236 ἐπὶτῶν
3609 3181 3849 3237 ὑδάτων

2294 3277 2559 3337 πολλῶν,
2615 3277 2742 3343 μεθ’
2783 3272 2856 3343 ἧς
2900 3276 3274 3341 ἐπόρνευσαν
3318 3278 3370 3326 οὶ
3403 3273 3681 3336 βασιλεῖς
3730 3271 3849 3336 τῆς

2292 3366 2426 3433 τῆςν
2463 3366 2559 3417 καὶ
2607 3366 3022 3432 ἐμεθύσθησαν
3054 3369 3107 3417 οἱ
3144 3364 3554 3426 κατοικοῦντες
3587 3363 3696 3427 τὴν
3722 3360 3850 3427 γῆν

2292 3458 2359 3509 ἐκ
2389 3457 2493 3509 τοῦ
2527 3457 2693 3508 οἴνου
2732 3455 2838 3521 τῆς
2865 3457 3142 3521 πορνείας
3169 3455 3373 3520 αὐτῆς.
3410 3454 3513 3506 Καὶ
3541 3451 3848 3519 ἀπήγετκέ

2288 3564 2364 3614 με
2403 3548 2488 3610 εις
2533 3543 2752 3613 ἔρημον
2781 3546 2848 3596 ἐν
2891 3546 3198 3612 πνεύματι,
3251 3544 3346 3596 καί
3398 3539 3558 3596 εἶδον
3589 3540 3846 3609 γυναῖκα

2295 3635 2639 3702 καθημένην
2663 3633 2758 3686 ἐπὶ
2789 3634 2991 3698 θηρίον
3007 3633 3306 3688 κόκκινον.
3333 3631 3510 3698 γέμον
3537 3626 3847 3695 ὀνομάτων·

2290 3726 2704 3794 βλασφημίας,
2763 3724 2907 3791 ἕχον
2959 3723 3222 3790 κεφαλὰς
3278 3722 3423 3773 ἑπτὰ
3475 3718 3573 3772 καὶ
3625 3717 3847 3784 κέρατα

2294 3819 2458 3870 δέκα.

2363 3911 2553 3979 Κρίμα
2611 3908 2707 3978 τὴν
2756 3908 3024 3977 διαγωγὴν
3071 3908 3162 3959 καὶ
3210 3906 3310 3976 τὴν
3344 3903 3604 3971 διοίκησιν
3662 3900 3840 3953 καλεῖ.

2297 4001 2504 4069 Πόρνην
2531 4000 2586 4051 δὲ
2608 4000 2706 4067 οὐχ
2730 3998 2871 4051 οὕτω
2895 3998 2992 4067 τὴν
3024 3996 3256 4048 παλαιὰν
3286 3994 3502 4062 Ῥώμην
3532 3995 3842 4043 ἐπιτευκτι-

2295 4089 2406 4149 κῶς
2437 4089 2540 4155 χρὴ
2582 4087 2821 4147 ἀκούειν,
2866 4087 2938 4147 ὼς
2973 4087 3063 4137 τὸν
3096 4085 3335 4151 παρόντα
3385 4081 3607 4148 κόσμον,
3647 4079 3703 4138 ὃς
3745 4078 3846 4128 καὶ

2297 4176 2523 4242 αῖμασιν
2558 4175 2857 4243 ἀμυθήτοις
2904 4176 2998 4225 καὶ
3049 4171 3322 4240 βασιλεῦσι
3366 4169 3570 4220 πλείοσι
3623 4165 3847 4231 Ῥώμης

2300 4264 2700 4331 ἐνευθηνεῐται,
2759 4265 2833 4325 ὡς
2882 4264 2939 4327 ἐξ
2998 4262 3174 4331 ἀρχῆς
3223 4258 3512 4327 κεκρικότα
3572 4253 3847 4322 πορνικῶς

643 4352 915 4419 judicatus
945 4345 1015 4394 sit
1041 4340 1329 4392 l‘orniraric
1355 4354 1533 4403 agere,
1559 4338 1966 4392 fornicationem
1990 4340 2195 4407 agendo
2230 4356 2246 4409 ι

2298 4355 2618 4417 διακεῖσθαι,
2652 4353 2903 4422 πορνείας
2930 4352 2988 4403 οὐ
3011 4352 3107 4419 τῆς
3135 4351 3360 4416 αἰσχρᾶς
3395 4344 3706 4414 συμπλοκῆς
3735 4342 3844 4392 τῶιν

652 4453 756 4489 non
790 4445 997 4498 turpem
1035 4429 1377 4481 solummodo
1408 4443 1697 4496 corporum
1736 4430 2196 4492 commistionem,

651 4525 1003 4579 verumetiam
1041 4535 1254 4573 omnem
1284 4535 1312 4572 a
1362 4519 1470 4572 Deo
1502 4520 1940 4573 declinationem.
1971 4520 2197 4584 Quidam

653 4636 778 4671 vero
800 4616 889 4668 alii
908 4621 1225 4682 prmsentem
1243 4612 1619 4664 revelationein
1635 4612 2005 4676 discutientes,
2023 4628 2195 4665 inere-

656 4713 841 4762 tricem
878 4705 1212 4773 interpretati
1247 4713 1368 4756 sunt
1405 4713 1635 4755 veterem
1677 4702 1925 4765 Romam,
1951 4714 2044 4757 aut
2075 4705 2195 4758 uni—

2304 4445 2572 4513 σωμάτων
2637 4444 2800 4512 μόνης
2843 4441 3154 4509 νοουμένης,
3197 4438 3328 4492 ἀλλά
3384 4436 3474 4488 καὶ
3517 4435 3693 4501 πάσης
3736 4431 3848 4482 ἀπ’)

2303 4533 2437 4584 θεοῦ
2473 4531 2787 4591 ὲκκλίσεως.
2829 4531 3042 4598 "Erepsi
3074 4529 3130 4579 δέ
3160 4543 3298 4588 τινες
3348 4526 3452 4577 τῶν
3482 4523 3577 4592 τὴν
3623 4536 3836 4590 προκειο

2307 4624 2476 4692 μένην
2540 4621 2876 4688 ἀποκάλυψιν
2929 4617 3406 4686 ἐπισκεψαμένων,
3473 4615 3676 4682 πόρνην
3740 4611 3844 4678 τὴν

2302 4715 2541 4768 παλαιάν
2574 4714 2933 4782 ὑπειλήφασιν
2974 4711 3213 4778 Ῥώμην,
3243 4708 3275 4776 ἢ
3317 4709 3413 4776 τὴν
3439 4703 3556 4758 καθ’
3581 4704 3700 4757 ὅλου
3753 4701 3850 4769 βα-

656 4799 857 4851 urrsale
899 4812 1118 4861 regnum
1154 4795 1296 4860 quod
1342 4796 1405 4846 ad
1451 4795 1744 4846 secundum
1777 4810 1944 4861 usque
1991 4795 2202 4848 Domini

2305 4804 2507 4856 σιλείαν
2540 4805 2702 4873 μέχρι
2731 4804 2829 4870 τῆς
2857 4801 3110 4868 δευτέρας
3139 4798 3568 4868 παρατείνουσαν
3606 4793 3697 4847 τοῦ
3733 4795 3845 4844 Κυ-

663 4893 950 4944 adventum
1001 4885 1337 4952 protenditur
1368 4904 1378 4935 :
1414 4900 1583 4951 aquas
1623 4899 1747 4935 vero
1787 4897 1971 4951 gentes
2009 4886 2202 4952 quibus

2307 4897 2423 4964 ρίου
2472 4895 2790 4962 παρουσίας
2819 4893 2987 4944 ὕδατα
3017 4891 3071 4941 δὲ
3107 4890 3171 4940 τὰ
3202 4889 3348 4956 ἔθνη,
3385 4882 3458 4939 ὧν
3488 4887 3643 4955 ἄρχει
3670 4900 3724 4934 τε
3752 4882 3849 4933 καὶ

659 4988 885 5049 imperat
924 4985 976 5026 et
1009 4975 1308 5041 imperabit,
1331 4976 1381 5024 in
1409 4975 1604 5039 quibus
1633 4974 1796 5024 robur
1836 4989 1991 5027 suum
2034 4976 2202 5026 collo-

657 5085 760 5125 rat.
800 5067 948 5132 Quod
977 5072 1157 5116 autem
1185 5078 1350 5126 aquas
1374 5063 1437 5112 ad
1468 5071 1652 5128 gentes
1690 5063 1893 5113 referre.
1923 5065 2205 5117 consuevit

662 5163 960 5229 Scriptura,
998 5155 1118 5208 audi
1178 5153 1272 5202 Dei.
1305 5154 1697 5219 progenitorem
1749 5153 1837 5218 qui
1892 5154 2017 5204 illud
2057 5156 2198 5220 quod

659 5255 731 5303 ait
761 5270 772 5303 :
808 5270 823 5299 ι
861 5250 902 5298 Α
934 5245 1157 5297 vocibus
1193 5258 1451 5308 aquarum
1489 5242 1777 5293 multarum
1795 5242 1861 5304 ⁸⁸,
1899 5263 1914 5291 i
1941 5242 2005 5293 de
2030 5245 2196 5308 genti-

663 5352 758 5395 ιειιε
794 5337 1056 5404 intelligit.

729 5459 770 5487 9“
798 5454 934 5505 I’sal.
965 5465 1091 5512 χρη,
1111 5449 1164 5499 4.

731 5570 838 5635 (Ἦ)
872 5566 1123 5632 Gregorii.

735 5639 840 5701 uss;
879 5636 992 5686 "ou
1100 5635 1160 5685 τὰ

2303 4987 2475 5053 ἄρξει,
2507 4987 2592 5038 ἐπ’
2645 4983 2820 5036 αὐτῶν
2853 4981 2945 5033 τοῦ
3003 4979 3244 5049 ίδρύσθαι
3293 4979 3350 5030 τὸ
3383 4977 3578 5046 κράτος
3625 4973 3844 5041 ἔχουσα.

2303 5076 2426 5126 ’Ὁτι
2457 5077 2512 5128 δὲ
2559 5076 2624 5126 τὰ
2653 5075 2818 5126 ὕδατα
2845 5074 2922 5132 εἰς
2954 5071 3077 5139 ἔθνη
3129 5072 3161 5137 ἡ
3191 5069 3308 5120 θεία
3338 5066 3526 5135 Γραφὴ
3552 5062 3686 5116 οἶδεν
3716 5061 3850 5111 ὑπο-

2310 5165 2542 5226 ϐάλλειν,
2599 5167 2827 5218 ἄκουσον
2878 5161 2989 5229 (58)
3032 5161 3123 5212 τοῦ
3175 5159 3491 5225 θεοπάτορος
3523 5155 3608 5218 τὸ,
3646 5171 3662 5202 ι
3716 5147 3852 5202 Ἀπὸ

2312 5256 2501 5323 φωνῶν
2530 5257 2736 5310 ὑδάτων
2767 5255 2992 5317 πολλῶν,
3037 5273 3054 5303 i
3085 5254 3160 5315 είς
3208 5252 3354 5313 ἔθνος
3398 5229 3849 5301 ἐκλαμϐάνοντος.

1220 5633 1377 5685 ὕδατα
1428 5629 1502 5688 εἰς
1553 5625 1678 5692 ἔθνη
1714 5623 2008 5689 λογιστέον,
2051 5627 2300 5688 ἄκουσον,
2336 5635 2441 5682 etc.
2474 5626 2620 5699 vulg.
