4126 6332
314 350 414 410 717

1349 351 1717 410 COMMENT.
1744 315 1837 408 tv
1879 351 2390 412 APOCALYPSIN.

3368 354 3475 413 738

384 459 516 513 Μεθ’
549 455 622 528 ἧς
651 460 1020 527 ἐπόρνευσαν
1062 465 1114 512 οἱ
1159 461 1429 524 βασιλεῖς
1484 461 1590 526 τῆς
1630 460 1757 527 γῆς.
1787 463 1825 511 Ο

1880 467 1919 520 Α
2019 461 2147 514 Cum
2180 480 2282 529 qua
2325 463 2543 516 scortati
2569 472 2689 516 sunt
2738 480 2876 532 reges
2905 473 3074 516 terrai.
3115 463 3281 532 Reges
3327 476 3476 517 ωτι-ιε

311 549 548 617 βασιλεῖς
581 550 678 616 τῆς
721 551 819 616 γῆς
876 544 1018 601 οὗτοί
1052 553 1184 601 εἰσιν
1215 553 1260 602 oi
1293 551 1494 618 γηΐνοις
1539 551 1840 617 φρονήμασι

310 637 449 702 πρὸς
485 637 544 686 τὸ
576 637 835 704 συρφετὸν
867 637 956 687 τοῦ
990 639 1248 705 παρόντος
1291 637 1400 704 βίου
1436 635 1840 688 κατακυλισθέν-

305 742 420 787 τες.
463 727 525 778 Oi
552 727 595 778 δ’
626 727 777 778 αὐτοὶ
807 728 898 778 καὶ
930 726 1318 794 ἐμεθύσθησαν,
1346 726 1419 794 τῷ
1462 726 1532 792 μὴ
1560 727 1620 775 ὲκ
1645 726 1840 792 μικρᾶς

306 801 403 869 καὶ
435 819 532 887 τῆς
561 822 821 888 τυχούσης
849 824 1108 888 χρήσεως,
1156 820 1270 871 ἀλλ’
1312 822 1372 872 ἐκ
1397 820 1585 870 πολλοῦ
1612 819 1703 870 τοῦ
1744 837 1838 871 πε-

308 909 536 978 ριόντος,
565 908 934 978 ἐμφορηθῆναι
964 912 1054 976 τῆς
1093 909 1359 971 ἀσεϐείας.

379 997 483 1048 Καὶ
516 995 809 1062 ἀπήνεγκέ
832 1014 905 1064 με
947 999 1028 1061 εὶς
1061 997 1277 1064 ἔρημον
1307 999 1372 1048 ἐν
1413 996 1716 1062 πνεύματι.
1735 996 1842 1060 Τὴν

304 1084 571 1150 ἐσομένην
597 1083 652 1133 ὲν
680 1082 792 1142 τοίς
835 1086 1214 1151 πνευματικοῖς
1254 1084 1530 1151 ἐρήμωσιν
1568 1084 1598 1149 ὴ
1646 1081 1842 1150 θεωρία

302 1172 622 1234 αἰνίττεται,
656 1173 720 1239 ἣν
744 1173 816 1234 ὡς
847 1175 1072 1239 γυναῖκα
1097 1174 1218 1224 ἰδεῖν
1246 1190 1372 1239 φησι
1394 1171 1841 1240 διατεθηλυμένην

300 1265 398 1331 καὶ
424 1262 496 1322 ὡς
531 1261 731 1330 πόρνην
768 1264 859 1314 καὶ
885 1261 1162 1331 ἄνανδρον,
1198 1263 1360 1332 μηδὲν
1388 1263 1612 1328 ἔχουσαν
1643 1278 1841 1328 σωφρο-

298 1352 471 1417 σύνης
506 1351 807 1420 γνώρισμα.
858 1353 928 1405 Τὸ
962 1353 1015 1405 δὲ
1051 1357 1104 1404 ὲν
1152 1353 1415 1422 πνεύματι
1461 1333 1838 1420 ἀπενεχθῆναι,

299 1442 356 1491 τί
391 1443 453 1491 ἂν
481 1440 604 1492 ἄλλο
637 1443 968 1509 σημαίνοιεν,
1004 1443 1034 1510 ἢ
1068 1443 1126 1494 τὸ
1173 1442 1246 1512 μὴ
1303 1442 1694 1511 πραγματικῶς
1725 1442 1839 1492 κατ’

299 1534 580 1600 ἐνέργειαν
610 1534 776 1585 ταῦτα
807 1536 957 1602 όρᾷν,
999 1533 1131 1584 ἀλλὰ
1178 1531 1836 1602 θεωρητικῶςὴξιῶσθαη

309 1621 432 1686 Ἀφ’
464 1618 522 1674 οὗ
551 1623 642 1673 καὶ⁵
671 1625 831 1690 ἄλλης
866 1624 1119 1689 γυναικὸς
1155 1623 1376 1689 ῖνδαλμα
1410 1620 1838 1690 χρηματισθῆναι

297 1712 396 1761 ἐπὶ
431 1711 614 1777 θηρίον
642 1713 887 1762 κόκκινον
914 1713 1248 1781 καθημένην,
1283 1715 1509 1775 γυναῖκα
1538 1712 1623 1762 τὸν
1654 1711 1835 1780 καιρὸν

297 1797 423 1845 καθ’
459 1798 516 1847 ὃν
564 1799 731 1850 ταῦτα
787 1799 1088 1864 διεξάγεται
1151 1800 1452 1867 παριστῶν,
1502 1799 1622 1850 καθ’
1658 1799 1714 1850 ὃν
1763 1798 1837 1865 τῷ

293 1885 531 1954 δεαῦόλῳ
555 1890 646 1938 καὶ
677 1891 964 1957 αἱμοχαρεῖ
983 1889 1158 1957 (τοῦτο
1177 1889 1280 1956 γὰρ
1304 1889 1362 1940 τὸ
1388 1890 1630 1938 κόκκινον
1647 1888 1839 1957 χρῶμα

291 1975 492 2040 δηλοῦν
517 1976 786 2042 βούλεται)
818 1979 843 2026 ό
881 1978 968 2027 διὰ
1014 1976 1259 2043 πονηρῶν
1299 1976 1544 2042 πράξεων
1589 1976 1836 2042 ἐνεργούυ

295 2081 463 2128 μενος
491 2064 923 2122 ἐπαναπαύεται,
954 2064 1047 2130 τῆς
1074 2064 1335 2128 καθέδρας
1362 2063 1514 2112 τοῦτο
1542 2066 1677 2113 νοεῖν
1713 2064 1838 2114 ὑπο-

291 2152 645 2220 ϐαλλομένης.
706 2154 969 2219 Ὀνόματα
1018 2152 1071 2202 δὲ
1122 2151 1482 2218 βλασφημίας,
1510 2151 1567 2201 τὸ
1597 2150 1672 2218 τῷ
1722 2150 1836 2219 Θεῷ

294 2239 508 2306 πρέπον
544 2241 701 2300 σέῦας
731 2240 805 2308 τῷ
842 2239 1064 2306 διαϐόλῳ
1103 2239 1426 2290 ἀνατιθέναι.

375 2487 473 2537 Καὶ
508 2487 541 2551 ἡ
573 2486 719 2552 γυνὴ
763 2482 840 2554 ἦν
887 2487 1344 2554 περιϐεϐλημένη
1392 2491 1697 2555 πορφύραν
1739 2491 1834 2542 καὶ

289 2576 597 2637 κόκκινον,
646 2576 1064 2643 κεχρυσωμένη
1106 2579 1330 2643 χρυσίῳ
1366 2579 1458 2629 καὶ
1497 2580 1642 2642 λίθῳ
1673 2581 1836 2645 τιμίῳ

289 2661 392 2710 καὶ
443 2665 837 2727 μαργαρίταις,
879 2662 1102 2728 ἔχουσα
1145 2663 1425 2728 ποτήριον
1469 2664 1734 2730 χρυσοῦν
1769 2665 1835 2715 ὲν

290 2748 372 2812 τῇ
429 2751 572 2815 χειρὶ
630 2751 817 2817 αὐτῆς
861 2750 1035 2818 γέμον
1103 2752 1528 2818 ,ϐδελυγμάτων
1579 2755 1673 2805 καὶ
1722 2753 1835 2804 τῶν

285 2838 635 2903 ἀκαθάρτων
651 2840 756 2904 τῆς
779 2839 1049 2904 πορνείας
1074 2839 1180 2905 τῆς
1201 2839 1330 2904 γῆς,
1365 2844 1459 2892 καὶ
1490 2842 1583 2892 ἐπὶ
1609 2843 1671 2892 τὸ
1699 2845 1833 2908 μέτ-

266 2942 460 2976 ιωπον
533 2925 718 2990 αὐτῆς
772 2927 959 2992 ὄνομα
1008 2928 1420 2992 γεγραμμένον,
1468 2930 1830 2993 μυστήριον·

287 3013 578 3064 Βαϐυλὼν
609 3015 642 3076 ἡ
680 3014 926 3079 μεγάλη,
971 3016 1004 3078 ἡ
1040 3014 1225 3079 μήτηρ
1264 3014 1376 3064 τῶν
1415 3015 1699 3080 πορνειῶν
1735 3016 1831 3067 καὶ

1951 550 2000 602 1ιί
2049 561 2194 611 sunt,
2221 553 2309 619 qui
2346 562 2557 604 terreno
2607 568 2766 606 sensu
2807 555 2870 606 ad
2913 555 3150 622 vulgaria
3208 556 3477 621 praisentis

1948 637 2066 688 vine
2097 639 2473 690 devolvuntur.
2510 637 2570 690 lli
2619 649 2796 694 autem
2828 641 2988 694 etiam
3035 641 3280 694 inebriati
3329 654 3472 705 sunt,

1946 739 2010 776 eo
2056 726 2195 792 quod
2253 741 2357 777 non
2403 741 2465 778 ex
2501 727 2716 806 modico
2763 737 2814 779 et
2867 729 3100 793 vulgato,
3134 729 3223 782 scd
3288 744 3476 798 magno

1946 828 2041 866 usu
2071 816 2406 880 prazseutium
2441 816 2702 868 satientur
2737 817 3025 884 impietate.

2015 981 2080 1033 Et
2115 982 2327 1034 abstulit
2363 999 2437 1035 me
2488 984 2672 1050 spiritu
2709 987 2760 1034 in
2808 985 3083 1037 desertum.
3119 985 3276 1052 790
3329 984 3476 1039 Illam

1943 1071 2324 1128 desolationem
2385 1073 2763 1140 contemplatio
2823 1074 3067 1141 designat
3120 1089 3237 1141 qu:e
3297 1073 3475 1127 futura

1942 1168 2021 1212 est
2063 1162 2114 1212 in
2163 1161 2548 1228 spiritualibus,
2589 1177 2748 1230 quam
2782 1177 2840 1216 se
2876 1163 3072 1218 vidisse
3105 1165 3179 1215 ait
3221 1173 3470 1230 tanquam

1944 1248 2237 1313 mulierem,
2295 1266 2480 1319 nempe
2529 1251 2882 1304 effeminatam
2927 1265 2979 1305 ct
3021 1253 3183 1306 veluti
3232 1255 3474 1306 meretri-

1943 1351 2053 1388 cem
2096 1352 2158 1390 ac
2211 1353 2395 1405 parum
2457 1339 2701 1404 virilem,
2764 1341 3071 1409 nullumque
3132 1343 3475 1396 continentiae

1944 1426 2152 1492 signum
2197 1426 2498 1480 habentem.
2526 1429 2691 1481 Porro
2722 1429 2862 1495 quod
2887 1430 3074 1497 spiritu
3104 1433 3348 1486 sublatus
3383 1434 3470 1496 sit,

1943 1514 2068 1582 quid
2112 1515 2255 1566 aliud
2308 1516 2610 1583 significare
2657 1527 2844 1583 potest.
2871 1519 2971 1570 nisi
3023 1522 3162 1587 quod
3209 1522 3319 1573 haec
3368 1538 3473 1573 non

1942 1605 2313 1657 existimentur
2361 1606 2515 1674 digna
2570 1622 2689 1672 quae
2727 1609 2941 1660 realiter
2987 1618 3038 1661 et
3073 1611 3186 1677 ipso
3229 1621 3349 1662 actu
3391 1611 3473 1663 vi-

1942 1694 2188 1758 deantur,
2226 1696 2316 1749 sed
2367 1697 2417 1748 in
2451 1699 2932 1765 contemplatione?
2959 1700 3106 1752 Unde
3145 1702 3301 1753 etiam
3341 1705 3475 1754 alte-

1874 1778 1909 1832 Β
1943 1784 2050 1836 rius
2076 1785 2310 1837 mulieris
2343 1785 2688 1838 simulacrum
2713 1788 2928 1840 oraculo
2955 1789 3308 1856 signiﬁcatum
3356 1807 3476 1845 esse

1939 1871 2189 1935 ostendit,
2258 1887 2377 1939 quze
2419 1887 2578 1939 super
2626 1874 2846 1927 bestiam
2904 1876 3178 1927 coccinam
3237 1877 3472 1940 sedebat,

1942 1959 2218 2012 mulierem
2251 1961 2551 2026 intelligens
2592 1972 2799 2032 tempus
2828 1977 2932 2029 quo
2965 1964 3075 2016 haec
3103 1966 3467 2033 designantur,

1939 2045 1990 2096 in
2025 2061 2130 2113 quo
2156 2047 2197 2098 is
2227 2048 2314 2114 qui
2343 2050 2518 2113 pravis
2545 2051 2843 2104 actionibus
2871 2062 3168 2117 exercetur,
3198 2057 3468 2109 diabolum

1937 2133 2194 2200 sanguine
2219 2137 2530 2202 gaudentem
2557 2137 2702 2204 (nam
2747 2139 2846 2192 hoc
2870 2141 3172 2208 signiﬁcare
3199 2145 3469 2198 vultcolor

1935 2224 2255 2289 purpureus)
2289 2225 2536 2287 oblectat,
2573 2227 2718 2294 quod
2767 2229 3018 2281 cathedra
3066 2232 3466 2301 intelligendum

1935 2307 2189 2373 suggerit.
2220 2307 2445 2363 Nomina
2479 2327 2601 2365 vero
2635 2314 2980 2382 blasphemia:
3007 2319 3277 2384 dicuntur,
3312 2325 3465 2375 attri-

1937 2394 2098 2448 buere
2137 2396 2349 2451 diabolo
2377 2399 2578 2453 cultum
2623 2401 2727 2455 Deo
2752 2404 3008 2459 debitum.

2004 2483 2161 2548 XVII,
2197 2487 2310 2540 4-7.
2343 2487 2409 2540 Et
2428 2490 2613 2543 mulier
2642 2502 2748 2543 erat
2784 2495 3108 2548 circumdata
3153 2513 3382 2565 purpura
3418 2509 3464 2552 et

1933 2575 2156 2638 coccino,
2178 2578 2419 2630 inaurata
2455 2595 2584 2631 auro
2615 2589 2662 2632 et
2693 2582 2862 2648 lapide
2886 2587 3111 2648 preeioso
3136 2601 3181 2639 et
3210 2592 3465 2657 margari-

1935 2665 2021 2725 tis,
2063 2665 2250 2719 habens
2302 2669 2540 2734 poculum
2581 2687 2792 2723 aureum
2821 2674 2872 2724 in
2925 2692 3076 2727 manu
3111 2694 3206 2729 sua
3264 2682 3466 2746 plenum

1933 2753 2399 2808 abominationibus
2433 2767 2479 2810 et
2515 2761 2857 2813 immunditiis
2883 2763 3245 2829 fornicationis
3278 2780 3466 2834 terrm;

1934 2853 1980 2892 et
2013 2859 2164 2909 super
2189 2847 2406 2920 frontem
2438 2865 2586 2900 suam
2614 2868 2793 2904 nomen
2814 2855 3080 2920 scriptum,
3114 2861 3410 2925 mysterium
3446 2876 3464 2912 :

1932 2930 2165 2998 Babylon
2189 2951 2394 3002 magna,
2421 2949 2584 2989 mater
2619 2941 3020 3005 fornicationum
3044 2955 3089 2998 et
3121 2947 3464 3002 abominatio--

1934 3037 2053 3070 num
2079 3030 2246 3075 terra).
2278 3024 2343 3075 Et
2376 3027 2478 3078 vidi
2509 3029 2774 3081 mulierem
2809 3034 3002 3084 ebriam
3052 3041 3299 3104 sanguine
3337 3056 3461 3092 son-

289 3099 413 3152 τῶν
447 3092 868 3168 ,βδελυγμάτων
903 3102 1008 3167 τῆς
1059 3101 1187 3167 γῆς.
1220 3104 1323 3154 Καὶ
1370 3099 1528 3154 εἶδον
1579 3103 1690 3165 τὴν
1725 3120 1827 3170 rv-

1874 3087 1894 3102 η
3149 3087 3209 3104 νη
3261 3087 3292 3090 κν
3339 3087 3427 3092 ἡ--

1874 3122 1895 3140 λ
1931 3118 2147 3173 ciorum,
2195 3111 2257 3162 de
2309 3117 2558 3181 sanguine
2607 3127 2898 3185 martyrum
2943 3121 3087 3175 Jcsu.
3142 3125 3205 3176 Et
3239 3131 3460 3183 miratus

285 3189 468 3240 ναῖκα
494 3190 833 3255 μεθύουσαν
863 3191 962 3242 τοῦ
987 3193 1228 3258 αἵματος
1259 3193 1369 3243 τῶν
1400 3193 1599 3258 ἁγίων,
1621 3194 1687 3246 ἐκ
1723 3195 1825 3247 τοῦ

282 3278 534 3343 αἵματος
586 3279 699 3330 τῶν
723 3281 1031 3346 μαρτύρων
1090 3282 1309 3346 Ἰησοῦ.
1367 3283 1471 3332 Καὶ.
1525 3283 1828 3350 ἐθαύμασα

287 3368 440 3418 ἰδὼν
464 3369 652 3434 αὐτὴν
675 3371 866 3436 θαῦμα
881 3370 1049 3437 μέγα.
1078 3371 1181 3422 Καὶ
1215 3368 1339 3423 εἶπέ
1359 3388 1456 3437 μοι
1486 3376 1517 3424 ό
1543 3373 1789 3442 ἅγγελος
1810 3393 1824 3406 ·

285 3459 393 3509 Διὰ
423 3459 478 3508 τί
496 3460 832 3525 ἐθαύμασας
853 3476 868 3520 ;

363 3547 668 3614 Πορφύρσιν,
709 3548 792 3599 διὰ
824 3549 880 3600 τὸ
914 3551 1029 3600 κατ’
1063 3550 1299 3615 ἐξουσίαν
1327 3551 1398 3612 ὡς
1446 3553 1548 3602 ὑπὸ
1591 3553 1817 3621 βασιλίδι

285 3637 469 3687 πάντα
499 3635 812 3703 τολμᾶσθαι.
847 3640 1130 3703 Κόκκινον,
1165 3640 1250 3692 διὰ
1295 3641 1354 3691 τὸ
1399 3641 1605 3692 πολλῶν
1660 3644 1822 3708 ἁγίων

282 3727 496 3789 αἰματα
530 3727 820 3791 ἐκκεῖσθαι.
854 3728 1251 3794 Κεχρυσωμένη
1274 3729 1347 3788 δὲ,
1385 3731 1475 3778 καὶ
1506 3729 1706 3798 χρυσίῳ
1730 3734 1822 3783 καὶ

282 3813 421 3879 λίθῳ
446 3815 606 3880 τιμίῳ
626 3813 718 3863 καὶ
740 3816 1118 3880 μαργαρίταις,
1144 3816 1223 3863 ὅτι
1264 3815 1334 3875 ὡς
1360 3816 1600 3881 βασιλίδα
1619 3819 1646 3867 ὁ
1670 3820 1820 3883 λόγος

278 3899 487 3966 ταύτην
531 3901 721 3964 κοσμεῖ
757 3899 944 3965 κόσμῳ
997 3899 1267 3966 βασιλείῳ.
1317 3902 1533 3964 Μεταξὺ
1566 3905 1669 3968 γὰρ
1716 3904 1819 3954 τῶν

280 3988 507 4054 ἀπηνιῖΝ
579 3988 670 4038 καὶ
727 3987 1238 4055 ὲνεξουσιαζομένων
1292 3990 1433 4039 ἔστιν
1482 3994 1666 4060 ἐνορᾷν
1713 3996 1818 4054 τοῖς

280 4075 738 4143 ἐπηρεαζομένοις
765 4074 836 4134 ὡς
869 4074 1084 4142 χρυσίον
1116 4075 1211 4140 μὲν
1246 4076 1527 4141 ἀκίϐδηλον
1557 4077 1817 4128 επινθοῦ-

281 4183 383 4216 σαν
417 4165 510 4233 τὴν
543 4166 678 4216 κατὰ
708 4165 935 4232 Χριστὸν
970 4166 1166 4225 πίστιν,
1200 4164 1271 4226 ὡς
1313 4164 1453 4216 λίθον
1492 4165 1545 4216 δὲ
1579 4167 1812 4234 τιμαλφῆ

277 4256 344 4321 τῇ
379 4251 659 4319 διαφανείᾳ
702 4253 762 4304 τὸ
798 4250 1018 4320 στερρὸν
1047 4250 1234 4303 ἑαυτοῦ
1269 4251 1672 4317 ἐκπομπεύοντα
1707 4256 1814 4312 τοῖς

1928 3213 2040 3248 sum
2067 3215 2180 3250 cum
2203 3202 2418 3253 viderem
2451 3204 2593 3256 illam
2621 3207 2965 3264 admiratione
2997 3230 3201 3279 magna.
3229 3217 3295 3270 Et
3325 3222 3459 3274 dixit

1930 3286 2050 3337 mihi
2085 3290 2294 3356 angelus
2323 3307 2340 3343 :
2374 3292 2546 3354 Quare
2567 3295 2819 3350 miraris?

1995 3544 2258 3613 l’urpura,
2290 3562 2353 3601 eo
2402 3551 2542 3618 quod
2579 3557 2894 3620 potestative
2948 3560 3126 3613 omnia
3179 3564 3371 3618 audeat
3405 3567 3455 3619 in

1925 3635 2138 3686 modutn
2165 3635 2358 3704 regina:
2399 3655 2410 3689 :
2445 3641 2685 3704 coccino,
2719 3658 2784 3696 eo
2821 3647 2962 3713 quod
3010 3651 3296 3705 multorum
3336 3671 3458 3708 san-

1922 3734 2132 3774 czorum
2162 3723 2394 3778 eﬂ‘undat
2434 3730 2746 3796 sanguinem
2777 3752 2789 3787 :
2820 3735 3065 3791 inaurata
3097 3756 3220 3795 vero
3242 3752 3294 3796 et
3320 3762 3452 3799 auro

1920 3820 1972 3860 et
2002 3813 2173 3876 lapide
2195 3815 2430 3878 pretioso
2451 3827 2502 3868 et
2533 3821 2857 3886 margaritis,
2884 3827 3006 3888 quia
3035 3830 3167 3881 hanc
3199 3841 3450 3902 tanquam

1919 3899 2153 3964 reginam
2189 3902 2414 3953 adornat
2471 3920 2648 3957 sermo
2694 3918 2885 3960 ornatu
2933 3916 3096 3980 regio.
3141 3918 3268 3971 Nam
3308 3899 3455 3977 inter

1917 3983 2157 4036 crudeles
2240 3996 2294 4036 ct
2370 3997 2687 4053 potestatem
2751 4008 3062 4051 exercentes
3143 4009 3452 4072 conspicere

1916 4073 2070 4123 datur
2100 4072 2296 4125 Christi
2332 4075 2484 4126 lidem
2517 4084 2768 4144 tanquam
2790 4095 2979 4145 purum
3017 4099 3206 4139 aurum
3239 4089 3448 4161 fulgen-

1917 4167 2038 4222 tem,
2067 4169 2314 4225 tanquam
2350 4163 2573 4230 lapidem
2609 4169 2841 4233 pretiosa
2869 4173 3246 4238 perspicuitate
3270 4189 3448 4232 osten-

1917 4257 2111 4301 tantem
2151 4265 2300 4302 suam
2338 4250 2638 4306 iii-initatem
2682 4255 2762 4308 his
2818 4259 2908 4325 qui
2971 4260 3112 4314 illam
3178 4263 3442 4333 ignorant,

276 4341 579 4407 ἀγνοοῦσιν,
599 4341 672 4402 ὠς
706 4340 1040 4408 μαργαρίτας
1062 4340 1135 4402 δὲ,
1159 4339 1233 4406 τῷ
1249 4341 1308 4389 ἐκ
1328 4343 1424 4404 τῆς
1451 4340 1812 4406 πολυκύμονος

1874 4379 1888 4428 ’
1919 4349 2164 4405 tanquam
2196 4343 2510 4409 margaritas
2533 4359 2659 4396 vero
2693 4357 3021 4414 emergentes
3059 4366 3089 4404 c
3118 4357 3251 4406 mari
3283 4356 3442 4422 hujus

272 4431 370 4481 τοῦ
409 4430 519 4497 βίου
548 4431 654 4481 τῶν
680 4430 994 4498 πειρασμῶν
1025 4429 1294 4497 θαλάσσης
1326 4431 1599 4491 ἀναδῦναι,
1626 4432 1716 4481 καὶ
1737 4432 1810 4498 τῷ

275 4516 528 4585 βασιλείῳ
575 4519 804 4583 Χριστοῦ
847 4518 1169 4585 διαστήματι
1211 4519 1621 4586 ἐναρμοσθῆναι.
1656 4519 1726 4569 Τὸ
1757 4521 1810 4570 δὲ

271 4605 507 4671 χρυσοῦν
536 4606 810 4672 ποτήριον,
838 4606 1066 4674 χρυσοῦν
1089 4608 1184 4674 μὲν
1208 4608 1292 4658 διὰ
1322 4608 1378 4657 τὸ
1414 4608 1500 4658 τὸν
1528 4609 1709 4674 καιρὸν
1739 4610 1808 4670 ὡς

273 4690 529 4758 βασιλείῳ
578 4693 890 4757 κρατεῖσθαι
939 4694 1180 4760 δυνάμει,
1223 4697 1278 4744 ὲν
1324 4699 1385 4763 τῇ
1429 4700 1567 4764 χειρὶ
1613 4698 1687 4757 δὲ,
1723 4698 1807 4749 διὰ

266 4779 332 4828 τὸ
363 4777 583 4846 ἐνεργὸν
627 4779 737 4830 τῶν
788 4781 1204 4847 ὑποτιθεμένων.
1255 4783 1511 4851 Ποτήριον
1565 4786 1619 4836 δὲ
1682 4787 1807 4847 ἴσως

267 4869 348 4927 είς
388 4865 608 4928 ἔνδειξιν
652 4868 732 4918 ὅτι
780 4869 837 4917 οὐ
871 4871 1007 4920 κατὰ
1043 4870 1217 4936 κόρον,
1259 4872 1370 4922 ἀλλ’
1430 4876 1485 4924 ἐν
1536 4875 1660 4943 δίψῃ
1708 4876 1804 4942 τῆς

267 4954 478 5006 ἑαυτῶν
514 4956 782 5016 ἀπωλείας
833 4957 928 5025 τὴν
975 4959 1168 5010 κακίαν
1201 4961 1566 5028 μετέρχονται.
1622 4966 1708 5016 Διὸ
1739 4968 1804 5017 τὰ

269 5043 608 5110 βδελύτματα
649 5045 862 5111 ἑαυτῆς,
898 5047 1158 5108 τουτέστι,
1199 5049 1262 5098 τὰ
1306 5049 1561 5114 βδελυκτὰ
1587 5055 1660 5122 τῷ
1688 5055 1802 5122 Θεῷ

266 5131 674 5199 ἐπιτηδεύματα
705 5132 1023 5197 ἐπλήθυναν,
1047 5129 1124 5192 οἷς
1151 5135 1182 5198 ὴ
1209 5134 1638 5206 φιλαμαρτήμων
1670 5141 1800 5209 πλη-

264 5221 363 5280 οὺς
412 5218 703 5279 ποτίζεται,
734 5218 806 5278 ὼς
850 5219 944 5284 ἡδὺ
974 5221 1115 5286 πόμα
1147 5222 1333 5272 σπῶσα
1383 5224 1478 5291 τὴν
1513 5225 1798 5298 βδελυκτὴν

265 5312 365 5377 τῆς
403 5310 667 5377 ἁμαρτία;
699 5309 861 5376 μέθην
897 5310 989 5360 καὶ
1018 5313 1112 5377 τῆς
1160 5313 1222 5363 ἐκ
1259 5313 1390 5366 Θεοῦ
1430 5317 1676 5383 πορνείας
1703 5320 1798 5386 τὴν

263 5399 585 5466 βεϐήλωσιν.
1666 5413 1669 5417 ’

332 5489 442 5542 Καὶ
471 5487 582 5538 τῶν
617 5488 954 5553 ἀκαθάρτων
997 5488 1098 5554 τῆς
1139 5490 1263 5557 γῆς.
1311 5492 1536 5560 Πορνεία
1587 5498 1703 5564 γῆς,
1736 5499 1782 5548 οἱ

255 5582 370 5641 τοῖς
409 5578 602 5643 γηῖνοις
636 5579 1074 5644 προστετηκότες.
1119 5581 1187 5629 Οὐ
1238 5581 1340 5647 γὰρ
1372 5582 1642 5648 πορνεύειν
1674 5586 1793 5636 ἔδω-

1915 4428 2034 4479 vitae
2057 4430 2302 4495 procellis
2327 4432 2676 4484 tcntationum
2721 4437 2950 4500 agitatae,
2980 4447 3032 4489 et
3066 4441 3211 4508 regio
3240 4442 3438 4498 Christi

1912 4516 2399 4585 diadematiaptari.
2432 4518 2682 4572 Poculum
2713 4532 2888 4574 autem
2919 4539 3139 4582 aureum
3175 4548 3187 4583 :
3219 4547 3436 4588 aureum

1910 4606 2145 4672 quidem,
2200 4624 2263 4660 eo
2313 4609 2453 4676 quod
2523 4618 2729 4677 tempus
2787 4616 2946 4667 veluti
2995 4621 3140 4686 regia
3201 4623 3440 4679 ﬁrmetur

1909 4693 2179 4759 potentia;
2233 4696 2284 4746 in
2314 4711 2472 4748 tnanu
2507 4712 2653 4760 vero,
2691 4711 2907 4769 propter
2937 4706 3091 4775 791
3151 4707 3434 4767 eﬂicacium

1907 4798 2088 4834 eorum
2120 4800 2237 4851 qua:
2275 4795 2583 4839 statuttutur
2615 4805 2629 4852 ;
2677 4793 2927 4858 poculum
2960 4808 3160 4860 autem.
3191 4802 3434 4859 ferrtassis

1906 4873 1968 4924 ad
2029 4875 2413 4928 ostendendum
2452 4880 2593 4944 quod
2635 4896 2737 4933 non
2777 4898 2841 4936 ex
2889 4888 3150 4952 satietate,
3196 4895 3286 4947 sed
3343 4897 3432 4948 siti

1903 4980 2009 5016 sua:
2037 4965 2350 5032 perditionis
2396 4967 2518 5019 vitia
2554 4982 2824 5038 appetant.
2888 4975 3012 5030 ideo
3044 4995 3256 5049 quoque
3307 5001 3432 5038 suas

1903 5053 2323 5109 abominationcs
2343 5059 2850 5128 multiplicaveruut,
2879 5066 2925 5118 id
2949 5077 3049 5130 est,
3075 5073 3428 5128 abominanda

1905 5143 2008 5195 Deo
2058 5143 2251 5207 studia,
2289 5146 2484 5212 quibus
2530 5150 2816 5205 multitudo
2861 5170 3197 5221 peccatorum
3251 5163 3424 5216 amica

1903 5239 2129 5297 potatur,
2159 5249 2277 5300 qua:
2326 5235 2738 5293 abominandam
2781 5246 3314 5310 peccati‘ebrietalem
3371 5261 3425 5305 et

1900 5320 2264 5374 fornicationis
2296 5338 2324 5374 a
2354 5323 2462 5377 Deo
2515 5331 3012 5384 contaminationcm
3049 5335 3227 5388 sorbet
3263 5341 3421 5395 veluti

1897 5425 2111 5462 suavem
2142 5411 2430 5478 potionem.

1966 5497 2031 5549 Et
2107 5498 2450 5552 immunditiis
2494 5503 2851 5569 fornicationis
2917 5515 3085 5558 terrm.
3121 5507 3421 5567 Foruiealio

1899 5602 2050 5645 term
2077 5598 2198 5642 sunt
2231 5589 2280 5640 hi
2310 5592 2400 5656 qui
2440 5593 2665 5644 terrenis
2706 5596 3019 5659 agglutinati
3065 5609 3207 5652 sunt.
3239 5599 3419 5670 Neque
