4126 6332
297 288 399 351 721

1329 293 1707 353 COMMENT.
1748 291 1827 352 IN
1866 291 2385 356 APOCALYPSIN.

3358 300 3462 362 72?

294 404 395 469 τῆς
425 401 548 471 γῆς.
603 422 622 453 ι
656 402 895 456 Τοιοῦτοι
930 404 987 457 δὲ
1016 404 1064 456 οῖ
1106 404 1431 474 ἀστήρικτον
1480 405 1692 474 ιχοντες
1737 403 1833 473 τήν

1934 414 2074 460 terra
2115 408 2181 460 ⁸⁸.
2220 426 2239 459 ι
2291 406 2448 462 Tales
2480 417 2657 461 autem
2689 417 2815 465 sunt
2848 410 2937 479 qui
2968 410 3175 465 firmum
3208 426 3313 463 non
3362 411 3461 464 ha-

296 491 479 558 βάσιν,
509 492 604 546 ἆτε
645 492 721 563 μὴ
752 492 846 546 hri.
882 492 979 562 τὴν
1013 494 1216 561 πέτραν
1254 494 1484 562 Χριστὸν
1515 495 1834 564 τεθεμελιωο

296 588 469 655 μενοι.
494 590 871 658 Θαυμὰσονται
904 590 995 643 οὖν
1013 591 1105 643 καὶ
1134 590 1226 643 νῦν
1245 585 1387 643 οὗτοι
1418 588 1467 642 οἳ
1497 589 1585 641 διὰ
1611 588 1669 640 τὺ
1696 602 1833 655 χαμ-

295 678 462 745 ερπὶς
500 678 619 732 ούδὶ
646 681 711 749 τῇ
748 680 913 749 βίϐλῳ
942 679 1051 749 (59)
1089 680 1194 732 τῶν
1220 678 1432 743 ζώντων
1460 676 1798 747 δγράφησαν.

362 850 429 901 Ai
479 846 625 901 sua
652 850 902 916 κεφαλαί
936 848 1083 902 ἑπτὰ
1131 850 1237 917 ὄρη
1269 848 1449 903 εισίν.
1498 850 1636 917 Ὀρη
1674 849 1834 913 είσὶν,

290 938 429 989 ὅπου
461 938 492 1006 ή
523 939 659 1007 γυνή
698 939 947 1007 κάθηται.
1002 938 1234 990 Γυναῖκα
1262 937 1503 1006 ιφθημεν
1554 939 1835 1007 εἰρηκότες

291 1028 375 1090 ῶς
402 1029 491 1081 τδν
536 1028 770 1097 φθαρτὸν
812 1028 997 1081 τοῦτον
1040 1029 1151 1096 βίον
1175 1028 1306 1097 φησὶ
1355 1028 1519 1097 θῆλυν
1551 1032 1643 1083 καὶ
1672 1031 1835 1100 μηδὲν

291 1117 549 1185 ἀνδρικὸν
580 1116 951 1184 ὲπιφαίνοντα.
993 1119 1133 1188 Ὀρη
1159 1118 1216 1171 δὶ
1252 1118 1347 1172 καὶ
1391 1120 1625 1187 κεφαλὰς
1674 1121 1831 1183 ἑπτὰ,

287 1205 496 1266 τόπους
526 1205 805 1273 ἡγούμεθα
822 1206 881 1259 ιν
906 1207 1141 1276 ὑπεροχῇ
1170 1208 1261 1260 καὶ
1289 1207 1576 1277 δυναστείᾳ
1598 1214 1831 1279 κοσμικῇ

287 1293 422 1354 τοὺς
458 1293 675 1356 λοιποὺς
704 1295 1005 1365 ἐξέχοντας,
1049 1296 1132 1364 ιφ’
1169 1296 1261 1359 οὓς
1300 1299 1439 1351 κατὰ
1490 1300 1711 1369 καιροὺς
1738 1300 1835 1370 τὴν

289 1382 393 1435 τοῦ
418 1384 621 1454 κόσμου
641 1385 913 1453 βασιλείαν
939 1386 1251 1457 ἐστηρίχθαι
1279 1388 1543 1457 Ιγνωμεν.
1579 1390 1665 1453 Ὠς
1689 1390 1839 1459 πρῶ-ι

286 1485 390 1522 τον
422 1472 480 1522 ιν
509 1471 706 1543 Νινευῇ
738 1472 836 1542 τήν
863 1475 971 1526 τῶν
1017 1475 1311 1545 Ἀσσυρίων
1340 1474 1565 1547 [ἀρχήνο
1589 1477 1834 1545 δεύτερον

288 1556 355 1607 ἐν
394 1558 744 1621 Ἐκϐατάνοις
771 1562 870 1630 τήν
896 1562 1094 1631 Μήδων
1141 1563 1455 1645 δυναστείαν
1494 1564 1600 1617 ἀπὸ
1645 1565 1837 1633 ’Δρϐἀ-

286 1657 395 1695 που
428 1648 775 1715 κρατήσασαν
812 1649 923 1701 τῶν
964 1652 1261 1720 Ἀσσυρίων
1307 1651 1464 1723 (60)],
1505 1647 1579 1707 ὧν
1628 1653 1719 1707 τὸν
1748 1653 1835 1721 βαρ

290 1732 455 1785 σιλέα
481 1734 899 1803 Σαρδανάπαλον
929 1741 1202 1811 κρατήσας
1228 1741 1258 1794 δ
1301 1744 1574 1811 Ἀρϐάκης
1598 1745 1831 1799 καθεῖλε.

286 1820 452 1874 Μετὰ
488 1826 708 1889 τούτους
760 1828 819 1880 ὲν
862 1828 1138 1881 Βαϐυλῶνι
1186 1830 1243 1883 τὸ
1308 1820 1585 1884 Χαλδαίων
1638 1834 1836 1900 κράτος

288 1910 607 1979 ὑπερεῖχεν,
633 1907 708 1966 ὧν
736 1914 1203 1985 Ναϐουχοδονόσορ
1229 1918 1257 1969 δ
1285 1916 1532 1985 βασιλεὺς
1558 1918 1839 1971 ἐϐασίλευο

293 2014 416 2053 σεν.
445 1996 576 2055 Εἶτα
603 2002 742 2071 μετὰ
769 2003 869 2071 τήν
900 2003 1100 2057 τούτων
1126 2006 1220 2058 καὶ
1249 2006 1355 2061 τῶν
1383 2006 1580 2075 Μήδων
1606 2009 1835 2062 κατάλυε

286 2104 406 2150 σιν,
436 2091 494 2141 εν
532 2091 757 2153 Σούσαις
792 2092 894 2144 ὕπὸ
933 2094 1114 2159 Κύρου
1156 2094 1256 2162 τῆς
1294 2096 1515 2164 Περσῶν
1562 2096 1836 2165 βασι-λείας

285 2178 715 2249 καθισταμένης,
742 2180 759 2247 Ῐ
769 2182 905 2249 μετὰ
922 2182 976 2233 δι
1004 2184 1101 2251 τήν
1128 2183 1331 2254 ταύτης
1353 2187 1455 2238 ὑπὸ
1489 2186 1835 2258 Ἀλεξάνδρου

284 2268 661 2339 καθαίρεσιν,]
701 2272 733 2338 ή
776 2270 883 2323 τῶν
925 2272 1247 2327 Μακεδόνων
1304 2277 1621 2346 ὑπεισῆλθεν
1667 2280 1829 2351 ἀρχή.

300 2357 404 2407 Ἐκ
436 2358 699 2428 τούτωνή
739 2361 796 2411 ἐν
840 2363 904 2429 τῇ
934 2363 1280 2433 πρεσϐυτέρᾳ
1323 2366 1510 2439 Ῥώμῃ
1552 2368 1657 2421 τῶν
1700 2368 1834 2422 Ῥω-

285 2446 473 2512 μαίων
496 2450 637 2517 ἀρχὴ
663 2452 757 2502 καὶ⁵
784 2450 957 2518 ἰσχὺς,
984 2452 1076 2504 ἐπὶ
1103 2453 1201 2522 μὲν
1224 2456 1529 2523 Αὐγούστου
1562 2460 1835 2531 Καίσαρος

288 2536 440 2603 μετά
468 2538 591 2599 τοὺς
634 2538 820 2609 πρώην
848 2540 1085 2609 βασιλεῖς
1122 2543 1290 2613 αὐτῆς
1319 2547 1410 2597 καὶ
1442 2547 1680 2612 ὑπάτους
1711 2568 1836 2618 μον-

280 2627 621 2694 αρχήσασα,
664 2628 769 2681 ὑπὸ
825 2630 882 2683 δὲ
939 2632 1149 2685 ἀσεϐῶν
1222 2635 1381 2705 μέχρι
1430 2639 1836 2693 Κωνσταντίνου

281 2713 701 2781 κατασχεθεῖσα,
731 2708 805 2767 ὧν
835 2718 973 2785 μετὰ
1011 2720 1110 2788 τὴν
1139 2722 1430 2775 κατάλυσιν
1468 2727 1547 2785 είς
1589 2728 1687 2795 τήν
1714 2729 1839 2780 νέαν

294 2800 523 2869 Ῥώμην
569 2806 633 2857 τὰ
676 2807 782 2858 τῶν
829 2808 1183 2877 φιλοχρίστων
1228 2812 1489 2879 βασιλέων
1534 2819 1833 2887 μετηνέχθη

281 2890 557 2956 βασίλεια.
591 2894 743 2944 Κατὰ
772 2894 941 2964 δὲτὴν
966 2898 1131 2964 αὐτὴν
1158 2899 1385 2962 ῐννοιαν,
1418 2902 1507 2953 καὶ
1540 2904 1665 2966 τοὺς
1698 2907 1836 2958 ἑπτὰ

1932 496 2054 548 bent
2077 495 2503 560 fundamentum,
2528 508 2583 551 ut
2610 500 2701 567 qui
2736 514 2839 553 non
2871 511 2997 555 sunt
3037 501 3277 554 aediﬁcati
3304 518 3461 569 supra

1931 597 2133 653 petram
2162 584 2457 639 Christum.
2484 587 3099 657 Admirabunturigitur
3118 601 3171 642 et
3201 606 3340 642 nunc
3369 591 3461 659 qui

1932 673 1982 727 in
2022 673 2159 728 libro
2179 674 2466 727 viventium
2499 689 2603 727 nun
2643 687 2770 729 sunt
2800 676 3006 744 scripti,
3028 692 3094 731 eo
3124 678 3265 747 quod
3291 686 3463 731 terre-

1930 766 2017 818 nis
2048 766 2207 819 rebus
2241 764 2571 817 mcumbant.
2917 762 2923 767 ’

2000 852 2201 921 Septem
2248 852 2419 920 capita
2468 859 2656 917 septem
2699 860 2892 903 montes
2930 861 3071 905 sunt.
3109 851 3311 908 Iloutes
3339 863 3467 907 sunt

1933 939 2023 992 ubi
2057 939 2247 995 mulier
2272 938 2456 993 sedet:
2484 938 2781 1000 mulierem,
2808 945 2864 989 ut
2887 938 3145 1003 diximus,
3177 942 3459 993 mortalem

1932 1024 2071 1078 hanc
2091 1026 2249 1078 vitam
2267 1026 2360 1085 ait,
2380 1039 2496 1091 qua:
2518 1024 2659 1077 velut
2678 1024 2977 1080 effeminata
2994 1034 3074 1079 est
3092 1038 3143 1079 et
3159 1027 3291 1079 nihil
3309 1028 3462 1080 virile

1929 1113 2321 1167 demonstrans.
2352 1112 2556 1166 Morites
2600 1127 2729 1165 vero
2760 1122 2811 1166 et
2841 1114 3009 1182 capita
3043 1123 3246 1181 septem
3273 1106 3461 1168 existi;

1931 1214 2141 1255 mamus
2167 1201 2281 1255 loca
2312 1215 2432 1255 esse
2464 1201 2517 1253 in
2541 1200 2871 1255 sublimitate
2894 1211 2946 1255 et
2978 1211 3252 1270 potentatu
3312 1218 3464 1256 mun-

1930 1292 2071 1346 dano
2121 1306 2242 1361 qua!
2301 1293 2508 1345 caeteris
2543 1292 2895 1345 eminentiora
2955 1302 3100 1353 sunt,
3149 1292 3202 1345 in
3266 1293 3463 1360 quibus

1932 1381 2093 1435 variis
2139 1381 2475 1447 temporibus
2523 1382 2709 1435 mundi
2752 1381 3031 1448 imperium
3086 1380 3461 1435 conﬁrmatum

1933 1468 2099 1524 fuisse
2118 1469 2468 1539 cognovimus
2500 1486 2513 1521 :
2540 1470 2989 1537 quemadmodum
3026 1470 3256 1538 primum
3309 1470 3464 1537 Assy-

1934 1560 2137 1613 riorum
2166 1561 2216 1612 in
2237 1560 2446 1623 Ninive,
2472 1560 2767 1613 secundum
2802 1560 2855 1612 in
2888 1558 3170 1613 Ecbatanis
3190 1558 3463 1612 Medorum

1933 1649 2229 1718 dynastiam
2278 1665 2399 1718 qua:
2448 1649 2701 1719 Assyrios
2750 1648 2958 1704 Arbace
2995 1649 3130 1704 duce
3165 1652 3459 1718 superavit,

1934 1753 2161 1806 quorum
2210 1721 2387 1805 regem
2442 1738 2865 1807 Sardanapalum
2917 1738 3183 1793 devictum
3234 1740 3464 1791 Arbaces

1931 1825 2147 1881 occidit.
2177 1826 2303 1881 Post
2358 1828 2456 1882 hos
2495 1829 2866 1881 Chaldaeorum
2913 1830 3194 1896 imperium
3246 1831 3299 1881 in
3357 1828 3459 1881 Ba-

1933 1920 2123 1987 bylone
2146 1919 2415 1980 excelluit,
2440 1920 2639 1985 quibus
2668 1920 2964 1985 imperabat
2993 1934 3086 1973 rex
3108 1918 3465 1973 Nabuchodo-

1931 2022 2116 2061 nosor.
2152 2006 2348 2060 Deinde
2380 2016 2499 2075 post
2556 2008 2747 2058 borum
2794 2022 2856 2060 ac
2906 2005 3176 2059 Medorum
3227 2009 3465 2061 eversio—

1929 2114 2075 2160 nem,
2105 2098 2205 2151 sub
2245 2097 2388 2166 Cyro
2447 2111 2668 2165 regnum
2709 2096 2990 2150 Persarum
3030 2097 3082 2149 in
3137 2097 3291 2151 Susis
3340 2112 3469 2151 con-

1932 2191 2199 2256 stituitur;
2230 2188 2386 2258 793
2411 2196 2527 2257 post
2556 2188 2709 2256 cujus
2734 2188 2799 2240 ab
2828 2186 3129 2241 Alexandro
3148 2187 3462 2240 deletionem

1933 2283 2337 2352 subingressum
2362 2288 2443 2333 est
2482 2293 2703 2347 regnum
2734 2276 3098 2331 Macedonum.
3133 2277 3225 2331 His
3248 2291 3465 2330 succes-

1934 2374 2003 2427 sit
2023 2371 2382 2424 Romanorum
2407 2370 2683 2437 imperium
2710 2377 2759 2422 et
2780 2377 3010 2437 potestas
3027 2368 3079 2420 in
3102 2368 3259 2420 veteri
3274 2367 3464 2433 Roma,

1933 2477 2052 2532 qua:
2097 2469 2219 2530 post
2261 2461 2470 2528 priores
2507 2459 2721 2527 quidem
2765 2473 2914 2527 reges
2940 2473 3003 2511 ac
3050 2457 3319 2521 consules,
3343 2472 3464 2510 cum

1934 2552 2035 2607 sub
2064 2554 2299 2619 Augusto
2325 2550 2536 2604 Caesare
2566 2548 2932 2602 monarchiam
2962 2547 3273 2615 accepisset,
3301 2560 3468 2613 usque

1934 2642 2000 2695 ad
2023 2640 2433 2696 Constantinum
2456 2640 2522 2693 ab
2557 2638 2733 2706 impiis
2763 2646 3019 2705 occupata
3041 2646 3141 2698 est,
3176 2645 3297 2703 post
3329 2649 3464 2703 quo-

1936 2744 2055 2783 rum
2092 2728 2492 2783 dissolutionem
2540 2727 2593 2778 in
2630 2740 2821 2779 novam
2864 2725 3089 2777 Romam
3150 2726 3466 2776 translatum

1934 2828 2017 2871 est
2075 2816 2359 2884 imperium
2406 2816 2505 2870 sub
2552 2815 2765 2883 regibus
2816 2815 3086 2868 Christum
3140 2814 3465 2868 colentibus.

1934 2906 2090 2959 Juxta
2141 2905 2387 2958 eumdem
2445 2903 2772 2956 intellectum
2814 2916 3017 2971 septem
3057 2917 3269 2971 quoque
3316 2916 3467 2969 reges

285 2978 541 3046 βασιλεῖς
574 2980 854 3061 εκδεκτέον
875 2984 973 3051 τῆς
1001 2986 1296 3054 ἔναλλαγῆς
1325 2988 1430 3041 τῶν
1456 2994 1643 3057 γενῶν,
1672 2996 1831 3060 ἀρσε-

1930 2992 2220 3061 accipiendi
2250 2999 2396 3054 sunt,
2420 2991 2713 3043 mutatione
2736 2992 2965 3059 generis,
3000 3004 3188 3056 nempe
3216 2990 3466 3041 neutrius

278 3068 467 3131 νικοῦ,
495 3068 657 3134 λέγω,
695 3072 789 3124 καὶ
834 3072 1088 3149 θηλυκοῦ,
1135 3076 1301 3144 μηδδν
1329 3080 1832 3153 παρεμποδιζούσης

277 3156 390 3222 τῆς
432 3156 665 3222 διανοίας
704 3159 798 3230 τήν
840 3164 1161 3232 ταυτότητι,
1195 3167 1243 3216 εί
1294 3168 1411 3219 ius!
1448 3169 1546 3237 μὶν
1586 3171 1833 3239 θηλυκῶς

278 3245 392 3306 τὰς
437 3248 677 3315 κεφαλὰς
724 3253 816 3303 καὶ
850 3253 987 3304 ἑπτὰ
1028 3254 1125 3323 ὅρη
1156 3255 1463 3324 οὐδετέρως,
1515 3259 1745 3313 ἐνταῦθα
1777 3262 1832 3313 δὲ

282 3333 529 3402 βασιλεῖς
550 3338 687 3390 ἑπτὰ
725 3341 1014 3410 ἐσήμανεν.
1065 3343 1229 3397 Ούδδν
1259 3345 1365 3416 γὰρ
1394 3349 1426 3417 ή
1478 3349 1517 3401 Γ
1522 3350 1665 3421 ραφὴ
1707 3354 1832 3422 περὶ

278 3425 493 3479 τούτων
532 3428 688 3481 εἴωθε
719 3432 1179 3499 μικρολογεῖσθαι.

362 3514 468 3566 Καὶ
520 3516 591 3567 τὰ
641 3517 787 3577 δέκα
837 3519 1051 3587 κέρατα
1082 3521 1121 3575 d
1156 3520 1336 3587 εἶδες,
1382 3526 1523 3580 δέκα
1556 3530 1834 3597 ,ϐασιλεῖς

279 3605 477 3666 εισιν,
534 3607 750 3667 οἵτινες
794 3610 1121 3671 ,βασιλείαν
1173 3615 1336 3666 οὔπω
1397 3616 1648 3683 ἔλαϐον,
1695 3620 1834 3674 ἀλλ’

281 3690 578 3750 ἐξουσίαν
629 3695 707 3757 ὡς
757 3698 1038 3765 βασιλεῖς
1078 3702 1219 3763 μίαν
1258 3702 1415 3767 ὥραν
1462 3708 1833 3773 λαμϐάνουσι

282 3778 434 3845 μετὰ
462 3780 565 3832 τοῦ
598 3782 821 3845 θηρίου.
854 3780 1025 3837 Οὗτοι
1048 3787 1193 3851 μίαν
1213 3788 1421 3854 ἔχουσι
1449 3794 1705 3860 γνώμην,
1735 3798 1832 3848 καί

284 3869 405 3935 τὴν
461 3871 713 3936 δύναμιν
778 3871 877 3923 καὶ
936 3874 1220 3935 ἐξουσίαν
1273 3877 1467 3929 αὐτῶν
1523 3880 1603 3943 τῷ
1654 3886 1832 3949 θηρίῳ

284 3958 579 4012 διδόασιν.
624 3956 797 4014 Οὗτοι
826 3962 973 4029 μετὰ
996 3963 1100 4015 τοῦ
1139 3965 1346 4031 ἀρνίου
1382 3971 1828 4037 πολεμήσουσι,

285 4048 390 4102 καὶ
437 4049 501 4102 τὸ
541 4049 751 4116 ἀρνίον
791 4050 1023 4117 νικήσει
1072 4053 1322 4120 αὐτοὺς,
1363 4056 1450 4109 ὅτι
1486 4061 1695 4126 Κύριος
1732 4080 1833 4116 κυ-

284 4140 437 4205 ρίων
464 4138 615 4201 ἐστὶ,
655 4140 751 4192 καί
787 4140 1084 4207 ,βασιλεὺς
1113 4144 1437 4210 βασιλέων,
1480 4150 1576 4201 καί
1612 4154 1667 4203 οὶ
1706 4157 1833 4221 μετ’

285 4230 475 4283 αὐτοῦ
513 4231 720 4295 κλητοί
757 4233 853 4283 καὶ
892 4232 1157 4286 ἐκλεκτοί
1203 4236 1302 4288 καὶ
1340 4241 1559 4291 πιστοί.
1598 4244 1700 4294 Καὶ
1731 4245 1827 4297 λέο

1931 3092 1983 3136 et
2012 3081 2315 3142 masculini.
2344 3080 2549 3134 nullum
2606 3081 2671 3133 ad
2717 3080 3077 3147 intelligentia:
3134 3076 3463 3130 identitatem

1931 3180 2219 3240 praestante
2273 3170 2803 3239 impedimentum,si
2856 3168 2924 3221 ibi
2983 3166 3199 3235 quidem
3252 3174 3456 3233 septem

1933 3273 2139 3317 montes
2175 3278 2367 3333 genere
2419 3262 2716 3317 masculino
2781 3268 2873 3314 aut
2924 3259 3097 3327 capita
3143 3266 3356 3320 neutro,
3384 3257 3468 3309 hic

1932 3363 2108 3407 autem
2139 3362 2339 3421 septem
2371 3367 2523 3421 reges
2552 3350 2851 3405 masculino
2884 3364 3073 3417 genere
3094 3346 3461 3417 signiﬁcavit:

1931 3444 1996 3498 de
2033 3445 2113 3497 his
2136 3445 2275 3497 enim
2298 3442 2576 3508 Scriptura
2606 3440 2737 3492 nihil
2768 3440 2979 3492 curiose.
3025 3438 3255 3491 scrutari
3299 3437 3458 3489 solet.

2000 3532 2161 3594 XVII,
2196 3531 2377 3586 12-15.
2416 3530 2483 3582 Et
2514 3532 2682 3581 decem
2724 3545 2916 3581 cornua
2947 3544 3059 3596 qua:
3088 3528 3259 3580 vidisti
3296 3528 3467 3577 decem

1933 3642 2071 3693 reges
2108 3634 2248 3683 sunt,
2272 3623 2359 3691 qui
2392 3637 2599 3691 regnum
2640 3620 2865 3673 nondum
2900 3628 3223 3686 acceperunt,
3259 3618 3346 3671 sed
3376 3632 3467 3684 ρο-

1934 3724 2165 3767 testatem
2198 3729 2301 3764 una
2322 3714 2449 3763 hora
2482 3721 2733 3777 tanquam
2765 3726 2902 3777 reges
2940 3710 3205 3775 accipiunt
3244 3723 3357 3759 cum
3390 3708 3467 3757 be-

1930 3802 2051 3853 stia.
2073 3800 2141 3852 Ili
2164 3815 2322 3849 unum
2347 3798 2529 3848 habent
2552 3796 2824 3846 consilium
2852 3812 2869 3847 :
2894 3804 2942 3845 et
2966 3796 3205 3845 virtutem
3236 3810 3295 3844 ac
3318 3803 3463 3859 pote-

1929 3896 2115 3938 statem
2142 3901 2286 3937 suam
2304 3885 2476 3936 bestiw
2496 3882 2835 3935 tradiderunt.
2863 3881 2933 3933 Ili
2963 3898 3077 3932 cum
3107 3896 3239 3948 agno
3266 3897 3465 3949 pugna-

1931 3979 2077 4036 bunt,
2109 3982 2156 4025 et
2193 3988 2355 4040 agnus
2391 3972 2551 4023 vincet
2572 3986 2674 4026 eos.
2702 3971 2825 4037 quia
2857 3969 3099 4021 Dominus
3138 3969 3467 4020 dominorum

1929 4077 2002 4119 est
2040 4074 2086 4119 et
2119 4079 2209 4118 rex
2242 4078 2436 4130 regum,
2468 4069 2514 4113 et
2537 4062 2623 4129 qui
2650 4077 2762 4111 cum
2786 4060 2877 4112 illo
2908 4070 3028 4112 sunt
3056 4060 3222 4111 vocati
3250 4068 3297 4111 et
3320 4059 3474 4112 electi

1931 4155 2209 4223 ac'ﬁdeies.
2242 4152 2305 4204 Et
2338 4151 2459 4203 dicit
2490 4150 2612 4202 mihi
2640 4164 2656 4201 :
2688 4148 2846 4218 Aqua:
2882 4165 3007 4219 quas
3039 4149 3213 4201 vidisti
3240 4148 3324 4200 ubi
3352 4164 3467 4199 mu-

1932 4248 2027 4299 lier
2048 4244 2287 4299 meretrix
2315 4242 2475 4304 sedet,
2507 4240 2681 4310 populi
2709 4249 2755 4291 et
2792 4240 2953 4293 turbae
2983 4248 3100 4294 sunt
3131 4247 3181 4293 et
3229 4248 3405 4308 gentes.
3422 4246 3477 4293 et

288 4335 377 4384 ττι
418 4336 555 4385 μοι’
616 4321 689 4373 Τὰ
736 4321 929 4374 ’ὕδατα
976 4321 1011 4374 d
1046 4319 1229 4387 εἶδες,
1285 4326 1381 4378 καί
1424 4330 1457 4394 ἠ
1493 4330 1643 4396 γυνὴ
1674 4330 1744 4387 οὗ
1788 4338 1825 4402 ἠ
1859 4319 1901 4340 υ
1935 4336 2142 4403 (iugum.

284 4407 483 4472 πόρνη
533 4407 814 4475 κάθηται.
850 4411 984 4464 λαοὶ
1034 4413 1128 4464 καί
1168 4412 1334 4481 ὄχλοι
1367 4416 1517 4481 εισι,
1549 4421 1645 4473 καὶ
1686 4424 1828 4491 ἔθνη

287 4492 385 4543 καὶ
420 4491 709 4560 γλῶσσαι.

361 4580 441 4632 Τὰ
492 4581 625 4635 δέκα
668 4586 903 4655 κέρατα,
947 4591 1074 4644 δέκα
1113 4593 1347 4661 βασιλεῖς
1392 4592 1529 4647 εἷναί
1571 4615 1732 4665 φασιν
1769 4602 1831 4650 ἐκ

289 4671 393 4735 τῆς
434 4668 719 4739 Ῥωμαίων
744 4678 915 4748 ἀρχῆς
945 4682 1413 4751 ἀναστησομένους
1444 4686 1502 4735 ὲν
1534 4689 1644 4747 τοῖς
1674 4688 1830 4754 ἐσχά-

288 4774 400 4819 τοις
450 4762 685 4827 καιροῖς,
721 4760 794 4816 ῶν
838 4769 895 4818 ἑν
942 4770 1089 4837 μέσῳ
1118 4771 1146 4821 ὁ
1201 4770 1560 4839 Ἀντίχριστος
1594 4774 1829 4844 ἀναστή-

290 4862 461 4897 σεται.
496 4848 569 4899 Τὸ
620 4850 676 4902 δὲ
717 4853 788 4921 μὴ
830 4855 889 4907 τὸ
926 4856 1105 4907 λαϐεῖν
1151 4858 1341 4919 αὐτοὺς
1380 4858 1669 4925 βασιλείαν,
1715 4863 1829 4915 ἀλλ’

288 4932 539 4996 ἐξουσίαν
569 4935 644 4997 ὡς
701 4937 933 5003 βασιλεῖς
970 4944 1064 4995 καὶ
1112 4943 1239 5011 μίαν
1283 4943 1462 5013 ὥραν
1510 4946 1571 4996 τὸ
1618 4949 1713 5016 μὲν
1757 4950 1831 5013 ὡς

291 5021 529 5089 βασιλεῖς
556 5023 643 5075 διὰ
673 5026 731 5077 τὸ
776 5030 1097 5098 ἀνέδραστον
1135 5033 1226 5083 καὶ
1272 5033 1491 5095 σκιῶδες
1530 5034 1629 5102 τῆς
1678 5036 1826 5105 βασι-

289 5113 437 5174 λείας
467 5113 642 5166 αὐτῶν
670 5131 818 5183 φησιο
852 5119 909 5169 τὺ
930 5119 983 5169 δὲ
1010 5119 1135 5186 μίαν
1155 5122 1302 5189 ῶραν
1333 5122 1466 5189 μετά
1496 5122 1587 5174 τοῦ
1618 5123 1827 5192 θηρίου,

291 5202 475 5273 ῶραν,
526 5203 586 5254 τὸ
634 5202 804 5273 βραχὺ
860 5206 953 5259 τοῦ
1001 5196 1190 5277 χρόνου
1241 5214 1506 5279 παριστᾷν
1549 5212 1829 5283 βούλεται,

362 5359 413 5392 ⁸³
446 5360 547 5413 lsa.
584 5356 729 5421 xiVI,
764 5360 847 5415 18.

359 5499 473 5582 Si?)
502 5501 637 5582 ,Ἑτξι
672 5501 736 5569 τῇ
758 5499 927 5582 time
954 5502 1093 5582 νμιιι-

1998 4592 2193 4645 Decem
2224 4600 2428 4640 cornua
2457 4586 2639 4637 decem
2689 4598 2841 4650 reges
2896 4596 3015 4635 esse
3058 4582 3237 4643 aiunt,
3280 4580 3369 4647 qui
3399 4594 3472 4633 ex

1927 4681 2168 4734 Romano
2192 4674 2415 4741 imperio
2440 4680 2765 4741 consurgent
2795 4670 3076 4739 postremis
3111 4670 3479 4738 temporibus,

1927 4773 1979 4825 in
2004 4783 2236 4839 quorum
2266 4764 2441 4819 medio
2468 4771 2756 4831 consurget
2800 4762 3183 4816 Antichristus.
3224 4762 3339 4814 Non
3369 4775 3467 4813 au-

1926 4868 2031 4915 tem
2085 4862 2161 4913 ait
2200 4870 2291 4911 eos
2332 4868 2554 4923 regnum
2604 4862 2948 4921 accepturos,
2998 4853 3090 4906 sed
3148 4857 3466 4921 potestatem

1936 4958 2188 5018 tanquam
2240 4960 2412 5013 reges,
2450 4944 2611 5011 idque
2654 4958 2757 4996 una
2792 4945 2921 4997 hora
2956 4960 2968 4995 :
3024 4952 3274 5010 tanquam
3316 4952 3468 5004 reges

1936 5054 2087 5101 sane,
2120 5053 2183 5091 eo
2229 5037 2370 5105 quod
2406 5035 2676 5089 infirmum
2707 5042 2757 5088 et
2786 5035 3073 5087 obscurum
3106 5031 3208 5083 erit
3238 5042 3472 5093 regnum.

1934 5144 2157 5193 eorum;
2186 5144 2288 5182 una
2308 5143 2433 5182 vero
2462 5142 2585 5179 cum
2627 5126 2815 5189 bestia,
2852 5126 3033 5177 horam
3065 5120 3343 5185 designare
3369 5131 3464 5169 vo-

1938 5222 2052 5277 lens
2086 5221 2339 5291 temporis
2367 5220 2701 5285 brevitatem,
2746 5220 2855 5273 sive
2886 5215 3009 5272 illud
3043 5225 3149 5281 quo
3177 5208 3304 5263 anni
3334 5206 3468 5261 hora

354 5547 471 5639 (‘60;
502 5547 736 5625 inclusa“
757 5547 841 5627 hic
873 5547 933 5641 οἶ
987 5547 1123 5625 infra
1178 5583 1489 5643 supplentur
1526 5592 1591 5631 ex
1642 5578 1825 5635 codice
1850 5578 2177 5635 Barocciano
2207 5577 2345 5643 apud
2377 5577 2711 5632 Cramcrum.
