  <div class='ocr_page' id='page_1' title='image "/cluster/home/n/w/nwhite01/storage/ocr_20150623/106/pst.000005714162/389.png"; bbox 0 0 4126 6332; ppageno 0'>
   <div class='ocr_carea' id='block_1_1' title="bbox 579 215 684 274">
    <p class='ocr_par' dir='ltr' id='par_1_1' title="bbox 579 215 684 274">
     <span class='ocr_line' id='line_1_1' title="bbox 579 215 684 274; baseline 0 0"><span class='ocrx_word' id='word_1_1' title='bbox 579 215 684 274; x_wconf 80' lang='lat'><strong>723</strong></span> 
     </span>
    </p>
   </div>
   <div class='ocr_carea' id='block_1_2' title="bbox 1400 213 2985 277">
    <p class='ocr_par' dir='ltr' id='par_1_2' title="bbox 1400 213 2985 277">
     <span class='ocr_line' id='line_1_2' title="bbox 1400 213 2985 277; baseline 0.003 -5"><span class='ocrx_word' id='word_1_2' title='bbox 1400 213 1714 272; x_wconf 74' lang='lat' dir='ltr'><strong>ARETILE</strong></span> <span class='ocrx_word' id='word_1_3' title='bbox 1750 215 2116 273; x_wconf 63' lang='lat' dir='ltr'><strong>QESAREE</strong></span> <span class='ocrx_word' id='word_1_4' title='bbox 2153 217 2614 277; x_wconf 70' lang='grc' dir='ltr'><strong>(ἋΡΡΑῡΟΟΙῈ</strong></span> <span class='ocrx_word' id='word_1_5' title='bbox 2654 219 2985 277; x_wconf 78' lang='lat' dir='ltr'><strong>EPISCOPI</strong></span> 
     </span>
    </p>
   </div>
   <div class='ocr_carea' id='block_1_3' title="bbox 3643 213 3760 277">
    <p class='ocr_par' dir='ltr' id='par_1_3' title="bbox 3643 213 3760 277">
     <span class='ocr_line' id='line_1_3' title="bbox 3643 213 3760 277; baseline -0.034 1"><span class='ocrx_word' id='word_1_6' title='bbox 3643 213 3760 277; x_wconf 65' lang='grc'><strong>724</strong></span> 
     </span>
    </p>
   </div>
   <div class='ocr_carea' id='block_1_4' title="bbox 579 320 2985 396">
    <p class='ocr_par' dir='ltr' id='par_1_4' title="bbox 579 320 2972 396">
     <span class='ocr_line' id='line_1_4' title="bbox 579 320 2972 396; baseline 0.004 -23"><span class='ocrx_word' id='word_1_7' title='bbox 579 320 949 389; x_wconf 88' lang='lat' dir='ltr'><strong>complebitur,</strong></span> <span class='ocrx_word' id='word_1_8' title='bbox 982 336 1085 389; x_wconf 89' lang='lat' dir='ltr'><strong>qua</strong></span> <span class='ocrx_word' id='word_1_9' title='bbox 1119 320 1349 374; x_wconf 73' lang='lat' dir='ltr'><strong>vincenti</strong></span> <span class='ocrx_word' id='word_1_10' title='bbox 1377 322 1703 375; x_wconf 81' lang='lat' dir='ltr'><strong>Anticltristo</strong></span> <span class='ocrx_word' id='word_1_11' title='bbox 1727 324 2108 390; x_wconf 85' lang='lat' dir='ltr'><strong>subjicientur;</strong></span> <span class='ocrx_word' id='word_1_12' title='bbox 2145 329 2184 380; x_wconf 79' lang='grc' dir='ltr'>Α</span> <span class='ocrx_word' id='word_1_13' title='bbox 2213 328 2329 393; x_wconf 78' lang='grc' dir='ltr'>ἦτοι</span> <span class='ocrx_word' id='word_1_14' title='bbox 2358 329 2423 378; x_wconf 83' lang='grc' dir='ltr'>δι’</span> <span class='ocrx_word' id='word_1_15' title='bbox 2455 325 2511 380; x_wconf 71' lang='grc' dir='ltr'><strong>οὗ</strong></span> <span class='ocrx_word' id='word_1_16' title='bbox 2543 332 2572 396; x_wconf 78' lang='grc' dir='ltr'>ἡ</span> <span class='ocrx_word' id='word_1_17' title='bbox 2608 329 2698 380; x_wconf 81' lang='grc' dir='ltr'>τοῦ</span> <span class='ocrx_word' id='word_1_18' title='bbox 2731 327 2972 381; x_wconf 79' lang='grc' dir='ltr'>ἐνιαυτοῦ</span> 
     </span>
    </p>
   </div>
   <div class='ocr_carea' id='block_1_5' title="bbox 2212 320 3761 396">
    <p class='ocr_par' dir='ltr' id='par_1_5' title="bbox 2213 325 3761 396">
     <span class='ocr_line' id='line_1_5' title="bbox 2213 325 3761 396; baseline 0.001 -19"><span class='ocrx_word' id='word_1_19' title='bbox 2213 328 2329 393; x_wconf 79' lang='grc' dir='ltr'>ἦτοι</span> <span class='ocrx_word' id='word_1_20' title='bbox 2358 329 2423 378; x_wconf 83' lang='grc' dir='ltr'>δι’</span> <span class='ocrx_word' id='word_1_21' title='bbox 2455 325 2511 380; x_wconf 71' lang='grc' dir='ltr'><strong>οὗ</strong></span> <span class='ocrx_word' id='word_1_22' title='bbox 2543 332 2572 396; x_wconf 78' lang='grc' dir='ltr'>ἡ</span> <span class='ocrx_word' id='word_1_23' title='bbox 2608 329 2698 380; x_wconf 81' lang='grc' dir='ltr'>τοῦ</span> <span class='ocrx_word' id='word_1_24' title='bbox 2731 327 2972 381; x_wconf 79' lang='grc' dir='ltr'>ἐνιαυτοῦ</span> <span class='ocrx_word' id='word_1_25' title='bbox 3008 326 3122 396; x_wconf 84' lang='grc' dir='ltr'><strong>ὥρα</strong></span> <span class='ocrx_word' id='word_1_26' title='bbox 3156 327 3499 389; x_wconf 84' lang='grc' dir='ltr'><strong>συντελεῖται,</strong></span> <span class='ocrx_word' id='word_1_27' title='bbox 3536 326 3656 379; x_wconf 81' lang='grc' dir='ltr'>καθ’</span> <span class='ocrx_word' id='word_1_28' title='bbox 3686 331 3761 394; x_wconf 70' lang='grc' dir='ltr'>ἣν</span> 
     </span>
    </p>
   </div>
   <div class='ocr_carea' id='block_1_6' title="bbox 576 411 2108 481">
    <p class='ocr_par' dir='ltr' id='par_1_6' title="bbox 576 411 2108 481">
     <span class='ocr_line' id='line_1_6' title="bbox 576 411 2108 481; baseline 0.001 -21"><span class='ocrx_word' id='word_1_29' title='bbox 576 411 856 462; x_wconf 87' lang='lat' dir='ltr'><strong>autetiam</strong></span> <span class='ocrx_word' id='word_1_30' title='bbox 893 411 1207 479; x_wconf 77' lang='lat' dir='ltr'><strong>intelligitur</strong></span> <span class='ocrx_word' id='word_1_31' title='bbox 1236 413 1341 465; x_wconf 84' lang='lat' dir='ltr'><strong>vita</strong></span> <span class='ocrx_word' id='word_1_32' title='bbox 1385 426 1500 481; x_wconf 71' lang='lat' dir='ltr'><strong>qua:</strong></span> <span class='ocrx_word' id='word_1_33' title='bbox 1557 413 1607 464; x_wconf 94' lang='lat' dir='ltr'><strong>in</strong></span> <span class='ocrx_word' id='word_1_34' title='bbox 1661 412 1868 466; x_wconf 79' lang='lat' dir='ltr'><strong>deliciis</strong></span> <span class='ocrx_word' id='word_1_35' title='bbox 1915 412 2108 480; x_wconf 87' lang='lat' dir='ltr'><strong>agitur.</strong></span> 
     </span>
    </p>
   </div>
   <div class='ocr_carea' id='block_1_7' title="bbox 647 586 2108 655">
    <p class='ocr_par' dir='ltr' id='par_1_7' title="bbox 647 586 2108 655">
     <span class='ocr_line' id='line_1_7' title="bbox 647 586 2108 655; baseline 0 -18"><span class='ocrx_word' id='word_1_36' title='bbox 647 586 709 637; x_wconf 87' lang='lat' dir='ltr'><strong>Et</strong></span> <span class='ocrx_word' id='word_1_37' title='bbox 734 603 896 654; x_wconf 85' lang='lat' dir='ltr'><strong>agnus</strong></span> <span class='ocrx_word' id='word_1_38' title='bbox 921 587 1080 638; x_wconf 82' lang='lat' dir='ltr'><strong>vincet</strong></span> <span class='ocrx_word' id='word_1_39' title='bbox 1101 603 1297 640; x_wconf 89' lang='lat' dir='ltr'><strong>eos.....</strong></span> <span class='ocrx_word' id='word_1_40' title='bbox 1330 595 1379 638; x_wconf 92' lang='lat' dir='ltr'><strong>et</strong></span> <span class='ocrx_word' id='word_1_41' title='bbox 1406 588 1491 655; x_wconf 90' lang='lat' dir='ltr'><strong>qui</strong></span> <span class='ocrx_word' id='word_1_42' title='bbox 1519 603 1633 639; x_wconf 88' lang='lat' dir='ltr'><strong>cum</strong></span> <span class='ocrx_word' id='word_1_43' title='bbox 1658 587 1748 638; x_wconf 81' lang='lat' dir='ltr'><strong>illo</strong></span> <span class='ocrx_word' id='word_1_44' title='bbox 1769 595 1887 639; x_wconf 90' lang='lat' dir='ltr'><strong>sunt</strong></span> <span class='ocrx_word' id='word_1_45' title='bbox 1921 586 2108 639; x_wconf 84' lang='lat' dir='ltr'><strong>vocati.</strong></span> 
     </span>
    </p>
   </div>
   <div class='ocr_carea' id='block_1_8' title="bbox 576 675 2112 730">
    <p class='ocr_par' dir='ltr' id='par_1_8' title="bbox 576 675 2112 730">
     <span class='ocr_line' id='line_1_8' title="bbox 576 675 2112 730; baseline 0.001 -3"><span class='ocrx_word' id='word_1_46' title='bbox 576 676 764 729; x_wconf 80' lang='lat' dir='ltr'><strong>Merito</strong></span> <span class='ocrx_word' id='word_1_47' title='bbox 806 692 925 728; x_wconf 89' lang='lat' dir='ltr'><strong>cum</strong></span> <span class='ocrx_word' id='word_1_48' title='bbox 977 676 1232 729; x_wconf 85' lang='lat' dir='ltr'><strong>Dominus</strong></span> <span class='ocrx_word' id='word_1_49' title='bbox 1262 677 1601 729; x_wconf 87' lang='lat' dir='ltr'><strong>dominorum</strong></span> <span class='ocrx_word' id='word_1_50' title='bbox 1657 677 1726 730; x_wconf 88' lang='lat' dir='ltr'><strong>sit</strong></span> <span class='ocrx_word' id='word_1_51' title='bbox 1769 687 1820 730; x_wconf 89' lang='lat' dir='ltr'><strong>et</strong></span> <span class='ocrx_word' id='word_1_52' title='bbox 1860 675 1970 729; x_wconf 78' lang='lat' dir='ltr'><strong>Rex</strong></span> <span class='ocrx_word' id='word_1_53' title='bbox 2030 691 2112 729; x_wconf 89' lang='lat' dir='ltr'><strong>re-</strong></span> 
     </span>
    </p>
   </div>
   <div class='ocr_carea' id='block_1_9' title="bbox 576 767 2109 834">
    <p class='ocr_par' dir='ltr' id='par_1_9' title="bbox 576 767 2109 834">
     <span class='ocr_line' id='line_1_9' title="bbox 576 767 2109 834; baseline 0 -16"><span class='ocrx_word' id='word_1_54' title='bbox 576 767 899 833; x_wconf 82' lang='lat' dir='ltr'><strong>gum,ctiam</strong></span> <span class='ocrx_word' id='word_1_55' title='bbox 935 777 1354 833; x_wconf 76' lang='lat' dir='ltr'><strong>propugnatores</strong></span> <span class='ocrx_word' id='word_1_56' title='bbox 1413 767 1530 834; x_wconf 83' lang='lat' dir='ltr'><strong>ejus</strong></span> <span class='ocrx_word' id='word_1_57' title='bbox 1582 777 1704 818; x_wconf 87' lang='lat' dir='ltr'><strong>sunt</strong></span> <span class='ocrx_word' id='word_1_58' title='bbox 1749 767 1940 832; x_wconf 85' lang='lat' dir='ltr'><strong>vocati,</strong></span> <span class='ocrx_word' id='word_1_59' title='bbox 2004 779 2109 818; x_wconf 89' lang='lat' dir='ltr'><strong>non</strong></span> 
     </span>
    </p>
   </div>
   <div class='ocr_carea' id='block_1_10' title="bbox 571 855 2114 924">
    <p class='ocr_par' dir='ltr' id='par_1_10' title="bbox 571 855 2114 924">
     <span class='ocr_line' id='line_1_10' title="bbox 571 855 2114 924; baseline 0.002 -19"><span class='ocrx_word' id='word_1_60' title='bbox 571 856 840 924; x_wconf 78' lang='lat' dir='ltr'><strong>vulgarem</strong></span> <span class='ocrx_word' id='word_1_61' title='bbox 872 855 1130 909; x_wconf 74' lang='lat' dir='ltr'><strong>habentes</strong></span> <span class='ocrx_word' id='word_1_62' title='bbox 1162 856 1515 919; x_wconf 85' lang='lat' dir='ltr'><strong>vocationem,</strong></span> <span class='ocrx_word' id='word_1_63' title='bbox 1553 855 1643 909; x_wconf 88' lang='lat' dir='ltr'><strong>sed</strong></span> <span class='ocrx_word' id='word_1_64' title='bbox 1700 856 1928 917; x_wconf 88' lang='lat' dir='ltr'><strong>lirmam,</strong></span> <span class='ocrx_word' id='word_1_65' title='bbox 1964 855 2114 908; x_wconf 90' lang='lat' dir='ltr'><strong>abso-</strong></span> 
     </span>
    </p>
   </div>
   <div class='ocr_carea' id='block_1_11' title="bbox 571 945 2112 1013">
    <p class='ocr_par' dir='ltr' id='par_1_11' title="bbox 571 945 2112 1013">
     <span class='ocr_line' id='line_1_11' title="bbox 571 945 2112 1013; baseline 0 -17"><span class='ocrx_word' id='word_1_66' title='bbox 571 947 734 998; x_wconf 88' lang='lat' dir='ltr'><strong>lutam</strong></span> <span class='ocrx_word' id='word_1_67' title='bbox 758 957 808 999; x_wconf 89' lang='lat' dir='ltr'><strong>et</strong></span> <span class='ocrx_word' id='word_1_68' title='bbox 844 947 1247 1000; x_wconf 81' lang='lat' dir='ltr'><strong>immutabilem.</strong></span> <span class='ocrx_word' id='word_1_69' title='bbox 1298 947 1419 998; x_wconf 85' lang='lat' dir='ltr'><strong>Ideo</strong></span> <span class='ocrx_word' id='word_1_70' title='bbox 1454 961 1664 1013; x_wconf 87' lang='lat' dir='ltr'><strong>quoque</strong></span> <span class='ocrx_word' id='word_1_71' title='bbox 1698 945 1878 998; x_wconf 85' lang='lat' dir='ltr'><strong>tideles</strong></span> <span class='ocrx_word' id='word_1_72' title='bbox 1925 945 2112 997; x_wconf 87' lang='lat' dir='ltr'><strong>dicun-</strong></span> 
     </span>
    </p>
   </div>
   <div class='ocr_carea' id='block_1_12' title="bbox 572 1035 2108 1105">
    <p class='ocr_par' dir='ltr' id='par_1_12' title="bbox 572 1035 2108 1105">
     <span class='ocr_line' id='line_1_12' title="bbox 572 1035 2108 1105; baseline -0.002 -18"><span class='ocrx_word' id='word_1_73' title='bbox 572 1045 675 1096; x_wconf 89' lang='lat' dir='ltr'><strong>tur,</strong></span> <span class='ocrx_word' id='word_1_74' title='bbox 699 1035 855 1105; x_wconf 66' lang='grc'><strong>794,</strong></span> <span class='ocrx_word' id='word_1_75' title='bbox 876 1035 1001 1104; x_wconf 83' lang='lat' dir='ltr'><strong>quia</strong></span> <span class='ocrx_word' id='word_1_76' title='bbox 1035 1035 1215 1088; x_wconf 87' lang='lat' dir='ltr'><strong>tidelcs</strong></span> <span class='ocrx_word' id='word_1_77' title='bbox 1258 1036 1348 1088; x_wconf 92' lang='lat' dir='ltr'><strong>uni</strong></span> <span class='ocrx_word' id='word_1_78' title='bbox 1388 1036 1614 1087; x_wconf 89' lang='lat' dir='ltr'><strong>Domino</strong></span> <span class='ocrx_word' id='word_1_79' title='bbox 1669 1035 1961 1096; x_wconf 65' lang='lat' dir='ltr'><strong>adhaerent,</strong></span> <span class='ocrx_word' id='word_1_80' title='bbox 1987 1047 2108 1086; x_wconf 92' lang='lat' dir='ltr'><strong>cum</strong></span> 
     </span>
    </p>
   </div>
   <div class='ocr_carea' id='block_1_13' title="bbox 571 1110 1663 1191">
    <p class='ocr_par' dir='ltr' id='par_1_13' title="bbox 571 1110 1663 1191">
     <span class='ocr_line' id='line_1_13' title="bbox 571 1110 1663 1191; baseline 0.003 -18"><span class='ocrx_word' id='word_1_81' title='bbox 571 1110 672 1174; x_wconf 86' lang='lat' dir='ltr'><strong>non</strong></span> <span class='ocrx_word' id='word_1_82' title='bbox 714 1125 919 1191; x_wconf 83' lang='lat' dir='ltr'><strong>possint</strong></span> <span class='ocrx_word' id='word_1_83' title='bbox 946 1124 1156 1176; x_wconf 90' lang='lat' dir='ltr'><strong>duobus</strong></span> <span class='ocrx_word' id='word_1_84' title='bbox 1179 1124 1409 1176; x_wconf 90' lang='lat' dir='ltr'><strong>dominis</strong></span> <span class='ocrx_word' id='word_1_85' title='bbox 1442 1124 1663 1176; x_wconf 86' lang='lat' dir='ltr'><strong>servire.</strong></span> 
     </span>
    </p>
   </div>
   <div class='ocr_carea' id='block_1_14' title="bbox 637 1210 2111 1280">
    <p class='ocr_par' dir='ltr' id='par_1_14' title="bbox 637 1210 2111 1280">
     <span class='ocr_line' id='line_1_14' title="bbox 637 1210 2111 1280; baseline 0.001 -20"><span class='ocrx_word' id='word_1_86' title='bbox 637 1213 795 1279; x_wconf 77' lang='lat' dir='ltr'><strong>Aqme</strong></span> <span class='ocrx_word' id='word_1_87' title='bbox 833 1228 959 1280; x_wconf 81' lang='lat' dir='ltr'><strong>quas</strong></span> <span class='ocrx_word' id='word_1_88' title='bbox 991 1213 1184 1264; x_wconf 81' lang='lat' dir='ltr'><strong>vidisti.</strong></span> <span class='ocrx_word' id='word_1_89' title='bbox 1221 1212 1390 1266; x_wconf 77' lang='lat' dir='ltr'><strong>Antea</strong></span> <span class='ocrx_word' id='word_1_90' title='bbox 1440 1213 1504 1265; x_wconf 89' lang='lat' dir='ltr'><strong>de</strong></span> <span class='ocrx_word' id='word_1_91' title='bbox 1544 1213 1626 1265; x_wconf 87' lang='lat' dir='ltr'><strong>his</strong></span> <span class='ocrx_word' id='word_1_92' title='bbox 1677 1212 1934 1271; x_wconf 74' lang='lat' dir='ltr'><strong>diximus,</strong></span> <span class='ocrx_word' id='word_1_93' title='bbox 1970 1210 2111 1278; x_wconf 89' lang='lat' dir='ltr'><strong>quod</strong></span> 
     </span>
    </p>
   </div>
   <div class='ocr_carea' id='block_1_15' title="bbox 571 1300 2112 1370">
    <p class='ocr_par' dir='ltr' id='par_1_15' title="bbox 571 1300 2112 1370">
     <span class='ocr_line' id='line_1_15' title="bbox 571 1300 2112 1370; baseline -0.001 -17"><span class='ocrx_word' id='word_1_94' title='bbox 571 1303 772 1370; x_wconf 83' lang='lat' dir='ltr'><strong>tropice</strong></span> <span class='ocrx_word' id='word_1_95' title='bbox 803 1317 864 1355; x_wconf 91' lang='lat' dir='ltr'><strong>ac</strong></span> <span class='ocrx_word' id='word_1_96' title='bbox 889 1303 1202 1355; x_wconf 80' lang='lat' dir='ltr'><strong>naturaliter</strong></span> <span class='ocrx_word' id='word_1_97' title='bbox 1231 1311 1370 1354; x_wconf 89' lang='lat' dir='ltr'><strong>terra</strong></span> <span class='ocrx_word' id='word_1_98' title='bbox 1404 1302 1473 1354; x_wconf 87' lang='lat' dir='ltr'><strong>sit</strong></span> <span class='ocrx_word' id='word_1_99' title='bbox 1499 1316 1562 1354; x_wconf 80' lang='lat' dir='ltr'><strong>ex</strong></span> <span class='ocrx_word' id='word_1_100' title='bbox 1589 1303 1766 1368; x_wconf 81' lang='lat' dir='ltr'><strong>aquis,</strong></span> <span class='ocrx_word' id='word_1_101' title='bbox 1795 1309 1849 1353; x_wconf 89' lang='lat' dir='ltr'><strong>et</strong></span> <span class='ocrx_word' id='word_1_102' title='bbox 1875 1302 1926 1351; x_wconf 93' lang='lat' dir='ltr'><strong>in</strong></span> <span class='ocrx_word' id='word_1_103' title='bbox 1957 1300 2112 1365; x_wconf 88' lang='lat' dir='ltr'><strong>aquis</strong></span> 
     </span>
    </p>
   </div>
   <div class='ocr_carea' id='block_1_16' title="bbox 580 1387 2114 1457">
    <p class='ocr_par' dir='ltr' id='par_1_16' title="bbox 580 1387 2114 1457">
     <span class='ocr_line' id='line_1_16' title="bbox 580 1387 2114 1457; baseline -0.001 -17"><span class='ocrx_word' id='word_1_104' title='bbox 580 1399 908 1456; x_wconf 85' lang='lat' dir='ltr'><strong>perseverat,</strong></span> <span class='ocrx_word' id='word_1_105' title='bbox 956 1391 1006 1441; x_wconf 92' lang='lat' dir='ltr'><strong>in</strong></span> <span class='ocrx_word' id='word_1_106' title='bbox 1043 1405 1146 1457; x_wconf 90' lang='lat' dir='ltr'><strong>qua</strong></span> <span class='ocrx_word' id='word_1_107' title='bbox 1189 1390 1431 1440; x_wconf 89' lang='lat' dir='ltr'><strong>lirmatus</strong></span> <span class='ocrx_word' id='word_1_108' title='bbox 1480 1397 1560 1441; x_wconf 89' lang='lat' dir='ltr'><strong>est</strong></span> <span class='ocrx_word' id='word_1_109' title='bbox 1603 1387 1966 1453; x_wconf 80' lang='lat' dir='ltr'><strong>corruptibilis</strong></span> <span class='ocrx_word' id='word_1_110' title='bbox 2027 1387 2114 1438; x_wconf 88' lang='lat' dir='ltr'><strong>hic</strong></span> 
     </span>
    </p>
   </div>
   <div class='ocr_carea' id='block_1_17' title="bbox 575 1475 2116 1543">
    <p class='ocr_par' dir='ltr' id='par_1_17' title="bbox 575 1475 2116 1543">
     <span class='ocr_line' id='line_1_17' title="bbox 575 1475 2116 1543; baseline 0 -16"><span class='ocrx_word' id='word_1_111' title='bbox 575 1477 826 1540; x_wconf 83' lang='lat' dir='ltr'><strong>mundus,</strong></span> <span class='ocrx_word' id='word_1_112' title='bbox 861 1478 1017 1543; x_wconf 89' lang='lat' dir='ltr'><strong>etqui</strong></span> <span class='ocrx_word' id='word_1_113' title='bbox 1042 1478 1091 1528; x_wconf 92' lang='lat' dir='ltr'><strong>in</strong></span> <span class='ocrx_word' id='word_1_114' title='bbox 1107 1477 1340 1529; x_wconf 88' lang='lat' dir='ltr'><strong>humidis</strong></span> <span class='ocrx_word' id='word_1_115' title='bbox 1363 1492 1424 1529; x_wconf 92' lang='lat' dir='ltr'><strong>ac</strong></span> <span class='ocrx_word' id='word_1_116' title='bbox 1445 1477 1692 1529; x_wconf 81' lang='lat' dir='ltr'><strong>mollibus</strong></span> <span class='ocrx_word' id='word_1_117' title='bbox 1717 1485 1955 1528; x_wconf 82' lang='lat' dir='ltr'><strong>versatur</strong></span> <span class='ocrx_word' id='word_1_118' title='bbox 1985 1475 2116 1527; x_wconf 82' lang='lat' dir='ltr'><strong>deli-</strong></span> 
     </span>
    </p>
   </div>
   <div class='ocr_carea' id='block_1_18' title="bbox 572 1563 2111 1631">
    <p class='ocr_par' dir='ltr' id='par_1_18' title="bbox 572 1563 2111 1631">
     <span class='ocr_line' id='line_1_18' title="bbox 572 1563 2111 1631; baseline 0.002 -17"><span class='ocrx_word' id='word_1_119' title='bbox 572 1565 690 1617; x_wconf 86' lang='lat' dir='ltr'><strong>eiis.</strong></span> <span class='ocrx_word' id='word_1_120' title='bbox 726 1563 954 1618; x_wconf 86' lang='lat' dir='ltr'><strong>Omnino</strong></span> <span class='ocrx_word' id='word_1_121' title='bbox 991 1574 1168 1618; x_wconf 90' lang='lat' dir='ltr'><strong>autem</strong></span> <span class='ocrx_word' id='word_1_122' title='bbox 1194 1580 1296 1617; x_wconf 92' lang='lat' dir='ltr'><strong>non</strong></span> <span class='ocrx_word' id='word_1_123' title='bbox 1327 1565 1431 1617; x_wconf 91' lang='lat' dir='ltr'><strong>alio</strong></span> <span class='ocrx_word' id='word_1_124' title='bbox 1469 1579 1628 1631; x_wconf 88' lang='lat' dir='ltr'><strong>quam</strong></span> <span class='ocrx_word' id='word_1_125' title='bbox 1666 1565 1766 1618; x_wconf 91' lang='lat' dir='ltr'><strong>hoc</strong></span> <span class='ocrx_word' id='word_1_126' title='bbox 1810 1565 1968 1616; x_wconf 81' lang='lat' dir='ltr'><strong>modo</strong></span> <span class='ocrx_word' id='word_1_127' title='bbox 2024 1578 2111 1617; x_wconf 87' lang='lat' dir='ltr'><strong>se-</strong></span> 
     </span>
    </p>
   </div>
   <div class='ocr_carea' id='block_1_19' title="bbox 571 1652 2110 1721">
    <p class='ocr_par' dir='ltr' id='par_1_19' title="bbox 571 1652 2110 1721">
     <span class='ocr_line' id='line_1_19' title="bbox 571 1652 2110 1721; baseline 0.001 -18"><span class='ocrx_word' id='word_1_128' title='bbox 571 1654 803 1706; x_wconf 86' lang='lat' dir='ltr'><strong>cundum</strong></span> <span class='ocrx_word' id='word_1_129' title='bbox 849 1656 1081 1706; x_wconf 85' lang='lat' dir='ltr'><strong>humana</strong></span> <span class='ocrx_word' id='word_1_130' title='bbox 1125 1667 1318 1721; x_wconf 77' lang='lat' dir='ltr'><strong>genera</strong></span> <span class='ocrx_word' id='word_1_131' title='bbox 1368 1652 1714 1721; x_wconf 83' lang='lat' dir='ltr'><strong>intelligitur,</strong></span> <span class='ocrx_word' id='word_1_132' title='bbox 1766 1667 1884 1720; x_wconf 72' lang='lat' dir='ltr'><strong>qua:</strong></span> <span class='ocrx_word' id='word_1_133' title='bbox 1928 1661 2110 1720; x_wconf 78' lang='lat' dir='ltr'><strong>gentes</strong></span> 
     </span>
    </p>
   </div>
   <div class='ocr_carea' id='block_1_20' title="bbox 573 1744 2108 1814">
    <p class='ocr_par' dir='ltr' id='par_1_20' title="bbox 573 1744 2108 1814">
     <span class='ocr_line' id='line_1_20' title="bbox 573 1744 2108 1814; baseline -0.001 -19"><span class='ocrx_word' id='word_1_134' title='bbox 573 1754 698 1798; x_wconf 82' lang='lat' dir='ltr'><strong>sunt</strong></span> <span class='ocrx_word' id='word_1_135' title='bbox 735 1744 896 1798; x_wconf 75' lang='lat' dir='ltr'><strong>Variis</strong></span> <span class='ocrx_word' id='word_1_136' title='bbox 942 1745 1136 1814; x_wconf 78' lang='lat' dir='ltr'><strong>linguis</strong></span> <span class='ocrx_word' id='word_1_137' title='bbox 1182 1745 1465 1810; x_wconf 67' lang='lat' dir='ltr'><strong>distinctae,</strong></span> <span class='ocrx_word' id='word_1_138' title='bbox 1517 1755 1568 1799; x_wconf 88' lang='lat' dir='ltr'><strong>et</strong></span> <span class='ocrx_word' id='word_1_139' title='bbox 1621 1757 1871 1812; x_wconf 53' lang='lat' dir='ltr'><strong>praeterea</strong></span> <span class='ocrx_word' id='word_1_140' title='bbox 1924 1757 2108 1810; x_wconf 80' lang='lat' dir='ltr'><strong>regum</strong></span> 
     </span>
    </p>
   </div>
   <div class='ocr_carea' id='block_1_21' title="bbox 574 1834 2112 1903">
    <p class='ocr_par' dir='ltr' id='par_1_21' title="bbox 574 1834 2112 1903">
     <span class='ocr_line' id='line_1_21' title="bbox 574 1834 2112 1903; baseline -0.001 -17"><span class='ocrx_word' id='word_1_141' title='bbox 574 1846 885 1888; x_wconf 84' lang='lat' dir='ltr'><strong>conservata</strong></span> <span class='ocrx_word' id='word_1_142' title='bbox 945 1837 1162 1903; x_wconf 84' lang='lat' dir='ltr'><strong>imperia</strong></span> <span class='ocrx_word' id='word_1_143' title='bbox 1215 1856 1227 1891; x_wconf 89' lang='lat'><strong>:</strong></span> <span class='ocrx_word' id='word_1_144' title='bbox 1290 1853 1410 1889; x_wconf 87' lang='lat' dir='ltr'><strong>nam</strong></span> <span class='ocrx_word' id='word_1_145' title='bbox 1477 1837 1578 1888; x_wconf 90' lang='lat' dir='ltr'><strong>boc</strong></span> <span class='ocrx_word' id='word_1_146' title='bbox 1641 1835 1942 1903; x_wconf 81' lang='lat' dir='ltr'><strong>significare</strong></span> <span class='ocrx_word' id='word_1_147' title='bbox 2000 1834 2112 1885; x_wconf 90' lang='lat' dir='ltr'><strong>vult</strong></span> 
     </span>
    </p>
   </div>
   <div class='ocr_carea' id='block_1_22' title="bbox 573 1920 2111 1991">
    <p class='ocr_par' dir='ltr' id='par_1_22' title="bbox 573 1920 2111 1991">
     <span class='ocr_line' id='line_1_22' title="bbox 573 1920 2111 1991; baseline 0.001 -16"><span class='ocrx_word' id='word_1_148' title='bbox 573 1939 739 1976; x_wconf 74' lang='lat' dir='ltr'><strong>cornu</strong></span> <span class='ocrx_word' id='word_1_149' title='bbox 761 1941 774 1977; x_wconf 89' lang='lat'><strong>:</strong></span> <span class='ocrx_word' id='word_1_150' title='bbox 795 1939 823 1978; x_wconf 88' lang='lat' dir='ltr'><strong>a</strong></span> <span class='ocrx_word' id='word_1_151' title='bbox 855 1928 1097 1980; x_wconf 89' lang='lat' dir='ltr'><strong>cornutis</strong></span> <span class='ocrx_word' id='word_1_152' title='bbox 1121 1926 1441 1980; x_wconf 80' lang='lat' dir='ltr'><strong>animalibus</strong></span> <span class='ocrx_word' id='word_1_153' title='bbox 1463 1942 1519 1979; x_wconf 92' lang='lat' dir='ltr'><strong>se</strong></span> <span class='ocrx_word' id='word_1_154' title='bbox 1539 1934 1806 1984; x_wconf 83' lang='lat' dir='ltr'><strong>tueantur,</strong></span> <span class='ocrx_word' id='word_1_155' title='bbox 1829 1923 1872 1976; x_wconf 91' lang='lat' dir='ltr'><strong>si</strong></span> <span class='ocrx_word' id='word_1_156' title='bbox 1897 1920 2111 1991; x_wconf 84' lang='lat' dir='ltr'><strong>quando</strong></span> 
     </span>
    </p>
   </div>
   <div class='ocr_carea' id='block_1_23' title="bbox 572 2013 2110 2082">
    <p class='ocr_par' dir='ltr' id='par_1_23' title="bbox 572 2013 2110 2082">
     <span class='ocr_line' id='line_1_23' title="bbox 572 2013 2110 2082; baseline 0.001 -18"><span class='ocrx_word' id='word_1_157' title='bbox 572 2028 708 2082; x_wconf 90' lang='lat' dir='ltr'><strong>opus</strong></span> <span class='ocrx_word' id='word_1_158' title='bbox 739 2025 818 2068; x_wconf 82' lang='lat' dir='ltr'><strong>est</strong></span> <span class='ocrx_word' id='word_1_159' title='bbox 853 2013 1108 2071; x_wconf 80' lang='lat' dir='ltr'><strong>adversus</strong></span> <span class='ocrx_word' id='word_1_160' title='bbox 1132 2017 1234 2070; x_wconf 86' lang='lat' dir='ltr'><strong>alia</strong></span> <span class='ocrx_word' id='word_1_161' title='bbox 1274 2018 1524 2071; x_wconf 81' lang='lat' dir='ltr'><strong>animalia</strong></span> <span class='ocrx_word' id='word_1_162' title='bbox 1559 2030 1862 2071; x_wconf 88' lang='lat' dir='ltr'><strong>occurrere.</strong></span> <span class='ocrx_word' id='word_1_163' title='bbox 1913 2014 2110 2078; x_wconf 82' lang='lat' dir='ltr'><strong>Queru-</strong></span> 
     </span>
    </p>
   </div>
   <div class='ocr_carea' id='block_1_24' title="bbox 574 2105 2112 2176">
    <p class='ocr_par' dir='ltr' id='par_1_24' title="bbox 574 2105 2112 2176">
     <span class='ocr_line' id='line_1_24' title="bbox 574 2105 2112 2176; baseline 0.003 -22"><span class='ocrx_word' id='word_1_164' title='bbox 574 2105 859 2158; x_wconf 77' lang='lat' dir='ltr'><strong>admodum</strong></span> <span class='ocrx_word' id='word_1_165' title='bbox 924 2107 1086 2162; x_wconf 88' lang='lat' dir='ltr'><strong>etiam</strong></span> <span class='ocrx_word' id='word_1_166' title='bbox 1162 2122 1347 2176; x_wconf 77' lang='lat' dir='ltr'><strong>regum</strong></span> <span class='ocrx_word' id='word_1_167' title='bbox 1423 2109 1803 2174; x_wconf 86' lang='lat' dir='ltr'><strong>dispositiones</strong></span> <span class='ocrx_word' id='word_1_168' title='bbox 1866 2106 2112 2174; x_wconf 81' lang='lat' dir='ltr'><strong>gentibus</strong></span> 
     </span>
    </p>
   </div>
   <div class='ocr_carea' id='block_1_25' title="bbox 575 2193 2109 2263">
    <p class='ocr_par' dir='ltr' id='par_1_25' title="bbox 575 2193 2109 2263">
     <span class='ocr_line' id='line_1_25' title="bbox 575 2193 2109 2263; baseline 0.001 -20"><span class='ocrx_word' id='word_1_169' title='bbox 575 2193 833 2246; x_wconf 77' lang='lat' dir='ltr'><strong>adversus</strong></span> <span class='ocrx_word' id='word_1_170' title='bbox 866 2203 1049 2262; x_wconf 72' lang='lat' dir='ltr'><strong>gentes</strong></span> <span class='ocrx_word' id='word_1_171' title='bbox 1085 2196 1503 2263; x_wconf 81' lang='lat' dir='ltr'><strong>permanentiam</strong></span> <span class='ocrx_word' id='word_1_172' title='bbox 1537 2195 1589 2247; x_wconf 91' lang='lat' dir='ltr'><strong>in</strong></span> <span class='ocrx_word' id='word_1_173' title='bbox 1621 2197 1814 2262; x_wconf 86' lang='lat' dir='ltr'><strong>seipsis</strong></span> <span class='ocrx_word' id='word_1_174' title='bbox 1849 2196 2109 2258; x_wconf 91' lang='lat' dir='ltr'><strong>tribuunt,</strong></span> 
     </span>
    </p>
   </div>
   <div class='ocr_carea' id='block_1_26' title="bbox 577 2281 2111 2350">
    <p class='ocr_par' dir='ltr' id='par_1_26' title="bbox 577 2281 2111 2350">
     <span class='ocr_line' id='line_1_26' title="bbox 577 2281 2111 2350; baseline 0.002 -19"><span class='ocrx_word' id='word_1_175' title='bbox 577 2281 699 2331; x_wconf 89' lang='lat' dir='ltr'><strong>dum</strong></span> <span class='ocrx_word' id='word_1_176' title='bbox 741 2281 806 2332; x_wconf 87' lang='lat' dir='ltr'><strong>ad</strong></span> <span class='ocrx_word' id='word_1_177' title='bbox 858 2288 1142 2336; x_wconf 79' lang='lat' dir='ltr'><strong>extraneos</strong></span> <span class='ocrx_word' id='word_1_178' title='bbox 1178 2281 1514 2350; x_wconf 89' lang='lat' dir='ltr'><strong>principatus</strong></span> <span class='ocrx_word' id='word_1_179' title='bbox 1567 2296 1672 2335; x_wconf 87' lang='lat' dir='ltr'><strong>non</strong></span> <span class='ocrx_word' id='word_1_180' title='bbox 1712 2282 2111 2349; x_wconf 77' lang='lat' dir='ltr'><strong>diSpergttttlut‘.</strong></span> 
     </span>
    </p>
   </div>
   <div class='ocr_carea' id='block_1_27' title="bbox 647 2447 2117 2519">
    <p class='ocr_par' dir='ltr' id='par_1_27' title="bbox 647 2447 2117 2519">
     <span class='ocr_line' id='line_1_27' title="bbox 647 2447 2117 2519; baseline -0.005 -14"><span class='ocrx_word' id='word_1_181' title='bbox 647 2453 807 2513; x_wconf 79' lang='lat' dir='ltr'><strong>XVll,</strong></span> <span class='ocrx_word' id='word_1_182' title='bbox 848 2453 1025 2505; x_wconf 71' lang='lat'><strong>{6—18.</strong></span> <span class='ocrx_word' id='word_1_183' title='bbox 1059 2452 1122 2504; x_wconf 87' lang='lat' dir='ltr'><strong>Et</strong></span> <span class='ocrx_word' id='word_1_184' title='bbox 1148 2454 1316 2504; x_wconf 86' lang='lat' dir='ltr'><strong>decem</strong></span> <span class='ocrx_word' id='word_1_185' title='bbox 1354 2467 1542 2504; x_wconf 84' lang='lat' dir='ltr'><strong>cornua</strong></span> <span class='ocrx_word' id='word_1_186' title='bbox 1573 2469 1688 2519; x_wconf 73' lang='lat' dir='ltr'><strong>qua:</strong></span> <span class='ocrx_word' id='word_1_187' title='bbox 1713 2452 1890 2504; x_wconf 72' lang='lat' dir='ltr'><strong>vidisti</strong></span> <span class='ocrx_word' id='word_1_188' title='bbox 1941 2451 1994 2501; x_wconf 88' lang='lat' dir='ltr'><strong>in</strong></span> <span class='ocrx_word' id='word_1_189' title='bbox 2039 2447 2117 2499; x_wconf 82' lang='lat' dir='ltr'><strong>be-</strong></span> 
     </span>
    </p>
   </div>
   <div class='ocr_carea' id='block_1_28' title="bbox 580 2538 2115 2611">
    <p class='ocr_par' dir='ltr' id='par_1_28' title="bbox 580 2538 2115 2611">
     <span class='ocr_line' id='line_1_28' title="bbox 580 2538 2115 2611; baseline -0.008 -12"><span class='ocrx_word' id='word_1_190' title='bbox 580 2546 702 2606; x_wconf 89' lang='lat' dir='ltr'><strong>stia,</strong></span> <span class='ocrx_word' id='word_1_191' title='bbox 736 2545 786 2594; x_wconf 86' lang='lat' dir='ltr'><strong>hi</strong></span> <span class='ocrx_word' id='word_1_192' title='bbox 815 2545 932 2594; x_wconf 85' lang='lat' dir='ltr'><strong>odio</strong></span> <span class='ocrx_word' id='word_1_193' title='bbox 960 2553 1329 2611; x_wconf 82' lang='lat' dir='ltr'><strong>prosequentur</strong></span> <span class='ocrx_word' id='word_1_194' title='bbox 1371 2544 1705 2602; x_wconf 87' lang='lat' dir='ltr'><strong>meretricem,</strong></span> <span class='ocrx_word' id='word_1_195' title='bbox 1739 2549 1784 2591; x_wconf 90' lang='lat' dir='ltr'><strong>et</strong></span> <span class='ocrx_word' id='word_1_196' title='bbox 1831 2538 2115 2590; x_wconf 78' lang='lat' dir='ltr'><strong>desolatam</strong></span> 
     </span>
    </p>
   </div>
   <div class='ocr_carea' id='block_1_29' title="bbox 581 2629 2118 2701">
    <p class='ocr_par' dir='ltr' id='par_1_29' title="bbox 581 2629 2118 2701">
     <span class='ocr_line' id='line_1_29' title="bbox 581 2629 2118 2701; baseline -0.005 -17"><span class='ocrx_word' id='word_1_197' title='bbox 581 2635 771 2701; x_wconf 79' lang='lat' dir='ltr'><strong>facient</strong></span> <span class='ocrx_word' id='word_1_198' title='bbox 809 2633 955 2684; x_wconf 85' lang='lat' dir='ltr'><strong>illam</strong></span> <span class='ocrx_word' id='word_1_199' title='bbox 986 2642 1032 2685; x_wconf 87' lang='lat' dir='ltr'><strong>et</strong></span> <span class='ocrx_word' id='word_1_200' title='bbox 1075 2634 1265 2684; x_wconf 87' lang='lat' dir='ltr'><strong>nudam</strong></span> <span class='ocrx_word' id='word_1_201' title='bbox 1287 2671 1300 2694; x_wconf 91' lang='lat'><strong>,</strong></span> <span class='ocrx_word' id='word_1_202' title='bbox 1337 2642 1383 2684; x_wconf 71' lang='lat' dir='ltr'><strong>cl</strong></span> <span class='ocrx_word' id='word_1_203' title='bbox 1425 2647 1602 2683; x_wconf 82' lang='lat' dir='ltr'><strong>carnes</strong></span> <span class='ocrx_word' id='word_1_204' title='bbox 1637 2632 1746 2696; x_wconf 82' lang='lat' dir='ltr'><strong>ejus</strong></span> <span class='ocrx_word' id='word_1_205' title='bbox 1780 2629 2041 2680; x_wconf 83' lang='lat' dir='ltr'><strong>comedent</strong></span> <span class='ocrx_word' id='word_1_206' title='bbox 2071 2635 2118 2679; x_wconf 84' lang='lat' dir='ltr'><strong>et</strong></span> 
     </span>
    </p>
   </div>
   <div class='ocr_carea' id='block_1_30' title="bbox 580 2718 2120 2793">
    <p class='ocr_par' dir='ltr' id='par_1_30' title="bbox 580 2718 2120 2793">
     <span class='ocr_line' id='line_1_30' title="bbox 580 2718 2120 2793; baseline -0.007 -16"><span class='ocrx_word' id='word_1_207' title='bbox 580 2727 744 2792; x_wconf 71' lang='lat' dir='ltr'><strong>ipsum</strong></span> <span class='ocrx_word' id='word_1_208' title='bbox 793 2727 906 2793; x_wconf 83' lang='lat' dir='ltr'><strong>igne</strong></span> <span class='ocrx_word' id='word_1_209' title='bbox 933 2725 1348 2777; x_wconf 85' lang='lat' dir='ltr'><strong>concremabunt.</strong></span> <span class='ocrx_word' id='word_1_210' title='bbox 1386 2722 1522 2775; x_wconf 86' lang='lat' dir='ltr'><strong>Deus</strong></span> <span class='ocrx_word' id='word_1_211' title='bbox 1553 2723 1686 2774; x_wconf 88' lang='lat' dir='ltr'><strong>enim</strong></span> <span class='ocrx_word' id='word_1_212' title='bbox 1710 2721 1846 2772; x_wconf 80' lang='lat' dir='ltr'><strong>dedit</strong></span> <span class='ocrx_word' id='word_1_213' title='bbox 1882 2720 1935 2770; x_wconf 86' lang='lat' dir='ltr'><strong>in</strong></span> <span class='ocrx_word' id='word_1_214' title='bbox 1963 2718 2120 2768; x_wconf 81' lang='lat' dir='ltr'><strong>corda</strong></span> 
     </span>
    </p>
   </div>
   <div class='ocr_carea' id='block_1_31' title="bbox 580 2811 2121 2881">
    <p class='ocr_par' dir='ltr' id='par_1_31' title="bbox 580 2811 2121 2881">
     <span class='ocr_line' id='line_1_31' title="bbox 580 2811 2121 2881; baseline -0.006 -14"><span class='ocrx_word' id='word_1_215' title='bbox 580 2833 775 2877; x_wconf 87' lang='lat' dir='ltr'><strong>eorum,</strong></span> <span class='ocrx_word' id='word_1_216' title='bbox 819 2828 872 2867; x_wconf 90' lang='lat' dir='ltr'><strong>ut</strong></span> <span class='ocrx_word' id='word_1_217' title='bbox 910 2816 1106 2881; x_wconf 75' lang='lat' dir='ltr'><strong>faciant</strong></span> <span class='ocrx_word' id='word_1_218' title='bbox 1152 2817 1314 2881; x_wconf 83' lang='lat' dir='ltr'><strong>ipsius</strong></span> <span class='ocrx_word' id='word_1_219' title='bbox 1347 2815 1658 2866; x_wconf 77' lang='lat' dir='ltr'><strong>voluntatem</strong></span> <span class='ocrx_word' id='word_1_220' title='bbox 1687 2829 1702 2864; x_wconf 90' lang='lat'><em>:</em></span> <span class='ocrx_word' id='word_1_221' title='bbox 1732 2820 1779 2864; x_wconf 84' lang='lat' dir='ltr'><strong>et</strong></span> <span class='ocrx_word' id='word_1_222' title='bbox 1808 2811 2002 2875; x_wconf 75' lang='lat' dir='ltr'><strong>faciant</strong></span> <span class='ocrx_word' id='word_1_223' title='bbox 2037 2824 2121 2860; x_wconf 82' lang='lat' dir='ltr'><strong>vo-</strong></span> 
     </span>
    </p>
   </div>
   <div class='ocr_carea' id='block_1_32' title="bbox 579 2898 2118 2970">
    <p class='ocr_par' dir='ltr' id='par_1_32' title="bbox 579 2898 2118 2970">
     <span class='ocr_line' id='line_1_32' title="bbox 579 2898 2118 2970; baseline -0.006 -15"><span class='ocrx_word' id='word_1_224' title='bbox 579 2905 826 2955; x_wconf 79' lang='lat' dir='ltr'><strong>luntatem</strong></span> <span class='ocrx_word' id='word_1_225' title='bbox 858 2920 1032 2964; x_wconf 86' lang='lat' dir='ltr'><strong>unam,</strong></span> <span class='ocrx_word' id='word_1_226' title='bbox 1064 2914 1110 2956; x_wconf 87' lang='lat' dir='ltr'><strong>et</strong></span> <span class='ocrx_word' id='word_1_227' title='bbox 1153 2903 1270 2955; x_wconf 86' lang='lat' dir='ltr'><strong>dent</strong></span> <span class='ocrx_word' id='word_1_228' title='bbox 1304 2918 1513 2970; x_wconf 82' lang='lat' dir='ltr'><strong>regnum</strong></span> <span class='ocrx_word' id='word_1_229' title='bbox 1562 2917 1712 2952; x_wconf 88' lang='lat' dir='ltr'><strong>suum</strong></span> <span class='ocrx_word' id='word_1_230' title='bbox 1742 2898 1915 2950; x_wconf 78' lang='lat' dir='ltr'><strong>bestite</strong></span> <span class='ocrx_word' id='word_1_231' title='bbox 1942 2898 2118 2947; x_wconf 68' lang='lat' dir='ltr'><strong>.donec</strong></span> 
     </span>
    </p>
   </div>
   <div class='ocr_carea' id='block_1_33' title="bbox 583 2971 2114 3061">
    <p class='ocr_par' dir='ltr' id='par_1_33' title="bbox 583 2971 2114 3061">
     <span class='ocr_line' id='line_1_33' title="bbox 583 2971 2114 3061; baseline -0.009 -13"><span class='ocrx_word' id='word_1_232' title='bbox 583 2996 937 3061; x_wconf 81' lang='lat' dir='ltr'><strong>compleantur</strong></span> <span class='ocrx_word' id='word_1_233' title='bbox 966 3010 1222 3047; x_wconf 84' lang='lat' dir='ltr'><strong>sermones</strong></span> <span class='ocrx_word' id='word_1_234' title='bbox 1270 2993 1379 3044; x_wconf 85' lang='lat' dir='ltr'><strong>Dei.</strong></span> <span class='ocrx_word' id='word_1_235' title='bbox 1431 2991 1494 3041; x_wconf 85' lang='lat' dir='ltr'><strong>Et</strong></span> <span class='ocrx_word' id='word_1_236' title='bbox 1547 2991 1731 3041; x_wconf 81' lang='lat' dir='ltr'><strong>mulier</strong></span> <span class='ocrx_word' id='word_1_237' title='bbox 1757 2971 1909 3055; x_wconf 66' lang='lat' dir='ltr'><strong>quain</strong></span> <span class='ocrx_word' id='word_1_238' title='bbox 1941 2985 2114 3037; x_wconf 79' lang='lat' dir='ltr'><strong>vidisti</strong></span> 
     </span>
    </p>
   </div>
   <div class='ocr_carea' id='block_1_34' title="bbox 582 3083 2120 3152">
    <p class='ocr_par' dir='ltr' id='par_1_34' title="bbox 582 3083 2120 3152">
     <span class='ocr_line' id='line_1_34' title="bbox 582 3083 2120 3152; baseline -0.008 -15"><span class='ocrx_word' id='word_1_239' title='bbox 582 3094 655 3137; x_wconf 82' lang='lat' dir='ltr'><strong>est</strong></span> <span class='ocrx_word' id='word_1_240' title='bbox 703 3086 880 3137; x_wconf 81' lang='lat' dir='ltr'><strong>civitas</strong></span> <span class='ocrx_word' id='word_1_241' title='bbox 928 3101 1113 3152; x_wconf 87' lang='lat' dir='ltr'><strong>magna</strong></span> <span class='ocrx_word' id='word_1_242' title='bbox 1171 3099 1284 3150; x_wconf 79' lang='lat' dir='ltr'><strong>qua:</strong></span> <span class='ocrx_word' id='word_1_243' title='bbox 1313 3083 1460 3132; x_wconf 81' lang='lat' dir='ltr'><strong>habet</strong></span> <span class='ocrx_word' id='word_1_244' title='bbox 1511 3095 1717 3147; x_wconf 84' lang='lat' dir='ltr'><strong>regnum</strong></span> <span class='ocrx_word' id='word_1_245' title='bbox 1768 3093 1919 3142; x_wconf 89' lang='lat' dir='ltr'><strong>super</strong></span> <span class='ocrx_word' id='word_1_246' title='bbox 1984 3091 2120 3142; x_wconf 87' lang='lat' dir='ltr'><strong>reges</strong></span> 
     </span>
    </p>
   </div>
   <div class='ocr_carea' id='block_1_35' title="bbox 587 3183 754 3222">
    <p class='ocr_par' dir='ltr' id='par_1_35' title="bbox 587 3183 754 3222">
     <span class='ocr_line' id='line_1_35' title="bbox 587 3183 754 3222; baseline -0.006 -1"><span class='ocrx_word' id='word_1_247' title='bbox 587 3183 754 3222; x_wconf 66' lang='grc' dir='ltr'><strong>ωτι-α’.</strong></span> 
     </span>
    </p>
   </div>
   <div class='ocr_carea' id='block_1_36' title="bbox 656 3412 2131 3486">
    <p class='ocr_par' dir='ltr' id='par_1_36' title="bbox 656 3412 2131 3486">
     <span class='ocr_line' id='line_1_36' title="bbox 656 3412 2131 3486; baseline -0.005 -17"><span class='ocrx_word' id='word_1_248' title='bbox 656 3421 790 3486; x_wconf 83' lang='lat' dir='ltr'><strong>Quid</strong></span> <span class='ocrx_word' id='word_1_249' title='bbox 817 3419 1122 3485; x_wconf 89' lang='lat' dir='ltr'><strong>signiticare</strong></span> <span class='ocrx_word' id='word_1_250' title='bbox 1157 3415 1317 3467; x_wconf 82' lang='lat' dir='ltr'><strong>velint</strong></span> <span class='ocrx_word' id='word_1_251' title='bbox 1348 3429 1547 3466; x_wconf 87' lang='lat' dir='ltr'><strong>cornua</strong></span> <span class='ocrx_word' id='word_1_252' title='bbox 1581 3413 1687 3478; x_wconf 73' lang='lat' dir='ltr'><strong>iam</strong></span> <span class='ocrx_word' id='word_1_253' title='bbox 1717 3412 2046 3477; x_wconf 85' lang='lat' dir='ltr'><strong>dictumest,</strong></span> <span class='ocrx_word' id='word_1_254' title='bbox 2079 3419 2131 3462; x_wconf 90' lang='lat' dir='ltr'><strong>et</strong></span> 
     </span>
    </p>
   </div>
   <div class='ocr_carea' id='block_1_37' title="bbox 591 3500 2130 3578">
    <p class='ocr_par' dir='ltr' id='par_1_37' title="bbox 591 3500 2130 3578">
     <span class='ocr_line' id='line_1_37' title="bbox 591 3500 2130 3578; baseline -0.006 -17"><span class='ocrx_word' id='word_1_255' title='bbox 591 3509 732 3578; x_wconf 88' lang='lat' dir='ltr'><strong>quod</strong></span> <span class='ocrx_word' id='word_1_256' title='bbox 765 3508 931 3560; x_wconf 87' lang='lat' dir='ltr'><strong>bestia</strong></span> <span class='ocrx_word' id='word_1_257' title='bbox 966 3505 1034 3556; x_wconf 92' lang='lat' dir='ltr'><strong>sit</strong></span> <span class='ocrx_word' id='word_1_258' title='bbox 1061 3503 1305 3555; x_wconf 89' lang='lat' dir='ltr'><strong>diabolus</strong></span> <span class='ocrx_word' id='word_1_259' title='bbox 1340 3504 1546 3554; x_wconf 88' lang='lat' dir='ltr'><strong>:variat</strong></span> <span class='ocrx_word' id='word_1_260' title='bbox 1574 3501 1714 3552; x_wconf 88' lang='lat' dir='ltr'><strong>enim</strong></span> <span class='ocrx_word' id='word_1_261' title='bbox 1751 3501 1802 3551; x_wconf 92' lang='lat' dir='ltr'><strong>in</strong></span> <span class='ocrx_word' id='word_1_262' title='bbox 1832 3500 2130 3566; x_wconf 77' lang='lat' dir='ltr'><strong>signiﬁcato</strong></span> 
     </span>
    </p>
   </div>
   <div class='ocr_carea' id='block_1_38' title="bbox 590 3588 2130 3658">
    <p class='ocr_par' dir='ltr' id='par_1_38' title="bbox 590 3588 2130 3658">
     <span class='ocr_line' id='line_1_38' title="bbox 590 3588 2130 3658; baseline -0.007 -7"><span class='ocrx_word' id='word_1_263' title='bbox 590 3598 790 3658; x_wconf 72' lang='lat' dir='ltr'><strong>bestice,</strong></span> <span class='ocrx_word' id='word_1_264' title='bbox 828 3593 1024 3646; x_wconf 82' lang='lat' dir='ltr'><strong>alicubi</strong></span> <span class='ocrx_word' id='word_1_265' title='bbox 1065 3593 1457 3644; x_wconf 76' lang='lat' dir='ltr'><strong>Anlit-ltristum</strong></span> <span class='ocrx_word' id='word_1_266' title='bbox 1511 3595 1580 3645; x_wconf 89' lang='lat' dir='ltr'><strong>ita</strong></span> <span class='ocrx_word' id='word_1_267' title='bbox 1638 3588 1955 3649; x_wconf 87' lang='lat' dir='ltr'><strong>nominans,</strong></span> <span class='ocrx_word' id='word_1_268' title='bbox 1998 3589 2130 3641; x_wconf 89' lang='lat' dir='ltr'><strong>alias</strong></span> 
     </span>
    </p>
   </div>
   <div class='ocr_carea' id='block_1_39' title="bbox 591 3680 2124 3752">
    <p class='ocr_par' dir='ltr' id='par_1_39' title="bbox 591 3680 2124 3752">
     <span class='ocr_line' id='line_1_39' title="bbox 591 3680 2124 3752; baseline -0.007 -11"><span class='ocrx_word' id='word_1_269' title='bbox 591 3698 767 3742; x_wconf 88' lang='lat' dir='ltr'><strong>autem</strong></span> <span class='ocrx_word' id='word_1_270' title='bbox 809 3696 861 3738; x_wconf 85' lang='lat' dir='ltr'><strong>et</strong></span> <span class='ocrx_word' id='word_1_271' title='bbox 893 3684 1167 3737; x_wconf 90' lang='lat' dir='ltr'><strong>Satanam.</strong></span> <span class='ocrx_word' id='word_1_272' title='bbox 1207 3683 1374 3752; x_wconf 79' lang='lat' dir='ltr'><strong>Reges</strong></span> <span class='ocrx_word' id='word_1_273' title='bbox 1413 3683 1595 3751; x_wconf 82' lang='lat' dir='ltr'><strong>igitur,</strong></span> <span class='ocrx_word' id='word_1_274' title='bbox 1634 3680 1825 3748; x_wconf 87' lang='lat' dir='ltr'><strong>inquit,</strong></span> <span class='ocrx_word' id='word_1_275' title='bbox 1855 3680 1945 3745; x_wconf 76' lang='lat' dir='ltr'><strong>qui</strong></span> <span class='ocrx_word' id='word_1_276' title='bbox 1974 3689 2124 3731; x_wconf 87' lang='lat' dir='ltr'><strong>ante-</strong></span> 
     </span>
    </p>
   </div>
   <div class='ocr_carea' id='block_1_40' title="bbox 593 3771 2130 3847">
    <p class='ocr_par' dir='ltr' id='par_1_40' title="bbox 593 3771 2130 3847">
     <span class='ocr_line' id='line_1_40' title="bbox 593 3771 2130 3847; baseline -0.007 -15"><span class='ocrx_word' id='word_1_277' title='bbox 593 3782 687 3832; x_wconf 84' lang='lat' dir='ltr'><strong>hac</strong></span> <span class='ocrx_word' id='word_1_278' title='bbox 709 3794 799 3847; x_wconf 87' lang='lat' dir='ltr'><strong>per</strong></span> <span class='ocrx_word' id='word_1_279' title='bbox 827 3777 1186 3843; x_wconf 75' lang='lat' dir='ltr'><strong>onerationem</strong></span> <span class='ocrx_word' id='word_1_280' title='bbox 1217 3775 1426 3828; x_wconf 75' lang='lat' dir='ltr'><strong>Satanae</strong></span> <span class='ocrx_word' id='word_1_281' title='bbox 1458 3774 1745 3827; x_wconf 80' lang='lat' dir='ltr'><strong>crudeliter</strong></span> <span class='ocrx_word' id='word_1_282' title='bbox 1777 3771 1948 3824; x_wconf 84' lang='lat' dir='ltr'><strong>allecti</strong></span> <span class='ocrx_word' id='word_1_283' title='bbox 1979 3779 2130 3824; x_wconf 89' lang='lat' dir='ltr'><strong>erant</strong></span> 
     </span>
    </p>
   </div>
   <div class='ocr_carea' id='block_1_41' title="bbox 591 3854 2130 3938">
    <p class='ocr_par' dir='ltr' id='par_1_41' title="bbox 591 3854 2130 3938">
     <span class='ocr_line' id='line_1_41' title="bbox 591 3854 2130 3938; baseline -0.008 -14"><span class='ocrx_word' id='word_1_284' title='bbox 591 3886 712 3929; x_wconf 68' lang='lat' dir='ltr'><strong>erga</strong></span> <span class='ocrx_word' id='word_1_285' title='bbox 749 3886 965 3938; x_wconf 85' lang='lat' dir='ltr'><strong>agnum,</strong></span> <span class='ocrx_word' id='word_1_286' title='bbox 1029 3869 1116 3921; x_wconf 86' lang='lat' dir='ltr'><strong>Dei</strong></span> <span class='ocrx_word' id='word_1_287' title='bbox 1170 3868 1535 3920; x_wconf 81' lang='lat' dir='ltr'><strong>admonitione</strong></span> <span class='ocrx_word' id='word_1_288' title='bbox 1562 3865 1683 3918; x_wconf 89' lang='lat' dir='ltr'><strong>odio</strong></span> <span class='ocrx_word' id='word_1_289' title='bbox 1741 3854 2130 3931; x_wconf 77' lang='lat' dir='ltr'><strong>prosequentur</strong></span> 
     </span>
    </p>
   </div>
   <div class='ocr_carea' id='block_1_42' title="bbox 592 3956 2132 4024">
    <p class='ocr_par' dir='ltr' id='par_1_42' title="bbox 592 3956 2132 4024">
     <span class='ocr_line' id='line_1_42' title="bbox 592 3956 2132 4024; baseline -0.007 -12"><span class='ocrx_word' id='word_1_290' title='bbox 592 3961 944 4020; x_wconf 89' lang='lat' dir='ltr'><strong>meretricem,</strong></span> <span class='ocrx_word' id='word_1_291' title='bbox 984 3957 1034 4010; x_wconf 90' lang='lat' dir='ltr'><strong>id</strong></span> <span class='ocrx_word' id='word_1_292' title='bbox 1066 3967 1166 4021; x_wconf 88' lang='lat' dir='ltr'><strong>est,</strong></span> <span class='ocrx_word' id='word_1_293' title='bbox 1194 3958 1566 4024; x_wconf 73' lang='lat' dir='ltr'><strong>voluptuosam</strong></span> <span class='ocrx_word' id='word_1_294' title='bbox 1607 3956 1657 4006; x_wconf 91' lang='lat' dir='ltr'><strong>in</strong></span> <span class='ocrx_word' id='word_1_295' title='bbox 1689 3956 1794 4006; x_wconf 82' lang='lat' dir='ltr'><strong>vita</strong></span> <span class='ocrx_word' id='word_1_296' title='bbox 1844 3966 2132 4004; x_wconf 84' lang='lat' dir='ltr'><strong>conversa-</strong></span> 
     </span>
    </p>
   </div>
   <div class='ocr_carea' id='block_1_43' title="bbox 593 4043 2133 4113">
    <p class='ocr_par' dir='ltr' id='par_1_43' title="bbox 593 4043 2133 4113">
     <span class='ocr_line' id='line_1_43' title="bbox 593 4043 2133 4113; baseline -0.009 -11"><span class='ocrx_word' id='word_1_297' title='bbox 593 4051 786 4102; x_wconf 89' lang='lat' dir='ltr'><strong>tionem</strong></span> <span class='ocrx_word' id='word_1_298' title='bbox 822 4067 834 4100; x_wconf 86' lang='lat'><strong>:</strong></span> <span class='ocrx_word' id='word_1_299' title='bbox 868 4048 1156 4102; x_wconf 85' lang='lat' dir='ltr'><strong>desolatam</strong></span> <span class='ocrx_word' id='word_1_300' title='bbox 1186 4061 1396 4113; x_wconf 86' lang='lat' dir='ltr'><strong>quoque</strong></span> <span class='ocrx_word' id='word_1_301' title='bbox 1435 4045 1660 4096; x_wconf 74' lang='lat' dir='ltr'><strong>efficient</strong></span> <span class='ocrx_word' id='word_1_302' title='bbox 1700 4043 2053 4094; x_wconf 67' lang='lat' dir='ltr'><strong>idololatrian]</strong></span> <span class='ocrx_word' id='word_1_303' title='bbox 2082 4047 2133 4089; x_wconf 83' lang='lat' dir='ltr'><strong>ct</strong></span> 
     </span>
    </p>
   </div>
   <div class='ocr_carea' id='block_1_44' title="bbox 595 4129 2128 4201">
    <p class='ocr_par' dir='ltr' id='par_1_44' title="bbox 595 4129 2128 4201">
     <span class='ocr_line' id='line_1_44' title="bbox 595 4129 2128 4201; baseline -0.007 -10"><span class='ocrx_word' id='word_1_304' title='bbox 595 4139 830 4191; x_wconf 86' lang='lat' dir='ltr'><strong>delubris</strong></span> <span class='ocrx_word' id='word_1_305' title='bbox 871 4153 932 4189; x_wconf 90' lang='lat' dir='ltr'><strong>ac</strong></span> <span class='ocrx_word' id='word_1_306' title='bbox 980 4138 1192 4187; x_wconf 82' lang='lat' dir='ltr'><strong>vatibus</strong></span> <span class='ocrx_word' id='word_1_307' title='bbox 1235 4136 1521 4201; x_wconf 88' lang='lat' dir='ltr'><strong>privabunt</strong></span> <span class='ocrx_word' id='word_1_308' title='bbox 1555 4150 1567 4183; x_wconf 90' lang='lat'><strong>:</strong></span> <span class='ocrx_word' id='word_1_309' title='bbox 1604 4139 1656 4183; x_wconf 91' lang='lat' dir='ltr'><strong>et</strong></span> <span class='ocrx_word' id='word_1_310' title='bbox 1697 4145 1886 4181; x_wconf 84' lang='lat' dir='ltr'><strong>carnes</strong></span> <span class='ocrx_word' id='word_1_311' title='bbox 1941 4129 2128 4194; x_wconf 86' lang='lat' dir='ltr'><strong>ipsius,</strong></span> 
     </span>
    </p>
   </div>
   <div class='ocr_carea' id='block_1_45' title="bbox 2212 416 3757 486">
    <p class='ocr_par' dir='ltr' id='par_1_45' title="bbox 2212 416 3757 486">
     <span class='ocr_line' id='line_1_45' title="bbox 2212 416 3757 486; baseline 0.001 -19"><span class='ocrx_word' id='word_1_312' title='bbox 2212 418 2286 485; x_wconf 83' lang='grc' dir='ltr'>τῷ</span> <span class='ocrx_word' id='word_1_313' title='bbox 2344 419 2685 486; x_wconf 84' lang='grc' dir='ltr'>Ἀντιχρίστῳ</span> <span class='ocrx_word' id='word_1_314' title='bbox 2738 417 2814 484; x_wconf 86' lang='grc' dir='ltr'>τῷ</span> <span class='ocrx_word' id='word_1_315' title='bbox 2869 417 3180 484; x_wconf 73' lang='grc' dir='ltr'><strong>ὑπερέχοντι</strong></span> <span class='ocrx_word' id='word_1_316' title='bbox 3219 416 3644 484; x_wconf 80' lang='grc' dir='ltr'>ὑποταγήσονται</span> <span class='ocrx_word' id='word_1_317' title='bbox 3673 433 3684 445; x_wconf 89' lang='grc'><em>’</em></span> <span class='ocrx_word' id='word_1_318' title='bbox 3716 417 3757 484; x_wconf 71' lang='grc' dir='ltr'><strong>ἢ</strong></span> 
     </span>
    </p>
   </div>
   <div class='ocr_carea' id='block_1_46' title="bbox 2211 503 3425 575">
    <p class='ocr_par' dir='ltr' id='par_1_46' title="bbox 2211 503 3425 575">
     <span class='ocr_line' id='line_1_46' title="bbox 2211 503 3425 575; baseline 0 -18"><span class='ocrx_word' id='word_1_319' title='bbox 2211 508 2304 558; x_wconf 69' lang='grc' dir='ltr'>καὶ</span> <span class='ocrx_word' id='word_1_320' title='bbox 2326 507 2490 575; x_wconf 83' lang='grc' dir='ltr'>ὥραν,</span> <span class='ocrx_word' id='word_1_321' title='bbox 2518 509 2607 559; x_wconf 74' lang='grc' dir='ltr'><strong>τὸν</strong></span> <span class='ocrx_word' id='word_1_322' title='bbox 2634 505 3023 558; x_wconf 82' lang='grc' dir='ltr'>ἀπολαυστικὸν</span> <span class='ocrx_word' id='word_1_323' title='bbox 3050 505 3162 572; x_wconf 80' lang='grc' dir='ltr'>βίον</span> <span class='ocrx_word' id='word_1_324' title='bbox 3192 503 3425 573; x_wconf 83' lang='grc' dir='ltr'>νοητέον.</span> 
     </span>
    </p>
   </div>
   <div class='ocr_carea' id='block_1_47' title="bbox 2281 589 3755 663">
    <p class='ocr_par' dir='ltr' id='par_1_47' title="bbox 2281 589 3755 663">
     <span class='ocr_line' id='line_1_47' title="bbox 2281 589 3755 663; baseline -0.005 -16"><span class='ocrx_word' id='word_1_325' title='bbox 2281 596 2385 647; x_wconf 88' lang='lat' dir='ltr'><strong>Kal</strong></span> <span class='ocrx_word' id='word_1_326' title='bbox 2425 597 2488 648; x_wconf 86' lang='grc' dir='ltr'><strong>τὸ</strong></span> <span class='ocrx_word' id='word_1_327' title='bbox 2530 597 2735 663; x_wconf 81' lang='grc' dir='ltr'><em>ἀρνίον</em></span> <span class='ocrx_word' id='word_1_328' title='bbox 2770 593 3001 657; x_wconf 80' lang='grc' dir='ltr'><strong>νικήσει</strong></span> <span class='ocrx_word' id='word_1_329' title='bbox 3035 592 3362 654; x_wconf 81' lang='grc' dir='ltr'><strong>αὐτοὺς.....</strong></span> <span class='ocrx_word' id='word_1_330' title='bbox 3408 592 3502 643; x_wconf 76' lang='lat' dir='ltr'><strong>xal</strong></span> <span class='ocrx_word' id='word_1_331' title='bbox 3544 593 3598 642; x_wconf 78' lang='grc' dir='ltr'>οἱ</span> <span class='ocrx_word' id='word_1_332' title='bbox 3625 589 3755 656; x_wconf 79' lang='grc' dir='ltr'>μετ’</span> 
     </span>
    </p>
   </div>
   <div class='ocr_carea' id='block_1_48' title="bbox 2212 681 3760 749">
    <p class='ocr_par' dir='ltr' id='par_1_48' title="bbox 2212 681 3760 749">
     <span class='ocr_line' id='line_1_48' title="bbox 2212 681 3760 749; baseline -0.004 -13"><span class='ocrx_word' id='word_1_333' title='bbox 2212 685 2394 737; x_wconf 76' lang='grc' dir='ltr'>αὑτοῦ</span> <span class='ocrx_word' id='word_1_334' title='bbox 2423 686 2649 749; x_wconf 69' lang='grc' dir='ltr'>κλητοί.</span> <span class='ocrx_word' id='word_1_335' title='bbox 2683 685 2917 744; x_wconf 78' lang='grc' dir='ltr'><strong>Εἰκότως</strong></span> <span class='ocrx_word' id='word_1_336' title='bbox 2964 683 3038 744; x_wconf 83' lang='grc' dir='ltr'>ὡς</span> <span class='ocrx_word' id='word_1_337' title='bbox 3070 683 3161 734; x_wconf 74' lang='grc' dir='ltr'><strong>καὶ</strong></span> <span class='ocrx_word' id='word_1_338' title='bbox 3193 681 3393 748; x_wconf 82' lang='grc' dir='ltr'>Κύριος</span> <span class='ocrx_word' id='word_1_339' title='bbox 3423 681 3622 748; x_wconf 75' lang='grc' dir='ltr'>κυρίων</span> <span class='ocrx_word' id='word_1_340' title='bbox 3660 681 3760 731; x_wconf 71' lang='grc' dir='ltr'><strong>καὶ</strong></span> 
     </span>
    </p>
   </div>
   <div class='ocr_carea' id='block_1_49' title="bbox 2213 769 3753 841">
    <p class='ocr_par' dir='ltr' id='par_1_49' title="bbox 2213 769 3753 841">
     <span class='ocr_line' id='line_1_49' title="bbox 2213 769 3753 841; baseline -0.006 -15"><span class='ocrx_word' id='word_1_341' title='bbox 2213 774 2469 835; x_wconf 80' lang='grc' dir='ltr'>Βασιλεὺς</span> <span class='ocrx_word' id='word_1_342' title='bbox 2520 774 2798 841; x_wconf 85' lang='grc' dir='ltr'>βασιλέων,</span> <span class='ocrx_word' id='word_1_343' title='bbox 2836 773 2928 824; x_wconf 69' lang='grc' dir='ltr'><strong>καὶ</strong></span> <span class='ocrx_word' id='word_1_344' title='bbox 2968 770 3302 824; x_wconf 75' lang='grc' dir='ltr'>ὑπασπισταὶ</span> <span class='ocrx_word' id='word_1_345' title='bbox 3348 769 3509 820; x_wconf 77' lang='grc' dir='ltr'>αὐτοῦ</span> <span class='ocrx_word' id='word_1_346' title='bbox 3544 769 3753 836; x_wconf 66' lang='grc' dir='ltr'>κλητοὶ,</span> 
     </span>
    </p>
   </div>
   <div class='ocr_carea' id='block_1_50' title="bbox 2211 856 3754 933">
    <p class='ocr_par' dir='ltr' id='par_1_50' title="bbox 2211 856 3754 933">
     <span class='ocr_line' id='line_1_50' title="bbox 2211 856 3754 933; baseline -0.006 -18"><span class='ocrx_word' id='word_1_347' title='bbox 2211 863 2308 933; x_wconf 78' lang='grc' dir='ltr'>τὴν</span> <span class='ocrx_word' id='word_1_348' title='bbox 2345 864 2530 933; x_wconf 80' lang='grc' dir='ltr'>κλῆσιν</span> <span class='ocrx_word' id='word_1_349' title='bbox 2561 864 2617 914; x_wconf 87' lang='grc' dir='ltr'><strong>οὐ</strong></span> <span class='ocrx_word' id='word_1_350' title='bbox 2655 862 2794 915; x_wconf 80' lang='grc' dir='ltr'>κατὰ</span> <span class='ocrx_word' id='word_1_351' title='bbox 2824 861 2884 913; x_wconf 80' lang='grc' dir='ltr'><strong>τὸ</strong></span> <span class='ocrx_word' id='word_1_352' title='bbox 2913 861 3165 927; x_wconf 68' lang='grc' dir='ltr'>ἐπιτυχὸν</span> <span class='ocrx_word' id='word_1_353' title='bbox 3198 858 3428 926; x_wconf 75' lang='grc' dir='ltr'>ἔχοντες,</span> <span class='ocrx_word' id='word_1_354' title='bbox 3454 856 3585 909; x_wconf 79' lang='grc' dir='ltr'>ἀλλὰ</span> <span class='ocrx_word' id='word_1_355' title='bbox 3612 859 3754 908; x_wconf 73' lang='grc' dir='ltr'>κατὰ</span> 
     </span>
    </p>
   </div>
   <div class='ocr_carea' id='block_1_51' title="bbox 2213 943 3756 1020">
    <p class='ocr_par' dir='ltr' id='par_1_51' title="bbox 2213 943 3756 1020">
     <span class='ocr_line' id='line_1_51' title="bbox 2213 943 3756 1020; baseline -0.008 -16"><span class='ocrx_word' id='word_1_356' title='bbox 2213 953 2273 1004; x_wconf 82' lang='grc' dir='ltr'><strong>τὸ</strong></span> <span class='ocrx_word' id='word_1_357' title='bbox 2314 952 2518 1020; x_wconf 81' lang='grc' dir='ltr'>καίριον</span> <span class='ocrx_word' id='word_1_358' title='bbox 2544 953 2636 1004; x_wconf 76' lang='grc' dir='ltr'>καὶ</span> <span class='ocrx_word' id='word_1_359' title='bbox 2670 949 3096 1018; x_wconf 76' lang='grc' dir='ltr'>διηκριϐωμένον</span> <span class='ocrx_word' id='word_1_360' title='bbox 3138 948 3229 999; x_wconf 73' lang='grc' dir='ltr'>καὶ</span> <span class='ocrx_word' id='word_1_361' title='bbox 3273 945 3617 1014; x_wconf 82' lang='grc' dir='ltr'>ἀμετάθετον.</span> <span class='ocrx_word' id='word_1_362' title='bbox 3663 943 3756 993; x_wconf 82' lang='grc' dir='ltr'>Διὸ</span> 
     </span>
    </p>
   </div>
   <div class='ocr_carea' id='block_1_52' title="bbox 2214 1032 3752 1103">
    <p class='ocr_par' dir='ltr' id='par_1_52' title="bbox 2214 1032 3752 1103">
     <span class='ocr_line' id='line_1_52' title="bbox 2214 1032 3752 1103; baseline -0.007 -12"><span class='ocrx_word' id='word_1_363' title='bbox 2214 1041 2305 1092; x_wconf 68' lang='grc' dir='ltr'><strong>καὶ</strong></span> <span class='ocrx_word' id='word_1_364' title='bbox 2332 1040 2531 1100; x_wconf 79' lang='grc' dir='ltr'>πιστοὶ,</span> <span class='ocrx_word' id='word_1_365' title='bbox 2558 1040 2636 1090; x_wconf 81' lang='grc' dir='ltr'><strong>ὅτι</strong></span> <span class='ocrx_word' id='word_1_366' title='bbox 2667 1041 2694 1090; x_wconf 83' lang='grc' dir='ltr'>ὁ</span> <span class='ocrx_word' id='word_1_367' title='bbox 2729 1037 2912 1098; x_wconf 79' lang='grc' dir='ltr'>πιστὸς</span> <span class='ocrx_word' id='word_1_368' title='bbox 2942 1037 3022 1088; x_wconf 71' lang='grc' dir='ltr'>ἑνὶ</span> <span class='ocrx_word' id='word_1_369' title='bbox 3051 1035 3370 1103; x_wconf 80' lang='grc' dir='ltr'>προσανέχει</span> <span class='ocrx_word' id='word_1_370' title='bbox 3401 1032 3659 1101; x_wconf 85' lang='grc' dir='ltr'>Δεσπότῃ,</span> <span class='ocrx_word' id='word_1_371' title='bbox 3691 1032 3752 1082; x_wconf 80' lang='grc' dir='ltr'><strong>ού</strong></span> 
     </span>
    </p>
   </div>
   <div class='ocr_carea' id='block_1_53' title="bbox 2213 1124 3208 1194">
    <p class='ocr_par' dir='ltr' id='par_1_53' title="bbox 2213 1124 3208 1194">
     <span class='ocr_line' id='line_1_53' title="bbox 2213 1124 3208 1194; baseline -0.006 -14"><span class='ocrx_word' id='word_1_372' title='bbox 2213 1128 2502 1194; x_wconf 82' lang='grc' dir='ltr'>δυνάμενος</span> <span class='ocrx_word' id='word_1_373' title='bbox 2534 1126 2651 1176; x_wconf 71' lang='grc' dir='ltr'>δυσὶ</span> <span class='ocrx_word' id='word_1_374' title='bbox 2682 1125 2887 1193; x_wconf 76' lang='grc' dir='ltr'>κυρίοις</span> <span class='ocrx_word' id='word_1_375' title='bbox 2922 1124 3208 1176; x_wconf 78' lang='grc' dir='ltr'><strong>δουλεύειν.</strong></span> 
     </span>
    </p>
   </div>
   <div class='ocr_carea' id='block_1_54' title="bbox 2290 1208 3751 1282">
    <p class='ocr_par' dir='ltr' id='par_1_54' title="bbox 2290 1208 3751 1282">
     <span class='ocr_line' id='line_1_54' title="bbox 2290 1208 3751 1282; baseline -0.008 -13"><span class='ocrx_word' id='word_1_376' title='bbox 2290 1216 2361 1270; x_wconf 85' lang='grc' dir='ltr'><em>Τὰ</em></span> <span class='ocrx_word' id='word_1_377' title='bbox 2393 1215 2576 1267; x_wconf 79' lang='grc' dir='ltr'>ὕδατα</span> <span class='ocrx_word' id='word_1_378' title='bbox 2612 1212 2647 1266; x_wconf 85' lang='lat' dir='ltr'><strong>d</strong></span> <span class='ocrx_word' id='word_1_379' title='bbox 2692 1211 2862 1278; x_wconf 75' lang='grc' dir='ltr'>εἶδες.</span> <span class='ocrx_word' id='word_1_380' title='bbox 2908 1213 3230 1282; x_wconf 85' lang='grc' dir='ltr'>Προείρηται</span> <span class='ocrx_word' id='word_1_381' title='bbox 3281 1213 3410 1280; x_wconf 73' lang='grc' dir='ltr'>ἡμῖν</span> <span class='ocrx_word' id='word_1_382' title='bbox 3447 1211 3572 1279; x_wconf 61' lang='grc' dir='ltr'><strong>περ)⁸</strong></span> <span class='ocrx_word' id='word_1_383' title='bbox 3627 1208 3751 1260; x_wconf 83' lang='grc' dir='ltr'>τού-</span> 
     </span>
    </p>
   </div>
   <div class='ocr_carea' id='block_1_55' title="bbox 2215 1298 3755 1374">
    <p class='ocr_par' dir='ltr' id='par_1_55' title="bbox 2215 1298 3755 1374">
     <span class='ocr_line' id='line_1_55' title="bbox 2215 1298 3755 1374; baseline -0.004 -14"><span class='ocrx_word' id='word_1_384' title='bbox 2215 1324 2346 1370; x_wconf 90' lang='grc' dir='ltr'>των,</span> <span class='ocrx_word' id='word_1_385' title='bbox 2385 1305 2657 1374; x_wconf 80' lang='grc' dir='ltr'>τροπικῶς</span> <span class='ocrx_word' id='word_1_386' title='bbox 2691 1305 2782 1355; x_wconf 67' lang='grc' dir='ltr'><strong>καὶ</strong></span> <span class='ocrx_word' id='word_1_387' title='bbox 2817 1303 3055 1370; x_wconf 82' lang='grc' dir='ltr'>φυσικῶς</span> <span class='ocrx_word' id='word_1_388' title='bbox 3091 1304 3187 1373; x_wconf 81' lang='grc' dir='ltr'>τὴν</span> <span class='ocrx_word' id='word_1_389' title='bbox 3221 1303 3322 1370; x_wconf 86' lang='grc' dir='ltr'>γῆν</span> <span class='ocrx_word' id='word_1_390' title='bbox 3362 1298 3497 1354; x_wconf 76' lang='grc' dir='ltr'>εἶναι</span> <span class='ocrx_word' id='word_1_391' title='bbox 3535 1301 3592 1363; x_wconf 77' lang='grc' dir='ltr'><strong>ἐξ</strong></span> <span class='ocrx_word' id='word_1_392' title='bbox 3623 1301 3755 1354; x_wconf 78' lang='grc' dir='ltr'><strong>ὑδά-</strong></span> 
     </span>
    </p>
   </div>
   <div class='ocr_carea' id='block_1_56' title="bbox 2213 1382 3757 1461">
    <p class='ocr_par' dir='ltr' id='par_1_56' title="bbox 2213 1382 3757 1461">
     <span class='ocr_line' id='line_1_56' title="bbox 2213 1382 3757 1461; baseline -0.007 -12"><span class='ocrx_word' id='word_1_393' title='bbox 2213 1414 2339 1458; x_wconf 86' lang='grc' dir='ltr'>των,</span> <span class='ocrx_word' id='word_1_394' title='bbox 2368 1395 2461 1446; x_wconf 75' lang='grc' dir='ltr'>καὶ</span> <span class='ocrx_word' id='word_1_395' title='bbox 2492 1396 2547 1446; x_wconf 81' lang='grc' dir='ltr'>ἐν</span> <span class='ocrx_word' id='word_1_396' title='bbox 2577 1392 2730 1445; x_wconf 76' lang='grc' dir='ltr'>ὕδασι</span> <span class='ocrx_word' id='word_1_397' title='bbox 2753 1391 3116 1456; x_wconf 78' lang='grc' dir='ltr'>διατελοῦσαν,</span> <span class='ocrx_word' id='word_1_398' title='bbox 3149 1395 3206 1443; x_wconf 88' lang='grc' dir='ltr'><strong>ἐν</strong></span> <span class='ocrx_word' id='word_1_399' title='bbox 3295 1393 3322 1443; x_wconf 84' lang='grc' dir='ltr'>ὁ</span> <span class='ocrx_word' id='word_1_400' title='bbox 3350 1390 3578 1458; x_wconf 74' lang='grc' dir='ltr'>φθαρτὸς</span> <span class='ocrx_word' id='word_1_401' title='bbox 3603 1382 3757 1448; x_wconf 74' lang='grc' dir='ltr'>οὗτος</span> 
     </span>
    </p>
   </div>
   <div class='ocr_carea' id='block_1_57' title="bbox 2217 1479 3754 1552">
    <p class='ocr_par' dir='ltr' id='par_1_57' title="bbox 2217 1479 3754 1552">
     <span class='ocr_line' id='line_1_57' title="bbox 2217 1479 3754 1552; baseline -0.006 -13"><span class='ocrx_word' id='word_1_402' title='bbox 2217 1488 2306 1539; x_wconf 74' lang='grc' dir='ltr'><strong>καὶ</strong></span> <span class='ocrx_word' id='word_1_403' title='bbox 2346 1486 2584 1552; x_wconf 86' lang='grc' dir='ltr'>διύγροις</span> <span class='ocrx_word' id='word_1_404' title='bbox 2623 1482 3196 1551; x_wconf 78' lang='grc' dir='ltr'>ἡδοναῖς-διαγόμενος</span> <span class='ocrx_word' id='word_1_405' title='bbox 3233 1481 3492 1550; x_wconf 74' lang='grc' dir='ltr'>ἧδρασται</span> <span class='ocrx_word' id='word_1_406' title='bbox 3531 1479 3754 1545; x_wconf 70' lang='grc' dir='ltr'>κόσμος.</span> 
     </span>
    </p>
   </div>
   <div class='ocr_carea' id='block_1_58' title="bbox 2219 1561 3758 1637">
    <p class='ocr_par' dir='ltr' id='par_1_58' title="bbox 2219 1561 3758 1637">
     <span class='ocr_line' id='line_1_58' title="bbox 2219 1561 3758 1637; baseline -0.008 -12"><span class='ocrx_word' id='word_1_407' title='bbox 2219 1576 2438 1632; x_wconf 78' lang='grc' dir='ltr'>Πάντως</span> <span class='ocrx_word' id='word_1_408' title='bbox 2463 1573 2517 1623; x_wconf 67' lang='grc' dir='ltr'>δὲ</span> <span class='ocrx_word' id='word_1_409' title='bbox 2563 1571 2662 1622; x_wconf 83' lang='grc' dir='ltr'><strong>ούκ</strong></span> <span class='ocrx_word' id='word_1_410' title='bbox 2693 1568 2862 1630; x_wconf 78' lang='grc' dir='ltr'>ἄλλως</span> <span class='ocrx_word' id='word_1_411' title='bbox 2893 1568 2925 1637; x_wconf 78' lang='grc' dir='ltr'>ἢ</span> <span class='ocrx_word' id='word_1_412' title='bbox 2952 1567 3119 1626; x_wconf 77' lang='grc' dir='ltr'>οὕτως</span> <span class='ocrx_word' id='word_1_413' title='bbox 3154 1567 3300 1632; x_wconf 74' lang='grc' dir='ltr'>παρὰ</span> <span class='ocrx_word' id='word_1_414' title='bbox 3338 1565 3404 1616; x_wconf 83' lang='grc' dir='ltr'>τὰ</span> <span class='ocrx_word' id='word_1_415' title='bbox 3446 1561 3758 1631; x_wconf 82' lang='grc' dir='ltr'>ἀνθρώπινα</span> 
     </span>
    </p>
   </div>
   <div class='ocr_carea' id='block_1_59' title="bbox 2212 1652 3754 1730">
    <p class='ocr_par' dir='ltr' id='par_1_59' title="bbox 2212 1652 3754 1730">
     <span class='ocr_line' id='line_1_59' title="bbox 2212 1652 3754 1730; baseline -0.01 -15"><span class='ocrx_word' id='word_1_416' title='bbox 2212 1664 2340 1730; x_wconf 84' lang='grc' dir='ltr'><strong>γένη</strong></span> <span class='ocrx_word' id='word_1_417' title='bbox 2391 1663 2610 1721; x_wconf 81' lang='grc' dir='ltr'><strong>νοεῖται,</strong></span> <span class='ocrx_word' id='word_1_418' title='bbox 2685 1657 2825 1725; x_wconf 71' lang='grc' dir='ltr'>ἅπερ</span> <span class='ocrx_word' id='word_1_419' title='bbox 2884 1656 3010 1723; x_wconf 73' lang='grc' dir='ltr'>ἔθνη</span> <span class='ocrx_word' id='word_1_420' title='bbox 3061 1656 3165 1706; x_wconf 69' lang='grc' dir='ltr'>εἰσὶ</span> <span class='ocrx_word' id='word_1_421' title='bbox 3212 1657 3275 1720; x_wconf 83' lang='grc' dir='ltr'><strong>τῇ</strong></span> <span class='ocrx_word' id='word_1_422' title='bbox 3319 1653 3554 1720; x_wconf 77' lang='grc' dir='ltr'>διαφόρῳ</span> <span class='ocrx_word' id='word_1_423' title='bbox 3605 1652 3754 1718; x_wconf 83' lang='grc' dir='ltr'>φωνῇ</span> 
     </span>
    </p>
   </div>
   <div class='ocr_carea' id='block_1_60' title="bbox 2212 1738 3758 1817">
    <p class='ocr_par' dir='ltr' id='par_1_60' title="bbox 2212 1738 3758 1817">
     <span class='ocr_line' id='line_1_60' title="bbox 2212 1738 3758 1817; baseline -0.012 -14"><span class='ocrx_word' id='word_1_424' title='bbox 2212 1749 2658 1817; x_wconf 85' lang='grc' dir='ltr'>διαστελλόμενα,</span> <span class='ocrx_word' id='word_1_425' title='bbox 2695 1747 2829 1812; x_wconf 84' lang='grc' dir='ltr'>πρὸς</span> <span class='ocrx_word' id='word_1_426' title='bbox 2866 1745 2919 1796; x_wconf 82' lang='grc' dir='ltr'>δὲ</span> <span class='ocrx_word' id='word_1_427' title='bbox 2972 1743 3180 1802; x_wconf 80' lang='grc' dir='ltr'>τούτοις</span> <span class='ocrx_word' id='word_1_428' title='bbox 3230 1741 3320 1792; x_wconf 70' lang='grc' dir='ltr'><strong>καὶ</strong></span> <span class='ocrx_word' id='word_1_429' title='bbox 3375 1740 3441 1790; x_wconf 81' lang='grc' dir='ltr'>τὰ</span> <span class='ocrx_word' id='word_1_430' title='bbox 3493 1738 3758 1806; x_wconf 84' lang='grc' dir='ltr'>βασιλέων</span> 
     </span>
    </p>
   </div>
   <div class='ocr_carea' id='block_1_61' title="bbox 2214 1826 3760 1911">
    <p class='ocr_par' dir='ltr' id='par_1_61' title="bbox 2214 1826 3760 1911">
     <span class='ocr_line' id='line_1_61' title="bbox 2214 1826 3760 1911; baseline -0.013 -17"><span class='ocrx_word' id='word_1_431' title='bbox 2214 1844 2383 1911; x_wconf 81' lang='grc' dir='ltr'>κράτη</span> <span class='ocrx_word' id='word_1_432' title='bbox 2435 1838 2857 1906; x_wconf 77' lang='grc' dir='ltr'>συντηρούμενα.</span> <span class='ocrx_word' id='word_1_433' title='bbox 2898 1833 3065 1886; x_wconf 71' lang='grc' dir='ltr'>Τοῦτο</span> <span class='ocrx_word' id='word_1_434' title='bbox 3107 1831 3214 1900; x_wconf 74' lang='grc' dir='ltr'><strong>γὰρ</strong></span> <span class='ocrx_word' id='word_1_435' title='bbox 3260 1831 3316 1882; x_wconf 78' lang='grc' dir='ltr'>τὺ</span> <span class='ocrx_word' id='word_1_436' title='bbox 3358 1830 3524 1897; x_wconf 84' lang='grc' dir='ltr'>κέρας</span> <span class='ocrx_word' id='word_1_437' title='bbox 3567 1826 3760 1894; x_wconf 80' lang='grc' dir='ltr'>δηλοῦν</span> 
     </span>
    </p>
   </div>
   <div class='ocr_carea' id='block_1_62' title="bbox 2215 1912 3760 1998">
    <p class='ocr_par' dir='ltr' id='par_1_62' title="bbox 2215 1912 3760 1998">
     <span class='ocr_line' id='line_1_62' title="bbox 2215 1912 3760 1998; baseline -0.013 -17"><span class='ocrx_word' id='word_1_438' title='bbox 2215 1930 2489 1998; x_wconf 82' lang='grc' dir='ltr'>βούλεται,</span> <span class='ocrx_word' id='word_1_439' title='bbox 2534 1926 2639 1978; x_wconf 81' lang='grc' dir='ltr'><strong>ἀπὸ</strong></span> <span class='ocrx_word' id='word_1_440' title='bbox 2685 1923 2788 1974; x_wconf 84' lang='grc' dir='ltr'>τῶν</span> <span class='ocrx_word' id='word_1_441' title='bbox 2833 1921 3185 1990; x_wconf 76' lang='grc' dir='ltr'>κερασφόρων</span> <span class='ocrx_word' id='word_1_442' title='bbox 3223 1917 3375 1978; x_wconf 78' lang='grc' dir='ltr'><strong>ζώων</strong></span> <span class='ocrx_word' id='word_1_443' title='bbox 3428 1915 3606 1967; x_wconf 71' lang='grc' dir='ltr'>λαϐὼν</span> <span class='ocrx_word' id='word_1_444' title='bbox 3659 1912 3760 1979; x_wconf 82' lang='grc' dir='ltr'><strong>τὴν</strong></span> 
     </span>
    </p>
   </div>
   <div class='ocr_carea' id='block_1_63' title="bbox 2211 2004 3762 2088">
    <p class='ocr_par' dir='ltr' id='par_1_63' title="bbox 2211 2004 3762 2088">
     <span class='ocr_line' id='line_1_63' title="bbox 2211 2004 3762 2088; baseline -0.013 -16"><span class='ocrx_word' id='word_1_445' title='bbox 2211 2022 2420 2088; x_wconf 81' lang='grc' dir='ltr'>χρῆσιν,</span> <span class='ocrx_word' id='word_1_446' title='bbox 2469 2019 2545 2069; x_wconf 82' lang='grc' dir='ltr'><strong>ὅτι</strong></span> <span class='ocrx_word' id='word_1_447' title='bbox 2591 2017 2812 2068; x_wconf 79' lang='grc' dir='ltr'>κάκεῖνα</span> <span class='ocrx_word' id='word_1_448' title='bbox 2839 2014 2948 2073; x_wconf 85' lang='grc' dir='ltr'>τοῖς</span> <span class='ocrx_word' id='word_1_449' title='bbox 2986 2012 3206 2079; x_wconf 75' lang='grc' dir='ltr'>κέρασιν</span> <span class='ocrx_word' id='word_1_450' title='bbox 3241 2007 3443 2059; x_wconf 78' lang='grc' dir='ltr'>ἑαυτῶν</span> <span class='ocrx_word' id='word_1_451' title='bbox 3485 2004 3762 2073; x_wconf 82' lang='grc' dir='ltr'>συντηρεῖ-</span> 
     </span>
    </p>
   </div>
   <div class='ocr_carea' id='block_1_64' title="bbox 2212 2092 3757 2173">
    <p class='ocr_par' dir='ltr' id='par_1_64' title="bbox 2212 2092 3757 2173">
     <span class='ocr_line' id='line_1_64' title="bbox 2212 2092 3757 2173; baseline -0.014 -10"><span class='ocrx_word' id='word_1_452' title='bbox 2212 2128 2333 2172; x_wconf 87' lang='grc' dir='ltr'>ται,</span> <span class='ocrx_word' id='word_1_453' title='bbox 2395 2111 2548 2160; x_wconf 80' lang='grc' dir='ltr'>εῐπου</span> <span class='ocrx_word' id='word_1_454' title='bbox 2604 2104 2780 2173; x_wconf 83' lang='grc' dir='ltr'>δεήσει</span> <span class='ocrx_word' id='word_1_455' title='bbox 2835 2103 2967 2171; x_wconf 68' lang='grc' dir='ltr'>πρδς</span> <span class='ocrx_word' id='word_1_456' title='bbox 3021 2101 3182 2167; x_wconf 76' lang='grc' dir='ltr'>ἕτερα</span> <span class='ocrx_word' id='word_1_457' title='bbox 3234 2097 3347 2160; x_wconf 77' lang='grc' dir='ltr'>ζῶα</span> <span class='ocrx_word' id='word_1_458' title='bbox 3395 2092 3757 2160; x_wconf 74' lang='grc' dir='ltr'>διεξάγεσθαι.</span> 
     </span>
    </p>
   </div>
   <div class='ocr_carea' id='block_1_65' title="bbox 2216 2183 3759 2268">
    <p class='ocr_par' dir='ltr' id='par_1_65' title="bbox 2216 2183 3759 2268">
     <span class='ocr_line' id='line_1_65' title="bbox 2216 2183 3759 2268; baseline -0.014 -15"><span class='ocrx_word' id='word_1_459' title='bbox 2216 2203 2420 2268; x_wconf 82' lang='grc' dir='ltr'>Ὥσπερ</span> <span class='ocrx_word' id='word_1_460' title='bbox 2468 2201 2556 2251; x_wconf 70' lang='grc' dir='ltr'><strong>καὶ</strong></span> <span class='ocrx_word' id='word_1_461' title='bbox 2590 2197 2766 2247; x_wconf 73' lang='grc' dir='ltr'>ἔθνεσι</span> <span class='ocrx_word' id='word_1_462' title='bbox 2794 2194 2927 2261; x_wconf 77' lang='grc' dir='ltr'>πρὸς</span> <span class='ocrx_word' id='word_1_463' title='bbox 2964 2190 3087 2259; x_wconf 75' lang='grc' dir='ltr'>ἔθνη</span> <span class='ocrx_word' id='word_1_464' title='bbox 3120 2191 3173 2242; x_wconf 79' lang='grc' dir='ltr'><strong>αἱ</strong></span> <span class='ocrx_word' id='word_1_465' title='bbox 3213 2189 3320 2240; x_wconf 85' lang='grc' dir='ltr'><strong>τῶν</strong></span> <span class='ocrx_word' id='word_1_466' title='bbox 3352 2185 3611 2254; x_wconf 81' lang='grc' dir='ltr'>βασιλέων</span> <span class='ocrx_word' id='word_1_467' title='bbox 3640 2183 3759 2234; x_wconf 87' lang='grc' dir='ltr'>δια-</span> 
     </span>
    </p>
   </div>
   <div class='ocr_carea' id='block_1_66' title="bbox 2213 2272 3760 2355">
    <p class='ocr_par' dir='ltr' id='par_1_66' title="bbox 2213 2272 3760 2355">
     <span class='ocr_line' id='line_1_66' title="bbox 2213 2272 3760 2355; baseline -0.012 -16"><span class='ocrx_word' id='word_1_468' title='bbox 2213 2289 2374 2355; x_wconf 70' lang='grc' dir='ltr'>ταγαὶ</span> <span class='ocrx_word' id='word_1_469' title='bbox 2414 2288 2470 2338; x_wconf 72' lang='grc' dir='ltr'><strong>τὸ</strong></span> <span class='ocrx_word' id='word_1_470' title='bbox 2509 2284 2630 2338; x_wconf 83' lang='grc' dir='ltr'>καθ’</span> <span class='ocrx_word' id='word_1_471' title='bbox 2674 2284 2839 2336; x_wconf 72' lang='grc' dir='ltr'>ἑαυτὰ</span> <span class='ocrx_word' id='word_1_472' title='bbox 2867 2281 3142 2346; x_wconf 70' lang='grc' dir='ltr'>διαμένειν</span> <span class='ocrx_word' id='word_1_473' title='bbox 3189 2278 3478 2346; x_wconf 83' lang='grc' dir='ltr'>παρέχουσι</span> <span class='ocrx_word' id='word_1_474' title='bbox 3515 2274 3589 2342; x_wconf 80' lang='grc' dir='ltr'><strong>μὴ</strong></span> <span class='ocrx_word' id='word_1_475' title='bbox 3627 2272 3760 2339; x_wconf 59' lang='grc' dir='ltr'>πρὶς</span> 
     </span>
    </p>
   </div>
   <div class='ocr_carea' id='block_1_67' title="bbox 2215 2365 3232 2438">
    <p class='ocr_par' dir='ltr' id='par_1_67' title="bbox 2215 2365 3232 2438">
     <span class='ocr_line' id='line_1_67' title="bbox 2215 2365 3232 2438; baseline -0.007 -13"><span class='ocrx_word' id='word_1_476' title='bbox 2215 2373 2476 2438; x_wconf 70' lang='grc' dir='ltr'>ἑκφύλους</span> <span class='ocrx_word' id='word_1_477' title='bbox 2502 2369 2823 2438; x_wconf 79' lang='grc' dir='ltr'>κυριαρχίας</span> <span class='ocrx_word' id='word_1_478' title='bbox 2859 2365 3232 2428; x_wconf 77' lang='grc' dir='ltr'>σκεδάζεσθαι.</span> 
     </span>
    </p>
   </div>
   <div class='ocr_carea' id='block_1_68' title="bbox 2286 2450 3761 2522">
    <p class='ocr_par' dir='ltr' id='par_1_68' title="bbox 2286 2450 3761 2522">
     <span class='ocr_line' id='line_1_68' title="bbox 2286 2450 3761 2522; baseline -0.011 -8"><span class='ocrx_word' id='word_1_479' title='bbox 2286 2461 2391 2514; x_wconf 88' lang='lat' dir='ltr'><strong>Kal</strong></span> <span class='ocrx_word' id='word_1_480' title='bbox 2446 2458 2515 2511; x_wconf 85' lang='grc' dir='ltr'><strong>τὰ</strong></span> <span class='ocrx_word' id='word_1_481' title='bbox 2565 2457 2709 2510; x_wconf 70' lang='grc' dir='ltr'>δέκα</span> <span class='ocrx_word' id='word_1_482' title='bbox 2746 2458 2959 2522; x_wconf 69' lang='grc' dir='ltr'>κέρατα</span> <span class='ocrx_word' id='word_1_483' title='bbox 3001 2455 3039 2508; x_wconf 75' lang='grc' dir='ltr'><em>ἅ</em></span> <span class='ocrx_word' id='word_1_484' title='bbox 3077 2450 3240 2516; x_wconf 61' lang='grc' dir='ltr'>εἶδες</span> <span class='ocrx_word' id='word_1_485' title='bbox 3285 2452 3382 2504; x_wconf 75' lang='grc' dir='ltr'><strong>ἐπὶ</strong></span> <span class='ocrx_word' id='word_1_486' title='bbox 3426 2451 3492 2503; x_wconf 87' lang='grc' dir='ltr'><strong>τὸ</strong></span> <span class='ocrx_word' id='word_1_487' title='bbox 3530 2452 3761 2514; x_wconf 80' lang='grc' dir='ltr'><strong>θηρίον,</strong></span> 
     </span>
    </p>
   </div>
   <div class='ocr_carea' id='block_1_69' title="bbox 2219 2539 3765 2614">
    <p class='ocr_par' dir='ltr' id='par_1_69' title="bbox 2219 2539 3765 2614">
     <span class='ocr_line' id='line_1_69' title="bbox 2219 2539 3765 2614; baseline -0.01 -12"><span class='ocrx_word' id='word_1_488' title='bbox 2219 2545 2380 2604; x_wconf 84' lang='grc' dir='ltr'>οὗτοι</span> <span class='ocrx_word' id='word_1_489' title='bbox 2412 2546 2746 2614; x_wconf 70' lang='grc' dir='ltr'>μισήσουσι</span> <span class='ocrx_word' id='word_1_490' title='bbox 2788 2544 2899 2608; x_wconf 73' lang='grc' dir='ltr'><strong>τὴν</strong></span> <span class='ocrx_word' id='word_1_491' title='bbox 2929 2541 3191 2606; x_wconf 81' lang='grc' dir='ltr'><strong>πόρνην,</strong></span> <span class='ocrx_word' id='word_1_492' title='bbox 3241 2540 3336 2592; x_wconf 83' lang='grc' dir='ltr'>καὶ</span> <span class='ocrx_word' id='word_1_493' title='bbox 3377 2539 3765 2605; x_wconf 77' lang='grc' dir='ltr'><strong>ἠρημωμένην</strong></span> 
     </span>
    </p>
   </div>
   <div class='ocr_carea' id='block_1_70' title="bbox 2220 2625 3766 2700">
    <p class='ocr_par' dir='ltr' id='par_1_70' title="bbox 2220 2625 3766 2700">
     <span class='ocr_line' id='line_1_70' title="bbox 2220 2625 3766 2700; baseline -0.009 -12"><span class='ocrx_word' id='word_1_494' title='bbox 2220 2636 2582 2700; x_wconf 78' lang='grc' dir='ltr'>ποιήσουσιν</span> <span class='ocrx_word' id='word_1_495' title='bbox 2637 2632 2862 2697; x_wconf 80' lang='grc' dir='ltr'>αὐτὴν,</span> <span class='ocrx_word' id='word_1_496' title='bbox 2935 2629 3034 2682; x_wconf 72' lang='grc' dir='ltr'>καὶ</span> <span class='ocrx_word' id='word_1_497' title='bbox 3105 2625 3341 2695; x_wconf 75' lang='grc' dir='ltr'><strong>γυμνὴν</strong></span> <span class='ocrx_word' id='word_1_498' title='bbox 3403 2625 3766 2690; x_wconf 75' lang='grc' dir='ltr'>ποιήσουσιν</span> 
     </span>
    </p>
   </div>
   <div class='ocr_carea' id='block_1_71' title="bbox 2219 2712 3764 2790">
    <p class='ocr_par' dir='ltr' id='par_1_71' title="bbox 2219 2712 3764 2790">
     <span class='ocr_line' id='line_1_71' title="bbox 2219 2712 3764 2790; baseline -0.01 -11"><span class='ocrx_word' id='word_1_499' title='bbox 2219 2725 2440 2790; x_wconf 73' lang='grc' dir='ltr'>αὐτὴν,</span> <span class='ocrx_word' id='word_1_500' title='bbox 2497 2724 2591 2776; x_wconf 77' lang='grc' dir='ltr'>καὶ</span> <span class='ocrx_word' id='word_1_501' title='bbox 2634 2721 2735 2785; x_wconf 79' lang='grc' dir='ltr'><strong>τὰς</strong></span> <span class='ocrx_word' id='word_1_502' title='bbox 2792 2721 3020 2786; x_wconf 83' lang='grc' dir='ltr'>σάρκας</span> <span class='ocrx_word' id='word_1_503' title='bbox 3064 2716 3251 2782; x_wconf 84' lang='grc' dir='ltr'>αὐτῆς</span> <span class='ocrx_word' id='word_1_504' title='bbox 3293 2716 3614 2784; x_wconf 75' lang='grc' dir='ltr'>φάγονται,</span> <span class='ocrx_word' id='word_1_505' title='bbox 3665 2712 3764 2764; x_wconf 74' lang='grc' dir='ltr'>καὶ</span> 
     </span>
    </p>
   </div>
   <div class='ocr_carea' id='block_1_72' title="bbox 2220 2803 3763 2879">
    <p class='ocr_par' dir='ltr' id='par_1_72' title="bbox 2220 2803 3763 2879">
     <span class='ocr_line' id='line_1_72' title="bbox 2220 2803 3763 2879; baseline -0.01 -11"><span class='ocrx_word' id='word_1_506' title='bbox 2220 2815 2411 2879; x_wconf 74' lang='grc' dir='ltr'>αὐτὴν</span> <span class='ocrx_word' id='word_1_507' title='bbox 2461 2812 2944 2864; x_wconf 76' lang='grc' dir='ltr'>κατακαύσουσιν</span> <span class='ocrx_word' id='word_1_508' title='bbox 2994 2809 3061 2859; x_wconf 89' lang='grc' dir='ltr'><strong>ἐν</strong></span> <span class='ocrx_word' id='word_1_509' title='bbox 3110 2807 3268 2872; x_wconf 78' lang='grc' dir='ltr'>πυρί.</span> <span class='ocrx_word' id='word_1_510' title='bbox 3334 2806 3394 2856; x_wconf 86' lang='lat'><strong>&#39;0</strong></span> <span class='ocrx_word' id='word_1_511' title='bbox 3450 2804 3558 2872; x_wconf 77' lang='grc' dir='ltr'><strong>γὰρ</strong></span> <span class='ocrx_word' id='word_1_512' title='bbox 3622 2803 3763 2865; x_wconf 77' lang='grc' dir='ltr'>Θεὸς</span> 
     </span>
    </p>
   </div>
   <div class='ocr_carea' id='block_1_73' title="bbox 2225 2888 3769 2963">
    <p class='ocr_par' dir='ltr' id='par_1_73' title="bbox 2225 2888 3769 2963">
     <span class='ocr_line' id='line_1_73' title="bbox 2225 2888 3769 2963; baseline -0.01 -9"><span class='ocrx_word' id='word_1_513' title='bbox 2225 2904 2443 2955; x_wconf 75' lang='grc' dir='ltr'>ἔδωκεν</span> <span class='ocrx_word' id='word_1_514' title='bbox 2465 2902 2548 2963; x_wconf 82' lang='grc' dir='ltr'><strong>είς</strong></span> <span class='ocrx_word' id='word_1_515' title='bbox 2580 2899 2683 2963; x_wconf 74' lang='grc' dir='ltr'><strong>τὰς</strong></span> <span class='ocrx_word' id='word_1_516' title='bbox 2709 2897 2949 2962; x_wconf 79' lang='grc' dir='ltr'><strong>καρδίας</strong></span> <span class='ocrx_word' id='word_1_517' title='bbox 2981 2894 3177 2947; x_wconf 80' lang='grc' dir='ltr'>αὐτῶν</span> <span class='ocrx_word' id='word_1_518' title='bbox 3207 2892 3450 2959; x_wconf 76' lang='grc' dir='ltr'>ποιῆσαι</span> <span class='ocrx_word' id='word_1_519' title='bbox 3478 2892 3590 2956; x_wconf 76' lang='grc' dir='ltr'><strong>τὴν</strong></span> <span class='ocrx_word' id='word_1_520' title='bbox 3629 2888 3769 2957; x_wconf 62' lang='lat' dir='ltr'><strong>rubo</strong></span> 
     </span>
    </p>
   </div>
   <div class='ocr_carea' id='block_1_74' title="bbox 2227 2979 3770 3062">
    <p class='ocr_par' dir='ltr' id='par_1_74' title="bbox 2227 2979 3770 3062">
     <span class='ocr_line' id='line_1_74' title="bbox 2227 2979 3770 3062; baseline -0.012 -16"><span class='ocrx_word' id='word_1_521' title='bbox 2227 3010 2350 3062; x_wconf 82' lang='grc' dir='ltr'><strong>μην</strong></span> <span class='ocrx_word' id='word_1_522' title='bbox 2389 2992 2598 3044; x_wconf 78' lang='grc' dir='ltr'>αὐτοῦ’</span> <span class='ocrx_word' id='word_1_523' title='bbox 2641 2988 2735 3039; x_wconf 77' lang='grc' dir='ltr'>καὶ</span> <span class='ocrx_word' id='word_1_524' title='bbox 2768 2987 3013 3052; x_wconf 81' lang='grc' dir='ltr'>ποιῆσαι</span> <span class='ocrx_word' id='word_1_525' title='bbox 3045 2984 3283 3051; x_wconf 82' lang='grc' dir='ltr'><strong>γνώμην</strong></span> <span class='ocrx_word' id='word_1_526' title='bbox 3317 2983 3480 3048; x_wconf 81' lang='grc' dir='ltr'>μίαν,</span> <span class='ocrx_word' id='word_1_527' title='bbox 3509 2980 3603 3031; x_wconf 81' lang='grc' dir='ltr'>καὶ</span> <span class='ocrx_word' id='word_1_528' title='bbox 3632 2979 3770 3029; x_wconf 86' lang='grc' dir='ltr'>δοῦ-</span> 
     </span>
    </p>
   </div>
   <div class='ocr_carea' id='block_1_75' title="bbox 2233 3071 3769 3146">
    <p class='ocr_par' dir='ltr' id='par_1_75' title="bbox 2233 3071 3769 3146">
     <span class='ocr_line' id='line_1_75' title="bbox 2233 3071 3769 3146; baseline -0.012 -10"><span class='ocrx_word' id='word_1_529' title='bbox 2233 3102 2326 3136; x_wconf 79' lang='grc' dir='ltr'><strong>ναι</strong></span> <span class='ocrx_word' id='word_1_530' title='bbox 2367 3083 2476 3146; x_wconf 80' lang='grc' dir='ltr'><strong>τὴν</strong></span> <span class='ocrx_word' id='word_1_531' title='bbox 2510 3079 2831 3142; x_wconf 71' lang='grc' dir='ltr'>βασιλείαν</span> <span class='ocrx_word' id='word_1_532' title='bbox 2869 3075 3064 3127; x_wconf 74' lang='grc' dir='ltr'>αὐτῶν</span> <span class='ocrx_word' id='word_1_533' title='bbox 3093 3073 3170 3137; x_wconf 85' lang='grc' dir='ltr'><strong>τῷ</strong></span> <span class='ocrx_word' id='word_1_534' title='bbox 3209 3074 3386 3137; x_wconf 76' lang='grc' dir='ltr'>θηρίῳ</span> <span class='ocrx_word' id='word_1_535' title='bbox 3430 3071 3562 3134; x_wconf 79' lang='grc' dir='ltr'>ἄχρι</span> <span class='ocrx_word' id='word_1_536' title='bbox 3606 3071 3769 3120; x_wconf 78' lang='grc' dir='ltr'>τελε-</span> 
     </span>
    </p>
   </div>
   <div class='ocr_carea' id='block_1_76' title="bbox 2228 3154 3768 3232">
    <p class='ocr_par' dir='ltr' id='par_1_76' title="bbox 2228 3154 3768 3232">
     <span class='ocr_line' id='line_1_76' title="bbox 2228 3154 3768 3232; baseline -0.012 -7"><span class='ocrx_word' id='word_1_537' title='bbox 2228 3172 2457 3225; x_wconf 82' lang='grc' dir='ltr'>σθῶσιν</span> <span class='ocrx_word' id='word_1_538' title='bbox 2487 3173 2537 3220; x_wconf 83' lang='grc' dir='ltr'><strong>οι</strong></span> <span class='ocrx_word' id='word_1_539' title='bbox 2564 3170 2729 3232; x_wconf 73' lang='grc' dir='ltr'><strong>λόγοι</strong></span> <span class='ocrx_word' id='word_1_540' title='bbox 2762 3166 2865 3216; x_wconf 83' lang='grc' dir='ltr'><strong>τοῦ</strong></span> <span class='ocrx_word' id='word_1_541' title='bbox 2895 3164 3061 3215; x_wconf 83' lang='grc' dir='ltr'>Θεοῦ.</span> <span class='ocrx_word' id='word_1_542' title='bbox 3105 3163 3209 3214; x_wconf 83' lang='lat' dir='ltr'><strong>Kal</strong></span> <span class='ocrx_word' id='word_1_543' title='bbox 3237 3162 3273 3225; x_wconf 78' lang='grc' dir='ltr'><strong><em>ὴ</em></strong></span> <span class='ocrx_word' id='word_1_544' title='bbox 3305 3160 3454 3225; x_wconf 71' lang='grc' dir='ltr'>γυνὴ</span> <span class='ocrx_word' id='word_1_545' title='bbox 3487 3158 3564 3222; x_wconf 82' lang='grc' dir='ltr'><strong>ἣν</strong></span> <span class='ocrx_word' id='word_1_546' title='bbox 3595 3154 3768 3218; x_wconf 79' lang='grc' dir='ltr'>εἶδες,</span> 
     </span>
    </p>
   </div>
   <div class='ocr_carea' id='block_1_77' title="bbox 2229 3245 3772 3321">
    <p class='ocr_par' dir='ltr' id='par_1_77' title="bbox 2229 3245 3772 3321">
     <span class='ocr_line' id='line_1_77' title="bbox 2229 3245 3772 3321; baseline -0.011 -11"><span class='ocrx_word' id='word_1_547' title='bbox 2229 3262 2392 3311; x_wconf 75' lang='grc' dir='ltr'>ἔστιν</span> <span class='ocrx_word' id='word_1_548' title='bbox 2437 3260 2474 3321; x_wconf 71' lang='grc' dir='ltr'>ἡ</span> <span class='ocrx_word' id='word_1_549' title='bbox 2509 3258 2681 3315; x_wconf 75' lang='grc' dir='ltr'>πόλις</span> <span class='ocrx_word' id='word_1_550' title='bbox 2720 3256 2756 3318; x_wconf 69' lang='grc' dir='ltr'><strong><em>ἡ</em></strong></span> <span class='ocrx_word' id='word_1_551' title='bbox 2784 3252 3044 3318; x_wconf 72' lang='grc' dir='ltr'>μεγάλη,</span> <span class='ocrx_word' id='word_1_552' title='bbox 3100 3251 3136 3313; x_wconf 73' lang='grc' dir='ltr'><em>ὴ</em></span> <span class='ocrx_word' id='word_1_553' title='bbox 3176 3248 3404 3313; x_wconf 78' lang='grc' dir='ltr'>ἔχουσα</span> <span class='ocrx_word' id='word_1_554' title='bbox 3450 3245 3772 3306; x_wconf 72' lang='grc' dir='ltr'>,βασιλείαν</span> 
     </span>
    </p>
   </div>
   <div class='ocr_carea' id='block_1_78' title="bbox 2229 3336 3093 3404">
    <p class='ocr_par' dir='ltr' id='par_1_78' title="bbox 2229 3336 3093 3404">
     <span class='ocr_line' id='line_1_78' title="bbox 2229 3336 3093 3404; baseline -0.012 -7"><span class='ocrx_word' id='word_1_555' title='bbox 2229 3347 2322 3398; x_wconf 76' lang='grc' dir='ltr'><strong>ἐπὶ</strong></span> <span class='ocrx_word' id='word_1_556' title='bbox 2357 3345 2470 3394; x_wconf 80' lang='grc' dir='ltr'><strong>τῶν</strong></span> <span class='ocrx_word' id='word_1_557' title='bbox 2492 3340 2794 3404; x_wconf 74' lang='grc' dir='ltr'>βασιλέων</span> <span class='ocrx_word' id='word_1_558' title='bbox 2823 3338 2929 3401; x_wconf 81' lang='grc' dir='ltr'><strong>τῆς</strong></span> <span class='ocrx_word' id='word_1_559' title='bbox 2963 3336 3093 3402; x_wconf 74' lang='grc' dir='ltr'><strong>τῆς.</strong></span> 
     </span>
    </p>
   </div>
   <div class='ocr_carea' id='block_1_79' title="bbox 2299 3419 3769 3500">
    <p class='ocr_par' dir='ltr' id='par_1_79' title="bbox 2299 3419 3769 3500">
     <span class='ocr_line' id='line_1_79' title="bbox 2299 3419 3769 3500; baseline -0.01 -16"><span class='ocrx_word' id='word_1_560' title='bbox 2299 3435 2376 3484; x_wconf 71' lang='grc' dir='ltr'><strong>Τὰ</strong></span> <span class='ocrx_word' id='word_1_561' title='bbox 2431 3433 2524 3500; x_wconf 79' lang='grc' dir='ltr'><strong>μὲν</strong></span> <span class='ocrx_word' id='word_1_562' title='bbox 2562 3431 2762 3495; x_wconf 75' lang='grc' dir='ltr'>κέρατα</span> <span class='ocrx_word' id='word_1_563' title='bbox 2819 3427 2868 3476; x_wconf 91' lang='grc' dir='ltr'><strong>τί</strong></span> <span class='ocrx_word' id='word_1_564' title='bbox 2917 3426 3106 3493; x_wconf 73' lang='grc' dir='ltr'>δηλοῦν</span> <span class='ocrx_word' id='word_1_565' title='bbox 3160 3423 3361 3485; x_wconf 80' lang='grc' dir='ltr'>ἐθέλει,</span> <span class='ocrx_word' id='word_1_566' title='bbox 3426 3421 3636 3488; x_wconf 74' lang='grc' dir='ltr'>εἴρηται</span> <span class='ocrx_word' id='word_1_567' title='bbox 3685 3419 3769 3485; x_wconf 82' lang='grc' dir='ltr'><strong>δή·</strong></span> 
     </span>
    </p>
   </div>
   <div class='ocr_carea' id='block_1_80' title="bbox 2233 3508 3774 3590">
    <p class='ocr_par' dir='ltr' id='par_1_80' title="bbox 2233 3508 3774 3590">
     <span class='ocr_line' id='line_1_80' title="bbox 2233 3508 3774 3590; baseline -0.01 -16"><span class='ocrx_word' id='word_1_568' title='bbox 2233 3522 2414 3590; x_wconf 89' lang='grc' dir='ltr'>θηρίον</span> <span class='ocrx_word' id='word_1_569' title='bbox 2458 3521 2511 3570; x_wconf 80' lang='grc' dir='ltr'><strong>δὲ</strong></span> <span class='ocrx_word' id='word_1_570' title='bbox 2558 3518 2646 3569; x_wconf 80' lang='grc' dir='ltr'><strong>τὸν</strong></span> <span class='ocrx_word' id='word_1_571' title='bbox 2689 3516 2949 3567; x_wconf 76' lang='grc' dir='ltr'>διάϐολον.</span> <span class='ocrx_word' id='word_1_572' title='bbox 3009 3513 3311 3579; x_wconf 72' lang='grc' dir='ltr'>Ἀδιαερορεῖ</span> <span class='ocrx_word' id='word_1_573' title='bbox 3355 3511 3461 3579; x_wconf 76' lang='grc' dir='ltr'><strong>γὰρ</strong></span> <span class='ocrx_word' id='word_1_574' title='bbox 3519 3509 3656 3560; x_wconf 78' lang='grc' dir='ltr'>κατὰ</span> <span class='ocrx_word' id='word_1_575' title='bbox 3712 3508 3774 3558; x_wconf 78' lang='grc' dir='ltr'><strong>τὸ</strong></span> 
     </span>
    </p>
   </div>
   <div class='ocr_carea' id='block_1_81' title="bbox 2234 3600 3772 3679">
    <p class='ocr_par' dir='ltr' id='par_1_81' title="bbox 2234 3600 3772 3679">
     <span class='ocr_line' id='line_1_81' title="bbox 2234 3600 3772 3679; baseline -0.009 -17"><span class='ocrx_word' id='word_1_576' title='bbox 2234 3610 2624 3679; x_wconf 79' lang='grc' dir='ltr'>σημαινόμενον</span> <span class='ocrx_word' id='word_1_577' title='bbox 2652 3607 2742 3660; x_wconf 78' lang='grc' dir='ltr'><strong>τοῦ</strong></span> <span class='ocrx_word' id='word_1_578' title='bbox 2781 3605 2989 3673; x_wconf 83' lang='grc' dir='ltr'>θηρίου,</span> <span class='ocrx_word' id='word_1_579' title='bbox 3020 3606 3092 3672; x_wconf 81' lang='grc' dir='ltr'>πῆ</span> <span class='ocrx_word' id='word_1_580' title='bbox 3130 3603 3223 3671; x_wconf 83' lang='grc' dir='ltr'><strong>μὲν</strong></span> <span class='ocrx_word' id='word_1_581' title='bbox 3275 3602 3363 3653; x_wconf 70' lang='grc' dir='ltr'><strong>τὸν</strong></span> <span class='ocrx_word' id='word_1_582' title='bbox 3411 3600 3772 3668; x_wconf 84' lang='grc' dir='ltr'>Ἀντίχριστον</span> 
     </span>
    </p>
   </div>
   <div class='ocr_carea' id='block_1_82' title="bbox 2231 3686 3774 3766">
    <p class='ocr_par' dir='ltr' id='par_1_82' title="bbox 2231 3686 3774 3766">
     <span class='ocr_line' id='line_1_82' title="bbox 2231 3686 3774 3766; baseline -0.01 -16"><span class='ocrx_word' id='word_1_583' title='bbox 2231 3698 2504 3766; x_wconf 75' lang='grc' dir='ltr'><strong>ὀνομάζων</strong></span> <span class='ocrx_word' id='word_1_584' title='bbox 2533 3694 2720 3757; x_wconf 75' lang='grc' dir='ltr'>οὕτως,</span> <span class='ocrx_word' id='word_1_585' title='bbox 2754 3693 2862 3744; x_wconf 80' lang='grc' dir='ltr'>ἔσθ’</span> <span class='ocrx_word' id='word_1_586' title='bbox 2896 3692 2980 3745; x_wconf 82' lang='grc' dir='ltr'>ὅτε</span> <span class='ocrx_word' id='word_1_587' title='bbox 3011 3692 3064 3744; x_wconf 80' lang='grc' dir='ltr'>δὲ</span> <span class='ocrx_word' id='word_1_588' title='bbox 3102 3691 3189 3742; x_wconf 86' lang='grc' dir='ltr'><strong>τὸν</strong></span> <span class='ocrx_word' id='word_1_589' title='bbox 3220 3690 3479 3741; x_wconf 78' lang='grc' dir='ltr'>Σατανᾶν.</span> <span class='ocrx_word' id='word_1_590' title='bbox 3524 3688 3584 3739; x_wconf 80' lang='grc' dir='ltr'>Οἱ</span> <span class='ocrx_word' id='word_1_591' title='bbox 3619 3686 3774 3753; x_wconf 83' lang='grc' dir='ltr'>βασι-</span> 
     </span>
    </p>
   </div>
   <div class='ocr_carea' id='block_1_83' title="bbox 2230 3777 3774 3855">
    <p class='ocr_par' dir='ltr' id='par_1_83' title="bbox 2230 3777 3774 3855">
     <span class='ocr_line' id='line_1_83' title="bbox 2230 3777 3774 3855; baseline -0.009 -15"><span class='ocrx_word' id='word_1_592' title='bbox 2230 3791 2337 3850; x_wconf 83' lang='grc' dir='ltr'>λεῖς</span> <span class='ocrx_word' id='word_1_593' title='bbox 2372 3788 2481 3851; x_wconf 73' lang='grc' dir='ltr'>οὖν,</span> <span class='ocrx_word' id='word_1_594' title='bbox 2519 3786 2700 3855; x_wconf 70' lang='grc' dir='ltr'>φησὶν,</span> <span class='ocrx_word' id='word_1_595' title='bbox 2740 3787 2786 3837; x_wconf 78' lang='grc' dir='ltr'>οἱ</span> <span class='ocrx_word' id='word_1_596' title='bbox 2817 3784 2952 3845; x_wconf 84' lang='grc' dir='ltr'>τέως</span> <span class='ocrx_word' id='word_1_597' title='bbox 2984 3783 3101 3835; x_wconf 81' lang='grc' dir='ltr'>κατ’</span> <span class='ocrx_word' id='word_1_598' title='bbox 3143 3782 3414 3849; x_wconf 76' lang='grc' dir='ltr'>ἐνέργειαν</span> <span class='ocrx_word' id='word_1_599' title='bbox 3442 3777 3532 3829; x_wconf 77' lang='grc' dir='ltr'><strong>τοῦ</strong></span> <span class='ocrx_word' id='word_1_600' title='bbox 3565 3777 3774 3828; x_wconf 76' lang='grc' dir='ltr'>Σατανᾶ</span> 
     </span>
    </p>
   </div>
   <div class='ocr_carea' id='block_1_84' title="bbox 2233 3866 3770 3946">
    <p class='ocr_par' dir='ltr' id='par_1_84' title="bbox 2233 3866 3770 3946">
     <span class='ocr_line' id='line_1_84' title="bbox 2233 3866 3770 3946; baseline -0.009 -17"><span class='ocrx_word' id='word_1_601' title='bbox 2233 3879 2424 3946; x_wconf 77' lang='grc' dir='ltr'>φονίως</span> <span class='ocrx_word' id='word_1_602' title='bbox 2475 3876 2550 3943; x_wconf 80' lang='grc' dir='ltr'>τῷ</span> <span class='ocrx_word' id='word_1_603' title='bbox 2583 3877 2751 3943; x_wconf 81' lang='grc' dir='ltr'>ἀρνίῳ</span> <span class='ocrx_word' id='word_1_604' title='bbox 2786 3873 3140 3932; x_wconf 83' lang='grc' dir='ltr'>διατεθέντες,</span> <span class='ocrx_word' id='word_1_605' title='bbox 3185 3870 3316 3921; x_wconf 85' lang='grc' dir='ltr'><strong>Θεοῦ</strong></span> <span class='ocrx_word' id='word_1_606' title='bbox 3369 3866 3770 3934; x_wconf 78' lang='grc' dir='ltr'>ὑποθημοσύνῃ,</span> 
     </span>
    </p>
   </div>
   <div class='ocr_carea' id='block_1_85' title="bbox 2238 3954 3776 4032">
    <p class='ocr_par' dir='ltr' id='par_1_85' title="bbox 2238 3954 3776 4032">
     <span class='ocr_line' id='line_1_85' title="bbox 2238 3954 3776 4032; baseline -0.008 -17"><span class='ocrx_word' id='word_1_607' title='bbox 2238 3967 2518 4032; x_wconf 80' lang='grc' dir='ltr'>μισήσουσι</span> <span class='ocrx_word' id='word_1_608' title='bbox 2547 3963 2642 4030; x_wconf 79' lang='grc' dir='ltr'>τὴν</span> <span class='ocrx_word' id='word_1_609' title='bbox 2670 3963 2869 4027; x_wconf 81' lang='grc' dir='ltr'>πόρνην</span> <span class='ocrx_word' id='word_1_610' title='bbox 2891 4001 2902 4021; x_wconf 89' lang='grc'><strong>,</strong></span> <span class='ocrx_word' id='word_1_611' title='bbox 2937 3961 3031 4026; x_wconf 84' lang='grc' dir='ltr'>τὴν</span> <span class='ocrx_word' id='word_1_612' title='bbox 3062 3961 3117 4008; x_wconf 85' lang='grc' dir='ltr'>ὲν</span> <span class='ocrx_word' id='word_1_613' title='bbox 3151 3956 3225 4022; x_wconf 79' lang='grc' dir='ltr'>τῷ</span> <span class='ocrx_word' id='word_1_614' title='bbox 3259 3957 3351 4022; x_wconf 81' lang='grc' dir='ltr'><strong>βίῳ</strong></span> <span class='ocrx_word' id='word_1_615' title='bbox 3377 3954 3776 4018; x_wconf 74' lang='grc' dir='ltr'>ἀπολαυστικὴν</span> 
     </span>
    </p>
   </div>
   <div class='ocr_carea' id='block_1_86' title="bbox 2234 4042 3776 4117">
    <p class='ocr_par' dir='ltr' id='par_1_86' title="bbox 2234 4042 3776 4117">
     <span class='ocr_line' id='line_1_86' title="bbox 2234 4042 3776 4117; baseline -0.009 -14"><span class='ocrx_word' id='word_1_616' title='bbox 2234 4055 2440 4103; x_wconf 83' lang='grc' dir='ltr'>δίαιταν</span> <span class='ocrx_word' id='word_1_617' title='bbox 2465 4091 2476 4110; x_wconf 86' lang='grc'><strong>,</strong></span> <span class='ocrx_word' id='word_1_618' title='bbox 2504 4048 2848 4117; x_wconf 80' lang='grc' dir='ltr'>ἐρημὼσουσι</span> <span class='ocrx_word' id='word_1_619' title='bbox 2885 4047 2940 4098; x_wconf 84' lang='grc' dir='ltr'>δὲ</span> <span class='ocrx_word' id='word_1_620' title='bbox 2981 4045 3071 4096; x_wconf 72' lang='grc' dir='ltr'>καὶ</span> <span class='ocrx_word' id='word_1_621' title='bbox 3102 4042 3538 4109; x_wconf 83' lang='grc' dir='ltr'>εἰδωλολατρείαν</span> <span class='ocrx_word' id='word_1_622' title='bbox 3569 4043 3658 4091; x_wconf 67' lang='grc' dir='ltr'><strong>καὶ</strong></span> <span class='ocrx_word' id='word_1_623' title='bbox 3689 4058 3776 4090; x_wconf 81' lang='grc' dir='ltr'><strong>τε-</strong></span> 
     </span>
    </p>
   </div>
   <div class='ocr_carea' id='block_1_87' title="bbox 2239 4130 3776 4209">
    <p class='ocr_par' dir='ltr' id='par_1_87' title="bbox 2239 4130 3776 4209">
     <span class='ocr_line' id='line_1_87' title="bbox 2239 4130 3776 4209; baseline -0.01 -15"><span class='ocrx_word' id='word_1_624' title='bbox 2239 4142 2410 4209; x_wconf 81' lang='grc' dir='ltr'>μενῶν</span> <span class='ocrx_word' id='word_1_625' title='bbox 2451 4141 2540 4192; x_wconf 69' lang='grc' dir='ltr'><strong>καὶ</strong></span> <span class='ocrx_word' id='word_1_626' title='bbox 2576 4138 2837 4207; x_wconf 84' lang='grc' dir='ltr'>μαντείων</span> <span class='ocrx_word' id='word_1_627' title='bbox 2878 4134 3342 4201; x_wconf 76' lang='grc' dir='ltr'>ἁλλοτριὼσουσιν,</span> <span class='ocrx_word' id='word_1_628' title='bbox 3377 4133 3467 4182; x_wconf 79' lang='grc' dir='ltr'>καὶ</span> <span class='ocrx_word' id='word_1_629' title='bbox 3512 4130 3607 4190; x_wconf 79' lang='grc' dir='ltr'>τὰς</span> <span class='ocrx_word' id='word_1_630' title='bbox 3644 4132 3776 4194; x_wconf 82' lang='grc' dir='ltr'>σάρ-</span> 
     </span>
    </p>
   </div>
   <div class='ocr_carea' id='block_1_88' title="bbox 597 4219 2985 4297">
    <p class='ocr_par' dir='ltr' id='par_1_88' title="bbox 597 4219 2985 4297">
     <span class='ocr_line' id='line_1_88' title="bbox 597 4219 2985 4297; baseline -0.007 -18"><span class='ocrx_word' id='word_1_631' title='bbox 597 4229 697 4280; x_wconf 80' lang='lat' dir='ltr'><strong>lioc</strong></span> <span class='ocrx_word' id='word_1_632' title='bbox 723 4237 821 4286; x_wconf 87' lang='lat' dir='ltr'><strong>est,</strong></span> <span class='ocrx_word' id='word_1_633' title='bbox 875 4225 1126 4276; x_wconf 89' lang='lat' dir='ltr'><strong>animalia</strong></span> <span class='ocrx_word' id='word_1_634' title='bbox 1161 4223 1226 4274; x_wconf 90' lang='lat' dir='ltr'><strong>ad</strong></span> <span class='ocrx_word' id='word_1_635' title='bbox 1280 4224 1542 4272; x_wconf 86' lang='lat' dir='ltr'><strong>idolorum</strong></span> <span class='ocrx_word' id='word_1_636' title='bbox 1603 4222 1846 4271; x_wconf 81' lang='lat' dir='ltr'><strong>victimas</strong></span> <span class='ocrx_word' id='word_1_637' title='bbox 1879 4219 2128 4285; x_wconf 86' lang='lat' dir='ltr'><strong>reposita,</strong></span> <span class='ocrx_word' id='word_1_638' title='bbox 2165 4237 2208 4291; x_wconf 76' lang='grc' dir='ltr'><strong>ι)</strong></span> <span class='ocrx_word' id='word_1_639' title='bbox 2236 4248 2335 4290; x_wconf 54' lang='lat' dir='ltr'><strong>xu;</strong></span> <span class='ocrx_word' id='word_1_640' title='bbox 2381 4231 2546 4297; x_wconf 56' lang='grc' dir='ltr'><strong>αὐτῆς</strong></span> <span class='ocrx_word' id='word_1_641' title='bbox 2590 4229 2656 4279; x_wconf 65' lang='grc' dir='ltr'><strong>τά</strong></span> <span class='ocrx_word' id='word_1_642' title='bbox 2688 4227 2818 4292; x_wconf 74' lang='grc' dir='ltr'>πρὸς</span> <span class='ocrx_word' id='word_1_643' title='bbox 2859 4226 2985 4276; x_wconf 72' lang='grc' dir='ltr'><strong>θυσί4</strong></span> 
     </span>
    </p>
   </div>
   <div class='ocr_carea' id='block_1_89' title="bbox 2212 4219 3776 4297">
    <p class='ocr_par' dir='ltr' id='par_1_89' title="bbox 2236 4219 3776 4297">
     <span class='ocr_line' id='line_1_89' title="bbox 2236 4219 3776 4297; baseline -0.008 -15"><span class='ocrx_word' id='word_1_644' title='bbox 2236 4248 2335 4290; x_wconf 77' lang='grc' dir='ltr'><strong>κας</strong></span> <span class='ocrx_word' id='word_1_645' title='bbox 2381 4231 2546 4297; x_wconf 72' lang='grc' dir='ltr'>αὐτῆς</span> <span class='ocrx_word' id='word_1_646' title='bbox 2590 4229 2656 4279; x_wconf 76' lang='grc' dir='ltr'><strong>τὰ</strong></span> <span class='ocrx_word' id='word_1_647' title='bbox 2688 4227 2818 4292; x_wconf 84' lang='grc' dir='ltr'>πρὸς</span> <span class='ocrx_word' id='word_1_648' title='bbox 2859 4226 3042 4276; x_wconf 85' lang='grc' dir='ltr'>θυσίαν</span> <span class='ocrx_word' id='word_1_649' title='bbox 3073 4222 3448 4290; x_wconf 70' lang='grc' dir='ltr'>ἀναφερόμενα</span> <span class='ocrx_word' id='word_1_650' title='bbox 3476 4221 3580 4270; x_wconf 85' lang='grc' dir='ltr'><strong>τῶν</strong></span> <span class='ocrx_word' id='word_1_651' title='bbox 3624 4219 3776 4270; x_wconf 77' lang='grc' dir='ltr'>εἰδώ-</span> 
     </span>
    </p>
   </div>
   <div class='ocr_carea' id='block_1_90' title="bbox 597 4309 2130 4379">
    <p class='ocr_par' dir='ltr' id='par_1_90' title="bbox 597 4309 2130 4379">
     <span class='ocr_line' id='line_1_90' title="bbox 597 4309 2130 4379; baseline -0.004 -13"><span class='ocrx_word' id='word_1_652' title='bbox 597 4317 698 4366; x_wconf 88' lang='lat' dir='ltr'><strong>sibi</strong></span> <span class='ocrx_word' id='word_1_653' title='bbox 737 4313 865 4379; x_wconf 81' lang='lat' dir='ltr'><strong>ipsis</strong></span> <span class='ocrx_word' id='word_1_654' title='bbox 899 4309 1511 4378; x_wconf 48' lang='lat' dir='ltr'><strong>rccondentgomneque</strong></span> <span class='ocrx_word' id='word_1_655' title='bbox 1557 4309 1789 4361; x_wconf 89' lang='lat' dir='ltr'><strong>studium</strong></span> <span class='ocrx_word' id='word_1_656' title='bbox 1819 4309 1959 4376; x_wconf 88' lang='lat' dir='ltr'><strong>quod</strong></span> <span class='ocrx_word' id='word_1_657' title='bbox 1993 4309 2130 4360; x_wconf 88' lang='lat' dir='ltr'><strong>circa</strong></span> 
     </span>
    </p>
   </div>
   <div class='ocr_carea' id='block_1_91' title="bbox 600 4398 2135 4467">
    <p class='ocr_par' dir='ltr' id='par_1_91' title="bbox 600 4398 2135 4467">
     <span class='ocr_line' id='line_1_91' title="bbox 600 4398 2135 4467; baseline -0.002 -15"><span class='ocrx_word' id='word_1_658' title='bbox 600 4417 733 4452; x_wconf 89' lang='lat' dir='ltr'><strong>vana</strong></span> <span class='ocrx_word' id='word_1_659' title='bbox 756 4408 1068 4467; x_wconf 88' lang='lat' dir='ltr'><strong>occupatum</strong></span> <span class='ocrx_word' id='word_1_660' title='bbox 1097 4407 1210 4451; x_wconf 87' lang='lat' dir='ltr'><strong>erat</strong></span> <span class='ocrx_word' id='word_1_661' title='bbox 1244 4403 1305 4451; x_wconf 87' lang='lat' dir='ltr'><strong>de</strong></span> <span class='ocrx_word' id='word_1_662' title='bbox 1343 4400 1512 4450; x_wconf 87' lang='lat' dir='ltr'><strong>medio</strong></span> <span class='ocrx_word' id='word_1_663' title='bbox 1546 4400 1755 4460; x_wconf 88' lang='lat' dir='ltr'><strong>tollent,</strong></span> <span class='ocrx_word' id='word_1_664' title='bbox 1782 4408 1838 4452; x_wconf 92' lang='lat' dir='ltr'><strong>ut</strong></span> <span class='ocrx_word' id='word_1_665' title='bbox 1879 4399 2031 4466; x_wconf 88' lang='lat' dir='ltr'><strong>quasi</strong></span> <span class='ocrx_word' id='word_1_666' title='bbox 2070 4398 2135 4449; x_wconf 91' lang='lat' dir='ltr'><strong>ab</strong></span> 
     </span>
    </p>
   </div>
   <div class='ocr_carea' id='block_1_92' title="bbox 602 4491 2130 4559">
    <p class='ocr_par' dir='ltr' id='par_1_92' title="bbox 602 4491 2130 4559">
     <span class='ocr_line' id='line_1_92' title="bbox 602 4491 2130 4559; baseline 0.002 -19"><span class='ocrx_word' id='word_1_667' title='bbox 602 4491 724 4557; x_wconf 86' lang='lat' dir='ltr'><strong>igne</strong></span> <span class='ocrx_word' id='word_1_668' title='bbox 763 4500 1136 4559; x_wconf 85' lang='lat' dir='ltr'><strong>consumptum</strong></span> <span class='ocrx_word' id='word_1_669' title='bbox 1160 4491 1514 4551; x_wconf 77' lang='lat' dir='ltr'><strong>existimetur,</strong></span> <span class='ocrx_word' id='word_1_670' title='bbox 1547 4505 1837 4558; x_wconf 89' lang='lat' dir='ltr'><strong>omnesque</strong></span> <span class='ocrx_word' id='word_1_671' title='bbox 1862 4491 2092 4544; x_wconf 83' lang='lat' dir='ltr'><strong>clament</strong></span> <span class='ocrx_word' id='word_1_672' title='bbox 2119 4509 2130 4543; x_wconf 92' lang='lat'><strong>:</strong></span> 
     </span>
    </p>
   </div>
   <div class='ocr_carea' id='block_1_93' title="bbox 600 4580 2135 4649">
    <p class='ocr_par' dir='ltr' id='par_1_93' title="bbox 600 4580 2135 4649">
     <span class='ocr_line' id='line_1_93' title="bbox 600 4580 2135 4649; baseline -0.001 -16"><span class='ocrx_word' id='word_1_673' title='bbox 600 4580 700 4633; x_wconf 88' lang='lat' dir='ltr'><strong>Ubi</strong></span> <span class='ocrx_word' id='word_1_674' title='bbox 755 4598 894 4635; x_wconf 89' lang='lat' dir='ltr'><strong>nunc</strong></span> <span class='ocrx_word' id='word_1_675' title='bbox 925 4593 1047 4635; x_wconf 89' lang='lat' dir='ltr'><strong>sunt</strong></span> <span class='ocrx_word' id='word_1_676' title='bbox 1099 4583 1184 4648; x_wconf 91' lang='lat' dir='ltr'><strong>qui</strong></span> <span class='ocrx_word' id='word_1_677' title='bbox 1222 4593 1344 4634; x_wconf 90' lang='lat' dir='ltr'><strong>tunc</strong></span> <span class='ocrx_word' id='word_1_678' title='bbox 1373 4597 1506 4632; x_wconf 85' lang='lat' dir='ltr'><strong>vana</strong></span> <span class='ocrx_word' id='word_1_679' title='bbox 1544 4597 1670 4633; x_wconf 84' lang='lat' dir='ltr'><strong>cura</strong></span> <span class='ocrx_word' id='word_1_680' title='bbox 1705 4581 2135 4649; x_wconf 81' lang='lat' dir='ltr'><strong>occupabantur?</strong></span> 
     </span>
    </p>
   </div>
   <div class='ocr_carea' id='block_1_94' title="bbox 602 4669 2135 4738">
    <p class='ocr_par' dir='ltr' id='par_1_94' title="bbox 602 4669 2135 4738">
     <span class='ocr_line' id='line_1_94' title="bbox 602 4669 2135 4738; baseline -0.001 -16"><span class='ocrx_word' id='word_1_681' title='bbox 602 4669 724 4722; x_wconf 62' lang='lat' dir='ltr'><strong>llaec</strong></span> <span class='ocrx_word' id='word_1_682' title='bbox 769 4683 941 4724; x_wconf 91' lang='lat' dir='ltr'><strong>autem</strong></span> <span class='ocrx_word' id='word_1_683' title='bbox 978 4673 1175 4731; x_wconf 91' lang='lat' dir='ltr'><strong>omnia,</strong></span> <span class='ocrx_word' id='word_1_684' title='bbox 1227 4682 1282 4722; x_wconf 87' lang='lat' dir='ltr'><strong>ut</strong></span> <span class='ocrx_word' id='word_1_685' title='bbox 1327 4672 1732 4738; x_wconf 85' lang='lat' dir='ltr'><strong>proposuimus,</strong></span> <span class='ocrx_word' id='word_1_686' title='bbox 1776 4686 1879 4722; x_wconf 88' lang='lat' dir='ltr'><strong>non</strong></span> <span class='ocrx_word' id='word_1_687' title='bbox 1932 4672 2135 4736; x_wconf 83' lang='lat' dir='ltr'><strong>absque</strong></span> 
     </span>
    </p>
   </div>
   <div class='ocr_carea' id='block_1_95' title="bbox 603 4757 1967 4824">
    <p class='ocr_par' dir='ltr' id='par_1_95' title="bbox 603 4757 1967 4824">
     <span class='ocr_line' id='line_1_95' title="bbox 603 4757 1967 4824; baseline -0.001 -14"><span class='ocrx_word' id='word_1_688' title='bbox 603 4759 779 4810; x_wconf 85' lang='lat' dir='ltr'><strong>divino</strong></span> <span class='ocrx_word' id='word_1_689' title='bbox 807 4758 1022 4810; x_wconf 89' lang='lat' dir='ltr'><strong>numine</strong></span> <span class='ocrx_word' id='word_1_690' title='bbox 1054 4758 1164 4809; x_wconf 80' lang='lat' dir='ltr'><strong>ﬁeri</strong></span> <span class='ocrx_word' id='word_1_691' title='bbox 1183 4758 1349 4820; x_wconf 80' lang='lat' dir='ltr'><strong>aiunt,</strong></span> <span class='ocrx_word' id='word_1_692' title='bbox 1375 4758 1466 4810; x_wconf 87' lang='lat' dir='ltr'><strong>sed</strong></span> <span class='ocrx_word' id='word_1_693' title='bbox 1494 4757 1580 4809; x_wconf 88' lang='lat' dir='ltr'><strong>Dei</strong></span> <span class='ocrx_word' id='word_1_694' title='bbox 1615 4758 1967 4824; x_wconf 77' lang='lat' dir='ltr'><strong>providentia.</strong></span> 
     </span>
    </p>
   </div>
   <div class='ocr_carea' id='block_1_96' title="bbox 673 4932 2134 5004">
    <p class='ocr_par' dir='ltr' id='par_1_96' title="bbox 673 4932 2134 5004">
     <span class='ocr_line' id='line_1_96' title="bbox 673 4932 2134 5004; baseline 0.001 -21"><span class='ocrx_word' id='word_1_695' title='bbox 673 4936 830 5004; x_wconf 80' lang='lat'><strong>795</strong></span> <span class='ocrx_word' id='word_1_696' title='bbox 873 4933 934 4984; x_wconf 75' lang='lat' dir='ltr'><strong>Et</strong></span> <span class='ocrx_word' id='word_1_697' title='bbox 987 4932 1182 4997; x_wconf 79' lang='lat' dir='ltr'><strong>faciant</strong></span> <span class='ocrx_word' id='word_1_698' title='bbox 1234 4949 1386 4983; x_wconf 87' lang='lat' dir='ltr'><strong>unam</strong></span> <span class='ocrx_word' id='word_1_699' title='bbox 1433 4934 1769 4986; x_wconf 76' lang='lat' dir='ltr'><strong>volutttatent.</strong></span> <span class='ocrx_word' id='word_1_700' title='bbox 1820 4932 2134 5000; x_wconf 84' lang='lat' dir='ltr'><strong>Quanquam</strong></span> 
     </span>
    </p>
   </div>
   <div class='ocr_carea' id='block_1_97' title="bbox 605 5023 2134 5086">
    <p class='ocr_par' dir='ltr' id='par_1_97' title="bbox 605 5023 2134 5086">
     <span class='ocr_line' id='line_1_97' title="bbox 605 5023 2134 5086; baseline 0 -12"><span class='ocrx_word' id='word_1_701' title='bbox 605 5035 889 5080; x_wconf 76' lang='lat' dir='ltr'><strong>canem-rat</strong></span> <span class='ocrx_word' id='word_1_702' title='bbox 925 5025 1114 5076; x_wconf 89' lang='lat' dir='ltr'><strong>borum</strong></span> <span class='ocrx_word' id='word_1_703' title='bbox 1149 5023 1380 5074; x_wconf 87' lang='lat' dir='ltr'><strong>studium</strong></span> <span class='ocrx_word' id='word_1_704' title='bbox 1435 5025 1525 5076; x_wconf 79' lang='lat' dir='ltr'><strong>Dei</strong></span> <span class='ocrx_word' id='word_1_705' title='bbox 1574 5026 1636 5077; x_wconf 69' lang='lat' dir='ltr'><strong>atl</strong></span> <span class='ocrx_word' id='word_1_706' title='bbox 1672 5024 2024 5086; x_wconf 88' lang='lat' dir='ltr'><strong>voluntatem,</strong></span> <span class='ocrx_word' id='word_1_707' title='bbox 2088 5024 2134 5074; x_wconf 90' lang='lat' dir='ltr'><strong>id</strong></span> 
     </span>
    </p>
   </div>
   <div class='ocr_carea' id='block_1_98' title="bbox 606 5112 2133 5182">
    <p class='ocr_par' dir='ltr' id='par_1_98' title="bbox 606 5112 2133 5182">
     <span class='ocr_line' id='line_1_98' title="bbox 606 5112 2133 5182; baseline -0.001 -16"><span class='ocrx_word' id='word_1_708' title='bbox 606 5127 780 5167; x_wconf 85' lang='lat' dir='ltr'><strong>tamen</strong></span> <span class='ocrx_word' id='word_1_709' title='bbox 811 5115 963 5165; x_wconf 85' lang='lat' dir='ltr'><strong>sicuti</strong></span> <span class='ocrx_word' id='word_1_710' title='bbox 1008 5112 1110 5164; x_wconf 86' lang='lat' dir='ltr'><strong>l‘eo</strong></span> <span class='ocrx_word' id='word_1_711' title='bbox 1138 5129 1278 5164; x_wconf 69' lang='lat' dir='ltr'><strong>cuna:</strong></span> <span class='ocrx_word' id='word_1_712' title='bbox 1308 5114 1433 5173; x_wconf 80' lang='lat' dir='ltr'><strong>luit,</strong></span> <span class='ocrx_word' id='word_1_713' title='bbox 1466 5124 1517 5165; x_wconf 74' lang='lat' dir='ltr'><strong>et</strong></span> <span class='ocrx_word' id='word_1_714' title='bbox 1550 5118 1698 5182; x_wconf 84' lang='lat' dir='ltr'><strong>juxta</strong></span> <span class='ocrx_word' id='word_1_715' title='bbox 1737 5114 2133 5168; x_wconf 88' lang='lat' dir='ltr'><strong>iuscrutabilem</strong></span> 
     </span>
    </p>
   </div>
   <div class='ocr_carea' id='block_1_99' title="bbox 605 5193 2134 5271">
    <p class='ocr_par' dir='ltr' id='par_1_99' title="bbox 605 5193 2134 5271">
     <span class='ocr_line' id='line_1_99' title="bbox 605 5193 2134 5271; baseline 0.003 -18"><span class='ocrx_word' id='word_1_716' title='bbox 605 5204 952 5270; x_wconf 74' lang='lat' dir='ltr'><strong>providentia:</strong></span> <span class='ocrx_word' id='word_1_717' title='bbox 984 5217 1090 5254; x_wconf 70' lang='lat' dir='ltr'><strong>sua:</strong></span> <span class='ocrx_word' id='word_1_718' title='bbox 1119 5193 1551 5269; x_wconf 78' lang='lat' dir='ltr'><strong>profunditatem,</strong></span> <span class='ocrx_word' id='word_1_719' title='bbox 1588 5205 1780 5259; x_wconf 89' lang='lat' dir='ltr'><strong>serviet</strong></span> <span class='ocrx_word' id='word_1_720' title='bbox 1819 5206 1980 5259; x_wconf 90' lang='lat' dir='ltr'><strong>rebus</strong></span> <span class='ocrx_word' id='word_1_721' title='bbox 2015 5220 2134 5271; x_wconf 87' lang='lat' dir='ltr'><strong>per-</strong></span> 
     </span>
    </p>
   </div>
   <div class='ocr_carea' id='block_1_100' title="bbox 609 5292 2137 5361">
    <p class='ocr_par' dir='ltr' id='par_1_100' title="bbox 609 5292 2137 5361">
     <span class='ocr_line' id='line_1_100' title="bbox 609 5292 2137 5361; baseline 0.001 -15"><span class='ocrx_word' id='word_1_722' title='bbox 609 5295 863 5346; x_wconf 79' lang='lat' dir='ltr'><strong>liciendis.</strong></span> <span class='ocrx_word' id='word_1_723' title='bbox 892 5292 1195 5345; x_wconf 83' lang='lat' dir='ltr'><strong>Secundum</strong></span> <span class='ocrx_word' id='word_1_724' title='bbox 1231 5294 1368 5345; x_wconf 88' lang='lat' dir='ltr'><strong>hanc</strong></span> <span class='ocrx_word' id='word_1_725' title='bbox 1392 5293 1550 5361; x_wconf 81' lang='lat' dir='ltr'><strong>igitur</strong></span> <span class='ocrx_word' id='word_1_726' title='bbox 1578 5297 1917 5350; x_wconf 90' lang='lat' dir='ltr'><strong>concordiam</strong></span> <span class='ocrx_word' id='word_1_727' title='bbox 1953 5312 1980 5348; x_wconf 91' lang='lat' dir='ltr'><strong>a</strong></span> <span class='ocrx_word' id='word_1_728' title='bbox 2033 5297 2137 5348; x_wconf 88' lang='lat' dir='ltr'><strong>Deo</strong></span> 
     </span>
    </p>
   </div>
   <div class='ocr_carea' id='block_1_101' title="bbox 608 5382 2132 5450">
    <p class='ocr_par' dir='ltr' id='par_1_101' title="bbox 608 5382 2132 5450">
     <span class='ocr_line' id='line_1_101' title="bbox 608 5382 2132 5450; baseline 0.003 -20"><span class='ocrx_word' id='word_1_729' title='bbox 608 5382 805 5442; x_wconf 84' lang='lat' dir='ltr'><strong>datam,</strong></span> <span class='ocrx_word' id='word_1_730' title='bbox 844 5383 1034 5434; x_wconf 85' lang='lat' dir='ltr'><strong>tradita</strong></span> <span class='ocrx_word' id='word_1_731' title='bbox 1071 5383 1248 5435; x_wconf 68' lang='lat' dir='ltr'><strong>bestiae</strong></span> <span class='ocrx_word' id='word_1_732' title='bbox 1281 5383 1584 5435; x_wconf 84' lang='lat' dir='ltr'><strong>onutimoda</strong></span> <span class='ocrx_word' id='word_1_733' title='bbox 1627 5394 1914 5450; x_wconf 82' lang='lat' dir='ltr'><strong>potestate,</strong></span> <span class='ocrx_word' id='word_1_734' title='bbox 1950 5387 2132 5440; x_wconf 80' lang='lat' dir='ltr'><strong>cmcie:</strong></span> 
     </span>
    </p>
   </div>
   <div class='ocr_carea' id='block_1_102' title="bbox 610 5469 2130 5545">
    <p class='ocr_par' dir='ltr' id='par_1_102' title="bbox 610 5469 2130 5545">
     <span class='ocr_line' id='line_1_102' title="bbox 610 5469 2130 5545; baseline 0.009 -29"><span class='ocrx_word' id='word_1_735' title='bbox 610 5479 663 5520; x_wconf 87' lang='lat' dir='ltr'><strong>nt</strong></span> <span class='ocrx_word' id='word_1_736' title='bbox 704 5469 867 5523; x_wconf 85' lang='lat' dir='ltr'><strong>bestia</strong></span> <span class='ocrx_word' id='word_1_737' title='bbox 892 5472 1170 5538; x_wconf 65' lang='lat' dir='ltr'><strong>prmvaleat</strong></span> <span class='ocrx_word' id='word_1_738' title='bbox 1206 5471 1255 5525; x_wconf 87' lang='lat' dir='ltr'><strong>in</strong></span> <span class='ocrx_word' id='word_1_739' title='bbox 1289 5472 1536 5527; x_wconf 78' lang='lat' dir='ltr'><strong>erunibus</strong></span> <span class='ocrx_word' id='word_1_740' title='bbox 1564 5471 1626 5525; x_wconf 89' lang='lat' dir='ltr'><strong>ad</strong></span> <span class='ocrx_word' id='word_1_741' title='bbox 1668 5489 1784 5540; x_wconf 69' lang='lat' dir='ltr'><strong>qua:</strong></span> <span class='ocrx_word' id='word_1_742' title='bbox 1825 5476 1998 5528; x_wconf 81' lang='lat' dir='ltr'><strong>debita</strong></span> <span class='ocrx_word' id='word_1_743' title='bbox 2041 5477 2130 5545; x_wconf 81' lang='lat' dir='ltr'><strong>ju-</strong></span> 
     </span>
    </p>
   </div>
   <div class='ocr_carea' id='block_1_103' title="bbox 2234 4311 3778 4386">
    <p class='ocr_par' dir='ltr' id='par_1_103' title="bbox 2234 4311 3778 4386">
     <span class='ocr_line' id='line_1_103' title="bbox 2234 4311 3778 4386; baseline -0.007 -14"><span class='ocrx_word' id='word_1_744' title='bbox 2234 4323 2337 4373; x_wconf 82' lang='grc' dir='ltr'>λων</span> <span class='ocrx_word' id='word_1_745' title='bbox 2384 4322 2494 4384; x_wconf 76' lang='grc' dir='ltr'><strong>ζῶα</strong></span> <span class='ocrx_word' id='word_1_746' title='bbox 2532 4321 2740 4380; x_wconf 74' lang='grc' dir='ltr'>ἑαυτοῖς</span> <span class='ocrx_word' id='word_1_747' title='bbox 2769 4316 3148 4386; x_wconf 83' lang='grc' dir='ltr'>ταμιεύσουσι,</span> <span class='ocrx_word' id='word_1_748' title='bbox 3180 4315 3272 4366; x_wconf 69' lang='grc' dir='ltr'><strong>καὶ</strong></span> <span class='ocrx_word' id='word_1_749' title='bbox 3307 4316 3483 4365; x_wconf 81' lang='grc' dir='ltr'>πᾶσαν</span> <span class='ocrx_word' id='word_1_750' title='bbox 3521 4312 3617 4379; x_wconf 79' lang='grc' dir='ltr'>τὴν</span> <span class='ocrx_word' id='word_1_751' title='bbox 3649 4311 3778 4378; x_wconf 72' lang='grc' dir='ltr'>περὶ</span> 
     </span>
    </p>
   </div>
   <div class='ocr_carea' id='block_1_104' title="bbox 2235 4402 3778 4479">
    <p class='ocr_par' dir='ltr' id='par_1_104' title="bbox 2235 4402 3778 4479">
     <span class='ocr_line' id='line_1_104' title="bbox 2235 4402 3778 4479; baseline -0.006 -17"><span class='ocrx_word' id='word_1_752' title='bbox 2235 4412 2302 4464; x_wconf 71' lang='grc' dir='ltr'>τὰ</span> <span class='ocrx_word' id='word_1_753' title='bbox 2352 4413 2550 4479; x_wconf 83' lang='grc' dir='ltr'>μάταια</span> <span class='ocrx_word' id='word_1_754' title='bbox 2608 4410 2835 4474; x_wconf 74' lang='grc' dir='ltr'>σπουδὴν</span> <span class='ocrx_word' id='word_1_755' title='bbox 2887 4408 3237 4473; x_wconf 77' lang='grc' dir='ltr'>ἀφανίσουσι,</span> <span class='ocrx_word' id='word_1_756' title='bbox 3285 4408 3374 4455; x_wconf 79' lang='grc' dir='ltr'>καὶ</span> <span class='ocrx_word' id='word_1_757' title='bbox 3426 4404 3594 4463; x_wconf 79' lang='grc' dir='ltr'>οὕτως</span> <span class='ocrx_word' id='word_1_758' title='bbox 3637 4402 3778 4454; x_wconf 81' lang='grc' dir='ltr'>ὥστε</span> 
     </span>
    </p>
   </div>
   <div class='ocr_carea' id='block_1_105' title="bbox 2239 4491 3779 4566">
    <p class='ocr_par' dir='ltr' id='par_1_105' title="bbox 2239 4491 3779 4566">
     <span class='ocr_line' id='line_1_105' title="bbox 2239 4491 3779 4566; baseline -0.006 -16"><span class='ocrx_word' id='word_1_759' title='bbox 2239 4500 2341 4550; x_wconf 72' lang='grc' dir='ltr'>ὑπὸ</span> <span class='ocrx_word' id='word_1_760' title='bbox 2391 4499 2555 4566; x_wconf 71' lang='grc' dir='ltr'>πυρὸς</span> <span class='ocrx_word' id='word_1_761' title='bbox 2604 4498 2998 4566; x_wconf 77' lang='grc' dir='ltr'>δαπανηθείσαν</span> <span class='ocrx_word' id='word_1_762' title='bbox 3053 4493 3385 4562; x_wconf 77' lang='grc' dir='ltr'>νομίζεσθαι,</span> <span class='ocrx_word' id='word_1_763' title='bbox 3435 4492 3526 4543; x_wconf 77' lang='grc' dir='ltr'><strong>καὶ</strong></span> <span class='ocrx_word' id='word_1_764' title='bbox 3571 4491 3779 4551; x_wconf 76' lang='grc' dir='ltr'>πάντας</span> 
     </span>
    </p>
   </div>
   <div class='ocr_carea' id='block_1_106' title="bbox 2240 4579 3779 4655">
    <p class='ocr_par' dir='ltr' id='par_1_106' title="bbox 2240 4579 3779 4655">
     <span class='ocr_line' id='line_1_106' title="bbox 2240 4579 3779 4655; baseline -0.008 -17"><span class='ocrx_word' id='word_1_765' title='bbox 2240 4586 2478 4655; x_wconf 73' lang='grc' dir='ltr'>κράζειν·</span> <span class='ocrx_word' id='word_1_766' title='bbox 2517 4587 2620 4637; x_wconf 76' lang='grc' dir='ltr'><strong>Ποῦ</strong></span> <span class='ocrx_word' id='word_1_767' title='bbox 2656 4585 2746 4637; x_wconf 76' lang='grc' dir='ltr'>νῦν</span> <span class='ocrx_word' id='word_1_768' title='bbox 2803 4587 2847 4636; x_wconf 82' lang='grc' dir='ltr'>οξ</span> <span class='ocrx_word' id='word_1_769' title='bbox 2882 4585 2976 4650; x_wconf 83' lang='grc' dir='ltr'>τῆς</span> <span class='ocrx_word' id='word_1_770' title='bbox 3010 4585 3127 4634; x_wconf 85' lang='grc' dir='ltr'>τότε</span> <span class='ocrx_word' id='word_1_771' title='bbox 3173 4583 3263 4631; x_wconf 78' lang='grc' dir='ltr'>ἐπὶ</span> <span class='ocrx_word' id='word_1_772' title='bbox 3301 4583 3368 4631; x_wconf 73' lang='grc' dir='ltr'>τὰ</span> <span class='ocrx_word' id='word_1_773' title='bbox 3420 4579 3623 4648; x_wconf 84' lang='grc' dir='ltr'>μάταια</span> <span class='ocrx_word' id='word_1_774' title='bbox 3657 4581 3779 4628; x_wconf 73' lang='grc' dir='ltr'><strong>ἐπι-</strong></span> 
     </span>
    </p>
   </div>
   <div class='ocr_carea' id='block_1_107' title="bbox 2244 4669 3779 4745">
    <p class='ocr_par' dir='ltr' id='par_1_107' title="bbox 2244 4669 3779 4745">
     <span class='ocr_line' id='line_1_107' title="bbox 2244 4669 3779 4745; baseline -0.006 -19"><span class='ocrx_word' id='word_1_775' title='bbox 2244 4676 2458 4745; x_wconf 83' lang='grc' dir='ltr'>μελείας</span> <span class='ocrx_word' id='word_1_776' title='bbox 2507 4677 2779 4744; x_wconf 81' lang='grc' dir='ltr'>ἐχόμενοι;</span> <span class='ocrx_word' id='word_1_777' title='bbox 2842 4673 3021 4724; x_wconf 75' lang='grc' dir='ltr'>Ταῦτα</span> <span class='ocrx_word' id='word_1_778' title='bbox 3080 4673 3132 4722; x_wconf 73' lang='grc' dir='ltr'>δὲ</span> <span class='ocrx_word' id='word_1_779' title='bbox 3192 4672 3397 4729; x_wconf 75' lang='grc' dir='ltr'>πάντα,</span> <span class='ocrx_word' id='word_1_780' title='bbox 3447 4670 3520 4729; x_wconf 83' lang='grc' dir='ltr'>ὼς</span> <span class='ocrx_word' id='word_1_781' title='bbox 3570 4669 3779 4736; x_wconf 75' lang='grc' dir='ltr'>ἔφημεν</span> 
     </span>
    </p>
   </div>
   <div class='ocr_carea' id='block_1_108' title="bbox 2241 4758 3778 4834">
    <p class='ocr_par' dir='ltr' id='par_1_108' title="bbox 2241 4758 3778 4834">
     <span class='ocr_line' id='line_1_108' title="bbox 2241 4758 3778 4834; baseline -0.005 -18"><span class='ocrx_word' id='word_1_782' title='bbox 2241 4766 2623 4834; x_wconf 66' lang='grc' dir='ltr'>παραθέμενοι,</span> <span class='ocrx_word' id='word_1_783' title='bbox 2654 4767 2750 4816; x_wconf 77' lang='grc' dir='ltr'><strong>οὐκ</strong></span> <span class='ocrx_word' id='word_1_784' title='bbox 2782 4764 2845 4815; x_wconf 81' lang='grc' dir='ltr'><strong>ἂν</strong></span> <span class='ocrx_word' id='word_1_785' title='bbox 2869 4763 3015 4814; x_wconf 69' lang='grc' dir='ltr'>ἀθεεὶ</span> <span class='ocrx_word' id='word_1_786' title='bbox 3052 4759 3316 4828; x_wconf 74' lang='grc' dir='ltr'>συμϐῆναί</span> <span class='ocrx_word' id='word_1_787' title='bbox 3357 4775 3537 4824; x_wconf 80' lang='grc' dir='ltr'>φασιν,</span> <span class='ocrx_word' id='word_1_788' title='bbox 3569 4758 3680 4808; x_wconf 79' lang='grc' dir='ltr'>ἀλλ’</span> <span class='ocrx_word' id='word_1_789' title='bbox 3712 4759 3778 4808; x_wconf 80' lang='grc' dir='ltr'>ὲκ</span> 
     </span>
    </p>
   </div>
   <div class='ocr_carea' id='block_1_109' title="bbox 2240 4849 3124 4918">
    <p class='ocr_par' dir='ltr' id='par_1_109' title="bbox 2240 4849 3124 4918">
     <span class='ocr_line' id='line_1_109' title="bbox 2240 4849 3124 4918; baseline -0.001 -17"><span class='ocrx_word' id='word_1_790' title='bbox 2240 4852 2386 4913; x_wconf 81' lang='grc' dir='ltr'>θείας</span> <span class='ocrx_word' id='word_1_791' title='bbox 2409 4854 2707 4917; x_wconf 71' lang='grc' dir='ltr'>ἐπισκοπῆς</span> <span class='ocrx_word' id='word_1_792' title='bbox 2731 4851 2822 4902; x_wconf 73' lang='grc' dir='ltr'><strong>καὶ</strong></span> <span class='ocrx_word' id='word_1_793' title='bbox 2855 4849 3124 4918; x_wconf 83' lang='grc' dir='ltr'>προνοίας.</span> 
     </span>
    </p>
   </div>
   <div class='ocr_carea' id='block_1_110' title="bbox 2309 4934 3775 5007">
    <p class='ocr_par' dir='ltr' id='par_1_110' title="bbox 2309 4934 3775 5007">
     <span class='ocr_line' id='line_1_110' title="bbox 2309 4934 3775 5007; baseline -0.007 -13"><span class='ocrx_word' id='word_1_794' title='bbox 2309 4944 2413 4995; x_wconf 83' lang='lat' dir='ltr'><strong>Kal</strong></span> <span class='ocrx_word' id='word_1_795' title='bbox 2453 4943 2696 5007; x_wconf 71' lang='grc' dir='ltr'>ποιῆσαι</span> <span class='ocrx_word' id='word_1_796' title='bbox 2735 4941 2971 5007; x_wconf 76' lang='grc' dir='ltr'><strong>γνώμην</strong></span> <span class='ocrx_word' id='word_1_797' title='bbox 2999 4942 3159 5004; x_wconf 66' lang='grc' dir='ltr'>μίαν.</span> <span class='ocrx_word' id='word_1_798' title='bbox 3192 4938 3250 4987; x_wconf 83' lang='lat' dir='ltr'><strong>El</strong></span> <span class='ocrx_word' id='word_1_799' title='bbox 3290 4936 3383 4987; x_wconf 77' lang='grc' dir='ltr'>καὶ</span> <span class='ocrx_word' id='word_1_800' title='bbox 3418 4935 3707 5002; x_wconf 82' lang='grc' dir='ltr'>σύνδρομος</span> <span class='ocrx_word' id='word_1_801' title='bbox 3741 4934 3775 5000; x_wconf 81' lang='grc' dir='ltr'>ἡ</span> 
     </span>
    </p>
   </div>
   <div class='ocr_carea' id='block_1_111' title="bbox 2240 5025 3777 5099">
    <p class='ocr_par' dir='ltr' id='par_1_111' title="bbox 2240 5025 3777 5099">
     <span class='ocr_line' id='line_1_111' title="bbox 2240 5025 3777 5099; baseline -0.007 -16"><span class='ocrx_word' id='word_1_802' title='bbox 2240 5033 2437 5084; x_wconf 84' lang='grc' dir='ltr'>τούτων</span> <span class='ocrx_word' id='word_1_803' title='bbox 2479 5032 2665 5099; x_wconf 77' lang='grc' dir='ltr'>γνώμη</span> <span class='ocrx_word' id='word_1_804' title='bbox 2697 5033 2759 5098; x_wconf 86' lang='grc' dir='ltr'><strong>τῇ</strong></span> <span class='ocrx_word' id='word_1_805' title='bbox 2805 5030 2896 5079; x_wconf 76' lang='grc' dir='ltr'>τοῦ</span> <span class='ocrx_word' id='word_1_806' title='bbox 2926 5028 3091 5090; x_wconf 81' lang='grc' dir='ltr'>Θεοῦ,</span> <span class='ocrx_word' id='word_1_807' title='bbox 3126 5027 3236 5079; x_wconf 83' lang='grc' dir='ltr'>ἀλλ’</span> <span class='ocrx_word' id='word_1_808' title='bbox 3287 5028 3358 5087; x_wconf 82' lang='grc' dir='ltr'>ὡς</span> <span class='ocrx_word' id='word_1_809' title='bbox 3388 5025 3504 5093; x_wconf 83' lang='grc' dir='ltr'><strong>Θεῷ</strong></span> <span class='ocrx_word' id='word_1_810' title='bbox 3540 5027 3777 5092; x_wconf 85' lang='grc' dir='ltr'>μεμελη-</span> 
     </span>
    </p>
   </div>
   <div class='ocr_carea' id='block_1_112' title="bbox 2244 5113 3774 5190">
    <p class='ocr_par' dir='ltr' id='par_1_112' title="bbox 2244 5113 3774 5190">
     <span class='ocr_line' id='line_1_112' title="bbox 2244 5113 3774 5190; baseline -0.008 -17"><span class='ocrx_word' id='word_1_811' title='bbox 2244 5125 2396 5190; x_wconf 73' lang='grc' dir='ltr'>μένη,</span> <span class='ocrx_word' id='word_1_812' title='bbox 2431 5123 2567 5173; x_wconf 82' lang='grc' dir='ltr'><strong>κατὰ</strong></span> <span class='ocrx_word' id='word_1_813' title='bbox 2602 5121 2654 5171; x_wconf 75' lang='grc' dir='ltr'><strong>δὲ</strong></span> <span class='ocrx_word' id='word_1_814' title='bbox 2685 5120 2741 5170; x_wconf 80' lang='grc' dir='ltr'><strong>τὸ</strong></span> <span class='ocrx_word' id='word_1_815' title='bbox 2766 5118 3178 5186; x_wconf 81' lang='grc' dir='ltr'>ἀνεξερεύνητον</span> <span class='ocrx_word' id='word_1_816' title='bbox 3212 5117 3370 5184; x_wconf 75' lang='grc' dir='ltr'>βάθος</span> <span class='ocrx_word' id='word_1_817' title='bbox 3396 5116 3493 5181; x_wconf 81' lang='grc' dir='ltr'>τῆς</span> <span class='ocrx_word' id='word_1_818' title='bbox 3524 5113 3774 5182; x_wconf 85' lang='grc' dir='ltr'>προνοίας</span> 
     </span>
    </p>
   </div>
   <div class='ocr_carea' id='block_1_113' title="bbox 2242 5204 3777 5278">
    <p class='ocr_par' dir='ltr' id='par_1_113' title="bbox 2242 5204 3777 5278">
     <span class='ocr_line' id='line_1_113' title="bbox 2242 5204 3777 5278; baseline -0.008 -16"><span class='ocrx_word' id='word_1_819' title='bbox 2242 5212 2400 5262; x_wconf 71' lang='grc' dir='ltr'>αὑτοῦ</span> <span class='ocrx_word' id='word_1_820' title='bbox 2433 5211 2798 5278; x_wconf 78' lang='grc' dir='ltr'>συμϐαίνουσα</span> <span class='ocrx_word' id='word_1_821' title='bbox 2841 5210 2947 5268; x_wconf 85' lang='grc' dir='ltr'>τοῖς</span> <span class='ocrx_word' id='word_1_822' title='bbox 2992 5207 3444 5274; x_wconf 78' lang='grc' dir='ltr'>συντελουμένοις.</span> <span class='ocrx_word' id='word_1_823' title='bbox 3476 5204 3627 5254; x_wconf 70' lang='grc' dir='ltr'><strong>Οὕτω</strong></span> <span class='ocrx_word' id='word_1_824' title='bbox 3665 5218 3777 5252; x_wconf 87' lang='grc' dir='ltr'>τοι-</span> 
     </span>
    </p>
   </div>
   <div class='ocr_carea' id='block_1_114' title="bbox 2303 5294 3771 5369">
    <p class='ocr_par' dir='ltr' id='par_1_114' title="bbox 2303 5294 3771 5369">
     <span class='ocr_line' id='line_1_114' title="bbox 2303 5294 3771 5369; baseline -0.005 -21"><span class='ocrx_word' id='word_1_825' title='bbox 2303 5301 2437 5369; x_wconf 81' lang='grc' dir='ltr'><strong>.ροῦν</strong></span> <span class='ocrx_word' id='word_1_826' title='bbox 2470 5302 2606 5352; x_wconf 75' lang='grc' dir='ltr'>κατὰ</span> <span class='ocrx_word' id='word_1_827' title='bbox 2649 5298 2898 5364; x_wconf 79' lang='grc' dir='ltr'>τοιαύτην</span> <span class='ocrx_word' id='word_1_828' title='bbox 2941 5300 3390 5365; x_wconf 82' lang='grc' dir='ltr'>ὁμογνωμοσύνην</span> <span class='ocrx_word' id='word_1_829' title='bbox 3438 5295 3639 5354; x_wconf 78' lang='grc' dir='ltr'>τούτοις</span> <span class='ocrx_word' id='word_1_830' title='bbox 3686 5294 3771 5343; x_wconf 87' lang='grc' dir='ltr'>δο-</span> 
     </span>
    </p>
   </div>
   <div class='ocr_carea' id='block_1_115' title="bbox 2242 5381 3778 5455">
    <p class='ocr_par' dir='ltr' id='par_1_115' title="bbox 2242 5381 3778 5455">
     <span class='ocr_line' id='line_1_115' title="bbox 2242 5381 3778 5455; baseline -0.007 -16"><span class='ocrx_word' id='word_1_831' title='bbox 2242 5389 2419 5440; x_wconf 82' lang='grc' dir='ltr'>θεῖσαν</span> <span class='ocrx_word' id='word_1_832' title='bbox 2458 5392 2558 5441; x_wconf 74' lang='grc' dir='ltr'>ύπὸ</span> <span class='ocrx_word' id='word_1_833' title='bbox 2592 5389 2743 5451; x_wconf 81' lang='grc' dir='ltr'>Θεοῦ,</span> <span class='ocrx_word' id='word_1_834' title='bbox 2784 5389 2876 5455; x_wconf 82' lang='grc' dir='ltr'>τῆς</span> <span class='ocrx_word' id='word_1_835' title='bbox 2909 5389 3149 5450; x_wconf 81' lang='grc' dir='ltr'>ἐξουσίας</span> <span class='ocrx_word' id='word_1_836' title='bbox 3178 5389 3390 5454; x_wconf 84' lang='grc' dir='ltr'>ἀπάσης</span> <span class='ocrx_word' id='word_1_837' title='bbox 3423 5381 3778 5452; x_wconf 70' lang='grc' dir='ltr'>παρασχεθεῖ-</span> 
     </span>
    </p>
   </div>
   <div class='ocr_carea' id='block_1_116' title="bbox 2245 5473 3776 5550">
    <p class='ocr_par' dir='ltr' id='par_1_116' title="bbox 2245 5473 3776 5550">
     <span class='ocr_line' id='line_1_116' title="bbox 2245 5473 3776 5550; baseline -0.007 -20"><span class='ocrx_word' id='word_1_838' title='bbox 2245 5497 2336 5549; x_wconf 84' lang='grc' dir='ltr'><strong>σης</strong></span> <span class='ocrx_word' id='word_1_839' title='bbox 2359 5483 2432 5550; x_wconf 83' lang='grc' dir='ltr'><strong>τῷ</strong></span> <span class='ocrx_word' id='word_1_840' title='bbox 2461 5483 2648 5550; x_wconf 80' lang='grc' dir='ltr'>θηρίῳ,</span> <span class='ocrx_word' id='word_1_841' title='bbox 2674 5479 2962 5534; x_wconf 78' lang='grc' dir='ltr'>διατελέσει</span> <span class='ocrx_word' id='word_1_842' title='bbox 2994 5478 3221 5547; x_wconf 65' lang='grc' dir='ltr'>κρατοῦν</span> <span class='ocrx_word' id='word_1_843' title='bbox 3247 5479 3305 5530; x_wconf 77' lang='grc' dir='ltr'>τὸ</span> <span class='ocrx_word' id='word_1_844' title='bbox 3328 5478 3510 5546; x_wconf 83' lang='grc' dir='ltr'>θηρίον</span> <span class='ocrx_word' id='word_1_845' title='bbox 3537 5476 3612 5535; x_wconf 78' lang='grc' dir='ltr'>εἰς</span> <span class='ocrx_word' id='word_1_846' title='bbox 3642 5473 3776 5538; x_wconf 80' lang='grc' dir='ltr'>ὅπερ</span> 
     </span>
    </p>
   </div>
  </div>
