4126 6332
624 265 739 329 .727

1436 278 1756 338 ARETHE
1788 283 2160 346 casm“
2198 289 2664 352 CAPPADOCI/E
2705 282 3038 357 EPISCOPI

3700 304 3818 367 723

704 369 772 423 Et
808 374 1108 428 recordatus
1136 385 1213 431 est
1250 377 1387 434 Deut
1413 384 1744 455 iniquitatum
1773 391 1902 460 ejus.
1938 392 2184 447 Humano
2213 446 2215 454 ,

2251 444 2255 456 .
2353 401 2457 453 Kal
2495 402 2935 470 ἐμνημόνευσεν
2986 408 3019 458 ό
3051 406 3192 470 Θεὸς
3233 407 3304 460 τὰ
3338 407 3661 480 ἀδικήματα
3706 417 3820 468 αὑ-

633 459 793 512 modo
817 461 929 514 haec
961 464 1289 533 colliguntur
1319 488 1331 524 :
1367 487 1488 526 nam
1528 475 1582 530 in
1623 459 1803 533 beata,
1827 479 1919 534 Dei
1977 493 2165 537 natura

633 548 696 572 ὼ,
733 563 887 572 Mm
921 565 1149 572 __‘______,
1176 563 1190 572 -
1221 556 1285 572 ,...
1351 571 1359 572 κ
1596 564 1611 572 -
1933 570 1945 572 -

2269 486 2398 554 τῆς.
2438 459 2814 560 Ἀνθρωπίνως
2859 459 3669 558 διασκευάζεταιτναῦταῗῖπλ
3700 459 3820 572 γάρ

633 548 698 599 ad
731 563 889 615 quam
921 556 1431 620 nequeuntaﬂectus
1453 564 1727 632 accedere,
1760 570 2089 638 superﬂuum
2107 588 2172 626 ac

2269 548 2403 629 Θεοῦ
2441 579 2537 647 τῆς
2566 548 2839 651 μακαρίας
2869 582 3080 652 φύσεως
3108 548 3200 638 καὶ
3227 548 3820 660 «acutissimam:

634 650 829 690 vanum
863 647 945 692 est
978 641 1278 711 hujusmodi
1332 649 1414 702 vel
1444 653 1745 722 concipere.
1795 657 1870 711 lbi
1898 659 2039 713 enim
2087 672 2170 715 est

2269 663 2339 716 τά
2373 641 2593 720 τοιαῦτά
2619 641 2948 723 κᾶνινῦοὲιν
2977 641 3244 741 περιττόν.
3290 641 3583 749 Ἐκεῐγάρῖ

634 733 930 787 recordatio
961 735 1048 789 ubi
1065 746 1118 791 et
1142 740 1338 795 oblivio
1367 759 1381 796 :
1415 745 1614 800 oblivio
1643 757 1819 803 autem
1844 751 2086 822 designat
2120 754 2170 807 id

2269 751 2400 805 ὅπου
2445 755 2539 807 καὶ
2572 756 2726 825 λήθη.
2762 757 2912 828 Λήθη
2963 758 3018 812 δὲ
3048 733 3159 812 ’τοῦ
3198 762 3420 833 δυνάμει
3460 733 3719 835 παρείναι.

632 824 774 908 quod
806 823 1002 880 factum
1025 838 1126 894 est,
1147 833 1385 898 potentia
1403 837 1616 903 quidem
1639 839 1845 903 adesse,
1865 855 1970 897 non
1992 852 2167 899 tamen

2270 843 2507 912 πραχθὲν
2527 884 2542 908 ,
2573 823 2671 898 οῦκ
2693 823 2779 900 -Ιτι
2806 823 2862 901 at
2898 823 2992 903 καὶ
3019 853 3265 922 ἐνεργείᾳ
3308 823 3654 924 σημαντικόν.
3686 857 3814 926 Θεῷ

630 905 750 964 actu
779 931 789 965 :
827 929 982 981 porro
1013 916 1120 972 Deo
1151 921 1281 975 nihil
1304 923 1456 979 adest
1481 930 1744 994 potentia,
1771 931 1863 985 sed
1901 942 2044 988 actu.

697 995 877 1066 XVIII,
913 1005 1030 1059 6-8.
1059 1008 1270 1064 Reddite
1298 1014 1346 1066 ei
1371 1015 1506 1068 sicut
1536 1026 1584 1069 et
1611 1017 1729 1085 ipsa
1762 1020 1988 1075 reddidit
2009 1022 2170 1087 vobis,

626 1099 673 1143 et
693 1091 952 1159 duplicate
980 1098 1027 1150 ei
1057 1098 1288 1169 duplicia
1316 1105 1597 1158 secundum
1635 1122 1789 1175 opera
1810 1109 1946 1176 eius.
1979 1112 2043 1167 In
2073 1129 2170 1182 pu—

626 1183 741 1232 culo
771 1200 869 1250 quo
904 1187 1132 1249 miscuit,
1166 1192 1374 1246 miscete
1404 1194 1482 1247 illi
1511 1197 1744 1265 duplum.
1772 1200 2035 1265 Quantum
2060 1203 2173 1273 glo-

2269 931 2324 984 δὲ
2355 932 2502 986 οὐδὲν
2531 935 2783 1003 πρόσεστι
2809 937 3048 1006 δυνάμει,
3077 939 3189 993 ἀλλ’
3217 941 3482 1011 ἐνεργείᾳ.

2349 1021 2613 1090 Ἀπόδοτε
2652 1024 2838 1091 αὐτῇ,
2864 1026 2941 1092 ὡς
2977 1029 3072 1081 καί
3110 1028 3259 1096 αὐτὴ
3302 1029 3604 1083 ἀπέδωκεν
3641 1030 3820 1098 ὑμῖν,

2272 1107 2368 1160 καὶ
2397 1110 2729 1165 διπλώσατε
2757 1113 2909 1180 αὐτῇ
2938 1115 3120 1170 διπλᾶ
3154 1120 3299 1170 κατὰ
3326 1104 3396 1171 id
3427 1117 3567 1186 ἔργα
3595 1118 3808 1183 αὐτῆς.

2283 1196 2386 1250 Ἐν
2419 1196 2497 1261 τῷ
2540 1201 2792 1267 ποτηρίῳ
2825 1195 2872 1266 ᾧ
2907 1203 3184 1270 ἐκέρασε,
3217 1205 3506 1273 κεράσατε
3537 1205 3687 1273 αὐτῇ
3713 1205 3770 1259 δι
3796 1235 3809 1241 -

625 1271 842 1337 riﬁcavit
879 1291 932 1327 se
953 1285 1000 1328 et
1031 1277 1278 1347 lasciviit,
1315 1290 1513 1336 tantum
1543 1286 1664 1342 date
1687 1287 1766 1340 illi
1788 1271 2096 1345 tormentum
2123 1303 2174 1347 et

2272 1286 2486 1341 πλοῦν.
2513 1287 2665 1341 Ὅσα
2700 1289 2990 1354 ἐδόξασεν
3028 1292 3250 1360 ἑαυτὴν
3285 1271 3398 1346 καὶ
3422 1271 3808 1362 ἐστρηνίασε,

621 1360 835 1416 luctum.
873 1363 1010 1428 Quia
1052 1368 1178 1422 dicit
1225 1371 1278 1424 in
1327 1374 1478 1427 corde
1513 1391 1607 1431 suo
1639 1393 1659 1432 :
1699 1377 1861 1432 Sedeo
1883 1384 2092 1450 regina,
2121 1386 2171 1436 ει

2272 1371 2558 1427 τοσοῦτον
2607 1374 2741 1428 δότε
2787 1377 2938 1444 αὐτῇ
2990 1379 3371 1447 βασανισμὸν
3422 1360 3538 1433 καί
3563 1360 3805 1448 πένθος-ζ

621 1452 773 1505 vidua
801 1470 901 1508 non
932 1473 1065 1521 sum,
1099 1476 1257 1529 neque
1288 1463 1486 1517 luctum
1521 1468 1720 1521 videbo.
1754 1468 2040 1538 Propterea
2070 1487 2172 1526 uno

2273 1464 2402 1517 Ὅτι
2446 1462 2517 1515 ἐν
2556 1461 2627 1529 τῇ
2676 1463 2882 1532 καρδίᾳ
2934 1467 3121 1534 αὐτῆς
3161 1466 3351 1536 λέγει,
3403 1468 3491 1521 ὅτι
3540 1468 3806 1538 Κάθημαι

619 1541 701 1592 die
717 1547 911 1597 venient
926 1547 1091 1615 plaga:
1105 1552 1239 1615 ejus,
1255 1551 1414 1620 797
1437 1569 1573 1608 more
1589 1565 1638 1609 et
1658 1556 1827 1610 luctus
1846 1569 1895 1612 et
1913 1559 2097 1627 fames,
2124 1573 2173 1617 et

2266 1549 2626 1613 βασίλισσα,
2667 1551 2762 1603 καὶ
2789 1552 2943 1619 χήρα
2965 1555 3072 1608 οὔκ
3100 1556 3233 1623 ειμι.
3265 1555 3360 1608 καί
3384 1557 3599 1622 πένθος
3623 1561 3694 1612 οὐ
3715 1559 3805 1628 μὴ

620 1628 734 1696 igne
761 1632 1107 1690 comburetur.
1137 1638 1262 1706 quia
1279 1640 1434 1705 [ortis
1456 1651 1533 1696 est
1555 1642 1806 1699 Dominus
1828 1649 1915 1715 qui
1957 1650 2169 1718 judica-

621 1718 690 1769 ὺὶι
718 1719 880 1774 illam.
1139 1738 1153 1748 '

686 1984 1234 2046 Animadvertendum
1249 2003 1350 2059 est,
1373 2009 1402 2050 a
1424 2011 1533 2066 quo
1555 1999 1808 2067 procedat
1836 2001 1939 2058 hoc
1964 2019 2161 2073 praece-

2196 1691 2243 1751 Β

2272 1639 2396 1692 ἷδω.
2435 1639 2537 1692 Διὰ
2574 1638 2746 1695 τοῦτο
2774 1642 2841 1695 ἐν
2866 1642 2965 1709 μιᾷ
3000 1642 3184 1712 ἡμέρᾳ
3209 1645 3463 1711 ἥξουσιν
3485 1651 3542 1700 αι
3582 1649 3807 1716 πληγαὶ

2268 1726 2473 1795 αὐτῆς,
2521 1727 2790 1794 θάνατος,
2829 1729 2926 1782 καί
2966 1731 3200 1795 πένθος,
3239 1735 3335 1786 καί
3375 1737 3563 1802 λιμός.
3595 1737 3702 1790 Kal
3735 1737 3811 1790 ἐν

2268 1817 2407 1884 πυρί
2436 1815 2944 1883 κατακαυθήσεται
2969 1833 2981 1846 ο
3011 1817 3096 1870 ὅτι
3124 1821 3368 1887 ἰσχυρὸς
3403 1822 3609 1888 Κύριος
3628 1823 3661 1874 ὁ
3684 1839 3809 1890 κρι-

2266 1905 2386 1959 νῶν
2411 1904 2623 1971 αὐτήν.

2345 1997 2838 2065 ’Δνεπισὴμαντον,
2891 1997 3042 2067 παρὰ
3083 1996 3225 2059 τίνος
3257 1996 3315 2051 τδ
3345 1997 3664 2066 πρόσταγμα
3700 1997 3732 2066 ἦ
3773 1999 3808 2050 ὁ

615 2083 763 2141 ptum
787 2076 867 2129 vel
902 2093 1101 2134 sermo.
1149 2081 1332 2139 Potest
1372 2095 1549 2141 autem
1593 2088 1868 2161 dici'quod
1920 2108 1950 2149 a
1997 2094 2159 2164 justis

2265 2087 2416 2155 λόγος
2465 2085 2728 2156 πρόεισιν.
2775 2085 2876 2155 Εῑη
2922 2087 2967 2139 δ’
3020 2086 3085 2139 ἂν
3133 2086 3283 2155 παρὰ
3314 2085 3420 2138 τῶν
3460 2085 3680 2139 δικαίων
3710 2088 3807 2139 καὶ

613 2164 696 2216 vcl
750 2169 1078 2237 martyribus
1102 2164 1195 2240 qui
1230 2174 1321 2228 illo
1348 2185 1609 2247 tempore,
1669 2197 1857 2252 nempe
1899 2185 2158 2242 adventus

2266 2175 2555 2246 μαρτύρων
2585 2174 2691 2227 τῶν
2723 2174 2840 2228 κατ’
2877 2176 3051 2228 ὲκεϊνο
3082 2175 3272 2245 καιροῦ
3294 2214 3311 2237 ,
3344 2177 3441 2245 τῆς
3476 2176 3568 2229 τοῦ
3628 2178 3804 2229 Ἀντι-
3910 2226 3917 2234 ,

609 2251 942 2320 Antichristi,
975 2274 1072 2325 pro
1108 2259 1321 2316 Christo
1354 2269 1696 2334 certaverint,
1751 2251 1805 2324 in
1851 2284 1994 2328 tanta
2020 2292 2154 2332 Dru-

610 2338 826 2396 delitate
853 2360 916 2398 ac
951 2345 1162 2401 feritate
1190 2364 1375 2403 eorum
1411 2355 1504 2420 qui
1541 2364 1668 2410 tunc
1726 2360 1778 2412 in
1837 2363 1943 2415 vita
1973 2377 2152 2420 vene—

608 2427 808 2482 buntur
852 2434 1029 2486 traditi
1078 2435 1132 2487 in
1195 2439 1475 2494 ministros
1525 2443 1864 2513 Antichristi,
1899 2460 1955 2503 ut
1984 2467 2156 2518 quan-

607 2531 768 2583 quam
798 2519 862 2571 ad
895 2519 988 2573 Dei
1029 2522 1383 2578 imitationem
1418 2528 1592 2583 vivere
1617 2531 1895 2602 elegerint,
1929 2554 2151 2595 excessu

608 2612 785 2659 tamen
826 2607 1174 2664 alﬂictionum
1209 2613 1566 2671 devincantur
1599 2629 1654 2673 ut
1700 2621 1812 2676 haec
1857 2627 2151 2692 proferant.

608 2691 852 2749 Diximus
881 2709 1057 2753 autem
1114 2702 1394 2756 mulierem
1430 2715 1639 2775 tempus
1673 2711 1776 2765 sub
1819 2691 2153 2772 Allllt'lll‘lslo

602 2783 943 2850 signiﬁcare,
993 2796 1045 2842 et
1098 2804 1204 2843 non
1239 2792 1509 2848 civitatem
1558 2796 1842 2865 aliquam:
1898 2803 2149 2870 poculum

600 2883 800 2936 autem,
822 2875 1147 2931 voluntatem
1180 2893 1271 2934 seu
1303 2883 1638 2950 propositum
1671 2900 1858 2941 eorum
1892 2892 1980 2957 qui
2021 2901 2149 2948 tunc

2262 2267 2480 2334 χρίστου
2533 2265 2729 2336 δηλαδὴ
2782 2264 3072 2333 ἐπιδημίας
3117 2265 3256 2333 ὑπὲρ
3298 2264 3531 2334 Χριστοῦ
3580 2264 3803 2334 ὲναθλη-

2263 2355 2485 2418 σάντων,
2539 2355 2775 2424 τοσαύτῃ
2816 2353 3056 2423 ὠμότητι
3110 2352 3204 2405 καὶ
3252 2352 3512 2424 θηριωδίᾳ
3552 2353 3656 2406 ὑπὸ
3691 2354 3803 2405 τῶν

2258 2445 2552 2513 τηνικαῦτα
2581 2446 2656 2514 τῷ
2709 2444 2805 2514 βίῳ
2833 2443 3332 2513 ἐμπολιτευομένων
3373 2443 3660 2512 ὑπουργῶν
3702 2443 3802 2495 τοῦ

2272 2537 2628 2603 Ἀντιχρίστου
2676 2535 3100 2605 παραδοθέντων,
3132 2534 3268 2587 ὥστε
3299 2534 3392 2587 καὶ
3437 2534 3655 2595 αὐτοὺς.
3694 2534 3802 2587 κᾶν

2261 2629 2307 2680 εί
2333 2629 2674 2698 Θεομιμήτως
2699 2629 3003 2697 προείλοντο
3026 2628 3144 2696 ζῇν,
3176 2628 3288 2680 ἀλλ’
3316 2624 3408 2680 οὖν
3431 2628 3519 2680 διά
3541 2629 3600 2680 τὸ
3631 2629 3798 2697 ὑπερ-

2258 2715 2448 2768 ϐάλλον
2472 2717 2578 2768 τῶν
2608 2715 2901 2768 κακώσεων
2922 2715 3268 2784 ἑκνικηθῆναι
3289 2717 3456 2768 ταῦτα
3482 2717 3794 2785 προφέρειν.

2256 2807 2569 2874 Είρήκαμεν
2625 2805 2680 2858 δὲ
2727 2806 2956 2871 γυναῖκα
3011 2805 3100 2857 τὸν
3154 2804 3245 2856 ἰπὶ
3281 2802 3371 2856 τοῦ
3432 2804 3796 2872 Ἀντιχρίστου

2259 2883 2466 2965 καλρὺν,
2504 2894 2563 2946 οὐ
2615 2894 2765 2946 πόλιν
2811 2894 2929 2946 τινά
2961 2893 3263 2962 σημαίνειν,
3296 2893 3389 2945 καὶ
3442 2880 3693 2963 ποτήριον
3739 2893 3798 2946 δὲ

601 2960 653 3012 in
681 2961 783 3014 vita
818 2966 1173 3021 versabuntur
1205 2986 1218 3022 ε
1255 2971 1345 3038 qui
1370 2972 1435 3026 de
1471 2971 1682 3029 Satanae
1710 2989 1984 3045 potentatu
2035 2985 2148 3055 glo-
2177 3003 2215 3061 ο

2253 2960 2367 3053 τὴν-
2396 2983 2710 3054 προαίρεσιν
2741 2982 2847 3034 τῶν
2889 2960 3386 3051 ἐμπολιτευομένων
3421 2981 3501 3051 τῷ
3526 2960 3645 3036 vove
3675 2982 3793 3052 βίῳ,

599 3054 1272 3128 riantes,incomparabili
1329 3074 1726 3124 tormentorum
1788 3074 2152 3144 magnitudine

598 3146 856 3200 adversus
887 3149 985 3201 sibi
1019 3163 1380 3220 repugnantes
1407 3165 1662 3214 utentur:
1697 3165 2149 3229 quemadmodum

601 3233 760 3300 igitur
786 3236 929 3300 fecit,
955 3238 1202 3292 reddetur
1230 3242 1353 3309 ipsi.

672 3321 888 3374 Reddite
951 3327 1030 3375 illi
1083 3328 1321 3393 duplum.
1362 3332 1478 3384 Non
1534 3335 1753 3402 duplum
1797 3342 2012 3408 proprie
2038 3346 2153 3397 vult

601 3413 690 3465 hic
752 3413 972 3481 intelligi
1028 3416 1398 3483 duplicatum:
1457 3423 1551 3474 scd
1603 3427 1748 3491 quod
1797 3428 2060 3496 benignus
2090 3448 2152 3486 ac

603 3503 777 3554 bonus
812 3500 972 3563 Dens,
1002 3518 1123 3556 cum
1154 3507 1306 3572 punit
1343 3508 1502 3560 etiam
1540 3511 1677 3564 infra
1704 3514 1755 3567 id
1785 3517 2150 3586 quodjustum

601 3600 705 3652 est,
737 3592 956 3658 duplum
981 3608 1039 3646 se
1079 3594 1555 3651 reddidisse-ducit
1579 3600 1668 3652 ubi
1700 3602 1781 3655 vel
1809 3591 2011 3672 partem
2034 3610 2153 3662 red-

602 3682 797 3735 diderit
829 3700 840 3734 :
869 3698 964 3736 nec
1000 3683 1176 3737 solum
1209 3685 1451 3754 duplutn,
1485 3690 1645 3744 sedet
1669 3695 1972 3762 septuplum
2008 3715 2022 3750 :
2049 3681 2164 3752 nisi.

605 3774 851 3827 tortassis
886 3774 934 3825 id
987 3775 1404 3830 existimandum
1447 3788 1528 3833 est
1580 3781 1679 3836 bas
1729 3799 1833 3837 nou
1886 3801 2006 3841 esse
2055 3788 2149 3844 Dei

605 3866 800 3917 minas.
840 3866 1118 3931 Quomodo
1177 3869 1319 3921 enim
1359 3871 1405 3925 is
1454 3872 1545 3942 qui
1590 3873 1741 3940 dicit,
1781 3894 1799 3926 ι
1849 3875 1965 3933 Νοιι
2015 3881 2149 3936 ulci-

602 3955 874 4009 sceturbis
906 3956 1041 4009 Deus
1074 3970 1236 4025 super
1267 3958 1450 4013 eadem
1504 3974 1562 4014 re
1599 3960 1698 4027 “,t
1732 3978 1874 4019 nunc
1907 3966 1960 4019 in
1987 3965 2150 4035 duplo

603 4062 664 4099 ac
690 4049 932 4117 septuplo
957 4048 1027 4100 ait
1051 4048 1224 4115 ipsum
1259 4049 1483 4104 ulcisci?
1503 4049 1773 4108 Fortassis
1814 4055 1977 4124 igitur
2017 4059 2149 4112 nihil

601 4137 892 4191 absurdum
935 4138 1113 4201 fuerit,
1138 4139 1184 4192 si
1217 4140 1513 4207 accipiatur
1537 4142 1842 4210 signiﬁcare
1867 4161 1970 4198 non
1997 4146 2149 4214 juxta

602 4231 935 4297 dignitatem,
963 4229 1055 4282 sed
1089 4230 1396 4296 longeiufra
1428 4245 1759 4284 mensuram.

666 4319 929 4380 Quantum
950 4318 2143 4390 gloriﬁcatitseetlasciviit.Quemadmodum,
2175 4304 2226 4363 D

603 4407 808 4474 inquit,
867 4414 919 4456 et
973 4405 1265 4472 gloriﬁcata
1308 4415 1361 4461 et
1415 4407 1466 4460 in
1511 4411 1761 4477 praesenti
1794 4412 1904 4466 vita
1939 4415 2146 4472 deliciis

605 4495 868 4558 dittluens,
907 4510 1011 4548 non
1045 4495 1516 4565 adimplevitquod
1555 4501 1874 4568 prmviderat
1901 4518 2021 4558 esse
2061 4507 2146 4560 di-

607 4587 740 4637 \‘iuze
762 4586 1071 4653 voluntatis,
1098 4589 1169 4642 ita
1211 4588 1439 4644 reddite.
1481 4589 1618 4645 Dicit
1653 4593 1798 4647 enim
1829 4613 1843 4648 :
1899 4594 2012 4650 Non
2047 4598 2148 4668 pri-

603 4677 766 4730 vabor
791 4692 972 4745 regno.

673 4768 740 4820 In
765 4769 916 4821 corde
932 4785 1046 4822 suo.
1072 4769 1178 4824 Cor
1206 4773 1438 4842 appellat
1470 4774 1808 4828 durationem
1831 4791 2018 4831 eorum
2054 4779 2145 4847 qui

606 4870 732 4912 tunc
763 4859 921 4911 vitam
943 4861 1306 4928 complebunt,
1344 4880 1479 4933 quos
1507 4866 1671 4918 etiam
1697 4865 1848 4919 tinxit
1877 4883 2000 4921 cum
2027 4883 2149 4922 mu-

605 4952 732 5003 liere
762 4949 1084 5002 adulterium
1123 4961 1355 5018 patrare.

668 5034 951 5100 Propterea
999 5051 1099 5088 uno
1126 5017 1218 5090 die
1263 5040 1462 5092 venient
1521 5042 1691 5109 plaga:
1722 5041 1858 5109 ejus.
1900 5017 1998 5095 Der
2045 5042 2147 5095 hoc

600 5127 739 5194 quod
770 5126 917 5186 dicit.
959 5139 1064 5177 uno
1094 5125 1197 5188 die,
1236 5125 1655 5195 incxspecmtum
1686 5145 1749 5184 ac
1804 5131 2139 5199 repentinum

603 5226 808 5285 tempus
861 5216 1126 5284 signiticet
1163 5231 1272 5283 quo
1305 5206 1416 5270 haec
1469 5222 1802 5290 contingent.
1849 5221 2140 5289 Postquam

599 5307 739 5359 cuitu
769 5307 967 5360 inimici
993 5308 1162 5374 ipsius
1190 5305 1518 5362 obtiuuerint
1547 5311 1723 5376 illam,
1771 5320 2024 5380 poterunt
2063 5311 2143 5364 vel

602 5398 758 5450 unico
785 5398 871 5452 dic
897 5413 1054 5452 omne
1086 5397 1408 5468 supplicium
1441 5398 1494 5454 iu
1549 5415 1666 5456 eam
1709 5403 1963 5460 inducere
2023 5417 2143 5472 qua:

664 5572 704 5603 ε’
737 5570 1090 5638 Nauutt,12.

2253 3073 2303 3126 οἳ
2329 3075 2393 3143 τῇ
2423 3073 2708 3141 δυναστείᾳ
2735 3070 2827 3124 τοῦ
2859 3071 3068 3123 Σατανᾶ
3097 3070 3447 3138 γαυριῶντες,
3483 3070 3704 3141 ἀμέτρῳ
3730 3073 3795 3140 τῇ

2251 3163 2358 3214 τῶν
2405 3161 2591 3214 δεινῶν
2636 3161 2858 3230 εὐθηνίᾳ
2894 3160 3032 3213 κατὰ
3066 3160 3172 3212 τῶν
3219 3159 3604 3228 ἀντικειμένων
3669 3177 3798 3213 κατ-

2251 3254 2565 3321 εχρήσαντο.
2598 3250 2788 3311 Καθὼς
2811 3246 2901 3304 οῦν
2925 3250 3192 3320 ἐποίησεν,
3224 3249 3532 3319 ἀποδοθήτω
3559 3249 3714 3320 αὐτῇ.

2334 3341 2601 3394 Ἀπόδοτε
2631 3341 2783 3407 αὐτῇ
2828 3341 3102 3394 διπλοῦν.
3157 3341 3230 3393 Οὐ
3267 3341 3326 3392 τὸ
3366 3341 3643 3396 διπλάσιον
3673 3340 3798 3411 βού-

2252 3431 2401 3482 λεται
2433 3430 2493 3480 τὸ
2525 3430 2763 3490 διπλοῦν,
2798 3429 2911 3480 ἀλλ’
2955 3430 3036 3481 ὅτι
3087 3429 3460 3497 φιλάνθρωπος
3488 3429 3562 3482 ὢν
3591 3432 3619 3483 ό
3665 3431 3796 3493 Θεὸς

2254 3517 2348 3568 καὶ
2374 3515 2572 3583 ἀγαθὸς
2615 3515 2709 3566 καὶ
2741 3514 2872 3566 πολὺ
2908 3515 3322 3584 καταδεέστερον
3349 3516 3607 3582 κολάζων,
3635 3519 3796 3570 διπλᾶ

2251 3606 2419 3658 οἴεται
2447 3605 2840 3657 ἀποδεδωκέναι
2889 3605 2981 3657 καὶ
3009 3606 3134 3657 ὅταν
3171 3607 3332 3674 μέρος
3359 3607 3562 3677 ἀποδῷ,
3601 3609 3694 3661 καὶ
3732 3611 3795 3661 οὐ

2255 3696 2412 3765 μόνον
2437 3695 2616 3759 διπλᾶ,
2651 3695 2784 3747 ἀλλά
2817 3695 2908 3748 καὶ
2940 3695 3298 3758 ἐπταπλάσια,
3331 3699 3378 3749 εί
3411 3698 3483 3767 μή
3511 3715 3612 3750 που
3639 3696 3796 3751 τοῦτο

2251 3788 2460 3856 οίητέον
2501 3787 2575 3851 ὡς
2626 3788 2687 3840 οὐ
2742 3786 2876 3840 Θεοῦ
2917 3787 3164 3856 ἀπειλῆς.
3222 3789 3341 3850 Πῶς
3371 3789 3478 3858 γάρ
3521 3790 3551 3841 ὁ
3597 3789 3792 3857 λέγων,

2256 3896 2274 3930 ι
2315 3882 2426 3933 Οὐκ
2455 3879 2727 3950 ἐκδικήσει
2747 3877 2945 3948 Κύριος
2973 3877 3050 3940 δὶς
3079 3879 3169 3930 ἐπὶ
3188 3879 3244 3931 τὸ
3269 3880 3418 3944 αὐτὸ,
3453 3897 3471 3930 ι
3497 3877 3589 3932 νῦν
3610 3879 3794 3934 διπλόη

2252 3987 2338 4020 at:
2369 3969 2463 4022 καὶ
2521 3968 2861 4020 ἐπταπλάσιά
2916 3984 3077 4038 φησιν
3110 3968 3368 4032 ὲκδικείν;
3401 3969 3462 4021 El
3497 3967 3589 4021 οὖν
3616 3968 3676 4022 τὸ
3715 3969 3796 4022 διο

2249 4058 2415 4109 πλοῦν
2445 4058 2537 4109 καὶ
2581 4057 2947 4109 ὲπταπλάσιον
2974 4057 3034 4109 οὐ
3071 4057 3129 4109 τὸ
3180 4059 3298 4109 κατ’
3323 4057 3481 4120 ἀξίαν
3512 4058 3795 4127 σημαίνειν

2252 4146 2622 4214 ὑποληπτέον,
2671 4145 2804 4198 ἀλλά
2854 4145 2915 4196 τὸ
2963 4145 3344 4213 μετριώτερον,
3411 4147 3537 4207 law;
3593 4145 3792 4198 ἄτοπον

2250 4235 2423 4288 οὐδέν.

2323 4325 2478 4378 Ὅσα
2497 4322 2784 4388 ἐδόξασεν
2803 4323 3046 4390 ἑαυτὴν,
3070 4323 3164 4377 καὶ
3178 4324 3551 4394 ἐστρηνίασε.
3575 4326 3792 4391 Καθὼς.

2252 4415 2406 4484 φησὶ,
2452 4414 2766 4480 ὼξασθεῖσα
2795 4416 2886 4467 καὶ
2917 4416 3442 4486 κατασπαταλήσασα
3471 4417 3562 4470 τοῦ
3599 4417 3796 4489 παρόν·

2251 4521 2340 4566 τος
2370 4505 2506 4574 βίου,
2553 4505 2806 4576 πρόνοιαν
2835 4506 2894 4558 οὐ
2923 4505 3214 4575 πεποίηται
3250 4505 3341 4559 τοῦ
3371 4504 3525 4560 θείου
3553 4505 3793 4577 θελήμα-

2252 4611 2360 4658 τος,
2387 4594 2557 4658 οὕτως
2578 4595 2802 4648 ἀπόδοτε
2830 4597 2988 4667 αὐτῇ.
3010 4597 3168 4663 Λέγει
3189 4596 3316 4666 γάρ’
3345 4599 3458 4651 Οὐκ
3479 4598 3668 4668 ἔσομαι
3697 4598 3792 4651 τοῦ

2254 4684 2553 4752 βασιλεύειν
2578 4686 2932 4756 ἑστερημένη.

2331 4777 2432 4830 Ἐν
2477 4779 2548 4846 τῇ
2600 4779 2809 4845 καρδίᾳ
2864 4777 3073 4846 αὐτῆς.
3125 4778 3397 4847 Καρδίαν,
3449 4777 3508 4828 τὸ
3561 4776 3794 4845 ἔμμονόν

2249 4882 2382 4934 φησι
2415 4868 2520 4920 τῶν
2554 4867 2674 4920 τότε
2699 4867 2787 4920 τὸν
2813 4867 2924 4936 βίον
2955 4867 3437 4936 συμπληρούντων,
3470 4864 3561 4929 οῦς
3591 4867 3686 4919 καὶ
3715 4868 3795 4930 είς

2245 4958 2474 5021 γυναῖκα
2504 4957 2863 5026 ὲμυθοποίησε
2899 4956 3208 5025 μαχλῶσαν.

2314 5047 2416 5098 Διὰ
2467 5047 2637 5100 τοῦτο
2678 5048 2746 5100 ἐν
2783 5044 2888 5115 μιᾷ
2933 5045 3120 5113 ἡμέρᾳ
3155 5045 3410 5112 ἥξουσιν
3458 5049 3519 5101 al
3569 5047 3793 5117 πληγαί

2247 5134 2454 5201 αὐτῆς.
2488 5136 2585 5188 Διά
2610 5137 2702 5190 τοῦ
2725 5138 2925 5203 λέγειν,
2961 5137 3089 5205 μίαν
3118 5136 3347 5206 ἡμέραν,
3375 5137 3434 5190 τὸ
3456 5138 3793 5208 ἀπροσδόκη-

2247 5239 2336 5277 τον
2365 5227 2457 5278 καὶ
2485 5228 2678 5297 ἀθρόον
2703 5228 2852 5295 δηλοί
2881 5226 2973 5278 τοῦ
3005 5225 3195 5295 καιροῦ
3227 5229 3283 5278 ὲν
3307 5221 3348 5294 ᾧ
3378 5226 3546 5280 ταῦτα
3577 5227 3790 5298 συμϐή-

2251 5331 2419 5370 σεται.
2459 5318 2611 5370 Μετά
2643 5319 2750 5388 γάρ
2777 5318 2837 5370 τὸ
2879 5318 3161 5388 ἐγκρατεῖς
3190 5319 3356 5389 αὐτῆς
3384 5319 3635 5388 γενέσθαι
3661 5320 3789 5381 τοὺς

2249 5407 2470 5478 ἐχθροὺς
2497 5410 2715 5480 ἐξαρκεῖ
2756 5410 2848 5463 καὶ
2878 5409 2974 5479 μία
2997 5410 3176 5480 ἡμέρα
3207 5413 3384 5465 πᾶσαν
3428 5411 3648 5465 κόλασιν
3691 5411 3789 5462 ἑπ-
