4126 6332
280 273 385 339 729

1320 284 1695 346 COMMENT.
1738 288 1815 348 ΙΝ
1852 289 2369 357 APOCALYPSIN.

3336 304 3440 365 73')

276 384 503 448 αγαγεῐν
531 384 596 453 τῇ
650 384 961 455 ὴττηθείσῃ,
988 386 1209 440 δυνατοῦ
1253 388 1401 450 ὄντος
1458 389 1551 441 τοῦ
1606 392 1782 459 Κυρίοι

1905 396 2109 451 devicta
2155 398 2355 453 fuerit:
2394 416 2517 455 cum
2558 414 2747 471 potens
2791 407 2862 460 sit
2899 407 3153 465 Dominus
3190 409 3441 474 quemad-

275 470 469 540 ὥσπερ
499 474 608 533 τοῖς
649 472 1025 542 εὐαρεστοῦσιν
1057 474 1203 544 αὐτῷ
1237 476 1305 527 τὰ
1329 476 1546 547 θυμήρη
1587 480 1810 548 προσνέ-

276 576 433 627 μειν,
464 559 606 614 οὕτω
652 562 745 614 καὶ
784 562 1030 626 κολάζειν
1057 564 1455 635 ἁνεπιστρόφως
1507 567 1813 637 ἰξαμαρτά·

273 663 487 711 νοντας.
600 668 607 673 ·

340 735 454 788 Kal
499 737 834 793 κλαύσουσι
887 740 984 792 zeal
1034 739 1319 806 κόψονται
1373 740 1464 792 ἐπ’
1516 740 1707 808 αὐτὴν
1753 745 1807 796 ol

265 824 547 891 βασιλεῖς
576 826 685 895 τῆς
720 826 859 896 τῆς,
904 830 959 881 οι
979 828 1103 895 μετ’
1138 827 1324 895 αὐτῆς
1370 831 1807 897 πορνεύσαντες

266 913 368 964 και
401 916 862 981 στρηνιάσαντες
880 953 897 979 ,
950 916 1093 968 ὅταν
1130 916 1402 978 ,ϐλέπωσι
1436 918 1544 971 τὸν
1575 920 1807 984 καπνὸν

262 1001 381 1067 τῆς
412 1003 728 1070 πυρώσεως
773 1002 990 1069 αὐτῆς,
1021 1004 1136 1057 άπὸ
1171 1008 1459 1071 μακρόθεν
1487 1006 1804 1073 ἑστηκότες

262 1087 365 1141 διὰ
408 1091 515 1142 τὸν
551 1092 737 1157 φόϐον
772 1090 878 1142 τοῦ
904 1091 1290 1159 ⁸βασανισμοῦ
1325 1093 1547 1161 αὐτῆς,
1592 1096 1801 1164 λόγον·

1910 485 2123 538 modum
2152 501 2405 556 prospera
2437 490 2759 546 distribuere
2790 494 2874 547 bis
2894 495 2986 563 qui
3014 496 3113 547 sibi
3145 496 3276 562 grati
3298 504 3440 556 sunt,

1908 573 1977 626 ita
2003 582 2057 627 et
2077 586 2384 643 peccatores
2403 577 2780 635 irremediabili
2805 583 2963 635 modo
2993 584 3201 651 punire.

1973 744 2133 813 798
2162 745 2343 811 XVIII,
2373 746 2525 800 9-H.
2571 747 2639 800 Et
2667 750 2861 817 ﬂebunt
2906 761 2955 804 et
2992 753 3235 820 plangent
3290 768 3433 817 super

1902 830 2048 882 illam
2080 847 2214 899 reges
2244 842 2415 894 terra,
2448 832 2533 901 qui
2572 850 2687 885 cum
2718 835 2811 886 illa
2844 840 3064 887 seortati
3101 846 3220 889 sunt
3264 848 3311 889 et
3358 839 3441 888 la-

1900 920 2194 981 scivierunt,
2225 935 2340 971 cum
2374 920 2588 973 viderint
2612 923 2812 989 fumum
2853 924 3079 975 incendii
3100 924 3210 989 ejus
3254 940 3265 951 '
3293 926 3441 991 longe

1899 1017 2095 1090 s.tantes
2109 1017 2316 1075 propter
2354 1010 2584 1064 timorem
2608 1013 2847 1063 tormenti
2875 1012 3006 1078 ejus,
3032 1013 3253 1064 dicentes
3280 1029 3296 1063 :
3330 1014 3437 1075 Vae,

1899 1112 1991 1161 tne,
2023 1099 2202 1149 civitas
2230 1098 2323 1150 illa
2356 1115 2545 1167 magna
2590 1099 2825 1169 Babylon
2849 1140 2865 1162 ,
2908 1102 3087 1153 ciuitas
3121 1102 3212 1152 illa
3264 1102 3437 1165 fortis,

261 1191 400 1257 τεςτ
444 1178 608 1241 Oi'al,
638 1178 791 1244 οὐαί,
821 1181 859 1245 ἡ
900 1180 1074 1245 πόλις
1098 1180 1137 1245 ἠ
1168 1182 1407 1248 μεγάλην
1430 1184 1731 1247 Βαϐυλὼν,
1760 1188 1782 1238 1‘

1896 1188 2139 1255 quoniam
2165 1204 2265 1240 una
2284 1188 2410 1240 hora
2440 1191 2569 1241 venit
2601 1191 2858 1257 judicium
2900 1201 3063 1243 tuum.
3105 1190 3173 1243 Et
3202 1193 3436 1257 negotia-

260 1266 442 1329 πόλις
482 1265 520 1329 ἠ
569 1266 800 1333 ισχυρὰ,
839 1266 924 1319 ὅτι
949 1267 1019 1320 ἐν
1054 1265 1161 1335 μιᾷ
1182 1266 1298 1334 ὥρᾳ
1322 1265 1505 1337 ἦλθεν
1538 1272 1575 1338 ἡ
1606 1274 1782 1339 κρίσις

1897 1287 2030 1330 tores
2060 1287 2209 1330 terra
2240 1278 2430 1344 ﬂebunt
2458 1294 2519 1330 ac
2566 1279 2803 1347 lugebant
2839 1296 2990 1345 super
3010 1280 3103 1332 illa
3134 1296 3153 1332 .'
3193 1281 3435 1348 quoniam

254 1366 398 1404 σου.
436 1352 546 1405 Kal
600 1355 655 1405 οι
712 1354 952 1422 ἔμποροι
1002 1353 1111 1422 τῆς
1153 1354 1263 1425 τῆς
1315 1358 1649 1412 κλαύσουσι
1701 1362 1782 1412 καὶ

1896 1381 2022 1417 onus
2045 1382 2219 1419 eorum
2259 1382 2403 1419 nemo
2435 1375 2561 1419 emet
2592 1369 2853 1433 ampliusf:
2883 1384 2981 1419 non
2999 1368 3115 1433 jam
3158 1383 3286 1420 onus
3318 1368 3436 1417 auri

254 1442 671 1502 πενθήσουσιν
699 1440 811 1496 ἐπ”
840 1442 994 1510 αὐτῇ
1012 1480 1029 1508 ,
1081 1444 1170 1499 ὅτι
1222 1445 1328 1498 τὸν
1373 1448 1556 1514 γόμον
1604 1448 1782 1501 αὐτῶν

1893 1462 1941 1505 et
1972 1455 2194 1519 argenti.
2222 1463 2269 1507 et
2300 1454 2491 1521 lapidis
2514 1456 2727 1522 pretiosi
2758 1463 2806 1507 et
2846 1456 3143 1522 margarita:
3163 1494 3177 1515 ,
3210 1464 3257 1507 et
3294 1455 3432 1521 byssi

252 1530 458 1596 οὐδεὶς
498 1532 775 1599 ἀγοράσει
804 1534 910 1587 ἔτι.
958 1534 1165 1588 οὐκέτι
1218 1538 1401 1604 νόμον
1441 1538 1671 1604 χρυσοῦ
1699 1541 1782 1593 καὶ

1892 1548 1941 1593 et
1966 1556 2209 1607 purpurat
2228 1551 2278 1595 et
2300 1542 2450 1594 serici
2473 1552 2520 1595 et
2554 1544 2775 1607 cocci,jet
2797 1558 2945 1594 omne
2960 1543 3153 1609 lignum
3182 1542 3433 1609 thyinum,

251 1618 535 1684 ἀργύρου,
577 1618 674 1672 καί
706 1619 877 1673 λίθου
909 1610 1099 1689 τιμίου
1148 1621 1247 1674 zeal
1274 1624 1653 1691 μαργαρίτου,
1697 1626 1782 1678 zeal

1891 1639 1942 1682 et
1969 1646 2117 1684 omne
2142 1646 2230 1683 sas
2257 1634 2559 1693 eburneum,
2593 1640 2642 1684 et
2683 1648 2831 1685 omne
2864 1649 2951 1703 vas
2984 1632 3047 1684 de
3071 1632 3204 1699 ligno
3244 1633 3435 1697 pretio-

250 1706 581 1772 βυσσίνου,
614 1708 711 1761 καὶ
744 1710 1066 1777 πορφυροῦ,
1096 1710 1195 1763 καί
1227 1713 1500 1778 σηρικοιλ
1534 1714 1632 1766 καί
1661 1730 1782 1767 κοκ-

1891 1720 2096 1775 sissimo
2124 1730 2173 1770 et
2200 1735 2300 1774 ere
2329 1730 2379 1775 et
2408 1720 2547 1788 [erro
2586 1730 2633 1772 et
2674 1738 2961 1783 marmore,
3002 1731 3051 1775 et
3091 1722 3436 1773 cinamomnm

250 1796 449 1858 κίνου,
494 1797 591 1851 zeal
629 1797 750 1851 πᾶν
780 1800 966 1862 ξύλον
1005 1801 1244 1863 θύινον,
1277 1802 1373 1854 zeal
1407 1800 1527 1856 πᾶν
1578 1803 1782 1868 σκεῦος

1888 1814 1937 1857 et
1986 1804 2326 1858 odorantenta
2364 1815 2413 1857 et
2464 1818 2776 1873 unguentum
2826 1808 3043 1869 etthus,
3081 1816 3129 1859 et
3178 1806 3343 1857 oleum
3386 1813 3434 1856 et

247 1882 669 1950 ἐλεφάντινον,
716 1886 812 1939 καί
855 1886 976 1941 πᾶν
1012 1888 1223 1952 σκεῦος
1274 1888 1342 1941 ἐκ
1374 1888 1563 1952 ξύλου
1603 1889 1812 1956 τιμιω·’

247 1969 452 2033 τάτου,
482 1972 579 2025 zeal
608 1974 852 2039 χαλκοῦ,
884 1975 979 2026 καὶ
1020 1974 1290 2041 σιδήρου,
1336 1977 1431 2028 καί
1464 1978 1788 2045 μαρμάρου,

245 2060 345 2111 ιαι
384 2060 738 2129 κινάμωμον,
774 2063 871 2115 zeal
924 2063 1267 2130 θυμιάματα,
1300 2065 1397 2117 καί
1439 2067 1650 2134 μῦρον,
1694 2068 1792 2120 zeal

246 2149 517 2213 λίϐανον,
558 2151 654 2202 καί
695 2151 916 2213 ἔλαιον,
952 2153 1049 2205 καί
1092 2148 1277 2216 οἶνον,
1312 2155 1409 2207 zeal
1452 2155 1779 2222 σεμίδαλιν,

243 2236 342 2287 καί
370 2236 558 2300 σῖτον,
631 2238 728 2291 zeal
749 2241 1035 2305 πρόϐατα,
1064 2242 1161 2293 zeal
1197 2242 1417 2310 κτήνη,
1454 2244 1551 2295 καὶ
1590 2245 1785 2295 ἳππων

242 2324 341 2375 καί
368 2325 588 2392 ραιὸὦν
614 2327 709 2379 καὶ
740 2328 1040 2395 σωμάτων,
1072 2332 1167 2383 zeal
1239 2333 1439 2400 ψυχὰς
1478 2333 1814 2399 ἁνθρώᾳτων.

1887 1894 2060 1946 sinunt
2095 1900 2145 1944 et
2169 1892 2395 1945 similam
2426 1901 2474 1945 et
2504 1896 2756 1956 triticum,
2779 1905 2826 1947 et
2850 1911 2963 1948 oves
2992 1905 3041 1947 et
3076 1896 3333 1959 jumenta.
3385 1904 3433 1945 et

1885 1996 2128 2048 equorum
2140 1990 2188 2033 et
2205 1979 2477 2031 rltedarum
2495 1990 2542 2032 et
2556 1997 2849 2045 corporum,
2865 1992 2912 2033 et
2930 1983 3131 2032 animas
3150 1982 3431 2032 hominum.

1887 2068 1954 2120 Et
1976 2078 2171 2135 tempus
2190 2068 2431 2120 desiderii
2453 2069 2641 2121 anima:
2665 2077 2766 2119 tuee
2791 2068 2997 2119 recessit
3023 2084 3053 2117 a
3094 2076 3160 2129 te,
3188 2076 3236 2117 et
3260 2066 3433 2117 omnia

1886 2158 2097 2224 pinguia
2136 2167 2184 2208 et
2219 2156 2472 2222 prteclara
2509 2158 2769 2224 perierunt
2809 2172 2841 2208 a
2870 2163 2917 2207 te
2942 2194 2956 2218 ,
2993 2163 3041 2206 et
3086 2153 3306 2220 amplius
3338 2153 3433 2202 illa

1887 2260 2203 2311 nequaquam
2234 2245 2477 2297 inuenies.
3020 2312 3026 2318 .

1887 2334 1992 2387 Kal
2041 2334 2077 2398 ἡ
2144 2332 2341 2398 ὀπώρα
2397 2332 2504 2399 τῆς
2546 2333 2856 2401 ἐπιθυμίας
2904 2331 3011 2397 τῆς
3070 2326 3269 2397 ψυχῆς
3320 2342 3433 2378 σου

243 2412 519 2481 ἀπῆλθεν
549 2416 665 2470 ἀπὸ
705 2416 838 2471 σοῦ.
873 2419 979 2470 Kal
1013 2419 1207 2473 πάντα
1268 2422 1338 2475 τὰ
1396 2425 1617 2489 λιπαρὰ
1650 2424 1746 2475 zeal
1790 2424 1861 2477 τὰ
1896 2427 2133 2493 λαμπρὰ
2200 2422 2463 2477 ἀπώλετο
2510 2423 2626 2476 ἀπὸ
2678 2423 2824 2485 σοῦ,
2874 2412 2975 2473 zeal
3003 2420 3195 2473 οὐκέτι
3242 2418 3311 2469 οὐ
3347 2412 3434 2481 μὴ

241 2504 426 2571 εὕρῃς
457 2507 625 2561 αὑτά.

322 2596 601 2666 Ἐπιμὲνει
657 2600 723 2670 τῇ
788 2601 1109 2673 τροπολογίᾳ
1170 2602 1245 2665 ὡς
1309 2606 1780 2677 ἑκφαντικωτέραν

241 2685 493 2753 γενέσθαι
531 2688 639 2741 ἀπὸ
686 2689 784 2758 τῆς
811 2693 1069 2760 πορνικῆς
1097 2691 1435 2761 ἀκαθαρσίας
1473 2694 1571 2763 τὴν
1601 2694 1781 2763 πλημ-

228 2774 485 2844 μέλειαν.
521 2775 661 2839 Τοὺς
715 2778 969 2846 δαίμονας
1018 2780 1074 2831 δὲ
1124 2778 1262 2833 slva:
1310 2781 1531 2843 τούτους
1574 2782 1781 2851 ἔφαμεν

228 2864 334 2915 καὶ
380 2862 642 2932 μακρόθεν
683 2865 993 2934 ἑστηκότας.
1027 2868 1189 2919 Αὐτοὶ
1229 2868 1336 2937 γὰρ
1392 2868 1487 2921 ἅτε
1520 2870 1655 2931 νόες,
1689 2868 1783 2920 καὶ

1951 2602 2009 2653 in
2039 2600 2223 2654 eadem
2250 2608 2528 2667 permanet
2554 2596 2867 2665 tropologia,
2894 2602 2951 2647 ut
2976 2595 3317 2650 manifestius
3343 2598 3435 2654 tiat

1885 2689 2138 2745 delictum
2184 2688 2497 2742 meretriciae
2526 2686 2893 2753 impudicitiae.
2922 2684 3029 2737 iios
3071 2694 3248 2738 autem
3276 2688 3426 2739 dixi-

1886 2790 2002 2829 mus
2028 2788 2146 2829 esse
2182 2776 2449 2830 daemones
2486 2775 2648 2827 etiam
2695 2774 2849 2840 longe
2891 2780 3117 2827 stantes.
3145 2772 3275 2827 Nam
3328 2776 3429 2842 ipsi

1886 2874 2143 2933 tanquam
2205 2865 2489 2917 abstracta:
2546 2864 2941 2930 intelligentiae,
3011 2866 3213 2916 exitum
3268 2866 3428 2917 etiam

227 2949 349 3019 πρὸ
379 2953 474 3018 τῆς
523 2951 715 3017 πείρας
748 2952 843 3021 τὴν
888 2953 1158 3008 διέκϐασιν
1185 2956 1382 3007 ειδέναι
1418 2950 1520 3007 οἷοί
1550 2957 1611 3008 τι
1654 2957 1781 3020 εἱσι,

1889 2952 2202 3021 priusquam
2236 2951 2327 3004 ﬁat
2361 2951 2657 3017 intelligere
2708 2958 2964 3017 possunt,
3014 2960 3068 3004 et
3119 2963 3370 3019 tanquam
3398 2967 3429 3006 ι

226 3040 332 3092 καὶ
362 3038 435 3101 ὡς
462 3040 567 3091 ἀπὸ
595 3041 800 3093 καπνοῦ
829 3041 922 3095 τοῦ
960 3043 1130 3111 πυρὸς
1159 3044 1254 3114 τὴν
1288 3045 1579 3098 ὑπόστασιν
1609 3047 1780 3099 συνιέ-

226 3147 347 3183 ναι.
376 3130 448 3181 Τὸ
474 3130 557 3182 δέ’
583 3129 747 3209 ΟΙὺαί,
780 3131 1047 3201 θρηνῶδὲς
1067 3136 1213 3187 ἐστιν
1236 3136 1569 3205 ἐπίφθεγμα,
1594 3135 1779 3198 εἰωθὸς

224 3220 329 3271 ἐπὶ
378 3222 674 3289 συμφοραῖς
708 3221 1122 3290 ἐνεργουμέναις
1154 3224 1531 3289 ἑκφωνεῖσθαι.
1564 3226 1654 3277 Διὸ
1686 3225 1780 3278 καὶ

224 3309 331 3361 νῦν
363 3309 587 3377 μάλιστα
618 3310 695 3379 τῷ
730 3312 1052 3381 παγκοσμίῳ
1076 3312 1169 3366 καὶ
1209 3312 1389 3382 ἀθρόῳ
1418 3316 1777 3383 συμπτώματι

223 3398 734 3468 μετακεχείρισται.
780 3400 1022 3470 ’ἰσχυρὰν
1047 3402 1100 3454 δὲ
1128 3403 1279 3453 πόλιν
1317 3404 1486 3473 αὑτήν
1517 3421 1676 3471 φησιν
1706 3404 1778 3467 ὡς

221 3489 288 3553 ἐξ
320 3489 549 3555 ἀπείρου
595 3491 776 3559 σχεδὸν
816 3492 1003 3561 χρόνον
1049 3492 1109 3545 τὸ
1140 3489 1273 3545 εἶναι
1312 3494 1663 3547 διαλαδοῦσαν
1702 3496 1778 3556 είς

220 3576 596 3645 ἀδιάρρηκτον
625 3578 913 3649 σύνδεσμον
946 3581 1038 3635 καὶ
1082 3580 1278 3634 obnata
1324 3582 1643 3636 ἐλπισθέντα
1669 3584 1779 3635 δια-

221 3664 479 3733 Ᾱυθῆναι.

302 3836 412 3892 Kal
449 3838 502 3890 οι
548 3838 786 3905 ἔμποροι
814 3836 919 3903 τῆς
947 3838 1057 3905 γῆς
1089 3839 1444 3892 κλαύσουσι.
1501 3838 1777 3890 Ἐντεῦθεν

228 3927 678 3997 ἀπαραγράπτως
721 3926 1015 3997 ὲκληπτέον
1061 3926 1129 3979 τὰ
1175 3926 1659 3995 χρησμῳδούμενα,
1713 3928 1773 3977 οὺ

228 4022 363 4086 περὶ
414 4017 747 4082 Βαϐυλῶνος,
781 4018 841 4070 οὐ
893 4016 1108 4085 Ῥώμης
1153 4017 1251 4084 τῆς
1284 4018 1533 4078 παλαιᾶς.
1582 4017 1643 4069 οὑ
1677 4016 1773 4083 τῆς

230 4108 381 4172 νίας,
410 4109 508 4160 οὐκ
549 4107 713 4176 ἄλλης
739 4108 881 4169 τινὸς
910 4108 1035 4175 μιᾶς
1070 4107 1292 4170 πόλεως,
1341 4106 1475 4159 ἀλλὰ
1503 4105 1596 4158 τοῦ
1636 4104 1772 4175 σύμ-

228 4212 436 4257 παντος
460 4194 649 4248 τούτου
680 4194 917 4265 φθαρτοῦ
950 4195 1177 4263 κόσμου,
1207 4193 1327 4247 καθ’
1345 4194 1402 4248 ὃν
1426 4196 1476 4246 ol
1509 4196 1575 4248 τὰ
1606 4195 1772 4265 πρὸσο

1885 3040 2032 3093 i'umo
2065 3039 2333 3106 cognitam
2357 3039 2553 3092 habere
2580 3038 2717 3106 ignis
2748 3038 3125 3091 substantiam.
3153 3039 3303 3102 Quod
3331 3053 3429 3091 au-

1884 3134 1986 3179 tem
2038 3126 2113 3179 ait
2150 3144 2162 3177 ε
2196 3124 2305 3188 να»,
2356 3124 2709 3177 lamentabilis
2739 3131 2821 3177 est
2855 3125 3176 3177 exclamatio
3204 3140 3309 3193 qua
3344 3140 3429 3177 so-

1883 3217 1996 3269 lent
2026 3216 2327 3270 exclamare
2365 3215 2417 3268 in
2456 3214 2959 3283 supervenientibus
2994 3214 3423 3268 calamitatibus:

1883 3304 2002 3359 ideo
2033 3320 2249 3373 quoque
2278 3319 2421 3357 nunc
2454 3304 2687 3357 maxime
2718 3304 2770 3355 in
2819 3303 3050 3371 generali
3076 3311 3128 3356 et
3156 3305 3430 3357 cumulato

1884 3396 2271 3464 repentinoque
2296 3409 2423 3448 casu
2461 3409 2524 3447 ac
2552 3393 2864 3447 infelicitate
2901 3394 2964 3446 ad
3008 3410 3159 3447 usum
3197 3394 3426 3447 deducta

1881 3496 1982 3540 est.
2020 3485 2237 3539 Fortem
2264 3498 2389 3538 vero
2417 3484 2682 3537 civitatem
2729 3484 2860 3536 dicit
2892 3484 3061 3550 ipsam
3083 3525 3097 3547 ,
3127 3493 3180 3537 ut
3205 3500 3325 3552 qua:
3363 3485 3429 3537 ab

1884 3576 2088 3628 inﬁnito
2103 3573 2483 3643 propemodum
2507 3582 2745 3640 tempore
2778 3572 3083 3625 ﬁrmitatem
3114 3574 3427 3641 accepisset,

1882 3679 2001 3731 quae
2037 3665 2310 3717 videretur
2334 3676 2439 3715 non
2474 3676 2631 3729 posse
2660 3662 2915 3730 dirumpi,
2950 3676 3124 3730 neque
3156 3663 3429 3716 timeretur

1884 3770 2118 3823 unquam
2152 3753 2514 3807 dissolvenda.

1949 3841 2019 3892 Et
2056 3841 2400 3906 negotiatores
2456 3848 2607 3889 terra:
2636 3838 2853 3901 ﬂebunt.
2908 3835 3001 3887 Vel
3031 3851 3100 3890 ex
3141 3836 3241 3887 hoc
3302 3838 3424 3890 loco

1881 3929 2067 3997 procul
2089 3928 2255 3980 dubio
2280 3925 2623 3993 intelligenda
2648 3934 2767 3977 sunt
2800 3938 2921 3990 quae
2956 3923 3175 3977 oraculo
3205 3924 3425 3976 tradun-

1882 4025 1989 4081 tur,
2025 4030 2132 4070 non
2154 4015 2219 4068 de
2250 4013 2532 4083 Babylone,
2554 4027 2658 4065 non
2695 4011 2761 4064 de
2794 4010 2962 4063 liorna
3002 4011 3186 4075 veteri,
3224 4026 3327 4063 non
3360 4010 3427 4063 de

1882 4122 2044 4170 nova,
2079 4120 2253 4174 neque
2292 4103 2359 4158 de
2392 4104 2496 4156 alia
2534 4101 2782 4169 quapiam
2822 4100 2924 4154 alia
2958 4100 3205 4163 civitate,
3241 4100 3330 4152 sed
3361 4100 3427 4153 de

1882 4196 2170 4252 universali
2212 4195 2311 4248 hoc
2336 4191 2668 4261 corruptibili
2707 4190 2907 4244 mundo
2939 4207 2953 4243 ε
2991 4190 3044 4242 in
3086 4205 3193 4258 quo
3228 4189 3282 4241 bi
3334 4188 3427 4257 qui

232 4285 879 4354 καιρανιμπορευόμενοι
944 4284 1203 4352 κλαυθμῷ
1268 4286 1361 4337 καὶ
1410 4286 1593 4338 πένθει
1640 4285 1779 4337 ἁλώ-

1882 4284 2263 4353 temporalibus
2318 4290 2639 4337 exerceantur
2686 4280 3173 4350 negotiationibus,
3205 4279 3327 4332 ﬂetu
3366 4294 3429 4333 ac

230 4386 443 4434 σονται,
480 4370 567 4422 ὅτι
620 4372 725 4422 τὸν
776 4372 961 4437 γόμον
1009 4370 1206 4425 αὐτῶν
1251 4372 1449 4437 οὐδεὶς
1484 4372 1780 4439 ἀγοράσει.

222 4460 409 4525 Γόμον
458 4458 513 4509 δὲ
560 4459 627 4510 τὰ
656 4458 1057 4527 ἐπιτηδεύματα
1091 4460 1261 4526 λέγει,
1299 4462 1428 4530 περὶ
1469 4462 1504 4514 ἃ
1534 4457 1783 4515 εἰώθασιν

220 4550 271 4600 οἵ
312 4548 409 4599 ἄν’)
419 4563 586 4614 ρωποι
614 4546 1051 4614 κατατρίόισθαι.

306 4636 515 4687 Οὐκέτι
547 4637 726 4703 νόμον
756 4636 1019 4702 χρυσοῦ,
1062 4638 1155 4687 καὶ
1191 4636 1261 4688 τὰ
1315 4638 1461 4704 ἑξῆς.
1498 4639 1589 4697 El;
1617 4639 1783 4706 γόμον

221 4727 301 4780 τὰ
328 4715 733 4794 ἐπιτηδεύματα
765 4726 937 4793 φέρει.
961 4720 1061 4777 Ὧν
1119 4726 1217 4793 τῆς
1248 4727 1531 4793 ἐπικαίρου
1580 4727 1782 4794 ταύτης

221 4816 582 4883 διαρῤυείσης
630 4814 831 4883 βιοτῆς,
882 4816 1001 4868 καθ’
1053 4817 1119 4884 ἦν
1175 4816 1267 4866 καὶ
1309 4817 1339 4883 ἡ
1388 4816 1624 4883 ἐμπορία
1672 4816 1781 4869 τῶν

222 4903 676 4972 ιπιτηόευμάτων
696 4906 755 4957 τὸ
784 4906 1093 4975 ἔμπρακτον
1122 4905 1474 4973 ἀποφέρεται,
1503 4908 1601 4958 οὐκ
1627 4906 1781 4958 ἀπει-

224 4997 329 5057 κὸς
357 4994 418 5046 τὸ
460 4994 651 5057 πένθος
706 4997 1024 5057 ἐπεισιέναι.
1059 4996 1279 5065 Τιμίαις
1307 4996 1361 5046 δὲ
1390 4995 1537 5058 ῦλαις
1568 4999 1683 5059 ταῖς
1721 5001 1780 5051 ὲν

223 5086 313 5154 τῷ
355 5084 541 5152 κόσμῳ
591 5085 716 5147 τοὺς
746 5087 1063 5154 ὲμόιοῦντας
1108 5086 1253 5153 αὺτῷ
1276 5086 1525 5153 ἐξομοιοῖ,
1557 5087 1781 5156 ἀργύρῳ

228 5176 336 5247 μιν
355 5175 449 5227 καὶ
478 5175 685 5244 χρυσῷ,
710 5178 829 5237 τοὺς
861 5177 1071 5246 διαρκεῖ
1103 5181 1166 5246 τῇ
1205 5176 1466 5245 καρτερίᾳ
1496 5179 1619 5239 τοὺς
1656 5196 1778 5231 πει-

230 5265 476 5335 ρασμοὺς
509 5264 875 5332 ὑποφέροντας
902 5271 993 5320 τοῦ
1022 5267 1157 5335 βίου,
1188 5266 1281 5321 καὶ
1310 5268 1501 5329 αὐτοὺς
1549 5269 1625 5330 εἰς
1669 5270 1780 5339 πῦρ

223 5356 489 5416 εἰωθότας
541 5355 783 5423 δαπανᾷν
810 5396 825 5421 ,
877 5358 924 5409 εί
968 5360 1059 5411 καὶ
1105 5356 1423 5428 κρειττόνων
1467 5357 1637 5409 ἐλπίδι
1692 5361 1777 5411 ὲν-

225 5446 520 5507 αθλοῦντες
567 5446 626 5497 τὸ
672 5444 945 5516 ἀλώόητον
995 5447 1197 5517 ἔχουσι.
1227 5452 1443 5505 Τοιοῦτο
1472 5451 1579 5519 γὰρ
1614 5450 1703 5501 καὶ
1752 5453 1779 5501 ὁ

226 5538 431 5608 χρυσὸς
467 5537 555 5591 καὶ
589 5537 862 5607 ὀᾶργυρος
890 5538 1017 5608 πρὸς
1057 5540 1116 5590 τὸ
1155 5541 1336 5596 ἔνυλον
1389 5543 1776 5610 ἀποψαίνονται

1885 4374 2028 4427 luctu
2068 4381 2456 4426 eonsumentur
2479 4409 2496 4434 ,
2551 4372 2673 4438 quia
2710 4385 2839 4421 onus
2868 4384 3045 4420 eorum
3079 4383 3225 4420 nemo
3276 4378 3426 4420 emet.

1883 4462 2032 4515 Onus
2062 4472 2240 4514 autem
2273 4460 2402 4513 dicit
2430 4460 2682 4512 exercitia
2707 4459 2786 4511 vel
2810 4459 2988 4511 studia
3018 4458 3162 4512 circa
3192 4472 3313 4525 quae
3342 4473 3431 4511 so-

1882 4550 1990 4603 lent
2026 4550 2271 4601 homines
2319 4548 2571 4600 continue
2605 4547 2806 4599 versari
2839 4556 2892 4598 et
2944 4547 2995 4597 in
3038 4546 3122 4599 his
3161 4546 3427 4599 consumi.

1951 4638 2112 4706 799
2146 4636 2541 4703 Nonjamonus
2573 4636 2711 4697 auri,
2736 4644 2839 4687 etc.
2869 4634 2946 4685 Ad
2972 4650 3108 4687 onus
3135 4633 3293 4686 refert
3311 4634 3431 4687 vim

1880 4726 2058 4781 studia
2082 4763 2096 4786 ,
2129 4726 2195 4777 ad
2247 4738 2367 4791 qua:
2411 4723 2705 4776 verisimile
2732 4732 2816 4775 est
2858 4723 3061 4775 luctum
3099 4722 3305 4789 ingredi
3339 4722 3430 4775 ubi

1880 4815 2188 4879 temporalis
2220 4814 2331 4867 haec
2365 4813 2470 4866 vita
2502 4806 2806 4873 deﬂuxerit,
2842 4813 2907 4865 ad
2943 4827 3100 4879 quam
3136 4812 3429 4881 negotiatio

1880 4905 2047 4961 refert
2093 4903 2382 4958 eiiicaciam
2426 4903 2749 4955 studiorum.
2785 4902 3049 4956 Pretiosis
3080 4912 3259 4955 autem
3308 4911 3427 4952 ma—

1880 4995 2030 5049 teriis
2060 5008 2179 5063 quae
2205 4991 2258 5047 in
2286 4991 2489 5046 mundo
2515 5000 2641 5045 sunt
2679 4992 2947 5047 assimilat
2972 4992 3211 5043 viventes
3245 4988 3297 5039 in
3322 4998 3424 5036 eo:
3452 5060 3455 5063 Α

1879 5093 2099 5155 argento
2140 5083 2362 5153 quidem
2391 5091 2445 5137 et
2476 5096 2646 5149 auro,
2675 5096 2767 5136 eos
2793 5081 2886 5150 qui
2935 5078 3153 5135 assidua
3188 5074 3423 5127 toleran-

1882 5177 1952 5229 tia
2007 5176 2128 5229 vita'e
2188 5173 2508 5229 tentationes
2557 5181 2611 5226 et
2658 5172 2974 5227 aiﬂictiones
3022 5165 3314 5221 sustinent,
3362 5172 3426 5212 ac

1882 5270 2091 5337 seipsos
2130 5266 2294 5320 veluti
2338 5263 2406 5318 ad
2451 5265 2629 5333 ignem
2662 5264 2837 5317 solent
2889 5265 3224 5313 consumere,
3256 5264 3423 5317 quan-
3496 5308 3501 5311 ν

1880 5375 2040 5429 quam
2074 5373 2170 5425 spe
2216 5357 2497 5415 meliorum
2546 5362 2807 5409 certantes
2846 5354 3061 5403 servant
3097 5356 3155 5397 se
3185 5342 3381 5393 illaesos
3411 5356 3425 5393 :

1881 5452 1982 5504 hoc
2034 5450 2179 5503 enim
2240 5449 2400 5501 modo
2441 5456 2495 5499 et
2542 5459 2729 5498 aurum
2777 5448 2829 5492 et
2878 5443 3154 5503 argentum
3190 5430 3257 5483 ab
3302 5431 3424 5497 igne

1881 5539 2143 5595 rrmtcriali
2192 5538 2646 5593 demonstrantur.
2709 5526 2891 5591 lapidi
2935 5537 3063 5576 vero
3111 5521 3345 5580 pretioso
3379 5530 3429 5574 ct
