  <div class='ocr_page' id='page_1' title='image "/cluster/home/n/w/nwhite01/storage/ocr_20150623/106/pst.000005714162/394.png"; bbox 0 0 4126 6332; ppageno 0'>
   <div class='ocr_carea' id='block_1_1' title="bbox 213 279 319 340">
    <p class='ocr_par' dir='ltr' id='par_1_1' title="bbox 213 279 319 340">
     <span class='ocr_line' id='line_1_1' title="bbox 213 279 319 340; baseline 0.009 -1"><span class='ocrx_word' id='word_1_1' title='bbox 213 279 319 340; x_wconf 83' lang='lat'><strong>733</strong></span> 
     </span>
    </p>
   </div>
   <div class='ocr_carea' id='block_1_2' title="bbox 1243 273 2286 336">
    <p class='ocr_par' dir='ltr' id='par_1_2' title="bbox 1243 273 2286 336">
     <span class='ocr_line' id='line_1_2' title="bbox 1243 273 2286 336; baseline -0.006 -1"><span class='ocrx_word' id='word_1_2' title='bbox 1243 277 1614 336; x_wconf 80' lang='lat' dir='ltr'><strong>COMMENT.</strong></span> <span class='ocrx_word' id='word_1_3' title='bbox 1656 277 1733 334; x_wconf 72' lang='grc' dir='ltr'><strong>ΙΝ</strong></span> <span class='ocrx_word' id='word_1_4' title='bbox 1776 273 2286 333; x_wconf 70' lang='lat' dir='ltr'><strong>APOCALYPSIN.</strong></span> 
     </span>
    </p>
   </div>
   <div class='ocr_carea' id='block_1_3' title="bbox 3271 260 3371 322">
    <p class='ocr_par' dir='ltr' id='par_1_3' title="bbox 3271 260 3371 322">
     <span class='ocr_line' id='line_1_3' title="bbox 3271 260 3371 322; baseline -0.03 1"><span class='ocrx_word' id='word_1_5' title='bbox 3271 260 3371 322; x_wconf 73' lang='grc'><strong>’134</strong></span> 
     </span>
    </p>
   </div>
   <div class='ocr_carea' id='block_1_4' title="bbox 216 369 1755 452">
    <p class='ocr_par' dir='ltr' id='par_1_4' title="bbox 216 379 1743 452">
     <span class='ocr_line' id='line_1_4' title="bbox 216 379 1743 452; baseline -0.006 -14"><span class='ocrx_word' id='word_1_6' title='bbox 216 387 372 452; x_wconf 64' lang='grc' dir='ltr'>φησι,</span> <span class='ocrx_word' id='word_1_7' title='bbox 409 384 496 438; x_wconf 78' lang='grc' dir='ltr'>διὰ</span> <span class='ocrx_word' id='word_1_8' title='bbox 521 381 609 435; x_wconf 85' lang='grc' dir='ltr'>τδν</span> <span class='ocrx_word' id='word_1_9' title='bbox 634 382 814 450; x_wconf 68' lang='grc' dir='ltr'>φόϐον.</span> <span class='ocrx_word' id='word_1_10' title='bbox 848 383 986 433; x_wconf 76' lang='grc' dir='ltr'>Ἀλλ’</span> <span class='ocrx_word' id='word_1_11' title='bbox 1011 380 1227 448; x_wconf 80' lang='grc' dir='ltr'>ἄγγελοι</span> <span class='ocrx_word' id='word_1_12' title='bbox 1259 381 1354 449; x_wconf 72' lang='grc' dir='ltr'>μὲν</span> <span class='ocrx_word' id='word_1_13' title='bbox 1374 422 1387 443; x_wconf 92' lang='grc'><strong>,</strong></span> <span class='ocrx_word' id='word_1_14' title='bbox 1428 381 1514 432; x_wconf 77' lang='grc' dir='ltr'>διὰ</span> <span class='ocrx_word' id='word_1_15' title='bbox 1544 381 1602 432; x_wconf 87' lang='grc' dir='ltr'>τὸ</span> <span class='ocrx_word' id='word_1_16' title='bbox 1652 379 1743 430; x_wconf 88' lang='grc' dir='ltr'><strong>τοῦ</strong></span> 
     </span>
    </p>
   </div>
   <div class='ocr_carea' id='block_1_5' title="bbox 1849 369 3370 452">
    <p class='ocr_par' dir='ltr' id='par_1_5' title="bbox 1849 369 3370 440">
     <span class='ocr_line' id='line_1_5' title="bbox 1849 369 3370 440; baseline -0.007 -10"><span class='ocrx_word' id='word_1_17' title='bbox 1849 380 2037 430; x_wconf 88' lang='lat' dir='ltr'><strong>horum</strong></span> <span class='ocrx_word' id='word_1_18' title='bbox 2091 371 2618 440; x_wconf 77' lang='lat' dir='ltr'><strong>assignatur‘statio</strong></span> <span class='ocrx_word' id='word_1_19' title='bbox 2676 379 2893 440; x_wconf 90' lang='lat' dir='ltr'><strong>propter</strong></span> <span class='ocrx_word' id='word_1_20' title='bbox 2947 370 3229 429; x_wconf 87' lang='lat' dir='ltr'><strong>timorem,</strong></span> <span class='ocrx_word' id='word_1_21' title='bbox 3283 369 3370 420; x_wconf 86' lang='lat' dir='ltr'><strong>sed</strong></span> 
     </span>
    </p>
   </div>
   <div class='ocr_carea' id='block_1_6' title="bbox 216 467 1747 542">
    <p class='ocr_par' dir='ltr' id='par_1_6' title="bbox 216 467 1747 542">
     <span class='ocr_line' id='line_1_6' title="bbox 216 467 1747 542; baseline -0.003 -18"><span class='ocrx_word' id='word_1_22' title='bbox 216 473 404 542; x_wconf 88' lang='grc' dir='ltr'>κριτοῦ</span> <span class='ocrx_word' id='word_1_23' title='bbox 432 473 717 540; x_wconf 74' lang='grc' dir='ltr'>αὐστηρὸν,</span> <span class='ocrx_word' id='word_1_24' title='bbox 742 474 874 538; x_wconf 84' lang='grc' dir='ltr'>ὅπερ</span> <span class='ocrx_word' id='word_1_25' title='bbox 911 472 943 537; x_wconf 83' lang='grc' dir='ltr'>ἡ</span> <span class='ocrx_word' id='word_1_26' title='bbox 983 471 1088 520; x_wconf 85' lang='grc' dir='ltr'><strong>τῶν</strong></span> <span class='ocrx_word' id='word_1_27' title='bbox 1110 470 1457 538; x_wconf 85' lang='grc' dir='ltr'>.ἁμαρτωλῶν</span> <span class='ocrx_word' id='word_1_28' title='bbox 1502 467 1747 520; x_wconf 76' lang='grc' dir='ltr'><strong>ἀπείθεια</strong></span> 
     </span>
    </p>
   </div>
   <div class='ocr_carea' id='block_1_7' title="bbox 215 557 1746 628">
    <p class='ocr_par' dir='ltr' id='par_1_7' title="bbox 215 557 1746 628">
     <span class='ocr_line' id='line_1_7' title="bbox 215 557 1746 628; baseline -0.005 -17"><span class='ocrx_word' id='word_1_29' title='bbox 215 561 631 628; x_wconf 80' lang='grc' dir='ltr'>προευπόρισεν.</span> <span class='ocrx_word' id='word_1_30' title='bbox 684 560 784 609; x_wconf 84' lang='grc' dir='ltr'><strong>Τὸν</strong></span> <span class='ocrx_word' id='word_1_31' title='bbox 836 558 996 625; x_wconf 85' lang='grc' dir='ltr'>φόϐον</span> <span class='ocrx_word' id='word_1_32' title='bbox 1041 557 1097 609; x_wconf 77' lang='grc' dir='ltr'><strong>δὲ</strong></span> <span class='ocrx_word' id='word_1_33' title='bbox 1130 560 1238 618; x_wconf 83' lang='grc' dir='ltr'>τοῖς</span> <span class='ocrx_word' id='word_1_34' title='bbox 1275 557 1517 622; x_wconf 81' lang='grc' dir='ltr'><strong>δαίμοσιν</strong></span> <span class='ocrx_word' id='word_1_35' title='bbox 1567 557 1599 623; x_wconf 76' lang='grc' dir='ltr'><strong>ἡ</strong></span> <span class='ocrx_word' id='word_1_36' title='bbox 1635 572 1746 606; x_wconf 78' lang='grc' dir='ltr'>κοι·</span> 
     </span>
    </p>
   </div>
   <div class='ocr_carea' id='block_1_8' title="bbox 211 646 1620 718">
    <p class='ocr_par' dir='ltr' id='par_1_8' title="bbox 211 646 1620 718">
     <span class='ocr_line' id='line_1_8' title="bbox 211 646 1620 718; baseline -0.004 -16"><span class='ocrx_word' id='word_1_37' title='bbox 211 652 382 702; x_wconf 88' lang='grc' dir='ltr'>νωνία</span> <span class='ocrx_word' id='word_1_38' title='bbox 407 651 513 702; x_wconf 86' lang='grc' dir='ltr'><strong>τῶν</strong></span> <span class='ocrx_word' id='word_1_39' title='bbox 544 648 875 718; x_wconf 70' lang='grc' dir='ltr'><strong>ἁμαρτωλῶν</strong></span> <span class='ocrx_word' id='word_1_40' title='bbox 899 647 997 715; x_wconf 79' lang='grc' dir='ltr'>τῆς</span> <span class='ocrx_word' id='word_1_41' title='bbox 1024 648 1286 715; x_wconf 78' lang='grc' dir='ltr'><strong>τιμωρίας</strong></span> <span class='ocrx_word' id='word_1_42' title='bbox 1317 646 1620 714; x_wconf 75' lang='grc' dir='ltr'>ὲμποιήσει.</span> 
     </span>
    </p>
   </div>
   <div class='ocr_carea' id='block_1_9' title="bbox 285 821 1749 890">
    <p class='ocr_par' dir='ltr' id='par_1_9' title="bbox 285 821 1749 890">
     <span class='ocr_line' id='line_1_9' title="bbox 285 821 1749 890; baseline -0.003 -15"><span class='ocrx_word' id='word_1_43' title='bbox 285 825 452 887; x_wconf 76' lang='grc' dir='ltr'>Οὐαὶ,</span> <span class='ocrx_word' id='word_1_44' title='bbox 499 824 649 885; x_wconf 77' lang='grc' dir='ltr'>οὐαί,</span> <span class='ocrx_word' id='word_1_45' title='bbox 699 825 736 890; x_wconf 82' lang='grc' dir='ltr'>ἡ</span> <span class='ocrx_word' id='word_1_46' title='bbox 771 823 942 886; x_wconf 77' lang='grc' dir='ltr'>πόλις</span> <span class='ocrx_word' id='word_1_47' title='bbox 972 823 1008 888; x_wconf 82' lang='grc' dir='ltr'><strong><em>ή</em></strong></span> <span class='ocrx_word' id='word_1_48' title='bbox 1055 821 1304 888; x_wconf 78' lang='grc' dir='ltr'><strong>μεγάλη,</strong></span> <span class='ocrx_word' id='word_1_49' title='bbox 1349 823 1386 886; x_wconf 77' lang='grc' dir='ltr'>ἡ</span> <span class='ocrx_word' id='word_1_50' title='bbox 1417 821 1749 886; x_wconf 74' lang='grc' dir='ltr'>περιϐεϐλη-</span> 
     </span>
    </p>
   </div>
   <div class='ocr_carea' id='block_1_10' title="bbox 208 909 1752 978">
    <p class='ocr_par' dir='ltr' id='par_1_10' title="bbox 208 909 1752 978">
     <span class='ocr_line' id='line_1_10' title="bbox 208 909 1752 978; baseline -0.009 -7"><span class='ocrx_word' id='word_1_51' title='bbox 208 913 363 978; x_wconf 76' lang='grc' dir='ltr'>μένη</span> <span class='ocrx_word' id='word_1_52' title='bbox 387 912 713 976; x_wconf 78' lang='grc' dir='ltr'><strong>βύσσινον.</strong></span> <span class='ocrx_word' id='word_1_53' title='bbox 756 913 884 963; x_wconf 83' lang='grc' dir='ltr'><strong>Ἀπὸ</strong></span> <span class='ocrx_word' id='word_1_54' title='bbox 909 909 1013 962; x_wconf 91' lang='grc' dir='ltr'><strong>τῶν</strong></span> <span class='ocrx_word' id='word_1_55' title='bbox 1036 910 1320 976; x_wconf 79' lang='grc' dir='ltr'><strong>γνωρίμων</strong></span> <span class='ocrx_word' id='word_1_56' title='bbox 1341 909 1446 958; x_wconf 90' lang='grc' dir='ltr'><strong>τῶν</strong></span> <span class='ocrx_word' id='word_1_57' title='bbox 1475 911 1752 974; x_wconf 79' lang='grc' dir='ltr'>ὲφυστερι-</span> 
     </span>
    </p>
   </div>
   <div class='ocr_carea' id='block_1_11' title="bbox 211 993 1748 1070">
    <p class='ocr_par' dir='ltr' id='par_1_11' title="bbox 211 993 1748 1070">
     <span class='ocr_line' id='line_1_11' title="bbox 211 993 1748 1070; baseline -0.007 -15"><span class='ocrx_word' id='word_1_58' title='bbox 211 1003 416 1064; x_wconf 69' lang='grc' dir='ltr'>ἱζόντων</span> <span class='ocrx_word' id='word_1_59' title='bbox 470 1000 815 1070; x_wconf 79' lang='grc' dir='ltr'>παρέχειτὴν</span> <span class='ocrx_word' id='word_1_60' title='bbox 864 999 1079 1066; x_wconf 86' lang='grc' dir='ltr'>γνῶσιν.</span> <span class='ocrx_word' id='word_1_61' title='bbox 1141 998 1290 1048; x_wconf 77' lang='grc' dir='ltr'>Ἐπεὶ</span> <span class='ocrx_word' id='word_1_62' title='bbox 1340 993 1429 1049; x_wconf 77' lang='grc' dir='ltr'>οὖν</span> <span class='ocrx_word' id='word_1_63' title='bbox 1480 995 1748 1065; x_wconf 85' lang='grc' dir='ltr'>γνώριμος</span> 
     </span>
    </p>
   </div>
   <div class='ocr_carea' id='block_1_12' title="bbox 211 1085 1750 1158">
    <p class='ocr_par' dir='ltr' id='par_1_12' title="bbox 211 1085 1750 1158">
     <span class='ocr_line' id='line_1_12' title="bbox 211 1085 1750 1158; baseline -0.006 -12"><span class='ocrx_word' id='word_1_64' title='bbox 211 1093 490 1155; x_wconf 85' lang='grc' dir='ltr'>Βαϐυλὼν,</span> <span class='ocrx_word' id='word_1_65' title='bbox 517 1090 690 1158; x_wconf 84' lang='grc' dir='ltr'>πολλῷ</span> <span class='ocrx_word' id='word_1_66' title='bbox 722 1089 1044 1158; x_wconf 76' lang='grc' dir='ltr'>ἑξυϐρίσασα</span> <span class='ocrx_word' id='word_1_67' title='bbox 1075 1085 1302 1155; x_wconf 81' lang='grc' dir='ltr'>πλούτῳ,</span> <span class='ocrx_word' id='word_1_68' title='bbox 1354 1087 1442 1138; x_wconf 84' lang='grc' dir='ltr'><strong>ὑπ’</strong></span> <span class='ocrx_word' id='word_1_69' title='bbox 1481 1086 1601 1153; x_wconf 52' lang='grc' dir='ltr'>ὄψιν</span> <span class='ocrx_word' id='word_1_70' title='bbox 1629 1085 1750 1150; x_wconf 77' lang='grc' dir='ltr'>ἄγει</span> 
     </span>
    </p>
   </div>
   <div class='ocr_carea' id='block_1_13' title="bbox 207 1173 1752 1245">
    <p class='ocr_par' dir='ltr' id='par_1_13' title="bbox 207 1173 1752 1245">
     <span class='ocr_line' id='line_1_13' title="bbox 207 1173 1752 1245; baseline -0.006 -13"><span class='ocrx_word' id='word_1_71' title='bbox 207 1184 276 1232; x_wconf 76' lang='grc' dir='ltr'>τὰ</span> <span class='ocrx_word' id='word_1_72' title='bbox 309 1182 477 1245; x_wconf 78' lang='grc' dir='ltr'>πάθη,</span> <span class='ocrx_word' id='word_1_73' title='bbox 510 1178 597 1231; x_wconf 78' lang='grc' dir='ltr'><strong>διὰ</strong></span> <span class='ocrx_word' id='word_1_74' title='bbox 616 1177 707 1229; x_wconf 88' lang='grc' dir='ltr'><strong>τοῦ</strong></span> <span class='ocrx_word' id='word_1_75' title='bbox 754 1177 838 1228; x_wconf 69' lang='grc' dir='ltr'><strong>ἐπ’</strong></span> <span class='ocrx_word' id='word_1_76' title='bbox 870 1177 1003 1245; x_wconf 79' lang='grc' dir='ltr'>αὐτῇ</span> <span class='ocrx_word' id='word_1_77' title='bbox 1035 1174 1298 1244; x_wconf 78' lang='grc' dir='ltr'>βασιλείου</span> <span class='ocrx_word' id='word_1_78' title='bbox 1323 1175 1530 1242; x_wconf 82' lang='grc' dir='ltr'>θρόνου,</span> <span class='ocrx_word' id='word_1_79' title='bbox 1563 1173 1621 1224; x_wconf 83' lang='grc' dir='ltr'><strong>τὺ</strong></span> <span class='ocrx_word' id='word_1_80' title='bbox 1666 1173 1752 1239; x_wconf 84' lang='grc' dir='ltr'>μέ-</span> 
     </span>
    </p>
   </div>
   <div class='ocr_carea' id='block_1_14' title="bbox 210 1259 1752 1331">
    <p class='ocr_par' dir='ltr' id='par_1_14' title="bbox 210 1259 1752 1331">
     <span class='ocr_line' id='line_1_14' title="bbox 210 1259 1752 1331; baseline -0.005 -15"><span class='ocrx_word' id='word_1_81' title='bbox 210 1266 373 1328; x_wconf 79' lang='grc' dir='ltr'>γεθος</span> <span class='ocrx_word' id='word_1_82' title='bbox 404 1265 730 1331; x_wconf 66' lang='grc' dir='ltr'>ὑπογράφων</span> <span class='ocrx_word' id='word_1_83' title='bbox 757 1263 855 1330; x_wconf 78' lang='grc' dir='ltr'>τῆς</span> <span class='ocrx_word' id='word_1_84' title='bbox 910 1261 1208 1330; x_wconf 77' lang='grc' dir='ltr'>συμφορᾶς.</span> <span class='ocrx_word' id='word_1_85' title='bbox 1243 1262 1349 1312; x_wconf 72' lang='grc' dir='ltr'>Καὶ</span> <span class='ocrx_word' id='word_1_86' title='bbox 1382 1262 1439 1312; x_wconf 79' lang='grc' dir='ltr'>οὐ</span> <span class='ocrx_word' id='word_1_87' title='bbox 1476 1260 1630 1326; x_wconf 89' lang='grc' dir='ltr'>μόνον</span> <span class='ocrx_word' id='word_1_88' title='bbox 1676 1259 1752 1327; x_wconf 79' lang='grc' dir='ltr'>τῷ</span> 
     </span>
    </p>
   </div>
   <div class='ocr_carea' id='block_1_15' title="bbox 207 1349 1749 1422">
    <p class='ocr_par' dir='ltr' id='par_1_15' title="bbox 207 1349 1749 1422">
     <span class='ocr_line' id='line_1_15' title="bbox 207 1349 1749 1422; baseline -0.004 -18"><span class='ocrx_word' id='word_1_89' title='bbox 207 1354 427 1422; x_wconf 78' lang='grc' dir='ltr'>πλούτῳ</span> <span class='ocrx_word' id='word_1_90' title='bbox 459 1354 692 1422; x_wconf 75' lang='grc' dir='ltr'>παριστᾷ</span> <span class='ocrx_word' id='word_1_91' title='bbox 719 1355 811 1405; x_wconf 76' lang='grc' dir='ltr'>καὶ</span> <span class='ocrx_word' id='word_1_92' title='bbox 836 1354 900 1420; x_wconf 82' lang='grc' dir='ltr'>τῇ</span> <span class='ocrx_word' id='word_1_93' title='bbox 936 1351 1121 1402; x_wconf 85' lang='grc' dir='ltr'>τούτου</span> <span class='ocrx_word' id='word_1_94' title='bbox 1153 1351 1392 1418; x_wconf 67' lang='grc' dir='ltr'>ἀπωλείᾳ</span> <span class='ocrx_word' id='word_1_95' title='bbox 1430 1350 1487 1400; x_wconf 84' lang='grc' dir='ltr'>τὸ</span> <span class='ocrx_word' id='word_1_96' title='bbox 1518 1349 1707 1410; x_wconf 77' lang='grc' dir='ltr'>πένθος</span> <span class='ocrx_word' id='word_1_97' title='bbox 1735 1385 1749 1409; x_wconf 90' lang='grc'><strong>,</strong></span> 
     </span>
    </p>
   </div>
   <div class='ocr_carea' id='block_1_16' title="bbox 208 1439 1753 1511">
    <p class='ocr_par' dir='ltr' id='par_1_16' title="bbox 208 1439 1753 1511">
     <span class='ocr_line' id='line_1_16' title="bbox 208 1439 1753 1511; baseline -0.005 -16"><span class='ocrx_word' id='word_1_98' title='bbox 208 1444 348 1496; x_wconf 75' lang='grc' dir='ltr'>ἀλλὰ</span> <span class='ocrx_word' id='word_1_99' title='bbox 370 1445 463 1494; x_wconf 69' lang='grc' dir='ltr'>καὶ</span> <span class='ocrx_word' id='word_1_100' title='bbox 511 1444 586 1511; x_wconf 84' lang='grc' dir='ltr'>τῷ</span> <span class='ocrx_word' id='word_1_101' title='bbox 638 1444 786 1511; x_wconf 81' lang='grc' dir='ltr'>τάχει</span> <span class='ocrx_word' id='word_1_102' title='bbox 837 1441 935 1508; x_wconf 85' lang='grc' dir='ltr'>τῆς</span> <span class='ocrx_word' id='word_1_103' title='bbox 968 1439 1278 1510; x_wconf 78' lang='grc' dir='ltr'>διαφθορᾶς,</span> <span class='ocrx_word' id='word_1_104' title='bbox 1332 1439 1420 1490; x_wconf 74' lang='grc' dir='ltr'>τὸν</span> <span class='ocrx_word' id='word_1_105' title='bbox 1454 1439 1512 1502; x_wconf 68' lang='grc' dir='ltr'><strong>ἐξ</strong></span> <span class='ocrx_word' id='word_1_106' title='bbox 1563 1439 1753 1500; x_wconf 85' lang='grc' dir='ltr'>αίῶνος</span> 
     </span>
    </p>
   </div>
   <div class='ocr_carea' id='block_1_17' title="bbox 207 1527 1752 1601">
    <p class='ocr_par' dir='ltr' id='par_1_17' title="bbox 207 1527 1752 1601">
     <span class='ocr_line' id='line_1_17' title="bbox 207 1527 1752 1601; baseline -0.005 -17"><span class='ocrx_word' id='word_1_107' title='bbox 207 1533 441 1585; x_wconf 80' lang='grc' dir='ltr'>πλοῦτον</span> <span class='ocrx_word' id='word_1_108' title='bbox 475 1532 682 1601; x_wconf 79' lang='grc' dir='ltr'>ἡμέρας</span> <span class='ocrx_word' id='word_1_109' title='bbox 739 1531 992 1600; x_wconf 77' lang='grc' dir='ltr'>βραχείας</span> <span class='ocrx_word' id='word_1_110' title='bbox 1046 1527 1122 1596; x_wconf 83' lang='grc' dir='ltr'><strong>τῷ</strong></span> <span class='ocrx_word' id='word_1_111' title='bbox 1170 1529 1490 1596; x_wconf 80' lang='grc' dir='ltr'>διαστήματι</span> <span class='ocrx_word' id='word_1_112' title='bbox 1543 1528 1752 1578; x_wconf 64' lang='grc' dir='ltr'>ἀποὶω-</span> 
     </span>
    </p>
   </div>
   <div class='ocr_carea' id='block_1_18' title="bbox 206 1615 1752 1690">
    <p class='ocr_par' dir='ltr' id='par_1_18' title="bbox 206 1615 1752 1690">
     <span class='ocr_line' id='line_1_18' title="bbox 206 1615 1752 1690; baseline -0.005 -18"><span class='ocrx_word' id='word_1_113' title='bbox 206 1622 460 1674; x_wconf 86' lang='grc' dir='ltr'>λεκυῖαν.</span> <span class='ocrx_word' id='word_1_114' title='bbox 503 1622 565 1673; x_wconf 80' lang='grc' dir='ltr'><em>Ἣ</em></span> <span class='ocrx_word' id='word_1_115' title='bbox 597 1621 700 1690; x_wconf 76' lang='grc' dir='ltr'><strong>γὰρ</strong></span> <span class='ocrx_word' id='word_1_116' title='bbox 727 1620 817 1670; x_wconf 84' lang='grc' dir='ltr'><strong>τοῦ</strong></span> <span class='ocrx_word' id='word_1_117' title='bbox 858 1619 1057 1687; x_wconf 82' lang='grc' dir='ltr'>Κυρίου</span> <span class='ocrx_word' id='word_1_118' title='bbox 1084 1616 1305 1684; x_wconf 84' lang='grc' dir='ltr'>δευτέρα</span> <span class='ocrx_word' id='word_1_119' title='bbox 1355 1615 1643 1685; x_wconf 86' lang='grc' dir='ltr'>παρουσία,</span> <span class='ocrx_word' id='word_1_120' title='bbox 1680 1616 1752 1675; x_wconf 82' lang='grc' dir='ltr'>ὡς</span> 
     </span>
    </p>
   </div>
   <div class='ocr_carea' id='block_1_19' title="bbox 1847 456 3374 534">
    <p class='ocr_par' dir='ltr' id='par_1_19' title="bbox 1847 456 3374 534">
     <span class='ocr_line' id='line_1_19' title="bbox 1847 456 3374 534; baseline -0.01 -14"><span class='ocrx_word' id='word_1_121' title='bbox 1847 465 2045 534; x_wconf 75' lang='lat' dir='ltr'><strong>angelis</strong></span> <span class='ocrx_word' id='word_1_122' title='bbox 2089 462 2303 529; x_wconf 80' lang='lat' dir='ltr'><strong>quidem</strong></span> <span class='ocrx_word' id='word_1_123' title='bbox 2343 468 2559 527; x_wconf 75' lang='lat' dir='ltr'><strong>propter</strong></span> <span class='ocrx_word' id='word_1_124' title='bbox 2596 459 2795 525; x_wconf 85' lang='lat' dir='ltr'><strong>jodicls</strong></span> <span class='ocrx_word' id='word_1_125' title='bbox 2844 456 3175 511; x_wconf 81' lang='lat' dir='ltr'><strong>severitatem</strong></span> <span class='ocrx_word' id='word_1_126' title='bbox 3217 470 3374 522; x_wconf 84' lang='lat' dir='ltr'><strong>quam</strong></span> 
     </span>
    </p>
   </div>
   <div class='ocr_carea' id='block_1_20' title="bbox 1845 541 3393 622">
    <p class='ocr_par' dir='ltr' id='par_1_20' title="bbox 1845 541 3393 622">
     <span class='ocr_line' id='line_1_20' title="bbox 1845 541 3393 622; baseline -0.01 -13"><span class='ocrx_word' id='word_1_127' title='bbox 1845 562 2185 622; x_wconf 72' lang='lat' dir='ltr'><strong>peccatorum</strong></span> <span class='ocrx_word' id='word_1_128' title='bbox 2230 546 2577 600; x_wconf 71' lang='lat' dir='ltr'><strong>incredulitas</strong></span> <span class='ocrx_word' id='word_1_129' title='bbox 2625 546 2943 612; x_wconf 67' lang='lat' dir='ltr'><strong>praeparavit</strong></span> <span class='ocrx_word' id='word_1_130' title='bbox 2990 561 3003 596; x_wconf 91' lang='lat'><strong>:</strong></span> <span class='ocrx_word' id='word_1_131' title='bbox 3051 541 3393 594; x_wconf 63' lang='lat' dir='ltr'><strong>dwmonibus.</strong></span> 
     </span>
    </p>
   </div>
   <div class='ocr_carea' id='block_1_21' title="bbox 1846 631 3374 700">
    <p class='ocr_par' dir='ltr' id='par_1_21' title="bbox 1846 631 3374 700">
     <span class='ocr_line' id='line_1_21' title="bbox 1846 631 3374 700; baseline -0.01 -3"><span class='ocrx_word' id='word_1_132' title='bbox 1846 657 1972 698; x_wconf 86' lang='lat' dir='ltr'><strong>vero</strong></span> <span class='ocrx_word' id='word_1_133' title='bbox 2013 641 2256 694; x_wconf 88' lang='lat' dir='ltr'><strong>timorem</strong></span> <span class='ocrx_word' id='word_1_134' title='bbox 2293 636 2541 689; x_wconf 89' lang='lat' dir='ltr'><strong>immittet</strong></span> <span class='ocrx_word' id='word_1_135' title='bbox 2585 632 2923 700; x_wconf 87' lang='lat' dir='ltr'><strong>participatio</strong></span> <span class='ocrx_word' id='word_1_136' title='bbox 2968 631 3214 700; x_wconf 79' lang='lat' dir='ltr'><strong>supplicii</strong></span> <span class='ocrx_word' id='word_1_137' title='bbox 3260 644 3374 698; x_wconf 85' lang='lat' dir='ltr'><strong>pec-</strong></span> 
     </span>
    </p>
   </div>
   <div class='ocr_carea' id='block_1_22' title="bbox 1847 739 2112 788">
    <p class='ocr_par' dir='ltr' id='par_1_22' title="bbox 1847 739 2112 788">
     <span class='ocr_line' id='line_1_22' title="bbox 1847 739 2112 788; baseline -0.03 0"><span class='ocrx_word' id='word_1_138' title='bbox 1847 739 2112 788; x_wconf 82' lang='lat' dir='ltr'><strong>catorum.</strong></span> 
     </span>
    </p>
   </div>
   <div class='ocr_carea' id='block_1_23' title="bbox 1923 806 3380 884">
    <p class='ocr_par' dir='ltr' id='par_1_23' title="bbox 1923 806 3380 884">
     <span class='ocr_line' id='line_1_23' title="bbox 1923 806 3380 884; baseline -0.012 -12"><span class='ocrx_word' id='word_1_139' title='bbox 1923 818 2045 884; x_wconf 74' lang='grc' dir='ltr'><strong>γω,</strong></span> <span class='ocrx_word' id='word_1_140' title='bbox 2101 832 2210 879; x_wconf 75' lang='grc' dir='ltr'>υιε,</span> <span class='ocrx_word' id='word_1_141' title='bbox 2267 814 2444 866; x_wconf 75' lang='lat' dir='ltr'><strong>civitas</strong></span> <span class='ocrx_word' id='word_1_142' title='bbox 2487 810 2579 860; x_wconf 81' lang='lat' dir='ltr'><strong>illa</strong></span> <span class='ocrx_word' id='word_1_143' title='bbox 2631 824 2817 874; x_wconf 82' lang='lat' dir='ltr'><strong>magna</strong></span> <span class='ocrx_word' id='word_1_144' title='bbox 2876 822 2991 874; x_wconf 71' lang='lat' dir='ltr'><strong>quae</strong></span> <span class='ocrx_word' id='word_1_145' title='bbox 3034 806 3227 858; x_wconf 78' lang='lat' dir='ltr'><strong>ornicta</strong></span> <span class='ocrx_word' id='word_1_146' title='bbox 3270 813 3380 856; x_wconf 83' lang='lat' dir='ltr'><strong>erat</strong></span> 
     </span>
    </p>
   </div>
   <div class='ocr_carea' id='block_1_24' title="bbox 1846 880 3379 974">
    <p class='ocr_par' dir='ltr' id='par_1_24' title="bbox 1846 880 3379 974">
     <span class='ocr_line' id='line_1_24' title="bbox 1846 880 3379 974; baseline -0.012 -15"><span class='ocrx_word' id='word_1_147' title='bbox 1846 907 2017 974; x_wconf 71' lang='lat' dir='ltr'><strong>bysso.</strong></span> <span class='ocrx_word' id='word_1_148' title='bbox 2076 905 2157 957; x_wconf 79' lang='lat' dir='ltr'><strong>Ab</strong></span> <span class='ocrx_word' id='word_1_149' title='bbox 2193 905 2275 957; x_wconf 89' lang='lat' dir='ltr'><strong>his</strong></span> <span class='ocrx_word' id='word_1_150' title='bbox 2322 913 2441 968; x_wconf 57' lang='lat' dir='ltr'><strong>qua</strong></span> <span class='ocrx_word' id='word_1_151' title='bbox 2492 908 2614 950; x_wconf 80' lang='lat' dir='ltr'><strong>nota</strong></span> <span class='ocrx_word' id='word_1_152' title='bbox 2654 905 2777 949; x_wconf 91' lang='lat' dir='ltr'><strong>sunt</strong></span> <span class='ocrx_word' id='word_1_153' title='bbox 2813 894 2977 946; x_wconf 91' lang='lat' dir='ltr'><strong>tradit</strong></span> <span class='ocrx_word' id='word_1_154' title='bbox 3023 907 3208 946; x_wconf 88' lang='lat' dir='ltr'><strong>eorum</strong></span> <span class='ocrx_word' id='word_1_155' title='bbox 3245 880 3379 945; x_wconf 67' lang='lat' dir='ltr'><strong>uoti-</strong></span> 
     </span>
    </p>
   </div>
   <div class='ocr_carea' id='block_1_25' title="bbox 1849 981 3380 1062">
    <p class='ocr_par' dir='ltr' id='par_1_25' title="bbox 1849 981 3380 1062">
     <span class='ocr_line' id='line_1_25' title="bbox 1849 981 3380 1062; baseline -0.012 -15"><span class='ocrx_word' id='word_1_156' title='bbox 1849 995 1973 1048; x_wconf 86' lang='lat' dir='ltr'><strong>tiam</strong></span> <span class='ocrx_word' id='word_1_157' title='bbox 2006 1009 2123 1062; x_wconf 64' lang='lat' dir='ltr'><strong>quae</strong></span> <span class='ocrx_word' id='word_1_158' title='bbox 2193 1002 2317 1046; x_wconf 85' lang='lat' dir='ltr'><strong>sunt</strong></span> <span class='ocrx_word' id='word_1_159' title='bbox 2364 991 2416 1042; x_wconf 90' lang='lat' dir='ltr'><strong>in</strong></span> <span class='ocrx_word' id='word_1_160' title='bbox 2467 996 2736 1056; x_wconf 90' lang='lat' dir='ltr'><strong>posterum</strong></span> <span class='ocrx_word' id='word_1_161' title='bbox 2790 993 3194 1050; x_wconf 78' lang='lat' dir='ltr'><strong>superventura.</strong></span> <span class='ocrx_word' id='word_1_162' title='bbox 3235 981 3380 1043; x_wconf 82' lang='lat' dir='ltr'><strong>Quo-</strong></span> 
     </span>
    </p>
   </div>
   <div class='ocr_carea' id='block_1_26' title="bbox 1847 1066 3382 1149">
    <p class='ocr_par' dir='ltr' id='par_1_26' title="bbox 1847 1066 3382 1149">
     <span class='ocr_line' id='line_1_26' title="bbox 1847 1066 3382 1149; baseline -0.014 -14"><span class='ocrx_word' id='word_1_163' title='bbox 1847 1083 1988 1135; x_wconf 85' lang='lat' dir='ltr'><strong>niam</strong></span> <span class='ocrx_word' id='word_1_164' title='bbox 2046 1081 2205 1149; x_wconf 87' lang='lat' dir='ltr'><strong>igitur</strong></span> <span class='ocrx_word' id='word_1_165' title='bbox 2258 1087 2439 1131; x_wconf 90' lang='lat' dir='ltr'><strong>notum</strong></span> <span class='ocrx_word' id='word_1_166' title='bbox 2493 1084 2575 1128; x_wconf 91' lang='lat' dir='ltr'><strong>est</strong></span> <span class='ocrx_word' id='word_1_167' title='bbox 2606 1073 2746 1141; x_wconf 90' lang='lat' dir='ltr'><strong>quod</strong></span> <span class='ocrx_word' id='word_1_168' title='bbox 2789 1069 3016 1138; x_wconf 78' lang='lat' dir='ltr'><strong>Babylon</strong></span> <span class='ocrx_word' id='word_1_169' title='bbox 3077 1066 3382 1118; x_wconf 71' lang='lat' dir='ltr'><strong>divitiarum</strong></span> 
     </span>
    </p>
   </div>
   <div class='ocr_carea' id='block_1_27' title="bbox 1850 1153 3382 1240">
    <p class='ocr_par' dir='ltr' id='par_1_27' title="bbox 1850 1153 3382 1240">
     <span class='ocr_line' id='line_1_27' title="bbox 1850 1153 3382 1240; baseline -0.015 -17"><span class='ocrx_word' id='word_1_170' title='bbox 1850 1171 2217 1240; x_wconf 77' lang='lat' dir='ltr'><strong>magnitudine</strong></span> <span class='ocrx_word' id='word_1_171' title='bbox 2249 1165 2539 1219; x_wconf 85' lang='lat' dir='ltr'><strong>lascivierit</strong></span> <span class='ocrx_word' id='word_1_172' title='bbox 2569 1181 2581 1216; x_wconf 91' lang='lat'><strong>:</strong></span> <span class='ocrx_word' id='word_1_173' title='bbox 2621 1162 2720 1214; x_wconf 87' lang='lat' dir='ltr'><strong>sub</strong></span> <span class='ocrx_word' id='word_1_174' title='bbox 2753 1160 2937 1212; x_wconf 89' lang='lat' dir='ltr'><strong>oculos</strong></span> <span class='ocrx_word' id='word_1_175' title='bbox 2965 1157 3110 1232; x_wconf 90' lang='lat' dir='ltr'><strong>ducit</strong></span> <span class='ocrx_word' id='word_1_176' title='bbox 3143 1153 3382 1215; x_wconf 76' lang='lat' dir='ltr'><strong>allectus,</strong></span> 
     </span>
    </p>
   </div>
   <div class='ocr_carea' id='block_1_28' title="bbox 1850 1230 3378 1328">
    <p class='ocr_par' dir='ltr' id='par_1_28' title="bbox 1850 1230 3378 1328">
     <span class='ocr_line' id='line_1_28' title="bbox 1850 1230 3378 1328; baseline -0.015 -16"><span class='ocrx_word' id='word_1_177' title='bbox 1850 1277 1942 1328; x_wconf 89' lang='lat' dir='ltr'><strong>per</strong></span> <span class='ocrx_word' id='word_1_178' title='bbox 1975 1262 2226 1312; x_wconf 90' lang='lat' dir='ltr'><strong>thronum</strong></span> <span class='ocrx_word' id='word_1_179' title='bbox 2276 1257 2476 1324; x_wconf 84' lang='lat' dir='ltr'><strong>regium</strong></span> <span class='ocrx_word' id='word_1_180' title='bbox 2513 1251 2654 1320; x_wconf 88' lang='lat' dir='ltr'><strong>quod</strong></span> <span class='ocrx_word' id='word_1_181' title='bbox 2700 1251 2754 1302; x_wconf 90' lang='lat' dir='ltr'><strong>in</strong></span> <span class='ocrx_word' id='word_1_182' title='bbox 2793 1250 2909 1317; x_wconf 87' lang='lat' dir='ltr'><strong>ipsa</strong></span> <span class='ocrx_word' id='word_1_183' title='bbox 2943 1230 3093 1309; x_wconf 86' lang='lat' dir='ltr'><strong>erat,</strong></span> <span class='ocrx_word' id='word_1_184' title='bbox 3124 1242 3378 1309; x_wconf 84' lang='lat' dir='ltr'><strong>magnitu-</strong></span> 
     </span>
    </p>
   </div>
   <div class='ocr_carea' id='block_1_29' title="bbox 1850 1328 3382 1404">
    <p class='ocr_par' dir='ltr' id='par_1_29' title="bbox 1850 1328 3382 1404">
     <span class='ocr_line' id='line_1_29' title="bbox 1850 1328 3382 1404; baseline -0.016 -2"><span class='ocrx_word' id='word_1_185' title='bbox 1850 1351 2027 1404; x_wconf 87' lang='lat' dir='ltr'><strong>dinem</strong></span> <span class='ocrx_word' id='word_1_186' title='bbox 2052 1345 2360 1399; x_wconf 83' lang='lat' dir='ltr'><strong>describens</strong></span> <span class='ocrx_word' id='word_1_187' title='bbox 2394 1339 2732 1402; x_wconf 87' lang='lat' dir='ltr'><strong>calamitatis;</strong></span> <span class='ocrx_word' id='word_1_188' title='bbox 2768 1351 2866 1389; x_wconf 89' lang='lat' dir='ltr'><strong>nec</strong></span> <span class='ocrx_word' id='word_1_189' title='bbox 2899 1335 3069 1388; x_wconf 88' lang='lat' dir='ltr'><strong>solum</strong></span> <span class='ocrx_word' id='word_1_190' title='bbox 3121 1345 3215 1399; x_wconf 88' lang='lat' dir='ltr'><strong>per</strong></span> <span class='ocrx_word' id='word_1_191' title='bbox 3248 1328 3382 1381; x_wconf 87' lang='lat' dir='ltr'><strong>divi-</strong></span> 
     </span>
    </p>
   </div>
   <div class='ocr_carea' id='block_1_30' title="bbox 1853 1417 3384 1502">
    <p class='ocr_par' dir='ltr' id='par_1_30' title="bbox 1853 1417 3384 1502">
     <span class='ocr_line' id='line_1_30' title="bbox 1853 1417 3384 1502; baseline -0.016 -11"><span class='ocrx_word' id='word_1_192' title='bbox 1853 1439 1952 1491; x_wconf 88' lang='lat' dir='ltr'><strong>tias</strong></span> <span class='ocrx_word' id='word_1_193' title='bbox 1998 1448 2292 1502; x_wconf 87' lang='lat' dir='ltr'><strong>earumque</strong></span> <span class='ocrx_word' id='word_1_194' title='bbox 2337 1430 2687 1500; x_wconf 88' lang='lat' dir='ltr'><strong>perditionem</strong></span> <span class='ocrx_word' id='word_1_195' title='bbox 2744 1427 2944 1477; x_wconf 89' lang='lat' dir='ltr'><strong>luctum</strong></span> <span class='ocrx_word' id='word_1_196' title='bbox 2981 1420 3247 1478; x_wconf 85' lang='lat' dir='ltr'><strong>ostendit,</strong></span> <span class='ocrx_word' id='word_1_197' title='bbox 3295 1417 3384 1469; x_wconf 92' lang='lat' dir='ltr'><strong>sed</strong></span> 
     </span>
    </p>
   </div>
   <div class='ocr_carea' id='block_1_31' title="bbox 1853 1503 3444 1586">
    <p class='ocr_par' dir='ltr' id='par_1_31' title="bbox 1853 1503 3444 1586">
     <span class='ocr_line' id='line_1_31' title="bbox 1853 1503 3444 1586; baseline -0.016 -8"><span class='ocrx_word' id='word_1_198' title='bbox 1853 1526 2010 1578; x_wconf 83' lang='lat' dir='ltr'><strong>etiam</strong></span> <span class='ocrx_word' id='word_1_199' title='bbox 2050 1523 2328 1576; x_wconf 80' lang='lat' dir='ltr'><strong>velocitate</strong></span> <span class='ocrx_word' id='word_1_200' title='bbox 2369 1519 2536 1586; x_wconf 86' lang='lat' dir='ltr'><strong>ipsius</strong></span> <span class='ocrx_word' id='word_1_201' title='bbox 2571 1513 2890 1569; x_wconf 87' lang='lat' dir='ltr'><strong>calamitatis</strong></span> <span class='ocrx_word' id='word_1_202' title='bbox 2923 1509 3100 1578; x_wconf 90' lang='lat' dir='ltr'><strong>:quod</strong></span> <span class='ocrx_word' id='word_1_203' title='bbox 3141 1504 3334 1560; x_wconf 70' lang='lat' dir='ltr'><strong>divitia:</strong></span> <span class='ocrx_word' id='word_1_204' title='bbox 3359 1519 3385 1554; x_wconf 87' lang='lat' dir='ltr'><strong>a</strong></span> <span class='ocrx_word' id='word_1_205' title='bbox 3441 1503 3444 1505; x_wconf 80' lang='grc'><strong>’</strong></span> 
     </span>
    </p>
   </div>
   <div class='ocr_carea' id='block_1_32' title="bbox 1854 1597 3385 1679">
    <p class='ocr_par' dir='ltr' id='par_1_32' title="bbox 1854 1597 3385 1679">
     <span class='ocr_line' id='line_1_32' title="bbox 1854 1597 3385 1679; baseline -0.017 -10"><span class='ocrx_word' id='word_1_206' title='bbox 1854 1614 2049 1669; x_wconf 68' lang='lat' dir='ltr'><strong>sazculo</strong></span> <span class='ocrx_word' id='word_1_207' title='bbox 2080 1620 2409 1679; x_wconf 65' lang='lat' dir='ltr'><strong>congregata:</strong></span> <span class='ocrx_word' id='word_1_208' title='bbox 2442 1607 2679 1660; x_wconf 77' lang='lat' dir='ltr'><strong>brevium</strong></span> <span class='ocrx_word' id='word_1_209' title='bbox 2711 1605 2914 1656; x_wconf 87' lang='lat' dir='ltr'><strong>dierum</strong></span> <span class='ocrx_word' id='word_1_210' title='bbox 2951 1597 3226 1651; x_wconf 87' lang='lat' dir='ltr'><strong>intervallo</strong></span> <span class='ocrx_word' id='word_1_211' title='bbox 3273 1608 3385 1660; x_wconf 89' lang='lat' dir='ltr'><strong>per-</strong></span> 
     </span>
    </p>
   </div>
   <div class='ocr_carea' id='block_1_33' title="bbox 206 1683 1755 1796">
    <p class='ocr_par' dir='ltr' id='par_1_33' title="bbox 206 1683 1753 1779">
     <span class='ocr_line' id='line_1_33' title="bbox 206 1683 1753 1779; baseline -0.006 -17"><span class='ocrx_word' id='word_1_212' title='bbox 206 1711 500 1779; x_wconf 76' lang='grc' dir='ltr'>ἁστραπῆς</span> <span class='ocrx_word' id='word_1_213' title='bbox 529 1683 873 1762; x_wconf 71' lang='grc' dir='ltr'>ἐπελεύσεται</span> <span class='ocrx_word' id='word_1_214' title='bbox 899 1683 1079 1776; x_wconf 68' lang='grc' dir='ltr'>ταχος,</span> <span class='ocrx_word' id='word_1_215' title='bbox 1097 1705 1185 1758; x_wconf 75' lang='grc' dir='ltr'><strong>τὸν</strong></span> <span class='ocrx_word' id='word_1_216' title='bbox 1209 1683 1540 1773; x_wconf 82' lang='grc' dir='ltr'>πολύμοχθον</span> <span class='ocrx_word' id='word_1_217' title='bbox 1567 1703 1753 1772; x_wconf 75' lang='grc' dir='ltr'>ἀφανί-</span> 
     </span>
    </p>
   </div>
   <div class='ocr_carea' id='block_1_34' title="bbox 1849 1683 3388 1796">
    <p class='ocr_par' dir='ltr' id='par_1_34' title="bbox 1862 1683 3388 1796">
     <span class='ocr_line' id='line_1_34' title="bbox 1862 1683 3388 1761; baseline -0.016 -5"><span class='ocrx_word' id='word_1_218' title='bbox 1862 1706 2041 1757; x_wconf 88' lang='lat' dir='ltr'><strong>ierint.</strong></span> <span class='ocrx_word' id='word_1_219' title='bbox 2113 1700 2409 1761; x_wconf 78' lang='lat' dir='ltr'><strong>Secundus]</strong></span> <span class='ocrx_word' id='word_1_220' title='bbox 2467 1697 2605 1749; x_wconf 89' lang='lat' dir='ltr'><strong>enim</strong></span> <span class='ocrx_word' id='word_1_221' title='bbox 2669 1693 2877 1746; x_wconf 89' lang='lat' dir='ltr'><strong>Domini</strong></span> <span class='ocrx_word' id='word_1_222' title='bbox 2936 1690 3196 1742; x_wconf 85' lang='lat' dir='ltr'><strong>adventus</strong></span> <span class='ocrx_word' id='word_1_223' title='bbox 3257 1683 3388 1734; x_wconf 90' lang='lat' dir='ltr'><strong>sicut</strong></span> 
     </span>
     <span class='ocr_line' id='line_1_35' title="bbox 1862 1771 3388 1796; baseline -0.014 22"><span class='ocrx_word' id='word_1_224' title='bbox 1862 1793 1875 1796; x_wconf 63' lang='grc'>“</span> <span class='ocrx_word' id='word_1_225' title='bbox 1916 1794 1925 1796; x_wconf 80' lang='grc'><strong><em>“</em></strong></span> <span class='ocrx_word' id='word_1_226' title='bbox 2126 1790 2173 1796; x_wconf 75' lang='grc'><strong><em>³·</em></strong></span> <span class='ocrx_word' id='word_1_227' title='bbox 2369 1788 2380 1796; x_wconf 86' lang='grc'><strong>’</strong></span> <span class='ocrx_word' id='word_1_228' title='bbox 2561 1785 2572 1795; x_wconf 83' lang='grc'><strong>⁸</strong></span> <span class='ocrx_word' id='word_1_229' title='bbox 2635 1785 2664 1796; x_wconf 88' lang='grc'><strong>·-</strong></span> <span class='ocrx_word' id='word_1_230' title='bbox 2789 1782 2800 1796; x_wconf 71' lang='grc' dir='ltr'><strong>ι</strong></span> <span class='ocrx_word' id='word_1_231' title='bbox 2844 1782 2854 1796; x_wconf 87' lang='grc'><strong>1</strong></span> <span class='ocrx_word' id='word_1_232' title='bbox 2889 1794 2900 1796; x_wconf 61' lang='grc' dir='ltr'><strong><em>ι</em></strong></span> <span class='ocrx_word' id='word_1_233' title='bbox 2946 1779 2977 1796; x_wconf 81' lang='lat' dir='ltr'><strong>&#39;I</strong></span> <span class='ocrx_word' id='word_1_234' title='bbox 3003 1792 3060 1796; x_wconf 57' lang='grc' dir='ltr'><strong>υ-</strong></span> <span class='ocrx_word' id='word_1_235' title='bbox 3095 1790 3150 1796; x_wconf 72' lang='lat'><strong>--</strong></span> <span class='ocrx_word' id='word_1_236' title='bbox 3183 1771 3388 1796; x_wconf 68' lang='grc' dir='ltr'><strong>Πηηιιέἒη</strong></span> 
     </span>
    </p>
   </div>
   <div class='ocr_carea' id='block_1_35' title="bbox 205 1799 543 1867">
    <p class='ocr_par' dir='ltr' id='par_1_35' title="bbox 205 1799 543 1867">
     <span class='ocr_line' id='line_1_36' title="bbox 205 1799 543 1867; baseline -0.003 -16"><span class='ocrx_word' id='word_1_237' title='bbox 205 1799 380 1860; x_wconf 80' lang='grc' dir='ltr'>ζουσα</span> <span class='ocrx_word' id='word_1_238' title='bbox 411 1799 543 1867; x_wconf 81' lang='grc' dir='ltr'>βίον.</span> 
     </span>
    </p>
   </div>
   <div class='ocr_carea' id='block_1_36' title="bbox 280 1969 1754 2043">
    <p class='ocr_par' dir='ltr' id='par_1_36' title="bbox 280 1969 1754 2043">
     <span class='ocr_line' id='line_1_37' title="bbox 280 1969 1754 2043; baseline -0.007 -13"><span class='ocrx_word' id='word_1_239' title='bbox 280 1976 393 2030; x_wconf 79' lang='lat' dir='ltr'><strong>Kal</strong></span> <span class='ocrx_word' id='word_1_240' title='bbox 433 1975 546 2041; x_wconf 78' lang='grc' dir='ltr'>πᾶς</span> <span class='ocrx_word' id='word_1_241' title='bbox 584 1975 962 2043; x_wconf 75' lang='grc' dir='ltr'>κυϐερνήτης,</span> <span class='ocrx_word' id='word_1_242' title='bbox 991 1974 1086 2026; x_wconf 77' lang='grc' dir='ltr'><strong>καί</strong></span> <span class='ocrx_word' id='word_1_243' title='bbox 1111 1972 1225 2036; x_wconf 82' lang='grc' dir='ltr'>πᾶς</span> <span class='ocrx_word' id='word_1_244' title='bbox 1249 1971 1342 2023; x_wconf 77' lang='grc' dir='ltr'><strong>ἐπὶ</strong></span> <span class='ocrx_word' id='word_1_245' title='bbox 1377 1969 1490 2022; x_wconf 85' lang='grc' dir='ltr'>τῶν</span> <span class='ocrx_word' id='word_1_246' title='bbox 1529 1970 1754 2021; x_wconf 72' lang='grc' dir='ltr'>πλοίων</span> 
     </span>
    </p>
   </div>
   <div class='ocr_carea' id='block_1_37' title="bbox 204 2060 1750 2137">
    <p class='ocr_par' dir='ltr' id='par_1_37' title="bbox 204 2060 1750 2137">
     <span class='ocr_line' id='line_1_38' title="bbox 204 2060 1750 2137; baseline -0.005 -21"><span class='ocrx_word' id='word_1_247' title='bbox 204 2069 436 2118; x_wconf 72' lang='grc' dir='ltr'>πλέων.</span> <span class='ocrx_word' id='word_1_248' title='bbox 477 2065 1002 2137; x_wconf 69' lang='grc' dir='ltr'>Θαλάσσῃτροπικῶς</span> <span class='ocrx_word' id='word_1_249' title='bbox 1031 2066 1056 2116; x_wconf 89' lang='grc' dir='ltr'><strong>ό</strong></span> <span class='ocrx_word' id='word_1_250' title='bbox 1083 2061 1270 2131; x_wconf 85' lang='grc' dir='ltr'>παρὼν</span> <span class='ocrx_word' id='word_1_251' title='bbox 1297 2063 1408 2130; x_wconf 76' lang='grc' dir='ltr'>βίος</span> <span class='ocrx_word' id='word_1_252' title='bbox 1438 2060 1750 2131; x_wconf 84' lang='grc' dir='ltr'>παρεϐλήθη</span> 
     </span>
    </p>
   </div>
   <div class='ocr_carea' id='block_1_38' title="bbox 203 2149 1755 2221">
    <p class='ocr_par' dir='ltr' id='par_1_38' title="bbox 203 2149 1755 2221">
     <span class='ocr_line' id='line_1_39' title="bbox 203 2149 1755 2221; baseline -0.003 -16"><span class='ocrx_word' id='word_1_253' title='bbox 203 2155 287 2215; x_wconf 84' lang='grc' dir='ltr'>ὡς</span> <span class='ocrx_word' id='word_1_254' title='bbox 310 2155 519 2215; x_wconf 79' lang='grc' dir='ltr'>πολλοῖς</span> <span class='ocrx_word' id='word_1_255' title='bbox 550 2155 643 2206; x_wconf 76' lang='grc' dir='ltr'>καὶ</span> <span class='ocrx_word' id='word_1_256' title='bbox 685 2154 843 2213; x_wconf 75' lang='grc' dir='ltr'>αὐτὸς</span> <span class='ocrx_word' id='word_1_257' title='bbox 869 2153 1152 2221; x_wconf 77' lang='grc' dir='ltr'>πράγμασι</span> <span class='ocrx_word' id='word_1_258' title='bbox 1195 2150 1607 2218; x_wconf 80' lang='grc' dir='ltr'>κυμαινόμενος,</span> <span class='ocrx_word' id='word_1_259' title='bbox 1651 2149 1755 2200; x_wconf 78' lang='grc' dir='ltr'><strong>ὑπὸ</strong></span> 
     </span>
    </p>
   </div>
   <div class='ocr_carea' id='block_1_39' title="bbox 207 2231 1754 2308">
    <p class='ocr_par' dir='ltr' id='par_1_39' title="bbox 207 2231 1754 2308">
     <span class='ocr_line' id='line_1_40' title="bbox 207 2231 1754 2308; baseline -0.006 -16"><span class='ocrx_word' id='word_1_260' title='bbox 207 2240 737 2308; x_wconf 77' lang='grc' dir='ltr'>πνεύμασιμάλιστα</span> <span class='ocrx_word' id='word_1_261' title='bbox 764 2238 1076 2306; x_wconf 81' lang='grc' dir='ltr'>δαιμονικῆς</span> <span class='ocrx_word' id='word_1_262' title='bbox 1115 2235 1390 2304; x_wconf 74' lang='grc' dir='ltr'>ἐπηρείας.</span> <span class='ocrx_word' id='word_1_263' title='bbox 1423 2234 1653 2293; x_wconf 80' lang='grc' dir='ltr'><strong>Εἰκότως</strong></span> <span class='ocrx_word' id='word_1_264' title='bbox 1699 2231 1754 2283; x_wconf 77' lang='grc' dir='ltr'><strong>δὲ</strong></span> 
     </span>
    </p>
   </div>
   <div class='ocr_carea' id='block_1_40' title="bbox 211 2320 1753 2394">
    <p class='ocr_par' dir='ltr' id='par_1_40' title="bbox 211 2320 1753 2394">
     <span class='ocr_line' id='line_1_41' title="bbox 211 2320 1753 2394; baseline -0.006 -14"><span class='ocrx_word' id='word_1_265' title='bbox 211 2331 315 2380; x_wconf 80' lang='grc' dir='ltr'>καὶ</span> <span class='ocrx_word' id='word_1_266' title='bbox 376 2328 532 2379; x_wconf 85' lang='grc' dir='ltr'>πλοῖα</span> <span class='ocrx_word' id='word_1_267' title='bbox 577 2329 633 2378; x_wconf 82' lang='grc' dir='ltr'>ὲν</span> <span class='ocrx_word' id='word_1_268' title='bbox 667 2325 821 2394; x_wconf 63' lang='grc' dir='ltr'>αὐτῷ</span> <span class='ocrx_word' id='word_1_269' title='bbox 860 2325 1229 2393; x_wconf 80' lang='grc' dir='ltr'>ὑπειλήφαμεν</span> <span class='ocrx_word' id='word_1_270' title='bbox 1257 2322 1353 2383; x_wconf 78' lang='grc' dir='ltr'><strong>τὰς</strong></span> <span class='ocrx_word' id='word_1_271' title='bbox 1387 2320 1490 2373; x_wconf 85' lang='grc' dir='ltr'><strong>τῶν</strong></span> <span class='ocrx_word' id='word_1_272' title='bbox 1523 2322 1753 2388; x_wconf 62' lang='grc' dir='ltr'>ἐπισυμ-</span> 
     </span>
    </p>
   </div>
   <div class='ocr_carea' id='block_1_41' title="bbox 207 2406 1754 2484">
    <p class='ocr_par' dir='ltr' id='par_1_41' title="bbox 207 2406 1754 2484">
     <span class='ocr_line' id='line_1_42' title="bbox 207 2406 1754 2484; baseline -0.005 -17"><span class='ocrx_word' id='word_1_273' title='bbox 207 2417 507 2469; x_wconf 81' lang='grc' dir='ltr'>ϐαινόντων</span> <span class='ocrx_word' id='word_1_274' title='bbox 523 2417 853 2484; x_wconf 80' lang='grc' dir='ltr'>πραγμάτων</span> <span class='ocrx_word' id='word_1_275' title='bbox 877 2414 1156 2480; x_wconf 65' lang='grc' dir='ltr'>ἐπιφορὰς.</span> <span class='ocrx_word' id='word_1_276' title='bbox 1183 2406 1267 2472; x_wconf 74' lang='grc' dir='ltr'>αἷς</span> <span class='ocrx_word' id='word_1_277' title='bbox 1292 2409 1528 2477; x_wconf 84' lang='grc' dir='ltr'>ὠσπερεὶ</span> <span class='ocrx_word' id='word_1_278' title='bbox 1553 2407 1754 2469; x_wconf 84' lang='grc' dir='ltr'>πλοίοις</span> 
     </span>
    </p>
   </div>
   <div class='ocr_carea' id='block_1_42' title="bbox 209 2498 1754 2574">
    <p class='ocr_par' dir='ltr' id='par_1_42' title="bbox 209 2498 1754 2574">
     <span class='ocr_line' id='line_1_43' title="bbox 209 2498 1754 2574; baseline -0.005 -17"><span class='ocrx_word' id='word_1_279' title='bbox 209 2506 493 2574; x_wconf 74' lang='grc' dir='ltr'>ἄνθρωποι</span> <span class='ocrx_word' id='word_1_280' title='bbox 523 2507 813 2574; x_wconf 83' lang='grc' dir='ltr'>χρώμενοι,</span> <span class='ocrx_word' id='word_1_281' title='bbox 831 2506 889 2555; x_wconf 81' lang='grc' dir='ltr'>τὸ</span> <span class='ocrx_word' id='word_1_282' title='bbox 917 2507 1011 2571; x_wconf 83' lang='grc' dir='ltr'>τῆς</span> <span class='ocrx_word' id='word_1_283' title='bbox 1033 2501 1238 2553; x_wconf 80' lang='grc' dir='ltr'>ἑαυτῶν</span> <span class='ocrx_word' id='word_1_284' title='bbox 1269 2500 1413 2566; x_wconf 78' lang='grc' dir='ltr'>ζωῆς</span> <span class='ocrx_word' id='word_1_285' title='bbox 1445 2498 1754 2550; x_wconf 85' lang='grc' dir='ltr'>διαπλέουσι</span> 
     </span>
    </p>
   </div>
   <div class='ocr_carea' id='block_1_43' title="bbox 213 2588 1756 2664">
    <p class='ocr_par' dir='ltr' id='par_1_43' title="bbox 213 2588 1756 2664">
     <span class='ocr_line' id='line_1_44' title="bbox 213 2588 1756 2664; baseline -0.006 -17"><span class='ocrx_word' id='word_1_286' title='bbox 213 2598 472 2660; x_wconf 81' lang='grc' dir='ltr'>πέλαγος.</span> <span class='ocrx_word' id='word_1_287' title='bbox 515 2596 862 2664; x_wconf 71' lang='grc' dir='ltr'>κυϐερνήτας</span> <span class='ocrx_word' id='word_1_288' title='bbox 911 2593 988 2657; x_wconf 81' lang='grc' dir='ltr'>δὲ,</span> <span class='ocrx_word' id='word_1_289' title='bbox 1043 2591 1259 2653; x_wconf 80' lang='grc' dir='ltr'>τούτους</span> <span class='ocrx_word' id='word_1_290' title='bbox 1291 2588 1580 2658; x_wconf 82' lang='grc' dir='ltr'>λογιστέον,</span> <span class='ocrx_word' id='word_1_291' title='bbox 1633 2589 1756 2650; x_wconf 76' lang='grc' dir='ltr'>τοὺς</span> 
     </span>
    </p>
   </div>
   <div class='ocr_carea' id='block_1_44' title="bbox 209 2679 1757 2756">
    <p class='ocr_par' dir='ltr' id='par_1_44' title="bbox 209 2679 1757 2756">
     <span class='ocr_line' id='line_1_45' title="bbox 209 2679 1757 2756; baseline -0.006 -16"><span class='ocrx_word' id='word_1_292' title='bbox 209 2687 470 2756; x_wconf 74' lang='grc' dir='ltr'>ἀσφαλῶς</span> <span class='ocrx_word' id='word_1_293' title='bbox 488 2684 562 2755; x_wconf 85' lang='grc' dir='ltr'>τῷ</span> <span class='ocrx_word' id='word_1_294' title='bbox 587 2685 682 2756; x_wconf 86' lang='grc' dir='ltr'><strong>βίῳ</strong></span> <span class='ocrx_word' id='word_1_295' title='bbox 705 2685 1028 2756; x_wconf 75' lang='grc' dir='ltr'>χρωμένους.</span> <span class='ocrx_word' id='word_1_296' title='bbox 1052 2682 1264 2743; x_wconf 80' lang='grc' dir='ltr'>Ναῦτας</span> <span class='ocrx_word' id='word_1_297' title='bbox 1281 2681 1334 2734; x_wconf 81' lang='grc' dir='ltr'>δὲ</span> <span class='ocrx_word' id='word_1_298' title='bbox 1358 2680 1450 2735; x_wconf 80' lang='grc' dir='ltr'>καὶ</span> <span class='ocrx_word' id='word_1_299' title='bbox 1471 2679 1757 2748; x_wconf 82' lang='grc' dir='ltr'>πλωτῆρας</span> 
     </span>
    </p>
   </div>
   <div class='ocr_carea' id='block_1_45' title="bbox 205 2767 1752 2843">
    <p class='ocr_par' dir='ltr' id='par_1_45' title="bbox 205 2767 1752 2843">
     <span class='ocr_line' id='line_1_46' title="bbox 205 2767 1752 2843; baseline -0.007 -14"><span class='ocrx_word' id='word_1_300' title='bbox 205 2782 301 2829; x_wconf 71' lang='grc' dir='ltr'>καὶ</span> <span class='ocrx_word' id='word_1_301' title='bbox 346 2778 655 2836; x_wconf 82' lang='grc' dir='ltr'>θαλαττίους</span> <span class='ocrx_word' id='word_1_302' title='bbox 675 2777 926 2843; x_wconf 79' lang='grc' dir='ltr'>ἐργάτας,</span> <span class='ocrx_word' id='word_1_303' title='bbox 980 2772 1068 2834; x_wconf 86' lang='grc' dir='ltr'><strong>οὒς</strong></span> <span class='ocrx_word' id='word_1_304' title='bbox 1119 2773 1208 2823; x_wconf 68' lang='grc' dir='ltr'>καὶ</span> <span class='ocrx_word' id='word_1_305' title='bbox 1239 2767 1555 2830; x_wconf 77' lang='grc' dir='ltr'>θαλαττίους</span> <span class='ocrx_word' id='word_1_306' title='bbox 1591 2769 1752 2835; x_wconf 79' lang='grc' dir='ltr'>σοφός</span> 
     </span>
    </p>
   </div>
   <div class='ocr_carea' id='block_1_46' title="bbox 203 2856 1754 2933">
    <p class='ocr_par' dir='ltr' id='par_1_46' title="bbox 203 2856 1754 2933">
     <span class='ocr_line' id='line_1_47' title="bbox 203 2856 1754 2933; baseline -0.006 -16"><span class='ocrx_word' id='word_1_307' title='bbox 203 2885 288 2927; x_wconf 76' lang='grc' dir='ltr'><strong>τις</strong></span> <span class='ocrx_word' id='word_1_308' title='bbox 332 2868 466 2933; x_wconf 73' lang='grc' dir='ltr'>ἐρεῖ,</span> <span class='ocrx_word' id='word_1_309' title='bbox 502 2867 624 2925; x_wconf 76' lang='grc' dir='ltr'>τοὺς</span> <span class='ocrx_word' id='word_1_310' title='bbox 664 2865 789 2931; x_wconf 74' lang='grc' dir='ltr'>περὶ</span> <span class='ocrx_word' id='word_1_311' title='bbox 825 2865 892 2912; x_wconf 85' lang='grc' dir='ltr'>τὰ</span> <span class='ocrx_word' id='word_1_312' title='bbox 925 2861 1015 2912; x_wconf 84' lang='grc' dir='ltr'><strong>τοῦ</strong></span> <span class='ocrx_word' id='word_1_313' title='bbox 1052 2861 1420 2925; x_wconf 84' lang='grc' dir='ltr'>πολυκύμονος</span> <span class='ocrx_word' id='word_1_314' title='bbox 1471 2857 1622 2908; x_wconf 89' lang='grc' dir='ltr'>τοῦδε</span> <span class='ocrx_word' id='word_1_315' title='bbox 1661 2856 1754 2907; x_wconf 84' lang='grc' dir='ltr'><strong>τοῦ</strong></span> 
     </span>
    </p>
   </div>
   <div class='ocr_carea' id='block_1_47' title="bbox 201 2946 1754 3021">
    <p class='ocr_par' dir='ltr' id='par_1_47' title="bbox 201 2946 1754 3021">
     <span class='ocr_line' id='line_1_48' title="bbox 201 2946 1754 3021; baseline -0.006 -15"><span class='ocrx_word' id='word_1_316' title='bbox 201 2957 423 3021; x_wconf 70' lang='grc' dir='ltr'>κόσμου</span> <span class='ocrx_word' id='word_1_317' title='bbox 457 2953 798 3020; x_wconf 79' lang='grc' dir='ltr'>κεκμηκότας</span> <span class='ocrx_word' id='word_1_318' title='bbox 827 2950 1160 3017; x_wconf 77' lang='grc' dir='ltr'>ἀνθρώπους,</span> <span class='ocrx_word' id='word_1_319' title='bbox 1193 2947 1242 2999; x_wconf 87' lang='grc' dir='ltr'>οἳ</span> <span class='ocrx_word' id='word_1_320' title='bbox 1274 2948 1470 3006; x_wconf 83' lang='grc' dir='ltr'>πάντες</span> <span class='ocrx_word' id='word_1_321' title='bbox 1518 2946 1577 2996; x_wconf 78' lang='grc' dir='ltr'>τὸ</span> <span class='ocrx_word' id='word_1_322' title='bbox 1616 2946 1754 2997; x_wconf 79' lang='grc' dir='ltr'>ἀπα-</span> 
     </span>
    </p>
   </div>
   <div class='ocr_carea' id='block_1_48' title="bbox 207 3035 1754 3113">
    <p class='ocr_par' dir='ltr' id='par_1_48' title="bbox 207 3035 1754 3113">
     <span class='ocr_line' id='line_1_49' title="bbox 207 3035 1754 3113; baseline -0.008 -17"><span class='ocrx_word' id='word_1_323' title='bbox 207 3045 540 3113; x_wconf 80' lang='grc' dir='ltr'>ραλόγιστον</span> <span class='ocrx_word' id='word_1_324' title='bbox 594 3042 686 3094; x_wconf 69' lang='grc' dir='ltr'>καὶ</span> <span class='ocrx_word' id='word_1_325' title='bbox 743 3041 954 3099; x_wconf 76' lang='grc' dir='ltr'>πάντως</span> <span class='ocrx_word' id='word_1_326' title='bbox 987 3038 1237 3104; x_wconf 78' lang='grc' dir='ltr'>ἐσόμενον</span> <span class='ocrx_word' id='word_1_327' title='bbox 1272 3035 1362 3087; x_wconf 84' lang='grc' dir='ltr'><strong>τοῦ</strong></span> <span class='ocrx_word' id='word_1_328' title='bbox 1407 3036 1520 3103; x_wconf 77' lang='grc' dir='ltr'>βίου</span> <span class='ocrx_word' id='word_1_329' title='bbox 1566 3036 1754 3085; x_wconf 85' lang='grc' dir='ltr'>τούτου</span> 
     </span>
    </p>
   </div>
   <div class='ocr_carea' id='block_1_49' title="bbox 202 3121 1750 3200">
    <p class='ocr_par' dir='ltr' id='par_1_49' title="bbox 202 3121 1750 3200">
     <span class='ocr_line' id='line_1_50' title="bbox 202 3121 1750 3200; baseline -0.007 -15"><span class='ocrx_word' id='word_1_330' title='bbox 202 3135 372 3193; x_wconf 73' lang='grc' dir='ltr'>τέλος</span> <span class='ocrx_word' id='word_1_331' title='bbox 403 3131 770 3200; x_wconf 75' lang='grc' dir='ltr'>ἐννοηθέντες,</span> <span class='ocrx_word' id='word_1_332' title='bbox 826 3130 915 3180; x_wconf 61' lang='grc' dir='ltr'><strong>καὶ⁸</strong></span> <span class='ocrx_word' id='word_1_333' title='bbox 965 3129 1094 3195; x_wconf 69' lang='grc' dir='ltr'>πρὶν</span> <span class='ocrx_word' id='word_1_334' title='bbox 1140 3128 1354 3193; x_wconf 77' lang='grc' dir='ltr'>ἐπιστῇ,</span> <span class='ocrx_word' id='word_1_335' title='bbox 1404 3121 1750 3191; x_wconf 74' lang='grc' dir='ltr'>ἐφυλάξαντο.</span> 
     </span>
    </p>
   </div>
   <div class='ocr_carea' id='block_1_50' title="bbox 201 3211 1756 3290">
    <p class='ocr_par' dir='ltr' id='par_1_50' title="bbox 201 3211 1756 3290">
     <span class='ocr_line' id='line_1_51' title="bbox 201 3211 1756 3290; baseline -0.01 -14"><span class='ocrx_word' id='word_1_336' title='bbox 201 3222 388 3276; x_wconf 79' lang='grc' dir='ltr'>Τοῦτο</span> <span class='ocrx_word' id='word_1_337' title='bbox 411 3224 513 3290; x_wconf 75' lang='grc' dir='ltr'><strong>γὰρ</strong></span> <span class='ocrx_word' id='word_1_338' title='bbox 540 3221 598 3272; x_wconf 84' lang='grc' dir='ltr'>τὸ</span> <span class='ocrx_word' id='word_1_339' title='bbox 629 3218 892 3288; x_wconf 83' lang='grc' dir='ltr'>μακρόθεν</span> <span class='ocrx_word' id='word_1_340' title='bbox 944 3218 1161 3268; x_wconf 74' lang='grc' dir='ltr'>ὲστᾶναι</span> <span class='ocrx_word' id='word_1_341' title='bbox 1197 3214 1426 3282; x_wconf 81' lang='grc' dir='ltr'>παρέχει</span> <span class='ocrx_word' id='word_1_342' title='bbox 1455 3215 1615 3264; x_wconf 88' lang='grc' dir='ltr'>νοεῖν.</span> <span class='ocrx_word' id='word_1_343' title='bbox 1647 3211 1756 3262; x_wconf 75' lang='grc' dir='ltr'><strong>Καὶ</strong></span> 
     </span>
    </p>
   </div>
   <div class='ocr_carea' id='block_1_51' title="bbox 200 3300 1757 3376">
    <p class='ocr_par' dir='ltr' id='par_1_51' title="bbox 200 3300 1757 3376">
     <span class='ocr_line' id='line_1_52' title="bbox 200 3300 1757 3376; baseline -0.011 -11"><span class='ocrx_word' id='word_1_344' title='bbox 200 3318 290 3366; x_wconf 77' lang='grc' dir='ltr'>ὅτι</span> <span class='ocrx_word' id='word_1_345' title='bbox 337 3313 447 3372; x_wconf 73' lang='grc' dir='ltr'>τοῖς</span> <span class='ocrx_word' id='word_1_346' title='bbox 470 3309 687 3370; x_wconf 71' lang='grc' dir='ltr'>ἀτόποις</span> <span class='ocrx_word' id='word_1_347' title='bbox 724 3306 1109 3376; x_wconf 78' lang='grc' dir='ltr'>ἐπιτηδεύμασι</span> <span class='ocrx_word' id='word_1_348' title='bbox 1136 3304 1241 3356; x_wconf 87' lang='grc' dir='ltr'><strong>τῶν</strong></span> <span class='ocrx_word' id='word_1_349' title='bbox 1272 3300 1757 3353; x_wconf 82' lang='grc' dir='ltr'>ὲνθαλαττευόντων</span> 
     </span>
    </p>
   </div>
   <div class='ocr_carea' id='block_1_52' title="bbox 203 3389 1755 3469">
    <p class='ocr_par' dir='ltr' id='par_1_52' title="bbox 203 3389 1755 3469">
     <span class='ocr_line' id='line_1_53' title="bbox 203 3389 1755 3469; baseline -0.011 -15"><span class='ocrx_word' id='word_1_350' title='bbox 203 3401 607 3469; x_wconf 75' lang='grc' dir='ltr'>ἀπαραιτήτως</span> <span class='ocrx_word' id='word_1_351' title='bbox 674 3396 1091 3464; x_wconf 74' lang='grc' dir='ltr'>ἐπακολουθήσει</span> <span class='ocrx_word' id='word_1_352' title='bbox 1143 3395 1173 3462; x_wconf 75' lang='grc' dir='ltr'>ἡ</span> <span class='ocrx_word' id='word_1_353' title='bbox 1237 3391 1511 3460; x_wconf 82' lang='grc' dir='ltr'>τιμωρία,</span> <span class='ocrx_word' id='word_1_354' title='bbox 1571 3389 1755 3455; x_wconf 84' lang='grc' dir='ltr'>ὥσπερ</span> 
     </span>
    </p>
   </div>
   <div class='ocr_carea' id='block_1_53' title="bbox 203 3477 1757 3557">
    <p class='ocr_par' dir='ltr' id='par_1_53' title="bbox 203 3477 1757 3557">
     <span class='ocr_line' id='line_1_54' title="bbox 203 3477 1757 3557; baseline -0.01 -14"><span class='ocrx_word' id='word_1_355' title='bbox 203 3491 407 3557; x_wconf 74' lang='grc' dir='ltr'>καπνῷ</span> <span class='ocrx_word' id='word_1_356' title='bbox 431 3490 488 3540; x_wconf 80' lang='grc' dir='ltr'>τὸ</span> <span class='ocrx_word' id='word_1_357' title='bbox 521 3489 649 3555; x_wconf 86' lang='grc' dir='ltr'>πῦρ,</span> <span class='ocrx_word' id='word_1_358' title='bbox 679 3488 756 3539; x_wconf 69' lang='grc' dir='ltr'><strong>διὸ</strong></span> <span class='ocrx_word' id='word_1_359' title='bbox 782 3488 870 3538; x_wconf 82' lang='grc' dir='ltr'>καὶ</span> <span class='ocrx_word' id='word_1_360' title='bbox 894 3485 1078 3553; x_wconf 81' lang='grc' dir='ltr'>καπνῷ</span> <span class='ocrx_word' id='word_1_361' title='bbox 1100 3483 1396 3553; x_wconf 87' lang='grc' dir='ltr'>παρείκασε</span> <span class='ocrx_word' id='word_1_362' title='bbox 1419 3481 1516 3548; x_wconf 81' lang='grc' dir='ltr'>τὴν</span> <span class='ocrx_word' id='word_1_363' title='bbox 1538 3477 1757 3547; x_wconf 85' lang='grc' dir='ltr'>προσδο-</span> 
     </span>
    </p>
   </div>
   <div class='ocr_carea' id='block_1_54' title="bbox 204 3568 1753 3644">
    <p class='ocr_par' dir='ltr' id='par_1_54' title="bbox 204 3568 1753 3644">
     <span class='ocr_line' id='line_1_55' title="bbox 204 3568 1753 3644; baseline -0.01 -14"><span class='ocrx_word' id='word_1_364' title='bbox 204 3581 364 3640; x_wconf 81' lang='grc' dir='ltr'>κίαν,</span> <span class='ocrx_word' id='word_1_365' title='bbox 387 3576 583 3644; x_wconf 83' lang='grc' dir='ltr'>δηλοῖὸ</span> <span class='ocrx_word' id='word_1_366' title='bbox 612 3577 796 3643; x_wconf 82' lang='grc' dir='ltr'>Σωτὴρ</span> <span class='ocrx_word' id='word_1_367' title='bbox 831 3575 1009 3636; x_wconf 82' lang='grc' dir='ltr'>αὐτὸς,</span> <span class='ocrx_word' id='word_1_368' title='bbox 1029 3573 1219 3640; x_wconf 85' lang='grc' dir='ltr'>λέγων·</span> <span class='ocrx_word' id='word_1_369' title='bbox 1258 3589 1275 3620; x_wconf 81' lang='grc' dir='ltr'><strong>ι</strong></span> <span class='ocrx_word' id='word_1_370' title='bbox 1307 3573 1533 3638; x_wconf 82' lang='grc' dir='ltr'>Ὠσπερ,</span> <span class='ocrx_word' id='word_1_371' title='bbox 1571 3568 1753 3635; x_wconf 74' lang='grc' dir='ltr'>φησὶν,</span> 
     </span>
    </p>
   </div>
   <div class='ocr_carea' id='block_1_55' title="bbox 203 3659 1756 3733">
    <p class='ocr_par' dir='ltr' id='par_1_55' title="bbox 203 3659 1756 3733">
     <span class='ocr_line' id='line_1_56' title="bbox 203 3659 1756 3733; baseline -0.008 -15"><span class='ocrx_word' id='word_1_372' title='bbox 203 3672 236 3733; x_wconf 83' lang='grc' dir='ltr'><strong>ἠ</strong></span> <span class='ocrx_word' id='word_1_373' title='bbox 273 3666 533 3732; x_wconf 79' lang='grc' dir='ltr'>ἀστραπὴ</span> <span class='ocrx_word' id='word_1_374' title='bbox 578 3666 852 3731; x_wconf 77' lang='grc' dir='ltr'>ἐξέρχεται</span> <span class='ocrx_word' id='word_1_375' title='bbox 878 3664 982 3715; x_wconf 84' lang='grc' dir='ltr'>ἀπὺ</span> <span class='ocrx_word' id='word_1_376' title='bbox 1039 3661 1308 3714; x_wconf 85' lang='grc' dir='ltr'>ἀνατολῶν</span> <span class='ocrx_word' id='word_1_377' title='bbox 1333 3700 1346 3724; x_wconf 87' lang='grc'><strong>,</strong></span> <span class='ocrx_word' id='word_1_378' title='bbox 1386 3660 1479 3710; x_wconf 73' lang='grc' dir='ltr'><strong>καὶ</strong></span> <span class='ocrx_word' id='word_1_379' title='bbox 1513 3659 1756 3723; x_wconf 82' lang='grc' dir='ltr'>φαίνεται</span> 
     </span>
    </p>
   </div>
   <div class='ocr_carea' id='block_1_56' title="bbox 204 3740 1755 3819">
    <p class='ocr_par' dir='ltr' id='par_1_56' title="bbox 204 3740 1755 3819">
     <span class='ocr_line' id='line_1_57' title="bbox 204 3740 1755 3819; baseline -0.011 -13"><span class='ocrx_word' id='word_1_380' title='bbox 204 3757 320 3816; x_wconf 76' lang='grc' dir='ltr'>ἓως</span> <span class='ocrx_word' id='word_1_381' title='bbox 353 3753 567 3819; x_wconf 83' lang='grc' dir='ltr'>δυσμῶν</span> <span class='ocrx_word' id='word_1_382' title='bbox 589 3791 601 3811; x_wconf 92' lang='grc'><strong>,</strong></span> <span class='ocrx_word' id='word_1_383' title='bbox 637 3752 804 3811; x_wconf 74' lang='grc' dir='ltr'>οὕτως</span> <span class='ocrx_word' id='word_1_384' title='bbox 842 3751 990 3800; x_wconf 75' lang='grc' dir='ltr'>ἔσται</span> <span class='ocrx_word' id='word_1_385' title='bbox 1018 3751 1050 3816; x_wconf 81' lang='grc' dir='ltr'><strong>ἡ</strong></span> <span class='ocrx_word' id='word_1_386' title='bbox 1083 3748 1350 3814; x_wconf 86' lang='grc' dir='ltr'>παρουσία</span> <span class='ocrx_word' id='word_1_387' title='bbox 1382 3745 1473 3795; x_wconf 80' lang='grc' dir='ltr'><strong>τοῦ</strong></span> <span class='ocrx_word' id='word_1_388' title='bbox 1507 3743 1634 3794; x_wconf 84' lang='grc' dir='ltr'>Υίοῦ</span> <span class='ocrx_word' id='word_1_389' title='bbox 1664 3740 1755 3790; x_wconf 84' lang='grc' dir='ltr'><strong>τοῦ</strong></span> 
     </span>
    </p>
   </div>
   <div class='ocr_carea' id='block_1_57' title="bbox 205 3827 1754 3908">
    <p class='ocr_par' dir='ltr' id='par_1_57' title="bbox 205 3827 1754 3908">
     <span class='ocr_line' id='line_1_58' title="bbox 205 3827 1754 3908; baseline -0.012 -14"><span class='ocrx_word' id='word_1_390' title='bbox 205 3839 525 3908; x_wconf 77' lang='grc' dir='ltr'>ἀνθρώπου.</span> <span class='ocrx_word' id='word_1_391' title='bbox 568 3855 585 3886; x_wconf 72' lang='grc' dir='ltr'><strong>ι</strong></span> <span class='ocrx_word' id='word_1_392' title='bbox 621 3837 757 3904; x_wconf 61' lang='lat' dir='ltr'><strong>[lupi</strong></span> <span class='ocrx_word' id='word_1_393' title='bbox 781 3837 836 3887; x_wconf 82' lang='grc' dir='ltr'><strong>δὲ</strong></span> <span class='ocrx_word' id='word_1_394' title='bbox 868 3836 926 3886; x_wconf 82' lang='grc' dir='ltr'>τὸ</span> <span class='ocrx_word' id='word_1_395' title='bbox 950 3833 1285 3898; x_wconf 78' lang='grc' dir='ltr'>ἐξεταστικὸν</span> <span class='ocrx_word' id='word_1_396' title='bbox 1314 3830 1445 3897; x_wconf 76' lang='grc' dir='ltr'>πρὸς</span> <span class='ocrx_word' id='word_1_397' title='bbox 1474 3827 1754 3895; x_wconf 84' lang='grc' dir='ltr'>ἀκρίϐειαν</span> 
     </span>
    </p>
   </div>
   <div class='ocr_carea' id='block_1_58' title="bbox 205 3917 1757 3996">
    <p class='ocr_par' dir='ltr' id='par_1_58' title="bbox 205 3917 1757 3996">
     <span class='ocr_line' id='line_1_59' title="bbox 205 3917 1757 3996; baseline -0.012 -12"><span class='ocrx_word' id='word_1_398' title='bbox 205 3933 326 3984; x_wconf 84' lang='grc' dir='ltr'><strong>τῶν</strong></span> <span class='ocrx_word' id='word_1_399' title='bbox 358 3926 755 3996; x_wconf 81' lang='grc' dir='ltr'>πεπραγμένων</span> <span class='ocrx_word' id='word_1_400' title='bbox 789 3925 1151 3992; x_wconf 69' lang='grc' dir='ltr'>ἀφωμοίωται.</span> <span class='ocrx_word' id='word_1_401' title='bbox 1187 3920 1419 3980; x_wconf 82' lang='grc' dir='ltr'>Εἰκότως</span> <span class='ocrx_word' id='word_1_402' title='bbox 1448 3918 1502 3969; x_wconf 76' lang='grc' dir='ltr'>δὲ</span> <span class='ocrx_word' id='word_1_403' title='bbox 1531 3917 1621 3968; x_wconf 70' lang='grc' dir='ltr'>καὶ</span> <span class='ocrx_word' id='word_1_404' title='bbox 1653 3931 1757 3966; x_wconf 82' lang='grc' dir='ltr'>κα·-</span> 
     </span>
    </p>
   </div>
   <div class='ocr_carea' id='block_1_59' title="bbox 206 4006 1756 4086">
    <p class='ocr_par' dir='ltr' id='par_1_59' title="bbox 206 4006 1756 4086">
     <span class='ocr_line' id='line_1_60' title="bbox 206 4006 1756 4086; baseline -0.01 -15"><span class='ocrx_word' id='word_1_405' title='bbox 206 4016 580 4086; x_wconf 81' lang='grc' dir='ltr'>ταπληκτικὸν</span> <span class='ocrx_word' id='word_1_406' title='bbox 623 4011 763 4069; x_wconf 77' lang='grc' dir='ltr'>οὗτοι</span> <span class='ocrx_word' id='word_1_407' title='bbox 815 4013 1186 4083; x_wconf 72' lang='grc' dir='ltr'>κεκράξονται,</span> <span class='ocrx_word' id='word_1_408' title='bbox 1242 4010 1332 4061; x_wconf 78' lang='grc' dir='ltr'>καὶ</span> <span class='ocrx_word' id='word_1_409' title='bbox 1386 4007 1454 4059; x_wconf 85' lang='grc' dir='ltr'>τὰ</span> <span class='ocrx_word' id='word_1_410' title='bbox 1491 4006 1756 4059; x_wconf 85' lang='grc' dir='ltr'>ἀκόλουθα</span> 
     </span>
    </p>
   </div>
   <div class='ocr_carea' id='block_1_60' title="bbox 207 4097 1757 4177">
    <p class='ocr_par' dir='ltr' id='par_1_60' title="bbox 207 4097 1757 4177">
     <span class='ocr_line' id='line_1_61' title="bbox 207 4097 1757 4177; baseline -0.008 -16"><span class='ocrx_word' id='word_1_411' title='bbox 207 4111 326 4162; x_wconf 83' lang='grc' dir='ltr'><strong>τῶν</strong></span> <span class='ocrx_word' id='word_1_412' title='bbox 354 4106 763 4177; x_wconf 76' lang='grc' dir='ltr'>θρηνῳδούντων</span> <span class='ocrx_word' id='word_1_413' title='bbox 786 4106 1196 4172; x_wconf 81' lang='grc' dir='ltr'>ὑποστήσονται,</span> <span class='ocrx_word' id='word_1_414' title='bbox 1216 4101 1341 4170; x_wconf 90' lang='grc' dir='ltr'>χοῦν</span> <span class='ocrx_word' id='word_1_415' title='bbox 1363 4097 1757 4167; x_wconf 80' lang='grc' dir='ltr'>καταχεάμενοι</span> 
     </span>
    </p>
   </div>
   <div class='ocr_carea' id='block_1_61' title="bbox 209 4188 1759 4263">
    <p class='ocr_par' dir='ltr' id='par_1_61' title="bbox 209 4188 1759 4263">
     <span class='ocr_line' id='line_1_62' title="bbox 209 4188 1759 4263; baseline -0.007 -12"><span class='ocrx_word' id='word_1_416' title='bbox 209 4201 327 4251; x_wconf 83' lang='grc' dir='ltr'><strong>τῶν</strong></span> <span class='ocrx_word' id='word_1_417' title='bbox 361 4198 631 4263; x_wconf 60' lang='grc' dir='ltr'>κειραλῶν,</span> <span class='ocrx_word' id='word_1_418' title='bbox 658 4198 749 4248; x_wconf 78' lang='grc' dir='ltr'>καὶ</span> <span class='ocrx_word' id='word_1_419' title='bbox 780 4196 881 4247; x_wconf 79' lang='grc' dir='ltr'>εἴτι</span> <span class='ocrx_word' id='word_1_420' title='bbox 908 4193 1032 4247; x_wconf 83' lang='grc' dir='ltr'>ἄλλο</span> <span class='ocrx_word' id='word_1_421' title='bbox 1063 4195 1171 4254; x_wconf 90' lang='grc' dir='ltr'>τοῖς</span> <span class='ocrx_word' id='word_1_422' title='bbox 1224 4188 1582 4261; x_wconf 82' lang='grc' dir='ltr'>θρηνῳδοῦσιν</span> <span class='ocrx_word' id='word_1_423' title='bbox 1630 4188 1759 4241; x_wconf 82' lang='grc' dir='ltr'>ἀκό-</span> 
     </span>
    </p>
   </div>
   <div class='ocr_carea' id='block_1_62' title="bbox 208 4288 819 4350">
    <p class='ocr_par' dir='ltr' id='par_1_62' title="bbox 208 4288 819 4350">
     <span class='ocr_line' id='line_1_63' title="bbox 208 4288 819 4350; baseline -0.005 -11"><span class='ocrx_word' id='word_1_424' title='bbox 208 4289 427 4350; x_wconf 83' lang='grc' dir='ltr'>λουθον,</span> <span class='ocrx_word' id='word_1_425' title='bbox 462 4288 819 4346; x_wconf 75' lang='grc' dir='ltr'>ἐκτελοῦντες.</span> 
     </span>
    </p>
   </div>
   <div class='ocr_carea' id='block_1_63' title="bbox 293 4369 1761 4441">
    <p class='ocr_par' dir='ltr' id='par_1_63' title="bbox 293 4369 1761 4441">
     <span class='ocr_line' id='line_1_64' title="bbox 293 4369 1761 4441; baseline -0.005 -14"><span class='ocrx_word' id='word_1_426' title='bbox 293 4377 378 4438; x_wconf 78' lang='grc' dir='ltr'>Τίς</span> <span class='ocrx_word' id='word_1_427' title='bbox 413 4375 581 4441; x_wconf 69' lang='grc' dir='ltr'>ὁμοία</span> <span class='ocrx_word' id='word_1_428' title='bbox 612 4373 681 4438; x_wconf 73' lang='grc' dir='ltr'>τῇ</span> <span class='ocrx_word' id='word_1_429' title='bbox 704 4374 869 4425; x_wconf 78' lang='grc' dir='ltr'>πόλει</span> <span class='ocrx_word' id='word_1_430' title='bbox 893 4371 960 4438; x_wconf 77' lang='grc' dir='ltr'>τῇ</span> <span class='ocrx_word' id='word_1_431' title='bbox 987 4373 1249 4440; x_wconf 52' lang='lat' dir='ltr'><strong>perdi&quot;;</strong></span> <span class='ocrx_word' id='word_1_432' title='bbox 1288 4370 1399 4425; x_wconf 79' lang='grc' dir='ltr'><strong>Οὐκ</strong></span> <span class='ocrx_word' id='word_1_433' title='bbox 1420 4369 1567 4425; x_wconf 70' lang='grc' dir='ltr'>ἔστιν</span> <span class='ocrx_word' id='word_1_434' title='bbox 1597 4370 1761 4436; x_wconf 78' lang='grc' dir='ltr'>ἄλλην</span> 
     </span>
    </p>
   </div>
   <div class='ocr_carea' id='block_1_64' title="bbox 211 4458 1759 4530">
    <p class='ocr_par' dir='ltr' id='par_1_64' title="bbox 211 4458 1759 4530">
     <span class='ocr_line' id='line_1_65' title="bbox 211 4458 1759 4530; baseline -0.003 -16"><span class='ocrx_word' id='word_1_435' title='bbox 211 4466 374 4514; x_wconf 73' lang='grc' dir='ltr'>πόλιν</span> <span class='ocrx_word' id='word_1_436' title='bbox 415 4464 631 4530; x_wconf 82' lang='grc' dir='ltr'>εὑρεῖν,</span> <span class='ocrx_word' id='word_1_437' title='bbox 684 4463 762 4513; x_wconf 84' lang='grc' dir='ltr'>ὅτι</span> <span class='ocrx_word' id='word_1_438' title='bbox 800 4463 931 4530; x_wconf 83' lang='grc' dir='ltr'><strong>μηδὲ</strong></span> <span class='ocrx_word' id='word_1_439' title='bbox 990 4463 1142 4514; x_wconf 84' lang='grc' dir='ltr'>ἄλλον</span> <span class='ocrx_word' id='word_1_440' title='bbox 1201 4460 1575 4529; x_wconf 76' lang='grc' dir='ltr'>Δημιουργὸν,</span> <span class='ocrx_word' id='word_1_441' title='bbox 1627 4458 1759 4527; x_wconf 68' lang='grc' dir='ltr'>μηδὲ</span> 
     </span>
    </p>
   </div>
   <div class='ocr_carea' id='block_1_65' title="bbox 211 4545 1760 4618">
    <p class='ocr_par' dir='ltr' id='par_1_65' title="bbox 211 4545 1760 4618">
     <span class='ocr_line' id='line_1_66' title="bbox 211 4545 1760 4618; baseline -0.006 -14"><span class='ocrx_word' id='word_1_442' title='bbox 211 4553 376 4604; x_wconf 64' lang='grc' dir='ltr'>ἄλλον</span> <span class='ocrx_word' id='word_1_443' title='bbox 406 4553 624 4618; x_wconf 78' lang='grc' dir='ltr'>κόσμον.</span> <span class='ocrx_word' id='word_1_444' title='bbox 657 4551 945 4604; x_wconf 87' lang='grc' dir='ltr'>Βαϐυλῶνα</span> <span class='ocrx_word' id='word_1_445' title='bbox 978 4552 1030 4603; x_wconf 74' lang='grc' dir='ltr'><strong>δὲ</strong></span> <span class='ocrx_word' id='word_1_446' title='bbox 1057 4551 1237 4618; x_wconf 78' lang='grc' dir='ltr'>ἄλλην,</span> <span class='ocrx_word' id='word_1_447' title='bbox 1275 4551 1366 4600; x_wconf 70' lang='lat' dir='ltr'><strong>x11</strong></span> <span class='ocrx_word' id='word_1_448' title='bbox 1396 4550 1452 4599; x_wconf 69' lang='lat' dir='ltr'><strong>tv</strong></span> <span class='ocrx_word' id='word_1_449' title='bbox 1500 4545 1760 4612; x_wconf 76' lang='grc' dir='ltr'>Αἰγύπτῳ</span> 
     </span>
    </p>
   </div>
   <div class='ocr_carea' id='block_1_66' title="bbox 1854 1771 3389 1860">
    <p class='ocr_par' dir='ltr' id='par_1_66' title="bbox 1854 1771 3389 1860">
     <span class='ocr_line' id='line_1_67' title="bbox 1854 1771 3389 1860; baseline -0.014 -16"><span class='ocrx_word' id='word_1_450' title='bbox 1854 1793 2032 1860; x_wconf 83' lang='lat' dir='ltr'><strong>fulgur</strong></span> <span class='ocrx_word' id='word_1_451' title='bbox 2060 1790 2236 1844; x_wconf 89' lang='lat' dir='ltr'><strong>subito</strong></span> <span class='ocrx_word' id='word_1_452' title='bbox 2265 1788 2459 1849; x_wconf 84' lang='lat' dir='ltr'><strong>veniet,</strong></span> <span class='ocrx_word' id='word_1_453' title='bbox 2485 1785 2573 1850; x_wconf 86' lang='lat' dir='ltr'><strong>qui</strong></span> <span class='ocrx_word' id='word_1_454' title='bbox 2600 1785 2760 1836; x_wconf 87' lang='lat' dir='ltr'><strong>vitam</strong></span> <span class='ocrx_word' id='word_1_455' title='bbox 2789 1779 3063 1832; x_wconf 88' lang='lat' dir='ltr'><strong>laboribus</strong></span> <span class='ocrx_word' id='word_1_456' title='bbox 3093 1790 3152 1828; x_wconf 89' lang='lat' dir='ltr'><strong>ac</strong></span> <span class='ocrx_word' id='word_1_457' title='bbox 3182 1771 3389 1839; x_wconf 84' lang='lat' dir='ltr'><strong>ﬂagitiis</strong></span> 
     </span>
    </p>
   </div>
   <div class='ocr_carea' id='block_1_67' title="bbox 1850 1874 2538 1948">
    <p class='ocr_par' dir='ltr' id='par_1_67' title="bbox 1850 1874 2538 1948">
     <span class='ocr_line' id='line_1_68' title="bbox 1850 1874 2538 1948; baseline -0.013 -15"><span class='ocrx_word' id='word_1_458' title='bbox 1850 1883 2058 1948; x_wconf 86' lang='lat' dir='ltr'><strong>plenam</strong></span> <span class='ocrx_word' id='word_1_459' title='bbox 2091 1892 2119 1930; x_wconf 91' lang='lat' dir='ltr'><strong>e</strong></span> <span class='ocrx_word' id='word_1_460' title='bbox 2159 1876 2334 1928; x_wconf 89' lang='lat' dir='ltr'><strong>medio</strong></span> <span class='ocrx_word' id='word_1_461' title='bbox 2370 1874 2538 1926; x_wconf 89' lang='lat' dir='ltr'><strong>tollat.</strong></span> 
     </span>
    </p>
   </div>
   <div class='ocr_carea' id='block_1_68' title="bbox 1926 1951 3390 2032">
    <p class='ocr_par' dir='ltr' id='par_1_68' title="bbox 1926 1951 3390 2032">
     <span class='ocr_line' id='line_1_69' title="bbox 1926 1951 3390 2032; baseline -0.014 -13"><span class='ocrx_word' id='word_1_462' title='bbox 1926 1968 1990 2019; x_wconf 85' lang='lat' dir='ltr'><strong>Et</strong></span> <span class='ocrx_word' id='word_1_463' title='bbox 2018 1967 2182 2017; x_wconf 76' lang='lat' dir='ltr'><strong>omnis</strong></span> <span class='ocrx_word' id='word_1_464' title='bbox 2210 1965 2545 2032; x_wconf 81' lang='lat' dir='ltr'><strong>gubernator,</strong></span> <span class='ocrx_word' id='word_1_465' title='bbox 2566 1970 2612 2011; x_wconf 88' lang='lat' dir='ltr'><strong>et</strong></span> <span class='ocrx_word' id='word_1_466' title='bbox 2643 1959 2808 2011; x_wconf 77' lang='lat' dir='ltr'><strong>omnis</strong></span> <span class='ocrx_word' id='word_1_467' title='bbox 2839 1957 2926 2023; x_wconf 80' lang='lat' dir='ltr'><strong>qui</strong></span> <span class='ocrx_word' id='word_1_468' title='bbox 2966 1956 3017 2005; x_wconf 78' lang='lat' dir='ltr'><strong>in</strong></span> <span class='ocrx_word' id='word_1_469' title='bbox 3050 1951 3263 2003; x_wconf 78' lang='lat' dir='ltr'><strong>navibus</strong></span> <span class='ocrx_word' id='word_1_470' title='bbox 3299 1965 3390 1999; x_wconf 74' lang='lat' dir='ltr'><strong>na~</strong></span> 
     </span>
    </p>
   </div>
   <div class='ocr_carea' id='block_1_69' title="bbox 1853 2042 3391 2123">
    <p class='ocr_par' dir='ltr' id='par_1_69' title="bbox 1853 2042 3391 2123">
     <span class='ocr_line' id='line_1_70' title="bbox 1853 2042 3391 2123; baseline -0.016 -16"><span class='ocrx_word' id='word_1_471' title='bbox 1853 2055 2077 2123; x_wconf 82' lang='lat' dir='ltr'><strong>vigabat.</strong></span> <span class='ocrx_word' id='word_1_472' title='bbox 2119 2052 2362 2103; x_wconf 79' lang='lat' dir='ltr'><strong>Praesens</strong></span> <span class='ocrx_word' id='word_1_473' title='bbox 2393 2053 2500 2100; x_wconf 84' lang='lat' dir='ltr'><strong>vita</strong></span> <span class='ocrx_word' id='word_1_474' title='bbox 2541 2047 2674 2098; x_wconf 87' lang='lat' dir='ltr'><strong>mari</strong></span> <span class='ocrx_word' id='word_1_475' title='bbox 2713 2045 2913 2110; x_wconf 86' lang='lat' dir='ltr'><strong>tropice</strong></span> <span class='ocrx_word' id='word_1_476' title='bbox 2951 2046 3261 2105; x_wconf 86' lang='lat' dir='ltr'><strong>comparata</strong></span> <span class='ocrx_word' id='word_1_477' title='bbox 3291 2042 3391 2095; x_wconf 91' lang='lat' dir='ltr'><strong>est,</strong></span> 
     </span>
    </p>
   </div>
   <div class='ocr_carea' id='block_1_70' title="bbox 1850 2125 3391 2215">
    <p class='ocr_par' dir='ltr' id='par_1_70' title="bbox 1850 2125 3391 2215">
     <span class='ocr_line' id='line_1_71' title="bbox 1850 2125 3391 2215; baseline -0.017 -19"><span class='ocrx_word' id='word_1_478' title='bbox 1850 2145 2007 2215; x_wconf 76' lang='lat'><strong>801</strong></span> <span class='ocrx_word' id='word_1_479' title='bbox 2072 2151 2128 2194; x_wconf 90' lang='lat' dir='ltr'><strong>ut</strong></span> <span class='ocrx_word' id='word_1_480' title='bbox 2179 2154 2295 2208; x_wconf 67' lang='lat' dir='ltr'><strong>quae</strong></span> <span class='ocrx_word' id='word_1_481' title='bbox 2343 2138 2524 2190; x_wconf 89' lang='lat' dir='ltr'><strong>multis</strong></span> <span class='ocrx_word' id='word_1_482' title='bbox 2574 2146 2627 2187; x_wconf 87' lang='lat' dir='ltr'><strong>et</strong></span> <span class='ocrx_word' id='word_1_483' title='bbox 2663 2135 2773 2200; x_wconf 85' lang='lat' dir='ltr'><strong>ipsa</strong></span> <span class='ocrx_word' id='word_1_484' title='bbox 2842 2129 3069 2197; x_wconf 83' lang='lat' dir='ltr'><strong>negotiis</strong></span> <span class='ocrx_word' id='word_1_485' title='bbox 3133 2125 3391 2180; x_wconf 66' lang='lat' dir='ltr'><strong>inundet,</strong></span> 
     </span>
    </p>
   </div>
   <div class='ocr_carea' id='block_1_71' title="bbox 1854 2211 3392 2296">
    <p class='ocr_par' dir='ltr' id='par_1_71' title="bbox 1854 2211 3392 2296">
     <span class='ocr_line' id='line_1_72' title="bbox 1854 2211 3392 2296; baseline -0.02 -7"><span class='ocrx_word' id='word_1_486' title='bbox 1854 2233 2088 2290; x_wconf 74' lang='lat' dir='ltr'><strong>maxime</strong></span> <span class='ocrx_word' id='word_1_487' title='bbox 2137 2245 2166 2283; x_wconf 89' lang='lat' dir='ltr'><strong>a</strong></span> <span class='ocrx_word' id='word_1_488' title='bbox 2212 2227 2490 2296; x_wconf 86' lang='lat' dir='ltr'><strong>spiritibus</strong></span> <span class='ocrx_word' id='word_1_489' title='bbox 2544 2220 2857 2277; x_wconf 71' lang='lat' dir='ltr'><strong>daemoniaci</strong></span> <span class='ocrx_word' id='word_1_490' title='bbox 2909 2216 3159 2268; x_wconf 81' lang='lat' dir='ltr'><strong>insultus.</strong></span> <span class='ocrx_word' id='word_1_491' title='bbox 3209 2211 3392 2262; x_wconf 83' lang='lat' dir='ltr'><strong>Merito</strong></span> 
     </span>
    </p>
   </div>
   <div class='ocr_carea' id='block_1_72' title="bbox 1856 2303 3390 2385">
    <p class='ocr_par' dir='ltr' id='par_1_72' title="bbox 1856 2303 3390 2385">
     <span class='ocr_line' id='line_1_73' title="bbox 1856 2303 3390 2385; baseline -0.018 -8"><span class='ocrx_word' id='word_1_492' title='bbox 1856 2333 2034 2377; x_wconf 88' lang='lat' dir='ltr'><strong>autem</strong></span> <span class='ocrx_word' id='word_1_493' title='bbox 2061 2327 2114 2373; x_wconf 88' lang='lat' dir='ltr'><strong>el.</strong></span> <span class='ocrx_word' id='word_1_494' title='bbox 2144 2319 2352 2385; x_wconf 88' lang='lat' dir='ltr'><strong>navigia</strong></span> <span class='ocrx_word' id='word_1_495' title='bbox 2380 2330 2496 2384; x_wconf 74' lang='lat' dir='ltr'><strong>qua:</strong></span> <span class='ocrx_word' id='word_1_496' title='bbox 2524 2314 2576 2366; x_wconf 91' lang='lat' dir='ltr'><strong>in</strong></span> <span class='ocrx_word' id='word_1_497' title='bbox 2614 2327 2677 2364; x_wconf 89' lang='lat' dir='ltr'><strong>eo</strong></span> <span class='ocrx_word' id='word_1_498' title='bbox 2709 2318 2832 2363; x_wconf 86' lang='lat' dir='ltr'><strong>sunt</strong></span> <span class='ocrx_word' id='word_1_499' title='bbox 2871 2305 3172 2371; x_wconf 83' lang='lat' dir='ltr'><strong>accepimus</strong></span> <span class='ocrx_word' id='word_1_500' title='bbox 3225 2303 3390 2367; x_wconf 86' lang='lat' dir='ltr'><strong>impe-</strong></span> 
     </span>
    </p>
   </div>
   <div class='ocr_carea' id='block_1_73' title="bbox 1856 2387 3391 2477">
    <p class='ocr_par' dir='ltr' id='par_1_73' title="bbox 1856 2387 3391 2477">
     <span class='ocr_line' id='line_1_74' title="bbox 1856 2387 3391 2477; baseline -0.017 -11"><span class='ocrx_word' id='word_1_501' title='bbox 1856 2423 1943 2467; x_wconf 91' lang='lat' dir='ltr'><strong>tus</strong></span> <span class='ocrx_word' id='word_1_502' title='bbox 1990 2405 2481 2477; x_wconf 87' lang='lat' dir='ltr'><strong>supervenientium</strong></span> <span class='ocrx_word' id='word_1_503' title='bbox 2539 2399 2909 2467; x_wconf 85' lang='lat' dir='ltr'><strong>negotiorum,</strong></span> <span class='ocrx_word' id='word_1_504' title='bbox 2978 2394 3171 2460; x_wconf 85' lang='lat' dir='ltr'><strong>quibus</strong></span> <span class='ocrx_word' id='word_1_505' title='bbox 3231 2387 3391 2440; x_wconf 83' lang='lat' dir='ltr'><strong>veluti</strong></span> 
     </span>
    </p>
   </div>
   <div class='ocr_carea' id='block_1_74' title="bbox 1856 2483 3392 2568">
    <p class='ocr_par' dir='ltr' id='par_1_74' title="bbox 1856 2483 3392 2568">
     <span class='ocr_line' id='line_1_75' title="bbox 1856 2483 3392 2568; baseline -0.018 -12"><span class='ocrx_word' id='word_1_506' title='bbox 1856 2500 2081 2568; x_wconf 79' lang='lat' dir='ltr'><strong>navigiis</strong></span> <span class='ocrx_word' id='word_1_507' title='bbox 2106 2496 2349 2550; x_wconf 85' lang='lat' dir='ltr'><strong>homines</strong></span> <span class='ocrx_word' id='word_1_508' title='bbox 2376 2501 2607 2555; x_wconf 86' lang='lat' dir='ltr'><strong>utentes,</strong></span> <span class='ocrx_word' id='word_1_509' title='bbox 2640 2504 2732 2557; x_wconf 89' lang='lat' dir='ltr'><strong>per</strong></span> <span class='ocrx_word' id='word_1_510' title='bbox 2756 2489 2874 2538; x_wconf 72' lang='lat' dir='ltr'><strong>vitae</strong></span> <span class='ocrx_word' id='word_1_511' title='bbox 2915 2500 3023 2536; x_wconf 67' lang='lat' dir='ltr'><strong>sua:</strong></span> <span class='ocrx_word' id='word_1_512' title='bbox 3055 2483 3271 2549; x_wconf 85' lang='lat' dir='ltr'><strong>pelagus</strong></span> <span class='ocrx_word' id='word_1_513' title='bbox 3305 2495 3392 2530; x_wconf 81' lang='lat' dir='ltr'><strong>na-</strong></span> 
     </span>
    </p>
   </div>
   <div class='ocr_carea' id='block_1_75' title="bbox 1857 2569 3394 2660">
    <p class='ocr_par' dir='ltr' id='par_1_75' title="bbox 1857 2569 3394 2660">
     <span class='ocr_line' id='line_1_76' title="bbox 1857 2569 3394 2660; baseline -0.015 -15"><span class='ocrx_word' id='word_1_514' title='bbox 1857 2595 2058 2660; x_wconf 83' lang='lat' dir='ltr'><strong>vigant.</strong></span> <span class='ocrx_word' id='word_1_515' title='bbox 2114 2588 2514 2642; x_wconf 87' lang='lat' dir='ltr'><strong>Gubernatores</strong></span> <span class='ocrx_word' id='word_1_516' title='bbox 2569 2594 2694 2634; x_wconf 83' lang='lat' dir='ltr'><strong>vero</strong></span> <span class='ocrx_word' id='word_1_517' title='bbox 2754 2575 3078 2643; x_wconf 86' lang='lat' dir='ltr'><strong>intelligendi</strong></span> <span class='ocrx_word' id='word_1_518' title='bbox 3128 2582 3252 2624; x_wconf 88' lang='lat' dir='ltr'><strong>sunt</strong></span> <span class='ocrx_word' id='word_1_519' title='bbox 3305 2569 3394 2637; x_wconf 90' lang='lat' dir='ltr'><strong>qui</strong></span> 
     </span>
    </p>
   </div>
   <div class='ocr_carea' id='block_1_76' title="bbox 1857 2665 3395 2752">
    <p class='ocr_par' dir='ltr' id='par_1_76' title="bbox 1857 2665 3395 2752">
     <span class='ocr_line' id='line_1_77' title="bbox 1857 2665 3395 2752; baseline -0.018 -14"><span class='ocrx_word' id='word_1_520' title='bbox 1857 2684 2058 2752; x_wconf 86' lang='lat' dir='ltr'><strong>absque</strong></span> <span class='ocrx_word' id='word_1_521' title='bbox 2093 2679 2333 2749; x_wconf 85' lang='lat' dir='ltr'><strong>periculo</strong></span> <span class='ocrx_word' id='word_1_522' title='bbox 2370 2675 2478 2728; x_wconf 81' lang='lat' dir='ltr'><strong>vita</strong></span> <span class='ocrx_word' id='word_1_523' title='bbox 2527 2679 2770 2725; x_wconf 88' lang='lat' dir='ltr'><strong>utuntur.</strong></span> <span class='ocrx_word' id='word_1_524' title='bbox 2808 2665 2992 2719; x_wconf 69' lang='lat' dir='ltr'><strong>Nautte</strong></span> <span class='ocrx_word' id='word_1_525' title='bbox 3016 2673 3193 2716; x_wconf 88' lang='lat' dir='ltr'><strong>autem</strong></span> <span class='ocrx_word' id='word_1_526' title='bbox 3226 2669 3277 2713; x_wconf 89' lang='lat' dir='ltr'><strong>et</strong></span> <span class='ocrx_word' id='word_1_527' title='bbox 3310 2675 3395 2711; x_wconf 82' lang='lat' dir='ltr'><strong>ve-</strong></span> 
     </span>
    </p>
   </div>
   <div class='ocr_carea' id='block_1_77' title="bbox 1857 2749 3396 2828">
    <p class='ocr_par' dir='ltr' id='par_1_77' title="bbox 1857 2749 3396 2828">
     <span class='ocr_line' id='line_1_78' title="bbox 1857 2749 3396 2828; baseline -0.019 -3"><span class='ocrx_word' id='word_1_528' title='bbox 1857 2783 2032 2824; x_wconf 83' lang='lat' dir='ltr'><strong>ctores</strong></span> <span class='ocrx_word' id='word_1_529' title='bbox 2060 2785 2123 2822; x_wconf 91' lang='lat' dir='ltr'><strong>ac</strong></span> <span class='ocrx_word' id='word_1_530' title='bbox 2172 2767 2366 2819; x_wconf 89' lang='lat' dir='ltr'><strong>marini</strong></span> <span class='ocrx_word' id='word_1_531' title='bbox 2415 2761 2667 2828; x_wconf 75' lang='lat' dir='ltr'><strong>operarii,</strong></span> <span class='ocrx_word' id='word_1_532' title='bbox 2702 2771 2840 2823; x_wconf 89' lang='lat' dir='ltr'><strong>quos</strong></span> <span class='ocrx_word' id='word_1_533' title='bbox 2887 2757 3046 2806; x_wconf 87' lang='lat' dir='ltr'><strong>etiam</strong></span> <span class='ocrx_word' id='word_1_534' title='bbox 3088 2749 3396 2808; x_wconf 83' lang='grc' dir='ltr'>θαλαττίους</span> 
     </span>
    </p>
   </div>
   <div class='ocr_carea' id='block_1_78' title="bbox 1857 2835 3396 2928">
    <p class='ocr_par' dir='ltr' id='par_1_78' title="bbox 1857 2835 3396 2928">
     <span class='ocr_line' id='line_1_79' title="bbox 1857 2835 3396 2928; baseline -0.02 -13"><span class='ocrx_word' id='word_1_535' title='bbox 1857 2860 2073 2928; x_wconf 78' lang='lat' dir='ltr'><strong>Sapiens</strong></span> <span class='ocrx_word' id='word_1_536' title='bbox 2104 2858 2319 2924; x_wconf 90' lang='lat' dir='ltr'><strong>quidam</strong></span> <span class='ocrx_word' id='word_1_537' title='bbox 2351 2851 2600 2918; x_wconf 85' lang='lat' dir='ltr'><strong>appellat,</strong></span> <span class='ocrx_word' id='word_1_538' title='bbox 2644 2845 2884 2898; x_wconf 87' lang='lat' dir='ltr'><strong>homines</strong></span> <span class='ocrx_word' id='word_1_539' title='bbox 2926 2849 3051 2893; x_wconf 84' lang='lat' dir='ltr'><strong>sunt</strong></span> <span class='ocrx_word' id='word_1_540' title='bbox 3083 2840 3133 2889; x_wconf 91' lang='lat' dir='ltr'><strong>iu</strong></span> <span class='ocrx_word' id='word_1_541' title='bbox 3172 2839 3270 2888; x_wconf 92' lang='lat' dir='ltr'><strong>hoc</strong></span> <span class='ocrx_word' id='word_1_542' title='bbox 3304 2835 3396 2886; x_wconf 82' lang='lat' dir='ltr'><strong>ilu-</strong></span> 
     </span>
    </p>
   </div>
   <div class='ocr_carea' id='block_1_79' title="bbox 1856 2927 3395 3005">
    <p class='ocr_par' dir='ltr' id='par_1_79' title="bbox 1856 2927 3395 3005">
     <span class='ocr_line' id='line_1_80' title="bbox 1856 2927 3395 3005; baseline -0.02 0"><span class='ocrx_word' id='word_1_543' title='bbox 1856 2950 2059 3005; x_wconf 82' lang='lat' dir='ltr'><strong>etuanti</strong></span> <span class='ocrx_word' id='word_1_544' title='bbox 2111 2944 2312 2998; x_wconf 90' lang='lat' dir='ltr'><strong>mundo</strong></span> <span class='ocrx_word' id='word_1_545' title='bbox 2361 2937 2575 3000; x_wconf 87' lang='lat' dir='ltr'><strong>defessi,</strong></span> <span class='ocrx_word' id='word_1_546' title='bbox 2614 2935 2703 3003; x_wconf 89' lang='lat' dir='ltr'><strong>qui</strong></span> <span class='ocrx_word' id='word_1_547' title='bbox 2743 2946 2928 2985; x_wconf 85' lang='lat' dir='ltr'><strong>omnes</strong></span> <span class='ocrx_word' id='word_1_548' title='bbox 2965 2927 3296 2981; x_wconf 83' lang='lat' dir='ltr'><strong>iufallihilem</strong></span> <span class='ocrx_word' id='word_1_549' title='bbox 3346 2933 3395 2974; x_wconf 66' lang='lat' dir='ltr'><strong>et</strong></span> 
     </span>
    </p>
   </div>
   <div class='ocr_carea' id='block_1_80' title="bbox 1855 3012 3394 3094">
    <p class='ocr_par' dir='ltr' id='par_1_80' title="bbox 1855 3012 3394 3094">
     <span class='ocr_line' id='line_1_81' title="bbox 1855 3012 3394 3094; baseline -0.018 -5"><span class='ocrx_word' id='word_1_550' title='bbox 1855 3037 2091 3090; x_wconf 85' lang='lat' dir='ltr'><strong>omniuo‘</strong></span> <span class='ocrx_word' id='word_1_551' title='bbox 2129 3032 2367 3084; x_wconf 85' lang='lat' dir='ltr'><strong>futurum</strong></span> <span class='ocrx_word' id='word_1_552' title='bbox 2418 3027 2579 3094; x_wconf 87' lang='lat' dir='ltr'><strong>hujus</strong></span> <span class='ocrx_word' id='word_1_553' title='bbox 2638 3024 2751 3074; x_wconf 58' lang='lat' dir='ltr'><strong>vita</strong></span> <span class='ocrx_word' id='word_1_554' title='bbox 2810 3017 3094 3072; x_wconf 82' lang='lat' dir='ltr'><strong>terminum</strong></span> <span class='ocrx_word' id='word_1_555' title='bbox 3152 3012 3394 3064; x_wconf 84' lang='lat' dir='ltr'><strong>consido-</strong></span> 
     </span>
    </p>
   </div>
   <div class='ocr_carea' id='block_1_81' title="bbox 1855 3104 3396 3184">
    <p class='ocr_par' dir='ltr' id='par_1_81' title="bbox 1855 3104 3396 3184">
     <span class='ocr_line' id='line_1_82' title="bbox 1855 3104 3396 3184; baseline -0.016 -9"><span class='ocrx_word' id='word_1_556' title='bbox 1855 3132 2054 3182; x_wconf 89' lang='lat' dir='ltr'><strong>rantes,</strong></span> <span class='ocrx_word' id='word_1_557' title='bbox 2084 3119 2242 3172; x_wconf 91' lang='lat' dir='ltr'><strong>etiam</strong></span> <span class='ocrx_word' id='word_1_558' title='bbox 2275 3117 2423 3184; x_wconf 90' lang='lat' dir='ltr'><strong>prius</strong></span> <span class='ocrx_word' id='word_1_559' title='bbox 2451 3126 2609 3180; x_wconf 87' lang='lat' dir='ltr'><strong>quam</strong></span> <span class='ocrx_word' id='word_1_560' title='bbox 2647 3108 2948 3161; x_wconf 89' lang='lat' dir='ltr'><strong>immineret</strong></span> <span class='ocrx_word' id='word_1_561' title='bbox 2975 3142 2990 3166; x_wconf 87' lang='lat'><strong>,</strong></span> <span class='ocrx_word' id='word_1_562' title='bbox 3025 3104 3396 3155; x_wconf 75' lang='lat' dir='ltr'><strong>observarunt.</strong></span> 
     </span>
    </p>
   </div>
   <div class='ocr_carea' id='block_1_82' title="bbox 1854 3189 3396 3268">
    <p class='ocr_par' dir='ltr' id='par_1_82' title="bbox 1854 3189 3396 3268">
     <span class='ocr_line' id='line_1_83' title="bbox 1854 3189 3396 3268; baseline -0.018 -2"><span class='ocrx_word' id='word_1_563' title='bbox 1854 3211 1986 3265; x_wconf 85' lang='lat' dir='ltr'><strong>Nam</strong></span> <span class='ocrx_word' id='word_1_564' title='bbox 2035 3212 2139 3264; x_wconf 90' lang='lat' dir='ltr'><strong>hoc</strong></span> <span class='ocrx_word' id='word_1_565' title='bbox 2178 3208 2279 3262; x_wconf 87' lang='lat' dir='ltr'><strong>sibi</strong></span> <span class='ocrx_word' id='word_1_566' title='bbox 2320 3206 2456 3268; x_wconf 85' lang='lat' dir='ltr'><strong>vult,</strong></span> <span class='ocrx_word' id='word_1_567' title='bbox 2489 3213 2632 3257; x_wconf 87' lang='lat' dir='ltr'><strong>stare</strong></span> <span class='ocrx_word' id='word_1_568' title='bbox 2667 3197 2869 3268; x_wconf 91' lang='lat' dir='ltr'><strong>procul.</strong></span> <span class='ocrx_word' id='word_1_569' title='bbox 2913 3195 3065 3258; x_wconf 79' lang='lat' dir='ltr'><strong>Quod</strong></span> <span class='ocrx_word' id='word_1_570' title='bbox 3101 3203 3272 3244; x_wconf 89' lang='lat' dir='ltr'><strong>autem</strong></span> <span class='ocrx_word' id='word_1_571' title='bbox 3308 3189 3396 3242; x_wconf 89' lang='lat' dir='ltr'><strong>ab-</strong></span> 
     </span>
    </p>
   </div>
   <div class='ocr_carea' id='block_1_83' title="bbox 1855 3284 3398 3357">
    <p class='ocr_par' dir='ltr' id='par_1_83' title="bbox 1855 3284 3398 3357">
     <span class='ocr_line' id='line_1_84' title="bbox 1855 3284 3398 3357; baseline -0.018 -1"><span class='ocrx_word' id='word_1_572' title='bbox 1855 3302 2019 3357; x_wconf 90' lang='lat' dir='ltr'><strong>surda</strong></span> <span class='ocrx_word' id='word_1_573' title='bbox 2050 3301 2170 3352; x_wconf 70' lang='lat' dir='ltr'><strong>vita:</strong></span> <span class='ocrx_word' id='word_1_574' title='bbox 2202 3297 2377 3353; x_wconf 88' lang='lat' dir='ltr'><strong>studia</strong></span> <span class='ocrx_word' id='word_1_575' title='bbox 2408 3307 2595 3348; x_wconf 89' lang='lat' dir='ltr'><strong>eorum</strong></span> <span class='ocrx_word' id='word_1_576' title='bbox 2625 3290 2714 3357; x_wconf 87' lang='lat' dir='ltr'><strong>qui</strong></span> <span class='ocrx_word' id='word_1_577' title='bbox 2745 3290 2796 3340; x_wconf 93' lang='lat' dir='ltr'><strong>iu</strong></span> <span class='ocrx_word' id='word_1_578' title='bbox 2825 3288 2924 3339; x_wconf 92' lang='lat' dir='ltr'><strong>hoc</strong></span> <span class='ocrx_word' id='word_1_579' title='bbox 2951 3284 3081 3335; x_wconf 77' lang='lat' dir='ltr'><strong>mari</strong></span> <span class='ocrx_word' id='word_1_580' title='bbox 3114 3288 3398 3348; x_wconf 88' lang='lat' dir='ltr'><strong>operantur</strong></span> 
     </span>
    </p>
   </div>
   <div class='ocr_carea' id='block_1_84' title="bbox 1857 3369 3398 3450">
    <p class='ocr_par' dir='ltr' id='par_1_84' title="bbox 1857 3369 3398 3450">
     <span class='ocr_line' id='line_1_85' title="bbox 1857 3369 3398 3450; baseline -0.019 -4"><span class='ocrx_word' id='word_1_581' title='bbox 1857 3390 2236 3446; x_wconf 82' lang='lat' dir='ltr'><strong>inevitabiliter</strong></span> <span class='ocrx_word' id='word_1_582' title='bbox 2281 3387 2643 3450; x_wconf 88' lang='lat' dir='ltr'><strong>subsequatur</strong></span> <span class='ocrx_word' id='word_1_583' title='bbox 2673 3375 3017 3445; x_wconf 84' lang='lat' dir='ltr'><strong>supplicium,</strong></span> <span class='ocrx_word' id='word_1_584' title='bbox 3050 3369 3398 3439; x_wconf 84' lang='lat' dir='ltr'><strong>quemadmo-</strong></span> 
     </span>
    </p>
   </div>
   <div class='ocr_carea' id='block_1_85' title="bbox 1857 3459 3400 3541">
    <p class='ocr_par' dir='ltr' id='par_1_85' title="bbox 1857 3459 3400 3541">
     <span class='ocr_line' id='line_1_86' title="bbox 1857 3459 3400 3541; baseline -0.019 -7"><span class='ocrx_word' id='word_1_585' title='bbox 1857 3483 1984 3534; x_wconf 90' lang='lat' dir='ltr'><strong>dum</strong></span> <span class='ocrx_word' id='word_1_586' title='bbox 2013 3480 2218 3533; x_wconf 89' lang='lat' dir='ltr'><strong>fumum</strong></span> <span class='ocrx_word' id='word_1_587' title='bbox 2279 3475 2521 3541; x_wconf 89' lang='lat' dir='ltr'><strong>sequitur</strong></span> <span class='ocrx_word' id='word_1_588' title='bbox 2569 3469 2738 3537; x_wconf 81' lang='lat' dir='ltr'><strong>ignis,</strong></span> <span class='ocrx_word' id='word_1_589' title='bbox 2777 3474 2993 3533; x_wconf 91' lang='lat' dir='ltr'><strong>propter</strong></span> <span class='ocrx_word' id='word_1_590' title='bbox 3041 3460 3183 3528; x_wconf 85' lang='lat' dir='ltr'><strong>quod</strong></span> <span class='ocrx_word' id='word_1_591' title='bbox 3241 3459 3400 3511; x_wconf 88' lang='lat' dir='ltr'><strong>etiam</strong></span> 
     </span>
    </p>
   </div>
   <div class='ocr_carea' id='block_1_86' title="bbox 1857 3545 3398 3632">
    <p class='ocr_par' dir='ltr' id='par_1_86' title="bbox 1857 3545 3398 3632">
     <span class='ocr_line' id='line_1_87' title="bbox 1857 3545 3398 3632; baseline -0.018 -10"><span class='ocrx_word' id='word_1_592' title='bbox 1857 3567 2008 3622; x_wconf 83' lang='lat' dir='ltr'><strong>fumo</strong></span> <span class='ocrx_word' id='word_1_593' title='bbox 2055 3564 2387 3632; x_wconf 85' lang='lat' dir='ltr'><strong>comparavit</strong></span> <span class='ocrx_word' id='word_1_594' title='bbox 2443 3555 2938 3625; x_wconf 53' lang='lat' dir='ltr'><strong>expectationem,</strong></span> <span class='ocrx_word' id='word_1_595' title='bbox 2989 3549 3100 3616; x_wconf 88' lang='lat' dir='ltr'><strong>ipse</strong></span> <span class='ocrx_word' id='word_1_596' title='bbox 3163 3545 3398 3598; x_wconf 83' lang='lat' dir='ltr'><strong>Salvator</strong></span> 
     </span>
    </p>
   </div>
   <div class='ocr_carea' id='block_1_87' title="bbox 1858 3635 3400 3717">
    <p class='ocr_par' dir='ltr' id='par_1_87' title="bbox 1858 3635 3400 3717">
     <span class='ocr_line' id='line_1_88' title="bbox 1858 3635 3400 3717; baseline -0.016 -6"><span class='ocrx_word' id='word_1_597' title='bbox 1858 3658 2187 3717; x_wconf 81' lang='lat' dir='ltr'><strong>manifestat,</strong></span> <span class='ocrx_word' id='word_1_598' title='bbox 2218 3655 2399 3706; x_wconf 90' lang='lat' dir='ltr'><strong>dicens</strong></span> <span class='ocrx_word' id='word_1_599' title='bbox 2432 3669 2443 3703; x_wconf 90' lang='lat'>:</span> <span class='ocrx_word' id='word_1_600' title='bbox 2489 3669 2506 3698; x_wconf 77' lang='grc' dir='ltr'><strong>ι</strong></span> <span class='ocrx_word' id='word_1_601' title='bbox 2562 3647 2716 3700; x_wconf 87' lang='lat' dir='ltr'><strong>Sicut</strong></span> <span class='ocrx_word' id='word_1_602' title='bbox 2751 3643 2927 3710; x_wconf 79' lang='lat' dir='ltr'><strong>fulgur</strong></span> <span class='ocrx_word' id='word_1_603' title='bbox 2956 3641 3068 3693; x_wconf 77' lang='lat' dir='ltr'><strong>exit</strong></span> <span class='ocrx_word' id='word_1_604' title='bbox 3098 3654 3125 3690; x_wconf 91' lang='lat' dir='ltr'><strong>a</strong></span> <span class='ocrx_word' id='word_1_605' title='bbox 3164 3635 3400 3704; x_wconf 80' lang='lat' dir='ltr'><strong>partibus</strong></span> 
     </span>
    </p>
   </div>
   <div class='ocr_carea' id='block_1_88' title="bbox 1857 3724 3401 3808">
    <p class='ocr_par' dir='ltr' id='par_1_88' title="bbox 1857 3724 3401 3808">
     <span class='ocr_line' id='line_1_89' title="bbox 1857 3724 3401 3808; baseline -0.018 -7"><span class='ocrx_word' id='word_1_606' title='bbox 1857 3746 2092 3800; x_wconf 84' lang='lat' dir='ltr'><strong>Orientis</strong></span> <span class='ocrx_word' id='word_1_607' title='bbox 2132 3752 2184 3795; x_wconf 87' lang='lat' dir='ltr'><strong>et</strong></span> <span class='ocrx_word' id='word_1_608' title='bbox 2212 3751 2433 3808; x_wconf 88' lang='lat' dir='ltr'><strong>apparet</strong></span> <span class='ocrx_word' id='word_1_609' title='bbox 2474 3752 2640 3804; x_wconf 87' lang='lat' dir='ltr'><strong>usque</strong></span> <span class='ocrx_word' id='word_1_610' title='bbox 2671 3734 2735 3786; x_wconf 91' lang='lat' dir='ltr'><strong>ad</strong></span> <span class='ocrx_word' id='word_1_611' title='bbox 2764 3741 2941 3800; x_wconf 87' lang='lat' dir='ltr'><strong>partes</strong></span> <span class='ocrx_word' id='word_1_612' title='bbox 2968 3726 3296 3785; x_wconf 86' lang='lat' dir='ltr'><strong>Occidentis,</strong></span> <span class='ocrx_word' id='word_1_613' title='bbox 3332 3724 3401 3774; x_wconf 89' lang='lat' dir='ltr'><strong>ita</strong></span> 
     </span>
    </p>
   </div>
   <div class='ocr_carea' id='block_1_89' title="bbox 1856 3813 3400 3886">
    <p class='ocr_par' dir='ltr' id='par_1_89' title="bbox 1856 3813 3400 3886">
     <span class='ocr_line' id='line_1_90' title="bbox 1856 3813 3400 3886; baseline -0.016 0"><span class='ocrx_word' id='word_1_614' title='bbox 1856 3837 1958 3886; x_wconf 90' lang='lat' dir='ltr'><strong>erit</strong></span> <span class='ocrx_word' id='word_1_615' title='bbox 1993 3835 2254 3885; x_wconf 85' lang='lat' dir='ltr'><strong>adventus</strong></span> <span class='ocrx_word' id='word_1_616' title='bbox 2294 3829 2412 3880; x_wconf 85' lang='lat' dir='ltr'><strong>Filii</strong></span> <span class='ocrx_word' id='word_1_617' title='bbox 2450 3825 2680 3876; x_wconf 90' lang='lat' dir='ltr'><strong>hominis</strong></span> <span class='ocrx_word' id='word_1_618' title='bbox 2712 3824 2778 3871; x_wconf 71' lang='grc' dir='ltr'><strong>οι.</strong></span> <span class='ocrx_word' id='word_1_619' title='bbox 2819 3838 2835 3866; x_wconf 78' lang='grc' dir='ltr'><strong>ι</strong></span> <span class='ocrx_word' id='word_1_620' title='bbox 2874 3819 2986 3885; x_wconf 83' lang='lat' dir='ltr'><strong>lgni</strong></span> <span class='ocrx_word' id='word_1_621' title='bbox 3026 3830 3153 3867; x_wconf 88' lang='lat' dir='ltr'><strong>vero</strong></span> <span class='ocrx_word' id='word_1_622' title='bbox 3183 3813 3400 3866; x_wconf 85' lang='lat' dir='ltr'><strong>assimi-</strong></span> 
     </span>
    </p>
   </div>
   <div class='ocr_carea' id='block_1_90' title="bbox 1856 3904 3399 3980">
    <p class='ocr_par' dir='ltr' id='par_1_90' title="bbox 1856 3904 3399 3980">
     <span class='ocr_line' id='line_1_91' title="bbox 1856 3904 3399 3980; baseline -0.017 -3"><span class='ocrx_word' id='word_1_623' title='bbox 1856 3925 1962 3977; x_wconf 89' lang='lat' dir='ltr'><strong>lata</strong></span> <span class='ocrx_word' id='word_1_624' title='bbox 2013 3930 2095 3974; x_wconf 89' lang='lat' dir='ltr'><strong>est</strong></span> <span class='ocrx_word' id='word_1_625' title='bbox 2128 3930 2311 3973; x_wconf 78' lang='lat' dir='ltr'><strong>exacta</strong></span> <span class='ocrx_word' id='word_1_626' title='bbox 2355 3912 2627 3980; x_wconf 85' lang='lat' dir='ltr'><strong>indagatio</strong></span> <span class='ocrx_word' id='word_1_627' title='bbox 2663 3910 2949 3961; x_wconf 82' lang='lat' dir='ltr'><strong>factorum.</strong></span> <span class='ocrx_word' id='word_1_628' title='bbox 2997 3904 3185 3956; x_wconf 79' lang='lat' dir='ltr'><strong>Merito</strong></span> <span class='ocrx_word' id='word_1_629' title='bbox 3221 3911 3399 3952; x_wconf 88' lang='lat' dir='ltr'><strong>autem</strong></span> 
     </span>
    </p>
   </div>
   <div class='ocr_carea' id='block_1_91' title="bbox 1859 3991 3400 4067">
    <p class='ocr_par' dir='ltr' id='par_1_91' title="bbox 1859 3991 3400 4067">
     <span class='ocr_line' id='line_1_92' title="bbox 1859 3991 3400 4067; baseline -0.018 0"><span class='ocrx_word' id='word_1_630' title='bbox 1859 4016 1910 4067; x_wconf 88' lang='lat' dir='ltr'><strong>hi</strong></span> <span class='ocrx_word' id='word_1_631' title='bbox 1942 4010 2209 4065; x_wconf 88' lang='lat' dir='ltr'><strong>horrendo</strong></span> <span class='ocrx_word' id='word_1_632' title='bbox 2241 4006 2399 4059; x_wconf 91' lang='lat' dir='ltr'><strong>modo</strong></span> <span class='ocrx_word' id='word_1_633' title='bbox 2425 4001 2750 4059; x_wconf 85' lang='lat' dir='ltr'><strong>clamabunt,</strong></span> <span class='ocrx_word' id='word_1_634' title='bbox 2783 4005 2834 4048; x_wconf 90' lang='lat' dir='ltr'><strong>et</strong></span> <span class='ocrx_word' id='word_1_635' title='bbox 2863 4010 2923 4048; x_wconf 89' lang='lat' dir='ltr'><strong>ea</strong></span> <span class='ocrx_word' id='word_1_636' title='bbox 2959 3991 3252 4059; x_wconf 83' lang='lat' dir='ltr'><strong>suscipient</strong></span> <span class='ocrx_word' id='word_1_637' title='bbox 3284 4003 3400 4056; x_wconf 73' lang='lat' dir='ltr'><strong>qua:</strong></span> 
     </span>
    </p>
   </div>
   <div class='ocr_carea' id='block_1_92' title="bbox 1859 4085 3401 4160">
    <p class='ocr_par' dir='ltr' id='par_1_92' title="bbox 1859 4085 3401 4160">
     <span class='ocr_line' id='line_1_93' title="bbox 1859 4085 3401 4160; baseline -0.019 -2"><span class='ocrx_word' id='word_1_638' title='bbox 1859 4106 2212 4158; x_wconf 85' lang='lat' dir='ltr'><strong>lamentantes</strong></span> <span class='ocrx_word' id='word_1_639' title='bbox 2262 4088 2686 4160; x_wconf 75' lang='lat' dir='ltr'><strong>consequuntur,</strong></span> <span class='ocrx_word' id='word_1_640' title='bbox 2745 4087 2917 4153; x_wconf 85' lang='lat' dir='ltr'><strong>capita</strong></span> <span class='ocrx_word' id='word_1_641' title='bbox 2976 4085 3151 4136; x_wconf 87' lang='lat' dir='ltr'><strong>cinere</strong></span> <span class='ocrx_word' id='word_1_642' title='bbox 3212 4093 3401 4146; x_wconf 86' lang='lat' dir='ltr'><strong>asper-</strong></span> 
     </span>
    </p>
   </div>
   <div class='ocr_carea' id='block_1_93' title="bbox 1862 4171 3402 4264">
    <p class='ocr_par' dir='ltr' id='par_1_93' title="bbox 1862 4171 3402 4264">
     <span class='ocr_line' id='line_1_94' title="bbox 1862 4171 3402 4264; baseline -0.019 -17"><span class='ocrx_word' id='word_1_643' title='bbox 1862 4205 2065 4264; x_wconf 74' lang='lat' dir='ltr'><strong>geules,</strong></span> <span class='ocrx_word' id='word_1_644' title='bbox 2115 4206 2177 4244; x_wconf 86' lang='lat' dir='ltr'><strong>ac</strong></span> <span class='ocrx_word' id='word_1_645' title='bbox 2206 4195 2519 4257; x_wconf 83' lang='lat' dir='ltr'><strong>peragentes</strong></span> <span class='ocrx_word' id='word_1_646' title='bbox 2549 4182 2590 4236; x_wconf 83' lang='lat' dir='ltr'><strong>si</strong></span> <span class='ocrx_word' id='word_1_647' title='bbox 2628 4178 2755 4249; x_wconf 89' lang='lat' dir='ltr'><strong>quid</strong></span> <span class='ocrx_word' id='word_1_648' title='bbox 2791 4176 2934 4229; x_wconf 90' lang='lat' dir='ltr'><strong>aliud</strong></span> <span class='ocrx_word' id='word_1_649' title='bbox 2962 4184 3062 4237; x_wconf 87' lang='lat' dir='ltr'><strong>est,</strong></span> <span class='ocrx_word' id='word_1_650' title='bbox 3099 4171 3242 4242; x_wconf 90' lang='lat' dir='ltr'><strong>quod</strong></span> <span class='ocrx_word' id='word_1_651' title='bbox 3281 4184 3402 4222; x_wconf 79' lang='lat' dir='ltr'><strong>con.</strong></span> 
     </span>
    </p>
   </div>
   <div class='ocr_carea' id='block_1_94' title="bbox 1793 4270 2520 4350">
    <p class='ocr_par' dir='ltr' id='par_1_94' title="bbox 1793 4270 2520 4350">
     <span class='ocr_line' id='line_1_95' title="bbox 1793 4270 2520 4350; baseline -0.018 -12"><span class='ocrx_word' id='word_1_652' title='bbox 1793 4270 1835 4324; x_wconf 80' lang='grc' dir='ltr'><strong>Ῐ)</strong></span> <span class='ocrx_word' id='word_1_653' title='bbox 1866 4283 2106 4350; x_wconf 85' lang='lat' dir='ltr'><strong>sequitur</strong></span> <span class='ocrx_word' id='word_1_654' title='bbox 2142 4281 2520 4331; x_wconf 82' lang='lat' dir='ltr'><strong>lamentantes.</strong></span> 
     </span>
    </p>
   </div>
   <div class='ocr_carea' id='block_1_95' title="bbox 1931 4350 3403 4441">
    <p class='ocr_par' dir='ltr' id='par_1_95' title="bbox 1931 4350 3403 4441">
     <span class='ocr_line' id='line_1_96' title="bbox 1931 4350 3403 4441; baseline -0.018 -14"><span class='ocrx_word' id='word_1_655' title='bbox 1931 4378 2058 4441; x_wconf 83' lang='lat' dir='ltr'><strong>Qua:</strong></span> <span class='ocrx_word' id='word_1_656' title='bbox 2089 4372 2274 4425; x_wconf 78' lang='lat' dir='ltr'><strong>similis</strong></span> <span class='ocrx_word' id='word_1_657' title='bbox 2302 4369 2499 4421; x_wconf 81' lang='lat' dir='ltr'><strong>civitati</strong></span> <span class='ocrx_word' id='word_1_658' title='bbox 2524 4366 2642 4418; x_wconf 78' lang='lat' dir='ltr'><strong>huic</strong></span> <span class='ocrx_word' id='word_1_659' title='bbox 2682 4362 2927 4430; x_wconf 73' lang='lat' dir='ltr'><strong>magnae?</strong></span> <span class='ocrx_word' id='word_1_660' title='bbox 2956 4357 3070 4410; x_wconf 85' lang='lat' dir='ltr'><strong>Non</strong></span> <span class='ocrx_word' id='word_1_661' title='bbox 3100 4361 3274 4423; x_wconf 87' lang='lat' dir='ltr'><strong>polest</strong></span> <span class='ocrx_word' id='word_1_662' title='bbox 3305 4350 3403 4403; x_wconf 68' lang='lat' dir='ltr'><strong>alia</strong></span> 
     </span>
    </p>
   </div>
   <div class='ocr_carea' id='block_1_96' title="bbox 1859 4445 3403 4524">
    <p class='ocr_par' dir='ltr' id='par_1_96' title="bbox 1859 4445 3403 4524">
     <span class='ocr_line' id='line_1_97' title="bbox 1859 4445 3403 4524; baseline -0.019 -6"><span class='ocrx_word' id='word_1_663' title='bbox 1859 4467 2047 4518; x_wconf 85' lang='lat' dir='ltr'><strong>civitas</strong></span> <span class='ocrx_word' id='word_1_664' title='bbox 2076 4460 2335 4521; x_wconf 87' lang='lat' dir='ltr'><strong>inveniri,</strong></span> <span class='ocrx_word' id='word_1_665' title='bbox 2368 4459 2493 4524; x_wconf 88' lang='lat' dir='ltr'><strong>quia</strong></span> <span class='ocrx_word' id='word_1_666' title='bbox 2541 4469 2715 4521; x_wconf 88' lang='lat' dir='ltr'><strong>neque</strong></span> <span class='ocrx_word' id='word_1_667' title='bbox 2763 4451 2904 4504; x_wconf 86' lang='lat' dir='ltr'><strong>alius</strong></span> <span class='ocrx_word' id='word_1_668' title='bbox 2937 4445 3195 4500; x_wconf 88' lang='lat' dir='ltr'><strong>Conditor</strong></span> <span class='ocrx_word' id='word_1_669' title='bbox 3232 4451 3403 4501; x_wconf 83' lang='lat' dir='ltr'><strong>neque</strong></span> 
     </span>
    </p>
   </div>
   <div class='ocr_carea' id='block_1_97' title="bbox 1858 4526 3401 4611">
    <p class='ocr_par' dir='ltr' id='par_1_97' title="bbox 1858 4526 3401 4611">
     <span class='ocr_line' id='line_1_98' title="bbox 1858 4526 3401 4611; baseline -0.021 -6"><span class='ocrx_word' id='word_1_670' title='bbox 1858 4555 1995 4606; x_wconf 83' lang='lat' dir='ltr'><strong>alius</strong></span> <span class='ocrx_word' id='word_1_671' title='bbox 2023 4549 2254 4602; x_wconf 89' lang='lat' dir='ltr'><strong>mundus</strong></span> <span class='ocrx_word' id='word_1_672' title='bbox 2281 4565 2292 4597; x_wconf 90' lang='lat'>:</span> <span class='ocrx_word' id='word_1_673' title='bbox 2322 4560 2480 4611; x_wconf 85' lang='lat' dir='ltr'><strong>porro</strong></span> <span class='ocrx_word' id='word_1_674' title='bbox 2507 4545 2664 4594; x_wconf 86' lang='lat' dir='ltr'><strong>aliam</strong></span> <span class='ocrx_word' id='word_1_675' title='bbox 2689 4541 3006 4604; x_wconf 80' lang='lat' dir='ltr'><strong>Babylonem</strong></span> <span class='ocrx_word' id='word_1_676' title='bbox 3028 4541 3078 4581; x_wconf 91' lang='lat' dir='ltr'><strong>et</strong></span> <span class='ocrx_word' id='word_1_677' title='bbox 3108 4531 3158 4579; x_wconf 89' lang='lat' dir='ltr'><strong>in</strong></span> <span class='ocrx_word' id='word_1_678' title='bbox 3181 4526 3401 4589; x_wconf 55' lang='lat' dir='ltr'><strong>[Egyplo</strong></span> 
     </span>
    </p>
   </div>
   <div class='ocr_carea' id='block_1_98' title="bbox 211 4611 1755 4707">
    <p class='ocr_par' dir='ltr' id='par_1_98' title="bbox 211 4611 1755 4707">
     <span class='ocr_line' id='line_1_99' title="bbox 211 4611 1755 4707; baseline -0.01 -15"><span class='ocrx_word' id='word_1_679' title='bbox 211 4643 366 4692; x_wconf 69' lang='grc' dir='ltr'>ἐστιν</span> <span class='ocrx_word' id='word_1_680' title='bbox 395 4611 592 4706; x_wconf 76' lang='grc' dir='ltr'>εὑρεῖν,</span> <span class='ocrx_word' id='word_1_681' title='bbox 643 4640 735 4691; x_wconf 80' lang='grc' dir='ltr'>καὶ</span> <span class='ocrx_word' id='word_1_682' title='bbox 767 4638 932 4707; x_wconf 82' lang='grc' dir='ltr'>ταύτῃ</span> <span class='ocrx_word' id='word_1_683' title='bbox 965 4638 1150 4707; x_wconf 82' lang='grc' dir='ltr'>ὁμοίαν</span> <span class='ocrx_word' id='word_1_684' title='bbox 1173 4611 1185 4618; x_wconf 47' lang='grc'><em>’</em></span> <span class='ocrx_word' id='word_1_685' title='bbox 1214 4638 1270 4686; x_wconf 83' lang='grc' dir='ltr'>ὲν</span> <span class='ocrx_word' id='word_1_686' title='bbox 1309 4634 1442 4700; x_wconf 77' lang='grc' dir='ltr'>αὐτῇ</span> <span class='ocrx_word' id='word_1_687' title='bbox 1501 4611 1755 4696; x_wconf 74' lang='grc' dir='ltr'>Αἰγύπτῳ</span> 
     </span>
    </p>
   </div>
   <div class='ocr_carea' id='block_1_99' title="bbox 1849 4611 3400 4707">
    <p class='ocr_par' dir='ltr' id='par_1_99' title="bbox 1858 4611 3400 4694">
     <span class='ocr_line' id='line_1_100' title="bbox 1858 4611 3400 4694; baseline -0.021 -2"><span class='ocrx_word' id='word_1_688' title='bbox 1858 4643 1981 4692; x_wconf 88' lang='lat' dir='ltr'><strong>licet</strong></span> <span class='ocrx_word' id='word_1_689' title='bbox 2028 4635 2300 4694; x_wconf 83' lang='lat' dir='ltr'><strong>invenire,</strong></span> <span class='ocrx_word' id='word_1_690' title='bbox 2331 4640 2384 4684; x_wconf 88' lang='lat' dir='ltr'><strong>et</strong></span> <span class='ocrx_word' id='word_1_691' title='bbox 2415 4631 2538 4681; x_wconf 92' lang='lat' dir='ltr'><strong>huic</strong></span> <span class='ocrx_word' id='word_1_692' title='bbox 2574 4627 2801 4680; x_wconf 89' lang='lat' dir='ltr'><strong>similem</strong></span> <span class='ocrx_word' id='word_1_693' title='bbox 2849 4619 3132 4680; x_wconf 67' lang='lat' dir='ltr'><strong>int-adem</strong></span> <span class='ocrx_word' id='word_1_694' title='bbox 3178 4611 3400 4678; x_wconf 66' lang='lat' dir='ltr'><strong>x’Egypto</strong></span> 
     </span>
    </p>
   </div>
   <div class='ocr_carea' id='block_1_100' title="bbox 213 4714 1759 4796">
    <p class='ocr_par' dir='ltr' id='par_1_100' title="bbox 213 4714 1759 4796">
     <span class='ocr_line' id='line_1_101' title="bbox 213 4714 1759 4796; baseline -0.008 -17"><span class='ocrx_word' id='word_1_695' title='bbox 213 4727 362 4779; x_wconf 71' lang='grc' dir='ltr'>κατὰ</span> <span class='ocrx_word' id='word_1_696' title='bbox 426 4727 484 4777; x_wconf 84' lang='grc' dir='ltr'>τὸ</span> <span class='ocrx_word' id='word_1_697' title='bbox 545 4727 974 4796; x_wconf 79' lang='grc' dir='ltr'>Ἡρακλεωτικὸν</span> <span class='ocrx_word' id='word_1_698' title='bbox 1025 4724 1212 4777; x_wconf 84' lang='grc' dir='ltr'>Νείλου</span> <span class='ocrx_word' id='word_1_699' title='bbox 1262 4722 1431 4786; x_wconf 84' lang='grc' dir='ltr'>στόμα</span> <span class='ocrx_word' id='word_1_700' title='bbox 1513 4714 1759 4778; x_wconf 74' lang='grc' dir='ltr'>Ἀλεξάν-</span> 
     </span>
    </p>
   </div>
   <div class='ocr_carea' id='block_1_101' title="bbox 214 4807 1756 4886">
    <p class='ocr_par' dir='ltr' id='par_1_101' title="bbox 214 4807 1756 4886">
     <span class='ocr_line' id='line_1_102' title="bbox 214 4807 1756 4886; baseline -0.008 -17"><span class='ocrx_word' id='word_1_701' title='bbox 214 4820 426 4886; x_wconf 78' lang='grc' dir='ltr'>ὂρειαν,</span> <span class='ocrx_word' id='word_1_702' title='bbox 461 4816 549 4865; x_wconf 79' lang='grc' dir='ltr'>καὶ</span> <span class='ocrx_word' id='word_1_703' title='bbox 579 4818 695 4867; x_wconf 86' lang='grc' dir='ltr'>κατ’</span> <span class='ocrx_word' id='word_1_704' title='bbox 725 4816 987 4884; x_wconf 79' lang='grc' dir='ltr'>Εὐρώπην</span> <span class='ocrx_word' id='word_1_705' title='bbox 1014 4813 1136 4881; x_wconf 82' lang='grc' dir='ltr'>περὶ</span> <span class='ocrx_word' id='word_1_706' title='bbox 1171 4813 1236 4863; x_wconf 70' lang='grc' dir='ltr'><strong>τὰ</strong></span> <span class='ocrx_word' id='word_1_707' title='bbox 1284 4808 1614 4876; x_wconf 81' lang='grc' dir='ltr'>δυτικώτερα</span> <span class='ocrx_word' id='word_1_708' title='bbox 1663 4807 1756 4858; x_wconf 82' lang='grc' dir='ltr'>καὶ</span> 
     </span>
    </p>
   </div>
   <div class='ocr_carea' id='block_1_102' title="bbox 215 4897 1758 4974">
    <p class='ocr_par' dir='ltr' id='par_1_102' title="bbox 215 4897 1758 4974">
     <span class='ocr_line' id='line_1_103' title="bbox 215 4897 1758 4974; baseline -0.01 -14"><span class='ocrx_word' id='word_1_709' title='bbox 215 4906 448 4974; x_wconf 77' lang='grc' dir='ltr'>ἁρκτῴα</span> <span class='ocrx_word' id='word_1_710' title='bbox 515 4903 760 4972; x_wconf 84' lang='grc' dir='ltr'>Ῥώμην,</span> <span class='ocrx_word' id='word_1_711' title='bbox 821 4907 910 4957; x_wconf 75' lang='grc' dir='ltr'>καὶ</span> <span class='ocrx_word' id='word_1_712' title='bbox 962 4903 1097 4955; x_wconf 85' lang='grc' dir='ltr'>κατά</span> <span class='ocrx_word' id='word_1_713' title='bbox 1152 4898 1611 4964; x_wconf 81' lang='grc' dir='ltr'>ἀνατολικώτερα,</span> <span class='ocrx_word' id='word_1_714' title='bbox 1661 4897 1758 4964; x_wconf 81' lang='grc' dir='ltr'>τὴν</span> 
     </span>
    </p>
   </div>
   <div class='ocr_carea' id='block_1_103' title="bbox 213 4990 1485 5073">
    <p class='ocr_par' dir='ltr' id='par_1_103' title="bbox 213 4990 1485 5061">
     <span class='ocr_line' id='line_1_104' title="bbox 213 4990 1485 5061; baseline -0.009 -13"><span class='ocrx_word' id='word_1_715' title='bbox 213 4998 313 5048; x_wconf 71' lang='grc' dir='ltr'><strong>ἐπὶ</strong></span> <span class='ocrx_word' id='word_1_716' title='bbox 337 4993 606 5058; x_wconf 75' lang='grc' dir='ltr'>Βυζαντίῳ</span> <span class='ocrx_word' id='word_1_717' title='bbox 639 4995 733 5061; x_wconf 79' lang='grc' dir='ltr'>τῆς</span> <span class='ocrx_word' id='word_1_718' title='bbox 764 4995 1160 5046; x_wconf 80' lang='grc' dir='ltr'>Κωνσταντίνου</span> <span class='ocrx_word' id='word_1_719' title='bbox 1190 4990 1485 5055; x_wconf 83' lang='grc' dir='ltr'>ἐπώνυμον.</span> 
     </span>
    </p>
   </div>
   <div class='ocr_carea' id='block_1_104' title="bbox 310 5079 1762 5152">
    <p class='ocr_par' dir='ltr' id='par_1_104' title="bbox 310 5079 1762 5152">
     <span class='ocr_line' id='line_1_105' title="bbox 310 5079 1762 5152; baseline -0.004 -15"><span class='ocrx_word' id='word_1_720' title='bbox 310 5087 414 5137; x_wconf 79' lang='grc' dir='ltr'><em>Ἔν</em></span> <span class='ocrx_word' id='word_1_721' title='bbox 516 5085 900 5150; x_wconf 80' lang='grc' dir='ltr'>ἐπλούτησαν</span> <span class='ocrx_word' id='word_1_722' title='bbox 927 5083 1159 5147; x_wconf 77' lang='grc' dir='ltr'>πάντες.</span> <span class='ocrx_word' id='word_1_723' title='bbox 1227 5079 1498 5132; x_wconf 83' lang='grc' dir='ltr'>Ἐντεῦθεν</span> <span class='ocrx_word' id='word_1_724' title='bbox 1530 5081 1762 5150; x_wconf 76' lang='grc' dir='ltr'>ἀναμφί-</span> 
     </span>
    </p>
   </div>
   <div class='ocr_carea' id='block_1_105' title="bbox 221 5169 1759 5240">
    <p class='ocr_par' dir='ltr' id='par_1_105' title="bbox 221 5169 1759 5240">
     <span class='ocr_line' id='line_1_106' title="bbox 221 5169 1759 5240; baseline -0.005 -13"><span class='ocrx_word' id='word_1_725' title='bbox 221 5177 379 5227; x_wconf 76' lang='grc' dir='ltr'>ϐολον</span> <span class='ocrx_word' id='word_1_726' title='bbox 409 5176 488 5226; x_wconf 81' lang='grc' dir='ltr'>ὅτι</span> <span class='ocrx_word' id='word_1_727' title='bbox 534 5173 593 5224; x_wconf 85' lang='grc' dir='ltr'>οὐ</span> <span class='ocrx_word' id='word_1_728' title='bbox 625 5174 750 5240; x_wconf 70' lang='grc' dir='ltr'>περὶ</span> <span class='ocrx_word' id='word_1_729' title='bbox 780 5174 980 5234; x_wconf 80' lang='grc' dir='ltr'>πόλεως</span> <span class='ocrx_word' id='word_1_730' title='bbox 1002 5175 1028 5224; x_wconf 82' lang='grc' dir='ltr'><strong>ό</strong></span> <span class='ocrx_word' id='word_1_731' title='bbox 1060 5172 1211 5237; x_wconf 83' lang='grc' dir='ltr'>λόγος</span> <span class='ocrx_word' id='word_1_732' title='bbox 1261 5171 1406 5238; x_wconf 84' lang='grc' dir='ltr'>μιᾶς,</span> <span class='ocrx_word' id='word_1_733' title='bbox 1449 5169 1583 5221; x_wconf 81' lang='grc' dir='ltr'>ἀλλὰ</span> <span class='ocrx_word' id='word_1_734' title='bbox 1633 5170 1759 5239; x_wconf 74' lang='grc' dir='ltr'>περὶ</span> 
     </span>
    </p>
   </div>
   <div class='ocr_carea' id='block_1_106' title="bbox 224 5258 1757 5329">
    <p class='ocr_par' dir='ltr' id='par_1_106' title="bbox 224 5258 1757 5329">
     <span class='ocr_line' id='line_1_107' title="bbox 224 5258 1757 5329; baseline -0.006 -12"><span class='ocrx_word' id='word_1_735' title='bbox 224 5263 432 5322; x_wconf 79' lang='grc' dir='ltr'>παντὸς</span> <span class='ocrx_word' id='word_1_736' title='bbox 455 5261 599 5312; x_wconf 85' lang='grc' dir='ltr'>τοῦδε</span> <span class='ocrx_word' id='word_1_737' title='bbox 656 5261 747 5310; x_wconf 85' lang='grc' dir='ltr'><strong>τοῦ</strong></span> <span class='ocrx_word' id='word_1_738' title='bbox 783 5260 1018 5329; x_wconf 78' lang='grc' dir='ltr'>φθαρτοῦ</span> <span class='ocrx_word' id='word_1_739' title='bbox 1041 5261 1376 5326; x_wconf 82' lang='grc' dir='ltr'>συστήματος</span> <span class='ocrx_word' id='word_1_740' title='bbox 1403 5258 1515 5310; x_wconf 78' lang='grc' dir='ltr'>ἔστι</span> <span class='ocrx_word' id='word_1_741' title='bbox 1559 5259 1757 5311; x_wconf 82' lang='grc' dir='ltr'>λαϐεῖν.</span> 
     </span>
    </p>
   </div>
   <div class='ocr_carea' id='block_1_107' title="bbox 212 5349 1759 5420">
    <p class='ocr_par' dir='ltr' id='par_1_107' title="bbox 212 5349 1759 5420">
     <span class='ocr_line' id='line_1_108' title="bbox 212 5349 1759 5420; baseline -0.003 -13"><span class='ocrx_word' id='word_1_742' title='bbox 212 5355 357 5411; x_wconf 79' lang='grc' dir='ltr'>υῦτε</span> <span class='ocrx_word' id='word_1_743' title='bbox 390 5353 497 5420; x_wconf 85' lang='grc' dir='ltr'>γὰρ</span> <span class='ocrx_word' id='word_1_744' title='bbox 528 5350 776 5403; x_wconf 83' lang='grc' dir='ltr'>Βαϐυλὼν</span> <span class='ocrx_word' id='word_1_745' title='bbox 801 5390 814 5414; x_wconf 89' lang='grc'><strong>,</strong></span> <span class='ocrx_word' id='word_1_746' title='bbox 865 5351 920 5401; x_wconf 81' lang='grc' dir='ltr'><strong>οῦ</strong></span> <span class='ocrx_word' id='word_1_747' title='bbox 958 5351 1160 5418; x_wconf 84' lang='grc' dir='ltr'>Ῥώμη,</span> <span class='ocrx_word' id='word_1_748' title='bbox 1197 5350 1294 5402; x_wconf 76' lang='grc' dir='ltr'><strong>οῦκ</strong></span> <span class='ocrx_word' id='word_1_749' title='bbox 1341 5349 1473 5418; x_wconf 77' lang='grc' dir='ltr'>ἄλλη</span> <span class='ocrx_word' id='word_1_750' title='bbox 1510 5349 1655 5411; x_wconf 85' lang='grc' dir='ltr'>πόλις</span> <span class='ocrx_word' id='word_1_751' title='bbox 1699 5353 1759 5402; x_wconf 79' lang='grc' dir='ltr'>ἐκ</span> 
     </span>
    </p>
   </div>
   <div class='ocr_carea' id='block_1_108' title="bbox 288 5523 856 5582">
    <p class='ocr_par' dir='ltr' id='par_1_108' title="bbox 288 5523 856 5582">
     <span class='ocr_line' id='line_1_109' title="bbox 288 5523 856 5582; baseline -0.004 -2"><span class='ocrx_word' id='word_1_752' title='bbox 288 5532 345 5558; x_wconf 76' lang='grc' dir='ltr'><strong>ἰ·</strong></span> <span class='ocrx_word' id='word_1_753' title='bbox 377 5526 563 5579; x_wconf 77' lang='lat' dir='ltr'><strong>Matth.</strong></span> <span class='ocrx_word' id='word_1_754' title='bbox 594 5539 735 5582; x_wconf 69' lang='lat' dir='ltr'><strong>xxiv,</strong></span> <span class='ocrx_word' id='word_1_755' title='bbox 769 5523 856 5578; x_wconf 77' lang='lat'><strong>2&#39;7.</strong></span> 
     </span>
    </p>
   </div>
   <div class='ocr_carea' id='block_1_109' title="bbox 1855 4704 3400 4800">
    <p class='ocr_par' dir='ltr' id='par_1_109' title="bbox 1855 4704 3400 4800">
     <span class='ocr_line' id='line_1_110' title="bbox 1855 4704 3400 4800; baseline -0.022 -18"><span class='ocrx_word' id='word_1_756' title='bbox 1855 4731 2008 4800; x_wconf 81' lang='lat' dir='ltr'><strong>juxta</strong></span> <span class='ocrx_word' id='word_1_757' title='bbox 2051 4721 2476 4778; x_wconf 80' lang='lat' dir='ltr'><strong>Heracleoticum</strong></span> <span class='ocrx_word' id='word_1_758' title='bbox 2534 4718 2636 4770; x_wconf 75' lang='lat' dir='ltr'><strong>Nili</strong></span> <span class='ocrx_word' id='word_1_759' title='bbox 2670 4713 2864 4769; x_wconf 77' lang='lat' dir='ltr'><strong>ostium</strong></span> <span class='ocrx_word' id='word_1_760' title='bbox 2912 4704 3321 4762; x_wconf 77' lang='lat' dir='ltr'><strong>Alexandriam,</strong></span> <span class='ocrx_word' id='word_1_761' title='bbox 3356 4707 3400 4750; x_wconf 72' lang='lat' dir='ltr'><strong>ct</strong></span> 
     </span>
    </p>
   </div>
   <div class='ocr_carea' id='block_1_110' title="bbox 1864 4794 3400 4886">
    <p class='ocr_par' dir='ltr' id='par_1_110' title="bbox 1864 4794 3400 4886">
     <span class='ocr_line' id='line_1_111' title="bbox 1864 4794 3400 4886; baseline -0.017 -13"><span class='ocrx_word' id='word_1_762' title='bbox 1864 4823 1917 4874; x_wconf 92' lang='lat' dir='ltr'><strong>in</strong></span> <span class='ocrx_word' id='word_1_763' title='bbox 1945 4819 2154 4886; x_wconf 83' lang='lat' dir='ltr'><strong>Europa</strong></span> <span class='ocrx_word' id='word_1_764' title='bbox 2193 4815 2257 4868; x_wconf 86' lang='lat' dir='ltr'><strong>ad</strong></span> <span class='ocrx_word' id='word_1_765' title='bbox 2293 4809 2741 4865; x_wconf 69' lang='lat' dir='ltr'><strong>occidentalioreo</strong></span> <span class='ocrx_word' id='word_1_766' title='bbox 2773 4817 2826 4859; x_wconf 84' lang='lat' dir='ltr'><strong>et</strong></span> <span class='ocrx_word' id='word_1_767' title='bbox 2851 4802 3191 4872; x_wconf 85' lang='lat' dir='ltr'><strong>aquilouarcs</strong></span> <span class='ocrx_word' id='word_1_768' title='bbox 3221 4794 3400 4847; x_wconf 87' lang='lat' dir='ltr'><strong>mundi</strong></span> 
     </span>
    </p>
   </div>
   <div class='ocr_carea' id='block_1_111' title="bbox 1866 4889 3400 4979">
    <p class='ocr_par' dir='ltr' id='par_1_111' title="bbox 1866 4889 3400 4979">
     <span class='ocr_line' id='line_1_112' title="bbox 1866 4889 3400 4979; baseline -0.016 -16"><span class='ocrx_word' id='word_1_769' title='bbox 1866 4917 2045 4979; x_wconf 89' lang='lat' dir='ltr'><strong>partes</strong></span> <span class='ocrx_word' id='word_1_770' title='bbox 2069 4907 2314 4965; x_wconf 78' lang='lat' dir='ltr'><strong>Romam,</strong></span> <span class='ocrx_word' id='word_1_771' title='bbox 2338 4913 2388 4956; x_wconf 91' lang='lat' dir='ltr'><strong>et</strong></span> <span class='ocrx_word' id='word_1_772' title='bbox 2421 4903 2470 4953; x_wconf 90' lang='lat' dir='ltr'><strong>in</strong></span> <span class='ocrx_word' id='word_1_773' title='bbox 2495 4895 2846 4954; x_wconf 86' lang='lat' dir='ltr'><strong>orientalibus</strong></span> <span class='ocrx_word' id='word_1_774' title='bbox 2872 4893 2970 4948; x_wconf 93' lang='lat' dir='ltr'><strong>sub</strong></span> <span class='ocrx_word' id='word_1_775' title='bbox 2999 4889 3252 4960; x_wconf 81' lang='lat' dir='ltr'><strong>Byzantio</strong></span> <span class='ocrx_word' id='word_1_776' title='bbox 3284 4897 3400 4938; x_wconf 86' lang='lat' dir='ltr'><strong>eam</strong></span> 
     </span>
    </p>
   </div>
   <div class='ocr_carea' id='block_1_112' title="bbox 1863 4983 2909 5062">
    <p class='ocr_par' dir='ltr' id='par_1_112' title="bbox 1863 4983 2909 5062">
     <span class='ocr_line' id='line_1_113' title="bbox 1863 4983 2909 5062; baseline -0.013 -16"><span class='ocrx_word' id='word_1_777' title='bbox 1863 5010 1980 5062; x_wconf 73' lang='lat' dir='ltr'><strong>qua:</strong></span> <span class='ocrx_word' id='word_1_778' title='bbox 2017 5008 2045 5045; x_wconf 91' lang='lat' dir='ltr'><strong>a</strong></span> <span class='ocrx_word' id='word_1_779' title='bbox 2076 4991 2430 5044; x_wconf 79' lang='lat' dir='ltr'><strong>COItSlunlitIO</strong></span> <span class='ocrx_word' id='word_1_780' title='bbox 2462 5000 2656 5040; x_wconf 88' lang='lat' dir='ltr'><strong>nomen</strong></span> <span class='ocrx_word' id='word_1_781' title='bbox 2687 4983 2909 5050; x_wconf 88' lang='lat' dir='ltr'><strong>accepit.</strong></span> 
     </span>
    </p>
   </div>
   <div class='ocr_carea' id='block_1_113' title="bbox 1932 5058 3399 5149">
    <p class='ocr_par' dir='ltr' id='par_1_113' title="bbox 1932 5058 3399 5149">
     <span class='ocr_line' id='line_1_114' title="bbox 1932 5058 3399 5149; baseline -0.016 -16"><span class='ocrx_word' id='word_1_782' title='bbox 1932 5082 1994 5134; x_wconf 84' lang='lat' dir='ltr'><strong>lu</strong></span> <span class='ocrx_word' id='word_1_783' title='bbox 2039 5099 2140 5149; x_wconf 85' lang='lat' dir='ltr'><strong>qua</strong></span> <span class='ocrx_word' id='word_1_784' title='bbox 2179 5082 2360 5131; x_wconf 69' lang='lat' dir='ltr'><strong>dii-itus</strong></span> <span class='ocrx_word' id='word_1_785' title='bbox 2403 5079 2527 5144; x_wconf 84' lang='lat' dir='ltr'><strong>facti</strong></span> <span class='ocrx_word' id='word_1_786' title='bbox 2580 5084 2698 5129; x_wconf 77' lang='lat' dir='ltr'><strong>sunt</strong></span> <span class='ocrx_word' id='word_1_787' title='bbox 2745 5089 2938 5127; x_wconf 69' lang='lat' dir='ltr'><strong>omnes.</strong></span> <span class='ocrx_word' id='word_1_788' title='bbox 2990 5067 3122 5120; x_wconf 89' lang='lat' dir='ltr'><strong>Hinc</strong></span> <span class='ocrx_word' id='word_1_789' title='bbox 3163 5058 3399 5117; x_wconf 85' lang='lat' dir='ltr'><strong>certissi-</strong></span> 
     </span>
    </p>
   </div>
   <div class='ocr_carea' id='block_1_114' title="bbox 1861 5150 3404 5239">
    <p class='ocr_par' dir='ltr' id='par_1_114' title="bbox 1861 5150 3404 5239">
     <span class='ocr_line' id='line_1_115' title="bbox 1861 5150 3404 5239; baseline -0.017 -13"><span class='ocrx_word' id='word_1_790' title='bbox 1861 5190 2007 5226; x_wconf 88' lang='lat' dir='ltr'><strong>mum</strong></span> <span class='ocrx_word' id='word_1_791' title='bbox 2043 5171 2308 5239; x_wconf 68' lang='lat' dir='ltr'><strong>est&#39;quod</strong></span> <span class='ocrx_word' id='word_1_792' title='bbox 2346 5186 2449 5221; x_wconf 88' lang='lat' dir='ltr'><strong>non</strong></span> <span class='ocrx_word' id='word_1_793' title='bbox 2485 5169 2548 5220; x_wconf 91' lang='lat' dir='ltr'><strong>de</strong></span> <span class='ocrx_word' id='word_1_794' title='bbox 2579 5182 2680 5218; x_wconf 89' lang='lat' dir='ltr'><strong>una</strong></span> <span class='ocrx_word' id='word_1_795' title='bbox 2710 5164 2921 5217; x_wconf 85' lang='lat' dir='ltr'><strong>civitate</strong></span> <span class='ocrx_word' id='word_1_796' title='bbox 2960 5159 3028 5210; x_wconf 90' lang='lat' dir='ltr'><strong>sit</strong></span> <span class='ocrx_word' id='word_1_797' title='bbox 3060 5166 3256 5214; x_wconf 89' lang='lat' dir='ltr'><strong>sermo,</strong></span> <span class='ocrx_word' id='word_1_798' title='bbox 3304 5150 3404 5202; x_wconf 76' lang='lat' dir='ltr'><strong>sed</strong></span> 
     </span>
    </p>
   </div>
   <div class='ocr_carea' id='block_1_115' title="bbox 1859 5240 3401 5322">
    <p class='ocr_par' dir='ltr' id='par_1_115' title="bbox 1859 5240 3401 5322">
     <span class='ocr_line' id='line_1_116' title="bbox 1859 5240 3401 5322; baseline -0.015 -8"><span class='ocrx_word' id='word_1_799' title='bbox 1859 5264 1923 5316; x_wconf 90' lang='lat' dir='ltr'><strong>de</strong></span> <span class='ocrx_word' id='word_1_800' title='bbox 1983 5263 2233 5314; x_wconf 83' lang='lat' dir='ltr'><strong>universo</strong></span> <span class='ocrx_word' id='word_1_801' title='bbox 2280 5261 2376 5311; x_wconf 87' lang='lat' dir='ltr'><strong>hoc</strong></span> <span class='ocrx_word' id='word_1_802' title='bbox 2413 5252 2744 5322; x_wconf 86' lang='lat' dir='ltr'><strong>corruptibili</strong></span> <span class='ocrx_word' id='word_1_803' title='bbox 2795 5249 2920 5302; x_wconf 86' lang='lat' dir='ltr'><strong>orbe</strong></span> <span class='ocrx_word' id='word_1_804' title='bbox 2974 5245 3094 5296; x_wconf 86' lang='lat' dir='ltr'><strong>licet</strong></span> <span class='ocrx_word' id='word_1_805' title='bbox 3131 5240 3401 5305; x_wconf 86' lang='lat' dir='ltr'><strong>accipere.</strong></span> 
     </span>
    </p>
   </div>
   <div class='ocr_carea' id='block_1_116' title="bbox 1859 5328 3401 5422">
    <p class='ocr_par' dir='ltr' id='par_1_116' title="bbox 1859 5328 3401 5422">
     <span class='ocr_line' id='line_1_117' title="bbox 1859 5328 3401 5422; baseline -0.015 -17"><span class='ocrx_word' id='word_1_806' title='bbox 1859 5353 2039 5422; x_wconf 85' lang='lat' dir='ltr'><strong>Neque</strong></span> <span class='ocrx_word' id='word_1_807' title='bbox 2074 5351 2214 5406; x_wconf 88' lang='lat' dir='ltr'><strong>enim</strong></span> <span class='ocrx_word' id='word_1_808' title='bbox 2267 5347 2502 5417; x_wconf 83' lang='lat' dir='ltr'><strong>Babylon</strong></span> <span class='ocrx_word' id='word_1_809' title='bbox 2547 5358 2718 5412; x_wconf 83' lang='lat' dir='ltr'><strong>neque</strong></span> <span class='ocrx_word' id='word_1_810' title='bbox 2749 5341 2937 5400; x_wconf 81' lang='lat' dir='ltr'><strong>Roma,</strong></span> <span class='ocrx_word' id='word_1_811' title='bbox 2971 5346 3140 5400; x_wconf 84' lang='lat' dir='ltr'><strong>neque</strong></span> <span class='ocrx_word' id='word_1_812' title='bbox 3188 5328 3292 5383; x_wconf 89' lang='lat' dir='ltr'><strong>alia</strong></span> <span class='ocrx_word' id='word_1_813' title='bbox 3321 5328 3401 5382; x_wconf 85' lang='lat' dir='ltr'><strong>ci-</strong></span> 
     </span>
    </p>
   </div>
  </div>
