4126 6332
636 253 742 313 735

1449 251 1764 313 ARETIL’E
1805 251 2175 310 CIESARE/E
2213 251 2684 312 CAPPADOCLE
2714 251 3044 312 EPISCOPI

3719 250 3841 315 736

635 369 770 411 vitas
806 373 868 411 ex
903 358 1117 411 navium
1149 357 1479 427 profectione
1514 360 1684 414 solum
1723 361 1956 422 ditescit,
1993 369 2183 428 prazter
2212 372 2244 425 Α

2297 361 2480 414 πλοίων
2507 363 2730 430 πορείας
2760 363 2919 430 μόνον
2965 359 3217 424 πλουτεῖ,
3247 360 3296 412 εί
3331 361 3404 430 μὴ
3433 366 3590 430 μόνος
3613 354 3770 424 οὗτος
3804 360 3843 410 ὁ

636 450 810 501 solum
856 450 999 499 hunc
1053 449 1333 501 mundum.
1391 451 1688 519 Allegorice
1751 465 1985 517 namque
2039 450 2180 503 veris

637 539 850 589 ditescit
892 537 1094 591 divitiis
1129 554 1221 606 per
1256 540 1462 593 animas
1507 542 1807 602 hominum,
1839 541 1929 607 qui
1968 541 2019 592 in
2066 555 2181 592 mo-

637 625 764 675 dum
830 624 1045 677 navium
1098 627 1302 678 acerbae
1356 626 1718 680 immersionis
1771 636 2044 692 expertes,
2092 641 2185 694 per

640 714 967 765 mundanum
994 715 1162 767 salum
1192 725 1495 780 cnatarnnt,
1522 726 1575 769 et
1595 716 1794 769 dictam
1821 715 2184 768 abundantem

639 804 927 868 civitatem,
957 805 1212 858 mundum
1244 805 1513 869 videlicet,
1546 807 1899 874 pretiosarum
1927 805 2183 858 mercium

639 896 993 961 negotiatione
1046 897 1420 951 instituerunt.
1468 898 1628 965 802
1686 898 1805 951 Ideo
1850 912 1972 950 cum
2024 898 2186 951 veluti

641 986 894 1052 praedium
935 985 1127 1041 fuisset
1166 997 1219 1040 et
1249 989 1645 1041 firmamentum
1690 987 1900 1046 salutis.
1935 987 2075 1041 unde
2114 987 2189 1041 la-

640 1082 825 1132 liorum
859 1081 1156 1134 mercedem
1185 1081 1527 1145 invenerant,
1553 1081 1989 1134 lamentationem
2023 1081 2186 1134 colle-

637 1181 849 1236 gerunt,
884 1171 1124 1227 videntes
1152 1173 1293 1241 quod
1326 1173 1490 1228 missa
1523 1183 1669 1226 esset
1697 1174 1749 1226 in
1785 1173 2081 1227 interitum.

704 1276 886 1339 XVIII,
906 1278 1092 1332 20—24.
1131 1277 1353 1332 Exsulta
1385 1292 1537 1346 super
1564 1295 1703 1344 eam,
1729 1281 1911 1332 caelum
1935 1291 1984 1335 et
2021 1284 2189 1336 sancti

639 1367 860 1432 apostoli
892 1378 937 1418 et
975 1367 1267 1435 prophetae,
1297 1369 1544 1434 quoniam
1570 1367 1829 1435 judicavit
1866 1367 2004 1421 Deus
2038 1369 2188 1435 judi-

638 1461 777 1509 cium
816 1469 1039 1509 vestrum
1068 1459 1129 1509 de
1157 1457 1274 1508 illa.
1310 1455 1376 1508 Et
1409 1457 1625 1510 sustulit
1653 1473 1785 1508 unus
1831 1459 2044 1524 angelus
2077 1460 2188 1525 {or-

641 1551 707 1599 tis
759 1549 982 1613 lapidem
1032 1547 1182 1614 quasi
1223 1546 1472 1598 molarem
1511 1561 1777 1612 magnum,
1811 1555 1859 1599 et
1888 1547 2106 1614 projecit
2138 1549 2188 1601 in

644 1657 804 1705 mare,
858 1641 1029 1692 dicens
1067 1655 1083 1690 :

645 1731 796 1798 bylon
830 1746 1014 1796 magna
1053 1730 1142 1780 illa
1176 1730 1356 1781 civitas
1379 1769 1392 1792 ,
1423 1738 1469 1781 et
1515 1728 1654 1780 ultra
1678 1728 1794 1795 jam
1834 1744 1933 1781 non
1963 1730 2188 1782 invenia-

645 1832 729 1872 tur
761 1837 777 1873 :
803 1830 851 1873 et
883 1837 976 1872 vox
1007 1821 1406 1872 cit/iarazdorum
1434 1829 1481 1871 et
1525 1821 1858 1898 musicorum,
1886 1828 1935 1870 et
1975 1820 2102 1872 tibia
2131 1837 2192 1874 ac

644 1913 764 1963 tuba
820 1911 1112 1963 canentium
1152 1926 1253 1962 non
1321 1910 1573 1961 audiatur
1624 1911 1677 1962 in
1743 1921 1790 1962 te
1849 1910 2096 1976 amplius.
2141 1922 2189 1964 ct

645 2000 811 2051 omnis
863 2001 1054 2066 artifex
1093 2000 1446 2067 cujuscunque
1466 2000 1593 2051 artis
1620 2016 1720 2051 non
1742 2001 2034 2053 inveniatur
2063 2001 2116 2052 in
2145 2011 2194 2053 te

644 2089 888 2155 amplius,
922 2099 967 2142 et
997 2104 1092 2142 vos:
1126 2088 1272 2142 uiola:
1300 2105 1397 2140 non
1430 2089 1680 2140 audiatur
1707 2090 1758 2140 in
1789 2099 1835 2140 te
1865 2088 2113 2155 amplius.
2141 2099 2191 2142 et

645 2181 735 2231 lus:
783 2180 1007 2234 lucerna:
1052 2196 1153 2231 non
1195 2189 1440 2244 appareat
1490 2180 1544 2230 in
1606 2190 1652 2231 te
1691 2180 1950 2244 amplius,
1995 2191 2044 2233 et
2094 2196 2194 2233 vos:

646 2272 818 2333 sponsi
844 2280 888 2321 et
927 2285 1127 2333 sponsa:
1175 2285 1278 2320 non
1321 2267 1571 2318 audiatur
1601 2269 1652 2318 in
1702 2275 1747 2319 te
1776 2269 2019 2332 amplius.
2055 2267 2193 2330 Quia

650 2370 958 2410 mercatores
991 2358 1066 2408 tui
1093 2365 1243 2409 erant
1276 2358 1530 2423 principes
1563 2363 1713 2409 terra
1732 2397 1745 2419 ,
1769 2358 1891 2424 quia
1920 2356 1970 2407 in
2007 2358 2194 2423 veneﬁ-

649 2447 742 2496 ciis
776 2445 876 2496 tuis
895 2452 1195 2496 erraverunt
1218 2458 1389 2494 omnes
1415 2452 1586 2508 gentes
1607 2453 1653 2494 et
1679 2445 1732 2494 in
1757 2459 1816 2494 ea
1843 2444 2052 2511 sanguis
2076 2459 2195 2509 pro-

650 2535 920 2596 phetarum
960 2542 1006 2584 et
1044 2541 1346 2583 sanctorum
1372 2533 1603 2583 inventus
1633 2540 1729 2594 est,
1761 2540 1806 2583 et
1844 2532 2072 2582 omnium
2108 2532 2198 2599 qui

652 2623 910 2688 interfecti
938 2631 1057 2675 sunt
1090 2621 1145 2673 in
1176 2631 1336 2675 terra.

723 2815 891 2868 Etiam
927 2832 989 2869 ex
1037 2818 1138 2872 hoc
1168 2819 1556 2873 confirmamur
1605 2819 1748 2887 quod
1782 2819 1848 2874 de
1885 2819 2087 2872 mundo
2129 2820 2200 2874 sit

652 2908 956 2968 oraculum,
986 2916 1038 2961 et
1069 2923 1172 2963 non
1199 2909 1264 2964 de
1298 2925 1402 2964 una
1429 2910 1664 2964 civitate.
1693 2909 1844 2975 Quod
1873 2919 2048 2964 autem
2082 2919 2202 2978 post

2285 451 2504 519 κόσμος.
2575 450 2966 520 Ἀλληγορικῶς
3009 450 3117 518 γὰρ
3172 448 3390 502 πλουτεῖ
3438 451 3529 502 τὸν
3580 451 3659 519 τῷ
3712 451 3842 503 ὅντε

2284 540 2505 592 πλοῦτον
2529 539 2800 609 διαψύχων
2824 539 2919 591 ἀνθ
2929 539 3141 608 ρώπων,
3167 537 3217 591 οἳ
3239 538 3486 606 καθάπερ
3521 540 3607 592 διὰ
3629 540 3844 591 πλοίων

2283 630 2558 697 ἀμετόχως
2593 629 2837 697 ἁλμυρᾶς
2868 627 3192 690 ὲπικλύσεως
3241 628 3331 681 τὸν
3363 629 3624 698 κοσμικδν
3666 627 3844 680 σάλον

2283 717 2599 778 διαπλέοντες,
2630 717 2848 787 ἀνενδεῆ
2876 715 3077 786 ταύτην
3115 715 3213 784 τὴν
3247 715 3504 784 ῥηθεῖσαν
3549 716 3701 768 πόλιν
3734 715 3845 768 τὸν

2284 808 2484 874 κόσμον
2516 809 2914 877 κατεστήσαντο
2960 808 3058 877 τῆς
3108 807 3214 859 ἀπὸ
3263 807 3371 858 τῶν
3399 806 3633 876 ἐντίμων
3666 808 3843 875 ιμπο-

2288 899 2428 968 ρίας.
2459 899 2548 950 Διὸ
2607 899 2698 951 καὶ
2732 899 2806 960 ὡς
2856 898 3053 969 χωρίου
3100 898 3469 968 ὑπάρχουσαν,
3510 896 3604 950 καὶ
3636 896 3843 964 ἔδαφος

2287 987 2555 1056 σωτηρίας
2592 987 2686 1055 ἀφ’
2729 982 2790 1041 οὗ
2841 987 2932 1039 καὶ
2970 986 3198 1053 ἀμοιϐὰς
3242 985 3459 1056 εὕροντο
3492 985 3601 1037 τῶν
3629 984 3838 1047 πόνων,

2287 1077 2478 1146 θρῆνον
2511 1079 2906 1148 συνεκρότησαν
2950 1079 3275 1148 θεασάμενοι
3314 1076 3603 1146 ἀφανισμῷ
3649 1092 3843 1144 παρα-

2288 1168 2649 1237 πεμφθεῖσαν.
3725 1161 3729 1166 ’

2361 1264 2695 1346 Εὐφραίνου
2727 1279 2818 1332 ἐπ’
2851 1278 3023 1347 αὐτῇ,
3060 1278 3295 1346 adpare,
3321 1280 3417 1332 καὶ
3447 1281 3500 1334 οι
3536 1279 3706 1347 ἅγιοι,
3729 1278 3841 1332 και

2288 1371 2342 1422 ol
2387 1368 2864 1430 ἀπόστολοι,και
2914 1371 2968 1421 ol
3018 1369 3333 1436 προφῆται,
3383 1369 3471 1422 ὅτι
3523 1369 3754 1435 ἔκρινεν
3805 1369 3844 1420 ὀ

2291 1457 2432 1522 Θεὸς
2491 1457 2556 1509 τὸ
2601 1456 2775 1524 κρῖμα
2830 1456 2993 1525 ὑμῶν
3039 1459 3105 1520 ἐξ
3154 1457 3360 1524 αὐτῆς.
3408 1458 3514 1512 Καὶ
3558 1453 3698 1527 ἦρεν
3744 1450 3844 1520 εἷς

2289 1547 2538 1614 ἄγγελος
2595 1546 2838 1615 ισχυρὸς
2887 1547 3060 1602 λίθον
3096 1548 3175 1613 ὡς
3218 1549 3416 1616 μῦλον
3469 1549 3696 1617 μέγαν,
3734 1545 3846 1600 καὶ

1141 1639 1459 1706 Hujusmodi
1509 1639 1699 1704 impetu
1739 1638 2045 1706 projicietur
2087 1640 2244 1732 Barl

2297 1635 2503 1687 ἔϐαλεν
2528 1636 2612 1697 εἰς
2645 1633 2757 1701 τὴν
2791 1632 3127 1697 θάλασσαν,
3155 1637 3347 1704 λέγων
3372 1652 3387 1668 ·
3430 1635 3628 1701 Οὕτως
3654 1633 3847 1703 ὁρμή-

2285 1723 2814 1792 ματιβληθήσεται
2843 1723 3128 1778 Βαϐυλὼν
3168 1725 3206 1790 ἡ
3247 1724 3476 1792 μεγάλη
3520 1722 3848 1789 adligata!

2289 1817 2359 1867 οὐ
2387 1812 2470 1882 μὴ
2497 1811 2710 1880 εὑρεθῆ
2736 1813 2839 1867 ἔτι.
2874 1813 2982 1867 Καὶ
3011 1811 3178 1881 φωνὴ
3207 1811 3546 1879 κιθαρῳδῶν
3572 1812 3668 1864 καί
3695 1828 3851 1879 μου-

2290 1903 2480 1957 σικῶν
2505 1904 2599 1956 καί
2639 1901 2919 1969 αὐλητῶν
2945 1902 3042 1956 καί
3067 1903 3419 1956 σαλπιστῶν
3451 1903 3522 1956 οὺ
3544 1903 3631 1970 μὴ
3664 1901 3850 1955 ἀκου-

2290 1994 2409 2064 σθῇ
2448 1995 2515 2047 ἐν
2540 1994 2636 2047 σοι
2668 1993 2774 2056 ἔτι,
2807 1993 2903 2045 καί
2951 1991 3068 2059 πᾶς
3091 1993 3364 2060 τεχνίτης
3394 1991 3597 2058 πάσης
3625 1991 3850 2058 τέχνης·

2291 2087 2361 2139 οὑ
2399 2085 2478 2150 μὴ
2508 2083 2815 2151 εὑρεθῇοέν
2835 2081 2932 2136 σοί
2962 2083 3068 2146 ἔτι,
3099 2084 3194 2135 καί
3220 2082 3386 2150 φωνὴ
3406 2073 3606 2149 μύλου
3653 2083 3724 2134 οὐ
3750 2079 3849 2147 μὴ

2292 2177 2452 2245 φανῇ
2473 2178 2541 2229 ἐν
2568 2177 2665 2229 σοι
2692 2175 2800 2238 ἔτι,
2837 2176 2933 2227 καί
2965 2173 3087 2242 φῶς
3109 2175 3339 2240 λύχνου
3374 2174 3446 2226 οὐ
3470 2171 3556 2241 μὴ
3589 2170 3748 2240 φανῇ
3768 2171 3853 2224 ἐν

2294 2267 2392 2320 σοι
2436 2266 2545 2329 ἔτι,
2599 2266 2694 2318 καί
2729 2264 2898 2333 φωνὴ
2929 2264 3188 2331 νυμφίου
3234 2263 3330 2316 καὶ
3384 2263 3620 2330 νύμφης
3650 2263 3721 2315 οὐ
3751 2259 3850 2328 μὴ

2293 2355 2564 2422 ἀκουσθῇ
2600 2357 2668 2407 ἐν
2693 2355 2791 2407 σοί
2821 2355 2926 2407 ἔτι·
2961 2353 3127 2421 ὅτιξοὶ
3170 2352 3412 2418 ἔμποροί
3441 2367 3555 2404 σου
3585 2347 3744 2418 ἦσαν
3790 2351 3854 2401 οι

2292 2445 2641 2512 μεγιστᾶνες
2666 2443 2773 2509 τῆς
2814 2442 2924 2509 τῆς
2949 2459 2962 2474 ·
2995 2443 3082 2494 ὅτι
3126 2443 3194 2494 ἐν
3222 2440 3296 2507 τῇ
3346 2440 3676 2507 φαρμακείᾳ
3725 2453 3857 2492 σου

2295 2533 2723 2597 ἐπλανήθησαν
2745 2532 2936 2583 ,πάντα
2963 2531 3032 2583 τὰ
3049 2531 3212 2595 ἔθνη,
3241 2530 3338 2582 καί
3359 2532 3427 2582 ἐν
3449 2527 3600 2597 αὐτῇ
3629 2530 3859 2596 αἵματα

2297 2621 2612 2689 προφητῶν
2666 2622 2761 2673 καὶ
2809 2620 2990 2687 ἁγίων
3026 2618 3235 2686 εὑρέθη
3264 2656 3281 2682 ,
3322 2617 3422 2671 καὶ
3458 2615 3697 2671 πάντων
3727 2615 3860 2669 τῶν⁵

2298 2711 2686 2780 ἐσφαγμένων
2711 2710 2806 2763 ἐπὶ
2845 2709 2953 2776 τῆς
2989 2708 3113 2778 γῆς.

2371 2823 2479 2877 Καὶ
2507 2823 2610 2876 ἀπδ
2643 2823 2834 2874 τούτου
2881 2821 2940 2873 τὸ
2967 2820 3091 2888 περὶ
3120 2817 3211 2871 τοῦ
3247 2818 3453 2887 κόσμου
3507 2817 3597 2870 τὸν
3627 2832 3857 2887 χρημα-

2299 2917 2488 2986 τισμὸν
2519 2912 2775 2981 εῖναιζοὺ
2805 2914 2931 2983 περὶ
2955 2915 3083 2977 μιᾶς
3113 2911 3342 2975 πόλεως,
3374 2906 3864 2978 βεϐαιούμεθαΛἬ

655 2995 854 3047 luctum
894 2997 1177 3050 conversio
1231 2996 1370 3051 facta
1428 2998 1499 3052 sit
1545 2998 1608 3050 ad
1664 2998 1932 3059 Iustitiam.
1976 3013 2080 3050 non
2121 2993 2244 3051 cstl

2303 3009 2359 3061 δὲ
2390 3007 2523 3075 μετά
2545 3005 2633 3057 τὸν
2661 3004 2859 3072 θρῆνον
2877 3004 2955 3064 εἰς
2985 3000 3318 3070 εὐφροσύνην
3342 2998 3635 3069 τραπῆναι,
3657 2998 3715 3049 οὐ
3741 2996 3864 3050 τῶν

654 3094 842 3137 cantus
899 3100 1087 3139 eorum
1120 3087 1212 3154 qui
1270 3086 1324 3139 in
1370 3095 1508 3141 terra
1563 3099 1713 3148 sunt,
1751 3088 1843 3141 sed
1877 3088 2201 3150 ccelcstium,

657 3175 802 3240 quod
853 3176 1029 3229 deleto
1054 3175 1166 3243 jam
1207 3177 1328 3231 loco
1353 3179 1408 3230 in
1435 3194 1546 3246 quo
1587 3189 1792 3231 certare
1823 3193 1915 3231 eos
1944 3178 2202 3245 oportuit,

658 3265 747 3327 qui
791 3266 841 3314 in
875 3275 998 3330 typo
1036 3268 1280 3318 coronati
1315 3267 1524 3318 fuerant
1554 3267 1792 3318 victoria:
1817 3281 2042 3328 corona,
2094 3267 2207 3320 sive

661 3351 935 3416 propheta:
997 3353 1125 3413 sint,
1180 3352 1291 3404 sive
1351 3354 1613 3419 apostoli,
1659 3354 1770 3406 sive
1806 3353 1976 3407 sancti
2033 3354 2206 3421 ponti-

663 3443 809 3502 lices,
840 3448 893 3490 et
929 3440 972 3492 si
1003 3456 1109 3506 qua
1144 3451 1223 3493 est
1249 3442 1352 3494 alia
1383 3444 1726 3510 congregatio
1757 3458 1940 3496 eorum
1977 3443 2068 3510 qui
2101 3442 2210 3496 Deo

665 3533 999 3595 p'acnerunt,
1039 3530 1326 3584 incessanti
1370 3532 1563 3599 gaudio
1620 3532 1743 3585 facti
1795 3532 1903 3585 sint
1956 3533 2208 3600 deinceps

667 3620 985 3685 participes,
1017 3628 1235 3686 accepta
1271 3618 1538 3672 indefessa
1572 3622 1966 3688 tranquillaque
2009 3624 2113 3674 vita
2143 3621 2210 3675 ab

666 3727 729 3762 eo
759 3713 850 3778 qui
882 3713 1025 3764 novit
1055 3712 1213 3780 digne
1243 3711 1509 3780 judicare,
1545 3714 1643 3766 hoc
1671 3721 1778 3775 eat,
1802 3713 2046 3766 laborum
2077 3728 2209 3781 pra:-

669 3802 772 3853 mia
800 3804 1109 3871 rependere.

733 3917 795 3965 Et
827 3915 1040 3968 sustulit
1071 3932 1202 3967 unus
1230 3915 1440 3984 angelus
1480 3916 1630 3983 fortis
1658 3915 1883 3983 lapidem
1918 3915 2067 3982 quasi
2097 3928 2209 3964 mo-

666 4006 827 4057 larem
875 4022 1137 4073 magnum.
1180 4006 1354 4059 Variis
1400 4007 1708 4074 lropologiis
1754 4013 2029 4073 comparat
2077 4018 2208 4056 con-

669 4096 1082 4148 summationcm
1113 4095 1294 4147 mundi
1320 4095 1705 4162 corruptibilis.
1732 4093 1854 4145 Ideo
1878 4093 1942 4144 ad
1971 4105 2063 4144 eas
2093 4106 2212 4156 qua:

669 4188 822 4239 dictze
861 4197 989 4237 sunt
1021 4185 1182 4237 etiam
1237 4185 1375 4236 hanc
1421 4184 1593 4243 atIert,
1626 4182 1813 4235 molari
1845 4183 2018 4248 ipsum
2065 4194 2212 4232 com-

2308 3102 2365 3151 t‘-.v
2387 3098 2575 3165 κόσμῳ
2602 3095 2663 3148 τὸ
2691 3095 2892 3163 δράμα,
2922 3093 3054 3146 ἀλλά
3085 3092 3195 3143 τῶν
3223 3091 3505 3160 οὐρανίων,
3535 3090 3607 3152 ὼς
3629 3090 3727 3160 ήδη
3755 3087 3861 3140 τοῦ

2309 3187 2600 3252 ὲναγωνίου
2638 3186 2804 3236 τόπου
2858 3182 3265 3250 ἀφανισθέντος,
3297 3181 3346 3232 οἳ
3377 3182 3435 3232 ιν
3466 3179 3621 3248 τύπῳ
3652 3179 3739 3230 τὸν
3765 3196 3861 3230 νι-

2309 3278 2566 3345 κητήριον
2597 3273 2992 3339 ἀναδησάμενοι
3013 3270 3273 3344 στέφανον
3299 3270 3420 3321 ὅσον
3446 3271 3503 3320 ὲν
3527 3268 3860 3334 προφήταις,

2309 3367 2434 3418 ὅσον
2462 3366 2518 3415 ὲν
2545 3362 2884 3424 ἀποστόλοις,
2913 3363 2968 3412 ὲν
2988 3359 3174 3420 ὁσίοις,
3211 3360 3266 3410 ὲν
3292 3357 3593 3426 ίεράρχαις,
3624 3355 3715 3408 καὶ
3731 3355 3864 3406 sits

2311 3454 2493 3506 λοιπὸν
2517 3452 2764 3519 σύστημα
2802 3449 2908 3501 τῶν
2963 3447 3442 3516 εύαρεστησάντων
3483 3445 3622 3513 Θεῷ,
3678 3445 3868 3512 χαρᾶς

2315 3544 2569 3612 ἀλήκτου,
2619 3541 2680 3592 τὸ
2735 3539 2839 3592 ἀπὸ
2897 3537 3046 3591 τοῦδε
3095 3536 3451 3606 μετάσχοιεν,
3501 3535 3705 3587 ἀκόπου
3757 3533 3867 3585 καὶ

2314 3628 2771 3700 ἀπραγματεύτου
2800 3629 2942 3696 ζωῆς
2960 3626 3272 3695 ἠξιωμένοι,
3303 3625 3439 3693 πρὸς
3454 3623 3546 3677 τοῦ
3570 3623 3867 3689 κατ’ἀξίαν

2315 3721 2510 3782 εἰδότος
2557 3722 2760 3789 κρῖναι,
2790 3717 3038 3771 τουτέστι
3058 3757 3073 3782 ,
3123 3715 3407 3787 βραϐεύειν
3453 3715 3561 3768 τῶν
3586 3715 3758 3767 πόνων
3786 3714 3866 3766 τὰ

2313 3811 2539 3865 ἔπαθλα.

2383 3924 2490 3977 Καὶ
2517 3920 2658 3990 ἦρεν
2689 3939 2774 3985 εις
2801 3922 3050 3989 ἅγγελος
3089 3920 3341 3988 ἰσχυρὸς
3370 3919 3540 3971 λίθον
3561 3917 3634 3981 ὡς
3661 3917 3867 3984 pallor

2310 4015 2519 4082 μέγαν.
2543 4013 2827 4078 Διαφόροις
2865 4010 3238 4077 τροπολογίαις
3274 4007 3563 4058 ὑποϐάλλει
3623 4005 3718 4072 τὴν
3760 4003 3864 4056 τοῦ

2318 4101 2554 4168 φθαρτοῦ
2607 4099 2814 4165 κόσμου
2867 4096 3196 4148 συντέλειαν.
3238 4095 3328 4146 Διὸ
3358 4095 3491 4161 πρὸς
3554 4095 3672 4155 ταῖς
3716 4095 3869 4162 εἰρη-

2320 4184 2506 4252 μέναις
2536 4183 2627 4234 καὶ
2674 4183 2876 4250 ταύτην
2927 4180 3301 4250 συνεπιφέρει,
3347 4180 3495 4249 μύλῳ
3551 4178 3868 4241 ἀπεικάζων

671 4290 868 4342 parans
906 4289 1028 4325 cum
1063 4273 1264 4338 impetu
1303 4273 1355 4324 in
1401 4287 1549 4324 mare
1579 4272 1826 4324 demerso
1874 4288 1889 4324 :
1924 4271 1995 4323 ita
2031 4279 2208 4322 autem

2316 4275 2474 4327 αὑτὸν
2501 4273 2846 4326 καταδύνοντι
2870 4272 3149 4340 ὁρμήματι
3170 4273 3248 4333 είς
3276 4271 3444 4340 ὑγρὰν
3477 4270 3679 4323 οὐσίαν.
3707 4267 3868 4323 Οὕτω

675 4366 804 4414 dicit
843 4363 934 4414 tali
974 4363 1174 4429 impetu
1215 4373 1430 4431 repente
1459 4363 1714 4432 demergi,
1755 4372 1814 4417 ut
1845 4377 1943 4416 nec
1976 4362 2215 4430 reliquizc

2313 4367 2368 4418 δὲ
2405 4383 2533 4436 φησι
2558 4365 2645 4418 τὸν
2674 4364 2912 4416 τοιοῦτον
2942 4363 3256 4416 καταδύνειν
3278 4362 3490 4433 ἀθρόον,
3543 4361 3618 4425 ὡς
3667 4362 3867 4431 μηκέτι

677 4455 845 4521 ipsius
877 4454 1277 4522 conspiciantur
1309 4457 1539 4524 amplius
1573 4474 1587 4509 :
1630 4465 1683 4510 et
1715 4456 1902 4511 eodem
1953 4457 2113 4510 modo
2145 4456 2219 4510 ait

2313 4456 2558 4524 λείψανον
2614 4456 2777 4508 αὑτοῦ
2825 4455 3142 4524 ἐνορᾶσθαι·
3174 4455 3268 4507 καὶ
3312 4453 3402 4507 τὸν
3448 4453 3608 4507 αὑτὸν
3639 4453 3866 4521 τρόπον,

681 4543 935 4595 mundum
982 4544 1121 4599 hunc
1174 4544 1226 4598 in
1267 4546 1632 4598 omnimodam
1680 4546 1909 4598 transire
1957 4545 2218 4599 obscura-

2317 4549 2410 4600 ua)v
2434 4546 2619 4599 τοῦτον
2652 4547 2730 4610 είς
2781 4547 3018 4616 παντελῆ
3064 4546 3282 4616 ἀδηλίαν
3310 4545 3573 4615 χωρῆσαι.
3623 4544 3730 4595 Καὶ
3775 4543 3868 4593 ἵνα.

683 4631 901 4686 limem.
941 4631 1003 4685 Et
1034 4640 1094 4686 ut
1144 4633 1234 4687 fiat
1268 4634 1367 4687 hoc
1405 4633 1763 4696 manifestius,
1799 4633 1959 4703 803
1995 4632 2141 4685 addit
2170 4643 2222 4687 et

2316 4639 2471 4692 τοῦτο
2504 4638 2853 4707 ἐκδηλότερον
2937 4675 2951 4699 ,
2977 4637 3296 4706 προστίθησι
3333 4637 3425 4689 καὶ
3452 4637 3518 4687 τὰ
3545 4637 3603 4689 ὲν
3625 4633 3773 4704 αύτῷ
3805 4632 3870 4698 ἐξ

682 4738 742 4774 ca
775 4739 889 4788 qua:
916 4740 943 4775 a
977 4727 1170 4779 szcculo
1208 4726 1729 4780 administrabantur
1759 4726 1810 4778 in
1833 4726 1972 4793 ipso,
2000 4724 2222 4779 delicias

2320 4729 2508 4789 αἰῶνος
2559 4727 3014 4796 ἐμπολιτευθὲντα
3064 4725 3271 4794 τρυφῆς
3313 4724 3574 4793 παραίτια
3605 4723 3698 4778 καὶ
3719 4723 3866 4776 ἀσω-

686 4828 747 4865 ac
776 4814 1047 4867 lasciviam
1082 4818 1447 4884 provocantis,
1475 4832 1592 4886 qua
1626 4815 1834 4868 turbam
1857 4816 2127 4868 attrahant
2159 4829 2223 4868 ac

2321 4819 2438 4883 τίας
2469 4819 2619 4888 ὄχλον
2649 4817 2838 4885 ἀνερεθ
2849 4817 3048 4880 [ζοντα.

686 4904 897 4958 irritent

757 5019 894 5082 Quia
938 5028 1242 5070 mercatores
1291 5018 1390 5068 tui.
1456 5017 1758 5087 Ἐμπόρους
1808 5013 1938 5068 dicit
1985 5028 2078 5069 eos
2134 5016 2228 5083 qui

2397 5015 2514 5065 Ὀτι
2538 5015 2590 5065 οι
2610 5011 2853 5079 ἔμποροί
2873 5013 3020 5061 σου.’
3050 5008 3348 5076 Ἐμπόρους
3365 5008 3486 5070 τοὺς
3512 5009 3872 5078 συγκροτῶν-

688 5112 1050 5164 nundinarum
1088 5123 1297 5162 mcrces
1335 5116 1387 5159 et
1422 5107 1722 5174 plausibilia
1766 5105 1968 5176 quavis
1999 5106 2052 5158 in
2089 5114 2230 5159 terra

2326 5119 2421 5165 τας
2473 5102 2533 5154 τὸ
2565 5101 2653 5153 ἐπὶ
2704 5100 2806 5167 γῆς
2864 5097 3021 5150 τοῦτο
3065 5097 3211 5165 λέγει
3250 5098 3613 5169 πανηγύριον,
3652 5099 3730 5152 διὸ
3778 5099 3873 5151 καὶ

689 5203 967 5271 colligunt,
1002 5202 1119 5254 ideo
1165 5192 1350 5252 etiam
1378 5197 1503 5250 dicit
1528 5199 1792 5266 principes
1824 5214 1838 5251 :
1876 5211 2048 5264 neque
2089 5195 2232 5248 enim

2334 5190 2655 5260 μεγιστᾶνας
2683 5205 2864 5257 φησιν.
2897 5188 2971 5239 Οὐ
3003 5187 3108 5258 γὰρ
3135 5189 3379 5258 πενήτων
3415 5189 3474 5241 τὸ
3510 5188 3870 5258 ἁϐροδίαιτον,

693 5308 983 5361 pauperum
1017 5300 1097 5342 est
1145 5289 1264 5341 vita:
1314 5286 1566 5340 mollities
1602 5302 1614 5339 :
1665 5301 1838 5355 neque
1876 5285 2038 5340 unius
2083 5292 2236 5352 pote-

2331 5282 2583 5349 οὐδεμιᾶς
2633 5277 2877 5345 ἐξουσίας
2913 5277 2973 5329 τὸ
3029 5277 3303 5347 διαφόροις
3353 5277 3628 5345 γοητείαις
3686 5275 3875 5341 ὥσπερ

700 5382 891 5441 statis,
937 5379 1102 5430 variis
1163 5377 1448 5445 przcstigiis
1485 5385 1733 5443 tanquam
1782 5375 2000 5429 venenis
2047 5387 2237 5426 omnes

2334 5370 2640 5436 φαρμάκοις
2667 5365 2920 5420 πάντατὰ
2949 5365 3072 5433 ἔθνη
3100 5365 3462 5434 φαρμάσσειν,
3481 5366 3512 5434 ἢ
3533 5361 3871 5422 δυναστείαις

708 5479 886 5534 gentes
918 5469 1242 5533 dementarc,
1274 5477 1366 5520 ant
1397 5466 1595 5536 potenti
1626 5465 1819 5518 virtute
1845 5467 1898 5518 in
1929 5464 2236 5517 servitutem

2335 5459 2878 5528 καταδουλουμένους,
2906 5457 2936 5525 ἠ
2971 5459 3262 5526 τυραννικῇ
3304 5456 3392 5525 βίᾳ
3419 5453 3875 5523 ἀφανιζομένους,

713 5560 871 5623 τρώει
899 5573 975 5625 rc,
1007 5570 1097 5612 aut
1126 5561 1402 5628 tyrannica
1430 5558 1675 5613 violentia
1713 5555 1778 5609 de
1811 5558 1982 5610 medio
2015 5554 2196 5610 tollere
2223 5569 2234 5603 :

2338 5548 2428 5616 ἀφ’
2457 5545 2520 5618 ἧς
2547 5550 2635 5601 καὶ
2672 5548 2875 5616 αἵματα
2903 5545 3006 5598 τῶν
3033 5544 3401 5613 ἀνακειμένων
3426 5541 3540 5612 Θεῷ
3571 5537 3876 5611 χειμάρρου
