4126 6332
698 374 802 435 739

696 481 900 548 byssina
931 478 1196 545 splendido
1225 487 1273 530 et
1307 493 1434 543 puro
1473 492 1491 529 :

696 572 856 619 tiones
889 578 1003 617 sunt
1047 578 1361 618 sanctorum.
1405 564 1466 616 Et
1515 567 1590 615 ait
1624 565 1747 615 mihi
1776 578 1793 614 :
1826 561 2042 614 Scribe:
2081 563 2231 615 Beati

692 659 780 722 qui
815 658 879 705 ad
924 670 1117 705 caenam
1153 656 1446 719 nuptiarum
1475 654 1594 720 agni
1625 653 1792 704 vocati
1822 661 1962 703 sunt.
2013 651 2076 701 Et
2102 651 2228 701 dicit

697 746 821 795 mihi
862 763 877 796 :
923 745 992 796 lli
1044 761 1295 796 sermones
1353 744 1442 796 Dei
1486 745 1588 795 t'eri
1639 752 1776 795 sunt.
1824 743 1889 793 Et
1930 743 2130 808 procidi
2164 745 2232 790 ad

693 835 842 900 pedes
873 835 981 900 ejus
1023 843 1075 884 ut
1102 839 1373 886 adorarem
1410 848 1546 884 eum.
1580 831 1643 882 Et
1677 832 1749 882 ait
1792 833 1915 882 mihi
1953 847 1970 881 :
2027 830 2146 881 Vide
2173 846 2232 881 ne

693 924 870 988 feceris
901 938 919 972 :
951 937 1214 973 conservus
1245 932 1362 974 tuus
1392 938 1526 982 sunt,
1559 929 1604 971 et
1636 922 1860 986 fratrum
1898 929 2103 971 tuorum
2140 921 2232 970 Ita-

694 1011 912 1061 bentium
963 1012 1311 1062 testimonium
1345 1009 1474 1061 Jesu
1508 1025 1525 1061 :
1561 1009 1718 1059 Deum
1748 1009 1937 1059 adora.
1982 1007 2230 1059 Testimo-

695 1102 836 1150 nium
859 1102 988 1150 enim
1018 1099 1147 1150 Filii
1175 1110 1249 1151 est
1282 1101 1494 1165 spiritus
1523 1099 1820 1163 prop/retire.

1511 368 1827 428 ΑΒΕΤΠᾸΞ
1859 365 2228 426 ΕιΕΞΑΒΕΛΕ
2262 366 2727 428 ΟᾹΡΡΛΒΟΟΙΕ
2760 369 3089 431 EPISCOPI

1533 493 1648 526 nam
1680 476 1944 542 byssiunm
1969 475 2233 541 jnstiﬁca-
2261 493 2310 549 Α
2333 477 2430 528 ἵνα
2460 491 2509 526 π.

2333 477 2430 528 Ira
2460 477 2834 543 περιϐάληται
2858 480 3160 541 βύσσινον
3179 478 3450 544 λαμπρὸν
3475 477 3570 529 καί
3593 480 3886 544 καθαρόν.

3767 368 3890 432 740

2342 567 2406 618 Τὸ
2433 567 2539 632 γὰρ
2560 567 2881 630 βύσσινον,
2911 568 2979 618 τὰ
3003 566 3352 633 δικαιώματα
3378 565 3493 618 τῶν
3512 566 3687 632 ἁγίων
3715 564 3888 618 ἐστι.

2336 655 2438 706 Kal
2469 654 2623 720 λέγει
2635 671 2756 720 μοι’
2777 657 3039 720 Γράψον
3059 655 3335 720 Μακάριοι
3359 657 3410 706 ol
3431 656 3515 718 εις
3541 654 3603 706 τὸ
3631 654 3890 706 δεῖπνον

2329 743 2430 792 τοῦ
2457 739 2640 807 γάμου
2667 743 2769 794 τοῦ
2799 744 3005 809 ἀρνίου
3033 742 3400 809 κεκλημένοι.
3437 742 3545 794 Kal
3572 743 3730 808 ,λέγει
3745 757 3886 808 μοι’

2332 825 2501 882 Οὗτοι
2525 833 2576 881 ol
2599 832 2763 898 ,λόγοι
2791 832 3058 896 ἀληθινοί
3083 833 3186 884 τοῦ
3221 832 3365 885 Θεοῦ
3395 834 3529 884 εισι.
3586 831 3692 883 Kal
3736 832 3888 882 ἔπε-

2326 933 2438 968 σον
2460 919 2789 983 ἔμπροσθεν
2817 920 2930 972 τῶν
2966 921 3163 974 ποδῶν
3204 921 3405 982 αὑτοῦ,
3451 919 3887 987 προσκυνῆσαι

2327 1006 2500 1070 αὐτῷ,
2525 1009 2618 1059 καὶ
2645 1008 2802 1076 ,λέγει
2832 1028 2932 1077 μοι
2960 1027 2972 1040 ·
3010 1011 3173 1076 "Opa,
3204 1011 3308 1076 μή.
3371 1009 3705 1071 Σύνδουλός
3753 1008 3884 1059 σού

2325 1099 2457 1162 εἰμι,
2499 1098 2594 1148 καὶ
2633 1099 2746 1150 τῶν
2786 1099 3059 1166 ἀδελφῶν
3107 1115 3221 1152 σου
3265 1099 3380 1150 τῶν
3441 1098 3697 1163 ἐχόντων
3751 1096 3885 1160 τὴν

686 1189 1009 1252 μαρτυρίαν
1040 1187 1241 1252 Ἰησοῦ
1264 1203 1276 1214 ³
1306 1187 1383 1249 τῷ
1422 1186 1538 1248 Θεῴ
1569 1186 2022 1251 προσκύνησον⁸
2048 1184 2085 1249 ἡ
2151 1184 2256 1249 γὰρ
2287 1186 2579 1250 μαρτυρία
2615 1187 2718 1237 τοῦ
2757 1188 2886 1240 Υὶοῡ
2909 1187 3037 1239 ἐστι
3108 1188 3170 1239 τὸ
3221 1187 3450 1253 πνεῦμα
3496 1187 3602 1253 τῆς
3636 1200 3885 1252 προςηο

692 1296 867 1341 τείας.
1052 1335 1060 1342 _

760 1366 1075 1432 Spirituales
1120 1363 1329 1418 Domini
1359 1363 1555 1430 nuptiae
1586 1363 1637 1413 in
1684 1363 1933 1429 praesenti
1964 1364 2069 1412 vita
2103 1366 2226 1411 sunt

691 1457 758 1507 oh
803 1455 1273 1520 desponsationem
1319 1465 1442 1502 cum
1475 1451 1736 1510 Ecclesia,
1772 1460 1826 1502 et
1870 1450 1940 1500 ita
1984 1447 2229 1514 perfecta:

693 1545 909 1609 nuptizr.
945 1543 1114 1606 Atque
1150 1543 1250 1592 hoc
1281 1540 1455 1589 innuit
1490 1538 1645 1590 divus
1679 1539 1966 1605 Apostolus
1991 1536 2229 1588 scribens

690 1635 753 1685 ad
781 1631 1087 1683 Corinthios
1118 1647 1130 1680 :
1179 1647 1194 1678 t
1234 1629 1420 1694 Aptari
1462 1628 1604 1678 enim
1633 1643 1726 1679 vos
1766 1629 1856 1678 uni
1894 1630 2004 1678 viro
2039 1636 2094 1678 ιιι
2126 1624 2231 1676 vir-

691 1722 864 1788 ginem
899 1728 1098 1771 castam
1133 1716 1437 1767 exhiberem
1469 1715 1682 1768 Christo
1703 1717 1768 1764 θ’.
1808 1735 1824 1765 ι

766 1809 829 1859 Et
876 1824 1004 1858 uxor
1048 1809 1228 1871 ipsius.
1295 1805 1525 1858 Uxorem
1567 1807 1830 1871 allegoriae
1873 1805 2033 1871 805
2075 1814 2225 1870 tropo

690 1908 840 1948 vorat
867 1896 1180 1956 Ecclesium,
1217 1895 1334 1946 ideo
1362 1904 1415 1944 et
1449 1893 1538 1944 lilii
1578 1895 1770 1959 nuptiae
1800 1893 2146 1952 inducuntur,
2176 1904 2226 1943 el.

689 1987 919 2053 Virgines
974 1994 1098 2035 sunt
1153 1999 1267 2049 qua:
1302 1981 1478 2033 ferunt
1527 1981 1828 2047 lampades,
1871 1997 2098 2047 quarum
2147 1985 2224 2033 hae

687 2091 802 2141 qua:
852 2073 1133 2125 sullicienti
1168 2086 1274 2122 usa:
1309 2079 1432 2121 sunt
1479 2071 1614 2127 oleo,
1663 2071 1834 2136 digna:
1872 2070 2061 2121 habitae
2092 2081 2225 2133 sunt

687 2173 743 2212 ut
789 2162 852 2211 ad
903 2173 1156 2227 sponsum
1206 2156 1656 2224 ingrederentur:
1706 2172 1823 2222 qua:
1853 2171 1976 2207 vero
2015 2156 2066 2206 in
2108 2156 2224 2223 ejus

638 2310 649 2320 _
686 2253 861 2316 inepia
913 2257 1039 2301 sunt
1079 2247 1442 2313 deprehensa},
1479 2246 1842 2297 condemnata:
1885 2255 2006 2296 sunt
2040 2259 2104 2297 ne
2144 2246 2224 2297 iu-

685 2336 1032 2404 grederentur
1071 2352 1082 2384 :
1135 2333 1583 2398 quemadmodum
1617 2347 1743 2383 sane
1769 2343 1819 2383 et
1864 2333 1906 2383 is
1956 2334 2045 2399 qui
2078 2343 2223 2386 veste

686 2443 789 2477 non
846 2425 943 2474 fuit
983 2424 1200 2474 indutus
1247 2422 1493 2488 nuptiali,
1543 2431 1790 2473 ostensus
1840 2431 1918 2473 est
1968 2437 1996 2474 a
2041 2437 2220 2475 mensa

685 2514 905 2580 nuptiali
957 2513 1241 2564 excidisse.
1275 2511 1361 2562 Ait
1394 2520 1567 2562 autem
1605 2513 1784 2563 datum
1837 2512 2001 2564 fuisse
2048 2513 2220 2575 uxori,

683 2603 736 2653 id
775 2610 854 2651 est
901 2599 1169 2660 Ecclesiae,
1227 2608 1284 2649 ut
1331 2598 1551 2664 byssino
1588 2599 1924 2660 indueretur,
1959 2601 2055 2650 hoc
2103 2609 2220 2658 est,

685 2691 982 2755 splendore.
1041 2688 1169 2739 Nam
1210 2687 1516 2754 hujusmotli
1569 2695 1649 2739 est
1698 2697 1749 2738 et
1805 2688 1994 2755 byssus
2039 2698 2220 2740 cortex

679 2780 893 2831 arboris
937 2777 1146 2837 Indicae,
1184 2794 1301 2843 qu:e
1340 2778 1400 2827 ad
1434 2777 1599 2827 linum
1646 2786 1996 2844 pra’paratur.
2036 2779 2221 2844 Splen-

558 2901 591 2937 ο
676 2868 809 2918 dore
845 2867 1004 2934 igitur
1048 2880 1142 2933 per
1179 2864 1452 2934 hyssinum
1487 2865 1788 2933 signiﬁcato
1820 2866 1837 2932 (
1868 2867 2010 2933 quod
2045 2868 2216 2933 ipsum

681 2971 916 3022 praesens
983 2969 1196 3022 quoque
1273 2955 1525 3007 revelatio
1602 2955 1966 3017 demonstrat,
2035 2957 2218 3010 dicens

2423 1362 2462 1408 υ
2485 1360 2540 1408 ἐν
2565 1360 2640 1427 τῷ
2669 1360 2888 1426 παρόντι
2935 1361 3288 1424 πνευματικὸς
3318 1362 3491 1429 γάμος
3539 1363 3631 1414 τοῦ
3662 1365 3880 1433 Κυρίου

2327 1445 2415 1493 ἐπὶ
2445 1447 2508 1512 τῇ
2538 1447 2667 1511 πρὸς
2695 1448 2788 1514 τὴν
2821 1448 3138 1515 Ἐκκλησίαν
3170 1451 3428 1519 μνηστείᾳ
3450 1452 3586 1514 ἐστὶ,
3612 1454 3702 1504 καὶ
3723 1454 3880 1504 οὕτω

2328 1533 2522 1592 τέλειος
2559 1535 2748 1600 γάμος.
2771 1536 2884 1585 Καὶ
2919 1535 3072 1586 τοῦτο
3100 1537 3383 1588 αἰνίττεται
3407 1540 3434 1589 δ
3461 1539 3881 1600 ΘεῖοςἊπόστο-

2326 1623 2412 1680 λος
2447 1623 2740 1688 Κορινθίοις
2759 1625 2999 1689 γράφωνο
3047 1642 3064 1673 ι
3105 1624 3454 1693 Ἠρμοσάμην
3477 1628 3582 1694 γὰρ
3619 1630 3752 1696 ὑμᾶς
3785 1631 3882 1681 ὲνὶ

2332 1710 2480 1776 ἀνδρὶ
2512 1710 2772 1776 παρθένον
2803 1712 2964 1778 ἁγνὴν
2997 1715 3333 1780 παραστῆσαι
3369 1715 3443 1782 τῷ
3466 1717 3695 1783 Χριστῷ.
3738 1738 3753 1768 ι

2400 1799 2504 1850 Kal
2533 1801 2568 1864 ἠ
2589 1800 2734 1865 γυνὴ
2754 1801 2956 1852 αὐτοῦ.
2991 1803 3219 1852 Γυναῖκα
3242 1805 3338 1870 τὴν
3368 1804 3685 1873 Ἐκκλησίαν
3701 1807 3881 1874 άλλη-

2330 1889 2518 1956 γορίας
2552 1889 2732 1957 τρόπῳ
2753 1892 2922 1953 καλεῖ,
2968 1892 3044 1942 διὸ
3080 1893 3170 1943 καὶ
3216 1893 3386 1960 γάμος
3417 1895 3688 1959 εἰσάγεται
3716 1897 3876 1958 Υἱοῦ,

2331 1977 2420 2027 καὶ
2451 1979 2702 2045 παρθένοι
2726 1979 3146 2048 λαμπαδοιρόροι,
3178 1976 3250 2032 ὧν
3277 1984 3328 2032 αἱ
3373 1984 3471 2047 μὲν
3505 1983 3710 2051 διαρκεῖ
3734 2003 3884 2052 χρη-

2330 2066 2558 2133 σάμεναι
2609 2067 2683 2134 τῷ
2733 2070 2915 2137 ἐλαίῳ,
2967 2071 3061 2138 τῆς
3102 2073 3178 2132 είς
3229 2073 3318 2122 τὸν
3359 2074 3615 2140 νυμφῶνα
3659 2076 3876 2126 εἰσόδου

2327 2154 2598 2219 ἠξίωνται,
2624 2158 2677 2207 αἱ
2701 2156 2754 2206 δὲ
2793 2159 2968 2228 σπάνῃ
3008 2159 3195 2209 τούτου
3245 2160 3559 2225 λειφθεῖσαι,
3583 2161 3877 2229 Θυραυλείν

2327 2245 2742 2312 κατεκρίθησαν,
2792 2246 2978 2315 ὥσπερ
3011 2248 3196 2314 ἀμέλει
3228 2251 3320 2299 καὶ
3349 2250 3375 2298 ὁ
3404 2252 3476 2317 μὴ
3509 2251 3680 2317 γάμου
3716 2251 3877 2302 ἔνδυ-

2329 2348 2402 2398 μα
2433 2334 2820 2400 ἠμφιεσμένος,
2868 2335 3142 2398 ἔκπτωτος
3184 2337 3280 2404 τῆς
3310 2339 3549 2405 γαμικῆς
3580 2341 3876 2410 ἀπειράνοη

2325 2422 2612 2486 τραπέζης.
2649 2422 2902 2474 Δεδόσοαι
2951 2423 3005 2474 δέ
3043 2441 3171 2492 φησι
3225 2430 3288 2493 τῇ
3325 2429 3557 2492 γυναικὶ,
3595 2430 3870 2489 τουτέστι,

2324 2509 2388 2575 τῇ
2449 2509 2774 2578 Ἐκκλησία,
2826 2513 2886 2563 τὸ
2941 2511 3186 2578 βύσσινον
3233 2514 3588 2579 ἐνδύσασθαι,
3623 2517 3874 2568 οἱονεὶ-τὸ

2324 2594 2587 2663 λαμπρόν.
2621 2598 2866 2649 Τοιοῦτον
2892 2600 2996 2668 γὰρ
3015 2601 3104 2652 καὶ
3137 2603 3168 2669 ἡ
3203 2602 3412 2669 βύσσος,
3449 2605 3625 2672 φλοιὸν
3646 2607 3869 2676 δένδρου

2341 2682 2578 2746 Ἰνδικοῦ,
2634 2686 2712 2745 εἰς
2758 2687 2898 2736 λίνον
2952 2693 3406 2759 κατειργασμένη.
3462 2695 3565 2745 Τοῦ
3605 2696 3867 2763 λαμπροῦ

2325 2771 2499 2823 τοίνυν
2531 2772 2616 2824 διὰ
2657 2774 2747 2826 τοῦ
2807 2775 3053 2843 βυσσίνου
3086 2779 3410 2846 δηλωθέντος
3433 2823 3448 2847 ,
3475 2783 3501 2834 ὅ
3533 2787 3623 2836 καὶ
3663 2788 3793 2836 αὐτὸ
3829 2789 3866 2853 ἡ

2324 2863 2651 2930 προκειμένη
2695 2866 3030 2934 ἀποκάλυψις
3084 2874 3339 2939 παριστᾷ,
3384 2873 3442 2922 τὸ
3495 2873 3738 2942 λαμπρὸν
3779 2878 3864 2926 εξ⁸

2324 2949 2495 3000 ποῦσα
2518 2952 2606 3002 καὶ
2633 2953 2890 3023 καθαρὸν,
2927 2956 2976 3006 τί
2997 2956 3060 3008 ἂν
3091 2958 3215 3010 ἄλλο
3244 2960 3538 3029 ἐννοηθείη,
3569 2963 3600 3030 ἢ
3632 2965 3685 3013 at
3721 2966 3859 3030 ἀρε·

681 3042 1016 3110 splentlidum
1047 3051 1098 3096 et
1127 3043 1336 3113 purum)
1368 3046 1489 3111 quid
1523 3045 1666 3098 aliud
1711 3047 2034 3112 intelligetur
2060 3062 2218 3114 quam
2249 3059 2289 3115 ρ
2322 3040 2432 3100 ταὶ.
2479 3058 2509 3092 σι

2328 3040 2432 3100 ταὶ,
2479 3035 2564 3102 αἷς
2614 3045 2672 3094 τὸ
2708 3043 2953 3115 λαμπρὸν
2989 3049 3080 3098 καὶ
3124 3049 3333 3112 λεπτὸν,
3368 3054 3478 3112 τοῖς
3507 3053 3863 3122 διανοήμασιν

681 3133 939 3193 virtutes,
995 3147 1025 3184 e
1076 3134 1273 3200 quibus
1316 3134 1564 3200 splendor
1619 3150 1679 3184 ac
1713 3136 1986 3188 snhtilitns
2021 3136 2216 3188 texitur

679 3220 1199 3274 eonsiderationibus
1234 3222 1534 3274 divinarum
1567 3223 2054 3289 justiﬁealionum'ﬁ

753 3306 897 3356 Beati
937 3310 1020 3374 qui
1053 3308 1118 3357 ad
1154 3324 1344 3358 (tenam
1387 3310 1684 3373 nuptiarum
1722 3313 1840 3376 agni
1871 3313 2035 3362 vocati
2074 3322 2212 3362 sunt.

686 3390 900 3458 Ufique,
937 3395 979 3445 si
1007 3395 1163 3445 etiam
1195 3396 1528 3447 vocationem
1563 3406 1858 3463 sequantur
1883 3407 1938 3450 ut
1968 3407 2214 3464 oportet:

685 3482 880 3533 multos
914 3497 1140 3547 namque
1169 3483 1219 3533 in
1267 3484 1550 3552 Evangelia
1579 3488 1778 3539 scimus
1823 3501 1941 3539 esse
1983 3497 2214 3549 vocatos,

685 3586 887 3637 paucos
907 3587 1031 3622 vero
1061 3573 1276 3624 electos.
1301 3572 1479 3640 Neque
1506 3577 1648 3627 enim
1677 3576 1867 3629 suﬂieit
1894 3577 2117 3629 allectus
2147 3577 2211 3628 ad

684 3660 1038 3722 vocationem,
1097 3661 1198 3712 nisi
1239 3662 1492 3716 etiamad
1554 3666 1886 3733 propositum
1960 3676 2215 3734 sequatur

682 3746 838 3811 agilis
867 3747 1143 3812 impulsus.
1411 3760 1414 3762 '

765 3834 887 3886 Vide
916 3852 974 3886 ne
1018 3837 1218 3903 feceris.
1252 3837 1324 3890 Ne
1368 3853 1450 3890 me
1503 3839 1712 3904 adores,
1748 3841 1919 3909 inquit
1971 3845 2210 3912 angelus,

683 3933 934 3989 tanquam
986 3924 1158 3976 futura
1190 3927 1562 3994 prtedicentem
1598 3948 1609 3980 :
1646 3945 1818 3998 neque
1858 3931 2000 3984 enim
2035 3949 2207 3986 meum

681 4022 763 4064 est
793 4015 892 4065 hoc
923 4015 1216 4082 prophetia:
1247 4016 1523 4078 indicium,
1563 4020 1655 4072 sed
1698 4021 2056 4075 confessionis
2087 4038 2210 4090 pro-

682 4109 797 4165 pter
835 4099 1107 4152 Christum
1161 4116 1544 4156 conservorum
1592 4121 1830 4158 meorum
1872 4125 1884 4159 :
1936 4125 2057 4160 nam
2101 4110 2211 4163 haec

679 4197 762 4238 est
795 4202 911 4252 quae
944 4189 1188 4254 spiritum
1219 4191 1584 4254 propheticum
1613 4193 1882 4246 conciliat.

754 4273 1118 4324 Testimonium
1170 4277 1305 4326 enim
1351 4276 1476 4327 Filii
1535 4290 1608 4330 est
1659 4281 1870 4345 spiritus
1911 4285 2205 4348 prop/retire.

685 4357 795 4408 lloc
835 4370 939 4420 est,
989 4363 1271 4413 retributio
1299 4366 1585 4419 testimonii
1628 4367 1750 4422 iacti
1776 4370 2103 4436 proChristo
2131 4386 2213 4427 est

686 4447 884 4495 donum
920 4448 1306 4513 propheticum,
1340 4453 1480 4506 sicut
1515 4465 1596 4508 est
1637 4458 1796 4509 etiam
1826 4461 1994 4511 cidem
2021 4462 2211 4525 simile,

689 4532 863 4598 inquit
887 4533 1128 4600 angelus.
1155 4535 1428 4605 Siquidem
1457 4544 1772 4609 prophetare
1799 4545 1928 4598 mihi
1961 4548 2210 4600 traditum

683 4632 761 4673 est
797 4632 1010 4688 propter
1042 4640 1325 4682 conservos
1359 4645 1507 4685 meos
1541 4641 1820 4700 martyres.
1861 4671 1863 4673 -

1219 4792 1439 4847 CAPUT
1483 4795 1657 4850 LVIII.

683 4892 1158 4986 Qttoiuoriojiderit
1191 4897 1516 4986 Kvangelista
1539 4905 1795 4986 Christum
1822 4925 1946 4977 equo
1976 4914 2202 4966 insiden-
2298 4921 2424 4986 Πῶς

749 4970 846 5036 teni
895 4975 1006 5009 cum
1065 4969 1398 5027 potestatibus
1449 4974 1690 5036 angelicis
1757 4969 1999 5030 terrorem
2057 4984 2198 5033 incu-

748 5040 976 5078 tteutem.

744 5135 884 5196 XIX,
932 5136 1107 5191 H-H.
1163 5139 1230 5189 Et
1278 5141 1382 5192 ridi
1435 5144 1614 5196 etrlum
1676 5159 1947 5214 apertum:
1994 5166 2040 5205 et
2089 5172 2200 5209 ecce

673 5244 827 5292 equus
858 5228 1024 5290 albus,
1062 5243 1106 5280 ct
1139 5232 1226 5297 qui
1256 5232 1460 5283 sedebat
1489 5251 1639 5301 super
1671 5254 1783 5290 eum
1812 5243 1978 5306 ﬁdelis
2005 5257 2113 5296 erat
2150 5261 2195 5299 et

673 5330 844 5375 νει-ωας,
877 5327 921 5367 et
959 5319 1240 5384 in‘justitia
1269 5322 1473 5386 judicat
1516 5335 1560 5374 ct
1589 5339 1803 5392 pugnat.
1837 5329 1985 5382 Oculi
2025 5345 2193 5386 autem

670 5405 829 5469 ipsius
868 5408 1030 5474 806
1061 5423 1303 5477 tauquam
1337 5413 1548 5478 ﬂamma
1577 5419 1707 5484 ignis
1738 5434 1755 5467 :
1789 5428 1832 5469 et
1863 5438 2010 5485 super
2042 5437 2192 5487 caput

741 5581 780 5609 εἳ
815 5583 853 5631 ll
891 5586 1007 5636 Cor.
1052 5604 1105 5647 ιι,
1140 5594 1188 5642 :2.

2242 4344 2353 4396 D-

2319 3128 2654 3194 ἐξυφαίνεται
2677 3132 2782 3184 τῶν
2814 3133 2968 3187 Θείων
2990 3135 3364 3204 δικαιωμάτων
3383 3155 3397 3205 ;

2385 3304 2666 3369 Μακάριοι
2692 3309 2749 3356 οἵ
2767 3310 2850 3371 εἰς
2880 3312 2942 3360 τὸ
2970 3310 3214 3362 δεῖπνον
3244 3314 3346 3363 τοῦ
3372 3314 3556 3379 γάμου
3588 3315 3690 3368 τοῦ
3743 3319 3855 3384 ἀρ-

2317 3391 2447 3442 νίου
2483 3395 2853 3460 κεκλημένοι.
2897 3399 3003 3449 Καὶ
3025 3399 3083 3467 δή
3115 3416 3174 3465 γε
3208 3403 3296 3451 καὶ
3323 3404 3457 3467 μετὰ
3510 3404 3606 3471 τὴν
3661 3407 3856 3472 κλῆσιν

2318 3480 2582 3543 ἀπιόντες,
2614 3482 2685 3542 ὡς
2713 3483 2810 3536 δεῖ.
2849 3486 3075 3548 Πολλοὺς
3112 3488 3217 3555 γὰρ
3272 3491 3425 3557 ἴσμεν
3447 3494 3506 3544 ὲν
3535 3493 3610 3561 τῷ
3667 3496 3850 3561 Εὐαγ-

2316 3567 2474 3635 γελίῳ
2504 3570 2883 3639 κεκλημένους,
2917 3575 3122 3641 ὀλίγους
3149 3577 3202 3628 δὲ
3246 3580 3366 3640 τοὺς
3420 3582 3720 3642 ἐκλεκτούς.
3761 3587 3842 3636 Οὐ

2314 3658 2418 3726 γὰρ
2446 3661 2476 3725 ὴ
2509 3660 2638 3727 πρὸς
2663 3661 2758 3729 τὴν
2783 3663 2971 3731 κλῆσιν
2993 3666 3134 3734 ὁρμὴ
3161 3666 3396 3736 ἐξαρκεῖ,
3429 3671 3492 3722 ἂν
3527 3671 3601 3740 μὴ
3633 3674 3721 3724 καὶ
3749 3691 3851 3742 με-

2313 3748 2620 3815 ταχείρησις
2650 3750 2904 3820 εὔδρομος
2994 3759 3058 3824 τῇ
3089 3759 3360 3826 προθέσει.

2387 3833 2556 3889 Οὗτοι
2614 3841 2666 3891 οἱ
2720 3843 2884 3909 λόγοι
2937 3846 3228 3911 ἀληθινοί.
3296 3848 3386 3916 Μὴ
3415 3852 3701 3918 προσκύνει
3751 3871 3846 3920 με,

2310 3926 2470 3993 φησὶν
2499 3927 2524 3975 ὁ
2557 3929 2796 3994 ἄγγελος,
2827 3933 2900 3994 ὠς
2937 3935 3002 3987 τὰ
3059 3937 3310 4004 μέλλοντα
3376 3942 3717 4007 προλέγοντα.
3768 3947 3845 3996 Οὐ

2309 4018 2413 4083 γὰρ
2446 4018 2572 4083 ἐμὸν
2599 4020 2748 4072 τοῦτο
2771 4023 2867 4088 τῆς
2901 4028 3222 4092 προφητείας
3250 4027 3306 4077 τὸ
3352 4029 3651 4097 γνώρισμα,
3701 4035 3838 4086 ἀλλὰ

2309 4107 2402 4168 τῆς
2433 4107 2517 4158 διὰ
2537 4110 2624 4159 τὸν
2649 4112 2877 4178 Χριστὸν
2912 4114 3193 4179 ὁμολογίας
3234 4117 3338 4167 τῶν
3372 4119 3673 4171 συνδούλων
3712 4140 3835 4187 μου.

2307 4193 2450 4259 Αὕτη
2482 4197 2585 4262 γάρ
2621 4198 2733 4247 ἐστι
2756 4201 2982 4266 χορηγὸς
3009 4203 3098 4252 τοῦ
3132 4205 3462 4271 προφητικίῶ
3512 4211 3836 4277 πνεύματος.

2393 4283 2450 4336 Ἠ
2473 4284 2576 4350 γὰρ
2599 4289 2889 4352 μαρτυρία
2918 4290 3020 4342 τοῦ
3061 4291 3190 4342 Υιοῡ
3219 4292 3346 4345 ἐστι
3381 4295 3445 4347 τὸ
3477 4299 3706 4365 πνεῦμα
3729 4301 3839 4366 τῆς

2314 4375 2690 4436 προφητείας.
2735 4375 2876 4426 Ἀντὶ
2915 4377 3008 4442 τῆς
3068 4378 3298 4446 ἀμοισῆς
3348 4382 3442 4449 τῆς
3483 4383 3568 4436 διὰ
3607 4387 3838 4456 Χριστὸν

2310 4461 2628 4528 μαρτυρίας,
2686 4463 2743 4513 τὸ
2800 4468 3126 4532 προφητικὸν
3171 4470 3282 4520 sort
3306 4472 3563 4541 χάρισμα,
3600 4477 3672 4538 ὡς
3721 4479 3837 4532 ἔστι

2307 4549 2396 4638 καί
2430 4550 2610 4615 ὅμοιον
2643 4555 2705 4618 τῇ
2764 4555 2913 4622 αὐτῇ,
2947 4557 3108 4624 φησὶν
3152 4560 3178 4609 ὁ
3236 4560 3482 4628 ἄγγελος.
3518 4567 3588 4617 Τὸ
3617 4586 3829 4638 προφηδ

2302 4637 2473 4688 τεύειν
2512 4639 2617 4707 γὰρ
2645 4640 2728 4692 διὰ
2751 4643 2870 4704 τοὺς
2918 4645 3222 4710 συνδούλους
3266 4667 3364 4717 μου
3396 4654 3518 4716 τοὺς
3554 4637 3832 4726 μάρτυρας

2302 4726 2627 4794 παρεσχέθη.

2845 4823 3084 4876 ΚΕΦΛΛ.
3141 4825 3269 4880 Nll'.

2456 4926 2558 5013 τον
2579 4930 2832 5013 Χριστρν
2858 4936 3363 5013 όΔΕιῗζιιγγςετιιστὴς
3387 4943 3645 5013 ἔφιππον
3676 4947 3828 5013 μετὰ

2401 4991 2706 5061 δυνάμεσιν
2739 4991 3067 5066 ἀγγελικῶι·⁷
3093 4991 3376 5060 ἒθεάσατρ

2363 5164 2466 5214 Kal
2505 5162 2662 5217 εἶδον
2686 5169 2787 5219 τὸν
2819 5170 3070 5237 οὐρανὸν
3112 5175 3498 5243 ἀνεῳγμένον.
3542 5182 3646 5232 Kal
3696 5182 3823 5234 ἰδοὺ

2297 5253 2473 5316 ἵππος
2501 5258 2732 5319 λευκὸς,
2761 5261 2851 5309 καὶ
2877 5264 2907 5311 ό
2935 5263 3257 5328 καθήμενος
3279 5268 3367 5316 ἐπ’
3386 5269 3586 5331 αὑτὸν,
3612 5273 3823 5334 πιστὸς

2295 5343 2386 5392 καὶ
2423 5343 2716 5408 ἀληθινιῖς,
2755 5349 2846 5397 καὶ
2889 5351 2954 5400 ἐν
2975 5351 3324 5419 δικαιοσύνῃ
3355 5359 3536 5422 κρίνει
3564 5359 3658 5408 καὶ
3709 5373 3816 5408 πο-

2291 5430 2470 5492 λεμεῖ.
2505 5435 2565 5484 Ol
2605 5433 2669 5482 δὲ
2708 5435 2990 5504 ὀφθαλμοὶ
3043 5443 3244 5508 αὑτοῦ,
3302 5445 3378 5507 ὡς
3405 5430 3562 5510 φλόξ
3609 5445 3817 5509 πηούς-
