4126 6332
235 365 340 428 741

1288 351 1662 413 COMMENT.
1704 348 1784 410 IN
1823 346 2334 407 APOCALYPSIN.

3299 339 3403 406 742

240 477 350 528 Καὶ
382 471 477 525 ἐπὶ
505 469 618 529 τὴν
644 467 910 536 κεφαλὴν
956 461 1138 516 αὐτοῦ
1189 460 1510 527 διαδήματα
1560 456 1779 518 πολλὰ,

1812 471 1852 520 Α
1880 455 1992 522 ejus
2023 454 2319 504 diademata
2364 449 2546 508 "nulla,
2580 449 2768 500 habens
2788 463 2964 499 nomen
2995 446 3243 513 scriptum
3273 452 3404 514 quod

236 567 400 630 ἔχων
434 562 620 627 ὄνομα
656 552 1115 626 γεγραμμένοηὸ
1139 549 1334 612 οὐδεὶς
1369 546 1548 611 οἶδεν,
1590 552 1640 598 ει
1690 547 1776 613 μὴ

234 655 441 714 αὐτός.
472 649 581 703 Kal
629 636 1119 713 περιϐεϐλημένος-
1148 638 1374 707 ἱμάτιον
1404 638 1779 703 βεϐαμμένον

229 743 308 796 ἐν
366 741 584 807 αἵματι.
624 738 730 790 Kal
768 734 1027 788 καλεῖται
1054 730 1118 783 τὸ
1154 730 1338 795 ὄνομα
1371 725 1576 788 αὑτοῦ,
1611 727 1642 776 ό
1674 724 1779 776 Λό-

239 847 346 896 γος
384 829 488 881 τοῦ
528 826 693 880 Θεοῦ.
743 824 848 877 Kal
907 823 974 874 τὰ
1005 818 1406 886 στρατεύματα
1442 813 1512 867 τὰ
1573 813 1641 864 ἐν
1704 811 1782 874 τῷ

236 916 475 982 οὐρανῷ
525 913 834 980 ἠκολούθει
880 906 1037 970 αὐτῷ
1115 905 1210 956 ἐπὶ
1265 904 1468 962 ἵπποις
1517 897 1776 960 λευκοῖς,

237 1006 623 1073 ἐνδεδυμένοι
665 1002 969 1065 βύσσινον
993 994 1232 1056 λευκὸν,
1264 991 1538 1055 καθαρόν.

312 1093 388 1144 Ti)
410 1071 674 1159 ὴνεῷχθαι
703 1087 789 1137 τὸν
823 1083 1043 1152 οὐρανὸν
1091 1080 1242 1148 δηλοῖ
1277 1079 1373 1145 τὴν
1420 1075 1511 1128 τοῦ
1568 1071 1781 1134 ἐλπιζο-

243 1181 408 1248 μένου
439 1177 623 1248 κριτοῦ
651 1174 966 1242 παρουσίαν.
1006 1171 1134 1238 Ὀρᾷ
1159 1168 1215 1218 δὲ
1242 1167 1399 1218 αὐτὸν
1427 1164 1615 1230 ἔποχον
1635 1162 1782 1230 ἵππῳ

243 1267 442 1335 λευκῷ,
482 1263 850 1335 στρατηγικῶς
873 1258 1344 1326 ὲνεσκευασμένον,
1385 1256 1442 1306 ὃν
1467 1255 1559 1306 καὶ
1588 1253 1779 1304 πιστόν

244 1370 382 1425 φησι
413 1356 504 1408 καὶ
529 1353 796 1422 ἀληθινὸν,
844 1352 937 1403 καὶ
976 1349 1181 1420 κρίνειν
1230 1348 1288 1397 ὲν
1328 1343 1640 1412 δικαιοσύνῃ
1688 1342 1782 1393 καὶ

245 1446 524 1514 πολεμεῖν.
553 1444 731 1509 Ἵππῳ
765 1441 882 1510 μὲν,
910 1439 997 1491 διὰ
1028 1438 1089 1488 τὸ
1114 1436 1274 1504 τάχος
1298 1437 1395 1501 τῆς
1424 1430 1781 1490 ὲπελεύσεως·

243 1532 423 1600 λευκῷ
450 1532 526 1595 δὲ,
561 1532 649 1584 διὰ
688 1530 747 1582 τὸ
803 1527 1022 1595 φαιδρὸν
1077 1527 1171 1576 καὶ
1216 1520 1629 1576 ἀνεπισκίαστον
1676 1515 1785 1568 τῶν

245 1623 529 1691 χριμάτων
561 1621 649 1672 ὐπ’
677 1618 900 1686 οὐδεμιᾷ
923 1613 1287 1680 δουλουμένων
1339 1605 1780 1679 προσωποληψίᾳ.

243 1710 444 1771 Πιστὸς
484 1711 540 1762 δὲ
596 1709 688 1761 καὶ
743 1706 985 1773 ἀληθινὸς
1026 1705 1056 1754 ὁ
1088 1702 1377 1768 ἀναὸἀτης,
1433 1699 1562 1766 περὶ
1593 1691 1651 1748 οὗ
1694 1699 1785 1747 καὶ

1880 559 2023 595 nemo
2058 543 2233 604 novit,
2278 550 2465 606 prwter
2510 541 2700 606 ipsum.
2746 538 2811 590 Et
2865 539 3076 590 uestitus
3128 548 3238 588 erat
3283 550 3411 590 veste

1880 635 2038 684 tincta
2065 632 2331 698 sanguine,
2365 642 2413 682 et
2441 640 2655 682 vocatur
2693 645 2872 681 nomen
2905 630 3014 695 ejus
3052 627 3270 680 Verbum
3299 630 3408 679 Dei.

1887 720 1951 773 Et
1984 729 2238 772 exercitus
2271 721 2359 786 qui
2406 727 2525 771 sunt
2565 722 2613 770 in
2647 718 2769 768 coelo
2801 720 3140 784 sequebantur
3182 734 3295 770 eum
3327 733 3412 768 su-

1877 824 1967 875 per
1993 824 2144 876 equos
2177 808 2343 868 albos,
2374 806 2581 859 indutos
2603 806 2752 872 bysso
2783 806 2920 867 alba,
2948 807 3163 858 munda.

1949 1059 2207 1126 Apertum
2266 1070 2385 1111 esse
2436 1057 2653 1122 cmlum,
2693 1058 3078 1124 praescientiam
3145 1059 3411 1126 signiﬁcat

1879 1148 2175 1216 exspectati
2214 1147 2433 1214 judicis.
2462 1147 2603 1200 Vidit
2653 1155 2825 1198 autem
2867 1148 3038 1214 ipsum
3092 1163 3230 1216 equo
3289 1151 3410 1215 albo

1883 1237 2223 1300 insidentem,
2266 1245 2615 1302 praeparatum
2647 1237 2710 1287 ad
2734 1236 3032 1289 ducendum
3067 1238 3360 1290 exercitum
3393 1256 3406 1290 :

1881 1339 2039 1393 quem
2072 1325 2232 1378 etiam
2282 1325 2489 1377 ﬁdelem
2518 1324 2648 1376 dicit
2675 1339 2736 1376 ac
2770 1339 3012 1377 veraeem
3032 1365 3046 1389 ,
3076 1337 3128 1377 et
3168 1327 3411 1392 judicare

1881 1428 1955 1468 ac;
2006 1428 2243 1483 pugnare
2281 1415 2332 1465 in
2377 1415 2586 1481 justitia
2629 1431 2641 1466 :
2693 1429 2831 1482 equo
2877 1414 3115 1482 quidem,
3158 1430 3221 1468 eo
3268 1417 3409 1484 quod

1881 1503 1990 1558 cito
2019 1504 2090 1557 sit
2125 1512 2379 1556 venturus
2411 1521 2424 1555 :
2475 1504 2598 1555 albo
2625 1518 2769 1567 vero,
2821 1513 3037 1571 propter
3082 1504 3408 1570 judicrorum

1883 1593 2196 1654 claritatem,
2251 1607 2367 1660 quae
2402 1593 2563 1646 nullis
2607 1593 2793 1645 obfusa
2844 1601 2967 1645 sunt
3021 1595 3272 1653 tenebris.
3316 1610 3414 1647 nec

1884 1683 1992 1736 ulla
2022 1697 2371 1749 personarum
2401 1682 2709 1749 acceptione
2737 1683 2988 1734 obnoxia.
3009 1681 3204 1736 Fidelis
3235 1696 3410 1736 autem

241 1800 459 1861 Παῦλὸς
490 1814 640 1866 φησι.
678 1814 696 1847 ι
735 1771 926 1856 Πιστὸς
953 1793 1117 1863 μένει,
1145 1788 1478 1860 ἀρνήσασθαι
1507 1786 1694 1839 ἑαυτὸν
1727 1785 1785 1835 οὐ

1816 1791 1861 1848 Β
1887 1780 1938 1824 et
1976 1786 2131 1823 verax
2179 1780 2260 1824 est
2293 1785 2566 1830 ascensor,
2601 1771 2665 1821 de
2701 1786 2805 1837 quo
2832 1772 3030 1824 Paulus
3061 1774 3188 1826 dicit
3221 1791 3233 1825 :
3266 1792 3283 1823 ι
3326 1774 3413 1826 Fi-

242 1889 483 1943 δύναται.
524 1906 543 1939 ι

319 1982 388 2030 Ol
417 1978 482 2030 δὲ
519 1973 806 2045 ὀφθαλμοὶ
830 1973 1032 2027 αὐτοῦ.
1066 1972 1176 2038 Οὐχ
1205 1970 1285 2022 ὅτι
1303 1967 1537 2025 τοιοῦτος
1555 1963 1631 2031 τῷ
1659 1962 1785 2013 εἴδει

243 2069 702 2137 περιγέγραπται,
757 2065 887 2125 Θεὸς
945 2066 970 2115 ὁ
1019 2062 1109 2113 τὸν
1141 2058 1364 2125 οὐρανὸν
1413 2055 1650 2120 πληρῶν,
1694 2051 1786 2102 καὶ

240 2155 443 2223 μηδενὶ
466 2157 608 2222 τόπῳ
633 2151 1091 2220 περιοριζόμενος,
1118 2148 1209 2198 καὶ
1230 2147 1291 2212 δή
1327 2160 1389 2210 γε
1423 2142 1554 2210 πρὸς
1579 2141 1784 2199 τούτοις

239 2243 348 2293 καὶ
372 2241 639 2307 διαφόροις
673 2239 853 2300 εἴδεσι,
880 2238 987 2296 τοῖς
1015 2235 1174 2293 θείοις
1199 2231 1555 2297 ὀπτανόμενος
1577 2227 1785 2295 προφή-

239 2348 398 2393 ταις,
435 2328 544 2383 ἀλλ’
573 2329 652 2380 ὃτι
703 2328 782 2378 δεῖ
820 2324 1268 2392 συγκαταϐαίνειν
1298 2324 1363 2388 τῇ
1395 2318 1647 2386 ἀσθενείᾳ
1680 2316 1781 2383 τῆς

236 2419 588 2487 ἀνθρωπίνης
619 2417 1008 2483 κατανοήσεως.
1048 2413 1162 2479 Ἀφ’
1199 2405 1259 2462 οὗ
1287 2411 1375 2460 καὶ
1407 2408 1579 2474 δῆλον,
1603 2405 1675 2464 ὼς
1722 2405 1781 2454 οὐ

240 2507 578 2572 σωματικοῖς
609 2503 946 2571 χαρακτῆρσι
969 2498 1331 2552 διαστέλλεται
1352 2499 1378 2547 ὁ
1405 2495 1555 2555 Θεὸς,
1588 2496 1696 2552 τοῖς
1726 2491 1781 2543 δὲ

240 2595 460 2660 καιροῖς
480 2593 698 2651 καὶτοῖς
718 2593 1030 2656 πράγμασιν
1051 2583 1471 2653 ἀφομοιούμενος
1501 2582 1780 2647 τυγχάνει,

241 2685 441 2751 ὥσπερ
484 2682 575 2735 καὶ
610 2681 703 2733 νῦν
747 2679 866 2731 ἐπεὶ
916 2677 1142 2746 κρίσεως
1170 2675 1357 2743 καιρὸς
1395 2673 1621 2725 καὶτῶν
1657 2672 1784 2723 ἑκά-

243 2784 368 2835 στῳ
389 2767 724 2835 βεϐιωμένων
746 2767 778 2833 ἠ
794 2764 907 2815 κατ’
939 2761 1090 2824 ἀξίαν
1117 2763 1362 2819 ἀπόδοσις
1393 2761 1638 2826 πάρεστι,
1663 2759 1784 2819 τοὺς

245 2854 567 2922 ὀφθαλμοὺς
601 2852 763 2904 αὐτοῦ
793 2851 948 2919 φλογὶ
985 2849 1309 2902 ἀπεικάσθαι
1337 2846 1547 2914 ὁρῶμεν
1592 2845 1781 2913 πυρὸς,

246 2944 452 3013 ἐχούσῃ
481 2942 612 3015 api);
660 2941 720 2993 τὸ
762 2938 1081 3007 φωτιστικὸν
1113 2937 1205 2988 καὶ
1255 2937 1566 2987 καυστικόψ
1620 2949 1785 2998 φωτι-

248 3030 438 3081 στικὸν
476 3029 596 3097 μὲν,
645 3026 886 3095 ἀγγέλοις
933 3026 1023 3077 καὶ
1080 3020 1332 3085 δικαίοις·
1368 3021 1652 3074 καυστικὸν
1691 3021 1783 3082 δὲ,

245 3118 470 3187 δαίμοσι
500 3117 593 3168 καὶ
618 3117 977 3186 ἁμαρτωλοῖς.

326 3299 434 3353 Καὶ
463 3300 558 3352 ἐπὶ
580 3299 692 3364 τὴν
716 3296 987 3366 κεφαλὴν
1006 3296 1188 3350 αὐτοῦ
1219 3295 1545 3361 διαδήματα
1569 3295 1786 3348 πολλά.

245 3389 336 3441 Τὰ
369 3387 536 3439 πολλά
584 3387 882 3456 διαδήματα
935 3386 1031 3456 τῆς
1086 3386 1223 3436 κατά
1281 3384 1494 3436 πάντων
1550 3383 1791 3446 ἐξουσίας

248 3479 374 3529 ἐστὶ
405 3478 708 3546 γνώρισμα,
757 3477 1018 3545 οὐρανίων
1047 3474 1136 3526 καὶ
1161 3477 1411 3541 ἐπιγείων
1473 3475 1567 3526 καὶ
1623 3491 1792 3526 κατα-

248 3565 484 3633 χθονίων
504 3583 517 3596 ·
550 3566 809 3635 οὐρανίων
843 3566 960 3632 μὲν,
991 3566 1096 3616 τῶν
1128 3564 1428 3630 ἀγγελικῶν
1469 3564 1755 3630 ταγμάτων
1777 3579 1789 3590 ·

248 3655 513 3718 ἐπιγείων
542 3654 618 3716 δὲ,
650 3656 754 3707 τῶν
782 3657 838 3704 ὲν
867 3655 1039 3718 ἁγίοις
1080 3654 1436 3721 συστημάτων
1471 3655 1565 3704 καὶ
1595 3654 1700 3704 τῶν
1736 3654 1792 3703 ἐν

251 3741 536 3809 βασιλεῦσι
583 3746 870 3811 σκήπτρων
891 3760 903 3770 ·
940 3741 1304 3809 καταχθονίων
1335 3743 1413 3805 δὲ,
1440 3744 1557 3793 ἐπεὶ
1592 3743 1683 3792 καὶ
1707 3760 1791 3792 νε-

252 3831 405 3900 κρῶν
449 3830 633 3902 ὥσπερ
674 3833 766 3884 καὶ
796 3831 1009 3892 ζώντων
1036 3831 1275 3898 κυριεύει
1310 3833 1448 3882 κατά
1481 3831 1694 3880 πάντων
1727 3831 1793 3880 τά

251 3919 544 3987 νικητήρια
578 3920 985 3987 ἐπιφερόμενος.

335 4029 403 4078 Ὃ
436 4026 629 4092 οὐδεὶς
661 4027 841 4090 οἶδεν,
870 4029 919 4078 el
947 4027 1030 4094 μὴ
1060 4026 1257 4089 αὑτός.
1295 4027 1366 4077 Τὸ
1388 4027 1658 4092 ἄγνωστον
1701 4027 1792 4080 τοῦ

251 4118 517 4185 ὀνόματος
545 4118 604 4170 τὺ
631 4117 730 4184 τῆς
765 4119 951 4179 οὐσίας
1002 4116 1163 4169 αὐτοῦ
1193 4119 1566 4186 ἀκατάληπτον
1599 4119 1795 4187 σημαί-

253 4224 357 4260 νει.
385 4207 515 4268 Ταῖς
543 4207 648 4274 γὰρ
683 4206 1006 4277 οἰκονομίαις
1040 4206 1113 4258 ὢν
1137 4208 1500 4275 πολυώνυμος,
1527 4209 1599 4270 ὼς
1643 4210 1797 4272 Ἀγα-

253 4296 372 4361 θὸς,
401 4297 471 4358 ὡς
505 4297 731 4365 Ποιμὴν,
761 4298 834 4359 ὡς
883 4297 1091 4360 Ἷιλιος,
1121 4297 1193 4358 ὡς
1250 4297 1386 4361 Φῶς,
1441 4297 1513 4358 ὡς
1544 4298 1685 4365 Ζωὴ,
1723 4298 1796 4359 ὡς

1887 1858 2018 1910 delis
2042 1866 2338 1924 permanet,
2371 1874 2560 1923 negare
2588 1860 2820 1924 seipsum
2851 1875 2953 1910 non
2981 1869 3149 1924 potest
3177 1863 3240 1914 ⁸³.
3285 1881 3301 1912 ι

1956 1948 2105 2000 Oculi
2125 1959 2292 2000 autem
2321 1949 2483 2012 ipsius
2511 1950 2641 1998 sicut
2678 1950 2888 2013 ﬂamma
2917 1952 3066 2016 ignis.
3114 1949 3227 2004 Non
3269 1957 3409 2020 quod

1885 2037 2193 2105 hujusmodi
2229 2038 2403 2103 specei
2445 2039 2886 2104 circumscriptus
2913 2040 2978 2089 sit
3017 2038 3152 2091 Deus
3182 2045 3268 2108 qui
3301 2059 3410 2094 ca:-

1882 2129 1990 2181 lum
2013 2127 2214 2193 implet,
2257 2141 2425 2192 neque
2453 2127 2559 2177 ullo
2583 2127 2698 2176 loco
2724 2127 3213 2182 circumscribitur:
3238 2147 3410 2198 quan-

1882 2231 2040 2283 quam
2075 2226 2268 2280 praeter
2302 2217 2396 2266 has
2430 2215 2589 2267 variis
2616 2230 2827 2282 quoque
2879 2216 3064 2268 formis
3092 2230 3412 2287 conspectus

1883 2307 1953 2359 sit
1988 2321 2016 2357 a
2049 2305 2244 2357 divinis
2279 2307 2556 2372 prophetis
2589 2322 2601 2356 :
2654 2306 2744 2359 sed
2800 2309 2939 2374 quod
2980 2320 3221 2375 oporteat
3252 2314 3412 2365 verba

1884 2393 2088 2446 demitti
2139 2394 2204 2446 ad
2266 2395 2682 2448 imbecillitatem
2734 2395 2981 2448 humana:
3035 2398 3412 2466 intelligentia.

1886 2479 2041 2533 Unde
2072 2481 2233 2533 etiam
2270 2481 2616 2534 manifestum
2644 2493 2724 2534 est
2753 2484 2892 2549 quod
2926 2499 3029 2535 non
3059 2485 3414 2554 distinguatur

1887 2569 2027 2623 Deus
2053 2571 2423 2637 corporalibus
2448 2569 2660 2633 formis,
2688 2572 2775 2623 sed
2805 2572 3133 2638 temporibus
3165 2589 3226 2626 ac
3257 2576 3413 2627 rebus

1883 2660 2227 2716 assimilatus.
2270 2661 2341 2714 sit
2375 2678 2388 2713 :
2422 2660 2869 2727 quemadmodum
2897 2670 2949 2713 et
2974 2677 3133 2723 nunc,
3165 2665 3412 2730 quoniam

1879 2747 2067 2814 judicii
2121 2759 2330 2814 tempus
2390 2749 2649 2811 imminet,
2703 2750 2966 2816 dignaque
3007 2751 3287 2802 retributio
3321 2766 3417 2803 eo-

1884 2851 2002 2888 rum
2055 2852 2174 2904 quae
2213 2836 2441 2903 quisque
2480 2838 2664 2904 gessit,
2719 2837 2907 2889 oculos
2957 2838 3127 2905 ipsius
3174 2839 3415 2892 videmus

1885 2925 2115 2978 ﬂammae
2148 2924 2287 2994 ignis
2335 2939 2455 2978 esse
2494 2935 2854 2992 comparatos,
2903 2941 3021 2991 quae
3071 2927 3172 2977 vim
3223 2928 3416 2979 habeat

1885 3015 2224 3068 illuminandi
2271 3023 2326 3066 et
2362 3014 2618 3066 exurendi
2651 3032 2662 3066 :
2699 3014 3033 3067 illuminandi
3071 3016 3284 3081 quidem
3321 3031 3417 3066 an-

1812 3111 1854 3166 c
1889 3104 2037 3172 gelos
2086 3119 2148 3157 ac
2175 3103 2372 3171 justos,
2401 3103 2656 3156 exurendi
2691 3118 2815 3156 vero
2870 3105 3136 3158 daemones
3181 3119 3243 3158 ac
3293 3119 3416 3159 oec-

1889 3203 2112 3246 catores.

1959 3302 2027 3355 Et
2081 3319 2231 3370 super
2280 3311 2433 3370 caput
2485 3302 2594 3365 eius
2654 3302 2952 3354 diademata
3009 3303 3194 3354 multa.
3258 3301 3418 3357 Multa

1890 3395 2189 3448 diademata
2238 3393 2493 3445 indicium
2527 3401 2608 3444 est
2662 3392 2940 3458 potestatis
2975 3391 3026 3443 in
3074 3407 3260 3446 omnes
3311 3409 3421 3446 ca:-

1894 3486 2051 3537 lestes
2086 3493 2139 3537 et
2173 3493 2413 3536 terrenos
2449 3497 2512 3535 ac
2561 3481 2977 3533 subterraneos:
3012 3481 3254 3533 caelestes
3302 3482 3420 3548 qui-

1892 3577 2033 3636 dem,
2071 3582 2192 3640 puta
2211 3557 2493 3639 angelicas
2521 3571 2734 3623 ordines
2760 3585 2772 3631 ;
2809 3578 3045 3621 terrenos
3065 3578 3262 3633 autem,
3300 3583 3420 3638 puta

1892 3662 2332 3730 congregationcs
2383 3669 2687 3711 sanctorum
2752 3671 2814 3707 ac
2872 3667 3080 3724 sceptra
3119 3673 3236 3724 qua:
3286 3660 3426 3710 inter

1893 3766 2043 3816 reges
2078 3760 2235 3812 sunt;
2277 3749 2653 3801 subterraneos
2699 3760 2846 3806 vero,
2877 3761 2996 3796 cum
3033 3748 3261 3799 mortuis
3289 3764 3422 3815 quo-

1891 3850 1995 3901 que
2027 3837 2170 3889 sicut
2215 3846 2266 3887 et
2296 3836 2428 3887 vivis
2457 3837 2780 3898 dominatur,
2813 3838 3071 3888 adversus
3101 3853 3289 3892 omnes
3339 3841 3422 3890 vi-

1891 3925 2073 3977 ctoria:
2099 3925 2247 3991 signa
2272 3922 2566 3986 proferens.

1963 4013 2113 4077 Quod
2164 4029 2309 4065 nemo
2365 4015 2519 4076 norit,
2567 4020 2752 4078 pra’ter
2781 4013 2968 4080 ipsum.
3007 4012 3247 4081 Ignotum
3304 4031 3427 4071 esse

1896 4119 2088 4156 nomen
2123 4103 2387 4171 signiﬁcat
2419 4102 3113 4169 incomprehensibilitatem
3170 4105 3389 4159 subSIan

1896 4195 1983 4248 tiae
2036 4197 2223 4264 ipsius.
2282 4195 2555 4264 Siquidem
2592 4197 2743 4265 juxta
2794 4197 3222 4265 dispensationes
3277 4202 3421 4253 varia

1896 4284 2057 4338 habet
2083 4287 2318 4351 nomina,
2357 4295 2482 4355 puta
2531 4287 2740 4350 Bonus,
2805 4286 3020 4353 Reetor,
3069 4289 3180 4341 sive
3213 4286 3421 4350 Pastor,

268 4387 583 4453 Ἀγιασμὸς,
602 4387 676 4449 ὼς
692 4386 1085 4456 Ἀπολύτρωσις
1109 4389 1235 4457 (61).
1258 4389 1365 4441 Καὶ
1394 4390 1510 4450 ταῖς
1537 4388 1793 4454 ἀποφάσε-

1831 4404 1873 4458 D
1900 4377 2012 4442 Sol,
2052 4377 2186 4440 Lux,
2214 4376 2378 4460 ‘Vita,
2425 4379 2807 4443 Sanctiﬁcatio,
2858 4379 3202 4446 Redemptio,
3236 4389 3289 4433 et
3351 4380 3426 4433 si—

255 4488 343 4524 σιν
378 4474 596 4538 ὁμοίως,
633 4474 704 4535 ὡς
732 4477 1072 4544 Ἀφθαρτος,
1093 4477 1361 4549 ’Δόρατος,
1404 4478 1795 4543 Ἀναλλοίωτος,

250 4561 292 4627 ἡ
334 4559 504 4612 Οὐσία
529 4561 828 4630 ἀνώνυμος,
859 4566 1003 4634 αὐτῷ
1035 4569 1176 4636 μόνῳ
1218 4569 1450 4639 γνωστὴ,
1485 4569 1575 4620 καὶ
1605 4568 1663 4619 οὐ
1693 4586 1796 4620 τινι.

254 4650 445 4715 ἑτέρῳ.

338 4736 594 4802 Ἰμάτιον
634 4739 1006 4810 ,βεϐαμμένον
1041 4745 1110 4796 ἐν
1156 4747 1372 4812 αἵματι.
1437 4747 1669 4815 Ὶμάτιον
1709 4747 1798 4798 τοῦ

249 4825 453 4891 Λόγου,
481 4828 513 4893 ἡ
538 4828 799 4896 ἄχραντος
826 4831 980 4899 σὰρξ,
1007 4833 1037 4898 ἠ
1072 4833 1298 4900 βαφείσα
1333 4835 1389 4883 ἐν
1412 4833 1487 4901 τῷ
1514 4834 1676 4902 τιμίῳ
1704 4835 1799 4885 αὐ-

249 4916 348 4967 τοῦ
377 4916 586 4983 αἵματι.
621 4918 757 4968 Ἀλλ’
783 4920 924 4982 εἰκός
953 4924 1067 4972 ἐστί
1103 4940 1218 4974 τινα
1252 4924 1610 4991 ὲπαπορῆσαι,
1637 4925 1749 4983 πῶς
1772 4925 1802 4974 ὁ

253 5009 365 5075 πρὸ
403 5007 596 5075 μικροῦ
626 5009 901 5077 ἀνώνυμος
935 5016 1277 5080 χρηματίσας
1310 5015 1401 5065 καὶ
1433 5016 1594 5066 πᾶσιν
1625 5015 1797 5080 ἄγνω-

253 5115 380 5159 στος
419 5098 556 5149 κατὰ
602 5098 662 5148 τὺ
701 5099 887 5167 ὄνομα,
939 5104 1028 5153 νῦν
1056 5104 1285 5155 ἐνταῦθα
1319 5106 1487 5172 Λόγος
1538 5105 1792 5172 ὀνομάζε-

250 5210 364 5242 ται.
402 5191 466 5240 Ἣ
496 5189 588 5240 οὖν
635 5191 767 5257 πρὸς
817 5191 1034 5252 ἔνδειξιν
1064 5194 1163 5260 τῆς
1218 5196 1394 5263 uinci];
1448 5196 1792 5254 ὑποστάσεως

249 5284 346 5331 καὶ
374 5281 467 5347 τῆς
493 5279 767 5346 ἐμπαθοῦς
797 5280 857 5330 ἐκ
889 5282 1096 5348 Harpe;
1153 5286 1452 5352 γεννήσεως
1500 5283 1792 5350 ἑκληπτέον

317 5461 368 5495 ⁹³
403 5461 418 5514 Ι
458 5458 596 5512 Ti'tl.
635 5458 712 5509 I5.

328 5619 448 5690 (6i)
479 5616 653 5672 Verba
681 5615 755 5677 ὡς
788 5612 1178 5682 Ἀπολύτρωσις
1213 5615 1433 5670 deerant
1463 5617 1514 5667 in
1551 5615 1692 5682 vulg.

1899 4467 2052 4519 miles
2083 4481 2177 4534 per
2236 4469 2570 4534 negationes,
2601 4469 2740 4522 sicut.
2777 4467 3230 4538 Incorruplibilis,
3286 4469 3427 4522 lnvi-

1897 4555 2090 4618 sibilis,
2117 4555 2494 4619 lmmutabilis,
2529 4555 2776 4609 Essenlia
2805 4557 3158 4621 innominala,
3191 4557 3288 4611 soli
3323 4557 3426 4609 sibi

1893 4649 2099 4716 cognita
2133 4656 2185 4699 et
2214 4661 2319 4698 non
2348 4646 2518 4698 alteri.

1963 4737 2122 4805 807
2163 4735 2309 4788 Veste
2337 4737 2496 4786 tincta
2527 4737 2805 4804 sanguine.
2835 4737 3013 4790 Vestis
3037 4736 3194 4789 Verbi
3232 4735 3431 4789 ύὶιὶιιιτ

1898 4828 2238 4882 immaculata
2301 4840 2448 4888 caro,
2488 4828 2651 4880 tincta
2703 4828 2937 4894 pretioso
2990 4843 3087 4881 suo
3141 4828 3422 4894 sanguine.

1893 4918 1996 4971 Sed
2043 4915 2334 4969 verisimile
2399 4925 2479 4968 est
2541 4917 2770 4984 aliquem
2812 4917 3080 4980 ha'sitare,
3135 4916 3425 4985 quomodo,

1895 5025 2015 5061 cum
2063 5007 2220 5074 paulo
2276 5015 2400 5057 ante
2441 5006 2666 5060 dixisset
2719 5021 3046 5075 anonymnm
3097 5015 3149 5059 et
3180 5006 3426 5059 omnibus

1901 5098 2112 5151 nomine
2154 5097 2412 5163 ignotum,
2449 5097 2548 5149 hoc
2577 5097 2695 5150 loco
2723 5111 2862 5150 nunc
2902 5095 3131 5148 Verbum
3168 5094 3422 5159 nominet.

1898 5191 2005 5242 Aut
2032 5189 2131 5242 hoc
2153 5187 2312 5255 igitur
2330 5187 2696 5253 accipiendum
2727 5194 2808 5239 est
2832 5186 2894 5238 ad
2916 5181 3427 5238 demonstrationem

1897 5280 2014 5334 Filii
2046 5288 2099 5334 et
2131 5277 2424 5331 nativitatis
2455 5277 2656 5330 ail'ccta:
2684 5293 2745 5331 ex
2770 5276 2945 5341 Patre,
2974 5271 3428 5342 quemadmodum
