4126 6332
667 330 773 394 743

1454 317 1767 380 ΑΒΕΊἮᾹΞ
1795 315 2174 376 CAESARI“?!
2206 315 2679 374 CAPPADOCMZ
2716 314 3046 376 EPISCOPI

3710 313 3748 374 7
3754 311 3830 371 ιι

675 454 916 497 nostrum
968 437 1190 492 verbum
1251 449 1315 488 es
1375 441 1554 488 mente
1589 430 1828 500 procedit
1860 447 1875 485 :
1929 437 2024 484 aut
2059 429 2199 498 quod
2229 441 2270 493 Α
2298 428 2472 493 τοῦτο,
2504 428 2664 482 καθάι

2298 428 2472 493 τοῦτο,
2504 428 2749 499 καθάπερ
2773 430 2801 480 ό
2823 429 3083 498 ἡμέτερος
3110 427 3263 495 λόγος
3296 427 3357 480 ὲκ
3381 426 3472 480 τοῦ
3504 425 3595 480 νοῦ
3637 425 3832 496 πρόει-
3876 408 3884 412 ’

673 528 912 584 omnium
946 538 1221 578 sermones
1254 523 1308 574 in
1337 535 1397 575 se
1425 521 1716 574 contineat.

748 614 810 666 Et
850 613 1102 667 exercitus
1135 610 1220 677 qui
1265 616 1383 660 sunt
1423 607 1478 658 in
1521 607 1645 660 caelo
1680 591 2022 674 sequebant'ur
2057 621 2196 662 eum.

675 705 806 756 Cum
895 713 1173 768 supremus
1242 697 1313 750 sit
1364 697 1466 748 dux
1540 694 1838 748 caelestium
1916 692 2198 758 virtutum,

684 787 1131 858 quemadmodum
1182 784 1295 850 ipse
1330 783 1539 836 dixerat
1594 780 1722 835 Jesu
1783 780 1947 845 Nave,
2007 780 2200 834 merito

681 884 1034 930 assectatores
1099 871 1285 925 habuit
1317 870 1408 937 qui
1450 869 1516 923 ad
1571 870 1816 922 militiam
1875 869 2201 936 complerent

678 964 918 1026 ordines,
951 977 1042 1015 eos
1068 960 1410 1029 potissimum
1442 958 1533 1026 qui
1564 973 1704 1012 nunc
1731 957 1797 1011 ad
1832 958 2070 1026 praelium
2126 957 2200 1010 ir-

685 1057 904 1104 ruerent
956 1048 1215 1101 adversus
1282 1047 1497 1115 impios.
1555 1045 1679 1100 Hac
1742 1054 1919 1099 autem
1964 1047 2201 1098 humano

681 1154 830 1191 more
890 1137 1153 1205 disposita
1191 1144 1318 1190 sunt
1363 1135 1417 1188 in
1476 1136 1819 1198 revelatione,
1856 1135 1982 1204 quia
2031 1147 2203 1202 neque

681 1230 786 1280 alio
824 1226 980 1280 modo
1011 1225 1300 1293 signiﬁcari
1340 1226 1659 1292 potuissent.
1694 1223 1912 1290 Equites
1953 1236 2080 1274 vero
2109 1222 2203 1274 de-

683 1315 966 1382 signantur
993 1320 1046 1366 et
1075 1310 1166 1378 qni
1197 1313 1351 1377 equis
1374 1311 1506 1363 albis
1538 1310 1768 1363 insident
1793 1326 1808 1361 :
1840 1319 1897 1361 ut
1925 1307 2048 1375 equi
2076 1321 2205 1360 sane

683 1403 942 1454 adventus
971 1399 1309 1452 velocitatem
1340 1399 1653 1464 designent;
1689 1397 1875 1449 albedo
1897 1410 2022 1448 vero
2043 1408 2207 1462 equo-

684 1505 803 1544 rum
832 1489 1008 1541 taliter
1038 1488 1260 1540 adornet
1297 1488 1545 1540 caelestes
1574 1486 1810 1538 ordines.
1845 1485 1908 1536 Et
1934 1491 2081 1536 certe
2108 1482 2205 1549 ipsi

688 1589 904 1644 quoque
947 1587 1264 1626 ascensores
1311 1572 1666 1625 ostenduntur
1703 1571 1872 1623 induti
1921 1570 2038 1637 alba
2070 1568 2204 1623 stola

693 1666 928 1734 byssina.
967 1663 1105 1727 Quid
1158 1663 1299 1714 enim
1349 1662 1488 1714 inter
1545 1660 1842 1714 materialia
1892 1674 1956 1712 ac
1996 1667 2205 1711 terrena

692 1723 870 1823 aptius
895 1723 1099 1807 cmicsti
1131 1766 1195 1806 ac
1220 1751 1400 1805 divino
1426 1749 1588 1804 οωιαί
1624 1748 1859 1817 conspici
1894 1745 2100 1816 potest?
2240 1723 2282 1778 Β

757 1918 897 1984 XIX,
923 1919 1006 1980 l5,
1034 1918 1118 1972 16.
1151 1916 1214 1970 Et
1244 1918 1308 1968 de
1327 1930 1414 1969 one
1436 1914 1548 1983 ejus
1570 1915 1798 1983 procedit
1825 1913 2030 1984 gladius
2048 1912 2213 1965 uirino

688 2027 785 2070 aue
821 2019 1025 2071 acutus,
1054 2016 1109 2058 ut
1139 2015 1197 2060 eo
1229 2006 1483 2073 percutiat
1512 2013 1679 2072 gentes
1703 2019 1722 2056 :
1754 2012 1802 2056 et
1823 2003 1926 2070 ipse
1959 2013 2091 2070 reget
2126 2017 2212 2052 eas

689 2100 828 2165 virga
868 2097 1054 2162 ferrea.
1103 2093 1169 2144 Et
1202 2094 1309 2158 ipse
1356 2093 1524 2143 calcat
1565 2091 1797 2142 torcular
1847 2090 1952 2142 vini
2016 2087 2211 2156 furoris

689 2187 782 2238 ira:
811 2184 903 2237 Dei
955 2182 1340 2248 omnipotentis.
1380 2178 1447 2231 Et
1487 2179 1634 2230 habet
1672 2192 1821 2244 super
1865 2178 2215 2230 vestimentum

688 2286 736 2328 et
769 2255 921 2342 super
951 2275 1118 2342 femur
1146 2287 1297 2324 suum
1334 2283 1518 2321 nomen
1541 2268 1790 2334 scriptum
1822 2280 1842 2318 :
1889 2265 2014 2319 Rex.
2042 2278 2213 2333 regunt

690 2371 737 2412 et
772 2362 1018 2412 Dominus
1047 2356 1452 2409 dominantium.

764 2643 982 2697 Gladius
1011 2654 1077 2694 ex
1129 2654 1220 2693 ore
1272 2639 1566 2707 procedens
1615 2637 1880 2708 signiﬁcat
1929 2637 2106 2708 impiis
2155 2653 2217 2695 ac

695 2729 1066 2798 peccatoribus
1097 2726 1276 2778 induci
1308 2726 1628 2794 supplicium
1653 2726 1808 2793 jussu
1840 2726 2003 2780 divini
2040 2726 2216 2780 numi-

701 2821 804 2870 nis.
850 2815 1110 2883 Utrinque
1140 2829 1266 2868 vero
1315 2813 1500 2867 incidit
1535 2813 1763 2881 gladius,
1806 2828 1870 2867 eo
1917 2816 2058 2883 quod
2104 2824 2212 2868 tam

695 2921 761 2960 es
797 2907 873 2958 ira
903 2919 1062 2970 quam
1100 2918 1164 2956 ex
1205 2902 1577 2956 misericordia
1608 2917 1639 2955 a
1668 2901 1775 2956 Deo
1809 2903 2096 2971 procedant
2133 2917 2216 2956 re-

697 2994 986 3059 proborum
1015 2989 1312 3058 supplicia;
1342 2998 1530 3043 acutus
1559 2997 1755 3053 autem,
1785 2989 1912 3058 quia
1935 2990 2043 3043 cito
2068 2989 2218 3043 aﬁ‘ert

699 3096 849 3135 suam
886 3078 1190 3132 eiiicaciam.

777 3169 935 3235 Virga
966 3168 1147 3233 ferrea.
1188 3164 1378 3216 Ferrea
1411 3178 1556 3231 virga
1589 3179 1690 3216 non
1722 3171 1804 3217 est
1824 3164 1886 3216 ad
1911 3163 2220 3231 regendum,
2253 3207 2256 3210 .

2298 533 2403 580 σιν,
2425 517 2458 586 ἢ
2482 517 2556 583 τῷ
2580 517 2795 569 πάντων
2819 521 2965 594 *τοὺς⁴
2990 519 3173 583 λόγους
3194 519 3253 570 ὲν
3277 516 3449 585 ἑαυτῷ
3477 517 3681 584 φέρειν.

2366 607 2472 658 Καὶ
2504 603 2571 657 τὰ
2605 605 3010 673 στρατεύματα
3040 605 3110 657 τὰ
3145 606 3214 658 ἐν
3266 604 3346 668 τῷ
3395 604 3624 671 οὐραγῷ
3682 606 3840 672 rixo-

2296 689 2492 743 λούθει
2518 688 2695 753 αὐτῷ.
2729 691 3179 760 ’Δρχιστράτηγος
3211 691 3286 743 ῶν
3302 691 3409 743 τῶν
3442 692 3700 760 οὐρανίων
3728 691 3838 743 δυ-

2297 777 2530 846 νάμεων,
2554 777 2628 839 ὡς
2650 776 2808 839 αὐτὸς
2843 777 3018 845 Ἰησοῦ
3034 776 3111 846 τῷ
3128 775 3221 828 τοῦ
3252 776 3405 846 Ναυῆ
3438 777 3836 845 ἐχρημάτισεν,

2298 867 2517 928 είκότως
2538 866 2766 929 ὀπαδοὺς
2785 865 2926 918 κατά
2950 867 3047 933 τὴν
3077 866 3407 935 στρατηγίαν
3433 863 3843 933 συμπληροῦν-

2298 969 2394 1012 τας
2423 951 2492 1004 τὰ
2518 953 2773 1022 τάγματα
2819 951 3014 1022 ἔσχηκε
3050 951 3119 1005 τὰ
3145 952 3240 1003 νῦν
3269 952 3499 1019 μάλιστα
3523 952 3615 1004 ἐπὶ
3665 951 3841 1004 πόλεο

2305 1056 2402 1109 μον
2428 1040 2530 1092 τῶν
2559 1038 2769 1092 ἀσεϐῶν
2815 1039 3126 1108 ὁρμώμενα.
3155 1035 3336 1089 Ταῦτα
3389 1037 3445 1089 δὲ
3476 1036 3844 1105 ἀνθρωπίνως

2299 1124 2668 1178 διεσκεύασται
2711 1125 2768 1177 ὲν
2819 1127 2886 1194 τῇ
2936 1124 3290 1192 ἀποκαλύψει,
3337 1124 3418 1176 ὅτι
3472 1123 3606 1192 μηδὲ
3652 1123 3840 1185 ἄλλως

2298 1209 2367 1282 ἦν
2393 1212 2687 1281 δηλωθῆναι
2713 1211 2904 1270 ταῦτα.
2949 1214 3186 1266 Ἰππόται
3212 1212 3268 1266 δὲ
3298 1213 3390 1264 καὶ
3420 1211 3603 1273 ίπποις
3634 1211 3832 1280 [nexos

2300 1302 2509 1362 λευκοῖς
2563 1301 2936 1369 παρίστανται,
2999 1301 3105 1354 τῶν
3162 1301 3340 1354 ίππων
3372 1300 3470 1370 μὶν
3496 1301 3557 1353 sb
3599 1298 3691 1366 ὀξὺ
3722 1300 3837 1366 τῆς

2303 1388 2629 1451 ἔπελεύσιως
2656 1390 3058 1458 αίνισσομένων,
3079 1391 3172 1442 τοῦ
3198 1391 3254 1442 δὲ
3282 1389 3473 1442 λευκοῦ
3505 1391 3601 1441 τοῦ
3637 1390 3694 1441 ἐν
3715 1389 3844 1450 τοῖς

2306 1480 2484 1541 ίπποις
2511 1479 2570 1532 τὸ
2589 1481 2841 1541 τοιούτοις
2861 1479 3262 1546 ιναγλατζισθαι
3284 1479 3354 1532 τὶ
3375 1479 3598 1549 οὐράνια
3615 1478 3845 1546 τάγμα-

2303 1584 2390 1621 τα.
2410 1567 2516 1620 Καὶ
2527 1567 2592 1636 δή
2604 1583 2668 1635 γε
2689 1568 2781 1620 καὶ
2810 1569 2962 1622 αὐτοὶ
2995 1571 3043 1620 oi
3079 1567 3341 1622 ἀναϐάται
3367 1567 3563 1636 λευκὴν
3596 1565 3850 1636 ἀμπεχό-

2310 1672 2457 1726 μενοι
2500 1657 2597 1726 τὴν
2631 1658 2737 1709 ἀπὸ
2767 1656 2963 1726 βύσσου
2996 1656 3182 1726 στολὴν
3201 1655 3610 1708 ιπιδείκνυνται.
3639 1655 3703 1707 Τί
3725 1655 3852 1724 γὰρ

2308 1750 2374 1815 τῇ
2413 1745 2645 1816 οὐρανίῳ
2701 1747 2795 1799 καὶ
2834 1745 2953 1815 θείᾳ
3006 1746 3242 1814 φρατρίᾳ
3267 1744 3375 1795 τῶν
3403 1743 3600 1796 ὲνύλων
3652 1760 3712 1796 τε
3738 1742 3850 1796 καὶ

2310 1835 2508 1904 γηΐνων
2555 1832 2911 1902 ἑνθεωρηθείη
2962 1831 3028 1886 ἀν
3052 1830 3470 1901 ἀρμοδιώτερονς

2377 1921 2483 1975 Καὶ
2517 1921 2586 1972 ἐκ
2611 1919 2716 1972 τοῦ
2743 1919 3032 1986 στόματος
3059 1917 3242 1971 αὐτοῦ
3279 1915 3655 1984 ἐκπορεύεται
3693 1916 3853 1990 ῥομ-

2311 2013 2455 2080 φαία
2479 2012 2756 2080 δίστομος
2807 2011 2987 2077 ὀξεῖα,
3039 2011 3137 2063 ἵνα
3179 2010 3247 2063 ἐν
3273 2008 3425 2076 αὐτῇ
3483 2009 3716 2074 πατάξῃ
3761 2009 3854 2061 τὰ

2311 2101 2477 2168 ἔθνη,
2504 2099 2598 2153 καί
2632 2100 2810 2165 αὐτὸς
2832 2098 3106 2168 ποιμανεῖ
3128 2098 3345 2163 αὐτοὺς
3372 2098 3442 2150 ἐν
3455 2097 3652 2165 ῥάϐδῳ
3679 2097 3855 2162 σιδη-

2304 2192 2405 2260 ρᾷ.
2443 2192 2751 2255 Καιαύτὸς
2777 2189 2946 2243 πατεῖ
2970 2189 3083 2254 τὴν
3129 2189 3318 2254 ληνὸν
3367 2186 3474 2241 τοῦ
3520 2186 3686 2239 air-ou
3733 2185 3857 2240 τοῦ

2312 2278 2497 2345 θυμοῦ
2525 2276 2632 2344 τῆς
2657 2275 2836 2344 ὁρτῆς
2865 2277 2972 2328 τοῦ
3020 2273 3164 2328 Θεοῦ
3191 2271 3298 2325 τοῦ
3339 2271 3815 2338 παντοκράτορος
3832 2308 3852 2324 .

2315 2370 2417 2423 Καὶ
2444 2368 2567 2435 ἔχει
2586 2366 2684 2419 ἐπὶ
2707 2365 2773 2418 τὸ
2793 2364 3028 2437 ipsis-tor
3043 2363 3138 2416 καί
3171 2361 3270 2415 ἐπὶ
3293 2361 3398 2413 τὸν
3423 2361 3615 2428 μηρὸν
3657 2357 3853 2412 αὐτοῦ

2315 2455 2495 2522 ὄνομα
2559 2453 2973 2522 τετραμμένον,
3044 2449 3337 2515 Βασιλεὺς
3379 2445 3684 2512 ,βασιλέων
3738 2448 3848 2501 καὶ

2313 2547 2525 2611 Κύριος
2545 2546 2783 2611 κυρίων.

2397 2636 2488 2687 Ἐκ
2523 2635 2614 2685 τοῦ
2648 2635 2909 2701 στόματος
2960 2635 2994 2701 ἠ
3021 2635 3260 2703 ρομφαια
3309 2616 3594 2687 διάττουσα
3642 2649 3701 2684 το
3752 2631 3849 2684 διὰ

2317 2725 2732 2796 προστάγματος
2763 2722 2905 2775 θείου
2934 2723 3082 2792 δηλοῖ
3107 2725 3217 2787 τοῖς
3247 2722 3462 2776 ἀσεϐέσι
3510 2722 3604 2776 καὶ
3661 2723 3847 2790 ἀμαρ-

2315 2814 2502 2874 τωλοϊς
2523 2810 2821 2881 ἐπαχθῆναι
2844 2811 2941 2880 τὴν
2992 2811 3228 2864 κόλασιν.
3269 2811 3633 2879 ’Δμφίστομον
3654 2808 3708 2860 δὲ
3735 2809 3847 2876 τὴν

2320 2903 2585 2972 ῥομφαίαν
2608 2901 2693 2953 διὰ
2720 2900 2779 2952 τὸ
2806 2900 3140 2976 ἑκατέρωθεν
3162 2899 3324 2969 ὀργῆς
3351 2901 3445 2951 καὶ
3469 2898 3619 2951 ἐλέου
3644 2898 3850 2966 χωρεῖν

2244 3017 2286 3074 c
2317 2992 2413 3052 τὰς
2468 2988 2573 3041 ἀπὸ
2626 2986 2720 3074 τοῦ
2764 2987 2906 3074 θείου
2930 2987 3052 3074 ,τῶν
3083 2987 3503 3057 καταφρονητιῖΝ
3528 2985 3795 3054 τιμωρίας
3824 3000 3844 3016 ο

2318 3077 2499 3140 ὀξεῖαν
2524 3074 2600 3138 δὲ,
2632 3073 2717 3125 διὰ
2739 3074 2799 3125 τδ
2821 3073 3052 3142 ἀμελητὶ
3082 3075 3142 3125 τὸ
3167 3074 3484 3143 δραστήριον
3506 3073 3804 3142 ιπιφέρειν.

2401 3164 2493 3212 Ἑν
2509 3160 2704 3226 ῥάϐδῳ
2734 3157 2968 3225 σιδηρᾷ.
3016 3160 3081 3212 Ἦ
3131 3161 3320 3230 σιδηρᾶ
3371 3160 3559 3228 ρἀδος
3607 3160 3666 3211 οὐ
3718 3174 3850 3210 ποι-

703 3257 796 3308 sed
834 3256 898 3306 ad
928 3250 1370 3317 confringendum
1397 3264 1490 3302 eos
1521 3253 1612 3316 qui
1635 3251 1687 3302 in
1717 3252 1822 3302 vita
1855 3251 1980 3303 lutei
2013 3261 2139 3304 sunt
2171 3262 2224 3304 et
2325 3250 2581 3316 μαντικὴ,
2616 3249 2664 3299 ἀ]

2325 3250 2581 3316 μαντικὴ,
2616 3248 2748 3300 ἀλλά
2801 3247 3024 3315 θραῦσιν
3079 3249 3271 3315 ἔχουσα
3324 3249 3429 3300 τῶν
3461 3247 3697 3315 πηλίνων
3753 3246 3853 3298 τὸν

703 3338 871 3407 parati
899 3345 955 3388 ut
983 3342 1352 3388 conterantur.
1411 3334 1580 3397 Quam
1609 3336 1678 3387 ob
1707 3350 1922 3389 causam
1951 3351 2079 3404 ergo
2119 3336 2219 3405 ipsi
2323 3334 2432 3401 βίον
2466 3334 2557 3385 καὶ
2579 3334 2664 3402 πρε

2323 3334 2432 3401 βίον
2466 3334 2709 3402 καὶπρὸς
2737 3333 3020 3402 ωντριὸὴν
3045 3335 3290 3404 ἑτοίμων.
3339 3336 3403 3388 Τί
3465 3332 3556 3388 οὖν
3612 3331 3850 3388 ἐνταῦθα

701 3426 1012 3478 attributum
1059 3429 1142 3474 est
1169 3420 1385 3486 regere?
1416 3419 1528 3472 Non
1572 3421 1981 3485 inconsiderate,
2020 3432 2077 3474 ut
2107 3423 2222 3490 opi-
2320 3421 2380 3472 τὸ
2414 3436 2664 3486 ποιμαντι

2320 3421 2380 3472 τὸ
2414 3419 2761 3486 ποιμαντικδν
2788 3419 2924 3488 αὐτῇ
2954 3421 3189 3486 δέδοται;
3224 3424 3333 3476 Οὐκ
3377 3423 3648 3486 ἀσκόπως,
3670 3421 3848 3492 οἶμαι,

706 3531 824 3578 nor,
854 3512 946 3567 sed
977 3510 1102 3578 quia
1138 3509 1411 3577 probabile
1435 3518 1517 3561 est
1545 3511 1685 3577 quod
1731 3511 1960 3580 regendo
1987 3525 2224 3579 pugnau-
2322 3508 2434 3560 ἀλλ’
2465 3508 2546 3560 ὅτι
2570 3507 2644 3576 τῷ

2322 3508 2434 3560 ἀλλ’
2465 3508 2546 3560 ὅτι
2570 3507 2644 3576 τῷ
2693 3510 2994 3578 ποιμαίνειν
3043 3512 3135 3563 καὶ
3189 3509 3394 3580 θηρίοις
3445 3512 3851 3580 προσπολεμεῖν

706 3605 833 3653 dum
863 3600 932 3652 sit
964 3597 1219 3650 adversus
1268 3593 1469 3647 ferinos
1520 3595 1783 3659 homines,
1840 3605 1894 3648 et
1947 3606 2222 3664 propterea
2323 3597 2664 3665 περιγίνεται.

2323 3597 2671 3665 περιγίνεται.
2695 3597 2801 3650 Καὶ
2825 3598 2908 3650 διά
2928 3597 3083 3650 τοῦτο
3100 3599 3190 3650 καὶ
3210 3599 3430 3668 σιδηρᾶς
3451 3599 3642 3669 ῥάϐδου
3661 3601 3846 3669 χρεία,

702 3703 914 3758 quoque
943 3687 1088 3752 virga
1123 3699 1255 3751 Opus
1298 3691 1397 3747 est,
1428 3697 1546 3750 quae
1573 3683 1894 3738 adversariis
1919 3685 2060 3752 juste
2107 3701 2225 3753 per—
2320 3688 2430 3748 τοῖς
2461 3686 2664 3738 ἀνθιστι

2320 3688 2430 3748 τοῖς
2461 3686 2868 3755 ἀνθισταμένοις
2901 3685 3064 3749 ἀξίως
3093 3687 3184 3740 τὸν
3211 3687 3424 3757 ὄλεθρον
3455 3688 3843 3757 ἐπιφερούσης.

702 3780 954 3831 ditionem
981 3775 1187 3828 all'erat.
1217 3774 1348 3838 Quis
1383 3784 1557 3828 autem
1603 3776 1742 3829 alius
1782 3792 1942 3844 quam
1977 3779 2222 3834 Christus
2323 3777 2485 3827 Πατεί
2511 3775 2567 3828 δὲ
2596 3776 2662 3842 τὴ

2323 3777 2485 3827 Πατεί
2511 3775 2567 3828 δὲ
2596 3776 2693 3842 τὴν
2721 3776 2876 3844 ληνὸν
2905 3775 2997 3827 τοῦ
3026 3777 3169 3828 οἴνου
3195 3775 3289 3828 τοῦ
3318 3775 3488 3845 θυμοῦ
3537 3777 3635 3844 τῆς
3675 3776 3849 3845 ὀργῆς

700 3867 870 3918 calcat
918 3863 1150 3916 torcular
1189 3862 1294 3915 vini
1353 3863 1554 3917 furoris
1612 3863 1702 3916 ira:
1742 3863 1871 3917 Dei?
1916 3865 2033 3934 Ipse
2077 3869 2219 3921 enim
2323 3863 2410 3914 τοῦ
2431 3862 2562 3916 8εοῦ
2592 3864 2664 3926 τίς

2323 3863 2410 3914 τοῦ
2431 3862 2562 3916 Θεοῦ
2592 3864 2672 3926 τίς
2699 3864 2900 3933 ἔτερος,
2932 3864 3042 3916 ἀλλ’
3077 3865 3109 3934 ἢ
3140 3868 3168 3918 ὁ
3204 3866 3468 3935 Χριστόςς
3503 3864 3672 3929 Αὐτὸς
3726 3867 3843 3934 γὰρ

703 3966 794 4019 per
825 3949 1086 4018 judicium
1132 3949 1294 4016 808
1325 3963 1386 4002 ac
1437 3949 1842 4004 retributionem
1895 3954 2220 4008 voluntatem
2319 3950 2404 4002 διὰ
2456 3951 2552 4019 τῆς
2599 3967 2664 4019 κρ

2319 3950 2404 4002 διὰ
2456 3951 2552 4019 τῆς
2599 3951 2826 4019 κρίσεως
2877 3954 2968 4005 καὶ
3027 3953 3424 4015 ἀνταποδόσεως
3467 3954 3528 4006 τὸ
3579 3956 3849 4023 πατρικὸν

701 4041 876 4106 explet
905 4048 1198 4106 paternam.
2320 4037 2579 4104 ἐκπληροῖ
2607 4037 2664 4089 θέ

2320 4037 2579 4104 ἐκπληροῖ
2607 4037 2833 4106 θέλημα.

777 4125 841 4175 Ει
873 4125 1020 4176 habet
1049 4140 1199 4190 super
1221 4124 1571 4176 vestimentum
1601 4135 1648 4178 et
1678 4142 1828 4194 super
1857 4130 2024 4194 femur
2048 4146 2219 4185 suum.
2389 4123 2492 4176 Καὶ
2522 4123 2664 4191 ἔχειῖ

2389 4123 2492 4176 Καὶ
2522 4123 2755 4191 Exedere!
2774 4127 2838 4178 τὸ
2856 4125 3082 4193 ἱμάτιον
3096 4127 3193 4178 καί
3208 4126 3303 4178 ἐπὶ
3320 4127 3620 4194 τὸνμηρὸν
3633 4129 3843 4182 αὑτοῦ.

710 4210 1092 4263 Vcstimentum
1136 4209 1415 4276 designare
1447 4211 1555 4263 vult
1611 4226 1846 4266 carnem.
1901 4212 2000 4268 Per
2051 4215 2222 4270 femur
2329 4211 2400 4261 Τὸ
2432 4212 2642 4277 ἱμάτιον

2329 4211 2400 4261 Τὸ
2432 4212 2642 4277 ίμὰτιον
2673 4213 2769 4278 τὴν
2797 4212 2969 4279 σάρκα
3001 4213 3322 4266 αἰνίττεσθαι
3352 4213 3616 4281 βούλεται.
3650 4214 3746 4267 Διά
3786 4217 3849 4268 δὲ

704 4312 878 4352 autem
915 4308 1161 4350 naturam
1200 4299 1402 4360 carnis,
1429 4300 1568 4366 quod
1601 4314 1723 4355 vere
1752 4301 1980 4357 humana
2001 4304 2071 4358 sit
2102 4305 2215 4373 ipsa
2246 4301 2292 4358 Ι)
2319 4299 2408 4350 τοῦ
2429 4299 2621 4368 μηροῦ.
2644 4317 2664 4350 τ

2283 4310 2292 4350 i
2319 4299 2408 4350 τοῦ
2429 4299 2621 4368 μηροῦ,
2644 4300 2738 4368 τὴν
2761 4300 2918 4368 φύσιν
2947 4302 3042 4370 τῆς
3066 4303 3280 4372 σαρκὸς,
3306 4303 3379 4364 ὡς
3397 4303 3604 4372 ἀληθῶς
3631 4304 3841 4372 ἀνθρω-

706 4397 886 4439 etnon
929 4385 1283 4452 phantastica.
1321 4383 1451 4438 Nam
1496 4387 1560 4440 ad
1592 4390 1752 4458 hujus
1801 4393 2218 4459 designationem
2320 4391 2475 4456 πίνης
2499 4389 2662 4457 οὔσης

2320 4391 2475 4456 πίνης
2499 4389 2662 4457 οὔσης
2682 4389 2848 4458 αὐτῆς
2879 4393 2971 4443 καὶ
2997 4393 3058 4443 οὐ
3085 4395 3222 4445 κατὰ
3261 4393 3553 4460 φαντασίαν
3575 4409 3590 4423 ο
3627 4394 3703 4454 είς
3732 4393 3844 4462 γὰρ

708 4473 969 4539 accipitur
1015 4472 1186 4525 femur
1217 4475 1353 4541 apud
1403 4475 1723 4543 Scripturas.
1755 4481 2028 4535 Sermonis
2067 4485 2223 4550 igitur
2318 4480 2649 4546 παράστασιν

2318 4480 2649 4546 παράστασιν
2676 4480 2861 4530 τούτου
2880 4480 3210 4549 λαμϐάνεται
3258 4483 3406 4551 παρά
3464 4485 3528 4552 τῇ
3581 4482 3765 4552 Γραφῇ
3812 4486 3846 4534 ὁ

708 4571 900 4623 scopus
933 4565 1014 4609 est
1047 4572 1140 4625 per
1172 4559 1271 4612 hoc
1306 4560 1608 4630 signiﬁcare
1643 4567 1782 4632 quod
1807 4566 2032 4639 Verbum
2058 4571 2222 4638 hypo—
2319 4565 2507 4632 μηρός.
2540 4567 2664 4632 Δηλι

2319 4565 2507 4632 μηρός.
2540 4565 2740 4632 Δηλοῦν
2767 4562 2858 4620 οὖν
2888 4569 2974 4620 διά
2993 4569 3176 4622 τούτου
3199 4571 3272 4640 τῷ
3300 4571 3439 4639 λόγῳ
3462 4573 3679 4634 σκοπὸς,
3709 4556 3846 4624 ὅτιὸ

709 4645 898 4697 statice
946 4646 1014 4698 sit
1061 4648 1264 4699 unitum
1321 4658 1523 4703 natura:
1555 4652 1816 4717 humanas,
1857 4664 1910 4709 et
1956 4659 2219 4712 carnalem

711 4732 1006 4799 susceperit
1036 4735 1366 4788 nativitatem
1395 4753 1458 4790 ex
1497 4741 1644 4792 beata
1674 4739 1912 4812 Virgine,
1945 4745 2218 4801 nihilomi-

710 4837 808 4873 nus
846 4821 1220 4888 omnipotens,
1283 4835 1463 4891 utpote
1513 4829 1810 4883 cwlestium
1872 4835 2116 4904 princeps
2169 4845 2222 4892 et

711 4908 1040 4961 terrestrium
1079 4922 1139 4959 ac
1163 4909 1628 4965 subterraneorum
1657 4918 1746 4983 qui
1794 4921 2069 4987 imperium
2124 4925 2220 4978 ba-

710 5000 937 5051 buerunt
991 4998 1242 5049 adversus
1292 4999 1612 5063 ail'ectioues,
1658 5013 1710 5057 et
1762 5012 2125 5066 auctoritatem
2160 5030 2221 5069 ac

713 5087 873 5138 robur
915 5085 1107 5138 habent
1140 5084 1396 5139 adversus
1424 5100 1696 5154 peccatum
1723 5108 1782 5145 cx
1827 5095 1996 5162 ipsius
2026 5099 2219 5154 Christi

711 5178 993 5241 a-ljutOrio.
1315 5195 1318 5198 ’

785 5266 916 5326 XIX,
953 5267 1130 5319 i7-i9.
1193 5265 1252 5317 Et
1305 5266 1408 5317 ridi
1438 5282 1592 5318 unum
1632 5272 1866 5337 angetum
1917 5284 2136 5328 stantem
2169 5279 2220 5330 in

717 5353 838 5413 sole,
879 5362 924 5402 et
959 5352 1197 5404 clamavit
1231 5369 1346 5405 voce
1385 5371 1591 5420 magna,
1624 5359 1796 5409 dicens
1850 5367 2046 5414 cunctis
2079 5366 2220 5418 voln-

714 5440 878 5489 m’bns
904 5455 1013 5505 qua:
1041 5442 1277 5492 volabant
1307 5459 1394 5508 per
1421 5444 1640 5495 medium
1673 5447 1782 5497 σιειί
1813 5463 1830 5499 ;
1871 5449 2058 5513 Venite,
2099 5469 2218 5504 con-

718 5529 964 5589 regumini
997 5531 1062 5578 ad
1093 5545 1298 5582 cmnam
1325 5548 1560 5600 magnam
1593 5533 1703 5597 Dei,
1730 5546 1782 5586 ut
1803 5539 2077 5591 concedatis
2107 5556 2218 5592 car-

2317 4655 2433 4706 xaﬁ‘
2465 4654 2754 4709 ὑπόστασιν
2781 4657 2998 4720 ἐνωθεὶς
3019 4659 3184 4724 Λόγος
3213 4659 3511 4728 ἀνθρώπων
3544 4660 3722 4727 φύσει,
3746 4661 3844 4712 καὶ

2319 4743 2583 4809 σαρκικὴν
2608 4744 2900 4814 ὑπομείνας
2949 4749 3194 4815 γέννησιν
3221 4749 3284 4800 ὲκ
3319 4749 3414 4818 τῆς
3443 4751 3599 4815 ἁγίας
3629 4748 3844 4817 Παρθέ-

2316 4847 2427 4891 νου,
2447 4831 2592 4883 οὐδὲν
2624 4827 2781 4901 ἦττον
2805 4836 3190 4907 παντοκράτωρ
3238 4838 3311 4899 ὼς
3342 4840 3605 4907 οὐρανίων
3658 4840 3842 4907 ἄρχων

2316 4921 2407 4972 καὶ
2444 4922 2694 4987 ἐπιγείων
2725 4927 2819 4975 καὶ
2867 4928 3251 4993 καταχθονίων,
3277 4929 3380 4980 τῶν
3412 4929 3840 4996 βασιλευσάντων

2317 5009 2454 5062 κατά
2480 5012 2681 5075 παθῶν,
2711 5013 2816 5064 τῶν
2845 5016 2903 5066 τὸ
2935 5014 3098 5083 κῦρος
3129 5017 3217 5068 καὶ
3268 5019 3327 5069 τὸ
3357 5019 3552 5088 κράτος
3610 5021 3840 5087 ἑχόντων

2317 5099 2452 5150 κατά
2485 5100 2580 5168 τῆς
2620 5101 2887 5171 ἁμαρτίας
2915 5107 2982 5173 τῇ
3012 5104 3102 5157 τοῦ
3127 5107 3287 5159 αὐτοῦ
3318 5107 3550 5176 Χριστοῦ
3583 5123 3830 5160 συναντι-

2316 5186 2486 5255 λήψει.

2384 5279 2484 5329 Καὶ
2513 5275 2671 5330 εἶδον
2698 5278 2804 5332 ἕνα
2823 5278 3071 5348 ἄγγελον
3097 5285 3318 5337 ἑστῶτα
3347 5287 3414 5339 ἐν
3444 5286 3518 5349 τῷ
3546 5285 3712 5351 ἡλίῳ,
3736 5283 3835 5334 και

2317 5366 2524 5432 ἕκραξε
2554 5367 2717 5433 φωνῇ
2742 5371 2964 5438 μεγάλῃ
2983 5411 2997 5433 ,
3029 5373 3216 5441 λέγων
3245 5375 3390 5429 πᾶσι
3441 5377 3562 5437 τοῖς
3611 5369 3837 5438 ὀρνέοις

2317 5455 2436 5517 τοῖς
2466 5457 2803 5523 πετομένοις
2831 5460 2897 5510 ἐν
2925 5465 3424 5530 μεσοιρνραγήματν
3461 5462 3652 5522 Δεῦτε,
3683 5475 3836 5511 συν·

2317 5543 2529 5609 ἀχθητε
2553 5548 2636 5608 είς
2667 5547 2767 5599 τὸν
2790 5545 3029 5603 δεῖπνον
3058 5553 3159 5604 τὸν
3186 5554 3370 5620 μέγαν
3416 5552 3516 5603 τοῦ
3547 5548 3709 5613 Θεοῦ,
3735 5548 3835 5599 ἵνα
