4126 6332
316 207 431 276 “iis

1365 206 1745 272 COMMENT.
1788 211 1866 270 IN
1906 210 2416 271 APOCALYPSIN.

3391 219 3492 282 746

305 323 538 389 φάγητε
568 321 793 388 σάρκας
826 321 1154 385 βασιλέων,
1193 323 1287 375 καὶ
1338 325 1568 391 σάρκας
1627 324 1840 392 χιλιάρ-

1928 359 1934 380 .
1965 340 2053 376 nes
2080 339 2278 392 regunt,
2310 331 2356 376 et
2389 339 2568 376 carnes
2591 325 2937 387 tribunorum,
2969 335 3016 379 et
3051 343 3228 382 carnes
3258 329 3492 395 Iortium.

306 427 456 476 κων,
493 412 587 463 καὶ
617 411 847 478 σάρκας
906 411 1183 480 ἰσχυρῶν,
1235 415 1331 465 καὶ
1393 413 1623 480 σάρκας
1666 415 1863 465 ἵππων

307 500 411 552 καί
436 498 552 551 τῶν
579 501 921 568 καθημένων
951 502 1042 553 ἐπ’
1067 503 1282 563 αὐτῶν,
1321 504 1415 555 καί
1445 502 1672 568 σάρκας
1713 501 1860 554 πάν-

310 605 433 641 των
451 588 564 641 τῶν
591 590 916 656 ἐλευθέρων
937 608 998 643 τε
1021 591 1115 642 καὶ
1135 591 1384 655 δούλων,
1405 589 1500 642 καὶ
1523 589 1748 657 μικρῶν
1766 589 1863 642 καὶ

304 679 604 745 μεγάλων.
640 679 746 732 Καὶ
777 676 938 736 εἶδον
991 682 1054 731 τὸ
1107 682 1314 746 θηρίον
1335 681 1430 732 καὶ
1496 679 1636 743 τοὺς
1679 680 1861 741 βασι-

304 768 436 832 λεῖς
469 768 577 835 τῆς
607 768 736 836 γῆς,
765 768 861 820 καί
885 769 955 821 τὰ
979 771 1386 836 στρατεύματα
1400 768 1596 823 αὐτῶν·
1632 786 1857 837 συνηγ-

1960 422 2008 465 et
2054 429 2233 465 carnes
2267 429 2512 482 (quorum
2541 422 2590 466 et
2645 416 2929 468 sedentium
2960 416 3012 468 in
3044 418 3191 483 ipsis,
3223 430 3270 471 et
3321 437 3500 472 carnes

1963 502 2190 551 omnium
2221 500 2498 552 liberorum
2531 500 2687 553 simul
2717 517 2779 553 ac
2808 518 3092 562 servorum.
3118 513 3166 554 et
3195 505 3502 570 pusillorum

1961 597 2009 640 et
2033 605 2360 657 magnorum.
2395 589 2459 640 Et
2488 590 2592 640 vidi
2626 590 2844 642 bestiam
2872 602 2918 643 et
2950 608 3087 660 reges
3115 603 3267 647 terrm
3285 606 3331 646 ct
3352 612 3501 647 ινα-ειν-

1961 679 2098 751 ρὶιηε
2133 696 2310 730 eorum
2335 691 2666 750 congregatos
2698 681 2763 731 ad
2790 681 3084 747 faciendum
3117 684 3357 750 pretium
3385 701 3501 736 cum

1964 786 2021 822 eo
2054 771 2142 838 qui
2170 770 2376 822 sedebat
2410 773 2462 822 in
2493 786 2620 837 equo
2657 780 2704 822 et
2736 786 2850 821 cum
2889 773 3116 823 exercitu
3144 775 3326 838 ipsius.
3364 776 3366 778 ⁷

298 856 458 924 μέγα
486 855 729 923 ποιῆσαι
764 858 869 910 τὸν
903 857 1164 925 πόλεμον
1218 862 1364 932 μετὰ
1430 859 1536 913 τοῦ
1584 858 1920 926 καθημένου
1957 859 2053 911 ἐπὶ
2128 858 2234 911 τοῦ
2289 862 2474 911 ἵππου
2538 858 2633 910 καὶ
2688 857 2836 926 μετὰ
2894 860 2998 912 τοῦ
3060 863 3497 930 στρατεύματος

302 965 513 1001 αυτου.

384 1039 493 1106 Τὴν
560 1037 854 1108 ἐναλλαγὴν
919 1039 1026 1091 τῶν
1091 1041 1341 1111 φθαρτῶν
1423 1055 1557 1113 προς
1643 1043 1850 1111 ἀφθαρ⁴

304 1127 434 1178 σίαν
463 1127 555 1180 καὶ
585 1129 681 1196 τὴν
711 1127 846 1196 πρὸς
903 1129 1059 1194 ἀξίαν
1103 1132 1314 1202 ἑκάστῳ
1369 1133 1705 1202 ἀπονέμησιν
1747 1132 1854 1184 τῶν

302 1215 488 1285 ἔργων
517 1218 590 1279 ὡς
630 1216 733 1270 ὑπὸ
764 1224 1154 1288 στρατηγικαῖς
1199 1223 1488 1293 δυνάμεσιν
1524 1224 1855 1290 ἐξοπλισθεῐο

304 1323 414 1358 σαν
440 1306 535 1359 καὶ
567 1309 976 1376 ὲτοιμασθεῖσαν
999 1311 1068 1364 τὰ
1115 1314 1449 1383 προκείμενα
1478 1316 1733 1386 παριστᾷ.
1767 1314 1856 1366 Διὸ

303 1395 406 1448 καὶ
435 1396 660 1464 ἄγγελον
684 1398 823 1451 θεῖον
849 1402 1083 1471 παράγει
1111 1405 1167 1454 ἐν
1196 1403 1272 1474 τῷ
1296 1405 1428 1474 ἡλίῳ
1460 1405 1688 1468 ἑστῶτα,
1713 1405 1855 1458 θεῖον

305 1484 585 1555 κέλευσμά
613 1490 991 1559 ἐμφανέστατα
1007 1492 1370 1563 διοικούμενον
1413 1492 1505 1546 καὶ
1536 1494 1610 1556 ὡς
1637 1497 1693 1547 ὲν
1715 1497 1852 1563 φωτὶ

2022 1034 2402 1088 Demonstrant
2436 1048 2555 1103 qua:
2605 1047 2977 1102 proponuntur
3003 1037 3348 1094 mutationem
3375 1057 3496 1095 cor-

1957 1124 2300 1193 ruptibilium
2332 1123 2398 1177 ad
2433 1124 2914 1192 incorruptionem,
2959 1134 3012 1178 et
3053 1142 3172 1195 qua:
3199 1129 3362 1183 veluti
3398 1133 3498 1186 sub

1957 1215 2280 1269 militaribus
2335 1215 2696 1283 potestatibus
2767 1217 2979 1284 penitus
3036 1231 3238 1272 armata
3285 1222 3385 1287 sit,
3436 1238 3500 1277 ac

1957 1313 2259 1375 praeparata
2293 1304 2356 1358 ad
2387 1305 2604 1374 dignam
2648 1306 3056 1361 retributionem
3109 1324 3203 1377 pro
3240 1310 3502 1380 cujusque

1961 1396 2219 1464 operibus
2254 1413 2268 1449 :
2307 1394 2426 1448 ideo
2459 1409 2679 1465 quoque
2709 1396 2952 1450 divinum
2996 1399 3241 1467 angelum
3269 1411 3499 1456 stantem

1962 1486 2014 1539 in
2045 1488 2159 1541 sole
2187 1486 2459 1555 producit,
2492 1487 2586 1557 qui
2637 1488 2879 1542 divinum
2914 1501 3237 1559 praceptum
3276 1493 3502 1546 manife-

303 1574 380 1627 τά
442 1578 681 1647 σωτήρια
759 1579 1103 1649 διαδηλοῦντα
1155 1585 1247 1635 καὶ
1281 1583 1685 1650 ὲξαγγέλλοντα.
1748 1584 1840 1634 Κατ

1959 1575 2199 1628 stissime
2222 1575 2436 1629 ordinet
2464 1590 2528 1630 ac
2549 1577 2908 1642 administret,
2934 1586 2988 1632 et
3019 1588 3274 1648 tanquam
3303 1582 3352 1633 in
3387 1582 3503 1635 luce

305 1662 500 1732 ἐπειδὴ
531 1665 596 1716 τὰ
628 1665 742 1718 θεῖα
787 1666 1134 1737 διατιθέμενα
1190 1673 1641 1740 κεχρημάτισται,
1672 1670 1852 1738 ὄχημα

302 1751 483 1822 τούτῳ
509 1755 542 1821 ἡ
574 1756 910 1824 ἀποκάλυψις
957 1756 1293 1826 ὑποτίθησιν,
1322 1759 1402 1809 ὅτι
1426 1759 1558 1827 μηδὲ
1592 1756 1852 1825 τηλαυγέ-

305 1856 500 1911 στερον
529 1844 654 1896 ἀλλο
683 1846 790 1898 τῶν
808 1847 1015 1916 ὁρατῶν
1034 1843 1178 1915 εἶχεν
1207 1849 1350 1916 ἐρεῖν
1372 1850 1399 1898 6
1421 1847 1560 1898 θεῖον
1580 1847 1852 1914 κέλευσμα

301 1931 388 1992 είς
413 1932 636 1998 ἄγγελον
657 1934 1021 1997 διατυπώσας,
1043 1936 1134 1987 καὶ
1153 1937 1582 2005 στρατοκήρυκος
1604 1935 1746 2003 αὺτῷ
1762 1936 1850 2001 ἐγ-

300 2019 537 2086 χειρίζει
552 2021 850 2088 ἐνέργειαν,
868 2025 1269 2093 δραστικωτέρᾳ
1286 2023 1492 2091 προόδῳ
1510 2023 1850 2094 πραγμάτων

298 2108 599 2177 χρώμενος.
634 2111 801 2163 Τοῦτο
831 2113 938 2182 γὰρ
985 2113 1230 2182 βούλεται
1284 2117 1571 2184 παριστᾷν,
1623 2117 1655 2183 ἡ
1709 2113 1846 2183 μετά

306 2198 556 2267 κραυγῆς
582 2200 786 2268 μεγάλη
818 2203 990 2271 φωνή.
1024 2203 1130 2264 Τὰς
1171 2205 1224 2256 δὲ
1275 2206 1333 2257 ἐν
1381 2206 1844 2274 μεσουρανήματι,

299 2289 464 2339 οἱονεὶ
486 2291 585 2351 τάς
610 2291 717 2344 τῶν
759 2291 927 2358 ἁγίων
956 2293 1099 2358 λέγει
1128 2294 1323 2363 ψυχὰς,
1374 2296 1429 2347 αἳ
1480 2296 1588 2347 τῶν
1647 2311 1846 2366 χαμαι-

299 2378 480 2444 ζήλων
526 2382 922 2447 άπαναστᾶσαι,
955 2387 1093 2438 κατά
1141 2387 1344 2440 Παῦλον
1403 2388 1493 2441 τὸν
1545 2389 1737 2457 μέγαν,
1767 2386 1846 2447 εἰς

298 2467 604 2536 ἀπάντησιν
631 2470 723 2522 τοῦ
774 2473 976 2539 Κυρίου
1004 2475 1268 2543 χωροῦσιν
1291 2477 1368 2538 εἰς
1392 2475 1547 2547 ἀέρα.

369 2664 566 2727 Δεῦτε,
610 2665 949 2735 συνάχθητε
1007 2670 1092 2733 εὶς
1144 2669 1212 2724 τὸ
1265 2670 1526 2727 δεῖπνον.
1583 2676 1840 2744 Δεῖπνον,

296 2752 416 2804 ἀλλ’
439 2754 501 2804 οὐ
532 2755 770 2822 πόλεμον
814 2757 961 2824 λέγει
1005 2759 1103 2827 τὴν
1151 2759 1327 2826 μετὰΗ
1348 2762 1455 2813 τῶν
1512 2764 1847 2834 ἁμαρτωλῶν

291 2839 406 2893 τῶν
432 2843 654 2896 δικαίων
684 2847 1055 2909 ἀντεξέτασινο
1090 2849 1210 2900 ἐπεὶ
1248 2848 1340 2901 καὶ
1381 2849 1550 2911 οὕτως
1581 2852 1712 2921 ἔχει.
1749 2853 1845 2916 Τίς

292 2931 406 3002 γὰρ
454 2933 532 3002 τῷ
567 2936 768 3005 ἰσχυρῷ
816 2938 997 3000 ἱκανὸς
1055 2939 1469 3008 ἁντιφέρεσθαι;
1543 2941 1603 2992 Ei
1633 2943 1680 2994 δ’
1735 2943 1842 3013 ἄρα

296 3023 395 3072 καὶ
453 3022 684 3092 πόλεμος
715 3025 950 3094 εἴρηται,
1012 3027 1147 3096 πρὸς
1194 3028 1292 3096 τὴν
1348 3029 1456 3081 τῶν
1512 3031 1846 3101 ἁμαρτωλῶν

295 3110 475 3180 ὁρμὴν
505 3113 753 3181 εἰρῆσθαί
777 3132 974 3184 φαμεν,
1017 3115 1078 3167 οὐ
1115 3115 1248 3185 πρὸς
1281 3118 1410 3170 αὐτὸ
1437 3119 1495 3170 τὺ
1528 3119 1705 3189 ἔργον.
1737 3123 1847 3174 Δεῖ-

291 3215 428 3252 πνον
459 3202 516 3253 δὲ
573 3203 708 3265 ὅλως
768 3205 1004 3274 εἴρηται,
1051 3208 1111 3258 τὸ
1177 3207 1587 3280 προηγούμενον
1635 3211 1840 3280 Θὲλημα

289 3291 386 3343 τοῦ
416 3293 573 3357 Θεοῦ,
605 3293 632 3345 ὃ
662 3296 754 3346 καὶ
780 3296 994 3348 εὐδοκία
1023 3297 1254 3365 λέγεται,
1279 3301 1370 3350 καὶ
1399 3299 1608 3351 δεῖπνον
1653 3303 1844 3370 τριπό-

288 3381 453 3448 θητον
481 3383 542 3434 τὺ
571 3386 772 3446 πάντας
810 3387 1126 3454 ἀνθρώπους
1178 3389 1415 3457 σωθῆναι
1469 3391 1563 3442 καὶ
1596 3393 1674 3453 εἰς
1718 3393 1842 3444 ἐπί-ι

288 3487 494 3538 γνωσιν
523 3473 776 3541 ἀληθείας
813 3475 1005 3527 ἐλθεῖν.

362 3562 496 3612 Ἵνα
525 3561 745 3628 φάγητε
777 3562 1006 3626 σάρκας
1054 3566 1378 3625 βασιλέων.
1425 3569 1634 3636 Βρῶσιν
1690 3573 1841 3624 καλεί

285 3651 387 3725 τῂν
414 3652 507 3701 ἐπὶ
534 3655 599 3718 τῇ
633 3653 768 3719 πρὸς
795 3652 949 3714 ἀξίαν
976 3654 1081 3704 τῶν
1131 3656 1476 3724 βεϋιωμένων
1509 3660 1835 3725 ἀντέκτισιν,

285 3719 430 3794 ὂικαὶ
464 3743 695 3811 Χαναάμ
717 3739 854 3795 οἶδεν
891 3747 1135 3812 ἐμποιεῖν
1167 3747 1277 3806 τοῖς
1310 3744 1382 3814 μὴ
1420 3747 1833 3815 συναπαχθεῖσι.

287 3831 359 3883 Τὸ
387 3832 442 3883 δὲ
476 3832 680 3901 σάρκας
712 3832 970 3901 βασιλέων
991 3836 1081 3886 καὶ
1104 3835 1414 3904 χιλιάρχων,
1449 3837 1540 3887 καὶ
1575 3838 1829 3907 ἰσχυρῶν,

289 3921 384 3974 καὶ
412 3922 616 3984 ἵππων,
673 3923 764 3975 καὶ
791 3924 1092 3990 ἀναϐατῶν,
1136 3929 1316 3976 ἐκεῖνα
1375 3926 1520 3992 λέγει
1560 3929 1834 3996 τροπικῶς

281 4012 352 4064 τά
390 4011 518 4080 περὶ
550 4010 586 4064 ἃ
611 4011 871 4081 ἐμπαθῶς
901 4015 1183 4083 ἐσχήκασι,
1219 4016 1418 4082 σπουδῇ
1453 4018 1618 4086 πάσῃ,
1665 4018 1835 4070 ταῦτα

288 4099 428 4167 μόνα
461 4102 698 4169 οἰόμενοι
727 4100 823 4165 τῆς
857 4100 1197 4169 ἀνθρωπίνης
1259 4101 1402 4169 ζωῆς
1446 4102 1754 4162 ὑπόστασιν,
1799 4103 1833 4155 ἃ

281 4190 376 4239 καὶ
401 4188 694 4256 ἀφανισμῴ
724 4189 1149 4258 παραπεμφθείη
1184 4193 1250 4258 τῇ
1281 4189 1374 4240 τοῦ
1399 4191 1672 4257 ἀφθάρτου
1715 4191 1829 4255 βίου

1956 1678 2075 1732 quae
2146 1664 2405 1718 salutaria
2467 1675 2596 1719 sunt
2651 1667 2916 1733 signiticet
2969 1678 3022 1720 et
3073 1670 3404 1723 annuntiet:
3448 1682 3501 1725 et

1953 1751 2209 1818 qucuiam
2242 1751 2426 1804 divina
2470 1753 2744 1819 proposita
2792 1753 3011 1805 oraculo
3044 1754 3166 1805 data
3215 1765 3358 1818 sunt,
3412 1773 3498 1810 re-

1954 1839 2150 1892 velatio
2229 1839 2398 1892 solem
2456 1841 2714 1908 supponit
2773 1840 2872 1906 ipsi
2934 1842 3237 1895 VChiClllttm
3296 1861 3308 1895 :
3365 1848 3499 1900 nihil

1951 1938 2129 1982 autem
2166 1928 2305 1982 inter
2331 1942 2390 1982 ea
2428 1945 2548 1998 quae
2577 1930 2825 1983 videntur
2853 1930 3032 1983 dicere
3059 1933 3231 1998 potuit
3261 1935 3494 2000 splendi-

1950 2015 2072 2068 dius
2107 2016 2152 2068 is
2198 2017 2288 2083 qui
2323 2016 2565 2070 divinum
2615 2017 2825 2085 jussum
2883 2017 2936 2069 in
2987 2019 3178 2085 angelo
3227 2021 3493 2089 ﬁguravit.

1948 2103 2212 2160 Praeterea
2237 2106 2524 2162 eilicaciori
2553 2125 2731 2164 rerum
2773 2121 2930 2164 utens
2967 2126 3271 2180 progressu,
3298 2130 3491 2183 opera-

1950 2196 2146 2249 tionem
2176 2197 2276 2265 ipsi
2297 2199 2460 2252 tradit
2489 2202 2752 2268 prteconis
2781 2203 3049 2257 exercitus
3080 2222 3093 2257 :
3125 2219 3248 2257 nam
3277 2205 3378 2258 hoc
3400 2205 3493 2260 de-

1952 2287 2170 2357 signare
2193 2290 2306 2344 vult
2330 2307 2431 2344 vox
2461 2306 2585 2345 cum
2611 2307 2804 2361 magno
2832 2293 3086 2347 clamore.
3116 2295 3404 2363 Caeterum,
3437 2299 3491 2350 in

1949 2379 2130 2433 medio
2154 2381 2274 2433 coeli
2294 2391 2422 2434 sunt
2443 2392 2749 2436 sanctormn
2774 2385 2986 2449 auium,
3018 2401 3137 2453 quae
3161 2387 3494 2443 discedentes

1949 2480 1979 2519 a
2007 2465 2280 2535 depressis
2313 2469 2460 2523 humi
2499 2470 2681 2533 rebus,
2708 2472 2861 2540 juxta
2893 2489 3144 2540 mugitum
3168 2475 3315 2528 illiilli
3355 2477 3494 2530 Pau-

1948 2555 2056 2610 lum
2111 2553 2410 2625 procedunt
2446 2562 2511 2614 ad
2554 2564 2947 2616 occurrendum
2985 2564 3210 2618 Domino
3255 2566 3309 2619 in
3347 2582 3490 2621 aera.

2021 2647 2418 2719 Congregamiui
2451 2654 2522 2704 ad
2558 2670 2775 2706 caenam.
2810 2654 3030 2709 Cmuam
3067 2656 3230 2726 809
3259 2669 3414 2712 vocat
3441 2668 3496 2714 (ιι

1947 2752 2052 2792 non
2085 2739 2306 2805 bellum,
2360 2742 2728 2796 resistentiam
2774 2745 3044 2812 justorum
3075 2748 3335 2801 adversus
3369 2765 3493 2817 pec-

1949 2837 2184 2894 catores,
2217 2832 2472 2900 quoniam
2502 2833 2575 2886 ita
2600 2848 2658 2886 se
2689 2849 2773 2888 res
2802 2835 2959 2888 habet
2985 2851 2997 2887 :
3031 2837 3151 2902 quis
3176 2840 3317 2890 enim
3344 2840 3490 2891 suni-

1949 2919 2099 2972 cicns
2148 2929 2231 2974 est
2269 2924 2334 2974 ad
2401 2924 2760 2978 resistendum
2817 2925 2982 2978 forti?
3033 2928 3180 2994 quod
3228 2928 3272 2981 si
3330 2930 3491 2982 etiam

1947 3007 2145 3060 bellum
2189 3009 2391 3063 dictum
2441 3013 2529 3076 sit,
2590 3013 2766 3080 quoad
2825 3015 3079 3082 impetum
3148 3026 3488 3084 peccatorum

1946 3095 2148 3151 factum
2211 3114 2336 3156 esse
2386 3103 2637 3166 dicimus,
2678 3115 2731 3157 et
2775 3121 2882 3158 non
2915 3107 3088 3174 quoad
3134 3123 3244 3161 rem
3296 3107 3492 3176 ipsum.

1946 3186 2116 3243 Porro
2142 3205 2296 3244 coena
2317 3194 2539 3246 omnino
2562 3193 2702 3248 ιΙὶι-ιιι
2727 3204 2810 3250 est
2840 3199 3149 3264 praecedens
3177 3197 3269 3253 Dei
3299 3199 3491 3252 volun-

1947 3287 2052 3343 tas,
2104 3296 2225 3349 quae
2271 3295 2325 3336 et
2383 3284 2777 3354 beneplacitum
2842 3288 3182 3355 appellatur:
3231 3298 3284 3343 et
3337 3306 3490 3344 cceua

1954 3371 2320 3438 optatissima,
2367 3389 2566 3444 nempe
2596 3385 2657 3429 ut
2687 3393 2875 3431 omnes
2898 3380 3143 3433 homines
3176 3380 3308 3433 salvi
3341 3381 3490 3441 ﬁant,

1947 3467 1999 3511 et
2023 3459 2090 3511 ad
2129 3462 2459 3530 agnitionem
2493 3465 2735 3518 veritatis
2759 3466 2998 3520 veniant.

2015 3548 2080 3599 Ut
2115 3555 2397 3604 comedetis
2443 3571 2622 3607 carnes
2663 3572 2861 3624 regum.
2895 3558 3290 3612 Comestionem
3336 3573 3492 3615 vocat

1941 3639 2154 3705 dignam
2197 3642 2462 3695 factorum
2490 3645 2924 3706 retributionem,
2951 3650 3092 3712 quod
3122 3659 3173 3700 et
3212 3650 3484 3704 Chanaam

1941 3728 2091 3778 novit
2131 3729 2423 3782 immittere
2461 3731 2543 3783 his
2583 3733 2674 3798 qui
2713 3746 2818 3783 non
2853 3743 2980 3784 sunt
3013 3750 3114 3786 una
3147 3737 3327 3789 delati.
3353 3738 3487 3792 Car-

1941 3831 2036 3868 nes
2097 3825 2277 3870 autem
2333 3835 2518 3887 regum
2559 3830 2609 3873 et
2653 3822 2995 3874 tribunorum
3060 3834 3112 3876 et
3161 3823 3379 3879 fortium
3434 3837 3486 3880 et

1938 3921 2201 3974 equorum
2256 3918 2308 3961 et
2356 3924 2712 3964 ascensorum
2749 3927 2958 3977 eorum,
3003 3915 3202 3983 tropice
3233 3917 3318 3968 Illa
3357 3918 3487 3971 dicit

1937 4000 2078 4051 circa
2117 4015 2237 4067 quae
2271 4011 2382 4054 toto
2431 4003 2611 4057 studio
2647 4004 2820 4058 atii-cli
2855 4016 3030 4068 erant,
3071 4007 3182 4060 sola
3226 4008 3336 4062 haec
3371 4025 3483 4077 pu—

1938 4099 2106 4142 tantes
2139 4106 2259 4144 esse
2295 4093 2545 4146 humanm
2574 4095 2692 4146 vita:
2722 4095 3147 4158 consistentiam,
3173 4115 3291 4166 qure
3321 4102 3478 4154 etiam

1936 4181 1983 4231 in
2030 4182 2306 4235 interitum
2345 4185 2689 4247 amittuntur,
2727 4201 2950 4238 accessu
2990 4187 3303 4241 deliciarum
3363 4192 3483 4244 vine

279 4280 517 4347 εὑωχικῇ
547 4279 1130 4348 ἐπιδημίᾳ-Ἄλλως
1152 4281 1218 4332 ἐκ
1241 4280 1354 4332 τῶν
1385 4281 1485 4332 τοῦ
1530 4282 1828 4346 Ἀνδρέου·

1937 4270 2378 4339 iucorruptibilis.
2413 4305 2484 4316 —-
2523 4275 2638 4327 Alio
2671 4277 2820 4327 modo
2865 4292 2928 4328 ex
2958 4279 3183 4331 Andron.
3219 4279 3317 4333 Per
3363 4298 3481 4335 car-

275 4370 376 4418 Διὰ
417 4367 514 4434 τῆς
555 4367 805 4435 βρώσεως
849 4368 957 4420 τῶν
1009 4371 1225 4438 σαρκῶν
1271 4371 1590 4438 σημαίνεται
1648 4373 1676 4420 ὁ
1717 4371 1824 4421 τῶν

277 4457 553 4525 σαρκικῶν
586 4458 800 4510 πάντων
828 4460 1127 4527 ἁφανισμὺς
1153 4461 1243 4511 καὶ
1269 4463 1299 4527 ἡ
1326 4461 1432 4511 τῶν
1476 4460 1714 4528 ἀρχικῶν
1735 4463 1825 4512 ἐπὶ

273 4547 376 4615 γῆς
411 4545 690 4614 ὀνομάτων
737 4548 993 4616 ἔκλειψις.
1039 4548 1249 4600 Ἵππων
1307 4549 1363 4599 δὲ
1413 4551 1679 4618 μέμνηται
1730 4553 1825 4630 οὑχ

269 4639 344 4699 ὡς
368 4637 545 4690 αὐτῶν
602 4639 1075 4706 ἁναστησομένων,
1113 4640 1245 4691 ἀλλὰ
1272 4639 1360 4689 διὰ
1405 4639 1502 4705 μὲν
1532 4639 1735 4692 τούτων
1789 4642 1821 4709 ἢ

268 4732 393 4791 τοὺς
415 4729 869 4799 [γυναικομανεῖς,
887 4731 918 4796 ἢ
939 4731 1084 4800 τοὺς]
1100 4729 1500 4795 ὑποϐεϐηκότας
1521 4732 1577 4781 ἐν
1596 4733 1823 4803 πονηρίᾳ

266 4821 296 4890 ἤ
323 4821 416 4873 καὶ
444 4820 749 4887 ἀμφότερα,
777 4823 863 4873 διὰ
883 4822 936 4872 δὲ
961 4823 1065 4872 τῶν
1092 4820 1385 4878 ἐπιϐατῶν,
1415 4820 1535 4880 τοὺς
1559 4822 1613 4871 ἐν
1654 4823 1818 4892 κακίᾳ

269 4905 602 4975 προῦχοντας
639 4907 1018 4975 αἰνιττόμενος.
1074 4911 1136 4959 Ὃ
1167 4910 1258 4959 καὶ
1307 4907 1655 4976 παρακατιὼν
1695 4911 1820 4961 ἐσα-

264 5000 493 5066 φήνισεν
523 4994 711 5056 εἰπὼν,
752 4996 1106 5062 Ἐλευθέρων
1136 5015 1196 5049 τε
1219 4998 1313 5050 καί
1344 4999 1596 5060 δούλων,
1625 5000 1815 5066 μεγά-

261 5094 392 5143 λων
423 5087 516 5140 καὶ
554 5086 799 5154 μικρῶν·
841 5087 926 5138 διὰ
961 5088 1059 5156 μὲν
1080 5089 1185 5141 τῶν
1213 5088 1506 5158 ἐλευθέρων
1527 5090 1616 5140 καὶ
1652 5091 1818 5159 μεγά-

258 5182 371 5234 λων
439 5179 562 5238 τοὺς
633 5177 830 5243 μᾶλλον
911 5178 1327 5241 ἐξουσιαστικῶς
1383 5180 1811 5248 ἁμαρτάνοντας,

255 5274 347 5325 διὰ
371 5271 427 5322 δὲ
459 5271 564 5323 τῶν
591 5269 789 5321 δούλων
819 5268 913 5321 καὶ
955 5271 1165 5338 μικρῶν
1204 5273 1327 5332 τοὺς
1361 5265 1521 5341 ἦττον
1559 5273 1814 5342 πλημμε-

255 5363 507 5428 λοῦντας,
544 5362 576 5432 ἢ
621 5361 760 5414 κατὰ
801 5360 1042 5429 γνώμην,
1087 5362 1118 5430 ἢ
1165 5363 1305 5415 κατά
1337 5362 1570 5431 ἡλικίαν,
1603 5363 1635 5432 ἢ
1678 5367 1814 5418 κατά

251 5456 569 5511 ἀσθένειαν.
1767 5476 1770 5479 ’

333 5552 442 5605 Καὶ
473 5551 635 5605 δίδον
681 5549 744 5606 τὸ
784 5551 988 5618 θηρίον
1038 5549 1134 5602 καὶ
1199 5550 1339 5616 τοὺς
1379 5550 1658 5618 ,Βασιλεῖς
1708 5551 1812 5620 τῆς

638 5651 899 5711 Parnm.
946 5649 1059 5708 Gn.
1094 5649 1250 5709 CVI.

1937 4362 2082 4412 nium
2124 4377 2275 4414 csum
2318 4363 2655 4430 signiﬁcatur
2706 4365 2953 4417 interitus
3004 4368 3243 4419 omnium
3287 4384 3479 4424 carna-

1931 4451 2081 4513 lium,
2142 4459 2195 4502 et
2237 4450 2478 4504 defectus
2538 4455 2943 4520 magniiirorum
3014 4458 3293 4511 nominum
3357 4476 3476 4528 qua:

1930 4551 2054 4594 Sunt
2100 4543 2152 4593 in
2195 4551 2356 4594 terra.
2392 4543 2659 4609 Equorum
2703 4560 2829 4596 vero
2885 4547 3151 4607 meminit,
3193 4565 3295 4601 non
3332 4556 3472 4618 quod

1929 4633 1981 4684 hi
2018 4642 2320 4698 resurgant.
2355 4632 2447 4685 sed
2480 4648 2574 4701 per
2619 4634 2735 4694 hos,
2763 4645 2854 4687 aut
2895 4650 2987 4687 eos
3021 4636 3265 4707 designat
3295 4644 3382 4706 qui
3421 4645 3466 4695 in

1926 4721 2154 4774 fetutinas
2186 4731 2527 4786 exarserunt,
2573 4733 2662 4776 aut
2703 4726 2789 4791 qui
2843 4726 2894 4778 in
2948 4728 3146 4780 malitia
3205 4732 3473 4796 vixerunt,

1929 4822 2020 4864 aut
2059 4812 2221 4864 etiam
2253 4820 2533 4879 utrosque.
2575 4811 2673 4865 Per
2714 4830 3032 4869 ascensores
3068 4834 3214 4882 vero,
3257 4836 3346 4870 eos
3377 4825 3465 4886 qui

1923 4905 1975 4958 in
2008 4905 2271 4973 pravitate
2295 4915 2663 4959 excesserunt.
2702 4905 2853 4969 Quod
2896 4911 3054 4961 etiam
3097 4911 3145 4961 in
3179 4924 3462 4977 progressu

1925 4997 2328 5057 manifeslavit,
2382 4997 2570 5049 dicens
2626 5016 2640 5050 :
2702 4997 3004 5051 Liberorum
3072 5011 3118 5051 et
3179 5016 3461 5062 servorum,

1921 5105 2225 5156 magnorum
2266 5100 2313 5140 et
2351 5087 2665 5155 pusillorum
2699 5103 2715 5139 :
2749 5104 2842 5156 per
2894 5089 3092 5141 liberos
3140 5089 3354 5155 quidem
3414 5101 3466 5144 et

1921 5196 2148 5249 magnos
2179 5181 2490 5250 signiﬁcans
2538 5195 2630 5234 eos
2684 5181 2774 5250 qui
2810 5181 3000 5247 majori
3040 5190 3301 5246 potestate
3339 5197 3466 5249 pec-

1918 5287 2064 5337 cant,
2105 5289 2196 5341 per
2236 5289 2420 5328 servos
2468 5289 2594 5327 vero
2624 5283 2679 5328 et
2723 5275 2967 5343 pusillos,
3019 5288 3113 5324 eos
3161 5274 3248 5341 qui
3284 5276 3463 5332 minus

1915 5366 2261 5433 delinquunt,
2286 5375 2377 5419 aut
2402 5376 2622 5435 propter
2645 5366 2929 5434 judicium,
2964 5373 3056 5416 aut
3088 5375 3300 5433 propter
3332 5377 3463 5422 arta-

1915 5462 2045 5516 tcm,
2074 5463 2163 5504 aut
2197 5464 2412 5521 propter
2437 5454 2876 5507 imbecillitatem.

1984 5551 2049 5604 Et
2087 5547 2189 5599 ridi
2220 5545 2436 5598 bestiam
2481 5557 2525 5597 et
2575 5559 2712 5612 reges
2755 5552 2926 5608 terrm,
2959 5555 3003 5596 et
3060 5547 3314 5599 exerrims
3369 5563 3456 5600 w-

3097 5643 3173 5700 E25.
