4126 6332
339 408 450 470 749

1403 398 1784 464 COMMENT.
1819 400 1899 464 ΙΝ
1939 398 2464 460 APOCALYPSIN.

3447 399 3553 459 750

336 517 402 569 tat
428 515 536 570 τῶν
563 513 761 586 χειρῶν
777 510 938 568 αὐτοῦ
956 509 1313 581 ὲλυτρώσατο,
1338 511 1705 572 καταδικάσας
1733 510 1895 562 αὑτὸν

2008 508 2099 571 vit,
2139 507 2502 562 condemnato
2531 519 2597 559 eo
2628 504 2680 558 in
2705 505 2984 580 abyssum.
3027 502 3137 557 lloc
3170 513 3347 560 autem
3380 521 3560 563 osten-

335 609 417 668 είς
432 605 530 674 τὴν
560 605 814 659 ἄϐυσσον.
838 604 1008 658 Τοῦτο
1029 604 1085 656 δὲ
1117 603 1388 656 δείκνυται
1419 603 1482 655 ἐκ
1503 602 1609 656 τῶν
1629 603 1897 671 δαιμόνων

334 697 447 747 τῶν
497 694 957 764 παρακαλούντων
1008 694 1167 749 αύτδν
1199 696 1272 764 μὴ
1321 694 1635 763 πεμφθῆναι
1673 693 1754 755 είς
1801 691 1900 763 τὴν

335 785 596 837 ἄϐυσσον.
637 785 760 838 "Ott
809 786 866 837 δὲ
904 785 1130 847 δέδεται,
1156 785 1455 854 τεκμήριον
1493 785 1522 835 ό
1551 783 1653 852 τῆς
1684 781 1900 834 εἰδωλο-

336 873 593 944 λατρείας
617 873 922 944 ἀφανισμδς
951 874 1046 927 καὶ
1072 876 1180 928 τῶν
1211 874 1501 927 εἰδωλικῶν
1532 874 1674 926 ναῶν
1700 875 1734 942 ἡ
1769 871 1903 926 καθ-

339 963 584 1031 αίρεσις,
651 964 746 1016 καὶ
800 963 908 1016 τῶν
947 963 1263 1033 ἑπιϐωμῐων
1307 962 1518 1033 λύτρων
1559 963 1594 1032 ἠ
1640 959 1900 1029 ἔκλειψις,

338 1055 432 1105 καὶ
459 1056 492 1123 ὴ
520 1056 858 1124 παγκόσμιος
882 1053 976 1107 τοῦ
1003 1053 1146 1107 θείου
1172 1054 1470 1123 θελήματος
1491 1055 1803 1121 ἐπίγνωσις.
1841 1052 1901 1107 Ὀ

342 1146 515 1212 μέγας
542 1145 599 1197 δὲ
637 1145 909 1208 Ἰουστῐνός
931 1161 1114 1215 φησιν,
1146 1148 1202 1198 ἐν
1231 1149 1296 1214 τῇ
1321 1144 1508 1216 πρώτῃ
1537 1144 1632 1198 τοῦ
1665 1142 1899 1214 Χριστοῦ

341 1237 613 1304 παρουσίᾳ
655 1235 856 1301 γνῶναι
902 1235 994 1287 τὸν
1039 1234 1306 1297 διάϐολον,
1336 1223 1416 1289 ότι
1454 1235 1901 1288 καταδεδίκασται

340 1326 418 1385 είς
465 1327 566 1390 τὴν
615 1324 846 1377 ἄϐυσσον
896 1324 991 1376 καὶ
1041 1327 1119 1387 εἰς
1147 1324 1246 1394 τὴν
1297 1325 1391 1378 τοῦ
1443 1325 1612 1394 πυρὸς
1657 1326 1899 1394 γέενναν.

339 1415 575 1466 Δυνατδν
620 1417 818 1477 τοίνυν,
867 1415 943 1477 ὡς
1001 1410 1176 1484 οἶμαι,
1232 1415 1320 1468 διὰ
1357 1415 1463 1468 τῶν
1498 1416 1903 1486 προλεχθέντων

343 1507 434 1558 καὶ
469 1507 570 1576 τὴν
616 1506 708 1558 τοῦ
749 1505 986 1577 Χριστοῦ
1037 1508 1178 1559 κατᾶ
1233 1505 1329 1559 τοῦ
1375 1506 1620 1560 διαϐόλου
1665 1508 1904 1560 νοεῖσθαι

342 1597 634 1664 ἀπόφασιν.
670 1598 933 1667 ’Ἄγγελον
963 1597 1020 1651 δδ
1052 1601 1119 1669 τῇ
1148 1598 1368 1670 τοιαύτῃ
1391 1599 1692 1667 ἁποφὰνσει
1717 1598 1902 1652 διακο-

341 1687 600 1755 νούμενόν
656 1704 843 1758 φησιν,
883 1690 991 1742 -ῐνα
1013 1688 1163 1762 δείξῃ
1219 1689 1314 1742 καὶ
1361 1689 1470 1743 τῶν
1522 1688 1907 1760 λειτουργικῶν

338 1774 625 1843 δυνάμεων
657 1776 843 1830 τοῦτον
889 1777 1088 1847 ἥττονα
1133 1779 1274 1832 κατὰ
1303 1777 1553 1846 δύναμιν,
1585 1779 1677 1830 καὶ
1728 1778 1905 1847 μάτην

2000 599 2146 651 ditur
2174 612 2238 651 ex
2284 595 2622 650 daemonibus
2665 598 2757 665 qui
2791 598 2968 664 ipsum
3000 597 3448 667 deprecabantur,
3494 618 3562 656 ne

2001 703 2062 743 se
2091 688 2327 743 mitteret
2368 685 2420 740 in
2469 687 2747 756 abyssum.
2791 687 2950 752 Quod
2995 698 3176 743 autem
3225 689 3420 759 ligatus
3453 690 3559 755 sit,

2001 778 2302 835 ostenditur
2326 777 2644 831 idololatria:
2668 776 2918 831 interitus
2947 788 3000 832 et
3028 781 3313 834 subversio
3336 781 3562 850 templo-

2003 885 2123 924 rum
2159 870 2456 932 idolorum,
2487 883 2551 922 ac
2577 868 2822 922 defectus
2870 871 3080 923 cruoris
3119 871 3558 938 sacriﬁciorum,

2003 971 2057 1016 ct
2102 962 2372 1030 cognitam
2417 975 2536 1015 esse
2573 959 2812 1014 divinam
2849 961 3180 1015 voluntatem
3215 962 3268 1014 in
3304 963 3560 1018 universo

2006 1052 2232 1106 mundo.
2288 1051 2513 1121 Magnus
2555 1061 2736 1106 autem
2787 1050 3034 1106 Justinus
3066 1053 3142 1106 ait
3178 1053 3452 1108 diabolum
3505 1057 3558 1110 in

2005 1141 2173 1210 priori
2202 1140 2404 1196 Christi
2442 1143 2676 1198 adventu
2726 1141 3078 1212 cognovisse,
3110 1144 3255 1212 quod
3303 1145 3561 1199 condem-

2002 1241 2162 1286 natus
2190 1245 2333 1288 esset
2360 1233 2414 1287 in
2456 1235 2712 1303 abyssum
2740 1243 2793 1287 et
2822 1235 2876 1286 in
2905 1235 3204 1302 gehennam
3233 1236 3391 1304 ignis.
3422 1233 3559 1291 Pos-

2000 1333 2193 1374 sumus
2238 1321 2423 1390 igitur,
2469 1331 2528 1376 ιιι
2569 1322 2784 1390 opinor,
2830 1337 2924 1390 per
2966 1337 3028 1376 ca
3055 1339 3172 1391 qua:
3222 1328 3362 1380 dicta
3410 1336 3558 1392 sunt,

2003 1409 2166 1463 etiam
2218 1411 2514 1481 intelligere
2566 1412 2767 1466 Christi
2807 1413 3066 1467 adversus
3113 1414 3385 1477 diabolum
3439 1431 3565 1470 sen-

2005 1500 2251 1553 tentiam.
2285 1501 2548 1570 Angelum
2594 1513 2773 1556 autem
2807 1503 2938 1556 dicit
2977 1503 3099 1557 talis
3144 1505 3421 1560 sententias
3452 1507 3558 1560 mi-

2007 1593 2266 1656 nistrum,
2302 1601 2360 1646 ut
2395 1593 2540 1648 hunc
2572 1594 2823 1648 ostendat
2873 1595 3316 1652 ministrantibus
3348 1613 3565 1667 quoque

2003 1681 2302 1737 virtutibus
2348 1684 2588 1752 potentia
2637 1683 2989 1749 inferiorem,
3048 1686 3360 1756 frustraque
3412 1690 3563 1742 inso~

2008 1772 2213 1830 [escere
2262 1773 2524 1833 adversus
2586 1775 2950 1846 principatum
3008 1781 3101 1847 qui
3156 1779 3411 1835 omnibus
3465 1780 3568 1834 im-

339 1867 480 1918 κατὰ
511 1867 612 1935 τῆς
646 1867 754 1921 τῶν
799 1869 1016 1921 πάντων
1077 1867 1383 1939 κρατούσης
1415 1867 1590 1938 ἀρχῆς
1640 1866 1902 1936 θρασυνόο
1936 1859 1978 1915 Β
2006 1875 2178 1934 perat.

411 1974 520 2010 νον.

411 1974 520 2010 νον.

341 1973 629 2114 με’.ιὶρέθιι
662 2048 731 2100 ἐκ
761 2047 869 2102 τοῦ
918 2049 1124 2103 αὑτοῦ.
1167 2047 1365 2102 Κλείδα
1416 2047 1514 2116 τὴν
1548 2047 1766 2117 ἀσφαλῆ
1812 2049 1907 2103 καὶ

341 2137 604 2206 ἀπρόῖτον
641 2138 752 2189 τῶν
790 2139 1132 2206 κατακρίτων
1180 2138 1415 2206 κατοχὴν
1466 2139 1641 2205 λέγει’
1673 2136 1906 2193 ἄϐυσσον

335 2227 413 2288 δὲ,
446 2229 546 2293 τὴν
562 2227 972 2298 ἀπέραντον-είς
1002 2227 1268 2279 διέκδυσιν
1288 2244 1300 2260 ·
1333 2228 1611 2292 ἆλυσινδὲ,
1641 2230 1740 2297 τὴν
1770 2230 1908 2282 καθ-

336 2318 564 2383 εκτικὴν
612 2316 709 2384 τῆς
744 2316 1007 2384 πονηρίας
1059 2317 1360 2386 ἐνέργειαν.
1393 2318 1550 2369 Χίλια
1585 2319 1640 2370 δὲ
1678 2318 1739 2370 ού
1770 2318 1906 2370 πάν-

339 2421 445 2465 τως
471 2404 540 2456 τὰ
589 2406 826 2458 τοσαῦτα
873 2404 950 2475 τῷ
995 2405 1214 2475 ἀριθμῷ
1243 2409 1381 2459 νοεῖν
1419 2406 1654 2474 εὔλογον.
1695 2408 1766 2460 "ll
1795 2408 1905 2478 γὰρ

336 2496 446 2547 τῶν
472 2495 704 2558 πολλῶν,
728 2498 760 2565 ἢ
782 2496 875 2549 τοῦ
900 2497 1101 2549 τελείου
1133 2498 1462 2566 σημαντικὸν
1481 2499 1568 2550 τὸν
1593 2500 1698 2551 τῶν
1722 2501 1906 2569 χιλίων

339 2585 575 2656 ἀριθμὸν
627 2587 938 2657 είκάζομεν.
992 2589 1152 2640 Χῐλια
1200 2588 1292 2658 ἔτη
1319 2588 1515 2653 τοίνυν,
1553 2589 1662 2642 εἶτε
1694 2594 1760 2645 τὰ
1798 2592 1906 2644 ἀπὸ

341 2677 444 2744 τῆς
488 2677 725 2747 Χριστοῦ
767 2680 1069 2750 παρουσίας
1112 2678 1216 2741 ἕως
1261 2679 1359 2748 τῆς
1394 2678 1488 2730 τοῦ
1544 2679 1905 2748 Ἀντιχρίστου

343 2769 627 2838 ἑνδημίας,
658 2771 766 2821 εἴτε
787 2770 1006 2831 δεκάκις
1036 2769 1252 2833 ἑκατὸν,
1286 2771 1393 2821 εἴτε
1424 2771 1516 2821 καὶ
1551 2770 1754 2822 τούτων
1776 2770 1911 2823 ἀπο-

340 2859 558 2921 δέοντα,
603 2858 701 2927 ούχ
729 2860 887 2928 ἡμῶν
916 2861 1030 2910 ἐστι
1073 2858 1274 2927 γνῶναι
1297 2859 1357 2910 τὸ
1388 2858 1632 2928 ἀκριϐὲς,
1661 2861 1743 2913 ὃτι
1776 2860 1909 2931 μηδὲ

343 2947 515 3017 θνητῇ
543 2947 702 3014 φύσει
731 2948 932 3014 γνῶναι
963 2948 1185 3016 χρόνους
1221 2949 1252 3018 ἢ
1286 2951 1507 3020 καιροὺς
1536 2948 1627 3012 οὓς
1657 2950 1684 3001 ό
1723 2950 1910 3020 Πατὴρ

346 3035 503 3088 ἔθετο
525 3037 585 3088 ὲν
613 3039 680 3105 τῇ
710 3036 817 3106 ἰδίᾳ
844 3035 1083 3107 ἐξουσίᾳ.

415 3302 521 3357 Kal
546 3300 695 3370 μετὰ
716 3302 900 3356 ταῦτα
932 3301 1027 3354 δεῖ
1042 3301 1299 3370 λυθῆναι
1330 3302 1516 3355 αὐτὸν
1535 3301 1750 3369 μικρὸν
1771 3302 1907 3368 χρό-

343 3410 477 3447 νον.
504 3393 716 3459 Μικρὸν
749 3393 960 3461 χρόνον,
1002 3396 1189 3457 ποῖον;
1226 3391 1431 3445 Τοῦτον
1458 3393 1548 3445 τὸν
1577 3392 1674 3462 τῆς
1704 3409 1909 3461 παρου-

347 3487 472 3547 σίας
518 3484 612 3537 τοῦ
655 3485 1044 3554 Ἀντιχρίστου,
1097 3484 1155 3537 ὃν
1195 3487 1274 3547 είς
1335 3485 1528 3555 μικρὸν
1576 3483 1908 3549 συνέστειλε,

342 3571 434 3623 διὰ
457 3572 519 3622 τὺ
554 3571 781 3640 σφοδρὸν
829 3573 923 3624 καὶ
951 3573 1133 3639 σχεδὸν
1171 3572 1477 3624 ἀνύποπτον
1519 3571 1625 3623 τῶν
1663 3571 1751 3624 διὰ
1775 3572 1910 3642 Χρι-

349 3661 474 3711 στὸν
518 3661 894 3729 κακουμένων,
936 3661 1064 3730 περὶ
1099 3653 1159 3713 οὗ
1199 3664 1391 3731 χρόνου
1423 3663 1517 3714 καὶ
1564 3664 1591 3714 ὁ
1636 3661 1825 3730 Σωτὴρ
1854 3663 1911 3713 ὲν

347 3750 699 3815 Εὑαγγελίοις
726 3753 891 3820 φησὶ,
929 3752 1105 3818 θλίψιν
1137 3769 1200 3802 συ
1210 3753 1412 3820 μϐῆναι
1453 3752 1571 3803 οἵαν
1604 3752 1664 3803 ού
1694 3753 1913 3818 γέγονεν

347 3835 412 3900 ἐξ
453 3837 630 3906 ἀρχῆς
675 3837 902 3906 κόσμου.
952 3839 1044 3890 Διὸ
1097 3840 1192 3891 καὶ
1235 3839 1600 3907 κολοϐωθῆναί
1652 3856 1784 3908 φησι
1814 3841 1912 3902 τὰς

347 3926 560 3996 ἡμέρας
591 3925 790 3988 ταύτας
819 3926 906 3978 διὰ
931 3929 1055 3989 τοὺς
1080 3927 1384 3988 ἐκλεκτούς.

923 4038 1170 4091 ΚΕΦΑΛ.
1211 4036 1331 4092 Ξιν.

349 4152 487 4221 Περὶ
541 4151 661 4204 τῶν
697 4149 1149 4220 ἡτοιμασμένων
1185 4154 1412 4217 θρόνων
1442 4150 1567 4218 τοῖς
1602 4151 1913 4220 φυλάξασι

738 4222 853 4286 τὴν
889 4221 1146 4289 Χριστοῦ
1187 4222 1528 4290 ὁμολογίαν.

422 4335 532 4392 Καὶ
564 4331 728 4388 εἶδον
752 4335 1021 4403 θρόνους,
1059 4334 1156 4387 καί
1198 4333 1490 4388 ἐκάθισαν
1534 4334 1626 4388 ἐπ’
1658 4335 1910 4401 αὐτοὺς,

350 4427 449 4482 καὶ
477 4427 656 4495 κρῖμα
681 4426 858 4492 ἐδόθη
892 4425 1115 4490 αὐτοῖς,
1165 4426 1262 4479 καὶ
1301 4425 1408 4491 τὰς
1435 4426 1636 4494 ψυχὰς
1667 4425 1783 4478 τῶν
1811 4444 1912 4480 πει

351 4519 802 4586 πελεκισμένων
826 4518 922 4571 διὰ
945 4518 1059 4584 τὴν
1081 4517 1412 4586 μαρτιιρίαν
1446 4516 1671 4584 Ἰησοῦ,
1697 4518 1791 4569 καὶ
1819 4517 1918 4572 διὰ

352 4613 460 4663 τὸν
487 4611 675 4678 λόγον
712 4609 819 4662 τοῦ
864 4609 1034 4674 Θεοῦ,
1063 4609 1157 4663 καί
1196 4610 1412 4672 οἵτινες
1443 4609 1515 4661 οὐ
1541 4609 1916 4676 προσεκύνη-

349 4717 473 4753 σαν
501 4703 570 4753 τὸ
614 4701 844 4768 θηρίον,
870 4702 1012 4755 οὐδὲ
1042 4701 1156 4767 τὴν
1180 4702 1387 4753 εἰκόνα
1415 4697 1631 4761 αὐτοῦ,
1677 4701 1771 4752 καί
1805 4702 1915 4754 οὐκ

350 4793 574 4845 ἔλαϐον
603 4791 668 4843 τὸ
714 4794 986 4862 χάραγμα
1018 4793 1117 4846 ἐπὶ
1151 4792 1216 4845 τὸ
1245 4791 1519 4859 μέτωπον
1548 4789 1644 4842 καὶ
1677 4791 1774 4843 ἐπὶ
1806 4792 1918 4859 τὴν

355 4882 521 4949 χεῖρα
559 4880 757 4933 αὐτῶν
777 4899 789 4912 ·
832 4884 926 4936 καί
963 4883 1180 4949 ἔζησαν
1213 4881 1307 4934 καὶ
1341 4879 1746 4932 ἐϐασίλευσαν
1769 4883 1917 4949 μετὰ

352 4973 459 5026 τοῦ
487 4972 743 5038 Χριστοῦ
778 4975 847 5027 τὰ
873 4976 1036 5042 χίλια
1061 4976 1189 5042 ἐτη.

423 5065 561 5126 Τοὺς
603 5065 790 5130 ἁγίους
831 5067 1156 5128 ἀποστόλους
1202 5053 1333 5134 φησὶ
1376 5064 1619 5132 θεωρεῖν,
1650 5061 1716 5114 δι’
1746 5055 1821 5117 ὧν
1849 5064 1918 5118 τὰ

345 5157 484 5224 ἔθνη
515 5155 914 5221 συνετισθέντα,
963 5158 1041 5226 τῷ
1086 5153 1451 5222 διδασκαλικῷ
1501 5154 1641 5222 λόγῳ
1692 5154 1913 5221 ἔζησαν,

345 5249 451 5302 καὶ
483 5246 933 5299 συνεϐασίλευσαν
962 5248 1182 5318 Χριστῷ
1214 5249 1356 5316 χίλια
1388 5246 1501 5314 ἔτη.
1541 5244 1675 5312 Περὶ
1705 5245 1804 5313 μὲν
1825 5242 1918 5299 οὖν

345 5339 464 5391 τῶν
492 5339 679 5408 χιλίων
721 5338 856 5390 ὲτῶν
890 5339 1124 5408 εἴρηται.
1159 5334 1314 5391 Οὗτοι
1359 5335 1450 5388 οὖν
1491 5337 1538 5386 οἱ
1590 5334 1732 5401 ἆγιοι
1783 5338 1919 5390 ἀπό-

349 5430 532 5484 στολοι
561 5430 899 5494 καθίσουσιν,
932 5430 1006 5492 ὡς
1037 5433 1069 5499 ἡ
1103 5430 1389 5496 ὑπόσχεσις
1411 5423 1504 5476 τοῦ
1536 5425 1740 5492 Κυρίου
1763 5427 1918 5493 φησὶ,

352 5543 376 5575 s
419 5523 714 5591 Κρίνοντες
748 5525 846 5583 τὰς
873 5523 1077 5574 δώδεκα
1113 5520 1281 5587 φυλὰς
1313 5517 1403 5570 τοῦ
1449 5516 1681 5587 Ἰσραὴλ,
1709 5535 1729 5567 ι
1765 5534 1919 5571 τουτ-

357 5617 493 5680 ⁴στι,
539 5614 977 5681 κατακρίνοντες.
1027 5613 1104 5679 Τῇ
1160 5609 1454 5679 παραθέσει
1509 5608 1614 5679 γὰρ
1651 5608 1758 5661 τῶν
1787 5611 1920 5678 ὁμο-

424 5760 474 5792 ⁸⁸
501 5757 687 5812 Matth.
721 5774 830 5819 six,
861 5758 951 5811 28.

2075 2037 2282 2093 Aretho:
2307 2053 2373 2093 ea:
2395 2039 2597 2093 eodem.
2644 2038 2863 2095 Clavem
2902 2042 3037 2097 dicit
3071 2043 3282 2098 ﬁrmam
3322 2056 3376 2100 et
3397 2047 3569 2102 inevi-

2007 2129 2225 2182 taltilem
2255 2128 2620 2183 detentionem
2652 2145 2841 2184 eorum
2876 2133 2969 2201 qui
3008 2135 3351 2189 condemnati
3394 2148 3515 2191 sunt
3551 2155 3566 2192 :

2005 2219 2262 2287 abyssum
2309 2233 2455 2283 vero,
2506 2220 2851 2274 traditionem
2894 2224 3043 2278 omni
3094 2227 3325 2282 termino
3369 2243 3566 2283 caren-

2009 2317 2114 2362 tem
2146 2326 2160 2362 :
2195 2317 2440 2362 catenam
2472 2319 2676 2374 autem,
2712 2310 2820 2364 vim
2855 2313 3140 2367 cohibendi
3187 2319 3563 2385 operationem

2010 2397 2284 2452 vitiorum.
2319 2398 2487 2452 Porro
2531 2399 2700 2476 mille,
2734 2414 2839 2454 non
2872 2403 3096 2456 omnino
3127 2405 3322 2459 rationi
3364 2394 3584 2462 conso-V

2011 2503 2140 2542 num
2183 2498 2288 2551 est,
2331 2497 2390 2541 ut
2423 2497 2632 2543 certum
2667 2491 2815 2544 illum
2866 2508 3149 2550 numerum
3181 2496 3512 2566 accipiamus
3551 2516 3566 2553 :

2008 2579 2099 2633 sed
2133 2579 2492 2634 millenarium
2525 2597 2810 2636 numerum
2851 2584 3156 2653 signiﬁcare
3188 2587 3566 2657 imaginamur,

2007 2676 2101 2722 aut
2146 2669 2547 2724 multitudinem
2605 2682 2698 2726 aut
2743 2673 3148 2741 perfectionem.
3203 2676 3344 2733 Mille
3389 2680 3571 2750 itaque

2009 2772 2182 2814 annos
2225 2769 2320 2814 aut
2356 2775 2452 2815 eos
2497 2760 2592 2832 qui
2644 2762 2962 2817 interﬂuunt
3009 2781 3035 2816 a
3088 2764 3288 2820 Christi
3336 2772 3569 2824 adventu

2012 2864 2186 2919 usque
2228 2849 2298 2904 ad
2341 2851 2661 2907 Antichristi
2712 2854 3001 2908 adventum
3043 2856 3200 2923 (sive
3255 2859 3367 2912 sint
3390 2860 3570 2916 decies

2011 2951 2251 3005 centum,
2279 2941 2393 2996 sive
2414 2942 2579 2995 etiam
2605 2943 2690 2997 his
2721 2945 3046 3013 pauciores)
3078 2962 3185 3000 non
3216 2958 3464 3003 nostrum
3487 2964 3572 3007 est

2010 3040 2200 3085 exacte
2231 3047 2560 3102 cognoscere
2606 3050 2619 3085 :
2672 3036 2798 3102 quia
2851 3035 2981 3088 nulli
3031 3038 3337 3092 mortalium
3381 3042 3568 3095 datum

2012 3126 2092 3174 eet
2135 3137 2463 3192 cOgnoscere
2495 3133 2736 3192 tempora
2786 3127 2867 3179 vel
2915 3138 3190 3181 momenta
3240 3145 3360 3198 quae
3410 3130 3572 3186 Pater

2010 3213 2193 3282 posuit
2223 3215 2275 3266 in
2303 3230 2400 3268 sua
2431 3223 2714 3281 potestate.

2083 3303 2297 3370 Oportet
2333 3304 2482 3357 illum
2512 3306 2644 3359 solvi
2679 3307 2882 3360 modico
2905 3318 3150 3376 tempore.
3183 3310 3398 3365 Modico
3430 3321 3566 3366 tetu-

2011 3409 2143 3464 pore
2167 3435 2181 3458 ,
2215 3397 2488 3464 quonam?
2513 3399 2565 3452 Id
2595 3407 2805 3467 tempus
2828 3407 2912 3455 est
2939 3401 3203 3455 adventus
3229 3403 3570 3470 Antichristi,

2013 3485 2156 3553 quod
2189 3485 2254 3538 ad
2291 3501 2512 3554 parvam
2545 3488 2888 3543 durationem
2918 3492 3212 3558 contraxit,
3252 3491 3414 3562 812
3452 3509 3574 3563 pro-

2016 3584 2132 3644 pter
2161 3576 2556 3630 vehementiam
2591 3594 2714 3648 qua:
2768 3581 2854 3633 vix
2906 3581 3122 3636 tolerari
3167 3593 3350 3652 posset
3389 3586 3458 3637 ab
3491 3586 3574 3638 his

2017 3669 2109 3735 qui
2164 3679 2380 3736 propter
2431 3667 2599 3722 Deum
2657 3670 2958 3741 aﬂligentur
3001 3714 3014 3737 ,
3064 3674 3130 3728 de
3179 3689 3289 3741 quo
3337 3683 3579 3746 tempore

2015 3759 2264 3810 Salvator
2293 3775 2508 3827 quoque
2538 3761 2590 3812 in
2618 3759 2926 3828 Evangeliis
2958 3766 3056 3829 ait,
3085 3765 3243 3817 talem
3278 3763 3394 3819 fore
3446 3767 3576 3820 allii-

2013 3845 2268 3906 ctioucm,
2299 3846 2477 3912 qualis
2506 3862 2610 3900 non
2642 3860 2724 3901 est
2751 3849 2891 3902 facta
2917 3853 2987 3904 ab
3011 3853 3165 3905 in'itio
3193 3856 3377 3908 mundi
3407 3875 3420 3908 :
3453 3857 3572 3910 ideo

2012 3932 2176 3986 etiam
2208 3934 2604 3990 abbreviandos
2639 3937 2772 3990 dicit
2806 3940 2906 3993 hos
2941 3941 3057 3995 dies
3090 3954 3309 4010 propter
3348 3945 3570 3999 electos.

2589 4049 2817 4106 CAPUT
2846 4050 2982 4106 LXI.

2016 4161 2090 4216 De
2134 4161 2342 4218 sedibus
2385 4174 2750 4238 φασξ-γραφη
2786 4176 2910 4238 sunt
2947 4169 3054 4221 illis
3099 4171 3190 4238 qui
3239 4187 3572 4230 servaverunt

2484 4232 2680 4287 Christi
2706 4237 3105 4305 confessionem.

2086 4344 2205 4414 XX,
2237 4347 2290 4402 4.
2326 4348 2394 4433 Et
2421 4349 2525 4402 vidi
2555 4348 2718 4423 sedes,
2742 4359 2791 4404 et
2823 4351 3067 4405 sederunt
3091 4369 3243 4420 super
3270 4372 3379 4419 eas,
3412 4366 3460 4409 et
3482 4374 3575 4425 ju-

2020 4436 2214 4490 dicium
2260 4441 2387 4506 ipsis
2439 4441 2623 4493 datum
2651 4453 2749 4494 est.
2814 4441 2882 4495 Et
2938 4446 3144 4500 animus
3199 4447 3574 4502 decollatorum

1949 4506 1993 4564 ί)
2021 4536 2232 4594 propter
2266 4529 2617 4580 testimonium
2649 4530 2793 4594 Jesu,
2818 4542 2867 4584 et
2901 4543 3112 4599 propter
3141 4551 3424 4589 sermonem
3459 4537 3574 4595 Dei.

2013 4627 2059 4670 st
2084 4618 2172 4684 qui
2200 4634 2301 4669 tum
2328 4619 2680 4672 adoraverunt
2710 4621 2929 4673 bestiam
2953 4640 3112 4688 neque
3139 4626 3415 4691 imaginem
3435 4628 3571 4692 ejus,

2015 4715 2062 4756 et
2091 4706 2179 4772 qui
2218 4721 2318 4756 non
2370 4717 2678 4773 acceperunt
2723 4709 3075 4762 characterem
3119 4712 3171 4762 in
3215 4712 3386 4779 fronte
3425 4724 3473 4766 et
3520 4716 3573 4766 in

2017 4813 2174 4847 manu
2201 4812 2341 4857 sua;
2381 4806 2428 4847 et
2464 4799 2693 4850 vixerunt
2737 4807 2784 4850 et
2829 4812 3170 4867 regnaverunt
3221 4820 3335 4855 cum
3367 4803 3575 4859 Christo

2020 4888 2158 4939 mille
2195 4887 2368 4940 armis.

2089 5062 2318 5116 Sanctus
2365 5063 2642 5129 apostolos
2675 5063 2750 5117 ait
2786 5079 2845 5118 se
2880 5066 3100 5133 vidisse,
3140 5085 3232 5139 per
3265 5086 3403 5139 quos
3453 5088 3577 5125 ern-

2016 5153 2144 5206 dita:
2177 5161 2362 5222 gentes
2397 5153 2659 5208 doctrina:
2687 5157 2853 5209 verbo
2899 5159 3172 5225 vixerunt,
3219 5171 3270 5216 et
3319 5178 3423 5215 una
3453 5178 3575 5216 cum

2016 5244 2232 5298 Christo
2287 5255 2579 5313 regnarunt
2631 5245 2780 5302 mille
2834 5253 3012 5305 annis.
3074 5253 3263 5320 Itaque
3310 5254 3376 5306 de
3431 5253 3578 5307 mille

2018 5336 2178 5389 annis
2203 5335 2408 5389 dictum
2441 5343 2542 5387 est.
2573 5334 2638 5389 lli
2668 5353 2798 5407 ergo
2828 5341 3000 5394 sancti
3026 5342 3258 5410 apostoli
3288 5343 3574 5405 sedchunt,

2020 5426 2184 5480 veluti
2215 5425 2376 5478 habet
2396 5425 2607 5478 Domini
2642 5431 2952 5497 promissio,
2991 5452 3008 5482 ι
3042 5431 3355 5485 Judicantcs
3379 5435 3582 5489 duode-

2023 5515 2127 5569 cim
2148 5515 2321 5569 tribus
2349 5513 2629 5580 Israel”,s
2659 5520 2762 5574 hoc
2783 5532 2888 5584 est,
2909 5520 3357 5576 condemnantes.
3383 5522 3580 5579 Eorum

2016 5607 2160 5660 enim
2205 5607 2294 5676 qui
2346 5605 2588 5675 ejusdem
2639 5617 2765 5663 sunt
2841 5612 3051 5679 generis
3125 5606 3574 5681 juxtapositione.
