4126 6332
284 284 398 349 7Ξ3

1321 294 1677 357 COMMENT
1713 295 1796 357 IN
1833 293 2351 357 APOCALYPSIN.

3338 284 3443 349 754

281 392 384 441 καὶ
414 390 760 461 πρόσκαιρος,
782 394 811 447 δ
834 394 891 448 δὲ
910 395 975 448 δι’
1003 395 1406 467 ἁμαρτημάτων
1428 399 1629 452 ἔκτισιν
1657 401 1715 452 ιν
1745 399 1824 468 τῷ
1855 404 1895 455 Α

1821 425 1824 445 ν
1855 404 1895 455 Α
1924 404 2035 448 tera
2076 393 2290 463 quidem
2325 390 2561 443 carnalis
2603 402 2666 443 ac
2698 388 3038 457 temporalis;
3076 402 3195 454 quae
3225 404 3351 442 vero
3382 391 3450 442 ob

288 479 534 546 μέλλοντι
568 482 722 537 αίῶνι
748 485 1102 555 ἑπαγόμενος,
1133 487 1478 557 ἀτελεύτητος
1507 490 1600 540 καὶ
1627 488 1818 552 ἀΐδιος,

286 567 425 637 ὅπερ
453 570 597 622 ἐστὶν
619 572 652 640 ἠ
677 573 771 625 τοῦ
792 574 959 643 πυρὸς
984 575 1191 640 γέεννα.
1236 574 1390 630 Ἀλλά
1416 593 1478 644 γε
1498 576 1590 630 καὶ
1610 577 1821 646 νεκρῶν

283 654 549 726 διαφορὰς
573 659 905 731 γινώσκομεν
922 679 936 695 ο
965 665 1015 716 οι
1044 664 1140 732 μὲν
1170 666 1407 731 φευκτοὶ,
1436 666 1563 733 ιιιςερ)⁵
1587 658 1661 718 ὧν
1688 682 1819 733 φησι

288 742 386 794 καὶ
404 746 434 796 δ
456 750 749 815 προφήτης·
772 750 835 803 Οί
859 750 1109 817 δινικροὶ
1131 752 1273 822 ζωὴν
1290 754 1350 806 οὺ
1374 754 1447 824 μὴ
1470 754 1668 807 ῐδωσινο
1692 756 1742 805 oi
1763 756 1819 807 δὲ

286 832 581 895 ἱπαινετοὶ,
600 839 647 887 οί
671 837 759 890 διὰ
784 839 1014 907 Χριστὸν
1038 840 1134 902 τὰς
1153 841 1440 909 ἡδυπαθεῐς
1457 842 1551 895 τοῦ
1574 843 1821 912 σώματος

284 920 520 991 πράξεις
546 924 977 991 ἀποκτιννύντες,
1008 928 1104 995 τὴν
1140 928 1399 997 νέκρωσιν
1426 928 1520 982 τοῦ
1544 916 1735 998 Ἰησοῦ
1764 932 1820 983 ὲν

281 1010 363 1078 τῷ
392 1010 603 1080 σ’ἰιματι
632 1014 1035 1083 περιφέροντες.
1079 1016 1141 1068 Ἦ
1176 1017 1230 1069 δὲ
1258 1018 1481 1087 δευτέρα
1510 1019 1818 1083 ἀνάστασις,

282 1100 317 1165 ἡ
352 1099 605 1169 καθολική
640 1104 751 1154 ἐστι
776 1102 879 1153 τῶν
911 1103 1192 1172 σωμάτων,
1216 1106 1333 1174 ἥτις
1359 1106 1645 1170 ἀνάστασις
1680 1107 1820 1176 ἀρχὴ

278 1186 382 1253 τῆς
407 1186 697 1258 μελλούσης
724 1190 904 1259 αὐτοῖς
924 1191 1190 1255 κολάσεως
1213 1193 1441 1259 γίνεται.
1465 1194 1617 1247 Κατὰ
1640 1196 1694 1248 δὲ
1716 1197 1822 1247 τῶν

277 1248 381 1343 τήν
408 1248 1187 1350 *πρώτην-εύδῶμονησάντων
1220 1248 1509 1337 αναστασιν
1561 1287 1658 1338 οὐκ
1713 1286 1823 1354 εχει

276 1362 529 1426 ἐξουσίαν
546 1369 573 1419 ὀ
591 1367 837 1444 δεύτερος
858 1370 965 1423 ἀπὸ
993 1371 1091 1439 τῆς
1109 1373 1377 1443 ἁμαρτίας
1402 1374 1535 1443 πρὸς
1560 1376 1824 1444 τιμωρίαν

277 1450 661 1505 ἀποκαθιστῶν
694 1453 939 1517 θάνατος.
972 1455 1085 1507 ἀλλ’
1116 1455 1324 1509 ἔσονται
1358 1460 1520 1526 ἱερεῖς
1551 1457 1643 1510 τοῦ
1691 1459 1823 1511 Θεοῦ

276 1541 380 1594 καὶ
412 1542 503 1596 τοῦ
536 1544 791 1613 Χριστοῦ.
817 1546 976 1600 Χίλια
1001 1546 1077 1610 δὲ,
1109 1550 1171 1601 οὐ
1199 1550 1264 1603 τὰ
1292 1550 1367 1619 τῷ
1401 1550 1580 1603 δεκάδι
1609 1551 1825 1621 ἀριθμῷ

278 1626 377 1678 τὸν
405 1629 597 1681 ἑκατὸν
620 1632 1031 1702 συντελούμενα,
1056 1636 1168 1688 ἀλλ’
1198 1640 1379 1707 ἐπειδὴ
1401 1642 1429 1692 ὁ
1455 1640 1673 1703 δέκατος
1702 1643 1824 1711 ἀρι-

278 1715 420 1783 θμὸς
458 1718 668 1788 πρῶτος
700 1722 926 1792 ἀριθμὸς
969 1725 1169 1790 τέλειος
1197 1728 1258 1780 ὲκ
1300 1730 1539 1797 μονάδων
1574 1730 1818 1800 συνέστη,

275 1801 401 1857 εἶτα
428 1806 583 1861 πάλιν
598 1809 759 1872 αὐτὸς
779 1811 855 1880 τῷ
885 1812 1147 1884 δεκαδικῷ
1166 1816 1487 1885 διαστήματι
1513 1818 1603 1871 τὸν
1634 1820 1821 1871 ἑκατὸν

276 1895 596 1963 ἀπετέλεσε,
623 1901 717 1952 καὶ
742 1901 921 1967 πάλιν,
949 1896 1102 1965 οὗτος
1128 1906 1218 1956 ἐπὶ
1243 1906 1351 1961 τῶν
1376 1906 1505 1960 δέκα
1551 1909 1821 1961 πολυπλα-

277 1985 520 2047 σιασθεὶς
548 1988 655 2039 ἀπὸ
676 1989 884 2043 τούτων
911 1994 1008 2061 τὴν
1034 1994 1232 2061 σωρίδα
1259 1995 1353 2046 τοῦ
1380 1996 1525 2064 χίλια
1563 1999 1822 2067 συνεστή-

276 2086 414 2123 σατο
439 2074 499 2125 ἐκ
527 2074 729 2127 τελείου
760 2078 894 2145 πρὸς
922 2078 1249 2148 τελειότερον
1282 2085 1643 2153 καταντήσας,
1673 2086 1821 2138 εἰκό-

274 2176 389 2221 τως
419 2160 496 2231 τῷ
527 2162 809 2233 ύπερτελεῐ
851 2166 968 2235 Θεῷ
1005 2168 1064 2220 τὸ
1099 2169 1296 2223 τέλειον
1319 2171 1417 2240 τῆς
1449 2173 1583 2242 μετὰ
1613 2174 1821 2242 ἀνθρὼ-

279 2264 405 2310 πων
464 2251 842 2323 συνδιατρισῆς
902 2256 1250 2325 ἀφωρίσατο,
1312 2259 1409 2329 οὐχ
1466 2262 1547 2315 ὅτι
1611 2263 1822 2327 πάντως

276 2338 533 2392 τοσοῦτον
581 2342 658 2413 τῷ
699 2343 947 2413 ἀριθμῷ,
1007 2346 1140 2399 ἀλλὰ
1182 2347 1269 2400 διὰ
1296 2347 1389 2401 τοῦ
1437 2350 1641 2403 τελείου
1670 2352 1823 2405 τοῦτο

278 2428 611 2498 ἐμφανίζων,
654 2431 729 2495 ὡς
777 2435 883 2488 πᾶν
932 2435 961 2488 δ
1007 2436 1072 2490 ἂν
1103 2437 1291 2507 χρόνου
1344 2439 1615 2511 διάστημα
1658 2442 1823 2506 διεξο-

275 2520 449 2593 δευθῇ
476 2524 610 2592 μετὰ
637 2525 734 2594 τῆς
756 2526 1053 2594 ἀνθρώπων
1075 2528 1168 2581 τοῦ
1200 2530 1434 2602 Χριστοῦ
1466 2550 1823 2604 συναναστρο-

276 2611 413 2681 φῆς,
445 2613 542 2667 οὐκ
568 2612 633 2669 ἂν
654 2614 807 2670 τοῦτο
828 2616 906 2687 τῷ
929 2619 1109 2674 ἀτελεῖ
1127 2622 1547 2695 προσνεμηθιίη.

847 2816 1095 2871 ΚΕΦΔΛ.
1143 2816 1258 2871 ΞΓ.

650 2926 785 2992 Περὶ
814 2927 919 2980 τοῦ
944 2927 1080 2997 Γὼγ
1105 2930 1202 2982 καί
1225 2930 1458 3001 Μαγώγ.

1922 484 2288 549 repensionem
2336 487 2671 546 peccatorum
2712 479 2764 531 in
2800 478 2983 532 futuro
3011 478 3208 532 saeculo
3247 472 3453 531 induci-

1922 582 2036 632 tur.
2062 572 2379 639 sempiterna
2408 578 2489 621 est
2509 576 2564 621 et
2587 566 2691 620 line
2721 580 2934 628 carens,
2958 568 3076 635 qua:
3102 578 3185 621 est
3210 566 3451 635 gehenna

1921 663 2079 723 ignis.
2126 659 2227 712 Sed
2263 666 2317 710 et
2366 664 2699 709 mortuorum
2745 654 3108 708 diversitatem
3166 655 3448 722 cognosci-

1921 765 2041 803 mus
2069 765 2083 802 :
2114 748 2201 801 alii
2229 746 2445 816 Quidem
2479 744 2710 810 fugiendi
2739 751 2887 806 sunt,
2912 744 2977 796 de
3005 744 3205 811 quibus
3228 744 3298 797 ait
3329 744 3455 797 Pro-

1920 839 2076 905 pheta
2106 855 2120 891 ι
2173 837 2362 889 Mortui
2394 835 2552 888 vitam
2602 848 2706 887 non
2737 832 2953 886 videant
2990 848 3006 885 :
3053 833 3143 885 alii
3178 848 3304 886 vero
3341 835 3455 886 lan—

1920 925 2100 985 dzmdi,
2133 913 2223 992 qui
2256 933 2470 992 propter
2511 921 2783 974 Christum
2834 920 3179 988 voluptuosas
3211 922 3453 988 corporis

1920 1014 2257 1083 operationes
2297 1014 2681 1069 interimentes.
2731 1009 3195 1064 mortificationem
3240 1009 3365 1063 Jesu
3398 1010 3451 1062 in

1922 1118 2143 1171 corpore
2182 1100 2589 1156 circumferunt.
2630 1099 2798 1153 Porro
2849 1098 3080 1153 secunda
3130 1099 3453 1152 resurrectio

1922 1192 2238 1247 universalis
2275 1200 2356 1244 est
2398 1204 2710 1258 corporum,
2751 1204 2870 1256 qure
2919 1187 3241 1242 resurrectio
3289 1186 3451 1241 futtiri

1924 1280 2169 1349 supplicii
2228 1279 2359 1346 ipsis
2413 1277 2637 1331 eilicilur
2700 1277 2933 1330 initium.
2994 1276 3267 1330 Adversus
3333 1276 3451 1329 illos

1925 1383 2100 1424 autem
2127 1370 2214 1439 qui
2246 1370 2409 1437 priori
2438 1368 2826 1421 resurrectione
2856 1365 3135 1419 beatiﬁcati
3170 1374 3315 1425 sunt,
3345 1379 3450 1416 non

1926 1461 2083 1514 habet
2121 1467 2438 1529 potestatem
2472 1471 2639 1519 mors.
2676 1470 2794 1523 qua:
2828 1470 2856 1507 a
2888 1463 3106 1523 peccato
3146 1453 3455 1507 transmittit

1924 1548 1989 1602 ad
2012 1548 2332 1617 supplicium
2360 1565 2372 1600 :
2402 1546 2494 1600 sed
2525 1543 3005 1599 eruntsaccrdotes
3037 1541 3127 1594 Dei
3157 1549 3208 1594 et
3235 1539 3451 1593 Christi.

1925 1637 2067 1693 Mille
2094 1653 2224 1691 vero
2271 1652 2377 1691 non
2426 1635 2683 1695 dicuntur
2726 1648 2846 1702 qua:
2887 1632 3111 1701 decupla
3166 1630 3455 1686 centenarii

1927 1727 2136 1781 numeri
2166 1726 2606 1793 multiplicatione
2642 1722 3043 1778 coniiciuntur:
3079 1720 3169 1775 sed
3202 1720 3453 1788 quoniam

1925 1817 2177 1870 denarius
2200 1828 2455 1868 numerus
2482 1813 2687 1881 primus
2708 1820 2791 1865 est
2816 1810 3082 1879 perfectus
3104 1825 3359 1864 numerus
3392 1825 3454 1860 ex

1925 1903 2220 1958 unitatibus
2244 1903 2563 1956 constitutus
2582 1939 2597 1960 .
2618 1899 2821 1959 deinde
2851 1913 3060 1953 rursum
3097 1898 3211 1965 ipse
3240 1896 3458 1950 denario

1924 1992 2205 2045 intervallo
2239 1996 2454 2044 centum
2506 1986 2820 2050 constituit,
2873 1994 2929 2040 et
2977 1986 3168 2053 iterum
3228 1985 3316 2038 hic
3367 2000 3459 2053 per

1924 2081 2105 2135 decem
2138 2078 2521 2146 multiplicatus
2549 2090 2796 2147 acervum
2824 2074 3041 2128 coniicit
3075 2071 3454 2131 milleuarium.

1926 2184 1954 2222 a
1986 2170 2222 2238 perfecto
2249 2168 2538 2237 procedens
2564 2165 2639 2239 ad»
2672 2164 2977 2233 perfectius,
3015 2162 3207 2214 merito
3248 2160 3455 2228 perlec—

1926 2260 2121 2313 tionem
2150 2259 2403 2313 distincte
2433 2256 2727 2326 assignavit
2756 2253 3152 2310 conversationi
3185 2251 3458 2319 perfectis-

1926 2350 2048 2404 simi
2082 2350 2170 2405 Dei
2194 2364 2320 2422 ,eum
2368 2348 2717 2403 hominibus:
2752 2362 2857 2401 non
2884 2345 3025 2415 quod
3060 2344 3279 2398 omnino
3310 2351 3457 2395 tanto

1925 2449 2067 2493 esset
2094 2453 2355 2493 annorum
2388 2452 2634 2499 numero.
2666 2438 2757 2491 sed
2803 2437 2904 2489 hoc
2932 2433 3255 2504 perfectione
3288 2433 3457 2485 inanir

1926 2526 2105 2592 festat.
2142 2539 2200 2582 ut
2244 2539 2719 2598 quantumcunque
2750 2534 2894 2580 esset
2918 2523 3172 2592 temporis
3211 2522 3461 2575 intervul-

1927 2620 2038 2673 lum
2086 2618 2509 2673 conversationis
2545 2616 2745 2672 Christi
2791 2630 2913 2670 cum
2966 2611 3308 2675 hominibus,
3358 2611 3461 2664 hoc

1928 2723 2263 2777 nequaquam
2300 2706 2690 2777 impcri'ectioni
2715 2706 3111 2760 attribueretur.

2475 2813 2698 2869 CAPUT
2731 2813 2907 2868 LXIII.

2438 2926 2507 2978 De
2534 2924 2641 2993 σοι]
2669 2937 2717 2978 et
2745 2925 2951 2994 M'agog.

350 3031 458 3085 Kal
478 3031 621 3099 μετὰ
646 3036 718 3087 τὰ
744 3035 907 3102 χίλια
929 3036 1032 3102 ἔτη
1055 3037 1380 3106 λυθήσεται
1462 3041 1732 3108 Σατανᾶς
1758 3043 1826 3098 ἐκ
1854 3020 1896 3075 c

1854 3020 1896 3075 (ἶ
1992 2999 2115 3101 XX,
2163 3012 2308 3091 Ἰ-Ιί).
2344 3034 2409 3086 Ει
2451 3044 2564 3101 post
2595 3035 2735 3086 mille
2771 3049 2934 3087 annos
2986 3033 3209 3085 solvetur
3234 3032 3457 3086 Satanas

270 3120 388 3188 τῆς
426 3121 701 3189 φυλακῆς
729 3123 933 3188 αὐτοῦ,
968 3125 1065 3177 καί
1092 3127 1471 3190 ἐξελεύσεται
1514 3131 1823 3201 πλανῆσαι

270 3210 349 3261 τὰ
391 3208 536 3276 ἔθνη
566 3208 637 3263 τὰ
661 3211 730 3263 ἐν
766 3211 892 3277 ταῖς
921 3212 1213 3282 τέσσαρσι
1258 3219 1495 3287 γωνίαις
1538 3218 1649 3287 τῆς
1691 3221 1821 3292 γῆς,

271 3298 385 3350 τὸν
412 3297 545 3367 Γὼγ
573 3298 669 3352 καί
697 3299 805 3353 τὸν
824 3300 1058 3373 Μαώγ,
1089 3305 1450 3374 συναγαγεῖν
1479 3308 1697 3373 αὐτοὺς
1739 3312 1824 3374 εἰς

268 3388 384 3440 τὸν
409 3388 692 3457 πόλεμον,
721 3384 808 3444 ὧν
842 3392 875 3444 ό
906 3391 1146 3461 ἀριθμὸς
1183 3394 1324 3448 ὡσεί
1366 3396 1554 3466 ἅμμος
1588 3398 1697 3466 τῆς
1720 3404 1820 3454 θα-

269 3478 540 3546 λάσσης.
574 3480 680 3535 Καὶ
709 3482 1013 3549 ἀνέϐησαν
1050 3484 1147 3537 ἐπί
1175 3486 1243 3539 τὸ
1281 3487 1507 3554 πλάτος
1555 3488 1663 3555 τῆς
1687 3490 1820 3558 γῆς,

269 3570 372 3622 καί
428 3570 780 3624 ἐκύκλωσαν
852 3574 966 3641 τὴν
1017 3577 1397 3645 παρεμϐολὴν
1451 3578 1569 3632 τῶν
1627 3582 1823 3649 ἁγίων,

270 3658 374 3708 καί
400 3658 514 3723 τὴν
538 3659 717 3711 πόλιν
748 3660 862 3724 τὴν
888 3664 1293 3731 ἠγαπημένην.
1327 3667 1434 3720 Καὶ
1463 3668 1674 3734 κατέϐη
1706 3669 1825 3735 πῦρ

266 3743 345 3795 ὲκ
378 3742 480 3796 τοῦ
524 3747 780 3811 adparat?
829 3748 945 3799 ἀπὸ
987 3749 1091 3801 τοῦ
1146 3751 1313 3815 Θεοῦ,
1369 3752 1466 3804 καὶ
1498 3753 1827 3821 κατέφαγεν

1920 3127 2213 3180 de"carcere
2241 3140 2333 3178 suo
2367 3141 2381 3176 :
2416 3137 2461 3178 et
2500 3120 2657 3177 exibit
2682 3132 2735 3177 ut
2767 3125 2976 3177 seducet
3009 3133 3176 3192 gentes
3206 3140 3318 3193 qum
3339 3134 3459 3175 sunt

1918 3217 1971 3269 in
1997 3227 2221 3287 quatuor
2254 3216 2459 3285 angulis
2480 3227 2632 3269 terra:
2662 3213 2769 3284 Gog
2797 3224 2845 3268 et
2876 3214 3083 3284 Magog,
3116 3224 3172 3266 ut
3196 3225 3459 3283 congregat

1919 3324 2004 3361 eos
2053 3308 2105 3361 in
2160 3307 2427 3375 praelium.
2472 3323 2691 3376 quorum
2733 3322 2976 3359 numerus
3012 3316 3087 3360 est
3136 3308 3269 3359 sicut
3304 3323 3461 3359 arena

1920 3399 2101 3451 maris.
2152 3395 2220 3450 Et
2268 3398 2610 3450 ascenderunt
2646 3411 2801 3463 super
2827 3396 3157 3450 latitudinem
3203 3404 3373 3460 terra,
3413 3406 3460 3449 et

1924 3488 2230 3542 obsederunt
2257 3496 2432 3541 castra
2476 3496 2770 3561 sanctorum
2805 3486 2965 3555 815
2992 3503 3051 3539 ac
3078 3488 3337 3540 civitatem
3379 3487 3461 3538 di-

1920 3579 2128 3631 lectam.
2161 3575 2229 3630 Et
2260 3578 2521 3630 descendit
2552 3578 2685 3645 ignis
2718 3577 2777 3629 de
2802 3578 2924 3629 caelo
2952 3594 2981 3628 a
3017 3575 3140 3637 Deo,
3167 3564 3460 3628 et‘devora-

1920 3670 1987 3720 vit
2021 3684 2145 3731 eos;
2179 3680 2229 3722 et
2268 3668 2509 3720 diabolus
2537 3669 2626 3735 qui
2656 3669 2923 3720 reducebat
2968 3684 3049 3719 eos
3079 3667 3262 3721 missus
3298 3677 3372 3719 est
3412 3669 3461 3720 iu

1918 3764 2159 3821 stagnum
2194 3753 2329 3823 ignis
2352 3766 2400 3807 et
2430 3756 2713 3823 sulphuris,
2749 3756 2836 3806 ubi
2861 3766 2909 3808 et
2946 3758 3109 3808 bestia
3147 3767 3194 3807 et
3242 3758 3462 3822 pseudo-

268 3835 517 3896 αὐτούς.
544 3835 650 3887 Καί
679 3838 711 3889 ό
739 3834 1011 3902 διάϐολος
1038 3841 1071 3891 ό
1099 3839 1345 3891 πλανῶν
1365 3841 1583 3905 αὐτοὺς
1602 3842 1823 3910 ἐϐλήθη

1916 3844 2164 3911 propheta
2210 3853 2370 3904 sunt;
2402 3854 2451 3898 et
2484 3844 2854 3896 cruciabuntur
2887 3843 2970 3896 die
3014 3860 3075 3894 ac
3104 3854 3248 3896 nocte
3275 3846 3329 3895 iit
3360 3861 3454 3895 διυ-

268 3927 362 3987 είς
399 3922 511 3991 τὴν
539 3924 762 3992 λίμνην
794 3925 900 3979 τοῦ
932 3925 1118 3993 πυρὸς
1171 3926 1269 3979 καί
1315 3927 1493 3991 θείου,
1540 3928 1691 3983 ὅπου
1726 3930 1821 3983 καὶ

1919 3936 2039 3985 cula
2068 3934 2402 3987 seculorum.

268 4015 343 4068 τὸ
372 4016 576 4084 θηρίον
595 4019 691 4071 καὶ
721 4019 1288 4089 όψευδοπροφήτης,
1332 4021 1427 4075 καὶ
1461 4021 2021 4092 βασανισθήσονται
2091 4027 2311 4095 ἡμέρας
2357 4024 2455 4079 καὶ
2496 4025 2711 4091 νυκτὸς
2740 4026 2824 4090 είς
2883 4024 3021 4089 τοὺς
3082 4022 3299 4086 αἰῶνας
3346 4023 3460 4075 τῶν

345 4201 520 4254 Χίλια
547 4202 672 4268 ἔτη.
714 4201 817 4254 Τὸν
849 4202 957 4256 ἀπὸ
986 4203 1084 4272 τῆς
1117 4205 1211 4256 τοῦ
1260 4206 1491 4274 Χριστοῦ
1525 4210 1820 4277 παρουσίας

2000 4210 2146 4264 Mille
2174 4227 2356 4264 annos.
2390 4209 2591 4279 Nempe
2634 4217 2840 4277 tempus
2889 4208 2956 4261 ab
3005 4207 3231 4260 adventu
3262 4206 3460 4259 Christi

268 4290 487 4358 χρόνον,
533 4292 690 4361 μέχρι
739 4294 832 4346 τοῦ
889 4293 1251 4365 ’Δντιχρίστου
1301 4296 1463 4363 λέγει,
1498 4293 1703 4365 οὗτινος
1728 4300 1821 4350 λυ-
1853 4282 1897 4335 θ

1853 4282 1897 4335 θ
1926 4314 2095 4367 usque
2126 4301 2189 4352 ad
2212 4300 2627 4364 Anticliristum,
2650 4314 2756 4367 quo
2779 4301 2955 4352 soluto
2981 4300 3183 4351 inducit
3211 4300 3459 4365 deinceps

270 4380 481 4443 θέντος,
535 4383 743 4449 είτάγει
783 4386 965 4437 λοιπὸν
1001 4386 1094 4437 καὶ
1120 4385 1188 4438 τὰ
1230 4386 1356 4454 ἔθνη
1385 4388 1478 4438 καὶ
1503 4389 1699 4449 τόπους
1726 4392 1823 4456 τῆς

267 4469 615 4538 οίκουμένης,
659 4472 779 4525 καθ’
830 4473 923 4535 οὓς
960 4475 1028 4528 τὰ
1061 4475 1159 4542 τῆς
1206 4476 1465 4543 συνήθους
1503 4476 1648 4544 αύτῷ
1699 4480 1821 4529 επι-

266 4556 509 4619 δείξεται
537 4560 768 4630 ἀπάτης,
806 4562 896 4614 καὶ
922 4564 1057 4631 πρὸς
1084 4563 1241 4615 τίνων
1272 4564 1363 4615 καὶ
1390 4565 1529 4616 κατὰ
1556 4565 1713 4615 τίνων
1749 4565 1822 4627 ὡς

267 4647 673 4716 ἀφηγουμένων
709 4654 737 4703 ὁ
781 4654 1011 4721 πόλεμος
1038 4648 1189 4715 οὗτος
1238 4654 1480 4721 συσταίη.
1525 4654 1691 4722 Ἐθνη
1725 4655 1823 4718 μὲν

267 4737 387 4799 οὖν,
434 4736 502 4787 τὰ
548 4738 922 4810 εὐεξαπάτητα
975 4744 1151 4810 λέγει’
1198 4743 1390 4804 τόπους
1424 4742 1497 4803 δὲ,
1554 4745 1677 4803 τοὺς
1718 4744 1822 4795 ὑπὸ

266 4830 371 4895 τὴν
412 4825 501 4877 ὑπ’
526 4825 767 4893 οὐρανὸν,
794 4830 887 4891 οὒς
920 4833 1011 4883 καὶ
1045 4834 1310 4899 τέσσαρας
1342 4832 1541 4896 γωνίας
1568 4832 1820 4897 ὀνομάζει

266 4916 375 4982 τῆς
404 4914 524 4981 γῆς,
566 4912 665 4974 τὰς
688 4914 955 4982 τέσσαρας
998 4919 1177 4988 λήξεις
1202 4921 1298 4989 τῆς
1329 4919 1647 4986 οἰκουμένης
1679 4920 1821 4972 οὕτω

268 4998 475 5066 καλῶν,
504 5002 610 5054 ἀπὸ
636 5004 742 5066 τῶν
764 5005 999 5073 ἡλιακῶν
1023 5010 1200 5079 φορῶν
1226 5009 1365 5062 οὕτω
1392 5008 1697 5076 κληθείσας,
1726 5011 1817 5062 καὶ

267 5096 382 5147 τῶν
426 5094 563 5144 κατὰ
610 5094 841 5162 ἀστέρας
883 5097 1032 5159 τινὰς
1079 5100 1419 5152 οίκειώσεων.
1463 5100 1611 5151 Ἐπεὶ
1647 5098 1820 5151 τοίνυν

269 5186 406 5252 ἔθνη
437 5182 533 5251 μὲν
568 5180 740 5235 ταῦτα
778 5184 893 5249 μεθ’
922 5180 994 5238 ὧν
1040 5190 1067 5239 ὁ
1104 5190 1334 5256 πόλεμος
1386 5189 1561 5257 μέλλει
1595 5206 1821 5258 συγκρο-

265 5274 509 5338 τεῖσθαι,
562 5274 655 5326 καὶ
693 5274 865 5342 χῶρος
892 5270 1041 5339 οὗτος
1077 5279 1132 5330 ὲν
1165 5273 1208 5345 ᾧ
1250 5280 1347 5348 ἤδη
1392 5279 1633 5341 καὶτοὺς
1691 5281 1821 5332 καθ-

265 5383 414 5433 ηγου
424 5365 613 5433 μένους
634 5363 837 5429 εἰσάγει
854 5363 1037 5433 ὥσπερ
1056 5368 1178 5420 πολε
1187 5370 1395 5438 μάρχης
1414 5371 1439 5419 ὁ
1456 5367 1575 5435 Γὼγ
1596 5370 1685 5421 καὶ
1704 5371 1822 5424 Ma...

269 5460 421 5526 γὼγ,
453 5458 511 5509 ὃν
543 5458 637 5509 καὶ
676 5454 929 5523 Ἰεζεκιὴλ
963 5460 1288 5529 προφητεύει
1316 5460 1400 5511 ἐπ’
1434 5461 1657 5529 ἐσχάτου
1698 5479 1816 5514 και-

272 5549 376 5617 (οοῦ
428 5546 771 5617 ἐλευσόμενον
820 5548 913 5597 σὺν
958 5547 1180 5616 δυνάμει
1227 5551 1433 5621 βαρείᾳ.
1484 5552 1618 5605 Ἀλλ’
1664 5553 1817 5615 Ἰεζε-

1924 4399 1977 4443 et
2006 4400 2188 4455 gentes
2219 4397 2272 4441 et
2316 4390 2428 4441 loca
2465 4390 2641 4448 orbis.
2673 4390 2869 4456 quious
2904 4390 2988 4440 ille
3033 4404 3185 4441 suam
3225 4386 3452 4439 Tnmilia-

1924 4494 2035 4531 rem
2060 4479 2304 4531 ostendet
2335 4479 2704 4543 imposturmn,
2729 4487 2779 4530 et
2808 4492 2901 4543 per
2925 4492 3059 4541 quos
3083 4485 3134 4527 ct
3164 4476 3454 4526 secundum

1922 4579 2059 4631 quos
2095 4574 2350 4631 tanquam
2383 4566 2546 4617 (luces
2568 4574 2819 4616 cruentos
2873 4564 3066 4615 bellum
3112 4563 3213 4615 hoc
3254 4563 3455 4615 consti-

1923 4662 2124 4707 tuatur.
2156 4653 2353 4706 Gentes
2385 4654 2563 4717 itaque
2593 4652 2720 4703 dicit
2756 4652 2897 4712 illos.
2934 4653 3024 4719 qni
3079 4651 3233 4705 facile
3276 4663 3456 4719 patent

1922 4742 2220 4810 deceptioni
2257 4759 2270 4793 :
2304 4742 2417 4792 loca
2457 4756 2580 4793 vero
2609 4755 2701 4791 cos
2730 4740 2818 4807 qui
2854 4750 3052 4807 partem
3079 4743 3178 4793 sub
3207 4741 3342 4795 cutio
3373 4742 3455 4793 in-

1922 4834 2122 4895 colunt,
2154 4846 2289 4899 quos
2318 4832 2476 4884 etiam
2505 4840 2731 4898 quatuor
2758 4840 2909 4883 terrae
2948 4832 3171 4897 angulos
3199 4817 3455 4890 nominat,

1921 4932 2154 4990 quatuor
2188 4921 2333 4976 orbis
2380 4922 2511 4975 lines
2554 4922 2625 4974 ita
2670 4936 2888 4986 vocans,
2920 4938 2949 4975 ιι
2995 4923 3125 4975 solis
3168 4921 3455 4974 lationibus

1923 5013 1993 5065 ita
2024 5012 2341 5081 appellatos,
2381 5019 2431 5065 et
2458 5010 2893 5079 approprialione
2932 5012 3285 5079 quarumdam
3329 5007 3454 5059 stel-

1925 5103 2117 5157 larum.
2152 5102 2411 5168 Quoniam
2450 5102 2609 5169 igitur
2639 5102 2719 5153 har.
2756 5110 2938 5169 gentes
2965 5110 3090 5153 sunt
3116 5114 3234 5151 cum
3262 5096 3456 5163 quibus

1922 5195 2117 5248 bellum
2146 5208 2251 5245 una
2275 5192 2667 5246 conﬁciendum
2699 5202 2800 5253 est,
2828 5200 2880 5242 et
2909 5205 2938 5241 a
2971 5191 3163 5256 quibus
3195 5189 3335 5239 vires
3363 5202 3456 5237 su-

1924 5285 2158 5346 mendae,
2185 5292 2238 5337 et
2275 5283 2387 5335 haec
2424 5282 2566 5348 regio
2608 5282 2659 5335 in
2691 5296 2791 5350 qua
2819 5282 2926 5347 jam
2970 5280 3127 5331 etiam
3159 5289 3458 5345 praeeuntes

1924 5374 2125 5428 inducit
2155 5373 2267 5441 (ἓως
2312 5385 2364 5425 ει
2406 5371 2591 5441 Magog
2634 5371 2794 5423 veluti
2834 5368 2953 5422 belli
3002 5368 3106 5419 dux
3153 5385 3164 5418 :
3222 5383 3378 5433 (“rem
3406 5381 3457 5424 et

1922 5464 2165 5519 Ezechiel
2199 5463 2473 5531 prophetat
2502 5460 2782 5529 postremis
2812 5458 3139 5525 temporibus
3171 5469 3451 5513 venturum

1923 5573 2044 5613 cum
2074 5563 2334 5626 potestate
2363 5553 2528 5620 gravi.
2559 5553 2658 5604 Sed
2688 5550 2929 5604 Ezechiel
2958 5551 3168 5617 quidem
3198 5554 3457 5607 adversus
