  <div class='ocr_page' id='page_1' title='image "/cluster/home/n/w/nwhite01/storage/ocr_20150623/106/pst.000005714162/405.png"; bbox 0 0 4126 6332; ppageno 0'>
   <div class='ocr_carea' id='block_1_1' title="bbox 568 273 676 340">
    <p class='ocr_par' dir='ltr' id='par_1_1' title="bbox 568 273 676 340">
     <span class='ocr_line' id='line_1_1' title="bbox 568 273 676 340; baseline 0.009 -1"><span class='ocrx_word' id='word_1_1' title='bbox 568 273 676 340; x_wconf 77' lang='grc'><strong>’155</strong></span> 
     </span>
    </p>
   </div>
   <div class='ocr_carea' id='block_1_2' title="bbox 1392 274 2999 340">
    <p class='ocr_par' dir='ltr' id='par_1_2' title="bbox 1392 274 2999 340">
     <span class='ocr_line' id='line_1_2' title="bbox 1392 274 2999 340; baseline -0.002 -2"><span class='ocrx_word' id='word_1_2' title='bbox 1392 278 1714 340; x_wconf 76' lang='grc' dir='ltr'><strong>ΑΒΕΤΗΑζ</strong></span> <span class='ocrx_word' id='word_1_3' title='bbox 1751 274 2123 340; x_wconf 71' lang='lat' dir='ltr'><strong>CIESAREIE</strong></span> <span class='ocrx_word' id='word_1_4' title='bbox 2155 274 2631 338; x_wconf 68' lang='lat' dir='ltr'><strong>CAPPADOCLE</strong></span> <span class='ocrx_word' id='word_1_5' title='bbox 2661 275 2999 337; x_wconf 83' lang='lat' dir='ltr'><strong>EPISCOPI</strong></span> 
     </span>
    </p>
   </div>
   <div class='ocr_carea' id='block_1_3' title="bbox 3653 269 3767 334">
    <p class='ocr_par' dir='ltr' id='par_1_3' title="bbox 3653 269 3767 334">
     <span class='ocr_line' id='line_1_3' title="bbox 3653 269 3767 334; baseline 0 0"><span class='ocrx_word' id='word_1_6' title='bbox 3653 269 3767 334; x_wconf 78' lang='lat'><strong>756</strong></span> 
     </span>
    </p>
   </div>
   <div class='ocr_carea' id='block_1_4' title="bbox 565 384 2134 463">
    <p class='ocr_par' dir='ltr' id='par_1_4' title="bbox 565 389 2106 458">
     <span class='ocr_line' id='line_1_4' title="bbox 565 389 2106 458; baseline 0 -15"><span class='ocrx_word' id='word_1_7' title='bbox 565 389 899 452; x_wconf 82' lang='lat' dir='ltr'><strong>Jerusalem,</strong></span> <span class='ocrx_word' id='word_1_8' title='bbox 946 403 1181 458; x_wconf 69' lang='lat' dir='ltr'><strong>praesens</strong></span> <span class='ocrx_word' id='word_1_9' title='bbox 1218 400 1397 446; x_wconf 86' lang='lat' dir='ltr'><strong>autem</strong></span> <span class='ocrx_word' id='word_1_10' title='bbox 1448 395 1703 451; x_wconf 85' lang='lat' dir='ltr'><strong>revelatio</strong></span> <span class='ocrx_word' id='word_1_11' title='bbox 1751 395 1818 447; x_wconf 78' lang='lat' dir='ltr'><strong>ad</strong></span> <span class='ocrx_word' id='word_1_12' title='bbox 1868 391 2106 449; x_wconf 82' lang='lat' dir='ltr'><strong>universi</strong></span> 
     </span>
    </p>
   </div>
   <div class='ocr_carea' id='block_1_5' title="bbox 2218 384 3772 463">
    <p class='ocr_par' dir='ltr' id='par_1_5' title="bbox 2218 384 3772 463">
     <span class='ocr_line' id='line_1_5' title="bbox 2218 384 3772 463; baseline -0.002 -20"><span class='ocrx_word' id='word_1_13' title='bbox 2218 389 2336 461; x_wconf 81' lang='grc' dir='ltr'>κιὴλ</span> <span class='ocrx_word' id='word_1_14' title='bbox 2380 391 2480 463; x_wconf 75' lang='grc' dir='ltr'><strong>μὶν</strong></span> <span class='ocrx_word' id='word_1_15' title='bbox 2530 390 2670 445; x_wconf 81' lang='grc' dir='ltr'>κατὰ</span> <span class='ocrx_word' id='word_1_16' title='bbox 2715 390 2815 459; x_wconf 84' lang='grc' dir='ltr'>τῆς</span> <span class='ocrx_word' id='word_1_17' title='bbox 2860 386 3232 460; x_wconf 77' lang='grc' dir='ltr'>Ἰερουσαλὴμ,</span> <span class='ocrx_word' id='word_1_18' title='bbox 3265 388 3300 457; x_wconf 73' lang='grc' dir='ltr'><strong><em>ἡ</em></strong></span> <span class='ocrx_word' id='word_1_19' title='bbox 3346 384 3679 456; x_wconf 68' lang='grc' dir='ltr'>προκειμίνη</span> <span class='ocrx_word' id='word_1_20' title='bbox 3709 387 3772 440; x_wconf 70' lang='grc' dir='ltr'>δὲ</span> 
     </span>
    </p>
   </div>
   <div class='ocr_carea' id='block_1_6' title="bbox 564 480 2115 555">
    <p class='ocr_par' dir='ltr' id='par_1_6' title="bbox 564 480 2115 555">
     <span class='ocr_line' id='line_1_6' title="bbox 564 480 2115 555; baseline 0.001 -21"><span class='ocrx_word' id='word_1_21' title='bbox 564 481 718 534; x_wconf 83' lang='lat' dir='ltr'><strong>orbis</strong></span> <span class='ocrx_word' id='word_1_22' title='bbox 763 480 1171 536; x_wconf 70' lang='lat' dir='ltr'><strong>desolationem.</strong></span> <span class='ocrx_word' id='word_1_23' title='bbox 1227 481 1336 538; x_wconf 84' lang='lat' dir='ltr'><strong>Hos</strong></span> <span class='ocrx_word' id='word_1_24' title='bbox 1390 495 1567 540; x_wconf 88' lang='lat' dir='ltr'><strong>autem</strong></span> <span class='ocrx_word' id='word_1_25' title='bbox 1651 485 1870 555; x_wconf 87' lang='lat' dir='ltr'><strong>quidam</strong></span> <span class='ocrx_word' id='word_1_26' title='bbox 1926 484 2115 540; x_wconf 89' lang='lat' dir='ltr'><strong>dicunt</strong></span> 
     </span>
    </p>
   </div>
   <div class='ocr_carea' id='block_1_7' title="bbox 566 569 2113 644">
    <p class='ocr_par' dir='ltr' id='par_1_7' title="bbox 566 569 2113 644">
     <span class='ocr_line' id='line_1_7' title="bbox 566 569 2113 644; baseline 0.004 -22"><span class='ocrx_word' id='word_1_27' title='bbox 566 569 847 638; x_wconf 80' lang='lat' dir='ltr'><strong>Scythicas</strong></span> <span class='ocrx_word' id='word_1_28' title='bbox 927 584 1048 625; x_wconf 84' lang='lat' dir='ltr'><strong>esse</strong></span> <span class='ocrx_word' id='word_1_29' title='bbox 1133 581 1318 640; x_wconf 85' lang='lat' dir='ltr'><strong>gentes</strong></span> <span class='ocrx_word' id='word_1_30' title='bbox 1385 576 1764 643; x_wconf 83' lang='lat' dir='ltr'><strong>aquilonares,</strong></span> <span class='ocrx_word' id='word_1_31' title='bbox 1816 589 1938 644; x_wconf 65' lang='lat' dir='ltr'><strong>qua:</strong></span> <span class='ocrx_word' id='word_1_32' title='bbox 2005 573 2113 633; x_wconf 74' lang='lat' dir='ltr'><strong>fre-</strong></span> 
     </span>
    </p>
   </div>
   <div class='ocr_carea' id='block_1_8' title="bbox 565 661 2112 733">
    <p class='ocr_par' dir='ltr' id='par_1_8' title="bbox 565 661 2112 733">
     <span class='ocr_line' id='line_1_8' title="bbox 565 661 2112 733; baseline 0.003 -21"><span class='ocrx_word' id='word_1_33' title='bbox 565 669 791 726; x_wconf 79' lang='lat' dir='ltr'><strong>quentes</strong></span> <span class='ocrx_word' id='word_1_34' title='bbox 843 676 871 713; x_wconf 89' lang='lat' dir='ltr'><strong>a</strong></span> <span class='ocrx_word' id='word_1_35' title='bbox 907 661 1020 715; x_wconf 87' lang='lat' dir='ltr'><strong>suis</strong></span> <span class='ocrx_word' id='word_1_36' title='bbox 1071 677 1289 732; x_wconf 87' lang='lat' dir='ltr'><strong>quoque</strong></span> <span class='ocrx_word' id='word_1_37' title='bbox 1317 666 1568 733; x_wconf 77' lang='lat' dir='ltr'><strong>gentibus</strong></span> <span class='ocrx_word' id='word_1_38' title='bbox 1614 682 1733 722; x_wconf 77' lang='lat' dir='ltr'><strong>sese</strong></span> <span class='ocrx_word' id='word_1_39' title='bbox 1782 673 2112 720; x_wconf 85' lang='lat' dir='ltr'><strong>transmuta-</strong></span> 
     </span>
    </p>
   </div>
   <div class='ocr_carea' id='block_1_9' title="bbox 565 753 2113 826">
    <p class='ocr_par' dir='ltr' id='par_1_9' title="bbox 565 753 2113 826">
     <span class='ocr_line' id='line_1_9' title="bbox 565 753 2113 826; baseline 0.005 -25"><span class='ocrx_word' id='word_1_40' title='bbox 565 758 712 811; x_wconf 89' lang='lat' dir='ltr'><strong>runt,</strong></span> <span class='ocrx_word' id='word_1_41' title='bbox 756 760 810 804; x_wconf 89' lang='lat' dir='ltr'><strong>et</strong></span> <span class='ocrx_word' id='word_1_42' title='bbox 855 767 946 807; x_wconf 86' lang='lat' dir='ltr'><strong>eos</strong></span> <span class='ocrx_word' id='word_1_43' title='bbox 987 753 1038 806; x_wconf 88' lang='lat' dir='ltr'><strong>itt</strong></span> <span class='ocrx_word' id='word_1_44' title='bbox 1085 769 1222 822; x_wconf 91' lang='lat' dir='ltr'><strong>quos</strong></span> <span class='ocrx_word' id='word_1_45' title='bbox 1256 755 1499 823; x_wconf 88' lang='lat' dir='ltr'><strong>irruunt,</strong></span> <span class='ocrx_word' id='word_1_46' title='bbox 1535 758 1900 826; x_wconf 84' lang='lat' dir='ltr'><strong>perdiderunt,</strong></span> <span class='ocrx_word' id='word_1_47' title='bbox 1951 767 2113 825; x_wconf 84' lang='lat' dir='ltr'><strong>atque</strong></span> 
     </span>
    </p>
   </div>
   <div class='ocr_carea' id='block_1_10' title="bbox 567 839 2114 918">
    <p class='ocr_par' dir='ltr' id='par_1_10' title="bbox 567 839 2114 918">
     <span class='ocr_line' id='line_1_10' title="bbox 567 839 2114 918; baseline 0.008 -28"><span class='ocrx_word' id='word_1_48' title='bbox 567 839 723 894; x_wconf 87' lang='lat' dir='ltr'><strong>toties</strong></span> <span class='ocrx_word' id='word_1_49' title='bbox 765 841 834 894; x_wconf 87' lang='lat' dir='ltr'><strong>ab</strong></span> <span class='ocrx_word' id='word_1_50' title='bbox 863 842 1053 896; x_wconf 88' lang='lat' dir='ltr'><strong>borum</strong></span> <span class='ocrx_word' id='word_1_51' title='bbox 1089 845 1311 901; x_wconf 84' lang='lat' dir='ltr'><strong>incursu</strong></span> <span class='ocrx_word' id='word_1_52' title='bbox 1348 848 1502 902; x_wconf 88' lang='lat' dir='ltr'><strong>aiunt</strong></span> <span class='ocrx_word' id='word_1_53' title='bbox 1527 848 1785 918; x_wconf 80' lang='lat' dir='ltr'><strong>perditam</strong></span> <span class='ocrx_word' id='word_1_54' title='bbox 1817 862 1936 902; x_wconf 85' lang='lat' dir='ltr'><strong>esse</strong></span> <span class='ocrx_word' id='word_1_55' title='bbox 1981 845 2114 918; x_wconf 85' lang='lat' dir='ltr'><strong>Scy-</strong></span> 
     </span>
    </p>
   </div>
   <div class='ocr_carea' id='block_1_11' title="bbox 567 930 2112 1002">
    <p class='ocr_par' dir='ltr' id='par_1_11' title="bbox 567 930 2112 1002">
     <span class='ocr_line' id='line_1_11' title="bbox 567 930 2112 1002; baseline 0.008 -22"><span class='ocrx_word' id='word_1_56' title='bbox 567 930 824 998; x_wconf 90' lang='lat' dir='ltr'><strong>thopolim</strong></span> <span class='ocrx_word' id='word_1_57' title='bbox 861 932 1155 988; x_wconf 66' lang='lat' dir='ltr'><strong>Palaestina:</strong></span> <span class='ocrx_word' id='word_1_58' title='bbox 1185 937 1480 1002; x_wconf 87' lang='lat' dir='ltr'><strong>civitatem,</strong></span> <span class='ocrx_word' id='word_1_59' title='bbox 1527 948 1586 992; x_wconf 92' lang='lat' dir='ltr'><strong>ut</strong></span> <span class='ocrx_word' id='word_1_60' title='bbox 1623 939 1750 994; x_wconf 86' lang='lat' dir='ltr'><strong>inde</strong></span> <span class='ocrx_word' id='word_1_61' title='bbox 1780 953 1978 994; x_wconf 87' lang='lat' dir='ltr'><strong>nomen</strong></span> <span class='ocrx_word' id='word_1_62' title='bbox 2022 951 2112 991; x_wconf 89' lang='lat' dir='ltr'><strong>ac-</strong></span> 
     </span>
    </p>
   </div>
   <div class='ocr_carea' id='block_1_12' title="bbox 562 1022 2110 1094">
    <p class='ocr_par' dir='ltr' id='par_1_12' title="bbox 562 1022 2110 1094">
     <span class='ocr_line' id='line_1_12' title="bbox 562 1022 2110 1094; baseline 0.005 -20"><span class='ocrx_word' id='word_1_63' title='bbox 562 1022 779 1088; x_wconf 86' lang='lat' dir='ltr'><strong>ceperit.</strong></span> <span class='ocrx_word' id='word_1_64' title='bbox 813 1022 1073 1078; x_wconf 76' lang='lat' dir='ltr'><strong>Pt-aeterea</strong></span> <span class='ocrx_word' id='word_1_65' title='bbox 1111 1029 1380 1094; x_wconf 89' lang='lat' dir='ltr'><strong>quandam</strong></span> <span class='ocrx_word' id='word_1_66' title='bbox 1412 1028 1735 1084; x_wconf 83' lang='lat' dir='ltr'><strong>Gottltorum</strong></span> <span class='ocrx_word' id='word_1_67' title='bbox 1764 1029 1932 1083; x_wconf 79' lang='lat' dir='ltr'><strong>aciem</strong></span> <span class='ocrx_word' id='word_1_68' title='bbox 1965 1026 2110 1083; x_wconf 88' lang='lat' dir='ltr'><strong>circa</strong></span> 
     </span>
    </p>
   </div>
   <div class='ocr_carea' id='block_1_13' title="bbox 562 1114 2112 1177">
    <p class='ocr_par' dir='ltr' id='par_1_13' title="bbox 562 1114 2112 1177">
     <span class='ocr_line' id='line_1_13' title="bbox 562 1114 2112 1177; baseline 0.006 -15"><span class='ocrx_word' id='word_1_69' title='bbox 562 1119 740 1177; x_wconf 82' lang='lat' dir='ltr'><strong>partes</strong></span> <span class='ocrx_word' id='word_1_70' title='bbox 775 1114 914 1167; x_wconf 72' lang='lat' dir='ltr'><strong>Asiae</strong></span> <span class='ocrx_word' id='word_1_71' title='bbox 945 1129 1007 1168; x_wconf 90' lang='lat' dir='ltr'><strong>ac</strong></span> <span class='ocrx_word' id='word_1_72' title='bbox 1047 1116 1355 1172; x_wconf 84' lang='lat' dir='ltr'><strong>bellicosam</strong></span> <span class='ocrx_word' id='word_1_73' title='bbox 1389 1119 1792 1174; x_wconf 84' lang='lat' dir='ltr'><strong>multitudinem</strong></span> <span class='ocrx_word' id='word_1_74' title='bbox 1831 1119 1984 1173; x_wconf 85' lang='lat' dir='ltr'><strong>aiunt</strong></span> <span class='ocrx_word' id='word_1_75' title='bbox 2038 1118 2112 1172; x_wconf 89' lang='lat' dir='ltr'><strong>ita</strong></span> 
     </span>
    </p>
   </div>
   <div class='ocr_carea' id='block_1_14' title="bbox 562 1201 2114 1278">
    <p class='ocr_par' dir='ltr' id='par_1_14' title="bbox 562 1201 2114 1278">
     <span class='ocr_line' id='line_1_14' title="bbox 562 1201 2114 1278; baseline 0.007 -28"><span class='ocrx_word' id='word_1_76' title='bbox 562 1201 762 1264; x_wconf 84' lang='lat' dir='ltr'><strong>vocari,</strong></span> <span class='ocrx_word' id='word_1_77' title='bbox 796 1213 848 1256; x_wconf 92' lang='lat' dir='ltr'><strong>et</strong></span> <span class='ocrx_word' id='word_1_78' title='bbox 877 1202 1208 1275; x_wconf 83' lang='lat' dir='ltr'><strong>Thaiphalos</strong></span> <span class='ocrx_word' id='word_1_79' title='bbox 1238 1222 1303 1262; x_wconf 90' lang='lat' dir='ltr'><strong>ac</strong></span> <span class='ocrx_word' id='word_1_80' title='bbox 1329 1207 1758 1278; x_wconf 76' lang='lat' dir='ltr'><strong>Gotthognecos,</strong></span> <span class='ocrx_word' id='word_1_81' title='bbox 1781 1222 1917 1278; x_wconf 85' lang='lat' dir='ltr'><strong>quos</strong></span> <span class='ocrx_word' id='word_1_82' title='bbox 1959 1222 2114 1263; x_wconf 86' lang='lat' dir='ltr'><strong>com-</strong></span> 
     </span>
    </p>
   </div>
   <div class='ocr_carea' id='block_1_15' title="bbox 561 1290 2110 1368">
    <p class='ocr_par' dir='ltr' id='par_1_15' title="bbox 561 1290 2110 1368">
     <span class='ocr_line' id='line_1_15' title="bbox 561 1290 2110 1368; baseline 0.01 -28"><span class='ocrx_word' id='word_1_83' title='bbox 561 1290 713 1342; x_wconf 87' lang='lat' dir='ltr'><strong>muni</strong></span> <span class='ocrx_word' id='word_1_84' title='bbox 760 1307 1011 1348; x_wconf 79' lang='lat' dir='ltr'><strong>sermone</strong></span> <span class='ocrx_word' id='word_1_85' title='bbox 1056 1309 1314 1352; x_wconf 86' lang='lat' dir='ltr'><strong>vocamus</strong></span> <span class='ocrx_word' id='word_1_86' title='bbox 1359 1295 1660 1364; x_wconf 80' lang='lat' dir='ltr'><strong>Hunnicos,</strong></span> <span class='ocrx_word' id='word_1_87' title='bbox 1691 1300 1886 1368; x_wconf 80' lang='lat' dir='ltr'><strong>quovis</strong></span> <span class='ocrx_word' id='word_1_88' title='bbox 1929 1308 2110 1352; x_wconf 86' lang='lat' dir='ltr'><strong>autem</strong></span> 
     </span>
    </p>
   </div>
   <div class='ocr_carea' id='block_1_16' title="bbox 559 1379 2113 1452">
    <p class='ocr_par' dir='ltr' id='par_1_16' title="bbox 559 1379 2113 1452">
     <span class='ocr_line' id='line_1_16' title="bbox 559 1379 2113 1452; baseline 0.008 -20"><span class='ocrx_word' id='word_1_89' title='bbox 559 1379 739 1433; x_wconf 86' lang='lat' dir='ltr'><strong>vicino</strong></span> <span class='ocrx_word' id='word_1_90' title='bbox 797 1399 961 1452; x_wconf 82' lang='lat' dir='ltr'><strong>regno</strong></span> <span class='ocrx_word' id='word_1_91' title='bbox 1019 1389 1350 1452; x_wconf 89' lang='lat' dir='ltr'><strong>potentiores</strong></span> <span class='ocrx_word' id='word_1_92' title='bbox 1407 1405 1530 1445; x_wconf 89' lang='lat' dir='ltr'><strong>esse</strong></span> <span class='ocrx_word' id='word_1_93' title='bbox 1586 1390 1775 1445; x_wconf 90' lang='lat' dir='ltr'><strong>dicunt</strong></span> <span class='ocrx_word' id='word_1_94' title='bbox 1829 1404 1894 1445; x_wconf 83' lang='lat' dir='ltr'><strong>ac</strong></span> <span class='ocrx_word' id='word_1_95' title='bbox 1959 1391 2113 1445; x_wconf 87' lang='lat' dir='ltr'><strong>belli-</strong></span> 
     </span>
    </p>
   </div>
   <div class='ocr_carea' id='block_1_17' title="bbox 562 1468 2114 1546">
    <p class='ocr_par' dir='ltr' id='par_1_17' title="bbox 562 1468 2114 1546">
     <span class='ocr_line' id='line_1_17' title="bbox 562 1468 2114 1546; baseline 0.01 -26"><span class='ocrx_word' id='word_1_96' title='bbox 562 1468 824 1532; x_wconf 88' lang='lat' dir='ltr'><strong>cosiores,</strong></span> <span class='ocrx_word' id='word_1_97' title='bbox 895 1474 1077 1527; x_wconf 85' lang='lat' dir='ltr'><strong>divina</strong></span> <span class='ocrx_word' id='word_1_98' title='bbox 1108 1490 1237 1529; x_wconf 89' lang='lat' dir='ltr'><strong>vero</strong></span> <span class='ocrx_word' id='word_1_99' title='bbox 1281 1492 1444 1531; x_wconf 84' lang='lat' dir='ltr'><strong>manu</strong></span> <span class='ocrx_word' id='word_1_100' title='bbox 1483 1479 1758 1546; x_wconf 84' lang='lat' dir='ltr'><strong>prohiberi</strong></span> <span class='ocrx_word' id='word_1_101' title='bbox 1804 1493 1871 1534; x_wconf 87' lang='lat' dir='ltr'><strong>ne</strong></span> <span class='ocrx_word' id='word_1_102' title='bbox 1911 1481 2114 1535; x_wconf 81' lang='lat' dir='ltr'><strong>mundo</strong></span> 
     </span>
    </p>
   </div>
   <div class='ocr_carea' id='block_1_18' title="bbox 563 1555 2113 1641">
    <p class='ocr_par' dir='ltr' id='par_1_18' title="bbox 563 1555 2113 1641">
     <span class='ocr_line' id='line_1_18' title="bbox 563 1555 2113 1641; baseline 0.012 -33"><span class='ocrx_word' id='word_1_103' title='bbox 563 1555 828 1626; x_wconf 80' lang='lat' dir='ltr'><strong>imperent</strong></span> <span class='ocrx_word' id='word_1_104' title='bbox 891 1577 1065 1630; x_wconf 84' lang='lat' dir='ltr'><strong>usque</strong></span> <span class='ocrx_word' id='word_1_105' title='bbox 1127 1565 1193 1620; x_wconf 88' lang='lat' dir='ltr'><strong>ad</strong></span> <span class='ocrx_word' id='word_1_106' title='bbox 1277 1567 1472 1622; x_wconf 88' lang='lat' dir='ltr'><strong>diaboli</strong></span> <span class='ocrx_word' id='word_1_107' title='bbox 1528 1569 1888 1635; x_wconf 85' lang='lat' dir='ltr'><strong>solutionem,</strong></span> <span class='ocrx_word' id='word_1_108' title='bbox 1927 1585 2113 1641; x_wconf 87' lang='lat' dir='ltr'><strong>quem-</strong></span> 
     </span>
    </p>
   </div>
   <div class='ocr_carea' id='block_1_19' title="bbox 561 1643 2114 1732">
    <p class='ocr_par' dir='ltr' id='par_1_19' title="bbox 561 1643 2114 1732">
     <span class='ocr_line' id='line_1_19' title="bbox 561 1643 2114 1732; baseline 0.012 -35"><span class='ocrx_word' id='word_1_109' title='bbox 561 1643 854 1702; x_wconf 84' lang='lat' dir='ltr'><strong>admodum</strong></span> <span class='ocrx_word' id='word_1_110' title='bbox 915 1652 1001 1706; x_wconf 90' lang='lat' dir='ltr'><strong>hic</strong></span> <span class='ocrx_word' id='word_1_111' title='bbox 1046 1657 1454 1722; x_wconf 62' lang='lat' dir='ltr'><strong>praenuntiatum</strong></span> <span class='ocrx_word' id='word_1_112' title='bbox 1509 1659 1738 1726; x_wconf 85' lang='lat' dir='ltr'><strong>Quidam</strong></span> <span class='ocrx_word' id='word_1_113' title='bbox 1811 1675 1940 1716; x_wconf 89' lang='lat' dir='ltr'><strong>vero</strong></span> <span class='ocrx_word' id='word_1_114' title='bbox 2000 1662 2114 1732; x_wconf 85' lang='lat' dir='ltr'><strong>Gog</strong></span> 
     </span>
    </p>
   </div>
   <div class='ocr_carea' id='block_1_20' title="bbox 562 1735 2115 1816">
    <p class='ocr_par' dir='ltr' id='par_1_20' title="bbox 562 1735 2115 1816">
     <span class='ocr_line' id='line_1_20' title="bbox 562 1735 2115 1816; baseline 0.012 -29"><span class='ocrx_word' id='word_1_115' title='bbox 562 1748 628 1788; x_wconf 76' lang='lat' dir='ltr'><strong>ex</strong></span> <span class='ocrx_word' id='word_1_116' title='bbox 679 1735 940 1794; x_wconf 83' lang='lat' dir='ltr'><strong>Hebraica</strong></span> <span class='ocrx_word' id='word_1_117' title='bbox 992 1743 1172 1814; x_wconf 91' lang='lat' dir='ltr'><strong>lingua</strong></span> <span class='ocrx_word' id='word_1_118' title='bbox 1226 1745 1648 1816; x_wconf 86' lang='lat' dir='ltr'><strong>interpretantur</strong></span> <span class='ocrx_word' id='word_1_119' title='bbox 1692 1749 1964 1805; x_wconf 71' lang='lat' dir='ltr'><strong>collectum</strong></span> <span class='ocrx_word' id='word_1_120' title='bbox 2020 1761 2115 1806; x_wconf 87' lang='lat' dir='ltr'><strong>aut</strong></span> 
     </span>
    </p>
   </div>
   <div class='ocr_carea' id='block_1_21' title="bbox 561 1827 2112 1911">
    <p class='ocr_par' dir='ltr' id='par_1_21' title="bbox 561 1827 2112 1911">
     <span class='ocr_line' id='line_1_21' title="bbox 561 1827 2112 1911; baseline 0.013 -33"><span class='ocrx_word' id='word_1_121' title='bbox 561 1827 935 1901; x_wconf 78' lang='lat' dir='ltr'><strong>collectionem,</strong></span> <span class='ocrx_word' id='word_1_122' title='bbox 971 1832 1159 1905; x_wconf 80' lang='lat' dir='ltr'><strong>Magog</strong></span> <span class='ocrx_word' id='word_1_123' title='bbox 1186 1853 1333 1901; x_wconf 87' lang='lat' dir='ltr'><strong>vero,</strong></span> <span class='ocrx_word' id='word_1_124' title='bbox 1365 1839 1619 1894; x_wconf 75' lang='lat' dir='ltr'><strong>eleuatum</strong></span> <span class='ocrx_word' id='word_1_125' title='bbox 1657 1853 1677 1893; x_wconf 91' lang='lat'><strong><em>:</em></strong></span> <span class='ocrx_word' id='word_1_126' title='bbox 1704 1850 1760 1896; x_wconf 90' lang='lat' dir='ltr'><strong>ut</strong></span> <span class='ocrx_word' id='word_1_127' title='bbox 1782 1857 1878 1911; x_wconf 89' lang='lat' dir='ltr'><strong>per</strong></span> <span class='ocrx_word' id='word_1_128' title='bbox 1903 1851 2112 1897; x_wconf 88' lang='lat' dir='ltr'><strong>utrum-</strong></span> 
     </span>
    </p>
   </div>
   <div class='ocr_carea' id='block_1_22' title="bbox 560 1922 2106 2000">
    <p class='ocr_par' dir='ltr' id='par_1_22' title="bbox 560 1922 2106 2000">
     <span class='ocr_line' id='line_1_22' title="bbox 560 1922 2106 2000; baseline 0.011 -32"><span class='ocrx_word' id='word_1_129' title='bbox 560 1931 685 1982; x_wconf 90' lang='lat' dir='ltr'><strong>que,</strong></span> <span class='ocrx_word' id='word_1_130' title='bbox 726 1927 831 1972; x_wconf 87' lang='lat' dir='ltr'><strong>tam</strong></span> <span class='ocrx_word' id='word_1_131' title='bbox 863 1922 1237 1979; x_wconf 89' lang='lat' dir='ltr'><strong>collectionem</strong></span> <span class='ocrx_word' id='word_1_132' title='bbox 1258 1928 1504 1984; x_wconf 83' lang='lat' dir='ltr'><strong>videlicet</strong></span> <span class='ocrx_word' id='word_1_133' title='bbox 1543 1946 1706 2000; x_wconf 88' lang='lat' dir='ltr'><strong>quam</strong></span> <span class='ocrx_word' id='word_1_134' title='bbox 1729 1933 2106 1999; x_wconf 87' lang='lat' dir='ltr'><strong>elevationem,</strong></span> 
     </span>
    </p>
   </div>
   <div class='ocr_carea' id='block_1_23' title="bbox 559 2014 2112 2085">
    <p class='ocr_par' dir='ltr' id='par_1_23' title="bbox 559 2014 2112 2085">
     <span class='ocr_line' id='line_1_23' title="bbox 559 2014 2112 2085; baseline 0.014 -26"><span class='ocrx_word' id='word_1_135' title='bbox 559 2022 812 2080; x_wconf 77' lang='lat' dir='ltr'><strong>magnum</strong></span> <span class='ocrx_word' id='word_1_136' title='bbox 839 2023 893 2067; x_wconf 92' lang='lat' dir='ltr'><strong>et</strong></span> <span class='ocrx_word' id='word_1_137' title='bbox 926 2014 1115 2085; x_wconf 86' lang='lat' dir='ltr'><strong>ingens</strong></span> <span class='ocrx_word' id='word_1_138' title='bbox 1143 2019 1346 2073; x_wconf 87' lang='lat' dir='ltr'><strong>malum</strong></span> <span class='ocrx_word' id='word_1_139' title='bbox 1383 2021 1762 2077; x_wconf 79' lang='lat' dir='ltr'><strong>manifestetur</strong></span> <span class='ocrx_word' id='word_1_140' title='bbox 1784 2023 1976 2079; x_wconf 76' lang='lat' dir='ltr'><strong>aﬂ‘erre</strong></span> <span class='ocrx_word' id='word_1_141' title='bbox 2011 2026 2112 2079; x_wconf 85' lang='lat' dir='ltr'><strong>ltu-</strong></span> 
     </span>
    </p>
   </div>
   <div class='ocr_carea' id='block_1_24' title="bbox 552 2093 2111 2184">
    <p class='ocr_par' dir='ltr' id='par_1_24' title="bbox 552 2093 2111 2184">
     <span class='ocr_line' id='line_1_24' title="bbox 552 2093 2111 2184; baseline 0.016 -38"><span class='ocrx_word' id='word_1_142' title='bbox 552 2093 642 2162; x_wconf 89' lang='lat' dir='ltr'><strong>jus</strong></span> <span class='ocrx_word' id='word_1_143' title='bbox 667 2100 838 2165; x_wconf 82' lang='lat' dir='ltr'><strong>gentis</strong></span> <span class='ocrx_word' id='word_1_144' title='bbox 875 2101 1103 2172; x_wconf 92' lang='lat' dir='ltr'><strong>irruptio</strong></span> <span class='ocrx_word' id='word_1_145' title='bbox 1129 2106 1213 2162; x_wconf 85' lang='lat' dir='ltr'><strong>his</strong></span> <span class='ocrx_word' id='word_1_146' title='bbox 1243 2107 1296 2162; x_wconf 93' lang='lat' dir='ltr'><strong>in</strong></span> <span class='ocrx_word' id='word_1_147' title='bbox 1327 2124 1466 2178; x_wconf 88' lang='lat' dir='ltr'><strong>quos</strong></span> <span class='ocrx_word' id='word_1_148' title='bbox 1498 2111 1569 2165; x_wconf 86' lang='lat' dir='ltr'><strong>sit</strong></span> <span class='ocrx_word' id='word_1_149' title='bbox 1596 2113 1888 2183; x_wconf 90' lang='lat' dir='ltr'><strong>irruptura,</strong></span> <span class='ocrx_word' id='word_1_150' title='bbox 1922 2115 2111 2184; x_wconf 87' lang='lat' dir='ltr'><strong>utjam</strong></span> 
     </span>
    </p>
   </div>
   <div class='ocr_carea' id='block_1_25' title="bbox 555 2187 2110 2271">
    <p class='ocr_par' dir='ltr' id='par_1_25' title="bbox 555 2187 2110 2271">
     <span class='ocr_line' id='line_1_25' title="bbox 555 2187 2110 2271; baseline 0.012 -29"><span class='ocrx_word' id='word_1_151' title='bbox 555 2187 720 2258; x_wconf 80' lang='lat'><strong>816</strong></span> <span class='ocrx_word' id='word_1_152' title='bbox 745 2192 983 2250; x_wconf 75' lang='lat' dir='ltr'><strong>diximus</strong></span> <span class='ocrx_word' id='word_1_153' title='bbox 1012 2196 1146 2266; x_wconf 72' lang='grc'><strong>(69).</strong></span> <span class='ocrx_word' id='word_1_154' title='bbox 1172 2196 1494 2254; x_wconf 80' lang='lat' dir='ltr'><strong>Praedictum</strong></span> <span class='ocrx_word' id='word_1_155' title='bbox 1527 2210 1738 2271; x_wconf 88' lang='lat' dir='ltr'><strong>tempus</strong></span> <span class='ocrx_word' id='word_1_156' title='bbox 1764 2206 1910 2260; x_wconf 92' lang='lat' dir='ltr'><strong>mille</strong></span> <span class='ocrx_word' id='word_1_157' title='bbox 1939 2222 2110 2260; x_wconf 83' lang='lat' dir='ltr'><strong>anno-</strong></span> 
     </span>
    </p>
   </div>
   <div class='ocr_carea' id='block_1_26' title="bbox 558 2285 2118 2355">
    <p class='ocr_par' dir='ltr' id='par_1_26' title="bbox 558 2285 2118 2355">
     <span class='ocr_line' id='line_1_26' title="bbox 558 2285 2118 2355; baseline 0.016 -27"><span class='ocrx_word' id='word_1_158' title='bbox 558 2294 677 2331; x_wconf 81' lang='lat' dir='ltr'><strong>rum</strong></span> <span class='ocrx_word' id='word_1_159' title='bbox 726 2285 971 2338; x_wconf 89' lang='lat' dir='ltr'><strong>nonnulli</strong></span> <span class='ocrx_word' id='word_1_160' title='bbox 1017 2294 1125 2342; x_wconf 86' lang='lat' dir='ltr'><strong>tres</strong></span> <span class='ocrx_word' id='word_1_161' title='bbox 1167 2304 1341 2345; x_wconf 79' lang='lat' dir='ltr'><strong>annos</strong></span> <span class='ocrx_word' id='word_1_162' title='bbox 1391 2307 1514 2346; x_wconf 90' lang='lat' dir='ltr'><strong>cum</strong></span> <span class='ocrx_word' id='word_1_163' title='bbox 1560 2295 1786 2348; x_wconf 90' lang='lat' dir='ltr'><strong>dimidio</strong></span> <span class='ocrx_word' id='word_1_164' title='bbox 1829 2311 1859 2349; x_wconf 83' lang='lat' dir='ltr'><strong>a</strong></span> <span class='ocrx_word' id='word_1_165' title='bbox 1908 2296 2118 2355; x_wconf 80' lang='lat' dir='ltr'><strong>Christi</strong></span> 
     </span>
    </p>
   </div>
   <div class='ocr_carea' id='block_1_27' title="bbox 557 2367 2109 2450">
    <p class='ocr_par' dir='ltr' id='par_1_27' title="bbox 557 2367 2109 2450">
     <span class='ocr_line' id='line_1_27' title="bbox 557 2367 2109 2450; baseline 0.012 -30"><span class='ocrx_word' id='word_1_166' title='bbox 557 2367 880 2435; x_wconf 79' lang='lat' dir='ltr'><strong>baptismate</strong></span> <span class='ocrx_word' id='word_1_167' title='bbox 928 2389 1100 2444; x_wconf 87' lang='lat' dir='ltr'><strong>usque</strong></span> <span class='ocrx_word' id='word_1_168' title='bbox 1127 2378 1194 2430; x_wconf 89' lang='lat' dir='ltr'><strong>ad</strong></span> <span class='ocrx_word' id='word_1_169' title='bbox 1240 2379 1412 2447; x_wconf 89' lang='lat' dir='ltr'><strong>ipsius</strong></span> <span class='ocrx_word' id='word_1_170' title='bbox 1443 2384 1497 2435; x_wconf 86' lang='lat' dir='ltr'><strong>in</strong></span> <span class='ocrx_word' id='word_1_171' title='bbox 1545 2383 1747 2438; x_wconf 66' lang='lat' dir='ltr'><strong>coelum</strong></span> <span class='ocrx_word' id='word_1_172' title='bbox 1792 2398 2109 2450; x_wconf 75' lang='lat' dir='ltr'><strong>ascensum,</strong></span> 
     </span>
    </p>
   </div>
   <div class='ocr_carea' id='block_1_28' title="bbox 559 2458 2113 2540">
    <p class='ocr_par' dir='ltr' id='par_1_28' title="bbox 559 2458 2113 2540">
     <span class='ocr_line' id='line_1_28' title="bbox 559 2458 2113 2540; baseline 0.012 -32"><span class='ocrx_word' id='word_1_173' title='bbox 559 2458 742 2510; x_wconf 90' lang='lat' dir='ltr'><strong>nescio</strong></span> <span class='ocrx_word' id='word_1_174' title='bbox 768 2474 876 2527; x_wconf 89' lang='lat' dir='ltr'><strong>quo</strong></span> <span class='ocrx_word' id='word_1_175' title='bbox 917 2463 1099 2528; x_wconf 90' lang='lat' dir='ltr'><strong>modo,</strong></span> <span class='ocrx_word' id='word_1_176' title='bbox 1137 2478 1482 2536; x_wconf 89' lang='lat' dir='ltr'><strong>acceperunt,</strong></span> <span class='ocrx_word' id='word_1_177' title='bbox 1515 2479 1637 2538; x_wconf 84' lang='lat' dir='ltr'><strong>post</strong></span> <span class='ocrx_word' id='word_1_178' title='bbox 1657 2485 1795 2540; x_wconf 86' lang='lat' dir='ltr'><strong>quos</strong></span> <span class='ocrx_word' id='word_1_179' title='bbox 1826 2472 1960 2526; x_wconf 87' lang='lat' dir='ltr'><strong>solvi</strong></span> <span class='ocrx_word' id='word_1_180' title='bbox 1991 2473 2113 2527; x_wconf 79' lang='lat' dir='ltr'><strong>dia~</strong></span> 
     </span>
    </p>
   </div>
   <div class='ocr_carea' id='block_1_29' title="bbox 514 2546 2111 2631">
    <p class='ocr_par' dir='ltr' id='par_1_29' title="bbox 514 2546 2111 2631">
     <span class='ocr_line' id='line_1_29' title="bbox 514 2546 2111 2631; baseline 0.014 -36"><span class='ocrx_word' id='word_1_181' title='bbox 514 2607 522 2616; x_wconf 30' lang='grc' dir='ltr'><em>ν</em></span> <span class='ocrx_word' id='word_1_182' title='bbox 559 2546 740 2598; x_wconf 90' lang='lat' dir='ltr'><strong>bolum</strong></span> <span class='ocrx_word' id='word_1_183' title='bbox 783 2547 1180 2607; x_wconf 79' lang='lat' dir='ltr'><strong>intellexerunt.</strong></span> <span class='ocrx_word' id='word_1_184' title='bbox 1239 2555 1341 2608; x_wconf 85' lang='lat' dir='ltr'><strong>Alii</strong></span> <span class='ocrx_word' id='word_1_185' title='bbox 1381 2571 1511 2613; x_wconf 89' lang='lat' dir='ltr'><strong>vero</strong></span> <span class='ocrx_word' id='word_1_186' title='bbox 1541 2571 1659 2627; x_wconf 88' lang='lat' dir='ltr'><strong>post</strong></span> <span class='ocrx_word' id='word_1_187' title='bbox 1701 2563 2111 2631; x_wconf 88' lang='lat' dir='ltr'><strong>completionem</strong></span> 
     </span>
    </p>
   </div>
   <div class='ocr_carea' id='block_1_30' title="bbox 559 2636 2115 2714">
    <p class='ocr_par' dir='ltr' id='par_1_30' title="bbox 559 2636 2115 2714">
     <span class='ocr_line' id='line_1_30' title="bbox 559 2636 2115 2714; baseline 0.014 -27"><span class='ocrx_word' id='word_1_188' title='bbox 559 2647 653 2688; x_wconf 82' lang='lat' dir='ltr'><strong>sex</strong></span> <span class='ocrx_word' id='word_1_189' title='bbox 705 2636 934 2694; x_wconf 90' lang='lat' dir='ltr'><strong>millium</strong></span> <span class='ocrx_word' id='word_1_190' title='bbox 968 2655 1236 2699; x_wconf 89' lang='lat' dir='ltr'><strong>annorum</strong></span> <span class='ocrx_word' id='word_1_191' title='bbox 1273 2646 1502 2714; x_wconf 88' lang='lat' dir='ltr'><strong>primam</strong></span> <span class='ocrx_word' id='word_1_192' title='bbox 1549 2663 1884 2706; x_wconf 89' lang='lat' dir='ltr'><strong>mortuorum</strong></span> <span class='ocrx_word' id='word_1_193' title='bbox 1931 2669 2115 2708; x_wconf 86' lang='lat' dir='ltr'><strong>resur-</strong></span> 
     </span>
    </p>
   </div>
   <div class='ocr_carea' id='block_1_31' title="bbox 559 2727 2113 2812">
    <p class='ocr_par' dir='ltr' id='par_1_31' title="bbox 559 2727 2113 2812">
     <span class='ocr_line' id='line_1_31' title="bbox 559 2727 2113 2812; baseline 0.015 -34"><span class='ocrx_word' id='word_1_194' title='bbox 559 2727 854 2784; x_wconf 89' lang='lat' dir='ltr'><strong>rectionem</strong></span> <span class='ocrx_word' id='word_1_195' title='bbox 899 2733 1030 2788; x_wconf 88' lang='lat' dir='ltr'><strong>solis</strong></span> <span class='ocrx_word' id='word_1_196' title='bbox 1068 2735 1185 2790; x_wconf 90' lang='lat' dir='ltr'><strong>dari</strong></span> <span class='ocrx_word' id='word_1_197' title='bbox 1230 2740 1437 2795; x_wconf 89' lang='lat' dir='ltr'><strong>sanctis</strong></span> <span class='ocrx_word' id='word_1_198' title='bbox 1464 2741 1737 2812; x_wconf 81' lang='lat' dir='ltr'><strong>dixerunt,</strong></span> <span class='ocrx_word' id='word_1_199' title='bbox 1785 2752 1844 2799; x_wconf 89' lang='lat' dir='ltr'><strong>ut</strong></span> <span class='ocrx_word' id='word_1_200' title='bbox 1882 2744 1934 2799; x_wconf 92' lang='lat' dir='ltr'><strong>in</strong></span> <span class='ocrx_word' id='word_1_201' title='bbox 1970 2754 2113 2802; x_wconf 88' lang='lat' dir='ltr'><strong>terra</strong></span> 
     </span>
    </p>
   </div>
   <div class='ocr_carea' id='block_1_32' title="bbox 558 2817 2111 2910">
    <p class='ocr_par' dir='ltr' id='par_1_32' title="bbox 558 2817 2111 2910">
     <span class='ocr_line' id='line_1_32' title="bbox 558 2817 2111 2910; baseline 0.015 -40"><span class='ocrx_word' id='word_1_202' title='bbox 558 2817 741 2910; x_wconf 82' lang='lat' dir='ltr'><strong>hacin</strong></span> <span class='ocrx_word' id='word_1_203' title='bbox 765 2837 869 2890; x_wconf 91' lang='lat' dir='ltr'><strong>qua</strong></span> <span class='ocrx_word' id='word_1_204' title='bbox 903 2825 1240 2884; x_wconf 86' lang='lat' dir='ltr'><strong>tolerantiam</strong></span> <span class='ocrx_word' id='word_1_205' title='bbox 1263 2830 1644 2900; x_wconf 83' lang='lat' dir='ltr'><strong>exhibuerunt,</strong></span> <span class='ocrx_word' id='word_1_206' title='bbox 1675 2835 1886 2893; x_wconf 85' lang='lat' dir='ltr'><strong>deliciis</strong></span> <span class='ocrx_word' id='word_1_207' title='bbox 1909 2853 1971 2893; x_wconf 89' lang='lat' dir='ltr'><strong>ac</strong></span> <span class='ocrx_word' id='word_1_208' title='bbox 1994 2839 2111 2910; x_wconf 84' lang='lat' dir='ltr'><strong>glo-</strong></span> 
     </span>
    </p>
   </div>
   <div class='ocr_carea' id='block_1_33' title="bbox 556 2909 2110 2994">
    <p class='ocr_par' dir='ltr' id='par_1_33' title="bbox 556 2909 2110 2994">
     <span class='ocr_line' id='line_1_33' title="bbox 556 2909 2110 2994; baseline 0.015 -33"><span class='ocrx_word' id='word_1_209' title='bbox 556 2909 637 2962; x_wconf 85' lang='lat' dir='ltr'><strong>ria</strong></span> <span class='ocrx_word' id='word_1_210' title='bbox 671 2909 921 2968; x_wconf 76' lang='lat' dir='ltr'><strong>fruantur</strong></span> <span class='ocrx_word' id='word_1_211' title='bbox 950 2918 1096 2973; x_wconf 89' lang='lat' dir='ltr'><strong>mille</strong></span> <span class='ocrx_word' id='word_1_212' title='bbox 1125 2921 1323 2977; x_wconf 80' lang='lat' dir='ltr'><strong>annis&#39;:</strong></span> <span class='ocrx_word' id='word_1_213' title='bbox 1360 2932 1415 2978; x_wconf 90' lang='lat' dir='ltr'><strong>et</strong></span> <span class='ocrx_word' id='word_1_214' title='bbox 1447 2937 1567 2994; x_wconf 88' lang='lat' dir='ltr'><strong>post</strong></span> <span class='ocrx_word' id='word_1_215' title='bbox 1613 2927 1717 2983; x_wconf 85' lang='lat' dir='ltr'><strong>hoc</strong></span> <span class='ocrx_word' id='word_1_216' title='bbox 1748 2909 2110 2985; x_wconf 83' lang='lat' dir='ltr'><strong>universalem</strong></span> 
     </span>
    </p>
   </div>
   <div class='ocr_carea' id='block_1_34' title="bbox 2226 470 3770 552">
    <p class='ocr_par' dir='ltr' id='par_1_34' title="bbox 2226 470 3770 552">
     <span class='ocr_line' id='line_1_34' title="bbox 2226 470 3770 552; baseline 0.002 -17"><span class='ocrx_word' id='word_1_217' title='bbox 2226 480 2585 549; x_wconf 66' lang='grc' dir='ltr'>Ἀποκωυψις</span> <span class='ocrx_word' id='word_1_218' title='bbox 2637 480 2771 552; x_wconf 73' lang='grc' dir='ltr'>πρὸς</span> <span class='ocrx_word' id='word_1_219' title='bbox 2812 480 2912 549; x_wconf 82' lang='grc' dir='ltr'>τὴν</span> <span class='ocrx_word' id='word_1_220' title='bbox 2960 470 3060 547; x_wconf 58' lang='grc' dir='ltr'><strong>⁶ἰῆς</strong></span> <span class='ocrx_word' id='word_1_221' title='bbox 3099 477 3420 545; x_wconf 71' lang='grc' dir='ltr'>οἰκουμένης</span> <span class='ocrx_word' id='word_1_222' title='bbox 3471 475 3597 544; x_wconf 77' lang='grc' dir='ltr'>ὅλης</span> <span class='ocrx_word' id='word_1_223' title='bbox 3633 476 3770 544; x_wconf 72' lang='grc' dir='ltr'><strong>ἰρή-</strong></span> 
     </span>
    </p>
   </div>
   <div class='ocr_carea' id='block_1_35' title="bbox 2216 565 3772 639">
    <p class='ocr_par' dir='ltr' id='par_1_35' title="bbox 2216 565 3772 639">
     <span class='ocr_line' id='line_1_35' title="bbox 2216 565 3772 639; baseline -0.004 -17"><span class='ocrx_word' id='word_1_224' title='bbox 2216 586 2408 639; x_wconf 83' lang='grc' dir='ltr'>μωσιν.</span> <span class='ocrx_word' id='word_1_225' title='bbox 2449 566 2604 624; x_wconf 81' lang='grc' dir='ltr'>Εῐναι</span> <span class='ocrx_word' id='word_1_226' title='bbox 2657 569 2714 623; x_wconf 77' lang='grc' dir='ltr'>δὲ</span> <span class='ocrx_word' id='word_1_227' title='bbox 2767 569 2960 633; x_wconf 85' lang='grc' dir='ltr'>ταῦτα,</span> <span class='ocrx_word' id='word_1_228' title='bbox 2999 567 3140 631; x_wconf 79' lang='grc' dir='ltr'>τινὲς</span> <span class='ocrx_word' id='word_1_229' title='bbox 3189 566 3287 636; x_wconf 71' lang='grc' dir='ltr'><strong>μὲν</strong></span> <span class='ocrx_word' id='word_1_230' title='bbox 3337 565 3581 619; x_wconf 68' lang='grc' dir='ltr'>Σκυθικὰ</span> <span class='ocrx_word' id='word_1_231' title='bbox 3639 565 3772 634; x_wconf 73' lang='grc' dir='ltr'>ἔθνη</span> 
     </span>
    </p>
   </div>
   <div class='ocr_carea' id='block_1_36' title="bbox 2213 655 3774 732">
    <p class='ocr_par' dir='ltr' id='par_1_36' title="bbox 2213 655 3774 732">
     <span class='ocr_line' id='line_1_36' title="bbox 2213 655 3774 732; baseline -0.003 -20"><span class='ocrx_word' id='word_1_232' title='bbox 2213 661 2424 730; x_wconf 77' lang='grc' dir='ltr'>ἔφασαν</span> <span class='ocrx_word' id='word_1_233' title='bbox 2452 661 2798 732; x_wconf 75' lang='grc' dir='ltr'>ὑπτρόόρεια,</span> <span class='ocrx_word' id='word_1_234' title='bbox 2839 659 3097 721; x_wconf 78' lang='grc' dir='ltr'><strong>πολλάκις</strong></span> <span class='ocrx_word' id='word_1_235' title='bbox 3147 659 3241 710; x_wconf 79' lang='grc' dir='ltr'>καὶ</span> <span class='ocrx_word' id='word_1_236' title='bbox 3275 655 3384 710; x_wconf 72' lang='grc' dir='ltr'><strong>ἀπὸ</strong></span> <span class='ocrx_word' id='word_1_237' title='bbox 3412 655 3523 710; x_wconf 83' lang='grc' dir='ltr'><strong>τῶν</strong></span> <span class='ocrx_word' id='word_1_238' title='bbox 3554 656 3774 708; x_wconf 73' lang='grc' dir='ltr'>οἰκείων</span> 
     </span>
    </p>
   </div>
   <div class='ocr_carea' id='block_1_37' title="bbox 2214 742 3775 826">
    <p class='ocr_par' dir='ltr' id='par_1_37' title="bbox 2214 742 3775 826">
     <span class='ocr_line' id='line_1_37' title="bbox 2214 742 3775 826; baseline -0.005 -20"><span class='ocrx_word' id='word_1_239' title='bbox 2214 754 2379 809; x_wconf 83' lang='grc' dir='ltr'>ἐθνῶν</span> <span class='ocrx_word' id='word_1_240' title='bbox 2439 754 2867 826; x_wconf 74' lang='grc' dir='ltr'>μεταναστάντα,</span> <span class='ocrx_word' id='word_1_241' title='bbox 2929 750 3025 804; x_wconf 72' lang='grc' dir='ltr'>καὶ</span> <span class='ocrx_word' id='word_1_242' title='bbox 3085 748 3474 818; x_wconf 77' lang='grc' dir='ltr'><strong>διαφθείραντα</strong></span> <span class='ocrx_word' id='word_1_243' title='bbox 3536 749 3633 816; x_wconf 71' lang='grc' dir='ltr'><strong>μὲν</strong></span> <span class='ocrx_word' id='word_1_244' title='bbox 3687 742 3775 808; x_wconf 73' lang='grc' dir='ltr'><strong>οἷς</strong></span> 
     </span>
    </p>
   </div>
   <div class='ocr_carea' id='block_1_38' title="bbox 2212 837 3775 912">
    <p class='ocr_par' dir='ltr' id='par_1_38' title="bbox 2212 837 3775 912">
     <span class='ocr_line' id='line_1_38' title="bbox 2212 837 3775 912; baseline -0.006 -14"><span class='ocrx_word' id='word_1_245' title='bbox 2212 846 2435 912; x_wconf 65' lang='grc' dir='ltr'>ἐπῆλθε,</span> <span class='ocrx_word' id='word_1_246' title='bbox 2461 846 2784 907; x_wconf 76' lang='grc' dir='ltr'><strong>τοσαυτάκις</strong></span> <span class='ocrx_word' id='word_1_247' title='bbox 2811 843 2869 896; x_wconf 86' lang='grc' dir='ltr'>δὲ</span> <span class='ocrx_word' id='word_1_248' title='bbox 2897 841 3264 910; x_wconf 75' lang='grc' dir='ltr'><strong>διαφθαρέντα</strong></span> <span class='ocrx_word' id='word_1_249' title='bbox 3296 839 3408 893; x_wconf 70' lang='grc' dir='ltr'>ἀπὸ</span> <span class='ocrx_word' id='word_1_250' title='bbox 3433 838 3638 891; x_wconf 82' lang='grc' dir='ltr'>τούτων</span> <span class='ocrx_word' id='word_1_251' title='bbox 3670 837 3775 905; x_wconf 74' lang='grc' dir='ltr'>τῆς</span> 
     </span>
    </p>
   </div>
   <div class='ocr_carea' id='block_1_39' title="bbox 2213 927 3778 1007">
    <p class='ocr_par' dir='ltr' id='par_1_39' title="bbox 2213 927 3778 1007">
     <span class='ocr_line' id='line_1_39' title="bbox 2213 927 3778 1007; baseline -0.006 -18"><span class='ocrx_word' id='word_1_252' title='bbox 2213 935 2529 1007; x_wconf 82' lang='grc' dir='ltr'>ἐπιδρομῆς,</span> <span class='ocrx_word' id='word_1_253' title='bbox 2579 935 2673 988; x_wconf 69' lang='grc' dir='ltr'>καὶ</span> <span class='ocrx_word' id='word_1_254' title='bbox 2723 932 3052 987; x_wconf 86' lang='grc' dir='ltr'>Σκυθόπολιν</span> <span class='ocrx_word' id='word_1_255' title='bbox 3107 932 3167 984; x_wconf 78' lang='grc' dir='ltr'><strong>ἐν</strong></span> <span class='ocrx_word' id='word_1_256' title='bbox 3214 927 3550 998; x_wconf 79' lang='grc' dir='ltr'><strong>Παλαιστίνῃ</strong></span> <span class='ocrx_word' id='word_1_257' title='bbox 3575 927 3778 995; x_wconf 81' lang='grc' dir='ltr'>ὀνομα-</span> 
     </span>
    </p>
   </div>
   <div class='ocr_carea' id='block_1_40' title="bbox 2215 1018 3778 1096">
    <p class='ocr_par' dir='ltr' id='par_1_40' title="bbox 2215 1018 3778 1096">
     <span class='ocr_line' id='line_1_40' title="bbox 2215 1018 3778 1096; baseline -0.007 -16"><span class='ocrx_word' id='word_1_258' title='bbox 2215 1028 2437 1096; x_wconf 87' lang='grc' dir='ltr'>σθῆναι,</span> <span class='ocrx_word' id='word_1_259' title='bbox 2493 1028 2589 1080; x_wconf 75' lang='grc' dir='ltr'>καὶ</span> <span class='ocrx_word' id='word_1_260' title='bbox 2626 1025 2836 1080; x_wconf 74' lang='grc' dir='ltr'>ι’ότθων</span> <span class='ocrx_word' id='word_1_261' title='bbox 2882 1023 3075 1094; x_wconf 75' lang='grc' dir='ltr'>μοῖράν</span> <span class='ocrx_word' id='word_1_262' title='bbox 3127 1038 3252 1076; x_wconf 85' lang='grc' dir='ltr'>τινα</span> <span class='ocrx_word' id='word_1_263' title='bbox 3298 1020 3442 1075; x_wconf 82' lang='grc' dir='ltr'>κατὰ</span> <span class='ocrx_word' id='word_1_264' title='bbox 3468 1023 3470 1026; x_wconf 75' lang='grc'><em>’</em></span> <span class='ocrx_word' id='word_1_265' title='bbox 3497 1020 3638 1089; x_wconf 80' lang='grc' dir='ltr'>μέρη</span> <span class='ocrx_word' id='word_1_266' title='bbox 3671 1018 3778 1086; x_wconf 84' lang='grc' dir='ltr'>τῆς</span> 
     </span>
    </p>
   </div>
   <div class='ocr_carea' id='block_1_41' title="bbox 2225 1108 3775 1187">
    <p class='ocr_par' dir='ltr' id='par_1_41' title="bbox 2225 1108 3775 1187">
     <span class='ocr_line' id='line_1_41' title="bbox 2225 1108 3775 1187; baseline -0.008 -16"><span class='ocrx_word' id='word_1_267' title='bbox 2225 1115 2401 1180; x_wconf 75' lang='grc' dir='ltr'>Ἄσίας</span> <span class='ocrx_word' id='word_1_268' title='bbox 2431 1117 2821 1187; x_wconf 83' lang='grc' dir='ltr'>στρατιωτικήν</span> <span class='ocrx_word' id='word_1_269' title='bbox 2870 1132 2929 1168; x_wconf 84' lang='grc' dir='ltr'><strong>τε</strong></span> <span class='ocrx_word' id='word_1_270' title='bbox 2974 1113 3234 1167; x_wconf 82' lang='grc' dir='ltr'>σύστασιν</span> <span class='ocrx_word' id='word_1_271' title='bbox 3279 1111 3423 1165; x_wconf 70' lang='grc' dir='ltr'>οὕτω</span> <span class='ocrx_word' id='word_1_272' title='bbox 3451 1108 3775 1168; x_wconf 79' lang='grc' dir='ltr'>καλεῖσθαι,</span> 
     </span>
    </p>
   </div>
   <div class='ocr_carea' id='block_1_42' title="bbox 2215 1198 3783 1276">
    <p class='ocr_par' dir='ltr' id='par_1_42' title="bbox 2215 1198 3783 1276">
     <span class='ocr_line' id='line_1_42' title="bbox 2215 1198 3783 1276; baseline -0.007 -15"><span class='ocrx_word' id='word_1_273' title='bbox 2215 1209 2307 1261; x_wconf 79' lang='grc' dir='ltr'>καὶ</span> <span class='ocrx_word' id='word_1_274' title='bbox 2356 1208 2680 1274; x_wconf 77' lang='grc' dir='ltr'>Θαῖφάλους,</span> <span class='ocrx_word' id='word_1_275' title='bbox 2742 1209 2839 1261; x_wconf 74' lang='grc' dir='ltr'>καὶ</span> <span class='ocrx_word' id='word_1_276' title='bbox 2887 1204 3337 1276; x_wconf 86' lang='grc' dir='ltr'>Γοτθογραίκους,</span> <span class='ocrx_word' id='word_1_277' title='bbox 3409 1203 3553 1272; x_wconf 74' lang='grc' dir='ltr'>ᾇπερ</span> <span class='ocrx_word' id='word_1_278' title='bbox 3609 1198 3783 1269; x_wconf 80' lang='grc' dir='ltr'>κοινῷ</span> 
     </span>
    </p>
   </div>
   <div class='ocr_carea' id='block_1_43' title="bbox 2212 1291 3784 1368">
    <p class='ocr_par' dir='ltr' id='par_1_43' title="bbox 2212 1291 3784 1368">
     <span class='ocr_line' id='line_1_43' title="bbox 2212 1291 3784 1368; baseline -0.006 -17"><span class='ocrx_word' id='word_1_279' title='bbox 2212 1297 2352 1368; x_wconf 80' lang='grc' dir='ltr'>λόγῳ</span> <span class='ocrx_word' id='word_1_280' title='bbox 2402 1296 2669 1367; x_wconf 77' lang='grc' dir='ltr'><strong>καλοῦμεν</strong></span> <span class='ocrx_word' id='word_1_281' title='bbox 2701 1298 2964 1352; x_wconf 78' lang='grc' dir='ltr'>Οὑννικά·</span> <span class='ocrx_word' id='word_1_282' title='bbox 3022 1296 3200 1365; x_wconf 82' lang='grc' dir='ltr'><strong>πάσης</strong></span> <span class='ocrx_word' id='word_1_283' title='bbox 3247 1294 3306 1347; x_wconf 72' lang='grc' dir='ltr'>δὲ</span> <span class='ocrx_word' id='word_1_284' title='bbox 3347 1293 3589 1360; x_wconf 75' lang='grc' dir='ltr'><strong>ἐπιγείου</strong></span> <span class='ocrx_word' id='word_1_285' title='bbox 3624 1291 3784 1361; x_wconf 80' lang='grc' dir='ltr'>βασι·-</span> 
     </span>
    </p>
   </div>
   <div class='ocr_carea' id='block_1_44' title="bbox 2215 1381 3781 1456">
    <p class='ocr_par' dir='ltr' id='par_1_44' title="bbox 2215 1381 3781 1456">
     <span class='ocr_line' id='line_1_44' title="bbox 2215 1381 3781 1456; baseline -0.004 -18"><span class='ocrx_word' id='word_1_286' title='bbox 2215 1388 2361 1449; x_wconf 79' lang='grc' dir='ltr'>λείας</span> <span class='ocrx_word' id='word_1_287' title='bbox 2387 1381 2524 1439; x_wconf 77' lang='grc' dir='ltr'>εἶναι</span> <span class='ocrx_word' id='word_1_288' title='bbox 2574 1385 2916 1456; x_wconf 70' lang='grc' dir='ltr'>δυνατώτερα</span> <span class='ocrx_word' id='word_1_289' title='bbox 2959 1386 3054 1440; x_wconf 70' lang='grc' dir='ltr'>καὶ</span> <span class='ocrx_word' id='word_1_290' title='bbox 3093 1384 3510 1455; x_wconf 73' lang='grc' dir='ltr'>πολεμικιῖιτερα</span> <span class='ocrx_word' id='word_1_291' title='bbox 3534 1398 3548 1413; x_wconf 82' lang='grc'><strong><em>⁸</em></strong></span> <span class='ocrx_word' id='word_1_292' title='bbox 3583 1381 3781 1448; x_wconf 81' lang='grc' dir='ltr'>ἐπέχε-</span> 
     </span>
    </p>
   </div>
   <div class='ocr_carea' id='block_1_45' title="bbox 2215 1469 3780 1548">
    <p class='ocr_par' dir='ltr' id='par_1_45' title="bbox 2215 1469 3780 1548">
     <span class='ocr_line' id='line_1_45' title="bbox 2215 1469 3780 1548; baseline -0.006 -17"><span class='ocrx_word' id='word_1_293' title='bbox 2215 1479 2335 1531; x_wconf 89' lang='grc' dir='ltr'>σθαι</span> <span class='ocrx_word' id='word_1_294' title='bbox 2363 1477 2420 1530; x_wconf 82' lang='grc' dir='ltr'>δὲ</span> <span class='ocrx_word' id='word_1_295' title='bbox 2447 1476 2566 1546; x_wconf 66' lang='grc' dir='ltr'>θείᾳ</span> <span class='ocrx_word' id='word_1_296' title='bbox 2602 1478 2744 1547; x_wconf 67' lang='grc' dir='ltr'><strong>χειρλ⁸</strong></span> <span class='ocrx_word' id='word_1_297' title='bbox 2788 1478 3298 1548; x_wconf 80' lang='grc' dir='ltr'>κοσμοκρατορῆσαι</span> <span class='ocrx_word' id='word_1_298' title='bbox 3345 1475 3472 1544; x_wconf 64' lang='grc' dir='ltr'>ἄχρι</span> <span class='ocrx_word' id='word_1_299' title='bbox 3527 1471 3629 1540; x_wconf 81' lang='grc' dir='ltr'>τῆς</span> <span class='ocrx_word' id='word_1_300' title='bbox 3677 1469 3780 1523; x_wconf 86' lang='grc' dir='ltr'><strong>τοῦ</strong></span> 
     </span>
    </p>
   </div>
   <div class='ocr_carea' id='block_1_46' title="bbox 2214 1561 3775 1636">
    <p class='ocr_par' dir='ltr' id='par_1_46' title="bbox 2214 1561 3775 1636">
     <span class='ocr_line' id='line_1_46' title="bbox 2214 1561 3775 1636; baseline -0.006 -17"><span class='ocrx_word' id='word_1_301' title='bbox 2214 1566 2459 1619; x_wconf 72' lang='grc' dir='ltr'>διαϐόλου</span> <span class='ocrx_word' id='word_1_302' title='bbox 2504 1565 2732 1628; x_wconf 85' lang='grc' dir='ltr'>λύσεως,</span> <span class='ocrx_word' id='word_1_303' title='bbox 2765 1565 2953 1636; x_wconf 83' lang='grc' dir='ltr'>ὥσπερ</span> <span class='ocrx_word' id='word_1_304' title='bbox 2992 1565 3224 1618; x_wconf 81' lang='grc' dir='ltr'>ἐνταῦθα</span> <span class='ocrx_word' id='word_1_305' title='bbox 3265 1561 3775 1635; x_wconf 78' lang='grc' dir='ltr'>προδιαγγέλλεται.</span> 
     </span>
    </p>
   </div>
   <div class='ocr_carea' id='block_1_47' title="bbox 2217 1649 3784 1724">
    <p class='ocr_par' dir='ltr' id='par_1_47' title="bbox 2217 1649 3784 1724">
     <span class='ocr_line' id='line_1_47' title="bbox 2217 1649 3784 1724; baseline -0.005 -15"><span class='ocrx_word' id='word_1_306' title='bbox 2217 1657 2372 1718; x_wconf 80' lang='grc' dir='ltr'>Τινὲς</span> <span class='ocrx_word' id='word_1_307' title='bbox 2398 1656 2454 1708; x_wconf 78' lang='grc' dir='ltr'>δὲ</span> <span class='ocrx_word' id='word_1_308' title='bbox 2479 1655 2569 1706; x_wconf 84' lang='grc' dir='ltr'>τὸν</span> <span class='ocrx_word' id='word_1_309' title='bbox 2605 1654 2726 1723; x_wconf 84' lang='grc' dir='ltr'><strong>Γὼγ</strong></span> <span class='ocrx_word' id='word_1_310' title='bbox 2751 1659 2815 1710; x_wconf 86' lang='grc' dir='ltr'><strong>ἐκ</strong></span> <span class='ocrx_word' id='word_1_311' title='bbox 2843 1657 2942 1724; x_wconf 79' lang='grc' dir='ltr'>τῆς</span> <span class='ocrx_word' id='word_1_312' title='bbox 2991 1655 3268 1723; x_wconf 79' lang='grc' dir='ltr'>Ἐϐραῖδος</span> <span class='ocrx_word' id='word_1_313' title='bbox 3295 1651 3545 1721; x_wconf 75' lang='grc' dir='ltr'><strong>γλώσσης</strong></span> <span class='ocrx_word' id='word_1_314' title='bbox 3576 1649 3784 1717; x_wconf 77' lang='grc' dir='ltr'>ἀθροίσ-</span> 
     </span>
    </p>
   </div>
   <div class='ocr_carea' id='block_1_48' title="bbox 2215 1738 3779 1815">
    <p class='ocr_par' dir='ltr' id='par_1_48' title="bbox 2215 1738 3779 1815">
     <span class='ocr_line' id='line_1_48' title="bbox 2215 1738 3779 1815; baseline -0.008 -13"><span class='ocrx_word' id='word_1_315' title='bbox 2215 1746 2420 1811; x_wconf 79' lang='grc' dir='ltr'>ζοντα,</span> <span class='ocrx_word' id='word_1_316' title='bbox 2460 1746 2493 1815; x_wconf 79' lang='grc' dir='ltr'>ἢ</span> <span class='ocrx_word' id='word_1_317' title='bbox 2542 1748 2836 1815; x_wconf 76' lang='grc' dir='ltr'>ἄθροισμα</span> <span class='ocrx_word' id='word_1_318' title='bbox 2892 1743 3249 1815; x_wconf 77' lang='grc' dir='ltr'>ἑρμηνεύουσι</span> <span class='ocrx_word' id='word_1_319' title='bbox 3271 1781 3287 1805; x_wconf 96' lang='grc'><strong>,</strong></span> <span class='ocrx_word' id='word_1_320' title='bbox 3321 1742 3414 1794; x_wconf 77' lang='grc' dir='ltr'><strong>τὸν</strong></span> <span class='ocrx_word' id='word_1_321' title='bbox 3451 1741 3506 1792; x_wconf 76' lang='grc' dir='ltr'>δὲ</span> <span class='ocrx_word' id='word_1_322' title='bbox 3543 1738 3779 1804; x_wconf 80' lang='grc' dir='ltr'>Μαγὼγ,</span> 
     </span>
    </p>
   </div>
   <div class='ocr_carea' id='block_1_49' title="bbox 2213 1826 3783 1908">
    <p class='ocr_par' dir='ltr' id='par_1_49' title="bbox 2213 1826 3783 1908">
     <span class='ocr_line' id='line_1_49' title="bbox 2213 1826 3783 1908; baseline -0.009 -16"><span class='ocrx_word' id='word_1_323' title='bbox 2213 1837 2573 1908; x_wconf 56' lang='grc' dir='ltr'>ἐπηρμένον</span> <span class='ocrx_word' id='word_1_324' title='bbox 2605 1839 2744 1892; x_wconf 83' lang='grc' dir='ltr'>ὥστε</span> <span class='ocrx_word' id='word_1_325' title='bbox 2775 1836 2844 1889; x_wconf 85' lang='grc' dir='ltr'>δι’</span> <span class='ocrx_word' id='word_1_326' title='bbox 2875 1835 3134 1902; x_wconf 82' lang='grc' dir='ltr'>ἐκατέρου</span> <span class='ocrx_word' id='word_1_327' title='bbox 3166 1832 3258 1885; x_wconf 87' lang='grc' dir='ltr'><strong>τοῦ</strong></span> <span class='ocrx_word' id='word_1_328' title='bbox 3291 1847 3349 1883; x_wconf 85' lang='grc' dir='ltr'><strong>τε</strong></span> <span class='ocrx_word' id='word_1_329' title='bbox 3380 1829 3655 1899; x_wconf 75' lang='grc' dir='ltr'>ἁθροίζειν</span> <span class='ocrx_word' id='word_1_330' title='bbox 3679 1826 3783 1879; x_wconf 78' lang='grc' dir='ltr'>καὶ</span> 
     </span>
    </p>
   </div>
   <div class='ocr_carea' id='block_1_50' title="bbox 2212 1920 3784 2000">
    <p class='ocr_par' dir='ltr' id='par_1_50' title="bbox 2212 1920 3784 2000">
     <span class='ocr_line' id='line_1_50' title="bbox 2212 1920 3784 2000; baseline -0.009 -17"><span class='ocrx_word' id='word_1_331' title='bbox 2212 1930 2304 1983; x_wconf 89' lang='grc' dir='ltr'><strong>τοῦ</strong></span> <span class='ocrx_word' id='word_1_332' title='bbox 2361 1929 2710 2000; x_wconf 78' lang='grc' dir='ltr'>ἐπαίρεσθαι,</span> <span class='ocrx_word' id='word_1_333' title='bbox 2769 1927 2911 1998; x_wconf 72' lang='grc' dir='ltr'>μέγα</span> <span class='ocrx_word' id='word_1_334' title='bbox 2963 1925 3058 1978; x_wconf 73' lang='grc' dir='ltr'>καὶ</span> <span class='ocrx_word' id='word_1_335' title='bbox 3107 1924 3453 1993; x_wconf 76' lang='grc' dir='ltr'>ὑπερήφανον</span> <span class='ocrx_word' id='word_1_336' title='bbox 3490 1920 3784 1990; x_wconf 73' lang='grc' dir='ltr'>ἐμφαίνειν</span> 
     </span>
    </p>
   </div>
   <div class='ocr_carea' id='block_1_51' title="bbox 2212 2010 3785 2092">
    <p class='ocr_par' dir='ltr' id='par_1_51' title="bbox 2212 2010 3785 2092">
     <span class='ocr_line' id='line_1_51' title="bbox 2212 2010 3785 2092; baseline -0.01 -16"><span class='ocrx_word' id='word_1_337' title='bbox 2212 2023 2379 2076; x_wconf 69' lang='grc' dir='ltr'>κακὸν</span> <span class='ocrx_word' id='word_1_338' title='bbox 2424 2020 2522 2092; x_wconf 76' lang='grc' dir='ltr'>τὴν</span> <span class='ocrx_word' id='word_1_339' title='bbox 2551 2021 2742 2073; x_wconf 83' lang='grc' dir='ltr'>τούτου</span> <span class='ocrx_word' id='word_1_340' title='bbox 2773 2018 2866 2072; x_wconf 86' lang='grc' dir='ltr'><strong>τοῦ</strong></span> <span class='ocrx_word' id='word_1_341' title='bbox 2902 2017 3085 2078; x_wconf 75' lang='grc' dir='ltr'>ἔθνους</span> <span class='ocrx_word' id='word_1_342' title='bbox 3123 2015 3406 2067; x_wconf 78' lang='grc' dir='ltr'>ἐπέλευσιν</span> <span class='ocrx_word' id='word_1_343' title='bbox 3458 2010 3785 2082; x_wconf 78' lang='grc' dir='ltr'>ἑμπορίζειν</span> 
     </span>
    </p>
   </div>
   <div class='ocr_carea' id='block_1_52' title="bbox 2210 2099 3783 2180">
    <p class='ocr_par' dir='ltr' id='par_1_52' title="bbox 2210 2099 3783 2180">
     <span class='ocr_line' id='line_1_52' title="bbox 2210 2099 3783 2180; baseline -0.012 -12"><span class='ocrx_word' id='word_1_344' title='bbox 2210 2115 2321 2177; x_wconf 77' lang='grc' dir='ltr'>τοῖς</span> <span class='ocrx_word' id='word_1_345' title='bbox 2367 2111 2488 2167; x_wconf 85' lang='grc' dir='ltr'>καθ’</span> <span class='ocrx_word' id='word_1_346' title='bbox 2513 2104 2587 2165; x_wconf 81' lang='grc' dir='ltr'>ὧν</span> <span class='ocrx_word' id='word_1_347' title='bbox 2620 2112 2656 2180; x_wconf 76' lang='grc' dir='ltr'><strong>ἡ</strong></span> <span class='ocrx_word' id='word_1_348' title='bbox 2703 2110 3005 2170; x_wconf 81' lang='grc' dir='ltr'>ἐπέλευσις,</span> <span class='ocrx_word' id='word_1_349' title='bbox 3042 2107 3116 2166; x_wconf 83' lang='grc' dir='ltr'><strong>ὡς</strong></span> <span class='ocrx_word' id='word_1_350' title='bbox 3167 2105 3267 2176; x_wconf 72' lang='grc' dir='ltr'>ήδη</span> <span class='ocrx_word' id='word_1_351' title='bbox 3311 2103 3632 2173; x_wconf 72' lang='grc' dir='ltr'>εἰρήκαμεν.</span> <span class='ocrx_word' id='word_1_352' title='bbox 3673 2099 3783 2150; x_wconf 79' lang='grc' dir='ltr'><strong>Τὸν</strong></span> 
     </span>
    </p>
   </div>
   <div class='ocr_carea' id='block_1_53' title="bbox 2212 2189 3781 2274">
    <p class='ocr_par' dir='ltr' id='par_1_53' title="bbox 2212 2189 3781 2274">
     <span class='ocr_line' id='line_1_53' title="bbox 2212 2189 3781 2274; baseline -0.011 -17"><span class='ocrx_word' id='word_1_353' title='bbox 2212 2201 2564 2274; x_wconf 81' lang='grc' dir='ltr'>προρηθέντα</span> <span class='ocrx_word' id='word_1_354' title='bbox 2592 2201 2688 2271; x_wconf 82' lang='grc' dir='ltr'>τῆς</span> <span class='ocrx_word' id='word_1_355' title='bbox 2720 2199 2981 2271; x_wconf 84' lang='grc' dir='ltr'>χιλιετίας</span> <span class='ocrx_word' id='word_1_356' title='bbox 3013 2197 3224 2268; x_wconf 82' lang='grc' dir='ltr'>χρόνον,</span> <span class='ocrx_word' id='word_1_357' title='bbox 3244 2194 3388 2257; x_wconf 83' lang='grc' dir='ltr'>τινὲς</span> <span class='ocrx_word' id='word_1_358' title='bbox 3421 2193 3520 2261; x_wconf 79' lang='grc' dir='ltr'><strong>μὲν</strong></span> <span class='ocrx_word' id='word_1_359' title='bbox 3551 2192 3616 2244; x_wconf 68' lang='grc' dir='ltr'>τὰ</span> <span class='ocrx_word' id='word_1_360' title='bbox 3648 2189 3781 2253; x_wconf 74' lang='grc' dir='ltr'>τρία</span> 
     </span>
    </p>
   </div>
   <div class='ocr_carea' id='block_1_54' title="bbox 2209 2281 3781 2368">
    <p class='ocr_par' dir='ltr' id='par_1_54' title="bbox 2209 2281 3781 2368">
     <span class='ocr_line' id='line_1_54' title="bbox 2209 2281 3781 2368; baseline -0.014 -16"><span class='ocrx_word' id='word_1_361' title='bbox 2209 2300 2378 2368; x_wconf 76' lang='grc' dir='ltr'>ἥμισυ</span> <span class='ocrx_word' id='word_1_362' title='bbox 2401 2296 2492 2364; x_wconf 73' lang='grc' dir='ltr'><strong>ἐτη</strong></span> <span class='ocrx_word' id='word_1_363' title='bbox 2516 2296 2584 2348; x_wconf 73' lang='grc' dir='ltr'><strong>τὰ</strong></span> <span class='ocrx_word' id='word_1_364' title='bbox 2603 2294 2709 2348; x_wconf 80' lang='grc' dir='ltr'><strong>ἀπὸ</strong></span> <span class='ocrx_word' id='word_1_365' title='bbox 2725 2292 2817 2346; x_wconf 84' lang='grc' dir='ltr'><strong>τοῦ</strong></span> <span class='ocrx_word' id='word_1_366' title='bbox 2835 2289 3203 2361; x_wconf 83' lang='grc' dir='ltr'>βαπτίσματος</span> <span class='ocrx_word' id='word_1_367' title='bbox 3230 2287 3321 2338; x_wconf 82' lang='grc' dir='ltr'><strong>τοῦ</strong></span> <span class='ocrx_word' id='word_1_368' title='bbox 3348 2281 3587 2354; x_wconf 81' lang='grc' dir='ltr'>Χριστοῦ</span> <span class='ocrx_word' id='word_1_369' title='bbox 3615 2281 3781 2349; x_wconf 77' lang='grc' dir='ltr'>μέχρι</span> 
     </span>
    </p>
   </div>
   <div class='ocr_carea' id='block_1_55' title="bbox 2209 2369 3783 2456">
    <p class='ocr_par' dir='ltr' id='par_1_55' title="bbox 2209 2369 3783 2456">
     <span class='ocr_line' id='line_1_55' title="bbox 2209 2369 3783 2456; baseline -0.013 -16"><span class='ocrx_word' id='word_1_370' title='bbox 2209 2389 2309 2456; x_wconf 80' lang='grc' dir='ltr'>τῆς</span> <span class='ocrx_word' id='word_1_371' title='bbox 2360 2385 2525 2439; x_wconf 84' lang='grc' dir='ltr'>αὑτοῦ</span> <span class='ocrx_word' id='word_1_372' title='bbox 2573 2386 2652 2446; x_wconf 86' lang='grc' dir='ltr'><strong>εἰς</strong></span> <span class='ocrx_word' id='word_1_373' title='bbox 2707 2381 2934 2453; x_wconf 77' lang='grc' dir='ltr'>οὐρανὸν</span> <span class='ocrx_word' id='word_1_374' title='bbox 2963 2378 3276 2439; x_wconf 77' lang='grc' dir='ltr'>ἀναϐάσεως</span> <span class='ocrx_word' id='word_1_375' title='bbox 3333 2375 3433 2428; x_wconf 81' lang='grc' dir='ltr'>οὐκ</span> <span class='ocrx_word' id='word_1_376' title='bbox 3479 2369 3576 2426; x_wconf 72' lang='grc' dir='ltr'>οἷδ’</span> <span class='ocrx_word' id='word_1_377' title='bbox 3629 2372 3783 2431; x_wconf 78' lang='grc' dir='ltr'>ὅπως</span> 
     </span>
    </p>
   </div>
   <div class='ocr_carea' id='block_1_56' title="bbox 2212 2459 3778 2544">
    <p class='ocr_par' dir='ltr' id='par_1_56' title="bbox 2212 2459 3778 2544">
     <span class='ocr_line' id='line_1_56' title="bbox 2212 2459 3778 2544; baseline -0.013 -15"><span class='ocrx_word' id='word_1_378' title='bbox 2212 2476 2527 2544; x_wconf 77' lang='grc' dir='ltr'>ἐξειλήφασι</span> <span class='ocrx_word' id='word_1_379' title='bbox 2547 2489 2560 2504; x_wconf 90' lang='grc'><strong>·</strong></span> <span class='ocrx_word' id='word_1_380' title='bbox 2598 2472 2715 2544; x_wconf 80' lang='grc' dir='ltr'>μεθ’</span> <span class='ocrx_word' id='word_1_381' title='bbox 2740 2472 2776 2526; x_wconf 77' lang='grc' dir='ltr'>ἃ</span> <span class='ocrx_word' id='word_1_382' title='bbox 2803 2470 3029 2538; x_wconf 82' lang='grc' dir='ltr'>λυθῆναι</span> <span class='ocrx_word' id='word_1_383' title='bbox 3056 2467 3148 2520; x_wconf 79' lang='grc' dir='ltr'>τὸν</span> <span class='ocrx_word' id='word_1_384' title='bbox 3180 2464 3421 2518; x_wconf 73' lang='grc' dir='ltr'>διάϐολον</span> <span class='ocrx_word' id='word_1_385' title='bbox 3451 2459 3778 2525; x_wconf 76' lang='grc' dir='ltr'>ὑπενόησαν.</span> 
     </span>
    </p>
   </div>
   <div class='ocr_carea' id='block_1_57' title="bbox 2213 2545 3782 2637">
    <p class='ocr_par' dir='ltr' id='par_1_57' title="bbox 2213 2545 3782 2637">
     <span class='ocr_line' id='line_1_57' title="bbox 2213 2545 3782 2637; baseline -0.017 -15"><span class='ocrx_word' id='word_1_386' title='bbox 2213 2566 2505 2637; x_wconf 73' lang='grc' dir='ltr'>Ἕτεροιδὶ</span> <span class='ocrx_word' id='word_1_387' title='bbox 2536 2563 2670 2635; x_wconf 80' lang='grc' dir='ltr'>μετὰ</span> <span class='ocrx_word' id='word_1_388' title='bbox 2704 2563 2804 2631; x_wconf 74' lang='grc' dir='ltr'>τὴν</span> <span class='ocrx_word' id='word_1_389' title='bbox 2838 2559 3231 2627; x_wconf 83' lang='grc' dir='ltr'>συμπλήρωσιν</span> <span class='ocrx_word' id='word_1_390' title='bbox 3258 2554 3370 2605; x_wconf 83' lang='grc' dir='ltr'>τῶν</span> <span class='ocrx_word' id='word_1_391' title='bbox 3396 2545 3782 2637; x_wconf 62' lang='grc' dir='ltr'>ἐξακισίιλίιυν</span> 
     </span>
    </p>
   </div>
   <div class='ocr_carea' id='block_1_58' title="bbox 2215 2635 3780 2726">
    <p class='ocr_par' dir='ltr' id='par_1_58' title="bbox 2215 2635 3780 2726">
     <span class='ocr_line' id='line_1_58' title="bbox 2215 2635 3780 2726; baseline -0.017 -15"><span class='ocrx_word' id='word_1_392' title='bbox 2215 2635 2483 2726; x_wconf 24' lang='grc' dir='ltr'>ἐτῶν-γτὴν</span> <span class='ocrx_word' id='word_1_393' title='bbox 2527 2653 2752 2724; x_wconf 83' lang='grc' dir='ltr'>πρώτην</span> <span class='ocrx_word' id='word_1_394' title='bbox 2787 2649 3081 2704; x_wconf 77' lang='grc' dir='ltr'>ἀνάστασιν</span> <span class='ocrx_word' id='word_1_395' title='bbox 3120 2645 3232 2697; x_wconf 83' lang='grc' dir='ltr'><strong>τῶν</strong></span> <span class='ocrx_word' id='word_1_396' title='bbox 3277 2641 3489 2710; x_wconf 80' lang='grc' dir='ltr'>νεκρῶν</span> <span class='ocrx_word' id='word_1_397' title='bbox 3540 2635 3780 2726; x_wconf 52' lang='grc' dir='ltr'>δίδοσθαι.</span> 
     </span>
    </p>
   </div>
   <div class='ocr_carea' id='block_1_59' title="bbox 2217 2719 3779 2819">
    <p class='ocr_par' dir='ltr' id='par_1_59' title="bbox 2217 2719 3779 2819">
     <span class='ocr_line' id='line_1_59' title="bbox 2217 2719 3779 2819; baseline -0.015 -20"><span class='ocrx_word' id='word_1_398' title='bbox 2217 2719 2398 2819; x_wconf 76' lang='grc' dir='ltr'>μόνοις</span> <span class='ocrx_word' id='word_1_399' title='bbox 2440 2719 2553 2808; x_wconf 67' lang='grc' dir='ltr'>τοῖς</span> <span class='ocrx_word' id='word_1_400' title='bbox 2576 2719 2776 2812; x_wconf 32' lang='grc' dir='ltr'>*ἁγίοις</span> <span class='ocrx_word' id='word_1_401' title='bbox 2811 2739 3036 2808; x_wconf 74' lang='grc' dir='ltr'>ἔφασαν,</span> <span class='ocrx_word' id='word_1_402' title='bbox 3081 2736 3167 2788; x_wconf 80' lang='grc' dir='ltr'>ἵνα</span> <span class='ocrx_word' id='word_1_403' title='bbox 3196 2738 3253 2787; x_wconf 88' lang='grc' dir='ltr'><strong>ἐν</strong></span> <span class='ocrx_word' id='word_1_404' title='bbox 3279 2735 3343 2802; x_wconf 79' lang='grc' dir='ltr'><strong>τῇ</strong></span> <span class='ocrx_word' id='word_1_405' title='bbox 3372 2734 3443 2800; x_wconf 80' lang='grc' dir='ltr'><strong>γῇ</strong></span> <span class='ocrx_word' id='word_1_406' title='bbox 3463 2727 3632 2798; x_wconf 78' lang='grc' dir='ltr'>ταύτῃ</span> <span class='ocrx_word' id='word_1_407' title='bbox 3657 2729 3714 2780; x_wconf 84' lang='grc' dir='ltr'><strong>ἐν</strong></span> <span class='ocrx_word' id='word_1_408' title='bbox 3742 2719 3779 2797; x_wconf 76' lang='grc' dir='ltr'>ᾗ</span> 
     </span>
    </p>
   </div>
   <div class='ocr_carea' id='block_1_60' title="bbox 2211 2822 3783 2910">
    <p class='ocr_par' dir='ltr' id='par_1_60' title="bbox 2211 2822 3783 2910">
     <span class='ocr_line' id='line_1_60' title="bbox 2211 2822 3783 2910; baseline -0.015 -17"><span class='ocrx_word' id='word_1_409' title='bbox 2211 2839 2309 2910; x_wconf 83' lang='grc' dir='ltr'>τὴν</span> <span class='ocrx_word' id='word_1_410' title='bbox 2343 2837 2640 2908; x_wconf 77' lang='grc' dir='ltr'>καρτερίαν</span> <span class='ocrx_word' id='word_1_411' title='bbox 2688 2831 3053 2898; x_wconf 71' lang='grc' dir='ltr'>ἐπεδείξαντο,</span> <span class='ocrx_word' id='word_1_412' title='bbox 3090 2827 3301 2899; x_wconf 70' lang='grc' dir='ltr'>τρυφῆς</span> <span class='ocrx_word' id='word_1_413' title='bbox 3329 2825 3423 2877; x_wconf 75' lang='grc' dir='ltr'>καὶ</span> <span class='ocrx_word' id='word_1_414' title='bbox 3451 2822 3608 2889; x_wconf 79' lang='grc' dir='ltr'>δόξης</span> <span class='ocrx_word' id='word_1_415' title='bbox 3642 2822 3783 2872; x_wconf 81' lang='grc' dir='ltr'>ἀπο-</span> 
     </span>
    </p>
   </div>
   <div class='ocr_carea' id='block_1_61' title="bbox 2212 2910 3777 2997">
    <p class='ocr_par' dir='ltr' id='par_1_61' title="bbox 2212 2910 3777 2997">
     <span class='ocr_line' id='line_1_61' title="bbox 2212 2910 3777 2997; baseline -0.014 -14"><span class='ocrx_word' id='word_1_416' title='bbox 2212 2929 2482 2983; x_wconf 88' lang='grc' dir='ltr'>λαύσωσιν</span> <span class='ocrx_word' id='word_1_417' title='bbox 2526 2926 2618 2997; x_wconf 70' lang='grc' dir='ltr'>ἔτη</span> <span class='ocrx_word' id='word_1_418' title='bbox 2667 2924 2836 2995; x_wconf 81' lang='grc' dir='ltr'>χίλια,</span> <span class='ocrx_word' id='word_1_419' title='bbox 2882 2922 2986 2975; x_wconf 76' lang='grc' dir='ltr'>καὶ</span> <span class='ocrx_word' id='word_1_420' title='bbox 3044 2919 3182 2990; x_wconf 79' lang='grc' dir='ltr'>μετὰ</span> <span class='ocrx_word' id='word_1_421' title='bbox 3211 2917 3369 2970; x_wconf 83' lang='grc' dir='ltr'>τοῦτο</span> <span class='ocrx_word' id='word_1_422' title='bbox 3417 2914 3515 2984; x_wconf 82' lang='grc' dir='ltr'><strong>τὴν</strong></span> <span class='ocrx_word' id='word_1_423' title='bbox 3545 2910 3777 2964; x_wconf 77' lang='grc' dir='ltr'>καθόλου</span> 
     </span>
    </p>
   </div>
   <div class='ocr_carea' id='block_1_62' title="bbox 557 2999 2134 3090">
    <p class='ocr_par' dir='ltr' id='par_1_62' title="bbox 557 3000 2111 3083">
     <span class='ocr_line' id='line_1_62' title="bbox 557 3000 2111 3083; baseline 0.015 -31"><span class='ocrx_word' id='word_1_424' title='bbox 557 3000 670 3053; x_wconf 86' lang='lat' dir='ltr'><strong>ﬁeri</strong></span> <span class='ocrx_word' id='word_1_425' title='bbox 703 3008 1153 3065; x_wconf 87' lang='lat' dir='ltr'><strong>resurrectionem</strong></span> <span class='ocrx_word' id='word_1_426' title='bbox 1197 3027 1303 3068; x_wconf 91' lang='lat' dir='ltr'><strong>non</strong></span> <span class='ocrx_word' id='word_1_427' title='bbox 1336 3014 1606 3083; x_wconf 76' lang='lat' dir='ltr'><strong>iustorum</strong></span> <span class='ocrx_word' id='word_1_428' title='bbox 1654 3025 1885 3083; x_wconf 84' lang='lat' dir='ltr'><strong>tantum,</strong></span> <span class='ocrx_word' id='word_1_429' title='bbox 1926 3020 2022 3075; x_wconf 91' lang='lat' dir='ltr'><strong>sed</strong></span> <span class='ocrx_word' id='word_1_430' title='bbox 2057 3031 2111 3075; x_wconf 88' lang='lat' dir='ltr'><strong>et</strong></span> 
     </span>
    </p>
   </div>
   <div class='ocr_carea' id='block_1_63' title="bbox 2218 2999 3782 3090">
    <p class='ocr_par' dir='ltr' id='par_1_63' title="bbox 2218 2999 3782 3090">
     <span class='ocr_line' id='line_1_63' title="bbox 2218 2999 3782 3090; baseline -0.014 -16"><span class='ocrx_word' id='word_1_431' title='bbox 2218 3021 2460 3090; x_wconf 85' lang='grc' dir='ltr'>γενέσθαι</span> <span class='ocrx_word' id='word_1_432' title='bbox 2515 3019 2808 3073; x_wconf 82' lang='grc' dir='ltr'>ἀνάστασιν</span> <span class='ocrx_word' id='word_1_433' title='bbox 2862 3014 2924 3067; x_wconf 82' lang='grc' dir='ltr'>οὐ</span> <span class='ocrx_word' id='word_1_434' title='bbox 2969 3010 3191 3066; x_wconf 85' lang='grc' dir='ltr'>δικαίων</span> <span class='ocrx_word' id='word_1_435' title='bbox 3256 3009 3437 3078; x_wconf 86' lang='grc' dir='ltr'>μόνον,</span> <span class='ocrx_word' id='word_1_436' title='bbox 3490 3002 3629 3058; x_wconf 77' lang='grc' dir='ltr'>ἀλλὰ</span> <span class='ocrx_word' id='word_1_437' title='bbox 3681 2999 3782 3090; x_wconf 76' lang='grc' dir='ltr'>καὶ</span> 
     </span>
    </p>
   </div>
   <div class='ocr_carea' id='block_1_64' title="bbox 555 3094 2113 3168">
    <p class='ocr_par' dir='ltr' id='par_1_64' title="bbox 555 3094 2113 3168">
     <span class='ocr_line' id='line_1_64' title="bbox 555 3094 2113 3168; baseline 0.014 -25"><span class='ocrx_word' id='word_1_438' title='bbox 555 3102 920 3157; x_wconf 85' lang='lat' dir='ltr'><strong>peccatorum.</strong></span> <span class='ocrx_word' id='word_1_439' title='bbox 957 3094 1144 3168; x_wconf 83' lang='lat' dir='ltr'><strong>Itaque</strong></span> <span class='ocrx_word' id='word_1_440' title='bbox 1174 3116 1298 3155; x_wconf 92' lang='lat' dir='ltr'><strong>cum</strong></span> <span class='ocrx_word' id='word_1_441' title='bbox 1339 3103 1475 3157; x_wconf 83' lang='lat' dir='ltr'><strong>nihil</strong></span> <span class='ocrx_word' id='word_1_442' title='bbox 1509 3106 1703 3159; x_wconf 90' lang='lat' dir='ltr'><strong>horum</strong></span> <span class='ocrx_word' id='word_1_443' title='bbox 1752 3108 1991 3163; x_wconf 82' lang='lat' dir='ltr'><strong>Ecclesia</strong></span> <span class='ocrx_word' id='word_1_444' title='bbox 2026 3125 2113 3165; x_wconf 86' lang='lat' dir='ltr'><strong>re-</strong></span> 
     </span>
    </p>
   </div>
   <div class='ocr_carea' id='block_1_65' title="bbox 557 3184 2112 3265">
    <p class='ocr_par' dir='ltr' id='par_1_65' title="bbox 557 3184 2112 3265">
     <span class='ocr_line' id='line_1_65' title="bbox 557 3184 2112 3265; baseline 0.013 -32"><span class='ocrx_word' id='word_1_445' title='bbox 557 3184 779 3249; x_wconf 82' lang='lat' dir='ltr'><strong>ceperit,</strong></span> <span class='ocrx_word' id='word_1_446' title='bbox 813 3200 1011 3240; x_wconf 87' lang='lat' dir='ltr'><strong>vanum</strong></span> <span class='ocrx_word' id='word_1_447' title='bbox 1039 3197 1123 3244; x_wconf 86' lang='lat' dir='ltr'><strong>est</strong></span> <span class='ocrx_word' id='word_1_448' title='bbox 1150 3192 1311 3245; x_wconf 90' lang='lat' dir='ltr'><strong>etiam</strong></span> <span class='ocrx_word' id='word_1_449' title='bbox 1337 3192 1389 3247; x_wconf 88' lang='lat' dir='ltr'><strong>id</strong></span> <span class='ocrx_word' id='word_1_450' title='bbox 1425 3194 1625 3249; x_wconf 91' lang='lat' dir='ltr'><strong>dicere.</strong></span> <span class='ocrx_word' id='word_1_451' title='bbox 1662 3195 1768 3250; x_wconf 74' lang='lat' dir='ltr'><strong>Nos</strong></span> <span class='ocrx_word' id='word_1_452' title='bbox 1802 3197 1965 3265; x_wconf 77' lang='lat' dir='ltr'><strong>igitur</strong></span> <span class='ocrx_word' id='word_1_453' title='bbox 1988 3215 2112 3253; x_wconf 89' lang='lat' dir='ltr'><strong>cum</strong></span> 
     </span>
    </p>
   </div>
   <div class='ocr_carea' id='block_1_66' title="bbox 559 3270 2111 3356">
    <p class='ocr_par' dir='ltr' id='par_1_66' title="bbox 559 3270 2111 3356">
     <span class='ocr_line' id='line_1_66' title="bbox 559 3270 2111 3356; baseline 0.014 -35"><span class='ocrx_word' id='word_1_454' title='bbox 559 3270 844 3326; x_wconf 88' lang='lat' dir='ltr'><strong>Dominum</strong></span> <span class='ocrx_word' id='word_1_455' title='bbox 893 3277 1178 3334; x_wconf 89' lang='lat' dir='ltr'><strong>audiamus</strong></span> <span class='ocrx_word' id='word_1_456' title='bbox 1221 3281 1486 3336; x_wconf 88' lang='lat' dir='ltr'><strong>dicentem</strong></span> <span class='ocrx_word' id='word_1_457' title='bbox 1539 3285 1888 3351; x_wconf 70' lang='lat' dir='ltr'><strong>Sadducaeis,</strong></span> <span class='ocrx_word' id='word_1_458' title='bbox 1939 3291 2111 3356; x_wconf 86' lang='lat' dir='ltr'><strong>quod,</strong></span> 
     </span>
    </p>
   </div>
   <div class='ocr_carea' id='block_1_67' title="bbox 563 3362 2117 3438">
    <p class='ocr_par' dir='ltr' id='par_1_67' title="bbox 563 3362 2117 3438">
     <span class='ocr_line' id='line_1_67' title="bbox 563 3362 2117 3438; baseline 0.015 -29"><span class='ocrx_word' id='word_1_459' title='bbox 563 3376 584 3409; x_wconf 74' lang='grc' dir='ltr'><strong>ι</strong></span> <span class='ocrx_word' id='word_1_460' title='bbox 635 3362 788 3415; x_wconf 78' lang='lat' dir='ltr'><strong>Sicut</strong></span> <span class='ocrx_word' id='word_1_461' title='bbox 830 3375 956 3418; x_wconf 88' lang='lat' dir='ltr'><strong>sunt</strong></span> <span class='ocrx_word' id='word_1_462' title='bbox 1006 3369 1181 3436; x_wconf 86' lang='lat' dir='ltr'><strong>angeli</strong></span> <span class='ocrx_word' id='word_1_463' title='bbox 1234 3370 1323 3424; x_wconf 88' lang='lat' dir='ltr'><strong>Dei</strong></span> <span class='ocrx_word' id='word_1_464' title='bbox 1394 3371 1448 3426; x_wconf 80' lang='lat' dir='ltr'><strong>in</strong></span> <span class='ocrx_word' id='word_1_465' title='bbox 1510 3375 1669 3438; x_wconf 75' lang='lat' dir='ltr'><strong>cmlo,</strong></span> <span class='ocrx_word' id='word_1_466' title='bbox 1729 3378 1800 3428; x_wconf 87' lang='lat' dir='ltr'><strong>ita</strong></span> <span class='ocrx_word' id='word_1_467' title='bbox 1855 3386 2014 3430; x_wconf 91' lang='lat' dir='ltr'><strong>erunt</strong></span> <span class='ocrx_word' id='word_1_468' title='bbox 2063 3388 2117 3432; x_wconf 91' lang='lat' dir='ltr'><strong>et</strong></span> 
     </span>
    </p>
   </div>
   <div class='ocr_carea' id='block_1_68' title="bbox 561 3453 2118 3533">
    <p class='ocr_par' dir='ltr' id='par_1_68' title="bbox 561 3453 2118 3533">
     <span class='ocr_line' id='line_1_68' title="bbox 561 3453 2118 3533; baseline 0.012 -28"><span class='ocrx_word' id='word_1_469' title='bbox 561 3453 731 3507; x_wconf 81' lang='lat' dir='ltr'><strong>sancti</strong></span> <span class='ocrx_word' id='word_1_470' title='bbox 765 3456 846 3507; x_wconf 87' lang='lat'><strong>&quot;:</strong></span> <span class='ocrx_word' id='word_1_471' title='bbox 886 3475 905 3506; x_wconf 86' lang='grc'><strong>›</strong></span> <span class='ocrx_word' id='word_1_472' title='bbox 943 3473 1066 3512; x_wconf 92' lang='lat' dir='ltr'><strong>cum</strong></span> <span class='ocrx_word' id='word_1_473' title='bbox 1106 3459 1267 3529; x_wconf 86' lang='lat' dir='ltr'><strong>etiam</strong></span> <span class='ocrx_word' id='word_1_474' title='bbox 1317 3462 1511 3517; x_wconf 81' lang='lat' dir='ltr'><strong>dixerit</strong></span> <span class='ocrx_word' id='word_1_475' title='bbox 1549 3466 1843 3533; x_wconf 80' lang='lat' dir='ltr'><strong>Apostolus</strong></span> <span class='ocrx_word' id='word_1_476' title='bbox 1875 3485 1888 3521; x_wconf 89' lang='lat'><strong>:</strong></span> <span class='ocrx_word' id='word_1_477' title='bbox 1935 3486 1954 3519; x_wconf 85' lang='lat' dir='ltr'><strong>t</strong></span> <span class='ocrx_word' id='word_1_478' title='bbox 2010 3468 2118 3524; x_wconf 80' lang='lat' dir='ltr'><strong>Re-</strong></span> 
     </span>
    </p>
   </div>
   <div class='ocr_carea' id='block_1_69' title="bbox 562 3543 2119 3628">
    <p class='ocr_par' dir='ltr' id='par_1_69' title="bbox 562 3543 2119 3628">
     <span class='ocr_line' id='line_1_69' title="bbox 562 3543 2119 3628; baseline 0.012 -34"><span class='ocrx_word' id='word_1_479' title='bbox 562 3561 726 3611; x_wconf 81' lang='lat' dir='ltr'><strong>gnum</strong></span> <span class='ocrx_word' id='word_1_480' title='bbox 759 3543 852 3599; x_wconf 88' lang='lat' dir='ltr'><strong>Dei</strong></span> <span class='ocrx_word' id='word_1_481' title='bbox 905 3563 1010 3601; x_wconf 92' lang='lat' dir='ltr'><strong>non</strong></span> <span class='ocrx_word' id='word_1_482' title='bbox 1043 3562 1124 3602; x_wconf 90' lang='lat' dir='ltr'><strong>est</strong></span> <span class='ocrx_word' id='word_1_483' title='bbox 1154 3551 1307 3606; x_wconf 90' lang='lat' dir='ltr'><strong>cibus</strong></span> <span class='ocrx_word' id='word_1_484' title='bbox 1344 3562 1397 3607; x_wconf 90' lang='lat' dir='ltr'><strong>et</strong></span> <span class='ocrx_word' id='word_1_485' title='bbox 1429 3563 1588 3622; x_wconf 84' lang='lat' dir='ltr'><strong>potus</strong></span> <span class='ocrx_word' id='word_1_486' title='bbox 1611 3556 1695 3610; x_wconf 70' lang='grc' dir='ltr'>πε</span> <span class='ocrx_word' id='word_1_487' title='bbox 1739 3575 1763 3626; x_wconf 67' lang='lat'><em>3</em></span> <span class='ocrx_word' id='word_1_488' title='bbox 1796 3545 2119 3628; x_wconf 66' lang='lat' dir='ltr'><strong>evangelicae</strong></span> 
     </span>
    </p>
   </div>
   <div class='ocr_carea' id='block_1_70' title="bbox 564 3634 2119 3718">
    <p class='ocr_par' dir='ltr' id='par_1_70' title="bbox 564 3634 2119 3718">
     <span class='ocr_line' id='line_1_70' title="bbox 564 3634 2119 3718; baseline 0.014 -35"><span class='ocrx_word' id='word_1_489' title='bbox 564 3634 962 3701; x_wconf 51' lang='lat' dir='ltr'><strong>praedicationis</strong></span> <span class='ocrx_word' id='word_1_490' title='bbox 996 3637 1336 3695; x_wconf 79' lang='lat' dir='ltr'><strong>durationem</strong></span> <span class='ocrx_word' id='word_1_491' title='bbox 1358 3680 1372 3704; x_wconf 93' lang='lat'><strong>,</strong></span> <span class='ocrx_word' id='word_1_492' title='bbox 1413 3644 1558 3698; x_wconf 92' lang='lat' dir='ltr'><strong>mille</strong></span> <span class='ocrx_word' id='word_1_493' title='bbox 1594 3659 1858 3701; x_wconf 90' lang='lat' dir='ltr'><strong>annorum</strong></span> <span class='ocrx_word' id='word_1_494' title='bbox 1908 3657 2119 3718; x_wconf 86' lang='lat' dir='ltr'><strong>tempus</strong></span> 
     </span>
    </p>
   </div>
   <div class='ocr_carea' id='block_1_71' title="bbox 563 3726 2120 3805">
    <p class='ocr_par' dir='ltr' id='par_1_71' title="bbox 563 3726 2120 3805">
     <span class='ocr_line' id='line_1_71' title="bbox 563 3726 2120 3805; baseline 0.011 -28"><span class='ocrx_word' id='word_1_495' title='bbox 563 3726 889 3794; x_wconf 89' lang='lat' dir='ltr'><strong>accepimus.</strong></span> <span class='ocrx_word' id='word_1_496' title='bbox 922 3727 1053 3782; x_wconf 84' lang='lat' dir='ltr'><strong>Nam</strong></span> <span class='ocrx_word' id='word_1_497' title='bbox 1088 3731 1250 3785; x_wconf 86' lang='lat' dir='ltr'><strong>veluti</strong></span> <span class='ocrx_word' id='word_1_498' title='bbox 1278 3743 1434 3788; x_wconf 83' lang='lat' dir='ltr'><strong>antea</strong></span> <span class='ocrx_word' id='word_1_499' title='bbox 1459 3736 1724 3805; x_wconf 90' lang='lat' dir='ltr'><strong>scriptum</strong></span> <span class='ocrx_word' id='word_1_500' title='bbox 1754 3746 1856 3800; x_wconf 89' lang='lat' dir='ltr'><strong>est,</strong></span> <span class='ocrx_word' id='word_1_501' title='bbox 1898 3754 2004 3793; x_wconf 90' lang='lat' dir='ltr'><strong>non</strong></span> <span class='ocrx_word' id='word_1_502' title='bbox 2037 3749 2120 3794; x_wconf 85' lang='lat' dir='ltr'><strong>est</strong></span> 
     </span>
    </p>
   </div>
   <div class='ocr_carea' id='block_1_72' title="bbox 565 3825 2118 3901">
    <p class='ocr_par' dir='ltr' id='par_1_72' title="bbox 565 3825 2118 3901">
     <span class='ocr_line' id='line_1_72' title="bbox 565 3825 2118 3901; baseline 0.011 -31"><span class='ocrx_word' id='word_1_503' title='bbox 565 3832 786 3872; x_wconf 87' lang='lat' dir='ltr'><strong>necesse</strong></span> <span class='ocrx_word' id='word_1_504' title='bbox 815 3836 880 3874; x_wconf 90' lang='lat' dir='ltr'><strong>eo</strong></span> <span class='ocrx_word' id='word_1_505' title='bbox 912 3837 1138 3879; x_wconf 90' lang='lat' dir='ltr'><strong>numero</strong></span> <span class='ocrx_word' id='word_1_506' title='bbox 1188 3825 1491 3898; x_wconf 77' lang='lat' dir='ltr'><strong>intelligere</strong></span> <span class='ocrx_word' id='word_1_507' title='bbox 1522 3827 1668 3883; x_wconf 89' lang='lat' dir='ltr'><strong>mille</strong></span> <span class='ocrx_word' id='word_1_508' title='bbox 1708 3845 1899 3885; x_wconf 80' lang='lat' dir='ltr'><strong>annos.</strong></span> <span class='ocrx_word' id='word_1_509' title='bbox 1934 3832 2118 3901; x_wconf 82' lang='lat' dir='ltr'><strong>Neque</strong></span> 
     </span>
    </p>
   </div>
   <div class='ocr_carea' id='block_1_73' title="bbox 562 3909 2119 3982">
    <p class='ocr_par' dir='ltr' id='par_1_73' title="bbox 562 3909 2119 3982">
     <span class='ocr_line' id='line_1_73' title="bbox 562 3909 2119 3982; baseline 0.009 -20"><span class='ocrx_word' id='word_1_510' title='bbox 562 3909 705 3962; x_wconf 79' lang='grc' dir='ltr'>οιιίιιι</span> <span class='ocrx_word' id='word_1_511' title='bbox 757 3910 882 3965; x_wconf 87' lang='lat' dir='ltr'><strong>illttd</strong></span> <span class='ocrx_word' id='word_1_512' title='bbox 926 3915 1068 3982; x_wconf 87' lang='lat' dir='ltr'><strong>quod</strong></span> <span class='ocrx_word' id='word_1_513' title='bbox 1119 3914 1171 3968; x_wconf 89' lang='lat' dir='ltr'><strong>itt</strong></span> <span class='ocrx_word' id='word_1_514' title='bbox 1200 3914 1440 3974; x_wconf 87' lang='lat' dir='ltr'><strong>Canticis</strong></span> <span class='ocrx_word' id='word_1_515' title='bbox 1467 3920 1672 3974; x_wconf 88' lang='lat' dir='ltr'><strong>dictum</strong></span> <span class='ocrx_word' id='word_1_516' title='bbox 1697 3932 1780 3976; x_wconf 90' lang='lat' dir='ltr'><strong>est</strong></span> <span class='ocrx_word' id='word_1_517' title='bbox 1814 3939 1826 3973; x_wconf 91' lang='lat'><strong>:</strong></span> <span class='ocrx_word' id='word_1_518' title='bbox 1869 3939 1887 3972; x_wconf 82' lang='grc' dir='ltr'><strong>ι</strong></span> <span class='ocrx_word' id='word_1_519' title='bbox 1917 3921 2119 3976; x_wconf 73' lang='grc' dir='ltr'>Ᾱιΐειει</span> 
     </span>
    </p>
   </div>
   <div class='ocr_carea' id='block_1_74' title="bbox 564 4001 2117 4080">
    <p class='ocr_par' dir='ltr' id='par_1_74' title="bbox 564 4001 2117 4080">
     <span class='ocr_line' id='line_1_74' title="bbox 564 4001 2117 4080; baseline 0.008 -28"><span class='ocrx_word' id='word_1_520' title='bbox 564 4016 661 4069; x_wconf 91' lang='lat' dir='ltr'><strong>pro</strong></span> <span class='ocrx_word' id='word_1_521' title='bbox 698 4001 872 4057; x_wconf 79' lang='lat' dir='ltr'><strong>fructu</strong></span> <span class='ocrx_word' id='word_1_522' title='bbox 905 4004 1024 4073; x_wconf 89' lang='lat' dir='ltr'><strong>ejus</strong></span> <span class='ocrx_word' id='word_1_523' title='bbox 1065 4004 1210 4060; x_wconf 85' lang='lat' dir='ltr'><strong>mille</strong></span> <span class='ocrx_word' id='word_1_524' title='bbox 1234 4018 1519 4079; x_wconf 88' lang='lat' dir='ltr'><strong>argenteos</strong></span> <span class='ocrx_word' id='word_1_525' title='bbox 1546 4012 1589 4042; x_wconf 81' lang='lat'><strong>”</strong></span> <span class='ocrx_word' id='word_1_526' title='bbox 1618 4028 1629 4063; x_wconf 92' lang='lat'><strong>:</strong></span> <span class='ocrx_word' id='word_1_527' title='bbox 1665 4030 1683 4062; x_wconf 81' lang='grc' dir='ltr'><strong>ι</strong></span> <span class='ocrx_word' id='word_1_528' title='bbox 1724 4026 2052 4080; x_wconf 84' lang='lat' dir='ltr'><strong>rursumque</strong></span> <span class='ocrx_word' id='word_1_529' title='bbox 2085 4027 2117 4065; x_wconf 88' lang='lat' dir='ltr'><strong>a</strong></span> 
     </span>
    </p>
   </div>
   <div class='ocr_carea' id='block_1_75' title="bbox 563 4088 2118 4168">
    <p class='ocr_par' dir='ltr' id='par_1_75' title="bbox 563 4088 2118 4168">
     <span class='ocr_line' id='line_1_75' title="bbox 563 4088 2118 4168; baseline 0.008 -27"><span class='ocrx_word' id='word_1_530' title='bbox 563 4088 874 4154; x_wconf 90' lang='lat' dir='ltr'><strong>Solomone,</strong></span> <span class='ocrx_word' id='word_1_531' title='bbox 926 4112 944 4142; x_wconf 84' lang='grc'><strong>‹</strong></span> <span class='ocrx_word' id='word_1_532' title='bbox 984 4092 1125 4148; x_wconf 78' lang='lat' dir='ltr'><strong>Mille</strong></span> <span class='ocrx_word' id='word_1_533' title='bbox 1169 4097 1244 4149; x_wconf 92' lang='lat' dir='ltr'><strong>tui</strong></span> <span class='ocrx_word' id='word_1_534' title='bbox 1277 4098 1484 4164; x_wconf 83' lang='lat' dir='ltr'><strong>paciﬁci</strong></span> <span class='ocrx_word' id='word_1_535' title='bbox 1535 4109 1589 4150; x_wconf 92' lang='lat' dir='ltr'><strong>et</strong></span> <span class='ocrx_word' id='word_1_536' title='bbox 1633 4100 1850 4152; x_wconf 89' lang='lat' dir='ltr'><strong>ducenti</strong></span> <span class='ocrx_word' id='word_1_537' title='bbox 1889 4099 1976 4153; x_wconf 88' lang='lat' dir='ltr'><strong>his</strong></span> <span class='ocrx_word' id='word_1_538' title='bbox 2023 4103 2118 4168; x_wconf 91' lang='lat' dir='ltr'><strong>qui</strong></span> 
     </span>
    </p>
   </div>
   <div class='ocr_carea' id='block_1_76' title="bbox 563 4183 2117 4255">
    <p class='ocr_par' dir='ltr' id='par_1_76' title="bbox 563 4183 2117 4255">
     <span class='ocr_line' id='line_1_76' title="bbox 563 4183 2117 4255; baseline 0.003 -18"><span class='ocrx_word' id='word_1_539' title='bbox 563 4184 879 4237; x_wconf 84' lang='lat' dir='ltr'><strong>custodiunt</strong></span> <span class='ocrx_word' id='word_1_540' title='bbox 915 4183 1147 4237; x_wconf 81' lang='lat' dir='ltr'><strong>fructum</strong></span> <span class='ocrx_word' id='word_1_541' title='bbox 1175 4185 1353 4248; x_wconf 72' lang='lat' dir='ltr'><strong>eius‘,</strong></span> <span class='ocrx_word' id='word_1_542' title='bbox 1407 4205 1425 4235; x_wconf 75' lang='grc' dir='ltr'><strong>ι</strong></span> <span class='ocrx_word' id='word_1_543' title='bbox 1465 4187 1610 4239; x_wconf 89' lang='lat' dir='ltr'><strong>hunc</strong></span> <span class='ocrx_word' id='word_1_544' title='bbox 1651 4186 1975 4255; x_wconf 80' lang='lat' dir='ltr'><strong>signiﬁcavit</strong></span> <span class='ocrx_word' id='word_1_545' title='bbox 2011 4203 2117 4241; x_wconf 88' lang='lat' dir='ltr'><strong>uu-</strong></span> 
     </span>
    </p>
   </div>
   <div class='ocr_carea' id='block_1_77' title="bbox 567 4274 2118 4349">
    <p class='ocr_par' dir='ltr' id='par_1_77' title="bbox 567 4274 2118 4349">
     <span class='ocr_line' id='line_1_77' title="bbox 567 4274 2118 4349; baseline 0.005 -23"><span class='ocrx_word' id='word_1_546' title='bbox 567 4290 799 4336; x_wconf 87' lang='lat' dir='ltr'><strong>merum,</strong></span> <span class='ocrx_word' id='word_1_547' title='bbox 833 4275 928 4328; x_wconf 91' lang='lat' dir='ltr'><strong>scd</strong></span> <span class='ocrx_word' id='word_1_548' title='bbox 959 4274 1360 4328; x_wconf 88' lang='lat' dir='ltr'><strong>multitudinem</strong></span> <span class='ocrx_word' id='word_1_549' title='bbox 1391 4287 1447 4330; x_wconf 84' lang='lat' dir='ltr'><strong>et</strong></span> <span class='ocrx_word' id='word_1_550' title='bbox 1478 4276 1912 4333; x_wconf 76' lang='lat' dir='ltr'><strong>fructiﬁcationis</strong></span> <span class='ocrx_word' id='word_1_551' title='bbox 1941 4279 2118 4349; x_wconf 81' lang='lat' dir='ltr'><strong>perfe-</strong></span> 
     </span>
    </p>
   </div>
   <div class='ocr_carea' id='block_1_78' title="bbox 2214 3088 3784 3182">
    <p class='ocr_par' dir='ltr' id='par_1_78' title="bbox 2214 3088 3784 3182">
     <span class='ocr_line' id='line_1_78' title="bbox 2214 3088 3784 3182; baseline -0.015 -16"><span class='ocrx_word' id='word_1_552' title='bbox 2214 3088 2571 3182; x_wconf 66' lang='grc' dir='ltr'>ἆμαρτωλῶν.</span> <span class='ocrx_word' id='word_1_553' title='bbox 2601 3107 2724 3159; x_wconf 80' lang='grc' dir='ltr'><strong>Ὀτι</strong></span> <span class='ocrx_word' id='word_1_554' title='bbox 2751 3103 2849 3173; x_wconf 71' lang='grc' dir='ltr'><strong>μὲν</strong></span> <span class='ocrx_word' id='word_1_555' title='bbox 2873 3097 2967 3156; x_wconf 85' lang='grc' dir='ltr'><strong>οῦν</strong></span> <span class='ocrx_word' id='word_1_556' title='bbox 3009 3099 3160 3153; x_wconf 74' lang='grc' dir='ltr'>οὐδὲν</span> <span class='ocrx_word' id='word_1_557' title='bbox 3189 3097 3392 3152; x_wconf 75' lang='grc' dir='ltr'>τούτων</span> <span class='ocrx_word' id='word_1_558' title='bbox 3410 3098 3445 3164; x_wconf 79' lang='grc' dir='ltr'><strong>ἡ</strong></span> <span class='ocrx_word' id='word_1_559' title='bbox 3482 3088 3784 3182; x_wconf 82' lang='grc' dir='ltr'>Ἐκκλησία</span> 
     </span>
    </p>
   </div>
   <div class='ocr_carea' id='block_1_79' title="bbox 2214 3181 3782 3265">
    <p class='ocr_par' dir='ltr' id='par_1_79' title="bbox 2214 3181 3782 3265">
     <span class='ocr_line' id='line_1_79' title="bbox 2214 3181 3782 3265; baseline -0.014 -12"><span class='ocrx_word' id='word_1_560' title='bbox 2214 3181 2481 3261; x_wconf 69' lang='grc' dir='ltr'>δέδεκται,</span> <span class='ocrx_word' id='word_1_561' title='bbox 2523 3195 2776 3265; x_wconf 89' lang='grc' dir='ltr'>περιττόν</span> <span class='ocrx_word' id='word_1_562' title='bbox 2826 3195 2941 3245; x_wconf 74' lang='grc' dir='ltr'>ἐστι</span> <span class='ocrx_word' id='word_1_563' title='bbox 2990 3188 3084 3242; x_wconf 76' lang='grc' dir='ltr'>καὶ</span> <span class='ocrx_word' id='word_1_564' title='bbox 3117 3187 3315 3254; x_wconf 71' lang='grc' dir='ltr'>λέγειν.</span> <span class='ocrx_word' id='word_1_565' title='bbox 3354 3184 3544 3251; x_wconf 76' lang='grc' dir='ltr'>Ἡμεῖς</span> <span class='ocrx_word' id='word_1_566' title='bbox 3596 3181 3782 3233; x_wconf 84' lang='grc' dir='ltr'>τοίνυν</span> 
     </span>
    </p>
   </div>
   <div class='ocr_carea' id='block_1_80' title="bbox 2215 3268 3783 3351">
    <p class='ocr_par' dir='ltr' id='par_1_80' title="bbox 2215 3268 3783 3351">
     <span class='ocr_line' id='line_1_80' title="bbox 2215 3268 3783 3351; baseline -0.016 -7"><span class='ocrx_word' id='word_1_567' title='bbox 2215 3288 2502 3348; x_wconf 74' lang='grc' dir='ltr'>ἀκούοντες</span> <span class='ocrx_word' id='word_1_568' title='bbox 2531 3283 2624 3336; x_wconf 86' lang='grc' dir='ltr'><strong>τοῦ</strong></span> <span class='ocrx_word' id='word_1_569' title='bbox 2670 3281 2874 3351; x_wconf 79' lang='grc' dir='ltr'>Κυρίου</span> <span class='ocrx_word' id='word_1_570' title='bbox 2921 3279 3057 3348; x_wconf 82' lang='grc' dir='ltr'>πρὸς</span> <span class='ocrx_word' id='word_1_571' title='bbox 3085 3278 3210 3337; x_wconf 81' lang='grc' dir='ltr'>τοὺς</span> <span class='ocrx_word' id='word_1_572' title='bbox 3249 3272 3637 3330; x_wconf 79' lang='grc' dir='ltr'>Σαδδουκαίους</span> <span class='ocrx_word' id='word_1_573' title='bbox 3689 3268 3783 3321; x_wconf 74' lang='grc' dir='ltr'>λί-</span> 
     </span>
    </p>
   </div>
   <div class='ocr_carea' id='block_1_81' title="bbox 2217 3359 3783 3446">
    <p class='ocr_par' dir='ltr' id='par_1_81' title="bbox 2217 3359 3783 3446">
     <span class='ocr_line' id='line_1_81' title="bbox 2217 3359 3783 3446; baseline -0.015 -15"><span class='ocrx_word' id='word_1_574' title='bbox 2217 3393 2428 3446; x_wconf 82' lang='grc' dir='ltr'>γοντος,</span> <span class='ocrx_word' id='word_1_575' title='bbox 2453 3377 2535 3428; x_wconf 81' lang='grc' dir='ltr'>ὅτι</span> <span class='ocrx_word' id='word_1_576' title='bbox 2572 3391 2590 3424; x_wconf 82' lang='lat' dir='ltr'><strong>t</strong></span> <span class='ocrx_word' id='word_1_577' title='bbox 2633 3373 2720 3432; x_wconf 81' lang='grc' dir='ltr'>Ὦς</span> <span class='ocrx_word' id='word_1_578' title='bbox 2743 3369 2962 3434; x_wconf 77' lang='grc' dir='ltr'>ἄγγελοι</span> <span class='ocrx_word' id='word_1_579' title='bbox 2989 3365 3083 3417; x_wconf 88' lang='grc' dir='ltr'><strong>τοῦ</strong></span> <span class='ocrx_word' id='word_1_580' title='bbox 3106 3362 3244 3416; x_wconf 82' lang='grc' dir='ltr'>Θεοῦ</span> <span class='ocrx_word' id='word_1_581' title='bbox 3265 3366 3324 3414; x_wconf 91' lang='grc' dir='ltr'><strong>ἐν</strong></span> <span class='ocrx_word' id='word_1_582' title='bbox 3344 3360 3578 3431; x_wconf 74' lang='grc' dir='ltr'>οὐρανῷ,</span> <span class='ocrx_word' id='word_1_583' title='bbox 3607 3359 3783 3419; x_wconf 83' lang='grc' dir='ltr'>οὓτως</span> 
     </span>
    </p>
   </div>
   <div class='ocr_carea' id='block_1_82' title="bbox 2217 3450 3779 3523">
    <p class='ocr_par' dir='ltr' id='par_1_82' title="bbox 2217 3450 3779 3523">
     <span class='ocr_line' id='line_1_82' title="bbox 2217 3450 3779 3523; baseline -0.014 -3"><span class='ocrx_word' id='word_1_584' title='bbox 2217 3469 2267 3520; x_wconf 87' lang='grc' dir='ltr'>οἱ</span> <span class='ocrx_word' id='word_1_585' title='bbox 2297 3466 2493 3518; x_wconf 87' lang='grc' dir='ltr'>δίκαιοι</span> <span class='ocrx_word' id='word_1_586' title='bbox 2525 3463 2761 3523; x_wconf 71' lang='grc' dir='ltr'>ἔσονται,</span> <span class='ocrx_word' id='word_1_587' title='bbox 2800 3475 2818 3507; x_wconf 75' lang='grc' dir='ltr'><strong>ι</strong></span> <span class='ocrx_word' id='word_1_588' title='bbox 2859 3458 2952 3509; x_wconf 75' lang='grc' dir='ltr'>καὶ</span> <span class='ocrx_word' id='word_1_589' title='bbox 2978 3453 3071 3508; x_wconf 88' lang='grc' dir='ltr'><strong>τοῦ</strong></span> <span class='ocrx_word' id='word_1_590' title='bbox 3118 3451 3439 3505; x_wconf 81' lang='grc' dir='ltr'>Ἀποστόλου</span> <span class='ocrx_word' id='word_1_591' title='bbox 3469 3450 3737 3518; x_wconf 82' lang='grc' dir='ltr'>φήσαντος</span> <span class='ocrx_word' id='word_1_592' title='bbox 3759 3486 3779 3510; x_wconf 95' lang='grc'><strong>,</strong></span> 
     </span>
    </p>
   </div>
   <div class='ocr_carea' id='block_1_83' title="bbox 2225 3538 3784 3623">
    <p class='ocr_par' dir='ltr' id='par_1_83' title="bbox 2225 3538 3784 3623">
     <span class='ocr_line' id='line_1_83' title="bbox 2225 3538 3784 3623; baseline -0.013 -13"><span class='ocrx_word' id='word_1_593' title='bbox 2225 3575 2243 3609; x_wconf 81' lang='grc' dir='ltr'><strong>ι</strong></span> <span class='ocrx_word' id='word_1_594' title='bbox 2292 3556 2358 3609; x_wconf 84' lang='grc' dir='ltr'><em>Ἦ</em></span> <span class='ocrx_word' id='word_1_595' title='bbox 2415 3551 2662 3623; x_wconf 81' lang='grc' dir='ltr'>βασιλεία</span> <span class='ocrx_word' id='word_1_596' title='bbox 2701 3546 2796 3601; x_wconf 90' lang='grc' dir='ltr'><strong>τοῦ</strong></span> <span class='ocrx_word' id='word_1_597' title='bbox 2845 3545 2980 3599; x_wconf 83' lang='grc' dir='ltr'>Θεοῦ</span> <span class='ocrx_word' id='word_1_598' title='bbox 3034 3544 3131 3598; x_wconf 70' lang='grc' dir='ltr'>οὐκ</span> <span class='ocrx_word' id='word_1_599' title='bbox 3167 3543 3282 3596; x_wconf 85' lang='grc' dir='ltr'>ἐστι</span> <span class='ocrx_word' id='word_1_600' title='bbox 3323 3539 3523 3612; x_wconf 80' lang='grc' dir='ltr'>βρῶσις</span> <span class='ocrx_word' id='word_1_601' title='bbox 3551 3538 3646 3593; x_wconf 70' lang='grc' dir='ltr'>καὶ</span> <span class='ocrx_word' id='word_1_602' title='bbox 3680 3539 3784 3590; x_wconf 87' lang='grc' dir='ltr'><strong>πό-</strong></span> 
     </span>
    </p>
   </div>
   <div class='ocr_carea' id='block_1_84' title="bbox 2220 3631 3783 3711">
    <p class='ocr_par' dir='ltr' id='par_1_84' title="bbox 2220 3631 3783 3711">
     <span class='ocr_line' id='line_1_84' title="bbox 2220 3631 3783 3711; baseline -0.013 -9"><span class='ocrx_word' id='word_1_603' title='bbox 2220 3665 2304 3711; x_wconf 89' lang='grc' dir='ltr'><strong>σις</strong></span> <span class='ocrx_word' id='word_1_604' title='bbox 2323 3665 2337 3679; x_wconf 87' lang='grc'><strong>·</strong></span> <span class='ocrx_word' id='word_1_605' title='bbox 2377 3665 2396 3699; x_wconf 78' lang='grc' dir='ltr'><strong>ι</strong></span> <span class='ocrx_word' id='word_1_606' title='bbox 2440 3645 2530 3699; x_wconf 78' lang='grc' dir='ltr'>τὸν</span> <span class='ocrx_word' id='word_1_607' title='bbox 2562 3643 2654 3696; x_wconf 88' lang='grc' dir='ltr'><strong>τοῦ</strong></span> <span class='ocrx_word' id='word_1_608' title='bbox 2682 3636 3035 3709; x_wconf 81' lang='grc' dir='ltr'>εὐαγγελικοῦ</span> <span class='ocrx_word' id='word_1_609' title='bbox 3077 3634 3432 3706; x_wconf 82' lang='grc' dir='ltr'>κηρύγματος</span> <span class='ocrx_word' id='word_1_610' title='bbox 3460 3633 3649 3702; x_wconf 74' lang='grc' dir='ltr'>χρόνον</span> <span class='ocrx_word' id='word_1_611' title='bbox 3679 3631 3783 3699; x_wconf 79' lang='grc' dir='ltr'>τὴν</span> 
     </span>
    </p>
   </div>
   <div class='ocr_carea' id='block_1_85' title="bbox 2219 3721 3782 3809">
    <p class='ocr_par' dir='ltr' id='par_1_85' title="bbox 2219 3721 3782 3809">
     <span class='ocr_line' id='line_1_85' title="bbox 2219 3721 3782 3809; baseline -0.013 -17"><span class='ocrx_word' id='word_1_612' title='bbox 2219 3738 2478 3809; x_wconf 85' lang='grc' dir='ltr'>χιλιετίαν</span> <span class='ocrx_word' id='word_1_613' title='bbox 2527 3733 2875 3802; x_wconf 78' lang='grc' dir='ltr'>ἐξελόιῦομεν.</span> <span class='ocrx_word' id='word_1_614' title='bbox 2918 3729 3004 3790; x_wconf 80' lang='grc' dir='ltr'>Ὦς</span> <span class='ocrx_word' id='word_1_615' title='bbox 3049 3729 3155 3799; x_wconf 83' lang='grc' dir='ltr'><strong>γὰρ</strong></span> <span class='ocrx_word' id='word_1_616' title='bbox 3191 3726 3628 3797; x_wconf 81' lang='grc' dir='ltr'>προγέγραπται,</span> <span class='ocrx_word' id='word_1_617' title='bbox 3677 3721 3782 3773; x_wconf 83' lang='grc' dir='ltr'>οὐκ</span> 
     </span>
    </p>
   </div>
   <div class='ocr_carea' id='block_1_86' title="bbox 2220 3811 3781 3900">
    <p class='ocr_par' dir='ltr' id='par_1_86' title="bbox 2220 3811 3781 3900">
     <span class='ocr_line' id='line_1_86' title="bbox 2220 3811 3781 3900; baseline -0.015 -14"><span class='ocrx_word' id='word_1_618' title='bbox 2220 3833 2432 3900; x_wconf 78' lang='grc' dir='ltr'>ἀνάγκη</span> <span class='ocrx_word' id='word_1_619' title='bbox 2472 3826 2706 3883; x_wconf 82' lang='grc' dir='ltr'>τοσαῦτα</span> <span class='ocrx_word' id='word_1_620' title='bbox 2742 3826 2819 3897; x_wconf 84' lang='grc' dir='ltr'>τῷ</span> <span class='ocrx_word' id='word_1_621' title='bbox 2861 3821 3079 3895; x_wconf 80' lang='grc' dir='ltr'>ἀριθμῷ</span> <span class='ocrx_word' id='word_1_622' title='bbox 3108 3822 3296 3890; x_wconf 71' lang='grc' dir='ltr'>νοῆσαι</span> <span class='ocrx_word' id='word_1_623' title='bbox 3344 3818 3414 3870; x_wconf 78' lang='grc' dir='ltr'>τὰ</span> <span class='ocrx_word' id='word_1_624' title='bbox 3445 3815 3610 3885; x_wconf 80' lang='grc' dir='ltr'>χίλια.</span> <span class='ocrx_word' id='word_1_625' title='bbox 3643 3811 3781 3864; x_wconf 79' lang='grc' dir='ltr'>Οὐδὲ</span> 
     </span>
    </p>
   </div>
   <div class='ocr_carea' id='block_1_87' title="bbox 2218 3906 3784 3992">
    <p class='ocr_par' dir='ltr' id='par_1_87' title="bbox 2218 3906 3784 3992">
     <span class='ocr_line' id='line_1_87' title="bbox 2218 3906 3784 3992; baseline -0.015 -16"><span class='ocrx_word' id='word_1_626' title='bbox 2218 3924 2325 3992; x_wconf 81' lang='grc' dir='ltr'>γὰρ</span> <span class='ocrx_word' id='word_1_627' title='bbox 2348 3921 2407 3975; x_wconf 81' lang='grc' dir='ltr'>τὸ</span> <span class='ocrx_word' id='word_1_628' title='bbox 2432 3922 2489 3973; x_wconf 88' lang='grc' dir='ltr'><strong>ἐν</strong></span> <span class='ocrx_word' id='word_1_629' title='bbox 2521 3921 2631 3980; x_wconf 79' lang='grc' dir='ltr'>τοῖς</span> <span class='ocrx_word' id='word_1_630' title='bbox 2662 3918 2936 3986; x_wconf 80' lang='grc' dir='ltr'>’ᾼσμασιν</span> <span class='ocrx_word' id='word_1_631' title='bbox 2967 3912 3313 3984; x_wconf 75' lang='grc' dir='ltr'>εἰρημένονοι</span> <span class='ocrx_word' id='word_1_632' title='bbox 3355 3906 3516 3975; x_wconf 76' lang='grc' dir='ltr'>Ἀνὴρ</span> <span class='ocrx_word' id='word_1_633' title='bbox 3540 3906 3693 3974; x_wconf 75' lang='grc' dir='ltr'>θήσει</span> <span class='ocrx_word' id='word_1_634' title='bbox 3722 3906 3784 3954; x_wconf 84' lang='grc' dir='ltr'><strong>ἐν</strong></span> 
     </span>
    </p>
   </div>
   <div class='ocr_carea' id='block_1_88' title="bbox 2220 3993 3779 4081">
    <p class='ocr_par' dir='ltr' id='par_1_88' title="bbox 2220 3993 3779 4081">
     <span class='ocr_line' id='line_1_88' title="bbox 2220 3993 3779 4081; baseline -0.013 -17"><span class='ocrx_word' id='word_1_635' title='bbox 2220 4011 2414 4081; x_wconf 88' lang='grc' dir='ltr'>καρπῷ</span> <span class='ocrx_word' id='word_1_636' title='bbox 2445 4009 2608 4062; x_wconf 81' lang='grc' dir='ltr'>αὑτοῦ</span> <span class='ocrx_word' id='word_1_637' title='bbox 2647 4007 2848 4075; x_wconf 86' lang='grc' dir='ltr'>χιλίους</span> <span class='ocrx_word' id='word_1_638' title='bbox 2875 4003 3170 4073; x_wconf 81' lang='grc' dir='ltr'>ἀργυρίους</span> <span class='ocrx_word' id='word_1_639' title='bbox 3191 4015 3205 4030; x_wconf 80' lang='grc'><em>’</em></span> <span class='ocrx_word' id='word_1_640' title='bbox 3245 4017 3263 4050; x_wconf 74' lang='grc' dir='ltr'><strong>ι</strong></span> <span class='ocrx_word' id='word_1_641' title='bbox 3298 3997 3394 4050; x_wconf 75' lang='grc' dir='ltr'>καὶ</span> <span class='ocrx_word' id='word_1_642' title='bbox 3429 3996 3611 4058; x_wconf 79' lang='grc' dir='ltr'>πάλιν,</span> <span class='ocrx_word' id='word_1_643' title='bbox 3649 4012 3668 4044; x_wconf 77' lang='lat' dir='ltr'><strong>t</strong></span> <span class='ocrx_word' id='word_1_644' title='bbox 3713 3993 3779 4044; x_wconf 85' lang='grc' dir='ltr'><strong>Οί</strong></span> 
     </span>
    </p>
   </div>
   <div class='ocr_carea' id='block_1_89' title="bbox 2220 4081 3781 4168">
    <p class='ocr_par' dir='ltr' id='par_1_89' title="bbox 2220 4081 3781 4168">
     <span class='ocr_line' id='line_1_89' title="bbox 2220 4081 3781 4168; baseline -0.013 -18"><span class='ocrx_word' id='word_1_645' title='bbox 2220 4101 2378 4168; x_wconf 86' lang='grc' dir='ltr'>χίλιοι</span> <span class='ocrx_word' id='word_1_646' title='bbox 2407 4096 2483 4164; x_wconf 83' lang='grc' dir='ltr'>τῷ</span> <span class='ocrx_word' id='word_1_647' title='bbox 2533 4094 2835 4162; x_wconf 81' lang='grc' dir='ltr'>Σολομῶντι</span> <span class='ocrx_word' id='word_1_648' title='bbox 2857 4132 2872 4156; x_wconf 91' lang='grc'><strong>,</strong></span> <span class='ocrx_word' id='word_1_649' title='bbox 2901 4093 2992 4141; x_wconf 66' lang='grc' dir='ltr'><strong>καὶ¹</strong></span> <span class='ocrx_word' id='word_1_650' title='bbox 3024 4090 3071 4140; x_wconf 76' lang='grc' dir='ltr'>οἱ</span> <span class='ocrx_word' id='word_1_651' title='bbox 3116 4086 3375 4138; x_wconf 84' lang='grc' dir='ltr'>διακόσιοι</span> <span class='ocrx_word' id='word_1_652' title='bbox 3413 4085 3522 4143; x_wconf 80' lang='grc' dir='ltr'>τοῖς</span> <span class='ocrx_word' id='word_1_653' title='bbox 3551 4081 3781 4149; x_wconf 81' lang='grc' dir='ltr'>τηροῦσι</span> 
     </span>
    </p>
   </div>
   <div class='ocr_carea' id='block_1_90' title="bbox 2221 4170 3779 4260">
    <p class='ocr_par' dir='ltr' id='par_1_90' title="bbox 2221 4170 3779 4260">
     <span class='ocr_line' id='line_1_90' title="bbox 2221 4170 3779 4260; baseline -0.012 -22"><span class='ocrx_word' id='word_1_654' title='bbox 2221 4188 2310 4238; x_wconf 75' lang='grc' dir='ltr'><strong>τὸν</strong></span> <span class='ocrx_word' id='word_1_655' title='bbox 2350 4185 2558 4260; x_wconf 73' lang='grc' dir='ltr'>καρπὸν</span> <span class='ocrx_word' id='word_1_656' title='bbox 2592 4182 2775 4246; x_wconf 87' lang='grc' dir='ltr'>αὐτοῦ,</span> <span class='ocrx_word' id='word_1_657' title='bbox 2814 4201 2832 4232; x_wconf 81' lang='grc' dir='ltr'><strong>ι</strong></span> <span class='ocrx_word' id='word_1_658' title='bbox 2869 4180 2958 4231; x_wconf 69' lang='grc' dir='ltr'><strong>τὸν</strong></span> <span class='ocrx_word' id='word_1_659' title='bbox 2995 4175 3227 4246; x_wconf 79' lang='grc' dir='ltr'>ἀριθμὸν</span> <span class='ocrx_word' id='word_1_660' title='bbox 3251 4172 3439 4225; x_wconf 83' lang='grc' dir='ltr'>τοῦτον</span> <span class='ocrx_word' id='word_1_661' title='bbox 3487 4170 3779 4260; x_wconf 72' lang='grc' dir='ltr'>ἐδήλωσεν,</span> 
     </span>
    </p>
   </div>
   <div class='ocr_carea' id='block_1_91' title="bbox 2224 4259 3785 4340">
    <p class='ocr_par' dir='ltr' id='par_1_91' title="bbox 2224 4259 3785 4340">
     <span class='ocr_line' id='line_1_91' title="bbox 2224 4259 3785 4340; baseline -0.01 -14"><span class='ocrx_word' id='word_1_662' title='bbox 2224 4276 2359 4326; x_wconf 73' lang='grc' dir='ltr'>ἀλλὰ</span> <span class='ocrx_word' id='word_1_663' title='bbox 2388 4259 2449 4326; x_wconf 59' lang='lat' dir='ltr'><strong>te</strong></span> <span class='ocrx_word' id='word_1_664' title='bbox 2474 4271 2672 4340; x_wconf 82' lang='grc' dir='ltr'>πλῆθος</span> <span class='ocrx_word' id='word_1_665' title='bbox 2694 4270 2787 4322; x_wconf 72' lang='grc' dir='ltr'>καὶ</span> <span class='ocrx_word' id='word_1_666' title='bbox 2815 4269 2874 4321; x_wconf 76' lang='grc' dir='ltr'>τὸ</span> <span class='ocrx_word' id='word_1_667' title='bbox 2894 4270 2950 4321; x_wconf 75' lang='grc' dir='ltr'><strong>ἐν</strong></span> <span class='ocrx_word' id='word_1_668' title='bbox 2984 4265 3326 4336; x_wconf 78' lang='grc' dir='ltr'>καρποφορίᾳ</span> <span class='ocrx_word' id='word_1_669' title='bbox 3347 4262 3568 4321; x_wconf 80' lang='grc' dir='ltr'>τέλειον,</span> <span class='ocrx_word' id='word_1_670' title='bbox 3593 4259 3785 4328; x_wconf 82' lang='grc' dir='ltr'>ὥσπερ</span> 
     </span>
    </p>
   </div>
   <div class='ocr_carea' id='block_1_92' title="bbox 569 4337 2134 4432">
    <p class='ocr_par' dir='ltr' id='par_1_92' title="bbox 569 4364 2123 4431">
     <span class='ocr_line' id='line_1_92' title="bbox 569 4364 2123 4431; baseline 0.006 -15"><span class='ocrx_word' id='word_1_671' title='bbox 569 4365 804 4416; x_wconf 89' lang='lat' dir='ltr'><strong>ctionem</strong></span> <span class='ocrx_word' id='word_1_672' title='bbox 842 4382 855 4416; x_wconf 88' lang='lat'><strong>:</strong></span> <span class='ocrx_word' id='word_1_673' title='bbox 908 4364 1364 4431; x_wconf 82' lang='lat' dir='ltr'><strong>quemadmodum</strong></span> <span class='ocrx_word' id='word_1_674' title='bbox 1397 4374 1448 4418; x_wconf 91' lang='lat' dir='ltr'><strong>et</strong></span> <span class='ocrx_word' id='word_1_675' title='bbox 1483 4367 1568 4421; x_wconf 87' lang='lat' dir='ltr'><strong>hic</strong></span> <span class='ocrx_word' id='word_1_676' title='bbox 1607 4368 1724 4422; x_wconf 89' lang='lat' dir='ltr'><strong>ﬁtlei</strong></span> <span class='ocrx_word' id='word_1_677' title='bbox 1776 4368 2123 4426; x_wconf 78' lang='lat' dir='ltr'><strong>fructiﬁcatio</strong></span> 
     </span>
    </p>
   </div>
   <div class='ocr_carea' id='block_1_93' title="bbox 2218 4337 3785 4432">
    <p class='ocr_par' dir='ltr' id='par_1_93' title="bbox 2226 4352 3785 4432">
     <span class='ocr_line' id='line_1_93' title="bbox 2226 4352 3785 4432; baseline -0.011 -16"><span class='ocrx_word' id='word_1_678' title='bbox 2226 4362 2501 4416; x_wconf 82' lang='grc' dir='ltr'>κάνταῦθα</span> <span class='ocrx_word' id='word_1_679' title='bbox 2535 4363 2569 4432; x_wconf 71' lang='grc' dir='ltr'>ἡ</span> <span class='ocrx_word' id='word_1_680' title='bbox 2599 4364 2655 4416; x_wconf 86' lang='grc' dir='ltr'><strong>ἐν</strong></span> <span class='ocrx_word' id='word_1_681' title='bbox 2685 4359 2982 4428; x_wconf 82' lang='grc' dir='ltr'>τελειότητι</span> <span class='ocrx_word' id='word_1_682' title='bbox 3024 4355 3370 4426; x_wconf 72' lang='grc' dir='ltr'>καρποφορίι</span> <span class='ocrx_word' id='word_1_683' title='bbox 3418 4352 3517 4420; x_wconf 80' lang='grc' dir='ltr'>τῆς</span> <span class='ocrx_word' id='word_1_684' title='bbox 3547 4353 3785 4409; x_wconf 80' lang='grc' dir='ltr'>πίστεως</span> 
     </span>
    </p>
   </div>
   <div class='ocr_carea' id='block_1_94' title="bbox 572 4452 2124 4530">
    <p class='ocr_par' dir='ltr' id='par_1_94' title="bbox 572 4452 2124 4530">
     <span class='ocr_line' id='line_1_94' title="bbox 572 4452 2124 4530; baseline 0.005 -24"><span class='ocrx_word' id='word_1_685' title='bbox 572 4453 628 4506; x_wconf 90' lang='lat' dir='ltr'><strong>in</strong></span> <span class='ocrx_word' id='word_1_686' title='bbox 665 4452 991 4518; x_wconf 81' lang='lat' dir='ltr'><strong>perfectione</strong></span> <span class='ocrx_word' id='word_1_687' title='bbox 1030 4453 1388 4522; x_wconf 73' lang='lat' dir='ltr'><strong>signiﬁcatur,</strong></span> <span class='ocrx_word' id='word_1_688' title='bbox 1439 4467 1558 4524; x_wconf 78' lang='lat' dir='ltr'><strong>post</strong></span> <span class='ocrx_word' id='word_1_689' title='bbox 1606 4473 1767 4526; x_wconf 92' lang='lat' dir='ltr'><strong>quam</strong></span> <span class='ocrx_word' id='word_1_690' title='bbox 1810 4458 1972 4514; x_wconf 89' lang='lat' dir='ltr'><strong>homo</strong></span> <span class='ocrx_word' id='word_1_691' title='bbox 2002 4475 2124 4530; x_wconf 82' lang='lat' dir='ltr'><strong>per-</strong></span> 
     </span>
    </p>
   </div>
   <div class='ocr_carea' id='block_1_95' title="bbox 574 4541 2127 4619">
    <p class='ocr_par' dir='ltr' id='par_1_95' title="bbox 574 4541 2127 4619">
     <span class='ocr_line' id='line_1_95' title="bbox 574 4541 2127 4619; baseline 0.006 -25"><span class='ocrx_word' id='word_1_692' title='bbox 574 4541 826 4604; x_wconf 88' lang='lat' dir='ltr'><strong>ditionis,</strong></span> <span class='ocrx_word' id='word_1_693' title='bbox 896 4544 1036 4596; x_wconf 89' lang='lat' dir='ltr'><strong>ﬁlius</strong></span> <span class='ocrx_word' id='word_1_694' title='bbox 1093 4545 1394 4614; x_wconf 84' lang='lat' dir='ltr'><strong>iniquitatis</strong></span> <span class='ocrx_word' id='word_1_695' title='bbox 1449 4550 1660 4615; x_wconf 85' lang='lat' dir='ltr'><strong>veniet,</strong></span> <span class='ocrx_word' id='word_1_696' title='bbox 1712 4559 1767 4604; x_wconf 89' lang='lat' dir='ltr'><strong>ttt</strong></span> <span class='ocrx_word' id='word_1_697' title='bbox 1813 4549 2127 4619; x_wconf 77' lang='lat' dir='ltr'><strong>iudicentur</strong></span> 
     </span>
    </p>
   </div>
   <div class='ocr_carea' id='block_1_96' title="bbox 577 4637 2127 4706">
    <p class='ocr_par' dir='ltr' id='par_1_96' title="bbox 577 4637 2127 4706">
     <span class='ocr_line' id='line_1_96' title="bbox 577 4637 2127 4706; baseline 0.008 -21"><span class='ocrx_word' id='word_1_698' title='bbox 577 4647 766 4688; x_wconf 85' lang='lat' dir='ltr'><strong>omnes</strong></span> <span class='ocrx_word' id='word_1_699' title='bbox 803 4637 895 4703; x_wconf 91' lang='lat' dir='ltr'><strong>qui</strong></span> <span class='ocrx_word' id='word_1_700' title='bbox 939 4653 1042 4689; x_wconf 89' lang='lat' dir='ltr'><strong>non</strong></span> <span class='ocrx_word' id='word_1_701' title='bbox 1077 4639 1421 4693; x_wconf 84' lang='lat' dir='ltr'><strong>crediderunt</strong></span> <span class='ocrx_word' id='word_1_702' title='bbox 1450 4643 1683 4706; x_wconf 81' lang='lat' dir='ltr'><strong>veritati,</strong></span> <span class='ocrx_word' id='word_1_703' title='bbox 1716 4644 1806 4697; x_wconf 83' lang='lat' dir='ltr'><strong>sed</strong></span> <span class='ocrx_word' id='word_1_704' title='bbox 1836 4658 2127 4700; x_wconf 85' lang='lat' dir='ltr'><strong>consense—</strong></span> 
     </span>
    </p>
   </div>
   <div class='ocr_carea' id='block_1_97' title="bbox 579 4725 2124 4802">
    <p class='ocr_par' dir='ltr' id='par_1_97' title="bbox 579 4725 2124 4802">
     <span class='ocr_line' id='line_1_97' title="bbox 579 4725 2124 4802; baseline 0.008 -26"><span class='ocrx_word' id='word_1_705' title='bbox 579 4733 706 4776; x_wconf 84' lang='lat' dir='ltr'><strong>runt</strong></span> <span class='ocrx_word' id='word_1_706' title='bbox 734 4725 996 4794; x_wconf 86' lang='lat' dir='ltr'><strong>iniquitati</strong></span> <span class='ocrx_word' id='word_1_707' title='bbox 1023 4733 1174 4794; x_wconf 77' lang='lat' dir='ltr'><strong>juxta</strong></span> <span class='ocrx_word' id='word_1_708' title='bbox 1202 4733 1513 4800; x_wconf 79' lang='lat' dir='ltr'><strong>Apostolum</strong></span> <span class='ocrx_word' id='word_1_709' title='bbox 1539 4743 1590 4787; x_wconf 89' lang='lat' dir='ltr'><strong>et</strong></span> <span class='ocrx_word' id='word_1_710' title='bbox 1617 4735 1766 4802; x_wconf 74' lang='lat' dir='ltr'><strong>juxta</strong></span> <span class='ocrx_word' id='word_1_711' title='bbox 1791 4735 2124 4790; x_wconf 89' lang='lat' dir='ltr'><strong>Dominicunt</strong></span> 
     </span>
    </p>
   </div>
   <div class='ocr_carea' id='block_1_98' title="bbox 579 4814 2126 4890">
    <p class='ocr_par' dir='ltr' id='par_1_98' title="bbox 579 4814 2126 4890">
     <span class='ocr_line' id='line_1_98' title="bbox 579 4814 2126 4890; baseline 0.01 -25"><span class='ocrx_word' id='word_1_712' title='bbox 579 4814 857 4868; x_wconf 86' lang='lat' dir='ltr'><strong>oraculum</strong></span> <span class='ocrx_word' id='word_1_713' title='bbox 893 4834 998 4882; x_wconf 84' lang='lat' dir='ltr'><strong>quo</strong></span> <span class='ocrx_word' id='word_1_714' title='bbox 1029 4821 1204 4871; x_wconf 76' lang='lat' dir='ltr'><strong>dixit:</strong></span> <span class='ocrx_word' id='word_1_715' title='bbox 1249 4841 1263 4871; x_wconf 83' lang='lat' dir='ltr'><strong>t</strong></span> <span class='ocrx_word' id='word_1_716' title='bbox 1315 4821 1424 4890; x_wconf 77' lang='lat' dir='ltr'><strong>Ego</strong></span> <span class='ocrx_word' id='word_1_717' title='bbox 1457 4825 1574 4876; x_wconf 77' lang='lat' dir='ltr'><strong>veni</strong></span> <span class='ocrx_word' id='word_1_718' title='bbox 1612 4827 1661 4876; x_wconf 91' lang='lat' dir='ltr'><strong>in</strong></span> <span class='ocrx_word' id='word_1_719' title='bbox 1706 4828 1922 4881; x_wconf 87' lang='lat' dir='ltr'><strong>nomine</strong></span> <span class='ocrx_word' id='word_1_720' title='bbox 1952 4827 2126 4881; x_wconf 85' lang='lat' dir='ltr'><strong>Patris</strong></span> 
     </span>
    </p>
   </div>
   <div class='ocr_carea' id='block_1_99' title="bbox 579 4905 2128 4976">
    <p class='ocr_par' dir='ltr' id='par_1_99' title="bbox 579 4905 2128 4976">
     <span class='ocr_line' id='line_1_99' title="bbox 579 4905 2128 4976; baseline 0.01 -18"><span class='ocrx_word' id='word_1_721' title='bbox 579 4905 710 4969; x_wconf 90' lang='lat' dir='ltr'><strong>mei,</strong></span> <span class='ocrx_word' id='word_1_722' title='bbox 740 4915 794 4959; x_wconf 89' lang='lat' dir='ltr'><strong>ct</strong></span> <span class='ocrx_word' id='word_1_723' title='bbox 840 4922 945 4959; x_wconf 92' lang='lat' dir='ltr'><strong>non</strong></span> <span class='ocrx_word' id='word_1_724' title='bbox 1000 4912 1278 4976; x_wconf 84' lang='lat' dir='ltr'><strong>recepistis</strong></span> <span class='ocrx_word' id='word_1_725' title='bbox 1311 4931 1392 4966; x_wconf 85' lang='lat' dir='ltr'><strong>me</strong></span> <span class='ocrx_word' id='word_1_726' title='bbox 1437 4936 1447 4968; x_wconf 90' lang='lat'>:</span> <span class='ocrx_word' id='word_1_727' title='bbox 1500 4917 1638 4970; x_wconf 87' lang='lat' dir='ltr'><strong>alius</strong></span> <span class='ocrx_word' id='word_1_728' title='bbox 1681 4919 1858 4972; x_wconf 78' lang='lat' dir='ltr'><strong>veniet</strong></span> <span class='ocrx_word' id='word_1_729' title='bbox 1908 4921 2128 4973; x_wconf 87' lang='lat' dir='ltr'><strong>nomine</strong></span> 
     </span>
    </p>
   </div>
   <div class='ocr_carea' id='block_1_100' title="bbox 577 4996 2122 5077">
    <p class='ocr_par' dir='ltr' id='par_1_100' title="bbox 577 4996 2122 5077">
     <span class='ocr_line' id='line_1_100' title="bbox 577 4996 2122 5077; baseline 0.01 -30"><span class='ocrx_word' id='word_1_730' title='bbox 577 4996 815 5065; x_wconf 87' lang='lat' dir='ltr'><strong>proprio,</strong></span> <span class='ocrx_word' id='word_1_731' title='bbox 838 5008 891 5050; x_wconf 91' lang='lat' dir='ltr'><strong>et</strong></span> <span class='ocrx_word' id='word_1_732' title='bbox 920 4998 1065 5050; x_wconf 90' lang='lat' dir='ltr'><strong>illum</strong></span> <span class='ocrx_word' id='word_1_733' title='bbox 1089 5002 1360 5069; x_wconf 52' lang='lat' dir='ltr'><strong>accipietis</strong></span> <span class='ocrx_word' id='word_1_734' title='bbox 1379 5006 1418 5054; x_wconf 82' lang='grc'><strong>².</strong></span> <span class='ocrx_word' id='word_1_735' title='bbox 1451 5025 1467 5054; x_wconf 74' lang='grc' dir='ltr'><strong>ι</strong></span> <span class='ocrx_word' id='word_1_736' title='bbox 1499 5006 1644 5061; x_wconf 91' lang='lat' dir='ltr'><strong>Tunc</strong></span> <span class='ocrx_word' id='word_1_737' title='bbox 1665 5024 1812 5077; x_wconf 86' lang='lat' dir='ltr'><strong>ergo,</strong></span> <span class='ocrx_word' id='word_1_738' title='bbox 1841 5019 1898 5061; x_wconf 89' lang='lat' dir='ltr'><strong>ut</strong></span> <span class='ocrx_word' id='word_1_739' title='bbox 1921 5010 2122 5064; x_wconf 83' lang='lat' dir='ltr'><strong>dictum</strong></span> 
     </span>
    </p>
   </div>
   <div class='ocr_carea' id='block_1_101' title="bbox 579 5091 2125 5162">
    <p class='ocr_par' dir='ltr' id='par_1_101' title="bbox 579 5091 2125 5162">
     <span class='ocr_line' id='line_1_101' title="bbox 579 5091 2125 5162; baseline 0.008 -21"><span class='ocrx_word' id='word_1_740' title='bbox 579 5099 682 5153; x_wconf 86' lang='lat' dir='ltr'><strong>est.</strong></span> <span class='ocrx_word' id='word_1_741' title='bbox 705 5091 914 5143; x_wconf 89' lang='lat' dir='ltr'><strong>solutus</strong></span> <span class='ocrx_word' id='word_1_742' title='bbox 950 5092 1180 5146; x_wconf 61' lang='lat' dir='ltr'><strong>Salinas</strong></span> <span class='ocrx_word' id='word_1_743' title='bbox 1203 5093 1271 5145; x_wconf 88' lang='lat' dir='ltr'><strong>de</strong></span> <span class='ocrx_word' id='word_1_744' title='bbox 1303 5108 1516 5148; x_wconf 75' lang='lat' dir='ltr'><strong>carcere</strong></span> <span class='ocrx_word' id='word_1_745' title='bbox 1543 5114 1663 5162; x_wconf 90' lang='lat' dir='ltr'><strong>suo,</strong></span> <span class='ocrx_word' id='word_1_746' title='bbox 1695 5101 1912 5153; x_wconf 85' lang='lat' dir='ltr'><strong>seducet</strong></span> <span class='ocrx_word' id='word_1_747' title='bbox 1939 5116 2125 5154; x_wconf 82' lang='lat' dir='ltr'><strong>omnes</strong></span> 
     </span>
    </p>
   </div>
   <div class='ocr_carea' id='block_1_102' title="bbox 581 5179 2123 5249">
    <p class='ocr_par' dir='ltr' id='par_1_102' title="bbox 581 5179 2123 5249">
     <span class='ocr_line' id='line_1_102' title="bbox 581 5179 2123 5249; baseline 0.007 -18"><span class='ocrx_word' id='word_1_748' title='bbox 581 5187 807 5245; x_wconf 84' lang='lat' dir='ltr'><strong>gentes:</strong></span> <span class='ocrx_word' id='word_1_749' title='bbox 853 5189 904 5232; x_wconf 89' lang='lat' dir='ltr'><strong>et</strong></span> <span class='ocrx_word' id='word_1_750' title='bbox 946 5179 1060 5249; x_wconf 78' lang='lat' dir='ltr'><strong>Gog</strong></span> <span class='ocrx_word' id='word_1_751' title='bbox 1091 5191 1144 5234; x_wconf 92' lang='lat' dir='ltr'><strong>et</strong></span> <span class='ocrx_word' id='word_1_752' title='bbox 1188 5180 1378 5248; x_wconf 77' lang='lat' dir='ltr'><strong>Magog</strong></span> <span class='ocrx_word' id='word_1_753' title='bbox 1428 5187 1662 5240; x_wconf 79' lang='lat' dir='ltr'><strong>movebit</strong></span> <span class='ocrx_word' id='word_1_754' title='bbox 1707 5188 1772 5241; x_wconf 86' lang='lat' dir='ltr'><strong>ad</strong></span> <span class='ocrx_word' id='word_1_755' title='bbox 1824 5191 2017 5242; x_wconf 88' lang='lat' dir='ltr'><strong>bellum</strong></span> <span class='ocrx_word' id='word_1_756' title='bbox 2061 5192 2123 5244; x_wconf 87' lang='lat' dir='ltr'><strong>atl</strong></span> 
     </span>
    </p>
   </div>
   <div class='ocr_carea' id='block_1_103' title="bbox 582 5269 1165 5325">
    <p class='ocr_par' dir='ltr' id='par_1_103' title="bbox 582 5269 1165 5325">
     <span class='ocr_line' id='line_1_103' title="bbox 582 5269 1165 5325; baseline 0.007 -4"><span class='ocrx_word' id='word_1_757' title='bbox 582 5269 730 5322; x_wconf 85' lang='lat' dir='ltr'><strong>orbis</strong></span> <span class='ocrx_word' id='word_1_758' title='bbox 758 5269 1165 5325; x_wconf 82' lang='lat' dir='ltr'><strong>desolationem.</strong></span> 
     </span>
    </p>
   </div>
   <div class='ocr_carea' id='block_1_104' title="bbox 2224 4438 3784 4524">
    <p class='ocr_par' dir='ltr' id='par_1_104' title="bbox 2224 4438 3784 4524">
     <span class='ocr_line' id='line_1_104' title="bbox 2224 4438 3784 4524; baseline -0.011 -18"><span class='ocrx_word' id='word_1_759' title='bbox 2224 4455 2579 4524; x_wconf 77' lang='grc' dir='ltr'>σημαίνεται·</span> <span class='ocrx_word' id='word_1_760' title='bbox 2611 4451 2728 4520; x_wconf 73' lang='grc' dir='ltr'>μεθ’</span> <span class='ocrx_word' id='word_1_761' title='bbox 2767 4452 2831 4520; x_wconf 82' lang='grc' dir='ltr'>ἠν</span> <span class='ocrx_word' id='word_1_762' title='bbox 2859 4451 2887 4502; x_wconf 84' lang='grc' dir='ltr'>ὀ</span> <span class='ocrx_word' id='word_1_763' title='bbox 2925 4449 3037 4512; x_wconf 85' lang='grc' dir='ltr'>υἱὸς</span> <span class='ocrx_word' id='word_1_764' title='bbox 3065 4449 3163 4518; x_wconf 79' lang='grc' dir='ltr'>τῆς</span> <span class='ocrx_word' id='word_1_765' title='bbox 3190 4444 3486 4506; x_wconf 76' lang='grc' dir='ltr'>ἀπωλείας,</span> <span class='ocrx_word' id='word_1_766' title='bbox 3520 4444 3547 4494; x_wconf 83' lang='grc' dir='ltr'>ὁ</span> <span class='ocrx_word' id='word_1_767' title='bbox 3573 4438 3784 4509; x_wconf 78' lang='grc' dir='ltr'>ἅνθρωο</span> 
     </span>
    </p>
   </div>
   <div class='ocr_carea' id='block_1_105' title="bbox 2225 4531 3786 4614">
    <p class='ocr_par' dir='ltr' id='par_1_105' title="bbox 2225 4531 3786 4614">
     <span class='ocr_line' id='line_1_105' title="bbox 2225 4531 3786 4614; baseline -0.012 -15"><span class='ocrx_word' id='word_1_768' title='bbox 2225 4565 2324 4609; x_wconf 79' lang='grc' dir='ltr'><strong>πος</strong></span> <span class='ocrx_word' id='word_1_769' title='bbox 2367 4548 2463 4614; x_wconf 77' lang='grc' dir='ltr'>τῆς</span> <span class='ocrx_word' id='word_1_770' title='bbox 2511 4542 2724 4608; x_wconf 82' lang='grc' dir='ltr'>ἀδικίας</span> <span class='ocrx_word' id='word_1_771' title='bbox 2774 4543 3073 4603; x_wconf 75' lang='grc' dir='ltr'>ἐλεύσεται,</span> <span class='ocrx_word' id='word_1_772' title='bbox 3112 4541 3198 4593; x_wconf 80' lang='grc' dir='ltr'><strong>ἴνα</strong></span> <span class='ocrx_word' id='word_1_773' title='bbox 3243 4536 3472 4607; x_wconf 82' lang='grc' dir='ltr'>κριθῶσι</span> <span class='ocrx_word' id='word_1_774' title='bbox 3504 4534 3704 4593; x_wconf 81' lang='grc' dir='ltr'>πάντες</span> <span class='ocrx_word' id='word_1_775' title='bbox 3733 4531 3786 4582; x_wconf 87' lang='grc' dir='ltr'><strong>οί</strong></span> 
     </span>
    </p>
   </div>
   <div class='ocr_carea' id='block_1_106' title="bbox 2229 4627 3786 4712">
    <p class='ocr_par' dir='ltr' id='par_1_106' title="bbox 2229 4627 3786 4712">
     <span class='ocr_line' id='line_1_106' title="bbox 2229 4627 3786 4712; baseline -0.012 -19"><span class='ocrx_word' id='word_1_776' title='bbox 2229 4642 2302 4712; x_wconf 84' lang='grc' dir='ltr'>μὴ</span> <span class='ocrx_word' id='word_1_777' title='bbox 2327 4639 2713 4702; x_wconf 78' lang='grc' dir='ltr'>πιστεύσαντες</span> <span class='ocrx_word' id='word_1_778' title='bbox 2741 4642 2807 4710; x_wconf 76' lang='grc' dir='ltr'><strong>τῇ</strong></span> <span class='ocrx_word' id='word_1_779' title='bbox 2836 4636 3080 4706; x_wconf 78' lang='grc' dir='ltr'>ἀληθείᾳ,</span> <span class='ocrx_word' id='word_1_780' title='bbox 3107 4634 3239 4688; x_wconf 75' lang='grc' dir='ltr'>ἀλλὰ</span> <span class='ocrx_word' id='word_1_781' title='bbox 3261 4631 3433 4700; x_wconf 78' lang='grc' dir='ltr'>ταύτῃ</span> <span class='ocrx_word' id='word_1_782' title='bbox 3457 4627 3786 4694; x_wconf 75' lang='grc' dir='ltr'>εὐδοκήσαν-</span> 
     </span>
    </p>
   </div>
   <div class='ocr_carea' id='block_1_107' title="bbox 2230 4716 3784 4797">
    <p class='ocr_par' dir='ltr' id='par_1_107' title="bbox 2230 4716 3784 4797">
     <span class='ocr_line' id='line_1_107' title="bbox 2230 4716 3784 4797; baseline -0.016 -8"><span class='ocrx_word' id='word_1_783' title='bbox 2230 4753 2342 4797; x_wconf 84' lang='grc' dir='ltr'>τες,</span> <span class='ocrx_word' id='word_1_784' title='bbox 2372 4733 2509 4787; x_wconf 73' lang='grc' dir='ltr'>κατὰ</span> <span class='ocrx_word' id='word_1_785' title='bbox 2541 4733 2630 4785; x_wconf 74' lang='grc' dir='ltr'><strong>τὸν</strong></span> <span class='ocrx_word' id='word_1_786' title='bbox 2682 4731 3021 4794; x_wconf 80' lang='grc' dir='ltr'>Ἀπόστολον,</span> <span class='ocrx_word' id='word_1_787' title='bbox 3061 4729 3154 4780; x_wconf 74' lang='grc' dir='ltr'>καὶ</span> <span class='ocrx_word' id='word_1_788' title='bbox 3196 4724 3337 4779; x_wconf 79' lang='grc' dir='ltr'>κατὰ</span> <span class='ocrx_word' id='word_1_789' title='bbox 3370 4723 3430 4776; x_wconf 83' lang='grc' dir='ltr'>τὸ</span> <span class='ocrx_word' id='word_1_790' title='bbox 3455 4716 3784 4772; x_wconf 69' lang='grc' dir='ltr'>Δεσποτικὺν</span> 
     </span>
    </p>
   </div>
   <div class='ocr_carea' id='block_1_108' title="bbox 2233 4804 3784 4893">
    <p class='ocr_par' dir='ltr' id='par_1_108' title="bbox 2233 4804 3784 4893">
     <span class='ocr_line' id='line_1_108' title="bbox 2233 4804 3784 4893; baseline -0.014 -14"><span class='ocrx_word' id='word_1_791' title='bbox 2233 4827 2408 4892; x_wconf 84' lang='grc' dir='ltr'>λόγιον</span> <span class='ocrx_word' id='word_1_792' title='bbox 2436 4825 2612 4893; x_wconf 79' lang='grc' dir='ltr'>φῆσαν</span> <span class='ocrx_word' id='word_1_793' title='bbox 2631 4840 2642 4850; x_wconf 91' lang='grc'><strong>·</strong></span> <span class='ocrx_word' id='word_1_794' title='bbox 2687 4842 2705 4872; x_wconf 83' lang='lat' dir='ltr'><strong>t</strong></span> <span class='ocrx_word' id='word_1_795' title='bbox 2755 4821 2894 4888; x_wconf 79' lang='grc' dir='ltr'><strong>Ἐγὼ</strong></span> <span class='ocrx_word' id='word_1_796' title='bbox 2940 4818 3172 4888; x_wconf 76' lang='grc' dir='ltr'>ἐλήλυθα</span> <span class='ocrx_word' id='word_1_797' title='bbox 3199 4817 3291 4869; x_wconf 73' lang='grc' dir='ltr'>ἐπὶ</span> <span class='ocrx_word' id='word_1_798' title='bbox 3329 4813 3407 4882; x_wconf 82' lang='grc' dir='ltr'><strong>τῷ</strong></span> <span class='ocrx_word' id='word_1_799' title='bbox 3437 4812 3660 4880; x_wconf 78' lang='grc' dir='ltr'>ὀνόματι</span> <span class='ocrx_word' id='word_1_800' title='bbox 3688 4804 3784 4859; x_wconf 79' lang='grc' dir='ltr'><strong>τοῦ</strong></span> 
     </span>
    </p>
   </div>
   <div class='ocr_carea' id='block_1_109' title="bbox 2235 4897 3783 4987">
    <p class='ocr_par' dir='ltr' id='par_1_109' title="bbox 2235 4897 3783 4987">
     <span class='ocr_line' id='line_1_109' title="bbox 2235 4897 3783 4987; baseline -0.014 -18"><span class='ocrx_word' id='word_1_801' title='bbox 2235 4916 2443 4987; x_wconf 79' lang='grc' dir='ltr'>Πατρός</span> <span class='ocrx_word' id='word_1_802' title='bbox 2497 4932 2617 4981; x_wconf 84' lang='grc' dir='ltr'>μου,</span> <span class='ocrx_word' id='word_1_803' title='bbox 2664 4914 2756 4966; x_wconf 72' lang='grc' dir='ltr'>καὶ</span> <span class='ocrx_word' id='word_1_804' title='bbox 2795 4913 2893 4963; x_wconf 73' lang='grc' dir='ltr'>οὐκ</span> <span class='ocrx_word' id='word_1_805' title='bbox 2939 4909 3188 4975; x_wconf 79' lang='grc' dir='ltr'>ἐδέξασθέ</span> <span class='ocrx_word' id='word_1_806' title='bbox 3238 4924 3333 4976; x_wconf 82' lang='grc' dir='ltr'><strong>με’</strong></span> <span class='ocrx_word' id='word_1_807' title='bbox 3366 4905 3523 4966; x_wconf 74' lang='grc' dir='ltr'>ἄλλος</span> <span class='ocrx_word' id='word_1_808' title='bbox 3587 4901 3679 4953; x_wconf 73' lang='grc' dir='ltr'>ἐπὶ</span> <span class='ocrx_word' id='word_1_809' title='bbox 3707 4897 3783 4965; x_wconf 73' lang='grc' dir='ltr'><strong>τῷ</strong></span> 
     </span>
    </p>
   </div>
   <div class='ocr_carea' id='block_1_110' title="bbox 2233 4991 3779 5077">
    <p class='ocr_par' dir='ltr' id='par_1_110' title="bbox 2233 4991 3779 5077">
     <span class='ocr_line' id='line_1_110' title="bbox 2233 4991 3779 5077; baseline -0.011 -19"><span class='ocrx_word' id='word_1_810' title='bbox 2233 5009 2453 5077; x_wconf 69' lang='grc' dir='ltr'>ὀνόματι</span> <span class='ocrx_word' id='word_1_811' title='bbox 2484 5005 2558 5072; x_wconf 82' lang='grc' dir='ltr'>τῷ</span> <span class='ocrx_word' id='word_1_812' title='bbox 2582 5005 2764 5072; x_wconf 72' lang='grc' dir='ltr'>οἰκείῳ</span> <span class='ocrx_word' id='word_1_813' title='bbox 2798 5002 3091 5060; x_wconf 78' lang='grc' dir='ltr'>ἐλεύσεται,</span> <span class='ocrx_word' id='word_1_814' title='bbox 3118 5001 3207 5052; x_wconf 75' lang='grc' dir='ltr'>καὶ</span> <span class='ocrx_word' id='word_1_815' title='bbox 3230 4991 3722 5064; x_wconf 71' lang='grc' dir='ltr'>ἐκεῖνονλήψεσθε.</span> <span class='ocrx_word' id='word_1_816' title='bbox 3759 5007 3779 5040; x_wconf 73' lang='grc' dir='ltr'><strong>ι</strong></span> 
     </span>
    </p>
   </div>
   <div class='ocr_carea' id='block_1_111' title="bbox 2235 5082 3784 5162">
    <p class='ocr_par' dir='ltr' id='par_1_111' title="bbox 2235 5082 3784 5162">
     <span class='ocr_line' id='line_1_111' title="bbox 2235 5082 3784 5162; baseline -0.013 -11"><span class='ocrx_word' id='word_1_817' title='bbox 2235 5100 2364 5151; x_wconf 77' lang='grc' dir='ltr'>Τότε</span> <span class='ocrx_word' id='word_1_818' title='bbox 2392 5098 2589 5158; x_wconf 83' lang='grc' dir='ltr'>τοίνυν,</span> <span class='ocrx_word' id='word_1_819' title='bbox 2630 5097 2702 5155; x_wconf 84' lang='grc' dir='ltr'>ὡς</span> <span class='ocrx_word' id='word_1_820' title='bbox 2735 5096 2965 5162; x_wconf 78' lang='grc' dir='ltr'>εἴρηται,</span> <span class='ocrx_word' id='word_1_821' title='bbox 2994 5092 3252 5160; x_wconf 85' lang='grc' dir='ltr'>λυόμενος</span> <span class='ocrx_word' id='word_1_822' title='bbox 3283 5093 3310 5142; x_wconf 89' lang='grc' dir='ltr'>ὁ</span> <span class='ocrx_word' id='word_1_823' title='bbox 3333 5088 3573 5148; x_wconf 74' lang='grc' dir='ltr'>Σατανᾶς</span> <span class='ocrx_word' id='word_1_824' title='bbox 3597 5085 3660 5135; x_wconf 81' lang='grc' dir='ltr'><strong>ἐκ</strong></span> <span class='ocrx_word' id='word_1_825' title='bbox 3687 5082 3784 5147; x_wconf 74' lang='grc' dir='ltr'><strong>τῆς</strong></span> 
     </span>
    </p>
   </div>
   <div class='ocr_carea' id='block_1_112' title="bbox 2237 5172 3787 5256">
    <p class='ocr_par' dir='ltr' id='par_1_112' title="bbox 2237 5172 3787 5256">
     <span class='ocr_line' id='line_1_112' title="bbox 2237 5172 3787 5256; baseline -0.013 -15"><span class='ocrx_word' id='word_1_826' title='bbox 2237 5187 2483 5256; x_wconf 80' lang='grc' dir='ltr'>φυλακῆς</span> <span class='ocrx_word' id='word_1_827' title='bbox 2545 5184 2727 5246; x_wconf 81' lang='grc' dir='ltr'>αὐτοῦ,</span> <span class='ocrx_word' id='word_1_828' title='bbox 2771 5183 3029 5250; x_wconf 78' lang='grc' dir='ltr'>πλανήσει</span> <span class='ocrx_word' id='word_1_829' title='bbox 3064 5182 3240 5233; x_wconf 82' lang='grc' dir='ltr'>πάντα</span> <span class='ocrx_word' id='word_1_830' title='bbox 3287 5179 3354 5229; x_wconf 72' lang='grc' dir='ltr'>τὰ</span> <span class='ocrx_word' id='word_1_831' title='bbox 3393 5176 3541 5245; x_wconf 73' lang='grc' dir='ltr'>ἔθνη,</span> <span class='ocrx_word' id='word_1_832' title='bbox 3573 5175 3666 5225; x_wconf 74' lang='grc' dir='ltr'>καὶ</span> <span class='ocrx_word' id='word_1_833' title='bbox 3696 5172 3787 5222; x_wconf 68' lang='grc' dir='ltr'><strong>τὸν</strong></span> 
     </span>
    </p>
   </div>
   <div class='ocr_carea' id='block_1_113' title="bbox 2238 5261 3791 5345">
    <p class='ocr_par' dir='ltr' id='par_1_113' title="bbox 2238 5261 3791 5345">
     <span class='ocr_line' id='line_1_113' title="bbox 2238 5261 3791 5345; baseline -0.014 -15"><span class='ocrx_word' id='word_1_834' title='bbox 2238 5280 2354 5345; x_wconf 79' lang='grc' dir='ltr'><strong>Γὼγ</strong></span> <span class='ocrx_word' id='word_1_835' title='bbox 2388 5279 2480 5329; x_wconf 68' lang='grc' dir='ltr'>καὶ</span> <span class='ocrx_word' id='word_1_836' title='bbox 2508 5276 2596 5327; x_wconf 78' lang='grc' dir='ltr'><strong>τὸν</strong></span> <span class='ocrx_word' id='word_1_837' title='bbox 2646 5272 2854 5338; x_wconf 81' lang='grc' dir='ltr'>Μαγὼγ</span> <span class='ocrx_word' id='word_1_838' title='bbox 2900 5272 3107 5340; x_wconf 76' lang='grc' dir='ltr'>κινήσει</span> <span class='ocrx_word' id='word_1_839' title='bbox 3130 5272 3208 5332; x_wconf 82' lang='grc' dir='ltr'><strong>εἰς</strong></span> <span class='ocrx_word' id='word_1_840' title='bbox 3256 5269 3490 5336; x_wconf 84' lang='grc' dir='ltr'>πόλεμον</span> <span class='ocrx_word' id='word_1_841' title='bbox 3521 5262 3652 5334; x_wconf 78' lang='grc' dir='ltr'>πρὸς</span> <span class='ocrx_word' id='word_1_842' title='bbox 3687 5261 3791 5327; x_wconf 75' lang='grc' dir='ltr'>τὴν</span> 
     </span>
    </p>
   </div>
   <div class='ocr_carea' id='block_1_114' title="bbox 2233 5364 2996 5438">
    <p class='ocr_par' dir='ltr' id='par_1_114' title="bbox 2233 5364 2996 5438">
     <span class='ocr_line' id='line_1_114' title="bbox 2233 5364 2996 5438; baseline -0.01 -17"><span class='ocrx_word' id='word_1_843' title='bbox 2233 5372 2327 5438; x_wconf 72' lang='grc' dir='ltr'>τῆς</span> <span class='ocrx_word' id='word_1_844' title='bbox 2359 5367 2676 5434; x_wconf 81' lang='grc' dir='ltr'>οἰκουμένης</span> <span class='ocrx_word' id='word_1_845' title='bbox 2705 5364 2799 5433; x_wconf 81' lang='grc' dir='ltr'><strong>ὲρή</strong></span> <span class='ocrx_word' id='word_1_846' title='bbox 2811 5379 2996 5432; x_wconf 83' lang='grc' dir='ltr'>μωσιν.</span> 
     </span>
    </p>
   </div>
   <div class='ocr_carea' id='block_1_115' title="bbox 655 5514 2134 5590">
    <p class='ocr_par' dir='ltr' id='par_1_115' title="bbox 655 5517 2101 5582">
     <span class='ocr_line' id='line_1_115' title="bbox 655 5517 2101 5582; baseline 0.007 -16"><span class='ocrx_word' id='word_1_847' title='bbox 655 5517 700 5546; x_wconf 60' lang='grc' dir='ltr'><strong><em>’τ</em></strong></span> <span class='ocrx_word' id='word_1_848' title='bbox 731 5519 914 5571; x_wconf 82' lang='lat' dir='ltr'><strong>Maltlt.</strong></span> <span class='ocrx_word' id='word_1_849' title='bbox 954 5522 1197 5582; x_wconf 71' lang='lat' dir='ltr'><strong>.\’\ll,30.</strong></span> <span class='ocrx_word' id='word_1_850' title='bbox 1273 5521 1316 5551; x_wconf 69' lang='grc'>⁸⁸</span> <span class='ocrx_word' id='word_1_851' title='bbox 1351 5520 1505 5572; x_wconf 84' lang='lat' dir='ltr'><strong>Rom.</strong></span> <span class='ocrx_word' id='word_1_852' title='bbox 1545 5538 1649 5581; x_wconf 76' lang='lat' dir='ltr'><strong>xiv,</strong></span> <span class='ocrx_word' id='word_1_853' title='bbox 1686 5524 1766 5575; x_wconf 82' lang='lat' dir='ltr'><strong>l7.</strong></span> <span class='ocrx_word' id='word_1_854' title='bbox 1847 5525 1889 5554; x_wconf 81' lang='grc'><strong>⁹⁹</strong></span> <span class='ocrx_word' id='word_1_855' title='bbox 1945 5524 2101 5576; x_wconf 83' lang='lat' dir='ltr'><strong>Cant.</strong></span> 
     </span>
    </p>
   </div>
   <div class='ocr_carea' id='block_1_116' title="bbox 2218 5514 3242 5590">
    <p class='ocr_par' dir='ltr' id='par_1_116' title="bbox 2218 5514 3242 5590">
     <span class='ocr_line' id='line_1_116' title="bbox 2218 5514 3242 5590; baseline -0.014 -10"><span class='ocrx_word' id='word_1_856' title='bbox 2218 5545 2244 5590; x_wconf 61' lang='grc' dir='ltr'><strong>ι,</strong></span> <span class='ocrx_word' id='word_1_857' title='bbox 2279 5526 2359 5579; x_wconf 86' lang='grc' dir='ltr'><strong>Η.</strong></span> <span class='ocrx_word' id='word_1_858' title='bbox 2440 5525 2452 5555; x_wconf 90' lang='grc'>¹</span> <span class='ocrx_word' id='word_1_859' title='bbox 2492 5521 2623 5575; x_wconf 81' lang='lat' dir='ltr'><strong>lbitl.</strong></span> <span class='ocrx_word' id='word_1_860' title='bbox 2666 5519 2746 5572; x_wconf 72' lang='lat'><strong>19..</strong></span> <span class='ocrx_word' id='word_1_861' title='bbox 2826 5519 2844 5548; x_wconf 82' lang='grc'>²</span> <span class='ocrx_word' id='word_1_862' title='bbox 2886 5514 3040 5571; x_wconf 77' lang='lat' dir='ltr'><strong>Joan.</strong></span> <span class='ocrx_word' id='word_1_863' title='bbox 3079 5531 3130 5579; x_wconf 77' lang='grc' dir='ltr'><strong>ν,</strong></span> <span class='ocrx_word' id='word_1_864' title='bbox 3157 5515 3242 5567; x_wconf 69' lang='grc'><strong>43.</strong></span> 
     </span>
    </p>
   </div>
   <div class='ocr_carea' id='block_1_117' title="bbox 661 5632 1872 5705">
    <p class='ocr_par' dir='ltr' id='par_1_117' title="bbox 661 5632 1872 5705">
     <span class='ocr_line' id='line_1_117' title="bbox 661 5632 1872 5705; baseline 0.005 -23"><span class='ocrx_word' id='word_1_865' title='bbox 661 5632 770 5703; x_wconf 64' lang='lat' dir='ltr'><strong>(lii)</strong></span> <span class='ocrx_word' id='word_1_866' title='bbox 797 5635 960 5703; x_wconf 57' lang='grc' dir='ltr'>Μαι-ς.</span> <span class='ocrx_word' id='word_1_867' title='bbox 996 5637 1156 5705; x_wconf 54' lang='lat' dir='ltr'><strong>vulg,</strong></span> <span class='ocrx_word' id='word_1_868' title='bbox 1184 5636 1400 5690; x_wconf 65' lang='lat' dir='ltr'><strong>Ant/rea?</strong></span> <span class='ocrx_word' id='word_1_869' title='bbox 1441 5640 1490 5689; x_wconf 83' lang='lat' dir='ltr'><strong>in</strong></span> <span class='ocrx_word' id='word_1_870' title='bbox 1524 5638 1660 5688; x_wconf 70' lang='lat' dir='ltr'><strong>mille</strong></span> <span class='ocrx_word' id='word_1_871' title='bbox 1694 5654 1872 5689; x_wconf 74' lang='lat' dir='ltr'><strong>annos.</strong></span> 
     </span>
    </p>
   </div>
  </div>
