4126 6332
655 366 762 428 759

1467 370 1784 428 ΑΒΕΤΙΙᾹΞ
1816 367 2181 427 CAESARE/li
2220 368 2688 427 CAPPADOCI/E
2719 367 3049 427 EPISCOPI

3701 363 3816 426 τοο

661 474 773 526 Ιὶιτὶ
801 473 857 544 _in
891 473 1087 526 eisdem
1123 473 1459 541 corporibus,
1493 491 1610 542 qua:
1641 491 1668 528 a
1706 477 1899 529 saeculo
1927 485 2178 543 corrupta
2214 483 2254 533 Λ
2284 478 2338 526 ὲν
2363 478 2464 537 τοῖς
2491 477 2667 536 αὐτοῖς
2696 475 2954 544 σώμασιν,
2982 475 3016 527 ἃ
3048 511 3049 520 η

2289 478 2338 526 ὲν
2363 478 2464 537 τοῖς
2491 477 2667 536 αὐτοῖς
2696 475 2954 544 σώμασιν,
2982 475 3016 527 ἃ.
3048 475 3104 540 ἐξ
3133 473 3320 535 αἰῶνος
3350 473 3615 542 φθαρέντα
3643 475 3722 534 sl;
3759 473 3826 524 τδ

660 577 784 619 sunt
811 574 863 618 et
906 579 1026 617 esse
1059 565 1346 628 desierunt,
1380 566 1480 619 hoc
1508 581 1647 619 nunc.
1679 569 1952 634 corrigens
2004 581 2183 620 sermo

662 656 756 706 istc
785 652 933 717 dicit,
977 654 1141 721 quod.
1168 653 1621 717 Quemadmodum
1666 669 1889 721 corpora
1935 655 2002 706 ab
2032 653 2184 705 initio

659 751 940 810 catperunt
973 759 1110 802 esse,
1159 757 1262 796 non
1316 759 1440 797 casu
1491 754 1582 795 aut
1625 759 1689 796 ex
1743 744 1953 810 seipsis,
1991 743 2081 795 sed
2117 757 2181 795 ex

660 842 888 898 quatuor
917 831 1214 894 elementis,
1246 847 1402 900 aqua,
1437 833 1576 900 igne,
1609 846 1748 895 aere,
1781 841 1920 884 terra
1955 851 1968 884 :
2003 831 2072 882 ita
2103 846 2186 882 ra-

663 921 988 974 tionabiliter
1017 938 1226 981 rursum
1259 923 1310 975 in
1356 922 1443 974 illa
1481 922 1733 984 resoluta,
1761 937 1822 975 ex
1852 922 1935 974 bis
1970 936 2182 973 rursum

662 1011 1103 1078 compositionem
1159 1012 1438 1079 recipient.
1523 1011 1786 1074 Quoniam
1846 1020 2023 1063 autem
2087 1011 2187 1062 hoc

663 1100 819 1150 etiam
856 1115 1067 1153 rursum
1099 1114 1420 1154 concursum
1468 1101 1609 1168 parit
1652 1115 1835 1152 earum
1887 1115 2004 1166 qua:
2037 1099 2186 1167 prius

664 1186 877 1239 fuerunt
905 1189 1138 1255 partium
1174 1187 1238 1241 ad
1274 1187 1677 1242 subsistentiam
1710 1187 1982 1240 hominum
2015 1203 2027 1237 :
2062 1199 2187 1254 pro-

664 1287 837 1341 pterea
872 1279 998 1331 dicit
1044 1293 1190 1332 mare
1223 1279 1334 1332 sive
1361 1293 1516 1345 aqua:
1543 1277 1901 1330 substantiam
1935 1276 2188 1330 effudisse

666 1365 938 1418 humorem
991 1367 1079 1434 qui
1131 1367 1195 1419 ad
1244 1382 1301 1421 se
1337 1374 1648 1434 pervenerat
1688 1384 1700 1418 :
1737 1374 1959 1418 mortem
2009 1373 2186 1418 autem

665 1462 817 1506 vocat
851 1463 1112 1506 terrenam
1139 1455 1512 1516 substantiam,
1550 1455 1805 1522 quoniam
1829 1454 1893 1505 de
1917 1455 2029 1520 ipsa
2056 1467 2192 1518 quo-

668 1559 770 1608 que
827 1543 1025 1594 dictum
1086 1551 1188 1604 est,
1227 1559 1244 1591 ι
1283 1542 1336 1594 In
1373 1545 1643 1608 pulverem
1683 1542 1872 1594 mortis
1925 1540 2190 1593 deduxisti

669 1645 754 1682 me
784 1630 826 1681 ⁵.
866 1648 883 1679 ι
919 1629 1048 1692 Quis
1079 1644 1203 1682 vero
1240 1639 1470 1683 mentem
1508 1631 1706 1682 habens
1758 1630 1967 1696 ignorat
2001 1630 2186 1696 pulve-

2293 567 2363 633 μὴ
2398 563 2532 617 εἶναι
2563 566 2869 634 ἐχώρησαν,
2901 565 3053 616 τοῦτο
3081 565 3171 621 νῦν
3196 563 3651 632 ἐπανορΘ-ιὺμενος
3674 566 3703 614 ὁ
3734 564 3822 613 λό-

2287 671 2375 719 γος
2408 656 2584 724 φησὶν,
2607 658 2685 707 ὅτι
2739 657 2822 716 Ὠς
2848 656 2912 708 τὰ
2941 654 3161 720 σώματα
3189 656 3276 704 ἐπὶ
3305 654 3398 722 τὴν
3438 653 3606 721 ἀρχὴν
3636 655 3698 704 ὲκ
3727 652 3828 702 τοῦ

2290 742 2360 808 μὴ
2390 742 2538 804 ὄντος
2571 745 2649 804 εἰς
2675 742 2733 793 τὸ
2774 740 2908 794 εἶναι
2940 741 3200 808 προῆλθον
3221 783 3235 805 ,
3263 741 3360 792 οὑκ
3395 740 3452 803 ἐξ
3479 743 3781 806 αὐτομάτου
3809 777 3828 800 ,

2286 834 2399 884 ἀλλ’
2429 835 2490 886 ὲκ
2533 835 2639 885 τῶν
2681 835 2953 900 τεσσάρων
2996 833 3301 902 στοιχείων.
3342 832 3526 891 ὓδατος
3550 871 3565 892 ,
3615 832 3785 898 πυρὸς
3812 871 3826 892 ,

2287 922 2463 990 ἀέρος,
2493 923 2623 990 γῆς·
2661 921 2827 982 οὕτως
2860 922 3090 988 εὐλόγως
3138 923 3217 982 εἰς
3247 922 3380 973 αὐτά
3430 921 3587 972 πάλιν
3625 919 3830 970 ἀναλυ-

2288 1011 2467 1073 οέντα,
2491 1013 2554 1062 ὲκ
2585 1011 2780 1062 τούτων
2808 1007 2962 1073 αὖθις
2999 1012 3096 1081 τὴν
3135 1011 3402 1079 σύμπηξιν
3441 1009 3829 1075 ἀναλήψονται.

2299 1102 2448 1154 Ἐπεὶ
2485 1101 2541 1152 δὲ
2569 1101 2742 1165 τοῦτο,
2777 1101 2871 1154 καὶ
2913 1101 3178 1171 συνδρομὴ
3217 1101 3376 1154 πάλιν
3405 1100 3509 1152 τῶν
3550 1101 3831 1166 καταρχὰς

2291 1190 2467 1256 μερῶν
2491 1190 2566 1250 εἰς
2600 1190 2885 1242 ὑπόστασιν
2912 1192 3016 1243 τῶν
3045 1190 3358 1259 ἀνθρώπων,
3389 1190 3473 1242 διὰ
3503 1188 3656 1240 τοῦτό
3686 1205 3830 1256 φησι

2289 1278 2386 1344 τὴν
2417 1276 2702 1340 θάλασσαν,
2728 1279 2844 1347 ἦτοι
2867 1279 2963 1347 τὴν
2983 1278 3220 1346 ὑδατώδη
3246 1278 3428 1331 οὐσίαν
3447 1276 3740 1329 ἀποόλῦσαι
3762 1275 3835 1326 τὸ

2288 1365 2421 1436 πρὸς
2450 1365 2612 1434 αὐτὴν
2643 1367 2894 1435 χωρῆσαν
2922 1368 3083 1437 ὑγρόν
3104 1385 3117 1398 ·
3152 1367 3374 1421 θάνατον
3414 1366 3468 1419 δὲ
3501 1356 3596 1436 τὴν
3621 1365 3830 1432 γεώδη.

2288 1456 2408 1506 ἐπεὶ
2446 1456 2535 1505 καὶ
2563 1455 2769 1524 εἴρηται
2797 1455 2920 1522 περὶ
2955 1456 3118 1525 αὐτῆς
3141 1457 3221 1518 τὸ,
3261 1475 3279 1507 ι
3309 1457 3398 1518 Εἰς
3428 1455 3553 1524 χοῦν
3593 1454 3831 1507 θανάτου

2290 1542 2590 1610 κατήγαγές
2639 1559 2724 1611 με.
2773 1561 2792 1594 ι
2842 1543 2981 1605 Χοῦς
3025 1545 3101 1608 δὲ,
3145 1545 3223 1597 δτι
3261 1546 3362 1612 γῆ,
3409 1544 3490 1606 τίς
3524 1544 3644 1596 νοῦν
3685 1542 3834 1610 ἔχων

2289 1633 2499 1696 ἁγνοεί;
2531 1630 2695 1699 ’ᾼδην
2726 1631 2802 1696 δὲ,
2831 1631 2920 1684 τὸν
2952 1634 3086 1701 ἀέρα
3125 1633 3295 1697 καλεῖ,
3327 1634 3401 1702 τῷ
3436 1632 3508 1702 μὴ
3553 1632 3691 1699 ἔχειν
3720 1648 3832 1699 χα-

672 1730 781 1767 rem
814 1727 931 1766 esse
964 1715 1196 1766 terram?
1225 1713 1491 1766 lniernum
1530 1724 1707 1767 autem
1734 1715 1862 1767 dicit
1891 1730 2094 1775 aerem,
2127 1729 2191 1766 eo
2225 1777 2260 1789 _
2291 1720 2535 1786 ρακτῆρα
2566 1718 2650 1770 διὰ
2690 1719 2956 1789 μανότητα
2987 1720 3046 1771 οὐ

2291 1720 2535 1786 ρακτῆρα
2566 1718 2650 1770 διὰ
2690 1719 2956 1789 μανότητα
2987 1720 3190 1782 οὐσίας.
3244 1721 3510 1783 Ὡσαύτως
3549 1722 3602 1774 δὲ
3641 1722 3733 1772 καὶ
3762 1719 3835 1773 τὸ

672 1802 810 1868 quod
845 1801 1064 1868 ﬁguram
1112 1817 1216 1854 non
1251 1801 1441 1854 habeat
1471 1811 1685 1869 propter
1719 1802 2028 1854 substantiae
2059 1802 2191 1852 rari-

673 1899 834 1941 tatem
885 1907 898 1942 :
943 1890 1185 1943 similiter
1215 1893 1286 1953 {et
1334 1890 1529 1957 ignem.
1602 1890 1764 1943 Porro
1833 1890 1963 1963 ᾅδην
2019 1898 2189 1951 vocat,

672 1981 793 2046 quia
824 1995 1168 2047 quoscunque
1202 1979 1517 2046 susceperit,
1557 1979 1725 2047 injicit
1774 1981 1852 2040 εἰς
1882 1979 2056 2030 ἀϊδίαν
2101 1981 2193 2031 καὶ

672 2068 945 2134 ἀφάνειαν,
980 2067 1028 2119 id
1059 2077 1157 2131 est,
1195 2068 1244 2120 in
1277 2068 1622 2121 aeternitatem
1659 2076 1710 2118 et
1738 2066 2030 2118 interitum.

749 2154 808 2206 Et
839 2172 973 2208 mors
1007 2166 1053 2207 et
1083 2157 1334 2222 infernus.
1388 2153 1610 2207 Mortem
1643 2162 1697 2206 et
1732 2151 1997 2206 infernum
2037 2158 2193 2206 vocat

671 2259 764 2296 eos
801 2245 888 2311 qui
919 2246 1072 2304 digna
1102 2245 1364 2312 supplicio
1394 2243 1595 2310 Operati
1621 2252 1766 2306 sunt,
1796 2250 2045 2309 tauquam
2076 2249 2191 2294 tur-

677 2335 792 2385 bam
827 2335 1073 2386 sevnndze
1103 2335 1290 2386 mortis
1324 2333 1621 2397 explentes.

1216 2418 1441 2473 CAPUT
1486 2417 1642 2472 LXV.

779 2509 852 2561 De
869 2509 991 2561 caelo
1009 2517 1055 2561 et
1079 2519 1214 2561 terra
1239 2510 1399 2571 novis,
1421 2522 1736 2576 supernaque
1757 2506 2069 2562 Jerusalem.

748 2660 882 2723 XXI,
910 2661 1017 2713 1-4.
1048 2661 1112 2712 Et
1145 2664 1248 2714 vidi
1269 2662 1447 2715 caelum
1479 2645 1662 2715 novum
1682 2671 1727 2713 et
1758 2672 1950 2714 terram
1974 2677 2151 2715 noram
2174 2678 2192 2714 :

678 2753 818 2813 prius
849 2753 982 2802 enim
1017 2753 1217 2814 caelum,
1248 2762 1295 2804 et
1339 2753 1480 2819 prior
1517 2760 1655 2806 terra
1690 2753 1945 2812 abierunt,
1974 2765 2021 2805 et
2054 2768 2194 2806 mare

679 2857 773 2890 non
798 2851 870 2892 est
902 2843 1141 2908 amplius.
1166 2843 1230 2894 Et
1253 2844 1355 2896 vidi
1373 2844 1629 2894 civitatem
1649 2853 1880 2896 sanctam
1903 2842 2192 2896 Jerusalem

681 2946 855 2980 novam
880 2932 1260 2984 descendentem
1290 2933 1352 2985 de
1375 2935 1521 2993 caelo,
1554 2951 1586 2985 a
1637 2933 1738 2986 Deo
1767 2943 2005 2999 paratam
2058 2935 2190 2987 sicut

677 3034 911 3080 sponsam
937 3031 1171 3072 ornatam
1199 3024 1302 3074 viro
1323 3039 1435 3075 suo.
1465 3021 1530 3075 Et
1554 3025 1729 3075 audivi
1757 3040 1923 3076 vocem
1951 3041 2190 3092 magnam

2293 1807 2420 1875 πῦρ.
2455 1806 2618 1877 ’ᾼδην
2648 1806 2702 1858 δὲ
2741 1807 2906 1872 λέγει.
2937 1808 3042 1860 ἀπὸ
3071 1808 3161 1859 τοῦ
3197 1812 3280 1872 εις
3311 1810 3506 1862 ἀιδίαν
3541 1810 3636 1862 καὶ
3669 1807 3835 1877 ἁφά-

2289 1915 2474 1968 νειαν,
2504 1893 2583 1958 οἷς
2609 1899 2672 1952 ἂν
2701 1897 3151 1969 ὲπέλθῃ,τούτους
3176 1898 3446 1968 ιμὸαλεῑν.
3773 1891 3782 1896 ’

2359 2153 2465 2207 Kal
2501 2153 2534 2206 ό
2574 2150 2824 2216 θάνατος
2869 2151 2964 2205 xal
3011 2154 3043 2205 ό
3087 2149 3254 2218 ᾅδης.
3300 2150 3532 2202 Θάνατον
3566 2147 3658 2199 καὶ
3691 2147 3837 2217 ᾅδην

2289 2244 2412 2306 τοὺς
2440 2243 2560 2308 ἄξια
2586 2243 2849 2312 τιμωρίας
2873 2241 3271 2312 ἐργασαμένους
3301 2241 3453 2293 καλεῖ
3471 2240 3543 2302 ὡς
3573 2238 3837 2308 συμπλη-

2294 2332 2513 2403 ροῦντας
2533 2332 2621 2384 τὸν
2648 2333 2739 2384 τοῦ
2763 2332 3008 2400 δευτέρου
3038 2330 3263 2384 θανάτου
3292 2328 3494 2398 ὅμιλον.

2855 2421 3094 2472 ΚΕΦΑΛ.
3129 2418 3244 2473 EE’.

2294 2510 2429 2577 Περὶ
2476 2507 2692 2562 καινῶν
2728 2508 2980 2576 οὐρανοῦ
3024 2524 3086 2560 τε
3125 2507 3220 2577 καὶ
3251 2505 3393 2575 τῆς,
3424 2501 3655 2570 καὶτῆς
3699 2501 3834 2554 ἀνω

2866 2575 3262 2641 Ἰερουσαλήμ.

2364 2666 2470 2719 Kal
2498 2663 2655 2718 εἶδον
2681 2666 2936 2730 οὐρανὸν
2965 2663 3189 2725 καινὸν,
3219 2662 3315 2713 xal
3351 2660 3467 2728 τῆν
3493 2657 3721 2723 καινήν.
3759 2659 3834 2710 '0

2295 2756 2402 2824 γὰρ
2431 2754 2654 2822 πρῶτος
2677 2753 2947 2818 οὐρανὸς,
2976 2749 3073 2802 καὶ
3110 2751 3148 2816 ἠ
3179 2748 3372 2815 πρώτη
3406 2747 3479 2816 γῆ
3516 2747 3788 2813 ἀπῆλθον
3812 2764 3827 2776 ο

2295 2843 2390 2894 καὶ
2417 2841 2453 2906 ἠ
2485 2840 2764 2895 θάλασσα
2787 2839 2894 2890 οὐκ
2917 2839 3082 2890 ἔστιν
3103 2836 3208 2888 ἔτι.
3240 2835 3344 2888 Kal
3372 2835 3484 2902 τὴν
3508 2836 3684 2888 πόλιν
3710 2834 3833 2899 τὴν

2295 2933 2467 3000 ἁγίαν
2502 2929 2884 2996 Ἰερουσαλὴμ
2926 2927 3138 2994 καινὴν
3167 2926 3327 2980 εἶδον
3351 2926 3832 2979 καταϐαίνουσαν

2294 3025 2359 3075 ἐκ
2388 3023 2490 3075 τοῦ
2522 3019 2793 3087 οὐρανοῦ,
2828 3019 2940 3072 ἀπὸ
2971 3015 3074 3070 τοῦ
3111 3016 3255 3070 Θεοῦ
3284 3013 3717 3083 ἡτοιμασμένην
3741 3014 3828 3076 ὡς

678 3109 737 3157 de
782 3109 925 3172 caelo,
987 3111 1284 3178 dicentem;
1311 3111 1441 3166 Ecce
1492 3115 1882 3165 tabernaculum
1937 3114 2030 3166 Dei
2075 3130 2191 3166 cum
2219 3079 2260 3134 α
2291 3113 2526 3180 νύμφην
2585 3107 3028 3174 κεκοσμημένην

2291 3113 2526 3180 νύμφην
2585 3079 3028 3174 λιεκοσιιημένην
3082 3105 3162 3169 τῷ
3219 3079 3422 3171 ἀνδρὶ*
3450 3079 3669 3170 αὑτῆςς
3713 3101 3829 3155 Kal

679 3199 986 3256 hominibus,
1023 3212 1068 3252 et
1099 3203 1346 3254 habitabit
1375 3220 1489 3255 cum
1516 3204 1610 3264 eis,
1634 3213 1682 3256 et
1715 3204 1815 3269 ipsi
1839 3205 2058 3269 populus
2082 3204 2192 3269 ejus
2291 3201 2523 3267 ἤκουσα
2558 3196 2756 3265 φωνῆς
2791 3195 3049 3263 μεγάλης

2291 3201 2523 3267 ἥκουσα
2558 3196 2756 3265 φωνῆς
2791 3195 3050 3263 μεγάλης
3079 3195 3145 3246 ἐκ
3175 3194 3279 3246 τοῦ
3314 3192 3567 3258 οὐρανοῦ
3613 3191 3828 3258 λεγού-

679 3296 843 3345 erunt,
869 3295 914 3334 et
947 3287 1051 3347 ipse
1089 3286 1222 3339 Deus
1246 3304 1358 3339 cum
1389 3290 1460 3340 eis
1497 3291 1616 3341 erit.
1647 3289 1810 3356 819
1867 3289 1932 3339 Et
1976 3290 2196 3340 cessabit
2291 3306 2438 3356 σης·
2484 3289 2634 3340 Ἰδοὺ
2675 3289 2712 3352 ἡ
2743 3285 2937 3350 σκηνὴ
2967 3284 3049 3336 τοί

2291 3307 2406 3356 σης
2425 3306 2438 3318 ·
2484 3289 2634 3340 Ἰδοὺ
2675 3289 2712 3352 ἡ
2743 3285 2937 3350 σκηνή
2967 3284 3070 3336 τοῦ
3099 3283 3248 3336 Θεοῦ
3286 3281 3429 3348 μετὰ
3457 3281 3575 3334 τῶν
3603 3279 3833 3348 ἀνθρώ-

683 3373 845 3421 omnis
878 3373 1106 3435 lacryma
1137 3374 1201 3424 ab
1240 3379 1402 3427 oculis
1433 3393 1609 3428 eorum
1637 3393 1655 3429 :
1701 3387 1748 3428 et
1790 3393 1926 3429 mors
1962 3393 2062 3428 non
2099 3380 2197 3428 erit
2293 3395 2437 3440 πων,
2466 3378 2560 3429 καὶ
2587 3374 2880 3438 σκηνώσει
2915 3375 3038 3438 μετ’

2293 3395 2437 3440 πων,
2466 3378 2560 3429 καὶ
2587 3374 2880 3438 σκηνώσει
2915 3375 3038 3438 μετ’
3077 3368 3291 3434 αὐτῶν,
3324 3370 3421 3422 και
3468 3371 3632 3422 αὐτοὶ
3677 3369 3834 3434 λαὸς

683 3460 925 3523 amplius,
961 3477 1115 3527 neque
1165 3465 1350 3524 luctus,
1387 3481 1541 3530 neque
1574 3465 1767 3517 clamor
1794 3504 1806 3526 ,
1839 3482 1995 3533 neque
2052 3467 2198 3518 labor
2300 3468 2480 3519 αὑτοῦ
2503 3461 3049 3524 ἐσονται,καὶαύτὸς

2300 3468 2480 3519 αὑτοῦ
2503 3467 2758 3524 ἔσονται,
2777 3462 2870 3514 καὶ
2886 3461 3060 3524 αὐτὸς
3083 3464 3115 3513 ό
3137 3460 3276 3522 Θεὸς
3288 3461 3412 3527 μετ’
3429 3462 3622 3513 αὐτῶν
3634 3462 3830 3514 ἔσται.

683 3551 780 3598 erit
811 3551 1030 3615 amplius
1059 3565 1076 3602 :
1106 3553 1346 3614 quoniam
1379 3553 1549 3620 prima
1577 3553 1835 3606 abierunt.
2303 3533 2406 3608 Kal
2446 3553 2703 3618 ἐκλείψει
2747 3547 2868 3604 πᾶν
2903 3547 3049 3614 δὰκρ

2303 3533 2406 3608 Kal
2446 3553 2703 3618 ἐκλείψει
2747 3547 2868 3604 πᾶν
2903 3547 3157 3614 δάκρυον
3191 3546 3307 3599 ἀπὸ
3347 3546 3462 3599 τῶν
3512 3547 3836 3614 ὀφθαλμῶν

683 3636 891 3688 αὐτῶν.
937 3639 1039 3689 Kal
1101 3641 1133 3691 ό
1169 3639 1414 3705 θάνατος
1466 3643 1574 3694 οὐκ
1612 3641 1776 3694 ἔσται
1805 3643 1909 3706 ἔτι,
1949 3643 2082 3696 οὔτε
2115 3643 2347 3708 πένθος,
2409 3643 2542 3695 οὔτε
2568 3641 2808 3709 κραυγὴ,
2833 3643 2968 3695 οὔτε
2994 3641 3316 3705 adrogabat
3339 3639 3504 3693 ἔσται
3535 3637 3639 3691 ἔτι.
3694 3637 3830 3690 Ὀτι

685 3727 752 3778 τὰ
778 3725 968 3790 πρῶτα
995 3726 1240 3793 ἀπῆλθε.

755 3817 906 3869 Prius
952 3819 1131 3870 caelum
1177 3831 1223 3872 et
1270 3822 1413 3888 prior
1469 3833 1606 3875 terra
1653 3824 1907 3878 abierunt.
1959 3824 2068 3880 Hoc
2127 3827 2200 3880 ait
2365 3825 2531 3878 Τοῦτο
2561 3825 2620 3877 οὐ
2653 3825 2749 3895 τὴν
2778 3825 3049 3892 ἀνυπαρξίι

2365 3825 2531 3878 Τοῦτο
2561 3825 2620 3877 οὐ
2653 3825 2749 3895 τὴν
2778 3825 3100 3892 ἀνυπαρξίαν
3133 3823 3302 3894 δηλῶν
3333 3823 3429 3892 τῆς
3460 3822 3680 3884 scelesti»;
3721 3840 3830 3891 φη-

686 3924 786 3960 non
818 3919 1074 3963 creaturae
1103 3913 1405 3980 signilieans
1443 3914 1736 3976 interitum,
1770 3914 1863 3968 sed
1897 3916 2200 3970 renovatio-
2293 3935 2406 3981 σιν,
2439 3915 2570 3968 ἀλλὰ
2608 3915 2696 3968 τὸν
2724 3916 3048 3982 ἀνακαινισμ

2293 3935 2406 3981 σιν,
2439 3915 2570 3968 ἀλλὰ
2608 3915 2696 3968 τὸν
2724 3915 3109 3982 ἀνακαινισμδν
3137 3915 3225 3966 τὸν
3271 3916 3361 3966 ἐπὶ
3402 3914 3460 3965 τὺ
3500 3914 3722 3980 βέλτιον,
3763 3913 3832 3965 ὃν

685 4012 802 4048 nem
852 3997 902 4048 in
941 3998 1172 4051 melius:
1201 4000 1341 4064 quod
1375 4004 1532 4053 etlam
1585 4012 1806 4057 sanctus
1852 4003 2017 4056 David
2056 4005 2192 4057 dulci
2290 4013 2381 4058 καὶ
2407 4008 2434 4057 δ
2458 4006 2595 4065 θεῖος
2626 4005 2870 4072 μελῳδῶν
2915 4004 3049 4054 Δαυῒέ

2290 4013 2381 4058 καὶ
2407 4008 2434 4057 δ
2458 4006 2595 4065 θεῖος
2626 4005 2870 4072 μελῳδῶν
2915 4004 3070 4054 Δαυῒδ
3101 4005 3463 4072 προηγόρευσε
3492 4004 3558 4056 δι’
3586 3996 3659 4055 ὧν
3683 4000 3775 4073 ᾖδε
3812 4058 3828 4079 ν

684 4096 837 4138 cantu
869 4087 1062 4138 cecinit
1089 4088 1129 4149 ⁸,
1153 4089 1332 4141 dicens
1353 4104 1540 4142 omnes
1571 4092 1626 4142 in
1651 4093 1864 4145 modum
1894 4094 2190 4147 vestimenti
2288 4093 2488 4151 πάντας
2515 4092 2588 4151 ὡς
2619 4092 2824 4157 ἱμάτιον
2854 4090 3049 4141 παλαια

2289 4093 2488 4151 πάντας
2515 4092 2588 4151 ὡς
2619 4092 2824 4157 ἱμάτιον
2854 4089 3336 4156 παλαιωθήσεσθαι,
3371 4090 3463 4140 καὶ
3506 4089 3634 4140 ὡσεὶ
3670 4106 3833 4158 περι-

685 4183 1028 4234 vetcrascere,
1056 4183 1107 4228 et
1141 4185 1389 4242 tanquam
1419 4178 1673 4230 amictum
1697 4180 1890 4232 involvi
1923 4191 1972 4232 et
2001 4181 2190 4232 immu-
2233 4236 2263 4242 λ
2299 4179 2506 4228 66).αιον
2539 4177 2806 4242 ὲλιχθῆναι
2838 4177 2930 4226 καὶ
2956 4175 3048 4225 ἀλλ

2299 4179 2506 4228 66).αιον
2539 4177 2806 4242 ὲλιχθῆναι
2838 4177 2930 4226 καὶ
2956 4175 3266 4241 ἀλλαγῆναι.
3299 4177 3372 4225 Τὸ
3395 4175 3500 4241 γὰρ
3525 4176 3832 4228 παλαιωοὲν

683 4263 802 4312 tari.
843 4262 1113 4326 Siquidem
1147 4264 1436 4316 inveterata
1470 4279 1554 4317 res
1592 4280 1712 4330 quae
1744 4277 2051 4328 renovatur,
2092 4282 2194 4319 non
2232 4236 2272 4286 θ
2299 4264 2782 4330 ἀνακαινιζόμενον,
2809 4265 2868 4315 οὐ
2904 4264 3047 4329 τῆςο

2299 4236 2782 4330 ἀνακαινιζόμενον,
2809 4265 2868 4315 οὐ
2904 4264 3001 4329 τῆς
3020 4236 3201 4324 οὐσίας
3227 4236 3543 4330 ἀφανισμδν,
3577 4263 3707 4314 ἀλλὰ
3729 4267 3830 4316 τοῦ

686 4350 994 4400 substantia:
1023 4351 1214 4417 acCipit
1244 4353 1532 4413 interitum,
1568 4353 1661 4406 sed
1713 4357 1991 4408 vetustatis
2017 4370 2078 4407 ac
2109 4372 2199 4408 ru-
2300 4354 2480 4423 γήρως
2502 4354 2716 4405 καὶτῶν
2747 4353 2969 4420 ῥυτίδων
2997 4352 3049 4402 λα

2300 4354 2480 4423 γήρως
2502 4355 2588 4405 καὶ
2612 4354 2716 4404 τῶν
2747 4353 2969 4420 ῥυτίδων
2997 4351 3254 4419 λαμϐάνει
3281 4351 3553 4415 ἀπόξυσιν.
3585 4351 3834 4419 Σημειωο

686 4453 868 4504 garum
905 4438 1250 4492 avulsionem.
1289 4441 1826 4494 Animadvertendum
1853 4457 2062 4510 quoque
2091 4453 2195 4508 est,
2299 4442 2414 4492 τέον
2451 4441 2538 4502 δὲ,
2568 4441 2646 4492 ὅτι
2685 4440 2809 4507 περὶ
2859 4439 2954 4506 μὲν
3002 4440 3049 4490 ol

2299 4442 2414 4492 τέον
2451 4441 2538 4502 δὲ,
2568 4441 2646 4492 ὅτι
2685 4440 2809 4507 περὶ
2859 4439 2954 4506 μὲν
3002 4437 3225 4506 οὐρανοῦ
3271 4438 3363 4490 καὶ
3400 4437 3502 4504 γῆς
3544 4435 3709 4488 εἰπὼν
3743 4438 3830 4489 ὅτι

689 4525 826 4592 quod
857 4525 920 4578 de
972 4527 1107 4580 coelo
1135 4537 1187 4580 et
1228 4537 1364 4581 terra
1414 4529 1545 4583 dicit
1590 4530 1731 4593 quod
1783 4532 2048 4594 abierunt,
2090 4548 2196 4585 non
2300 4528 2554 4596 ἀπῆλθεν,
2583 4529 2739 4579 οἱονεὶ
2771 4529 2865 4579 οὐκ
2897 4529 2972 4588 εἷς
3021 4544 3049 4578 τ

2300 4528 2554 4596 ἀπῆλθεν,
2583 4529 2739 4579 οἱονεὶ
2771 4529 2865 4579 οὐκ
2897 4529 2972 4588 εἰς
3021 4526 3080 4578 τὸ
3127 4526 3200 4594 μὴ
3240 4525 3296 4578 ὃν
3338 4527 3644 4594 ἐχώρησεν,
3688 4525 3828 4578 ἀλλὰ

686 4615 836 4680 quasi
875 4631 994 4670 esse
1023 4618 1302 4678 desierint.
1341 4619 1435 4672 sed
1474 4619 1782 4672 transierint
1822 4619 1977 4688 (nihil
2018 4630 2194 4675 autem

684 4719 864 4756 eorum
894 4721 1009 4772 quae
1043 4716 1316 4760 transeunt
1350 4709 1416 4760 ab
1447 4722 1551 4761 uno
1582 4708 1649 4762 ad
1681 4710 1843 4770 aliud,
1877 4710 2054 4763 statim
2080 4710 2186 4778 jam

686 4792 900 4841 omnino
927 4795 1080 4860 perit.
1133 4797 1220 4848 sed
1254 4795 1598 4849 reformatum
1633 4807 1713 4850 est
1739 4799 1965 4852 transitu
1995 4815 2056 4851 ex
2095 4800 2191 4852 hoc

689 4883 738 4930 in
775 4880 955 4946 illud);
983 4883 1225 4937 abierunt
1255 4887 1469 4953 quidem
1488 4903 1549 4940 ea
1578 4903 1694 4954 qua:
1711 4888 1857 4954 prius
1887 4891 1985 4942 sibi
2015 4892 2190 4942 conti-

686 4977 888 5035 gerant,
927 4979 977 5020 et
1008 4984 1066 5019 ea
1121 4985 1465 5038 susceperunt
1491 4975 1558 5028 ad
1600 4990 1716 5042 qua:
1745 4985 1867 5028 sunt
1899 4977 2193 5033 immutata.

753 5058 987 5110 Andrett.
1025 5059 1092 5110 De
1124 5061 1252 5110 mari
1287 5076 1406 5112 vero
1445 5065 1592 5125 dicit,
1625 5065 1788 5131 quod,
1818 5061 1962 5115 Mare
1991 5082 2090 5115 non
2124 5076 2196 5117 est

685 5149 925 5214 amplius.
945 5147 1070 5211 Qua:
1087 5148 1223 5198 enim
1249 5152 1534 5204 necessitas
1562 5161 1640 5206 est
1665 5153 1848 5214 maris,
1870 5168 1988 5205 cum
2019 5154 2193 5203 homi-

686 5253 778 5286 nes
809 5252 870 5288 eo
899 5251 1002 5289 non
1028 5245 1213 5303 egeant
1239 5236 1302 5288 ad
1335 5239 1704 5306 navigandum,
1723 5251 1812 5295 aut
1839 5251 1891 5294 ut
1912 5257 2002 5306 per
2024 5241 2192 5306 ipsum

685 5326 1082 5390 suppeditentur
1116 5334 1339 5376 vectura:
1379 5339 1558 5378 eorum
1605 5346 1720 5398 quae
1767 5330 2100 5383 adducuntur
2131 5346 2192 5380 ex

691 5414 991 5478 regionibus
1017 5415 1167 5481 longe
1195 5413 1332 5478 sitis,
1366 5413 1450 5466 ubi
1487 5417 1733 5470 coluntur
1762 5435 1852 5472 seu
1891 5426 2147 5485 parantur
2172 5421 2192 5469 ?

807 5588 940 5642 l‘sal.
979 5605 1083 5653 ut,
1119 5591 1194 5657 lt}.
1273 5594 1288 5620 ⁵
1317 5591 1540 5650 l‘sal.(;|,
1587 5591 1793 5658 ἡδείῃ.

2304 4616 2498 4682 μετέϐη
2530 4616 2698 4684 (οὐδὲν
2744 4617 2798 4666 δὲ
2846 4618 2948 4666 τῶν
2984 4615 3401 4682 μεταὸαινὸντων
3449 4615 3504 4678 ἐξ
3549 4607 3608 4665 οὗ
3649 4615 3725 4674 εἰς
3769 4614 3823 4676 ὃ,

2300 4702 2395 4769 ἤδη
2427 4703 2518 4753 καὶ
2555 4703 2727 4769 πάντη
2750 4702 3024 4760 διόλωλεν,
3051 4702 3180 4754 ἀλλὰ
3199 4703 3262 4770 τῇ
3294 4703 3382 4765 ἀφ’
3411 4696 3469 4753 οὗ
3513 4703 3590 4760 εἰς
3628 4700 3654 4750 ὃ
3695 4717 3824 4766 μετα

2297 4787 2521 4851 ελεύσει,
2570 4786 2988 4857 ἁνεμορφώθη)ο
3022 4788 3087 4838 τὰ
3119 4789 3214 4853 μὲν
3264 4788 3354 4840 τοῦ
3394 4786 3824 4852 καταληφθέντος

2295 4878 2546 4940 ἀπέϐαλε,
2575 4880 2639 4929 τὶι
2667 4879 2720 4929 δὲ
2751 4877 2842 4927 τοῦ
2875 4877 3004 4943 πρὸς
3034 4877 3060 4926 δ
3095 4877 3294 4944 μετέὸη
3321 4875 3615 4938 ἀνεδέξατο.

2375 5072 2652 5139 Ἀνδρέου.
2693 5070 2822 5138 Περὶ
2869 5069 2922 5120 δὲ
2975 5070 3068 5135 τῆς
3114 5069 3377 5136 θαλάσσης
3409 5071 3587 5136 φησὶν,
3627 5069 3706 5118 ὅτι
3760 5068 3825 5120 Ἠ

2295 5160 2567 5211 θάλασσα
2611 5160 2717 5210 οὐκ
2756 5157 2839 5208 ἔτι
2883 5158 3028 5207 ἐστι.
3068 5157 3159 5217 Τίς
3203 5157 3307 5225 γὰρ
3345 5157 3498 5224 χρεία
3520 5156 3818 5222 Θαλάσσης,

2302 5246 2372 5313 μὴ
2406 5246 2664 5312 δεομένων
2706 5242 2996 5308 ἀνθρώπων
3038 5245 3128 5295 τοῦ
3159 5245 3304 5296 πλεῖν
3334 5245 3496 5312 αὐτὴν
3517 5282 3532 5305 ,
3565 5245 3596 5314 ἢ
3629 5244 3694 5296 δι’
3721 5244 3823 5294 αὑ-

2299 5332 2390 5397 τῆς
2416 5331 2722 5398 πορῐξεσοαι
2752 5331 2817 5380 τὰ
2850 5332 2902 5381 ὲν
2932 5334 3049 5392 ταῖς
3089 5332 3296 5402 μακρὰν
3319 5332 3587 5400 κειμέναις
3612 5329 3820 5399 χώραις

2298 5420 2665 5486 γεωργούμενα
2698 5418 2973 5486 ἀγώγιμα;
