4126 6332
298 313 399 375 761

300 511 560 576 αἰσθητὸς
583 550 596 573 ,
627 511 725 563 οὐκ
762 510 889 561 ἄλλο
916 527 988 571 τι,
1024 511 1054 578 ἢ
1102 510 1163 561 τὸ
1188 492 1259 575 ἐξ
1307 511 1557 579 ούρανοῦ,
1596 514 1688 563 καὶ
1730 513 1850 577 γῆς,

300 598 400 649 καὶ
421 600 525 649 τῶν
555 600 612 650 ἐν
638 597 712 667 τῷ
738 598 885 668 μέσῳ
908 599 1155 668 σύστημά
1182 601 1295 651 ἐστι
1324 601 1413 651 καὶ
1438 601 1733 671 σύγκριμα,
1762 601 1853 653 τοῦ

300 687 537 756 οὐρανοῦ
569 690 785 750 πάντως
820 691 912 741 καὶ
955 691 1051 757 τῆς
1083 690 1185 757 γῆς
1227 690 1709 743 ἀνακαινισθέντων
1732 731 1746 753 ,
1781 691 1854 752 ὡς

301 777 407 844 ήδη
441 776 789 847 παρεθέμεθα
811 818 826 840 ,
862 779 1075 839 πάντως
1103 778 1197 830 καὶ
1234 779 1301 830 τὰ
1342 779 1763 849 συμπληροῦντα
1792 781 1853 831 τὸ

298 864 513 916 τοιοῦτο
542 866 791 936 σύστημα
832 867 929 919 οὐκ
972 866 1257 935 ἀμοιρήσει
1305 866 1395 918 τοῦ
1440 870 1849 936 ἀνακαινισμοῦ.

300 954 369 1005 Τί
399 950 489 1006 οὖν
520 957 551 1025 ή
574 956 809 1008 θάλασσα
832 957 965 1025 μόνη
987 956 1090 1007 τῶν
1117 958 1175 1007 ἐν
1198 958 1344 1025 μέσῳ
1368 957 1577 1023 φύσεων
1605 954 1759 1017 οὖσα.
1786 961 1846 1011 ού

302 1044 470 1110 μόνον
512 1046 778 1113 ἠστόχησε
820 1046 911 1096 τοῦ
937 1045 1349 1113 ἀνακαινισμοῦ,
1382 1046 1514 1098 ἀλλά
1542 1050 1636 1098 καὶ
1676 1047 1849 1115 πάντη

298 1132 402 1184 τοῦ
434 1129 604 1198 afuat;
635 1135 691 1184 ΕΞ
722 1135 777 1185 δέ
818 1133 963 1199 λέγει
992 1151 1075 1195 τις
1110 1136 1189 1186 ὅτι
1227 1135 1334 1189 τῶν
1380 1136 1723 1203 ἐμπλεόντων
1753 1136 1853 1188 οὐκ

299 1220 474 1273 ὅντων
500 1261 514 1284 ,
549 1222 758 1290 ἀνάγκη
794 1223 926 1289 μηδέ
958 1223 1123 1291 αὐτὴν
1169 1224 1524 1292 χρηματίζειν
1565 1225 1696 1290 ὅπερ
1738 1224 1853 1275 ἐστὶ

297 1310 420 1372 νῦν,
461 1311 698 1372 εἰκότως.
735 1312 806 1363 Τὸ
835 1312 891 1365 δέ
925 1315 1003 1375 είς
1034 1314 1270 1381 παντελῆ
1313 1316 1647 1383 ἀνυπαρξίαν
1680 1314 1851 1366 ἐλθεῖν

295 1399 471 1465 αὐτὴν
508 1399 602 1467 ὲᾷν
635 1399 693 1463 ἐξ
740 1401 991 1468 ἡμισείας
1037 1402 1403 1465 ἐπιτελοῦντος
1457 1404 1544 1456 τὸν
1577 1405 1850 1456 ἀνακαινι·

294 1487 440 1553 σμόν
466 1490 600 1540 ἐστι.
635 1489 699 1540 Τί
732 1488 822 1540 οῦν
853 1490 964 1541 ἐστι
1001 1492 1131 1560 πρὸς
1160 1493 1314 1546 τοῦτο
1367 1494 1537 1564 ἐρεῖν,
1572 1494 1605 1563 ἦ
1641 1496 1854 1555 πάντως

292 1578 517 1641 ἐκεῖνο,
565 1577 639 1638 ὡς
680 1579 861 1647 ἐπειδὴ
906 1579 1148 1652 θαλάσσῃ
1193 1580 1470 1652 ὡμοίωσεν
1503 1586 1530 1635 ό
1575 1583 1852 1651 θεοπάτωρ

288 1669 394 1720 τὸν
433 1668 670 1737 παρόντα
718 1670 955 1738 κόσμον,
1003 1672 1343 1737 ἀναγκαίως,
1395 1674 1481 1726 ίνα
1529 1676 1600 1743 μή
1648 1691 1731 1737 τις
1774 1673 1851 1742 τῷ

289 1759 676 1828 ἀνακαινισμῷ
705 1760 797 1812 τοῦ
828 1762 1051 1830 οὐρανοῦ
1083 1764 1176 1815 καὶ
1203 1767 1300 1829 τῆς
1336 1767 1460 1833 γῆς,
1493 1765 1586 1817 καὶ¹
1610 1767 1707 1833 τὴν
1733 1765 1850 1817 κατ’

288 1848 439 1900 αὐτὰ
482 1849 683 1921 τύρσην
730 1851 1007 1916 ὑποϐάλοι,
1042 1852 1127 1904 διὰ
1161 1853 1253 1905 τοῦ
1297 1855 1514 1916 τελείως
1549 1852 1851 1921 ἀφανισμοῦ

287 1933 399 2001 τῆς
452 1933 742 2001 θαλάσσης,
796 1937 935 1988 κατὰ
984 1936 1078 2005 τὴν
1129 1941 1480 2006 τροπολογίαν
1537 1940 1628 1991 τοῦ
1694 1938 1852 1990 Δαυῒδ

286 2024 481 2076 ἐκεῖνα
506 2025 808 2093 ἐσημείωσε
840 2028 932 2078 καὶ
962 2027 1215 2090 ἐξείλετο,
1245 2027 1319 2089 ὡς
1349 2028 1577 2096 φρούδου
1606 2029 1699 2080 καὶ⁵
1722 2028 1849 2080 ταύ-

286 2129 399 2181 της
428 2113 565 2166 κατά
592 2114 683 2167 τὸν
702 2115 1083 2183 ἀνακαινισμὺν
1110 2114 1399 2184 ἐσομένης;

371 2264 474 2317 Καὶ
500 2263 615 2331 τὴν
644 2266 821 2318 πόλιν
847 2266 960 2332 τὴν
986 2267 1158 2334 ἁγίαν
1198 2268 1580 2339 Ἰερουσαλὴμ
1608 2272 1845 2338 καινήν.

284 2354 467 2406 Πάλαι
533 2354 664 2422 μὲν,
731 2354 931 2422 φησὶν,
975 2353 1361 2426 ’Ἰερουσαλὴμ
1424 2360 1484 2409 τὸ
1548 2358 1848 2426 ἁγιώτατον

287 2444 559 2511 σκήνωμα
593 2442 888 2512 ἐνομίζετο,
922 2446 980 2497 ἐν
1022 2438 1056 2517 ᾖ
1102 2446 1195 2498 κοιλ¹
1235 2448 1263 2498 ὀ
1291 2446 1413 2509 ναὸς
1449 2448 1541 2500 καὶ
1581 2451 1755 2502 πάντα
1781 2451 1849 2503 τά

284 2533 394 2599 τῆς
434 2531 760 2598 θεογνωσίας
802 2532 1074 2603 μυστήρια
1115 2525 1553 2604 τεθησαύρισται.
1599 2536 1744 2611 Αὕτη
1793 2539 1847 2594 δὲ

283 2620 391 2677 νῦν
439 2622 596 2694 καινὴ
635 2622 732 2678 οὐκ
787 2621 890 2690 ἔξω
940 2623 1099 2695 λόγου
1156 2624 1347 2695 ἐφόσον
1383 2628 1448 2698 τῇ
1502 2624 1594 2682 τοῦ
1645 2631 1846 2701 Κυρίου

285 2728 566 2786 παρουσίᾳ
595 2718 773 2769 ἐκεῖνα
815 2720 878 2785 τῇ
908 2717 1223 2786 παλαιότητι
1255 2717 1558 2788 ήχρειοῦτο.
1611 2721 1845 2791 ’Δνάγκη

283 2810 405 2874 ἄρα
459 2807 648 2877 καινὴν
685 2806 779 2859 τοῦ
824 2809 1026 2869 παντὸς
1076 2810 1444 2879 καινοποιήσει
1495 2809 1847 2881 Ἰερουσαλὴμ

284 2898 729 2967 ἐμφανισθῆναι,
776 2899 873 2950 καὶ
921 2899 980 2961 ἐξ
1019 2898 1245 2967 οὐρανοῦ
1283 2898 1600 2962 κατιοῦσαν,
1654 2900 1845 2951 ὁπόθεν

283 2985 603 3045 καινοποιδς
660 2985 861 3054 Κύριος
927 2986 1131 3053 Ἰησοῦς
1180 2988 1429 3055 Χριστός.
1496 2987 1841 3056 Ἰερουσαλήμ

288 3078 395 3146 μὲν
422 3071 515 3127 οὖν
543 3073 734 3143 καινὴν
754 3114 769 3138 ,
808 3073 896 3125 διὰ
926 3074 1114 3125 τοῦτο·
1144 3075 1297 3126 πόλιν
1321 3074 1396 3136 δὲ,
1429 3075 1502 3137 ὡς
1534 3076 1843 3143 οἰκητήριον

282 3165 506 3217 πάντων
535 3162 780 3229 ἀγγέλων
815 3163 907 3214 καὶ
943 3162 1240 3230 ἀνθρώπων
1286 3162 1570 3231 ἐσομένην.
1619 3163 1754 3215 Ὑπὸ
1786 3165 1842 3215 δέ

280 3254 383 3306 τοῦ
423 3252 557 3305 Θεοῦ
604 3252 964 3321 ήτοιμᾶσθαι·
1014 3253 1066 3304 τί
1120 3252 1227 3322 γάρ
1282 3269 1367 3314 τις
1412 3252 1517 3305 τῶν
1564 3254 1843 3322 σωτηρίων

284 3343 468 3413 ἐαυτῷ
516 3342 798 3413 κατορθοῖ,
829 3343 927 3411 τῆς
974 3343 1077 3395 ἀπὸ
1105 3342 1195 3395 τοῦ
1241 3342 1373 3395 Θεοῦ
1414 3343 1844 3412 συναντιλήψεως

282 3435 565 3504 ἀμοιρῶν;
597 3434 882 3503 Τροπικῶς
911 3434 968 3486 δὲ
1013 3436 1565 3503 καὶ-μεγαλοπρεπῶς
1606 3435 1680 3498 ὡς
1709 3436 1843 3505 νύμ-

285 3506 398 3595 φην
423 3527 785 3594 κεκόσμηκεν,
815 3525 885 3588 ὡς
914 3524 979 3577 ἀν
1011 3526 1074 3577 ἐκ
1097 3526 1203 3579 τῶν
1224 3526 1493 3595 αίσθητῶς
1519 3526 1841 3595 λεγομένων,

285 3618 369 3673 είς
394 3616 493 3684 τὴν
516 3616 707 3685 νοητήν
729 3615 836 3667 τῶν
861 3615 1030 3681 ἀγίων
1058 3617 1430 3684 μακαριότητα
1458 3616 1551 3669 καὶ⁵
1572 3617 1845 3687 διαγωγὴν

283 3704 380 3755 τὸν
407 3704 530 3754 νοῦν
564 3703 1021 3771 παραπέμψωμεν
1046 3704 1135 3755 τὸν
1161 3705 1444 3774 ἡμέτερον.

359 3916 467 3969 Καί
490 3913 672 3979 αὐτὸς
711 3916 745 3966 δ
778 3912 921 3977 Θεὸς
942 3916 1069 3982 μετ’
1096 3914 1292 3969 αὐτῶν
1322 3915 1511 3968 ἔσται.
1544 3916 1710 3969 Τοῦτο
1745 3935 1832 3970 σα·

286 4006 548 4075 φέστερον
576 4008 603 4057 ό
633 4003 949 4066 Ἀπόστολος
974 4004 1143 4074 δηλῶν
1165 4004 1363 4070 ἔλεγεν*
1395 4024 1413 4054 ι
1437 4006 1664 4057 Ἔπειτα
1685 4008 1841 4075 ἡμεῖς

284 4098 337 4149 οἱ
368 4096 565 4161 ζῶντες
592 4095 640 4147 0i
680 4094 1113 4165 περιλειπόμενοι
1144 4095 1577 4164 ἁρπαγησόμεθα
1607 4097 1663 4147 ἐν
1687 4095 1842 4162 νεφέ-

286 4190 408 4251 λαις
436 4192 515 4251 είς
561 4189 861 4256 ἀπάντησιν
893 4190 984 4243 τοῦ
1017 4190 1219 4259 Κυρίου
1262 4192 1341 4252 είς
1370 4192 1506 4259 ἀέρα
1531 4231 1545 4253 ,
1575 4193 1667 4245 καὶ
1701 4192 1841 4245 οὕτω

288 4279 520 4335 πάντοτε
568 4280 664 4332 σὺν
722 4280 909 4348 Κυρίῳ
962 4280 1216 4348 ἐσόμεθα.
1250 4299 1267 4330 ι
1324 4280 1410 4331 Ἐν
1460 4282 1628 4353 ταύτῃ
1659 4278 1749 4336 οῦν
1773 4286 1837 4353 τῇ

1346 316 1725 375 COMMENT.
1762 317 1840 374 IN
1863 314 2383 375 APOCALYPSIN.

373 422 484 474 Καὶ
517 422 549 488 ἡ
576 420 853 474 θάλασσα
883 422 990 474 οὐκ
1018 421 1185 473 ἐστιν
1212 419 1316 474 ἔτι.
1345 422 1404 471 Εἰ
1426 422 1624 491 κόσμος
1650 415 1798 481 οὗτος
1822 424 1845 473 ὁ

2022 420 2087 472 Et
2121 437 2261 472 mare
2290 436 2392 471 non
2431 429 2504 471 est
2534 421 2786 487 amplius.
2828 419 2882 472 Si
2917 420 3149 472 mundus
3198 420 3281 471 hie
3321 438 3356 471 s.

1882 1731 1921 1785 Β

3384 317 3492 377 762

3402 419 3493 471 tSi"

1956 511 2078 564 bilis
2108 527 2210 563 non
2243 510 2385 563 aliud
2412 519 2683 577 estquam
2712 512 3062 579 congregatio
3094 521 3144 563 et
3175 510 3495 562 eoadunatio

1953 616 2015 651 ex
2048 601 2183 651 ratio
2216 609 2267 650 et
2286 609 2425 650 terra
2447 608 2496 649 et
2529 598 2883 662 intermediis,
2914 604 3093 663 utique
3115 599 3253 651 cosio
3276 609 3327 651 ct
3354 607 3497 650 terra

1954 690 2240 749 renovatis,
2279 698 2334 739 nt
2359 688 2469 755 jam
2501 690 2553 741 in
2588 688 2823 740 medium
2880 689 3223 756 protulimus,
3276 687 3498 739 omnino

1952 779 2114 835 etiam
2140 794 2199 830 ea
2230 794 2348 845 qua:
2374 777 2682 842 huiusmodi
2710 779 3182 844 congregationem
3204 778 3496 844 complent,

1954 881 2055 917 non
2087 875 2245 917 erunt
2277 866 2516 931 expertia
2550 864 2939 917 renovationis.
2990 866 3169 928 Quare
3211 868 3371 934 igitur
3407 882 3498 917 so-

1952 955 2059 1022 lum
2111 969 2256 1006 mare
2303 955 2447 1021 quod
2498 954 2548 1006 in
2591 953 2765 1005 medio
2822 962 3194 1006 creaturarum
3248 964 3350 1017 est,
3391 972 3495 1007 non

1951 1046 2122 1096 solum
2154 1044 2499 1095 renovatione
2532 1042 2854 1095 frustratum
2883 1052 2985 1106 est,
3018 1044 3111 1096 scd
3134 1052 3186 1095 et
3213 1044 3325 1111 ipsa
3355 1047 3499 1097 exsi-

1951 1134 2172 1185 stentia?
2204 1134 2258 1185 Si
2304 1147 2478 1186 autem
2520 1134 2664 1185 dicat
2698 1134 2842 1201 quis,
2894 1133 3036 1200 quod
3084 1148 3203 1185 cum
3256 1148 3360 1185 non
3393 1136 3499 1186 sint

1950 1224 2039 1290 qui
2074 1225 2124 1274 in
2162 1240 2224 1276 eo
2252 1225 2525 1291 navigent.
2554 1240 2662 1276 non
2695 1235 2777 1277 est
2805 1239 3027 1277 necesse
3060 1224 3188 1275 illud
3226 1224 3497 1291 appellare

1950 1314 2090 1378 quod
2128 1329 2267 1365 nunc
2295 1324 2376 1367 est
2408 1332 2419 1365 :
2458 1322 2598 1365 recte
2632 1314 2846 1381 quidem
2871 1329 2883 1363 :
2907 1328 3089 1365 verum
3121 1313 3297 1367 sinere
3324 1314 3495 1379 ipsum

1952 1402 2133 1455 Venire
2162 1403 2224 1453 ad
2264 1402 2570 1453 absolutum
2615 1403 2930 1466 interitum,
2966 1411 3047 1454 est
3096 1402 3495 1453 renmationem

1950 1504 2013 1541 ex
2044 1488 2261 1539 dimidia
2300 1499 2448 1555 parte
2479 1490 2709 1541 efﬁcere.
2736 1488 2875 1552 Quid
2910 1490 3071 1556 igitur
3095 1490 3158 1541 ad
3193 1490 3293 1541 hoc
3318 1488 3499 1541 dicen-

1952 1579 2077 1631 dum
2114 1578 2239 1631 est?
2273 1580 2349 1630 An
2385 1579 2572 1647 utique
2605 1579 2759 1641 illud,
2792 1579 2935 1647 quod
2968 1580 3091 1646 quia
3123 1578 3212 1631 Dei
3246 1578 3498 1647 progeni-

1952 1674 2039 1719 tor
2070 1668 2201 1720 mari
2241 1669 2381 1721 hunc
2411 1669 2669 1720 mundum
2706 1668 3043 1728 assimilavit,
3078 1669 3404 1730 necessario,
3437 1683 3500 1720 ne

1953 1757 2075 1823 quis
2103 1756 2171 1808 ad
2201 1756 2319 1809 (εωιί
2353 1765 2405 1808 et
2437 1766 2589 1809 terra:
2625 1757 3030 1809 renovationem
3072 1757 3230 1808 etiam
3268 1757 3498 1809 mentio-

1957 1860 2073 1897 nem
2107 1844 2283 1898 facere
2315 1845 2379 1897 de
2424 1848 2578 1898 tui-ha
2620 1862 2739 1913 qum
2769 1849 2819 1897 in
2858 1845 2987 1913 ipsis
3021 1855 3124 1908 est,
3157 1861 3252 1914 per
3281 1846 3498 1899 absolu-

1953 1942 2066 1985 tum
2105 1934 2270 1987 maris
2312 1934 2587 1987 interitum
2624 1934 2779 2001 juxta
2822 1936 3176 2004 tropologiam
3214 1935 3375 1988 David
3411 1935 3499 1987 illa

1951 2025 2156 2075 notavit
2181 2032 2231 2074 et
2262 2022 2491 2089 accepit,
2546 2023 2701 2089 quasi
2760 2025 3033 2076 incassum
3076 2024 3237 2077 etiam
3296 2025 3395 2077 hoc
3445 2024 3498 2076 in

1950 2110 2299 2165 renovatione
2325 2118 2470 2164 esset
2498 2110 2846 2164 addendum?

2014 2264 2177 2333 820
2200 2261 2268 2315 Et
2295 2262 2402 2315 vidi
2424 2262 2685 2316 civitatem
2710 2272 2944 2316 sanctam
2975 2262 3263 2319 Jerusalem
3290 2282 3495 2324 novam.

1947 2355 2107 2420 Olim,
2130 2353 2323 2422 inquit,
2345 2352 2639 2408 Jerusalem
2666 2355 3065 2409 sanctissimum
3088 2358 3492 2411 tabernaculum

1946 2445 2375 2509 existimabatur,
2416 2444 2469 2498 in
2498 2460 2604 2514 qua
2633 2455 2687 2499 et
2715 2447 2969 2514 templum
3005 2454 3058 2499 et
3085 2448 3264 2501 omnia
3302 2450 3495 2502 divina:

1948 2535 2269 2608 cognitionis
2337 2537 2589 2608 mysteria
2631 2545 2785 2593 erant
2827 2537 3132 2603 recondita;
3165 2537 3279 2593 haec
3320 2546 3491 2592 autem

1947 2643 2089 2682 nunc
2113 2643 2221 2681 non
2267 2628 2363 2681 abs
2408 2643 2468 2680 re
2510 2642 2647 2681 nova
2695 2628 2916 2691 dicitur,
2965 2638 3230 2696 quatenus
3280 2630 3367 2681 illa
3396 2645 3487 2698 per

1946 2721 2235 2773 adventum
2267 2717 2481 2771 Domini
2514 2727 2781 2773 vetustate
2832 2730 2960 2773 sunt
2998 2720 3193 2772 abolita
3230 2738 3242 2772 :
3278 2737 3497 2773 necesse

1947 2807 2236 2873 estitaque
2288 2821 2481 2859 novam
2519 2806 2819 2861 Jerusalem
2870 2811 3218 2863 renovatione
3262 2811 3498 2865 unirersi

1944 2910 2222 2963 apparere,
2261 2904 2314 2948 et
2349 2896 2415 2949 de
2455 2898 2593 2950 caalo
2639 2899 3081 2960 descendentem,
3132 2904 3273 2953 unde
3323 2918 3497 2954 novus

1943 2984 2191 3051 apparuit
2221 2983 2484 3038 Dominus
2520 2985 2646 3039 Jesu
2681 2987 2953 3055 Christus.
2982 2989 3278 3042 Jerusalem
3311 2993 3497 3059 itaque

1947 3084 2163 3143 propter
2189 3075 2290 3127 hoc
2322 3076 2519 3129 dicitur
2553 3091 2569 3130 :
2603 3077 2793 3129 civitas
2844 3092 2990 3141 vero,
3040 3088 3296 3145 tanquam
3345 3055 3494 3132 [ιῖιιι-

1948 3179 2065 3216 rum
2109 3164 2468 3218 habitaculum
2516 3175 2834 3219 cunctorum
2870 3166 3180 3233 angeloruu‘.
3235 3182 3289 3219 et
3320 3167 3494 3219 homi-

1950 3268 2099 3305 num.
2144 3258 2180 3304 A
2228 3254 2335 3305 Deo
2393 3264 2573 3305 autem
2648 3264 2830 3321 parata
2872 3271 2885 3305 :
2935 3254 3063 3322 quid
3118 3253 3260 3305 enim
3317 3264 3491 3321 posset

1948 3344 2215 3411 quispiam
2256 3355 2511 3412 pra'stare
2536 3344 2674 3412 quod
2704 3344 2805 3397 sihi
2839 3344 2901 3396 ad
2931 3345 3153 3397 salutem
3186 3344 3417 3403 cederet.
3446 3346 3492 3397 si

1926 3448 2141 3500 expers
2182 3434 2252 3485 sit
2286 3434 2470 3485 auxilii
2515 3432 2659 3500 quod
2701 3448 2731 3485 a
2759 3433 2868 3485 Deo
2909 3433 3029 3486 est?
3060 3434 3335 3487 Moraliter
3364 3448 3492 3487 vero

1947 3521 2112 3573 etiam
2163 3522 2449 3589 magniﬁce
2487 3531 2745 3590 tanquam
2805 3538 3061 3591 sponsam
3098 3524 3401 3589 adornavit,
3436 3534 3493 3578 ut

1947 3626 2009 3664 ex
2049 3611 2397 3664 sensibilibus
2430 3612 2496 3663 ad
2531 3612 2946 3665 intellectualem
2980 3623 3287 3667 sanctorum
3324 3616 3495 3668 beati-

1950 3700 2184 3753 tudinem
2215 3717 2276 3754 ac
2302 3704 2770 3756 conversationem
2818 3702 3210 3759 transferamus
3255 3714 3489 3758 mentem

1948 3796 2215 3841 nostram.

2016 3913 2084 3964 Et
2109 3915 2215 3981 ipse
2240 3914 2371 3965 Deus
2395 3931 2511 3965 cum
2532 3916 2604 3966 eis
2626 3916 2744 3969 erit.
2770 3914 2883 3968 Hoc
2912 3917 3255 3971 manifestius
3285 3919 3487 3985 signifi-

1946 4019 2074 4057 cans
2110 4006 2421 4072 Apostolus,
2476 4006 2650 4058 dixit:
2689 4024 2706 4055 ι
2741 4004 2849 4059 Nos
2877 4008 2965 4074 qui
3000 4008 3231 4061 vivimus
3277 4010 3368 4076 qui
3403 4025 3487 4062 re-

1945 4093 2257 4165 linquimur,
2293 4096 2563 4163 rapiemur
2587 4097 2797 4148 chriam
2823 4095 3041 4150 Christo
3073 4097 3125 4149 in
3156 4114 3302 4160 aera,
3334 4110 3385 4152 et
3404 4099 3485 4152 sic

1945 4199 2156 4255 semper
2203 4201 2323 4237 eum
2389 4183 2617 4238 Domino
2673 4187 2878 4240 erimus
2922 4188 2963 4239 ⁸.
3010 4206 3028 4239 ›
3078 4187 3135 4240 In
3181 4188 3281 4242 hoc
3325 4191 3487 4257 igitur

1947 4276 2310 4338 tabernaculo,
2339 4292 2441 4327 non
2475 4274 2805 4338 Inanufaclo,
2854 4290 2959 4328 non
2989 4277 3089 4329 erit
3125 4277 3279 4332 ﬂetus
3314 4295 3487 4349 neque

290 4369 462 4434 σκηνῇ
511 4368 573 4434 τῇ
624 4367 1018 4436 ἀχειροποιήτῳ
1053 4369 1151 4418 οὐκ
1200 4368 1351 4419 ἔσται
1404 4368 1675 4435 κλαυθμὸς
1720 4370 1841 4422 οὔτε

1947 4362 2200 4432 lacryma.
2232 4368 2363 4430 quae
2412 4365 2623 4416 mortali
2670 4366 2790 4416 vitae
2832 4375 3054 4435 cognata
3110 4380 3262 4427 sunt.
3320 4384 3487 4437 neque

286 4452 521 4518 δάκρυον
574 4453 641 4504 τά
689 4452 941 4521 σύστοιχα
986 4456 1060 4521 τῷ
1097 4457 1341 4526 ἐπικήριρ
1390 4456 1490 4525 βίῳ
1522 4457 1840 4521 οὔτεοπόνος

1940 4454 2122 4507 labor:
2157 4462 2463 4507 sanctorum
2498 4454 2837 4508 alﬂictionem
2868 4456 3010 4521 dico,
3041 4471 3201 4525 quam
3242 4460 3293 4511 in
3335 4459 3488 4527 flagi-

290 4539 407 4607 (τὴν
428 4539 534 4589 τῶν
568 4539 736 4603 ἁγίων
768 4540 911 4607 λέγω
948 4544 1312 4595 κακοπάθειαν
1340 4548 1403 4613 ἢν
1437 4546 1743 4614 ὑπέστησαν
1784 4550 1841 4598 ἐν

1944 4544 2075 4595 liosa
2105 4552 2157 4595 et
2183 4544 2453 4595 laboriosa
2486 4544 2584 4595 hac
2614 4544 2719 4596 vita
2767 4544 3144 4599 sustinuerunt
3180 4566 3192 4600 :
3227 4547 3277 4599 in
3308 4548 3483 4602 futura

286 4628 364 4695 τῷ
393 4628 647 4697 μοχθηρῷ
677 4629 846 4698 τούτῳ
875 4632 970 4699 βίῳ
991 4634 1031 4697 )·
1070 4635 1125 4683 ἐν
1158 4635 1345 4700 ἐκείνῳ
1376 4637 1432 4687 δέ
1460 4638 1535 4704 τῷ
1569 4638 1834 4704 μέλλοντι,

291 4717 414 4768 ἐπεὶ
443 4718 515 4777 ὡς
554 4717 813 4785 ἀφθάρτῳ
842 4720 1049 4785 ἀπέδρα
1085 4721 1225 4789 λύπη
1257 4723 1347 4773 καὶ
1383 4724 1539 4791 ὀδύνη
1585 4726 1674 4776 καὶ
1715 4742 1836 4777 στε-

287 4806 513 4873 ναγμὸς,
537 4806 682 4873 ἀργὰ
705 4808 871 4859 ταῦτα
908 4810 1082 4861 πάντα
1110 4812 1203 4862 καὶ
1238 4812 1484 4878 περιττά.

360 4957 488 5007 ὀτι
523 4956 592 5007 τὰ
621 4956 816 5021 πρῶτα
839 4958 1088 5026 ἀπῆλθε.
1135 4959 1214 5011 Τὰ
1243 4961 1449 5028 πρῶτα,
1489 4962 1556 5016 τά
1603 4965 1709 5017 ἀπὸ
1737 4968 1832 5035 τῆς

286 5044 645 5113 παραϐάσεως
712 5046 880 5115 Ἀδάμ
927 5051 991 5116 τῇ
1052 5049 1224 5117 φθορᾷ
1281 5050 1677 5121 ὑποϐληθέντα,
1725 5056 1833 5107 εἴτε

283 5134 488 5203 ὀχληρά
522 5133 611 5185 καὶ
657 5134 901 5187 ἐπώδυνα
943 5142 1051 5199 τοῖς
1089 5138 1355 5206 θεοφιλέσι
1405 5141 1472 5194 δι’
1513 5142 1707 5213 ἀρετὴν
1746 5146 1834 5197 εύ-

282 5227 626 5298 πορούμενα,
659 5227 763 5278 εἴτε
807 5229 873 5279 δι’
906 5230 1218 5295 ἀλαζονείαν
1256 5234 1347 5285 καὶ
1384 5234 1690 5307 ἀφροσύνην
1722 5240 1831 5303 τοῖς

283 5317 631 5372 θεοϐλασέσιν
659 5318 1134 5387 ἐπακολουθοῦντα,
1163 5324 1335 5377 πάντα
1362 5323 1586 5393 ἀπῆλθε.

362 5576 433 5636 ⁸1
464 5574 652 5635 Thess.
682 5589 748 5639 tv,
790 5574 869 5629 ιο.

1932 4638 2105 4683 autem
2153 4631 2259 4681 vita
2302 4647 2423 4683 cum
2484 4634 2805 4686 immortalis
2848 4635 2918 4686 sit
2954 4672 2969 4695 ,
3017 4635 3151 4703 fugit
3210 4636 3382 4691 luctus
3436 4648 3487 4693 et

1933 4722 2087 4773 dolor
2120 4735 2181 4771 ac
2208 4721 2439 4787 gemitus
2474 4738 2486 4773 :
2512 4730 2566 4773 et
2597 4722 2668 4773 ita
2695 4723 2869 4776 otiosa
2899 4733 3061 4778 erunt
3089 4726 3201 4780 haec
3228 4730 3408 4783 omnia
3431 4738 3484 4782 et

1932 4824 1993 4863 su
2001 4808 2222 4877 perﬂua.

2012 4962 2271 5026 Quoniam
2296 4967 2465 5033 prima
2497 4967 2755 5023 abierunt.
2789 4968 2965 5023 Prima
2993 4987 3112 5041 qum
3132 4988 3162 5026 a
3192 4982 3480 5038 transgres-

1940 5052 2092 5107 sione
2120 5055 2288 5108 Adam
2322 5058 2723 5126 corruptionem
2752 5062 3169 5124 comitabantur,
3215 5060 3325 5111 sive
3359 5072 3472 5108 mo-

1932 5144 2065 5198 lesta
2092 5160 2157 5199 ac
2182 5146 2433 5201 dolorosa
2468 5164 2588 5215 quae
2621 5149 2673 5201 in
2706 5150 2896 5203 amicis
2928 5150 3017 5201 Dei
3051 5156 3267 5216 propter
3298 5146 3474 5196 virtu«

1932 5245 2035 5290 tem
2065 5238 2360 5303 abundant,
2392 5240 2506 5293 sive
2536 5247 2751 5307 propter
2786 5238 3086 5306 superbiam
3132 5251 3195 5288 ac
3219 5234 3477 5301 insipien-

1929 5327 2058 5379 tiam
2108 5327 2303 5396 impios
2347 5344 2409 5385 ac
2441 5328 2759 5384 temerarios
2804 5333 3240 5395 consequuntur,
3294 5327 3473 5378 omnia

1929 5418 2201 5475 abierunt.
