4126 6332
539 257 643 321 763

1097 368 1328 424 CAPUT
1362 368 1546 422 LXVI.

544 485 617 535 De
642 483 722 534 his
757 497 872 549 qut:
919 480 1058 532 dixit
1089 481 1133 532 is
1166 481 1254 548 qui
1288 481 1426 533 visus
1452 491 1527 534 est
1564 482 1616 534 in
1659 483 1846 535 throno
1899 483 2103 536 sedem.

614 657 752 719 XXI,
779 657 897 709 5—8.
925 654 992 708 Et
1013 656 1144 707 dixit
1169 655 1552 723 quisedebatin
1575 656 1795 709 throno:
1817 654 1950 709 Ecce
1970 645 2104 710 nova

543 751 684 816 {licio
704 748 896 799 omnia.
917 745 984 797 Et
1008 749 1080 797 ait
1108 747 1266 797 mihi:
1288 745 1491 808 Scribe,
1510 747 1756 814 quoniam
1781 747 1833 798 hi
1851 746 2103 825 ﬁdeles.”

544 840 645 889 veri
674 852 930 888 sermones
955 835 1203 886 Deisunt.
1242 833 1307 884 Et
1341 836 1475 887 dixit
1505 834 1632 887 mihi
1661 851 1677 886 .'
1702 834 1861 903 821
1897 833 2098 888 Factus

544 946 655 980 sum
687 945 777 996 ego
801 946 830 979 ιι
852 938 896 979 et
926 946 989 990 ω,
1018 927 1229 977 initium
1255 936 1299 976 et
1331 926 1475 991 ﬁnis.
1503 923 1614 993 Ego
1639 926 1838 978 sitienti
1867 925 2004 977 dabo
2037 924 2101 977 de

542 1020 684 1086 fonte
718 1033 866 1086 aqua:
913 1018 1030 1068 vitm
1065 1017 1250 1084 gratis.
1284 1013 1349 1066 Ei
1377 1016 1464 1082 qui
1494 1015 1669 1067 vicerit
1697 1014 1829 1067 dabo
1859 1016 1970 1069 Itwc
2004 1030 2021 1067 :
2054 1023 2101 1066 et

539 1127 627 1160 ero
651 1111 748 1176 ipsi
778 1111 932 1170 Deus,
953 1117 1001 1160 et
1020 1109 1125 1173 ipse
1153 1106 1257 1158 erit
1299 1107 1423 1158 mihi
1445 1107 1616 1173 filius.
1648 1104 1976 1160 Timidorum
2001 1122 2102 1157 att-

527 1182 638 1249 tem
661 1209 706 1250 et
736 1199 1148 1258 incredulorum,
1174 1207 1220 1247 et
1246 1183 1601 1257 peccatorum,
1623 1202 1672 1247 et
1689 1203 2102 1259 exsecratorttm,

541 1299 590 1340 et
615 1288 1025 1346 homicidarum,
1052 1296 1100 1338 et
1145 1294 1516 1348 scortatorum,
1546 1296 1591 1338 et
1643 1285 2005 1351 veneﬁcarum,
2057 1295 2106 1338 et

542 1379 1026 1441 idololatrarum,et
1048 1377 1278 1428 omnium
1302 1375 1695 1427 mendaciorum
1741 1390 1865 1440 pars
1901 1375 2003 1426 erit
2052 1374 2105 1425 in

543 1480 727 1536 stagno
743 1469 945 1519 ardenti
969 1469 1085 1534 igne
1109 1479 1156 1517 et
1170 1466 1439 1532 sulphure,
1458 1464 1594 1532 quod
1608 1475 1683 1517 est
1703 1479 1842 1516 more
1857 1464 2104 1518 secunda.

544 1562 637 1610 καὶ
682 1558 826 1612 πᾶσι
875 1557 993 1620 τοῖς
1054 1554 1326 1620 ψευδέσι,
1372 1557 1436 1607 τὸ
1477 1553 1655 1622 μέρος
1691 1553 1889 1609 αὐτῶν
1925 1555 1993 1608 ἐν
2035 1554 2106 1622 τῇ

544 1653 577 1700 ὀ
606 1649 898 1714 δεύτερος.

615 1736 868 1790 Thronus
905 1736 998 1788 Dei
1036 1744 1163 1789 sunt
1195 1735 1246 1788 hi
1281 1734 1373 1803 qui
1410 1734 1619 1802 seipsos
1650 1733 1941 1788 virtutibus
1970 1748 2105 1787 con-

546 1828 837 1880 stituerunt
893 1826 1074 1878 sedem
1119 1841 1182 1878 ac
1222 1825 1527 1878 vehiculum
1568 1825 1761 1894 ipsius,
1794 1826 1860 1879 de
1906 1825 2106 1894 quibus

544 1918 710 1969 etiam
743 1916 871 1969 dicit
918 1917 1034 1982 ipse
1079 1916 1171 1983 qui
1206 1916 1256 1967 in
1285 1915 1365 1968 eis
1396 1915 1546 1969 sedet
1583 1934 1595 1970 :
1633 1935 1650 1968 (
1699 1915 2019 1970 lnhabitabo
2050 1916 2103 1970 in

545 2006 653 2059 illis
683 2016 732 2060 et
769 2006 1119 2058 inambulabo
1154 2007 1194 2058 ⁷.
1241 2024 1258 2056 ι

622 2096 883 2160 Quoniam
914 2095 965 2146 hi
993 2096 1169 2162 ﬁdeles
1198 2106 1245 2148 et
1292 2098 1398 2148 veri
1434 2113 1692 2150 sermones
1727 2097 1822 2150 Dei
1855 2106 1997 2152 sunt.
2031 2097 2107 2151 Ne

544 2187 848 2249 existimes,
878 2202 909 2240 ο
937 2185 1196 2249 Joannes,
1223 2203 1344 2252 qua:
1377 2186 1471 2239 tibi
1496 2187 1641 2240 dicta
1667 2199 1792 2241 sunt
1814 2187 1882 2241 de.
1910 2203 2105 2255 magna

547 2273 926 2325 innovatarum
961 2289 1142 2326 rerum
1176 2274 1498 2334 mutatione,
1523 2285 1775 2342 tauquam
1803 2290 1896 2342 per
1915 2275 2112 2344 hyper-

552 2363 708 2412 bolen
747 2362 1155 2429 imaginationis
1191 2362 1417 2416 subesse
1449 2361 1627 2416 fallaci
1654 2363 1814 2418 alicui
1843 2366 2058 2418 eventui
2092 2382 2106 2418 :

549 2452 686 2504 adeo
725 2452 872 2512 enim
915 2467 1039 2504 vera
1092 2462 1240 2517 sunt,
1280 2464 1337 2505 ttt
1378 2454 1545 2507 etiam
1579 2454 1676 2508 tibi
1713 2457 2020 2525 prtecipiam
2051 2467 2112 2512 ut

550 2541 663 2593 hinc
715 2542 996 2608 scriptura-
1047 2543 1433 2605 commendes,
1470 2560 1534 2598 ne
1563 2545 1817 2597 oblivioni
1865 2545 2110 2599 ttadatur

548 2628 692 2695 quod
731 2630 1068 2699 contingent.
1113 2629 1231 2684 Veri
1263 2633 1406 2685 enim
1442 2640 1495 2686 et
1528 2633 1709 2688 tideles
1738 2642 1864 2690 sunt
1897 2650 2110 2690 sermo-

551 2733 668 2782 nes,
710 2729 968 2787 tanquam
1008 2722 1074 2773 ab
1122 2737 1186 2774 eo
1219 2723 1310 2789 qui
1360 2737 1485 2776 vere
1527 2733 1607 2776 est
1644 2724 1842 2778 veritas
1891 2724 2108 2794 prolati.

551 2806 882 2877 Principium
924 2821 1102 2864 autem
1140 2821 1193 2865 et
1221 2813 1344 2866 linis
1383 2823 1466 2867 est
1514 2812 1789 2879 Christus,
1821 2818 1914 2885 qui
1943 2817 2110 2871 etiam

551 2916 584 2948 α
615 2908 667 2953 ct
697 2918 740 2950 ω
782 2902 881 2953 sibi
917 2903 1175 2955 vindicat.
1226 2903 1578 2974 Principium,
1619 2917 1871 2976 tanquam
1903 2909 2111 2976 primus

552 3000 771 3056 promer
814 2992 1150 3045 divinitatem
1183 3011 1195 3046 :
1227 2995 1348 3048 ﬁnis
1400 3011 1552 3061 vero,
1591 3007 1846 3065 tanquam
1877 3013 1906 3050 a
1936 2999 2108 3067 prima

1372 252 1694 311 ARETH/E
1729 251 2104 311 CESAREIE
2143 250 2624 313 CAPPADOCI/E
2657 251 2994 311 EPISCOPI

3662 242 3790 311 ’164

2793 367 3041 420 usus.
3072 362 3204 432 zq'.

2212 482 2346 551 Περὶ
2386 476 2474 535 ὧν
2516 481 2686 536 εἷπεν
2736 485 2768 536 ὀ
2815 481 2885 533 ἐν
2931 478 3011 544 τῷ
3056 478 3252 551 θρόνῳ
3305 475 3637 546 καθήμενος
3680 475 3793 529 και

2870 549 3065 616 όραθεί
3067 567 3118 613 ς.

2274 662 2385 716 Kal
2432 657 2602 715 εἶπεν
2645 661 2677 714 ό
2721 659 3055 727 καθήμενος
3102 657 3200 710 ἐπι
3250 656 3328 721 τῷ
3363 654 3585 725 θρόνῳο
3633 655 3793 709 Ἰδοὺ

2204 751 2332 806 ἰδοὺ
2359 751 2556 814 πάντα
2584 751 2758 804 καινὰ
2783 748 2948 804 ποιῶ.
2999 748 3107 802 Kal
3136 747 3297 816 λέγει
3330 764 3431 816 μοι
3463 763 3476 778 ·
3507 747 3789 814 Γράψον,

2202 841 2290 894 ὅτι
2321 835 2488 894 οὗτοι
2525 840 2581 891 οι
2610 836 3026 906 λόγοιίπιστοί
3056 836 3155 889 καὶ
3186 835 3460 900 ἀληθινοί
3490 836 3595 888 τοῦ
3632 835 3790 888 Θεοῦ

2203 930 2339 980 εισι.
2381 925 2489 979 Καὶ
2535 921 2665 977 εἶπέ
2711 940 2846 993 μοι’
2881 923 3113 993 Γέτονιι
3157 923 3269 992 ἐγὼ
3316 924 3381 977 τὸ
3423 941 3460 977 a
3494 926 3588 977 καὶ
3623 925 3685 975 τὸ
3717 944 3790 985 ω,

2203 1017 2358 1086 ἀρχὴ
2397 1017 2489 1069 καὶ
2520 1015 2713 1080 τέλος.
2767 1015 2907 1085 Ἐγὼ
2933 1013 3010 1079 τῷ
3053 1014 3301 1082 διψῶντι
3325 1015 3497 1067 δώσω
3528 1015 3686 1078 αὐτῷ
3717 1016 3794 1068 ἐκ

2206 1106 2315 1175 τῆς
2331 1103 2530 1174 πηγῆς
2548 1104 2651 1158 τοῦ
2668 1103 2886 1170 ὓδατος
2906 1102 3013 1169 τῆς
3037 1101 3205 1171 ζωῆς.
3228 1104 3472 1171 δωρεάν.
3511 1103 3563 1155 '0
3580 1106 3792 1178 νικῶν⁹

2202 1193 2374 1245 δώσω
2398 1189 2559 1254 αὑτῷ
2590 1189 2793 1254 ταῦτα,
2817 1192 2915 1244 καὶ
2940 1192 3154 1259 ἔσομαι
3176 1191 3334 1257 αὐτῷ
3361 1193 3526 1258 Θεὸς,
3550 1193 3647 1245 καί
3676 1196 3752 1244 an
3771 1221 3794 1231 -

2204 1284 2307 1348 τὸς
2338 1284 2507 1337 ἔσται
2531 1297 2632 1349 μοι
2666 1282 2813 1346 υιός.
2849 1280 2983 1346 Τοῖς
3011 1283 3078 1335 δὲ
3119 1283 3342 1350 δειλοῖς
3369 1286 3469 1338 καὶ
3503 1285 3794 1348 ἀπίστοις

2206 1375 2302 1427 καὶ
2332 1372 2701 1440 ἁμαρτωλοῖς
2738 1371 2835 1423 καὶ
2864 1371 3341 1442 ἐϐδελυγμένοις,
3370 1374 3469 1427 και
3505 1375 3788 1443 φονεῦσιν

2207 1463 2307 1517 και
2339 1464 2607 1530 πόρνοις,
2640 1461 2736 1514 καὶ
2771 1460 3123 1529 φαρμακοῖς,
3161 1463 3258 1515 καί
3285 1463 3744 1530 εἰδωλολάτραις
3771 1500 3792 1523 ,

2144 1555 2327 1623 λίμνῃ
2360 1553 2434 1624 τῇ
2467 1551 2748 1621 καιομένῃ
2779 1554 2921 1621 πυρὶ
2981 1555 3078 1606 καί
3103 1555 3256 1619 θείῳ,
3294 1553 3327 1609 ὅ
3384 1556 3512 1608 ἐστι
3534 1557 3798 1620 θάνατος

2140 1736 2181 1795 Β
2281 1731 2487 1802 Θρὸνος
2535 1732 2653 1785 ἐστὶ
2698 1732 2793 1785 τοῦ
2825 1729 2961 1784 Θεοῦ
2987 1773 3002 1797 ,
3041 1733 3088 1784 οἱ
3133 1734 3254 1795 ταῖς
3296 1731 3516 1801 ἀρεταῖς
3566 1735 3796 1798 ἑαυτοὺς

2207 1822 2398 1874 τούτου
2427 1820 2610 1890 ὄχημα
2639 1822 3101 1890 καταστήσαντες.
3138 1823 3274 1891 Περὶ
3305 1817 3378 1873 ὦν
3412 1827 3503 1874 καὶ
3539 1826 3565 1875 ὁ
3597 1824 3794 1890 ἔποχος

2207 1912 2410 1964 τούτων
2436 1914 2514 1975 τὸ,
2557 1931 2574 1963 ι
2619 1913 2936 1983 Ἐνοικήσω,
2963 1911 3086 1981 ἔφη,
3112 1912 3168 1964 ὲν
3198 1913 3402 1976 αὐτοῖς,
3433 1914 3527 1965 καὶ
3556 1915 3795 1984 ἐμπερι-

2207 2003 2458 2071 πατήσω.
2498 2021 2515 2054 ι

2281 2093 2400 2144 Ὅτι
2431 2087 2592 2147 οὗτοι
2641 2095 2695 2145 οι
2746 2092 2914 2160 λόγοι
2960 2091 3162 2144 πιστοί
3219 2092 3312 2144 καὶ
3359 2092 3633 2159 ἀληθινοὶ
3681 2095 3790 2148 τοῦ

2211 2182 2358 2234 Θεοῦ
2382 2184 2520 2235 εισι.
2557 2181 2648 2250 Μὴ
2688 2182 2899 2252 νόμιζε,
2959 2183 3158 2251 φησὶν,
3190 2176 3234 2234 ὦ
3279 2184 3499 2252 Ἰωάννη
3523 2226 3535 2248 ,
3585 2189 3649 2254 τῇ
3697 2187 3793 2238 τοῦ

2212 2272 2480 2340 μεγέθους
2522 2273 2631 2325 τῶν
2667 2274 3163 2342 καινοποιονμένων
3213 2275 3497 2329 ἀλλοιώσει
3540 2277 3615 2340 ὡς
3669 2279 3792 2331 καθ’

2214 2361 2317 2411 im:
2329 2361 2523 2432 ρὸολὴν
2553 2364 2876 2430 φαντασίας,
2910 2364 3202 2417 ὑποπεσεῖν
3230 2366 3419 2434 ψευδεῖ
3439 2385 3545 2420 τινι
3570 2370 3792 2422 ἐκϐάσει

2212 2449 2283 2499 τὰ
2319 2448 2588 2516 λεγόμενά
2621 2466 2724 2503 σοι.
2777 2450 3043 2504 Τοσοῦτον
3090 2453 3198 2522 γὰρ
3246 2454 3461 2524 ἀληθῆ,
3507 2456 3649 2509 ὥστε
3696 2460 3795 2511 καὶ

2213 2541 2399 2607 γραφῇ
2440 2538 2770 2591 καταθέσθαι
2811 2557 2870 2591 σε
2899 2539 3072 2594 ταῦτα
3121 2544 3523 2611 παρεγγυῶμαι
3582 2548 3661 2608 εἰς
3697 2550 3793 2599 ἀι-

2213 2624 2505 2693 επίληστον
2561 2624 2653 2676 τοῦ
2714 2625 2795 2676 ὃτι
2860 2626 3168 2696 γενήσεται.
3209 2615 3476 2696 ’Δληθινοὶ
3527 2631 3635 2699 γὰρ
3695 2635 3792 2686 καὶ

2211 2712 2397 2764 πιστοὶ
2418 2714 2466 2765 οἱ
2484 2713 2652 2780 λόγοι,
2675 2712 2750 2775 ὡς
2774 2712 2865 2764 ὑπ’
2895 2715 3059 2782 αὐτῆς
3083 2716 3442 2786 ἐκφερόμενοι
3466 2721 3562 2786 τῆς
3585 2720 3662 2790 τῷ
3678 2721 3792 2774 ὄντι

2213 2802 2489 2871 ἀληθείας.
2526 2803 2691 2874 Ἀρχὴ
2707 2803 2764 2856 δὲ
2784 2805 2878 2858 καὶ
2893 2805 3043 2867 τέλος
3063 2806 3315 2873 Χριστὸς,
3337 2809 3364 2855 ὁ
3381 2809 3546 2861 καὶτὸ
3563 2827 3595 2860 α
3619 2814 3711 2864 καὶ
3730 2812 3791 2864 τὸ

2211 2909 2257 2944 ω
2285 2889 2461 2962 ἑαυτῷ
2491 2891 2707 2955 ἀναθείς
2731 2910 2746 2924 ·
2791 2893 2953 2964 ἁρχὴ,
2979 2895 3053 2958 ὠς
3075 2895 3288 2964 πρῶτος
3310 2895 3397 2950 διὰ
3418 2900 3516 2965 τὴν
3538 2898 3787 2968 Deosqu-

2213 2987 2363 3050 τέλος
2390 2987 2478 3053 δὲ,
2524 2987 2599 3050 ὡς
2641 2989 2750 3042 ἀπὸ
2779 2989 2878 3059 τῆς
2907 2989 3129 3060 πρώτης
3165 2992 3273 3043 τῶν
3316 2993 3620 3062 ἀσωμάτων
3670 2995 3792 3047 κτί-

554 3078 878 3146 incorporea
929 3091 1176 3134 creatura
1226 3099 1397 3151 usque
1427 3087 1492 3138 ad
1526 3095 1833 3152 postremos
1865 3087 2115 3140 homines

2218 3095 2356 3140 σεως
2376 3117 2391 3141 ,
2426 3079 2586 3148 μέχρι
2616 3079 2726 3131 τῶν
2757 3081 3084 3134 τελευταίων
3126 3081 3427 3151 ἀνθρώπων
3455 3086 3554 3152 τὴν
3582 3085 3791 3138 οἰκείαν

554 3182 709 3222 suam
735 3170 1032 3222 extendens
1055 3172 1466 3236 providentiam.
1490 3172 1768 3228 Fitautem
1798 3177 2112 3242 promissio,

555 3257 697 3321 quod
728 3258 931 3309 sitienti
973 3259 1210 3310 dandum
1248 3262 1317 3311 sit
1345 3261 1410 3313 de
1445 3263 1593 3314 fonte
1626 3278 1780 3328 aqua:
1808 3265 1938 3318 vivae
1973 3283 1986 3317 :
2019 3267 2114 3319 sed

558 3345 760 3397 sitienti
830 3347 1144 3412 justitiam,
1200 3351 1343 3402 sicut
1406 3351 1568 3403 etiam
1628 3353 1761 3406 dicit
1817 3354 2112 3410 Christus:

565 3455 580 3487 ι
615 3435 759 3488 Beati
791 3437 883 3502 qui
935 3439 1187 3490 esuriunt
1218 3447 1271 3491 et
1304 3441 1494 3494 sitiunt
1527 3442 1821 3509 justitiam,
1853 3439 2112 3513 quoniam

565 3526 665 3593 ipsi
690 3527 1082 3580 saturabuutur
1109 3528 1148 3579 ⁸.
1185 3547 1201 3578 ι
1232 3529 1305 3583 De
1330 3530 1474 3584 fonte
1501 3547 1630 3585 vero
1657 3548 1810 3602 aqua;
1839 3535 1974 3588 viva:
1995 3536 2116 3592 sitis

568 3614 890 3670 refoeillatio
916 3618 1269 3685 promittitur,
1294 3621 1385 3689 qui
1417 3621 1537 3676 t‘ons
1563 3633 1769 3678 nonest
1790 3624 1930 3680 alius
1953 3642 2115 3695 quam

559 3706 828 3760 Christus.
861 3707 1043 3763 Gratis
1089 3720 1265 3764 autem
1303 3713 1616 3781 hujusmodi
1663 3731 1817 3784 aqua:
1857 3719 2114 3786 suppedi-

560 3797 691 3849 tatio
724 3801 1079 3866 promittitur.
1120 3801 1311 3857 Verum
1339 3821 1459 3859 cum
1489 3807 1616 3861 alibi
1638 3807 1805 3873 dicat,
1830 3810 1968 3863 viam
1995 3828 2114 3881 quin

559 3887 710 3940 ducit
746 3889 810 3941 ad
844 3891 1005 3944 vitam
1062 3893 1243 3947 labore
1270 3907 1321 3949 et
1349 3899 1599 3952 violentia
1640 3915 1831 3969 magna
1864 3903 2112 3966 inveniri,

561 3976 690 4041 quid
731 3977 819 4030 hic
862 3979 1109 4047 designat
1149 3983 1208 4033 τὸ
1255 3984 1481 4050 δωρεὰν,
1531 3987 1582 4038 id
1618 3996 1722 4049 est,
1774 3991 1983 4054 gratis?
2048 4005 2114 4043 an

560 4067 704 4131 quod
740 4083 844 4120 non
897 4071 1105 4137 possint
1131 4075 1444 4137 temporalia
1479 4075 1712 4128 conferri
1754 4077 2013 4131 aeternis?
2046 4078 2119 4130 De

562 4155 759 4222 quibus
787 4157 861 4209 ait
884 4167 937 4210 et
964 4157 1185 4218 Paulus,
1222 4177 1238 4209 t
1277 4160 1392 4212 Non
1414 4171 1539 4213 sunt
1564 4163 1848 4231 condigna:
1874 4165 2120 4219 afﬂictio-

569 4260 663 4297 nes
697 4247 980 4311 praesentis
1034 4250 1294 4316 temporis
1329 4250 1393 4303 ad
1437 4250 1675 4304 futuram
1723 4254 1949 4322 gloriam
2000 4273 2120 4326 qua:

569 4336 898 4389 revelabitur
928 4352 1054 4406 erga
1090 4353 1190 4392 nos
1212 4340 1252 4391 '.
1299 4358 1318 4390 ι

636 4508 955 4562 Timidorunt
987 4525 1176 4568 ,aulem
1205 4524 1254 4567 et
1287 4516 1692 4584 incredulorttm,
1740 4530 1842 4576 etc.
1873 4519 2116 4577 Timidus

569 4611 721 4652 vocat
748 4617 841 4653 eos
881 4604 971 4669 qui
1024 4604 1268 4658 ultronea
1315 4608 1681 4666 imbecillitate
1729 4612 2000 4668 declinant
2049 4614 2115 4668 ad

570 4690 846 4754 pnesentis
873 4692 1058 4743 szeeuli
1099 4694 1421 4761 voluptates,
1473 4713 1538 4751 eo
1589 4701 1729 4768 quod
1783 4702 1913 4756 nihil
1964 4705 2115 4760 virile

571 4777 768 4840 eligunt
802 4790 859 4827 ut
905 4779 1098 4843 ferant,
1134 4792 1186 4834 ct
1229 4784 1303 4836 ita
1351 4788 1513 4840 veluti
1558 4805 1772 4845 nausea:
1798 4792 2115 4847 dissolutio-

573 4878 691 4912 nem
728 4863 778 4912 in
808 4865 1126 4919 mulieribus
1154 4870 1439 4937 vituperat.
1473 4874 1725 4930 Omnium
1757 4890 1932 4933 autem
1965 4899 2115 4935 meu-

573 4953 854 5005 daciorum
889 4955 1040 5018 dicit,
1080 4967 1133 5010 et
1161 4974 1267 5011 non
1315 4966 1672 5030 mendacium,
1725 4970 1886 5040 822
1918 4986 1978 5026 ut
2013 4987 2113 5027 vox

573 5045 660 5097 iLla
705 5047 1129 5113 comprehendat
1173 5052 1336 5103 etiam
1381 5054 1668 5111 etlicaciam
1722 5062 1772 5115 in
1823 5065 2119 5130 operando.

571 5137 722 5189 Circa
756 5153 874 5206 quae
901 5141 1046 5193 enim
1072 5141 1176 5194 alia
1203 5143 1441 5194 studium
1470 5146 1748 5205 adhiberet
1778 5153 1822 5206 is
1847 5155 1936 5222 qui
1971 5170 2121 5206 men-

573 5231 676 5282 dax
733 5243 813 5284 est
865 5232 971 5286 nisi
1019 5233 1088 5286 ad
1147 5235 1427 5289 mendacia
1463 5247 1514 5290 et
1561 5255 1621 5291 ea
1669 5259 1786 5310 qua:
1819 5245 2120 5299 naturalem

575 5329 931 5386 corrumpunt
961 5322 1418 5389 pulchritudinem
1458 5325 1650 5383 fucatis
1682 5347 1742 5385 ac
1767 5335 2122 5389 fraudulentis

574 5405 1011 5464 irritationibus?

644 5563 662 5595 ⁷
691 5559 735 5615 ll
764 5560 886 5614 Cor.
941 5579 1012 5630 vi,
1049 5565 1132 5618 l6.
1207 5567 1229 5600 ⁸
1257 5568 1446 5626 Matth.
1479 5589 1529 5641 ν,
1569 5573 1620 5626 6.
1699 5575 1718 5606 ⁸
1746 5576 1901 5631 ιιυω.
1938 5593 2056 5644 vin,
2093 5579 2176 5633 l8.

2222 3167 2478 3218 ἐκτείνων
2509 3169 2789 3234 πρόνοιαν.
2820 3168 2910 3237 Τῷ
2941 3169 3163 3237 διψῶντι
3190 3172 3247 3222 δὲ
3287 3173 3320 3240 η
3353 3172 3453 3238 μὲν
3491 3173 3792 3239 ἐπαγγελία

2223 3255 2444 3323 δοθῆναι
2492 3258 2554 3308 ἐκ
2590 3258 2689 3324 τῆς
2722 3259 2902 3326 πηγῆς
2940 3259 3034 3310 τοῦ
3072 3258 3262 3320 ὕδατος
3296 3259 3394 3327 τῆς
3443 3262 3622 3328 ζωῆς,
3656 3263 3794 3316 ἀλλὰ

2221 3347 2445 3413 διψῶντι
2473 3348 2573 3416 τὴν
2607 3346 2984 3415 δικαιοσύνην,
3013 3346 3086 3409 ὡς
3139 3349 3232 3400 καὶ
3261 3351 3289 3400 ὁ
3318 3349 3550 3417 Χριστός
3580 3368 3744 3420 φησιν
3776 3369 3791 3382 ο

2230 3458 2247 3489 ι
2277 3439 2554 3507 Μακάριοι
2586 3438 2635 3491 oi
2667 3438 2955 3501 πεινῶντες
2979 3438 3073 3491 καὶ
3100 3438 3360 3506 διψῶντες
3388 3441 3487 3507 τὴν
3517 3441 3792 3495 δικαιοσύ-

2222 3547 2340 3597 νην,
2377 3530 2459 3582 ὅτι
2489 3529 2642 3581 αὐτοὶ
2671 3527 3148 3599 χορτασθήσονται.
3192 3547 3212 3581 ι
3250 3528 3345 3581 Ἐκ
3374 3529 3470 3599 τῆς
3507 3531 3688 3601 πηγῆς
3733 3531 3791 3584 δὲ

2220 3619 2313 3672 τοῦ
2347 3618 2535 3682 ὕδατος
2571 3621 2667 3689 τῆς
2698 3621 2841 3687 ζωῆς
2875 3621 2906 3688 ἡ
2950 3621 3046 3688 τῆς
3088 3621 3246 3690 δίψης
3277 3621 3574 3690 ἀνάκτησις
3617 3625 3791 3690 ἐπαγ-

2222 3711 2493 3778 γέλλεται,
2542 3712 2659 3780 ἥτις
2691 3713 2840 3781 πηγὴ
2865 3712 2962 3764 οὐκ
2984 3712 3139 3783 ἄλλη,
3162 3715 3210 3764 εί
3238 3713 3314 3782 μὴ
3339 3714 3367 3764 ὁ
3396 3715 3648 3784 Χριστός.
3675 3717 3789 3767 Δω-

2224 3802 2352 3870 ρεὰν
2385 3801 2441 3854 δὲ
2474 3803 2507 3871 ἡ
2539 3802 2768 3872 χορηγία
2800 3803 2891 3854 τοῦ
2922 3803 3159 3855 τοιούτου
3203 3803 3392 3866 ὕδατος
3426 3805 3787 3874 ὑπισχνεῖται,

2223 3892 2398 3944 καίτοι
2447 3891 2681 3961 ἀλλαχοῦ
2717 3893 2816 3962 τὴν
2852 3896 2929 3953 εἰς
2972 3895 3070 3960 τὴν
3115 3895 3261 3962 ζωὴν
3306 3896 3624 3963 ἀπάγουσιν
3671 3897 3790 3952 ὁδὸν

2224 3983 2375 4050 κόπῳ
2402 3983 2496 4034 καὶ
2524 3983 2614 4051 βία
2653 3984 2820 4050 πολλῇ
2863 3985 3115 4050 εὑρέσθαι
3149 3986 3420 4050 λέγοντος.
3467 3987 3530 4037 Τί
3563 3986 3652 4039 οὖν
3697 3990 3790 4045 ἐν·

2223 4069 2398 4121 ταῦοα
2427 4071 2507 4134 τὸ,
2535 4068 2784 4137 δωρεὰν,
2815 4073 3105 4125 αἰνίττεται
3128 4114 3142 4136 ,
3170 4074 3201 4143 ἢ
3242 4075 3302 4126 τὸ
3337 4076 3409 4143 μὴ
3439 4076 3582 4144 ἔχειν
3609 4093 3792 4146 παρα-

2230 4156 2542 4226 μετρεῖσθαι
2569 4158 2633 4209 τὰ
2664 4158 2972 4227 πρόσκαιρα
2999 4162 3107 4221 τοῖς
3133 4160 3492 4223 διαιωνίςουσι
3516 4177 3532 4226 ;
3559 4162 3692 4231 Περὶ
3715 4157 3790 4215 ὧν

2226 4248 2320 4299 καὶ
2350 4247 2559 4310 Παῦλός
2583 4265 2744 4318 φησιν
2770 4266 2783 4280 ο
2824 4267 2842 4300 ι
2890 4250 2963 4300 Οὐ
2996 4251 3101 4318 γὰρ
3129 4249 3252 4315 ἀξια
3277 4251 3346 4304 τὰ
3371 4251 3664 4320 παθήματα
3691 4253 3786 4305 τοῦ

2225 4335 2319 4386 νῦν
2354 4337 2544 4406 καιροῦ
2578 4337 2709 4408 πρὸς
2737 4339 2832 4409 τὴν
2870 4339 3170 4408 μέλλουσαν
3207 4338 3364 4403 δόξαν
3397 4340 3789 4412 ἀποκαλυφθῆ-

2149 4405 2194 4462 Ῑ)
2223 4441 2308 4476 ναι
2337 4427 2414 4486 είς
2440 4405 2669 4494 ἡμᾶς.-)

2297 4516 2420 4583 Τοῖς
2449 4516 2517 4570 δὲ
2543 4519 2764 4586 δειλοῖς
2797 4521 2890 4574 καὶ
2922 4522 3233 4588 ἀπίστοις,
3265 4526 3361 4577 καὶ
3394 4524 3539 4594 ἑξῆς.
3569 4523 3786 4589 Δειλοῖις

2224 4607 2377 4659 καλεί
2427 4610 2552 4671 τοὺς
2591 4612 2819 4682 ἑκουσίῳ
2855 4614 3108 4683 ἀσθενείᾳ
3150 4613 3285 4682 πρὸς
3316 4614 3384 4666 τὰ
3414 4616 3788 4670 ἀπολαυστικὰ

2218 4698 2313 4750 τοῦ
2343 4699 2610 4767 παρόντος
2639 4701 2836 4763 αἰῶνος
2874 4702 3290 4777 ἀποκλίναντας,
3323 4702 3397 4772 τῷ
3429 4704 3591 4773 μηδὲν
3622 4707 3787 4776 αἱρήο

2223 4789 2417 4840 castrat
2446 4790 2698 4858 ἀνδρικὸν
2731 4791 3106 4854 ἐπανελέσθαι,
3139 4791 3245 4842 τῶν
3275 4791 3629 4861 θηλυπρεπῶν
3662 4797 3786 4848 ἀτι-

2227 4879 2409 4948 μάζων
2443 4879 2584 4934 οὓτω
2631 4883 2688 4934 τὸ
2722 4883 2942 4936 ἔκλυτον
2970 4880 3069 4948 τῆς
3107 4881 3351 4943 ναυσίας.
3388 4885 3527 4936 [Hdt
3568 4884 3624 4936 δὲ
3670 4889 3788 4950 τοῖς

2223 4973 2506 5041 ψεύδεσιν,
2537 4976 2651 5027 ἀλλ’
2675 4976 2734 5028 οὐ
2765 4977 2877 5036 τοῖς
2911 4974 3190 5042 ψεύσταις,
3222 4973 3296 5036 ὡς
3340 4975 3528 5027 τούτου
3551 4977 3644 5029 τοῦ
3680 4978 3785 5047 ῥή-

2224 5081 2388 5132 ματος
2423 5066 3035 5136 συμπεριλαμϐἀνοντος
3071 5066 3163 5116 καὶ
3192 5065 3251 5116 τὸ
3292 5067 3530 5135 ἐνεργεῖν
3562 5067 3687 5137 περὶ
3717 5072 3790 5122 τὰ.

2221 5157 2610 5226 ἐνεργούμενα.
2659 5157 2788 5225 Περὶ
2823 5158 2940 5207 τίνα
2969 5156 3074 5224 γὰρ
3104 5155 3131 5205 ὁ
3164 5153 3400 5225 ψεύστης
3431 5157 3527 5227 τὴν
3551 5158 3790 5226 σπουδὴν

2221 5249 2606 5316 ἁπασχοὶήσει,
2643 5247 2675 5316 ἢ
2721 5248 2849 5315 περὶ
2893 5246 2960 5296 τὰ
3005 5244 3172 5313 ψευδῆ
3205 5245 3384 5297 καὶτὸ
3428 5245 3653 5312 φυσικὸν
3696 5263 3786 5298 νο-

2221 5337 2442 5390 θεύοντα
2472 5339 2663 5401 καλλος
2694 5342 2803 5400 τοῖς
2832 5335 3126 5405 ἀπατηλοῖς
3165 5333 3546 5405 ὲρεθίσμασινς
