4126 6332
687 297 793 360 ’ῖὸῚ

1517 309 1837 368 ARETII/E
1874 310 2245 369 C/ESARE.E
2275 310 2743 372 CAPPADOCI/E
2778 314 3107 374 EPISCOPI

3758 321 3877 382 7G8

684 407 1003 469 prehensus.
1030 406 1215 462 Murus
1239 411 1419 477 itaque
1450 412 1596 466 visus
1624 425 1704 465 est
1727 430 1789 467 ex
1814 415 2022 483 jaspide
2050 416 2220 484 lapide
2246 420 2297 475 Α
2320 433 2401 467 σει
2424 417 2640 485 ληπτόν.

2320 433 2401 467 σει
2424 417 2640 485 ληπτόν.
2675 419 2746 470 Τὸ
2787 422 2963 487 τεῖχος
3006 419 3104 489 μὲν
3133 420 3224 474 οὖν
3265 420 3463 475 ἰάσπιδι
3511 424 3694 494 ὡράθη
3734 426 3875 497 λίθῳ

682 495 1017 559 compositus
1040 506 1257 564 propter
1281 500 1475 554 coloris
1503 502 1847 557 viriditatem.
1880 505 2057 558 Viride
2085 508 2227 582 enim

685 596 902 649 gramen
935 588 1083 651 praeit
1116 585 1583 657 emugterrenum
1624 595 1959 649 alimentum.
1992 596 2131 661 Quin
2176 608 2229 652 et

686 672 1056 737 crysta'lizans
1104 672 1272 745 jaspis
1326 684 1499 743 muri,
1538 682 1777 752 designat
1832 685 2007 754 ipsum
2052 689 2227 759 contio

684 773 811 812 uere
845 764 1126 827 puritatem
1158 776 1209 819 et
1253 782 1438 823 carere
1477 774 1919 837 reprehensione.
1964 776 2224 831 Praeterea

683 850 963 904 sublimem
1000 853 1129 907 dicit
1169 872 1381 912 murum
1415 868 1469 914 et
1497 862 1663 914 altum
1700 879 1715 915 :
1752 879 1925 933 neque
1959 868 2097 919 enim
2128 868 2222 920 Al-

685 938 888 990 tis<imo
905 951 1111 1007 gratum
1137 954 1220 998 est
1246 948 1295 998 in
1327 949 1619 1004 humilibus
1646 961 1697 1005 et
1720 954 1941 1020 abiectis
1958 956 2219 1021 habitare.

682 1029 771 1081 sed
809 1030 859 1082 in
886 1032 969 1085 his
996 1035 1192 1101 quibus
1222 1039 1479 1095 sublimes
1505 1053 1626 1095 sunt
1655 1058 1846 1099 sensus
1867 1057 1921 1100 et
1947 1048 2219 1103 cmlestem

681 1116 933 1172 habentes
976 1125 1407 1181 sanctimoniam.
1462 1130 1679 1197 Species
1717 1143 1894 1188 autem
1939 1136 2220 1196 luminaris

679 1207 1070 1270 pretiosissimo
1096 1215 1310 1281 quidem
1336 1217 1495 1285 lapidi
1518 1232 1879 1289 comparatur,
1908 1241 2013 1279 non
2040 1236 2217 1285 tamen

677 1294 850 1359 qualis
884 1298 1045 1353 fuerit
1073 1313 1320 1370 aspectus
1347 1309 1647 1363 ostenditur
1676 1329 1691 1365 :
1722 1314 1848 1381 quia
1873 1330 2045 1384 neque
2072 1334 2215 1371 mor-

678 1384 869 1441 talvlius
910 1397 965 1441 et
1007 1395 1449 1457 corruptibilibus
1488 1400 1647 1454 rebus
1687 1400 1955 1470 designari
1994 1413 2217 1473 possunt

676 1488 793 1539 quae
835 1474 1170 1533 divinissima
1212 1493 1337 1537 sunt
1373 1494 1427 1538 et
1466 1482 1649 1541 sensui
1695 1486 2035 1559 nequaquam
2083 1496 2212 1549 sub—

674 1560 813 1624 jecta
826 1600 837 1612 .
1600 1578 1606 1587 ’

742 1647 883 1712 XXI,
916 1651 1097 1707 12-”.
1147 1654 1215 1707 Et
1258 1659 1473 1713 habebat
1511 1674 1689 1730 portas
1736 1667 2035 1734 duodecim,
2066 1683 2113 1726 et
2157 1674 2212 1727 in

2334 508 2825 576 συντετελεσμένον,
2855 509 2942 560 διὰ
2962 510 3022 561 τὸ
3051 510 3263 579 χλοερὸν
3284 512 3374 564 τοῦ
3396 513 3696 582 χρώματος.
3721 517 3874 585 Χλόη
3914 554 3921 559 -

2331 598 2435 664 γὰρ
2459 598 2667 663 ἡγεῖται
2705 598 2883 667 πάσης
2910 599 3147 667 ἐπιγείου
3164 601 3386 669 τροφῆς.
3433 603 3586 655 Ἀλλά
3612 605 3704 658 καὶ
3732 623 3875 673 κρυ-

2332 684 2674 747 σταλλίζουσα
2704 689 2737 757 ἡ
2769 689 2955 751 ίασπις
2989 688 3082 742 τοῦ
3128 684 3451 758 τείχους,’τὸ
3480 693 3718 761 καθαρόν
3765 698 3870 748 καὶ

2326 772 2553 843 ἄμωμον
2593 778 2934 847 αἰνιττομένη
2980 779 3075 831 τοῦ
3128 781 3534 851 περιεχομένου.
3574 785 3730 838 Ἀλλᾶ
3762 788 3867 838 καὶ

2327 862 2523 933 ὑψηλόν
2552 880 2677 936 φησι
2714 867 2868 920 τοῦτο
2908 868 2999 921 καὶ
3033 869 3194 937 μέγα.
3226 871 3300 924 Ob
3348 873 3454 944 γὰρ
3487 874 3544 925 ιν
3584 878 3868 939 ταπεινοῖς

2325 953 2413 1003 καὶ
2444 955 2792 1025 χαμαιζήλοις
2846 958 2874 1009 ό
2903 958 3181 1027 ,”Υψιστος
3225 960 3507 1030 εὐαρεστεῖ
3561 968 3864 1028 κατοικεῖν,

2324 1040 2437 1092 ἀλλ’
2462 1044 2606 1105 ὅσοις
2627 1045 2890 1114 μετάρσια
2926 1045 2995 1097 τὰ
3015 1048 3349 1116 φρονήματα,
3378 1052 3469 1102 καὶ
3490 1050 3585 1118 τῆς
3606 1053 3865 1119 οὐρανίου

2323 1129 2551 1195 ἐχόμενα
2575 1132 2915 1201 σεμνότητος.
2947 1134 3019 1187 Τὸ
3042 1135 3099 1189 δὲ
3114 1135 3206 1189 τοῦ
3235 1139 3513 1207 φωστῆρος
3543 1135 3697 1201 εἶδος,
3723 1140 3866 1208 λίθῳ

2323 1217 2421 1285 μὲν
2483 1218 2885 1287 παραὸἀλλεται
2923 1225 3253 1294 τιμιωτάτῳ,
3299 1225 3360 1278 ού
3410 1226 3589 1295 μέντοι
3622 1230 3711 1280 καὶ
3754 1230 3866 1298 τὴν

2322 1303 2461 1357 ἰδέαν
2487 1307 2666 1367 ὁποῖος
2693 1306 3040 1373 ἐνδείκνυται,
3076 1312 3157 1363 ὅτι
3192 1313 3326 1381 μηδὶ
3381 1314 3589 1383 θνητοῖς
3631 1318 3723 1368 καὶ
3750 1320 3865 1383 ἀφ-

2320 1393 2533 1461 θάρτοις
2561 1396 2629 1447 τὰ
2655 1395 2901 1449 θειότατα
2923 1398 3015 1450 καὶ
3038 1400 3287 1468 αἰσθήσει
3305 1401 3579 1459 ἀδούλωτα
3612 1406 3863 1473 πέφυκεν

2320 1484 2884 1557 ὑποδειγματιζεσθαι.

2388 1662 2695 1729 Ἐχουσαν
2727 1665 3010 1732 πυλῶνας
3055 1667 3295 1733 δώδεκα,
3324 1669 3419 1722 καί
3440 1670 3535 1723 ἐπί
3578 1687 3699 1736 τοις
3736 1688 3864 1725 πυ-

672 1740 836 1800 portis
862 1743 1069 1808 angelos
1105 1745 1396 1814 duodecim,
1428 1762 1475 1804 ct
1515 1756 1725 1807 nomina
1768 1759 2020 1824 inscripta
2040 1800 2055 1825 ,
2096 1780 2210 1831 qua:
2243 1744 2283 1799 Β
2307 1750 2499 1806 διῶσεν
2518 1754 2664 1821 ἀγτέ·

2307 1750 2499 1806 λῶσιν
2518 1754 2807 1821 ἀγγέλους
2825 1757 3067 1812 δώδεκα.
3098 1759 3200 1812 Kal
3230 1760 3484 1827 ὀνόματα
3504 1762 3860 1829 ἐπιγεγραμ-

670 1837 791 1878 suut
828 1831 1038 1883 nomina
1077 1835 1349 1890 duodecim
1381 1842 1610 1895 tribuum
1644 1847 1873 1913 ﬁliorum
1904 1849 2093 1908 Israel.
2133 1856 2208 1909 Ab

670 1916 865 1970 oriente
896 1929 1060 1986 porta:
1102 1931 1227 1987 tres,
1262 1936 1309 1979 et
1349 1929 1413 1980 ab
1441 1933 1678 1999 aquilone
1711 1950 1877 2003 porta:
1903 1949 2024 2004 tres,
2059 1954 2109 1997 et
2144 1946 2208 1997 ab

671 2016 851 2059 austro
875 2019 1039 2077 ρον-ιω
1064 2022 1189 2077 tres,
1210 2016 1371 2088 824
1397 2030 1446 2072 ει
1479 2022 1542 2073 ab
1576 2040 1762 2079 occasu
1791 2039 1954 2095 portae
1986 2043 2107 2087 tres.
2140 2034 2206 2087 Et

669 2109 846 2149 murus
874 2100 1099 2156 civitatis
1128 2104 1345 2159 habebat
1373 2110 1714 2176 fuitdamenta
1737 2117 2037 2187 duodecim,
2071 2132 2120 2176 et
2152 2126 2208 2177 in

667 2183 792 2247 ipsis
820 2183 1088 2242 duodecim
1128 2194 1339 2247 nomina
1371 2196 1641 2252 duodecim
1670 2183 2203 2278 apostolorum'Agni.

735 2440 946 2497 Nullum
973 2460 1036 2499 ex
1069 2447 1153 2503 his
1185 2450 1379 2506 durum
1411 2454 1741 2514 intellectum
1769 2464 1834 2515 ad
1861 2467 2203 2534 explanatio-

668 2544 788 2582 nem
812 2532 947 2584 trahi
972 2548 1188 2590 necesse
1204 2548 1305 2593 est.
1328 2541 1553 2606 Quando
1579 2547 1721 2600 enim
1746 2532 2003 2606 numerus
2024 2564 2205 2622 aperte

665 2618 909 2688 designat
950 2625 1226 2691 apostolos
1270 2627 1515 2696 Domini,
1554 2633 1670 2703 ipse
1714 2649 1986 2705 portarum
2039 2618 2203 2710 usus,

668 2719 857 2775 nempe
884 2712 1026 2778 quod
1072 2712 1415 2773 introducam
1442 2720 1508 2775 ad
1539 2725 1791 2782 conclave
1821 2729 1962 2794 vita,
1990 2743 2205 2801 aposto-

665 2794 745 2847 lus
775 2795 941 2861 ipsius
984 2812 1349 2871 repraesentat,
1383 2822 1481 2878 per
1514 2826 1650 2879 quos
1679 2824 1863 2882 gentes
1892 2821 1957 2872 ad
1999 2794 2201 2879 (ibriin

660 2885 915 2941 conclave
952 2887 1267 2949 introductae
1303 2906 1447 2953 sunt.
1493 2902 1725 2971 Angelos
1760 2920 1887 2962 vero
1919 2910 2201 2968 duodecim

664 2972 715 3027 in
743 2979 909 3043 portis
931 2982 1282 3051 constituunt,
1310 3002 1448 3055 quos
1470 2990 1798 3062 interpretati
1822 3010 1950 3054 sunt
1979 3014 2197 3072 aposto-

660 3063 759 3128 los,
791 3081 885 3134 per
906 3084 1039 3136 quos
1062 3074 1215 3127 nobis
1242 3075 1494 3134 introitus
1526 3092 1579 3135 et
1610 3084 1674 3138 ad
1704 3084 1914 3143 Patrem
1943 3063 2195 3151 accessus

661 3168 987 3223 praeparatur
1018 3166 1391 3230 cooperatioue
1432 3174 1741 3239 angelorum
1761 3216 1776 3241 ,
1808 3180 1900 3246 qui
1932 3183 2047 3248 pari
2092 3201 2193 3237 nu-

662 3259 811 3297 mero
843 3245 950 3300 sint
987 3265 1108 3302 cum
1157 3254 1238 3307 his
1273 3257 1536 3321 praefectis
1583 3280 1598 3315 :
1647 3273 1743 3317 aut
1793 3245 1972 3333 potius
2008 3287 2192 3326 eorum

663 3332 969 3400 angelorum
1020 3338 1109 3402 qui
1150 3345 1409 3409 segregati
1454 3357 1580 3401 sunt
1632 3351 1696 3403 ad
1749 3332 2192 3417 gubernationem

661 3417 943 3473 duodecim
991 3425 1226 3479 tribuum
1283 3428 1675 3501 lsraelhjuxta
1725 3443 2098 3507 cognationem
2139 3449 2192 3501 in

662 3508 943 3562 sanctitate
974 3510 1271 3569 fundatam.
1308 3516 1368 3570 Et
1411 3524 1754 3579 meritissimo
1786 3528 1859 3581 ita
1893 3532 2110 3589 dicitur.
2137 3536 2193 3590 Si

660 3596 802 3649 enim
832 3613 1165 3680 persuasum
1202 3605 1356 3658 nobis
1395 3616 1495 3672 est,
1530 3612 1727 3680 cuique
1771 3615 2007 3672 fidelium
2057 3624 2221 3679 desi-.

660 3672 878 3756 gnatum
920 3704 1041 3744 esse
1083 3693 1365 3761 angelum,
1398 3700 1567 3751 ntulto
1609 3703 1779 3772 magis
1830 3705 2196 3769 fundamentis

663 3777 912 3832 Ecclesiae
941 3790 993 3833 et
1025 3784 1315 3851 evangelici
1342 3787 1485 3841 verbi
1521 3792 1935 3851 seminatoribus
1964 3815 2194 3855 consen-

660 3880 873 3923 taneum
900 3880 981 3926 est
1011 3876 1230 3944 angelos
1270 3892 1390 3933 esse
1427 3880 1699 3951 adjutores
1727 3886 1794 3940 ad
1825 3893 2187 3961 evangelicam

658 3961 1107 4026 praedicationem.

724 4051 792 4104 Et
827 4056 1033 4107 nomina
1078 4058 1341 4127 inscripta.
1392 4060 1448 4114 In
1498 4064 1643 4117 cultu
1690 4068 1904 4135 quidem
1960 4071 2190 4127 Moesico
2258 4058 2261 4059 ν

656 4154 972 4211 ρτιεεεριυιῐι
1005 4156 1118 4199 erat
1150 4158 1207 4201 ut
1228 4148 1280 4199 in
1306 4150 1729 4216 superhumerali
1762 4158 2186 4215 inscriberentur

659 4235 864 4286 nomina
889 4236 1335 4300 patriarcharum,
1360 4238 1411 4289 in
1434 4249 1750 4295 testamento
1776 4255 1949 4298 autem
1975 4247 2186 4302 Domini

2223 3046 2264 3103 C

2308 1841 2489 1909 μένα,
2557 1844 2595 1899 ἆ
2644 1845 2812 1899 ἐστιν
2867 1848 3121 1916 ὀνόματα
3181 1848 3299 1901 τῶν
3354 1848 3579 1903 δώδεκα
3641 1854 3857 1918 φυλῶν

2305 1931 2451 1985 υἱῶν
2499 1933 2753 2000 Ἰσραήλ.
2791 1934 2933 1989 Ἀπὸ
2986 1936 3313 2003 ἀνατολῶν,
3361 1938 3631 2003 πυλῶνες
3670 1940 3855 2005 τρεῖς,

2306 2022 2401 2074 καί
2449 2022 2564 2076 ἀπὸ
2606 2023 2799 2093 ,βορρᾶ
2841 2025 3114 2091 πυλῶνες
3154 2026 3327 2093 τρεῖς,
3361 2028 3460 2080 καί
3502 2028 3617 2081 ἀπὸ
3664 2031 3850 2083 νότου

2304 2108 2575 2176 πυλῶνες
2608 2111 2777 2179 τρεῖς,
2803 2112 2901 2166 καί
2927 2113 3043 2166 ἀπὸ
3083 2112 3330 2181 δυσμῶν
3355 2114 3627 2181 πυλῶνες
3665 2117 3850 2184 τρεῖς,

2304 2198 2399 2251 καὶ
2422 2199 2486 2251 τὸ
2513 2200 2705 2268 τεῖχος
2733 2200 2842 2269 τῆς
2865 2204 3093 2269 πόλεως
3106 2204 3251 2273 ἕχον
3268 2206 3577 2273 θεμελίους
3595 2206 3850 2273 δώδεκα,

2304 2290 2401 2342 καί
2423 2290 2517 2343 ἐπ’
2545 2290 2741 2344 αὐτῶν
2763 2289 2988 2347 δώδεκα
3020 2295 3276 2365 ὀνόματα
3299 2294 3416 2348 τῶν
3449 2294 3670 2352 δώδεκα
3694 2297 3854 2351 ἁπο-

2302 2380 2536 2433 στόλων
2559 2379 2666 2433 τοῦ
2712 2383 2963 2449 ’Λρνίου.

2369 2470 2533 2526 Οὐδὲν
2560 2474 2623 2525 ἑκ
2662 2472 2864 2526 τούτων
2882 2462 3202 2546 ¹περισκελὶς
3231 2474 3405 2545 νόημα
3432 2478 3513 2538 εἰς
3548 2477 3853 2546 σαφήνειαν

2306 2558 2690 2628 μεθελκόμενον
2722 2562 2997 2630 τυγχάνει.
3034 2563 3102 2615 '0
3134 2580 3191 2616 τε
3227 2562 3336 2631 γὰρ
3378 2564 3605 2633 ἀριθμὸς
3657 2566 3850 2633 σαφῶς

2300 2649 2427 2711 τοὺς
2468 2649 2794 2713 ἀποστόλους
2817 2652 3018 2720 Κυρίου
3041 2651 3349 2719 ὑποφαίνει,
3371 2652 3406 2721 ἦ
3439 2669 3498 2704 τε
3527 2652 3683 2722 χρεία
3716 2653 3841 2734 (τῶν

2301 2739 2558 2795 πυλώνων
2585 2741 2662 2805 ὡς
2703 2742 3028 2810 εἰσαγόντων
3073 2744 3153 2807 εἰς
3190 2744 3251 2797 τδ
3293 2744 3391 2813 τῆς
3421 2744 3565 2814 ζωῆς
3617 2747 3849 2815 ταμεῖον

2299 2832 2425 2895 τοὺς
2453 2830 2617 2885 αὐτοῦ
2664 2831 2987 2896 ἀποστόλους
3023 2835 3280 2905 παριστᾷ,
3305 2833 3371 2887 δι’
3399 2827 3473 2889 ὧν
3510 2835 3577 2888 τὰ
3599 2835 3722 2904 ἔθνη
3761 2834 3845 2905 τῷ

2278 2921 2536 2991 ’Χριστοῦ
2569 2923 2775 2992 ταμείῳ
2826 2924 3173 2993 εἰσήχθησαν.
3215 2924 3499 2993 ’Δγγίλους
3528 2925 3583 2978 δὲ
3634 2924 3877 2978 δώδεκα·

2299 3013 2390 3066 ἐπὶ
2421 3012 2530 3067 τῶν
2573 3012 2829 3067 πυλώνων
2866 3014 3204 3079 καθιστᾶσιν,
3235 3013 3331 3079 οὓς
3362 3016 3483 3078 τοὺς
3514 3016 3844 3077 ἀποστόλους

2294 3101 2629 3171 ἐξειλήφασι,
2656 3102 2725 3154 δι’
2763 3095 2836 3155 ὧν
2860 3104 2893 3171 ἡ
2936 3103 3135 3166 είσοδος
3162 3102 3342 3173 ἡμῶν,
3368 3102 3459 3156 καὶ
3487 3105 3521 3173 η
3569 3103 3702 3173 πρὸς
3745 3104 3842 3155 τὸν

2294 3188 2511 3258 Πατέρα
2533 3190 2863 3259 προσαγωγὴ
2884 3190 3177 3260 ἐνήργηται
3192 3189 3287 3244 ἰπὶ
3310 3192 3566 3262 συνεργίᾳ
3590 3192 3841 3258 ἀγγέλων

2296 3276 2596 3345 ἰσαρίθμων
2623 3277 2732 3331 τῶν
2767 3279 3130 3347 προύχόντων,
3157 3278 3253 3333 καὶ
3282 3279 3480 3347 μᾶλλον
3510 3283 3574 3349 τῇ
3611 3281 3840 3332 ἐπιστα-

2295 3364 2385 3433 σίᾳ
2431 3366 2823 3434 ἀφωρισμένων
2865 3367 2974 3418 τῶν
3004 3366 3207 3419 δώδεκα
3258 3368 3437 3443 φυλῶν
3485 3366 3579 3419 τοῦ
3620 3368 3839 3435 Ἰσραὴλ

2293 3452 2435 3504 κατά
2465 3452 2562 3521 τὴν
2616 3452 2929 3521 ἀγχιστείαν
2956 3454 3054 3518 τὴν
3108 3454 3165 3505 ιν
3209 3454 3452 3521 ἁγιότητι
3486 3450 3838 3522 θεμελιωθεϊ-

2296 3558 2415 3595 σαν.
2452 3542 2559 3593 Καὶ
2591 3542 2736 3610 μάλα
2753 3541 2995 3604 εἰκότως.
3022 3541 3082 3593 Εἰ
3114 3542 3219 3611 γὰρ
3240 3542 3450 3610 ἑκάστῳ
3467 3542 3573 3595 τῶν
3604 3540 3833 3603 πιστῶν,

2292 3632 2519 3699 ἄγγελον
2574 3631 2797 3685 ἔπεσθαι
2844 3631 3285 3702 πεπιστεύκαμεν
3310 3671 3326 3696 ,
3388 3631 3565 3702 πολλῷ
3634 3632 3836 3701 μᾶλλον

2289 3721 2401 3781 τοῖς
2440 3718 2706 3789 θεμελίοις
2749 3720 2847 3791 τῆς
2887 3718 3232 3790 Ἐκκλησίας,
3258 3722 3350 3775 καὶ
3389 3724 3498 3785 τοῖς
3543 3721 3635 3774 τοῦ
3665 3722 3837 3789 εὐαγ-

2289 3808 2507 3873 γελικοῢ
2555 3808 2711 3876 λόγου
2742 3808 3052 3879 σπορεῦσιν,
3078 3810 3339 3879 ἀγγέλους
3376 3811 3665 3882 συνεργοὺς
3693 3812 3832 3882 πρὸς

2288 3897 2349 3951 τὺ
2391 3896 2744 3966 εύαγγελικὸν
2770 3900 3027 3971 κήρυγμα
3050 3901 3284 3955 νοεῖσθαι
3312 3902 3620 3959 ἀκόλουθον.

2356 4072 2466 4125 Καὶ
2532 4073 2790 4139 ὀνόματα
2847 4074 3335 4144 ἐπιγεγραμμένα.
3386 4078 3509 4130 Ἐπί
3568 4081 3665 4148 μὲν
3717 4083 3822 4150 τῆς

2286 4160 2559 4222 Μωῦσέως
2586 4162 2860 4229 λατρείας,
2888 4165 2953 4214 τά
2996 4165 3102 4216 τῶν
3134 4165 3441 4233 ἀρχιφύλων
3460 4168 3696 4237 ὀνόματα
3733 4172 3828 4223 ἐπὶ

2287 4249 2384 4316 τῆς
2431 4249 2701 4317 ἐπωμίδος
2745 4252 3069 4319 γεγράφθαι,
3105 4254 3428 4323 πρόσταγμα
3459 4272 3475 4287 ’
3528 4258 3585 4309 ἐν
3647 4259 3702 4311 δὲ
3753 4262 3823 4329 τῇ

655 4318 802 4381 Jesu,
849 4323 1063 4373 nomina
1108 4323 1227 4374 novi
1265 4322 1426 4377 Israel
1472 4327 1525 4379 in
1574 4331 1742 4395 portis
1792 4334 2180 4403 inscribuntur,
2212 4335 2424 4399 υκατά
2456 4336 2653 4405 Κύριον

2300 4335 2424 4388 ιατά
2456 4336 2653 4405 Κύριον
2702 4318 2905 4408 Ἰησοῦν
2938 4318 3178 4413 Διαοήκη
3212 4342 3303 4396 τοῦ
3325 4318 3451 4398 *νέου
3505 4346 3716 4417 Ἰσραὴλ
3754 4318 3825 4400 τί

657 4409 756 4461 hor.
807 4418 924 4472 est,
962 4410 1013 4462 in
1054 4411 1134 4463 his
1167 4412 1549 4481 introducunt,
1578 4420 1644 4473 de
1683 4423 1877 4489 quibus
1906 4426 2065 4480 etiam
2108 4430 2187 4482 di-

657 4508 802 4548 ctum
863 4507 945 4552 est
1001 4516 1014 4552 :
1078 4518 1095 4550 ι
1136 4500 1402 4559 Nuntiabo
1458 4524 1650 4564 nomen
1713 4522 1863 4568 tuum
1928 4516 2185 4577 hau-ibus

655 4590 889 4656 meis“;
930 4609 948 4641 ι
989 4607 1181 4646 nomen
1222 4595 1404 4650 dicens
1431 4600 1741 4668 mysterium
1776 4606 1893 4658 tidei
1930 4608 1981 4660 in
2028 4609 2186 4663 Chri-

652 4690 812 4744 stum,
842 4682 983 4749 quod
1018 4697 1121 4736 non
1151 4685 1215 4738 ad
1249 4686 1514 4742 inetTabile
1540 4702 1824 4759 secretum,
1858 4698 1951 4749 sed
1987 4709 2043 4751 ut
2070 4717 2183 4755 om-

649 4764 807 4818 nibus
851 4767 1192 4823 manil‘estum
1242 4775 1364 4837 liat,
1415 4777 1695 4843 pollicetur
1750 4789 2173 4852 proponendum.

648 4852 1004 4908 Conformiter
1032 4869 1207 4912 autem
1244 4862 1309 4913 ad
1348 4879 1630 4920 numerum
1678 4871 1912 4925 tribuum
1946 4876 2176 4932 ﬁliorum

646 4941 810 4996 Jacob
865 4954 990 4997 sunt
1030 4944 1083 4997 et
1138 4956 1333 5013 portae,
1383 4951 1509 5018 quia
1554 4970 1727 5023 neque
1772 4975 1865 5028 per
1914 4964 2069 5017 tidem
2125 4968 2178 5020 in

646 5032 913 5087 Christum
949 5035 1148 5089 abolita
1194 5050 1319 5091 sunt
1354 5042 1599 5098 universa
1639 5064 1758 5115 qua:
1792 5054 1987 5107 veteris
2026 5066 2179 5111 erant

645 5122 982 5186 testamenti,
1012 5123 1104 5177 sed
1128 5133 1389 5205 quatenus
1420 5127 1678 5186 infantilia
1708 5147 1833 5191 sunt
1863 5140 2005 5194 virili
2037 5152 2176 5195 statu

645 5208 957 5265 inﬁrmiora.

714 5298 841 5361 Quae
894 5312 1013 5355 sunt
1070 5305 1279 5356 nomina
1338 5307 1607 5364 duodecim
1660 5317 1887 5371 tribuum
1942 5321 2177 5388 ﬁliorum

646 5384 833 5443 Israel.
882 5393 1012 5446 Cum
1060 5394 1240 5451 tideles
1284 5410 1526 5456 vocasset
1572 5402 1756 5473 Israel,
1787 5416 2080 5478 permansit
2124 5414 2175 5468 in

718 5563 759 5592 η
787 5563 920 5619 l'sal.
954 5586 1060 5632 XII,
1090 5572 1177 5626 εδ.

2286 4429 2522 4497 ὀνόματα
2547 4431 2636 4482 ἐπὶ
2654 4433 2763 4492 τοῖς
2782 4431 3007 4498 πυλῶσι,
3021 4435 3286 4499 τουτέστι,
3306 4438 3416 4499 τοῖς
3436 4438 3820 4506 εἰσαγωγεῦσι,

2287 4520 2410 4589 περὶ
2442 4516 2515 4574 ὧν
2544 4523 2635 4575 καὶ
2686 4523 2933 4591 εἴρηται·
2969 4543 2987 4575 ι
3041 4526 3352 4594 Ἀπαγγελῶ
3403 4528 3463 4581 τὸ
3511 4529 3680 4597 ὄνομά
3726 4546 3820 4582 σου

2282 4612 2393 4671 τοῖς
2422 4611 2662 4676 ἀδελφοῖς
2692 4630 2811 4681 μου,
2857 4636 2874 4663 ι
2904 4613 3071 4683 δνομα
3102 4614 3163 4667 τὸ
3211 4616 3348 4667 κατὰ
3380 4616 3477 4685 τὴν
3513 4615 3691 4669 πίστιν
3722 4618 3822 4687 τὴν

2285 4700 2423 4751 κατὰ
2458 4702 2705 4768 Χριστὸν,
2742 4704 3037 4772 μυστήριον
3069 4705 3261 4770 λέγων,
3291 4703 3318 4754 ὃ
3347 4706 3444 4757 οὐκ
3476 4707 3553 4766 εἰς
3579 4707 3820 4775 ἀπῦῥρψ

2281 4806 2368 4839 τον
2411 4791 2716 4859 ἐχεμυθίαν,
2739 4794 2852 4845 ἀλλ’
2889 4795 2966 4854 εἰς
3000 4795 3167 4845 ἅπασι
3208 4791 3479 4862 προῦπτον
3519 4797 3818 4865 προσάλλε-

2278 4881 2394 4931 σθαι
2434 4882 2785 4950 ὑπισχνεῖται,
2824 4885 3119 4953 Ἀναλόγως
3146 4885 3200 4937 δὲ
3226 4889 3343 4947 ταῖς
3366 4886 3469 4938 ἀπὸ
3502 4887 3694 4940 Ἰακὼό
3714 4905 3815 4955 φυ-

2276 4968 2391 5030 λαῖς
2421 4970 2511 5022 καὶ
2543 4974 2591 5023 οἱ
2632 4973 2889 5038 πυλῶνες,
2919 4975 3000 5025 ὅτι
3034 4974 3162 5041 μηδὲ
3192 4975 3364 5026 πάντα
3396 4978 3728 5046 κατήργηται
3748 4976 3817 5028 τὰ

2272 5060 2369 5127 τῆς
2395 5062 2629 5125 Παλαιᾶς
2661 5069 2726 5133 τῇ
2776 5065 2912 5116 κατᾶ
2947 5065 3177 5134 Χριστὸν
3213 5066 3410 5125 πίστει.
3444 5067 3555 5119 ἀλλ’
3585 5070 3708 5121 ὅσον
3741 5068 3814 5121 τὰ

2272 5150 2506 5220 νηπιώδη
2540 5154 2636 5221 τῆς
2683 5153 2937 5223 ἀνδρικῆς
2983 5154 3369 5217 καταστάσεως
3417 5156 3806 5225 ἀσθενέστερα.

2343 5327 2412 5381 "A
2467 5329 2635 5382 ἐστιν
2690 5331 2946 5399 ὀνόματα
2971 5328 3086 5382 τῶν
3140 5328 3366 5383 δώδεκα
3405 5329 3615 5398 φυλῶν
3668 5329 3817 5382 υἱῶν

2272 5414 2535 5483 Ἰσραήλ.
2552 5420 2687 5483 Τοὺς
2705 5420 2925 5480 πιστοὺς
2943 5417 3173 5479 καλέσας
3192 5416 3408 5486 Ἰσραὴλ
3436 5418 3813 5487 ὲπιμεμένηκε
