4126 6332
302 396 422 460 773

1377 388 1767 450 COMMENT.
1805 387 1886 447 IN
1925 388 2455 452 APOCALYPSIN.

3443 398 3546 461 7N

300 508 402 558 τόν
434 502 682 567 δεύτερον
729 500 978 575 θεμέλιον
1019 514 1032 530 ·
1066 499 1124 564 ὃς
1164 499 1463 567 σάπφειρος
1509 495 1587 565 τῷ
1638 495 1877 564 οὐρανίῳ

2004 498 2196 566 :orpori
2232 497 2589 564 assimilatur,
2625 512 2691 556 co
2723 502 2883 557 modo
2916 518 3024 572 quo
3050 506 3163 572 jam
3195 504 3398 559 dictum
3432 525 3444 559 :
3486 525 3553 562 ex

302 594 678 659 ἀπεικάζεται
735 593 947 664 σώματι
985 604 997 618 ⁸
1035 593 1131 644 καὶ
1187 592 1353 676 ὅπως,
1397 588 1638 658 εἴρηται.
1684 587 1774 650 Ἐξ
1818 582 1881 638 οὗ

309 689 621 759 σαπφείρου
655 686 790 757 φασὶ
823 685 919 739 καὶ
949 684 1010 737 τὸ
1043 682 1333 752 λαζούριον
1368 681 1569 751 χρῶμα
1607 677 1880 746 γίνεσθαι.

309 779 504 849 Τούτῳ
535 779 612 847 τῷ
643 778 777 848 λίθῳ
802 776 893 833 τὸν
930 775 1200 844 μακάριον
1235 771 1448 824 Παῦλον
1477 771 1684 823 ἔνδικον
1725 771 1883 822 ἀπει-

308 872 600 935 κάζεσθαι,
626 871 732 932 ἓως
751 885 933 938 τρίτου
955 864 1186 935 ούρανοῦ
1211 861 1609 930 ἀναληφθέντα,
1630 859 1885 913 κάκεῖθεν

309 963 546 1014 ἕλκοντα
567 962 693 1021 τοὺς
717 958 869 1028 αὐτῷ
904 954 1281 1023 πειθομένους.

390 1053 462 1119 γ’.
499 1053 554 1104 '0
581 1068 799 1118 ηπτος,
835 1046 1174 1117 χαλκηδών.
1211 1039 1379 1108 Οὗτος
1417 1046 1475 1096 ὲν
1499 1043 1578 1113 τῷ
1627 1041 1886 1113 ίερατικῷ

309 1143 516 1212 λογείῳ
548 1143 650 1194 οὐκ
687 1140 1004 1209 ἐμφέρεται,
1038 1136 1152 1189 ἀλλ’
1185 1135 1412 1205 ἄνθραξ.
1447 1135 1504 1197 ὃς
1540 1134 1775 1186 ἐνταῦθα
1823 1136 1884 1186 οὐ

311 1239 519 1288 κεῖται.
555 1231 860 1300 Σκοπητέον
888 1226 1000 1289 οὖν,
1039 1230 1113 1298 μή
1147 1244 1280 1280 ποτε
1304 1228 1393 1279 τὸν
1420 1226 1672 1296 ἄνθρακα
1707 1224 1886 1286 οὕτως

316 1325 610 1377 ἐκάλεσαν.
647 1320 886 1391 ’Δνθραξ
919 1319 974 1373 δὲ
1007 1321 1036 1371 ό
1083 1318 1353 1388 μακάριος
1394 1317 1670 1388 Ἀνδρέας,
1702 1315 1797 1368 an
1831 1317 1888 1367 ἐν

314 1417 392 1482 τῇ
424 1412 579 1482 ἀχλύῖ
597 1409 690 1463 τοῦ
723 1409 866 1463 κατὰ
897 1408 989 1460 τὸν
1016 1411 1180 1476 νόμον
1210 1408 1326 1478 βίου
1363 1407 1522 1468 αὑτός
1566 1423 1624 1459 τε
1656 1406 1735 1476 τῷ
1765 1404 1886 1458 καθ’

316 1503 516 1556 ἑαυτὸν
565 1501 707 1570 φωτὶ
752 1500 843 1553 τὸν
905 1499 1241 1570 ζητούμενον
1291 1498 1540 1551 Μεσσίαν
1569 1496 1767 1566 εὑρὼν,
1793 1495 1889 1548 καὶ

315 1596 438 1656 τοῖς
483 1593 781 1662 γνωρίμοις
820 1590 1044 1662 μηνύων
1077 1593 1170 1644 καὶ
1202 1588 1540 1659 ἐμφανίζων·
1574 1588 1691 1657 ἃμα
1741 1585 1798 1638 δὲ
1840 1588 1890 1638 εἰ

316 1686 420 1736 καὶ
458 1683 616 1745 ἄλλος
659 1682 977 1759 όμοιόχρους
1006 1680 1238 1751 ἄνθρακι
1262 1682 1289 1733 ό
1323 1678 1611 1750 χαλκηδών
1660 1681 1779 1730 ἐστι
1813 1677 1889 1729 λί-

318 1774 440 1838 θος,
474 1774 615 1826 οὕτω
659 1771 902 1845 κληθεὶς,
939 1772 1176 1842 παρόσον
1217 1771 1359 1825 κατὰ
1414 1771 1506 1823 τὸν
1539 1768 1890 1840 Χαλκηδόνος

1986 605 2096 658 quo
2145 589 2406 658 sapphiro
2441 591 2591 645 aiunt
2629 594 2741 647 ﬁeri
2781 595 3022 647 colorem
3073 597 3387 648 cicruleum.
3423 597 3560 652 Huic

1987 680 2147 748 lapidi
2179 696 2395 749 aequum
2422 691 2503 734 est
2530 682 2746 736 beatum
2782 683 3009 738 Paulum
3037 701 3357 753 comparare
3389 705 3561 757 usque

1986 772 2052 821 ad
2094 769 2312 822 tertium
2361 771 2560 824 caelum
2592 783 2977 842 assumptum,
3010 784 3066 829 et
3105 776 3230 829 inde
3269 795 3363 831 ccs
3397 789 3563 832 attra-

1989 859 2204 915 lieutem
2238 860 2333 930 qui
2366 862 2471 916 sibi
2503 863 2754 916 credunt.

2059 1041 2112 1095 5.
2153 1037 2358 1096 Tertius
2385 1052 2456 1096 est
2483 1043 2870 1098 chalcedomus.
2897 1041 2997 1096 Hic
3040 1043 3093 1095 in
3125 1045 3448 1098 sacerdotali
3478 1061 3563 1099 ra-

1991 1130 2175 1185 tionali
2211 1148 2319 1186 non
2347 1133 2609 1197 defertur,
2639 1133 2730 1188 sed
2772 1135 3146 1189 carbunculus
3180 1136 3274 1202 qui
3319 1137 3408 1189 hic
3456 1152 3562 1188 nou

1990 1225 2230 1291 ponitur.
2284 1225 2754 1280 Considerandum
2780 1235 2864 1280 est
2890 1227 3054 1294 igitur
3091 1243 3156 1278 ne
3188 1227 3404 1296 quando
3441 1241 3564 1278 car-

1991 1313 2286 1367 bunculum
2323 1314 2396 1366 ita
2429 1317 2718 1369 vocaverit.
2754 1317 2923 1369 Porro
2961 1316 3186 1386 ἄνθραξ,
3221 1317 3270 1370 id
3304 1327 3408 1380 est,
3441 1335 3562 1371 car-

1991 1402 2266 1457 bunculus
2296 1413 2379 1459 est
2409 1405 2599 1460 beatus
2641 1407 2884 1460 Andreas
2906 1447 2920 1471 ,
2955 1418 3212 1476 tanquam
3251 1408 3303 1461 in
3336 1409 3566 1478 caligine

1991 1495 2115 1547 vita:
2143 1495 2354 1564 legalis,
2385 1506 2441 1550 et
2471 1498 2586 1566 ipse
2615 1512 2713 1551 sua
2749 1497 2868 1550 luce
2895 1508 3088 1552 nactus
3117 1499 3402 1566 quzesitum
3437 1499 3571 1554 Mes-

1995 1586 2169 1649 siam,
2204 1595 2255 1640 et
2309 1587 2412 1641 sibi
2477 1589 2620 1642 notis
2680 1589 2991 1657 signiﬁcans
3045 1605 3108 1643 ac
3165 1590 3570 1646 demonsu-aus.

1991 1676 2159 1746 828
2185 1676 2446 1733 Prarterea
2477 1680 2862 1733 chalccdouius
2899 1681 3056 1748 lapis,
3091 1698 3405 1750 quanquam
3431 1683 3570 1735 alius

1995 1774 2101 1833 sit,
2134 1769 2330 1825 similis
2361 1779 2540 1825 tamen
2571 1781 2653 1826 est
2683 1771 2884 1826 eoloris
2915 1788 3040 1826 cum
3083 1773 3420 1826 carbunculo
3450 1791 3464 1826 :
3497 1773 3568 1826 ita

317 1864 568 1934 πορθμὸν
590 1864 700 1917 ἄνω
730 1837 1124 1933 Χρυσοπόλεως
1154 1862 1293 1917 κατὰ
1331 1863 1431 1927 τὰς
1486 1837 1891 1934 Συμπληγάδας

2004 1858 2175 1913 dictus
2199 1860 2346 1930 quod
2375 1860 2521 1915 circa
2555 1859 2748 1915 fretum
2769 1861 3129 1917 Chalcedonis
3155 1879 3316 1931 supra
3341 1863 3575 1932 Chryso-

321 1956 539 2023 πέτρας
586 1956 697 2017 τοῖς
747 1954 904 2018 ἐκτὸς
951 1954 1159 2007 τούτων
1214 1954 1601 2024 ἀπανθρώπως
1647 1954 1890 2025 χωρίοις,

320 2045 575 2113 χοιράσει
626 2044 720 2096 καὶ
757 2043 1041 2107 σκοπέλοις
1074 2044 1184 2097 τῶν
1215 2042 1478 2111 αἰγιαλῶν
1507 2043 1893 2112 ἡχρειωμένων

325 2136 470 2205 μετὰ
492 2135 653 2188 λίθων
686 2135 1069 2204 ἀνευρίσκεται
1103 2134 1438 2205 πολυτίμων,
1472 2135 1546 2197 ὡς
1593 2135 1661 2188 τά
1686 2136 1894 2204 πάτρια

323 2225 571 2279 Βιθυνῶν
604 2225 1030 2293 ἀναταξαμὲνοις
1066 2225 1302 2295 εἴρηται,
1333 2225 1657 2278 σκοπιετέον.

397 2402 464 2456 δ’.
505 2404 565 2455 '0
591 2404 892 2472 τέταρτος,
926 2401 1288 2473 σμάραγδος.
1319 2402 1417 2454 Διὰ
1449 2401 1541 2455 τοῦ
1581 2401 1898 2471 σμαράγδου

323 2496 391 2547 τδ
417 2495 649 2564 πράσιον
670 2495 866 2564 χρῶμα
901 2494 1368 2564 ἐμφανιζομένου,
1394 2497 1494 2562 τήν
1522 2509 1580 2545 τε
1610 2492 1897 2560 διαύγειαν

329 2588 393 2650 ἐξ
442 2586 608 2639 αὐτοῦ
663 2585 1173 2656 προσλαμύάνοντος
1231 2585 1326 2637 καλ⁸
1362 2583 1461 2654 τὴν
1498 2582 1670 2654 ὥραν,
1697 2584 1757 2637 τὸ
1804 2583 1899 2638 τοῦ

328 2679 724 2746 εὐαγγελιστοῦ
742 2677 986 2731 Ἰωάννου
1002 2676 1294 2746 νομίζομεν
1306 2675 1598 2746 δηλοῦσθαι
1616 2679 1899 2745 κήρυγμα,

1998 1952 2162 2020 polim
2181 1951 2338 2018 juxta
2367 1949 2750 2022 Symplegades
2776 1954 3055 2022 scopulos,
3087 1955 3138 2007 in
3170 1955 3304 2009 locis
3331 1955 3575 2009 inacces-

1998 2043 2074 2095 sis
2101 2050 2254 2095 extra
2302 2042 2403 2096 hos
2430 2044 2658 2111 positis,
2691 2059 2885 2113 nempe
2926 2044 2978 2097 in
3025 2045 3175 2098 saxis
3217 2060 3280 2099 ac
3329 2048 3578 2114 scopulis»

1997 2133 2339 2187 descrtOrum
2380 2133 2619 2194 litorum,
2658 2149 2780 2187 cum
2827 2135 2948 2188 aliis
2997 2135 3269 2202 lapidibus
3315 2135 3574 2204 pretiosis

2000 2224 2326 2299 inveniatur,
2366 2225 2529 2278 veluti
2579 2224 2836 2277 dixerunt
2868 2226 2900 2277 ii
2943 2226 3037 2293 qui
3071 2225 3139 2278 de
3179 2226 3339 2280 rebus
3384 2228 3574 2294 patriis

1999 2303 2352 2385 Bithynorum
2376 2319 2732 2383 scripserunt.

2068 2411 2121 2463 4.
2154 2410 2390 2476 Quartus
2417 2419 2494 2462 est
2534 2409 2869 2477 smaragdus.
2919 2409 3021 2463 Per
3059 2413 3430 2480 smaragdum,
3475 2417 3570 2483 qui

2003 2504 2231 2556 \‘iridem
2275 2502 2613 2556 demonstrat
2641 2504 2906 2565 colorem,
2939 2514 2993 2556 et
3034 2504 3375 2570 splendorem
3415 2523 3479 2560 ex
3510 2524 3579 2561 eo

2004 2601 2317 2661 susceptum
2384 2608 2448 2646 ac
2510 2601 2882 2658 vetustatem,
2948 2592 3179 2648 Joannis
3235 2599 3582 2665 cvangelisue

2006 2684 2447 2753 pra'dicationem
2509 2685 2804 2753 sigmficari
2854 2685 3210 2750 arbitramur,
3257 2687 3348 2756 qui
3398 2689 3582 2742 divina

329 2771 464 2842 θείῳ
496 2770 658 2839 ἐλαίῳ
688 2770 1069 2839 φαιδρύνοντος
1098 2770 1196 2839 τὴν
1221 2770 1658 2839 προσγινομένην
1679 2771 1811 2838 ἡμῖν
1841 2768 1899 2833 ἐξ

2009 2775 2384 2830 misericordia
2419 2775 2686 2829 exhilarat
2729 2787 2904 2828 ortam
2947 2777 2999 2829 iii
3037 2777 3197 2830 nobis
3243 2792 3309 2830 ex
3359 2791 3584 2846 peccato

329 2861 611 2931 ἁμαρτίας
658 2863 984 2931 κατήφειαν.

2009 2867 2305 2920 trisdtiam.

403 2949 467 3004 ε’.
513 2952 575 3004 ’0
603 2950 895 3020 πέμπτος,
923 2950 1253 3018 σαρδόνυξ.
1291 2950 1480 3019 Τούτῳ
1519 2950 1777 3003 Ἰάκωϐον
1815 2952 1900 3002 τὸν

2078 2958 2132 3012 5.
2170 2958 2396 3021 Quintus
2437 2966 2513 3009 est
2545 2958 2832 3025 sardouyx.
2868 2957 2970 3010 Per
3002 2957 3144 3009 hunc
3172 2955 3435 3011 Jacobum
3474 2959 3576 3012 Ze-

333 3041 430 3094 τοῦ
467 3041 753 3095 Ζεϐεδαίου
807 3041 1310 3111 χαρακτηρίζεσθαι
1365 3040 1770 3109 ὑπειλήφαμεν.
1820 3041 1900 3102 Ὧς

2009 3045 2179 3100 ιιιειιιεὶ
2202 3045 2471 3113 designari
2495 3044 2790 3097 credimus.
2819 3043 3287 3107 Quemadmodum
3317 3044 3464 3097 enim
3493 3047 3580 3098 hic

337 3133 449 3201 γάρ
477 3134 505 3184 ὁ
530 3131 675 3195 λίθος
696 3128 845 3192 οὗτος
874 3134 963 3184 καὶ
997 3132 1164 3200 χρόαν
1195 3130 1517 3200 αίματιαίαν
1579 3131 1900 3197 ὲγκολπίζε-

2011 3137 2144 3206 lapis
2173 3134 2528 3204 sanguineum
2560 3131 2723 3187 refert
2755 3133 2995 3186 colorem
3021 3171 3036 3194 ,
3070 3134 3141 3185 ita
3173 3149 3392 3203 quoque
3417 3144 3466 3187 et
3493 3135 3580 3187 hic

337 3241 451 3283 ται,
483 3221 625 3275 οὕτω
647 3221 710 3291 δὴ
749 3223 840 3274 καὶ
870 3223 898 3272 ό
925 3223 1191 3290 μακάριος
1211 3215 1385 3284 οὗτος,
1421 3223 1787 3292 ὲναρχομὲνου
1809 3221 1900 3272 τοῦ

2004 3236 2226 3284 sanctus
2276 3225 2531 3278 inchoata
2586 3222 2867 3291 splendida
2911 3232 2962 3276 et
3011 3223 3238 3275 candida
3287 3239 3350 3276 ac
3396 3223 3579 3276 divina

337 3313 658 3382 φυτοειδῶς
682 3312 873 3365 λευκοῦ
901 3315 996 3365 καί⁸
1014 3312 1158 3364 θείου
1198 3313 1575 3382 κηρύγματος,
1601 3310 1677 3382 τῷ
1710 3311 1775 3364 δι’
1826 3313 1910 3363 αἴ-

340 3422 508 3474 ματος
540 3405 723 3474 δρόμῳ
750 3403 828 3474 τῷ
862 3403 1164 3473 διδασκάλῳ
1199 3403 1419 3474 Χριστῷ
1451 3405 1585 3474 πρδς
1616 3403 1714 3472 τὴν
1743 3402 1909 3472 οὐρά-

338 3515 452 3550 νιον
481 3501 576 3550 καὶ
597 3496 824 3560 ἀείζωον
857 3495 1029 3566 λῆξιν,
1050 3497 1143 3549 καὶ
1170 3496 1353 3566 πλήρη
1388 3496 1588 3563 φωτὸς,
1619 3496 1913 3565 παραπέμ-

339 3605 522 3643 πεται.

410 3687 488 3746 ς’.
538 3682 600 3733 ’0
625 3680 818 3748 ἕκτος,
842 3680 1113 3748 σάρδιον.
1153 3673 1321 3742 Οὗτος
1365 3679 1571 3752 πυῤῥδς
1601 3681 1700 3746 τὴν
1745 3679 1910 3752 χρόαν

333 3770 683 3839 ὁρμώμενος.
719 3769 797 3838 τῷ
847 3769 1097 3838 διαπύρῳ
1138 3770 1237 3836 τῆς
1276 3770 1404 3838 περὶ
1450 3769 1684 3838 Χριστὸν
1735 3769 1912 3821 διαθὲ-

338 3876 481 3920 σεως
506 3860 596 3908 τὶν
625 3857 890 3910 Φίλιππον
912 3859 1192 3926 ἀναφέρει.
1243 3857 1329 3918 Ὦς
1367 3858 1474 3926 γὰρ
1495 3860 1523 3910 ό
1560 3859 1706 3920 λίθος
1757 3854 1910 3921 οὗτος

338 3947 744 4017 θεραπευτικὴν
769 3947 882 4015 ἔχει
908 3944 1138 4014 δύναμιν
1158 3946 1466 4015 οἰδημάτων
1502 3947 1786 4016 σαρκικῶν
1812 3949 1909 3999 καὶ

336 4043 450 4093 τῶν
480 4040 586 4092 ἀπὺ
611 4039 829 4110 σιδήρου
865 4039 1111 4109 πληγῶν.
1133 4038 1274 4091 οὕτω
1316 4039 1409 4092 καὶ
1441 4040 1538 4108 τῆς
1569 4039 1663 4092 τοῦ
1717 4040 1908 4093 Φιλίπ-

344 4150 452 4187 που
481 4131 682 4202 ἀρετῆς
707 4131 768 4182 τὸ
799 4130 993 4193 κάλλος
1038 4129 1342 4184 ὑποδύεται.

417 4226 484 4287 ζ’.
528 4224 591 4276 '0
617 4222 887 4291 ἕϐδομος,
912 4223 1294 4291 χρυσόλιθος.
1327 4221 1719 4292 Βαρθολομαῖος
1750 4221 1910 4274 ἀπει-

341 4318 576 4382 κάζεται
607 4314 714 4384 ,τῷ
772 4313 1078 4384 χρυσολίθῳ
1127 4313 1203 4382 τῷ
1250 4312 1550 4383 πολυτίμῳ,
1619 4314 1730 4365 τῶν
1776 4315 1909 4382 aps-

340 4408 455 4462 τῶν
485 4406 818 4477 pascuost;
844 4404 1183 4458 ἀποστίλϐων
1209 4404 1600 4475 λαμπρότητας
1623 4407 1715 4457 καὶ
1730 4401 1908 4468 οὗτος,

342 4502 402 4555 οὺ
434 4502 613 4569 μέντοι
661 4499 753 4551 καὶ
776 4497 848 4557 ῶς
876 4499 906 4550 ό
949 4498 1145 4567 χρυσὸς
1177 4497 1254 4567 τῷ
1300 4497 1561 4568 τήκεσθαι
1607 4497 1906 4565 δυστυχῶν,

346 4590 669 4660 στερρότητι
703 4588 760 4640 δὲ
795 4587 975 4658 λιθίνῃ
1022 4587 1156 4658 πρὸς
1192 4587 1252 4640 τὸ
1280 4589 1544 4657 κήρυγμα
1596 4587 1908 4640 καταπλου-

343 4681 456 4730 τῶν
483 4681 740 4746 ἔμμονον.

422 4769 494 4838 η’.
558 4770 624 4820 Ὀ
669 4767 910 4836 ὄγδοος,
947 4770 1298 4836 βηρύλλιος.
1370 4769 1570 4838 Θωμᾶς
1635 4770 1911 4832 εἰκάζεται

345 4859 521 4928 τούτῳ
560 4897 576 4920 ,
635 4857 1005 4912 θαλασσοειδεῑ
1047 4862 1112 4928 τῇ
1168 4860 1302 4928 χρόᾳ
1357 4862 1450 4910 καὶ
1503 4859 1910 4931 ὐακινθιζούσῃ,

343 4951 408 5003 τό
433 4966 494 5002 τε
552 4948 688 5018 πρὸς
714 4952 893 5002 πίστιν
927 4949 1092 5001 αὐτοῦ
1143 4948 1488 5016 ἀστάθμητον
1516 4950 1909 5020 ὑπογράφοντι,

345 5043 444 5096 καὶ
477 5040 714 5110 μάλιστα
746 5040 806 5092 τὸ
853 5039 1200 5110 μακροδαπὲς
1226 5040 1323 5107 τῆς
1379 5041 1683 5110 ἀποστολῆς
1719 5043 1911 5112 μέχρις

357 5134 540 5189 Ἰνδῶν
569 5132 664 5186 καὶ
691 5132 779 5184 διὰ
802 5130 1072 5201 θαλάσσης
1127 5130 1559 5200 ἐκτελεσθείσης.
1725 5125 1728 5128 ’

418 5223 485 5278 θ’.
523 5223 604 5276 Ὀ·
636 5223 910 5287 ἐννατος,
949 5220 1247 5282 τοπὰζὶον.
1285 5221 1344 5274 '0
1391 5222 1626 5286 τόπαζος
1679 5226 1912 5296 ἐρυθρὸς

350 5317 454 5370 καὶ
472 5313 818 5384 άνθρακίζων
845 5313 925 5380 τῷ
970 5313 1099 5365 εἴδει
1125 5354 1141 5378 ,
1182 5317 1276 5367 καὶ
1327 5312 1517 5367 λευκὸν
1556 5316 1690 5368 όπδν
1733 5320 1914 5386 ἀφιεὶς

349 5404 727 5478 δφθαλμιῶσιν
777 5402 1107 5469 ἀλεξίπονον,
1144 5404 1235 5457 τὸν
1273 5403 1414 5457 θεῖον
1476 5407 1752 5462 Ματθαῖον
1803 5410 1912 5474 ἕξει

349 5495 782 5568 άφομοιούμενον
814 5532 828 5556 ,
876 5494 1272 5562 πεπυρωμένον
1323 5495 1399 5564 τῷ
1455 5495 1582 5566 θείῳ
1627 5497 1797 5568 ζήλῳ,
1837 5499 1914 5564 ὡς

349 5594 449 5645 καὶ
475 5592 576 5659 τὴν
601 5587 762 5658 μέχρι
795 5589 994 5656 σαρκὸς
1027 5587 1124 5640 καὶ
1156 5587 1409 5657 αἵματος,
1431 5589 1528 5640 καὶ
1547 5590 1914 5662 γαλακτοτρο-

349 5683 484 5752 φίας
536 5676 940 5750 ἑνανθρὼπησιν
979 5678 1072 5731 τοῦ
1131 5678 1266 5731 Θεοῦ
1323 5680 1635 5750 ἀναγράψαι
1665 5697 1679 5711 ο
1713 5682 1780 5734 δι’
1837 5678 1914 5736 ῶν

348 5778 482 5838 τοὺς
508 5773 608 5843 τὴν
631 5772 854 5844 καρδίαν
887 5770 1303 5840 τυφλῶττοντας
1324 5773 1415 5824 καί⁵
1447 5771 1704 5841 νηπιώδει
1726 5775 1902 5844 τῇπί-

1936 4542 1988 4600 D

2011 3317 2413 3390 prmdicatione,
2445 3330 2610 3369 cursu
2643 3329 2735 3382 per
2762 3313 3081 3377 sanguinem
3121 3326 3337 3382 peracto
3371 3316 3423 3368 in
3460 3330 3580 3367 mo-

2011 3413 2140 3467 dum
2175 3407 2419 3477 magistri
2452 3405 2536 3460 sui
2568 3404 2769 3460 Christi
2795 3443 2809 3467 ,
2843 3405 2909 3458 ad
2937 3406 3206 3458 cmlestem
3232 3415 3284 3458 et
3311 3413 3582 3474 perpetuae

2012 3502 2138 3556 vita:
2167 3500 2406 3569 quietem
2436 3497 2762 3567 plenamque
2789 3495 2995 3549 lumine
3025 3496 3440 3552 transmittitur.

2084 3680 2136 3734 6.
2173 3677 2364 3733 Sextus
2393 3688 2468 3732 est
2492 3677 2728 3731 sardius.
2761 3676 2859 3732 Hic
2883 3677 3032 3732 fulvo
3059 3679 3239 3733 colore
3269 3681 3580 3748 prosiliens,

2013 3771 2320 3841 Philippum
2353 3777 2570 3838 propter
2605 3768 2832 3836 ignitum
2867 3785 2992 3837 erga
3023 3769 3298 3824 Christum
3331 3771 3579 3826 aﬂ’ectum

2011 3867 2371 3918 demonstrat.
2408 3861 2879 3925 Quemadmodum
2920 3862 3061 3914 enim
3103 3864 3190 3916 hic
3230 3865 3368 3933 lapis
3406 3866 3580 3919 virtu-

2013 3962 2120 4006 tem
2149 3953 2314 4006 habet
2360 3951 2662 4005 curativam
2698 3952 2942 4004 ulcerum
2977 3954 3159 4006 carnis
3203 3964 3258 4007 et
3296 3957 3579 4011 vulnerum

2011 4040 2156 4094 ferro
2187 4039 2539 4101 inﬂictorum,
2573 4039 2644 4091 ita
2673 4052 2892 4105 quoque
2915 4040 3077 4094 decor
3103 4043 3320 4096 virtutis
3347 4043 3580 4115 Philippi

2010 4130 2439 4199 subingreditur.

2083 4223 2135 4276 7.
2173 4219 2436 4289 Septimus
2454 4229 2529 4273 est
2561 4219 2931 4291 chrysolitlms.
2967 4223 3217 4277 Pretioso
3243 4223 3582 4294 chrysolithi)

2011 4313 2438 4368 Bartbolomzeus
2470 4313 2836 4378 assimilatur,
2867 4314 3221 4384 resplendens
3266 4325 3318 4369 et
3361 4316 3448 4370 hic
3474 4332 3576 4370 au-

2013 4421 2110 4459 reo
2139 4404 2396 4458 virtutum
2431 4404 2719 4472 splendore
2753 4421 2767 4458 :
2803 4421 2908 4459 non
2949 4415 3124 4460 tamen
3160 4408 3240 4461 sic
3273 4415 3333 4460 ut
3362 4405 3415 4459 in
3457 4422 3580 4460 mo-

2013 4494 2142 4549 dum
2177 4495 2295 4549 auri
2339 4493 2583 4564 liqueﬁat
2614 4496 3058 4563 adversitatibus,
3090 4497 3182 4551 sed
3232 4499 3409 4567 magis
3443 4497 3580 4567 lapi-

2013 4589 2114 4641 dea
2149 4587 2402 4643 firmitate
2430 4587 2674 4642 stabilem
2699 4589 2878 4642 ditans
2903 4590 3365 4656 praedicationem.

2085 4763 2136 4816 8.
2173 4761 2399 4817 Octavus
2425 4771 2501 4814 est
2528 4762 2773 4831 beryllus.
2797 4762 3033 4818 Thomas
3061 4764 3187 4818 huic
3211 4776 3579 4835 comparatur,

2015 4854 2109 4924 qui
2163 4853 2299 4920 lapis
2348 4851 2516 4903 maris
2550 4865 2613 4903 ac
2647 4852 2922 4920 hyacinthi
2962 4855 3182 4917 colore,
3234 4863 3287 4911 et
3321 4857 3463 4909 illius
3506 4858 3579 4909 ad

2017 4943 2172 4996 tidem
2205 4939 2610 4993 instabilitatem
2639 4940 2876 5007 depingit
2899 4979 2914 5003 ,
2947 4952 2999 4994 et
3032 4945 3263 4998 maxime
3302 4947 3577 5014 apostola-

2017 5045 2130 5090 tqu
2163 5048 2226 5086 ac
2255 5031 2576 5098 legationem
2610 5030 2662 5083 in
2699 5030 3049 5100 longinquam
3080 5037 3306 5102 patriam
3332 5075 3351 5102 ,
3381 5053 3578 5106 nempe

2017 5139 2188 5190 usque
2217 5121 2280 5175 ad
2311 5118 2470 5173 ludos
2500 5128 2553 5174 et
2585 5134 2680 5187 per
2709 5135 2857 5172 mare
2880 5119 3196 5187 perfectam.

2086 5217 2138 5270 9.
2179 5213 2362 5268 Nonus
2392 5220 2466 5265 est
2515 5213 2772 5278 tapazius.
2804 5209 3069 5278 Topazius
3115 5213 3275 5265 ruber
3308 5224 3360 5267 et
3392 5216 3575 5281 specie

2017 5308 2272 5364 carbonis
2313 5319 2375 5358 ac
2423 5301 2710 5358 candidum
2746 5310 3020 5368 aspectum
3067 5302 3376 5369 relinquens
3416 5307 3573 5357 anxi-

2017 5401 2198 5456 liaudo
2226 5397 2382 5468 agris
2408 5394 2599 5458 oculis,
2629 5391 2871 5445 divinum
2894 5392 3060 5461 829
3097 5391 3403 5447 Matthmum
3436 5398 3570 5449 assi-

2018 5493 2262 5546 milatum
2287 5486 2521 5550 habebit,
2555 5484 2739 5538 divino
2771 5482 2884 5536 telo
2917 5483 3168 5551 ignitum,
3197 5493 3256 5538 ut
3282 5484 3444 5539 etiam
3480 5485 3572 5538 Dei

2019 5582 2441 5639 incarnationem
2472 5575 2798 5632 describeret
2827 5589 2997 5643 usque
3027 5578 3093 5630 ad
3114 5593 3333 5632 carnem
3365 5589 3415 5632 et
3450 5595 3574 5650 san-

2018 5679 2230 5747 guinem
2261 5690 2323 5728 ac
2358 5671 2698 5727 luctationem
2737 5684 2750 5720 :
2781 5681 2874 5735 per
2897 5682 3018 5735 qua:
3046 5684 3140 5722 eos
3169 5670 3260 5738 qui
3289 5685 3382 5724 cor
3411 5669 3574 5722 liabe-

2019 5773 2149 5825 bant
2177 5774 2504 5826 excreeatuni
2534 5763 2800 5831 fidemque
2828 5759 3152 5830 infantilem,
3183 5779 3299 5828 eos,
3330 5763 3566 5828 inquanv
