4126 6332
634 194 740 292 iis
1462 220 1780 282 inerme
1809 218 2179 280 cusanus-1
2209 232 2215 265 ι

2307 212 2681 277 PPADOCUE
2715 209 3049 274 EPISCOPI
3156 181 3159 188 ’
3707 208 3830 271 πο

637 347 734 416 qui
780 341 977 398 eruditi
1016 348 1170 394 erant
1222 339 1275 393 in
1320 338 1728 392 conversatione
1772 336 2066 389 secundum
2117 336 2192 388 le-

2302 350 2425 394 ττει,
2453 331 2577 392 τοὺς
2592 326 2734 381 κατὰ
2759 325 2921 393 νόμον
2941 322 3081 394 φημὶ
3108 323 3348 396 πολιτεία
3370 325 3830 395 παιδαγωγουμέει

641 413 783 502 gem,
836 432 901 484 ad
945 439 1145 484 statum
1190 429 1396 481 virilem
1439 428 1531 495 qui
1578 425 1873 481 secundum
1909 423 2183 478 Christum

2302 439 2428 482 ρους,
2461 419 2593 488 πρὸς
2629 415 2886 484 ἀνδρικὴν
2911 413 3241 468 κατάστασιν
3275 415 3371 486 τὴν
3404 415 3544 468 κατὰ
3591 413 3836 484 Χριστὸν

641 531 724 575 est
744 519 1019 573 subduxit.

714 609 801 660 10.
842 608 1078 660 Decimus
1118 605 1611 674 estchrgsoprusus.
1646 602 1742 657 llic
1787 602 2055 656 Tbnddmo
2099 617 2185 655 re-

644 697 879 764 ponitur,
939 696 1027 764 qui
1069 695 1281 761 Angaro
1332 695 1440 759 regi
1493 695 1727 756 Edeses,
1782 693 1935 746 iidem
1987 692 2188 747 Christi

645 783 1049 851 evangelizavit,
1097 798 1215 850 quae
1265 781 1333 834 ab
1373 781 1486 833 auri
1536 781 1714 848 specie
1745 781 1823 834 sic
1861 779 2186 849 appellatur,

644 882 697 925 et
731 872 852 926 inde
881 872 980 925 sibi
1037 872 1266 940 pretium
1318 870 1506 932 ambit,
1558 884 1730 936 neque
1778 868 1945 923 Prasii
1993 867 2190 923 coloris

645 976 835 1028 expers
881 971 973 1012 ’ρει
1006 977 1019 1013 :
1052 963 1164 1013 sive
1205 959 1518 1028 designaute
1571 960 1891 1012 revelatione
1926 959 2068 1029 quod
2097 973 2190 1027 per

646 1052 800 1104 tidem
825 1050 877 1104 in
915 1031 1192 1103 Christum
1243 1050 1415 1102 oritur
1462 1048 1809 1101 rnortilleatio
1846 1047 1910 1100 ad
1964 1062 2028 1100 ea
2072 1061 2192 1114 qua:

647 1153 769 1193 sunt
794 1141 1104 1200 allectunm,
1137 1138 1250 1192 sive
1279 1147 1586 1206 perpetuam
1628 1137 1795 1190 vitam
1828 1136 2107 1199 innuente,
2129 1149 2193 1187 eo

644 1232 787 1298 quod
818 1229 1032 1297 prasius
1067 1228 1222 1282 color
1260 1230 1374 1280 sive
1399 1226 1727 1280 marrubium
1752 1239 1965 1292 semper
2003 1224 2192 1275 vireat.

716 1321 802 1372 Η.
841 1318 1156 1372 Undecimus
1185 1327 1262 1369 est
1293 1315 1624 1383 hyacinthus.
1674 1313 1813 1366 Huic
1855 1312 1948 1378 qui
1993 1311 2194 1365 cerulei
2234 1329 2237 1333 ·

648 1407 842 1460 coloris
865 1413 948 1458 est
979 1405 1092 1457 sive
1123 1418 1302 1455 aerem
1339 1400 1624 1454 referentis
1647 1397 1832 1452 Simon
1864 1395 2077 1451 Zelotes
2107 1412 2196 1450 as-

650 1494 939 1554 slmilatur,
970 1492 1194 1558 ﬁguram
1232 1490 1446 1557 quidem
1487 1502 1679 1556 gerens
1719 1486 1976 1540 continue
2014 1498 2198 1539 erran-

652 1583 723 1635 tis
746 1582 915 1634 turbae
941 1579 1254 1643 zelantium,
1279 1577 1393 1632 sive
1425 1586 1726 1629 amatorum
1769 1584 1864 1628 aut
1897 1574 2196 1628 invidorum

657 1669 801 1737 (ideo
825 1668 986 1720 etiam
1013 1666 1174 1718 veluti
1203 1640 1382 1717 aerem
1413 1679 1475 1717 ac
1499 1673 1715 1716 ventum
1749 1669 1925 1715 mente
1948 1664 2199 1728 sequens)
2233 1640 2274 1693 Β

653 1766 886 1809 attamen
921 1769 1012 1823 per
1033 1753 1275 1807 veritatis
1305 1752 1690 1821 cognitionem,
1718 1764 2025 1819 quanquam
2057 1763 2196 1812 sero,

654 1849 825 1899 zelum
849 1845 913 1897 ad
954 1844 1004 1897 id
1035 1843 1175 1910 quod
1201 1843 1462 1910 optimum
1495 1850 1574 1894 est
1612 1841 2048 1894 accommodans.

728 1936 809 1988 12.
847 1932 1188 1985 Duodecimus
1215 1939 1288 1983 est
1314 1930 1653 1997 amethystus.
1690 1927 1789 1981 Hic
1831 1927 1976 1979 fulvo
2018 1925 2200 1978 colore

656 2024 891 2077 Mattbim
920 2022 1111 2075 merito
1146 2020 1531 2090 segregabitur,
1561 2018 1655 2087 qui
1712 2032 1814 2070 una
1857 2031 1978 2069 cum
2033 2016 2201 2068 unde-

654 2119 758 2166 uim
805 2113 1070 2181 particeps
1126 2111 1227 2164 fuit
1271 2110 1496 2163 visionis
1533 2125 1561 2161 a
1618 2109 1757 2162 coelo
1803 2107 2018 2161 Duemis
2074 2121 2198 2159 cum

657 2205 822 2271 ignito
847 2217 969 2256 rore
996 2217 1018 2254 ιη
1035 2209 1253 2269 propter
1278 2202 1421 2268 quod
1459 2199 1735 2252 dementes
1777 2196 2036 2265 suspicati
2079 2205 2204 2250 sunt

657 2294 779 2345 illos
834 2291 1150 2344 temulentia
1209 2291 1473 2357 oppletos,
1508 2303 1818 2356 quanquam
1861 2301 2073 2338 omnem
2114 2300 2203 2338 so-

659 2381 937 2432 hrietatem
980 2377 1175 2430 aﬂ‘ectu
1221 2376 1561 2429 excederent.
1613 2375 1737 2426 Ideo
1787 2389 2001 2441 quoque
2057 2389 2203 2427 ame-

660 2474 837 2536 thysto
861 2469 1166 2534 assignatus
1195 2475 1298 2528 est,
1329 2469 1455 2533 quia
1508 2465 1867 2532 alnetbystum
1917 2462 2203 2530 pra-ferens

661 2571 850 2625 sparso
879 2556 1159 2609 ebrietatis
1189 2562 1408 2608 rumore
1441 2568 1779 2622 nequaquam
1819 2553 1956 2604 vinci
2008 2556 2199 2619 potuit.

729 2645 868 2708 XXI,
896 2646 1084 2698 ﬁll-27.
1115 2643 1344 2712 Singqu
1369 2654 1531 2712 porta
1553 2661 1616 2696 ex
1637 2643 1853 2712 singulis
1885 2644 2202 2711 margaritis.

2287 507 2647 570 ἐπανήγαγεν.

2357 595 2406 650 ι’.
2455 595 2516 648 '0
2558 596 2822 662 δέκατος.
2863 598 3302 665 χρυσόπρασος.
3343 594 3524 662 Τούτῳ
3573 594 3837 653 Θαδδαῖος

2288 686 2586 752 ἀνάκειται,
2623 687 2653 738 ό
2680 677 2766 756 τῷ
2801 687 3048 756 ’Λγγάρῳ
3083 686 3288 754 βασιλεῖ
3347 684 3562 752 Ἐδέσης
3594 687 3692 751 τὴν
3733 681 3835 734 τοῦ

2289 775 2519 843 Χριστοῦ
2557 777 2737 827 πίστιν
2770 776 3278 844 εὐαγγελισάμενος,
3311 775 3430 843 ἣτις
3457 774 3654 843 χρυσὸς
3691 790 3838 841 χρη-

2293 864 2588 933 ματίζουσα
2644 865 2741 933 τὴν
2799 865 2959 929 ίδέαν,
2993 866 3084 919 καὶ
3121 865 3291 935 ταύτῃ
3339 864 3402 916 τὸ
3449 863 3624 932 τίμιον
3663 862 3836 927 ἑαυτῇ

2293 955 2567 1023 μνωμένη,
2611 955 2728 1007 οὐδὲ
2792 955 2882 1006 τοῦ
2949 954 3179 1025 πρασίου
3230 955 3462 1023 ἀμοιρεῖ,
3514 954 3687 1004 εἶτουν
3729 951 3840 1013 τὴν

2293 1043 2426 1111 πρὸς
2454 1045 2519 1095 τὰ
2564 1043 2780 1112 ἐμπαθῆ
2831 1045 3095 1113 νέκρωσιν
3136 1045 3234 1113 τῆς
3278 1044 3415 1097 κατά
3462 1042 3689 1110 Χριστὸν
3746 1040 3842 1092 πίε-

2295 1147 2461 1193 στεως
2511 1134 2884 1200 αίνιττομένης
2927 1133 3024 1202 τῆς
3053 1133 3466 1200 ἀποκαλύψεως,
3510 1132 3617 1182 εἴτε
3649 1130 3746 1182 καὶ
3776 1128 3842 1180 τὸ

2295 1220 2519 1283 ἀείζωον
2549 1221 2635 1273 διὰ
2667 1223 2764 1289 τῆς
2809 1222 3082 1284 ἀειθαλίας
3123 1222 3216 1274 τοῦ
3260 1223 3492 1291 πρασίου
3524 1219 3840 1290 χρώματος.

2367 1314 2454 1361 ια’.
2503 1307 2563 1362 '0
2591 1309 2925 1374 ἑνδέκατος.
2979 1310 3270 1373 ὑάκινθος.
3302 1310 3487 1378 Τούτῳ
3529 1309 3844 1370 κυανίζοντι

2295 1398 2393 1464 τὴν
2420 1396 2608 1464 χρόαν,
2631 1397 2793 1465 ἧγουν
2823 1397 3088 1464 ἀερίζοντι
3108 1398 3136 1448 ό
3159 1399 3337 1465 Σίμων
3357 1400 3383 1450 ό
3400 1397 3649 1466 Ζηλωτὴς
3676 1397 3846 1447 ἀπει-

2299 1483 2543 1544 κάζεται,
2574 1483 2666 1534 τοῦ
2709 1485 2806 1550 μὲν
2838 1485 2946 1535 τῶν
2983 1485 3243 1553 Ζηλωτῶν
3269 1483 3585 1545 ἀειπλανοῦς
3621 1483 3846 1548 στίφους

2301 1572 2651 1640 χρηματίζων
2675 1571 2776 1639 (διὸ
2813 1573 2904 1622 καὶ
2929 1571 3004 1633 ὡς
3046 1572 3275 1640 ἀερίζων
3300 1574 3392 1624 καὶ
3433 1570 3848 1640 ὲξηνεμωμένος

2300 1667 2358 1716 τὸ
2389 1664 2685 1734 φρόνημα),
2715 1664 2829 1717 ἀλλ’
2859 1659 2950 1716 οὖν
2991 1665 3057 1734 τῇ
3091 1663 3381 1732 ἐπιγνώσει
3426 1669 3523 1734 τῆς
3558 1661 3849 1732 ἀληθείας,

2299 1755 2349 1806 εί
2386 1755 2479 1806 καὶ
2512 1753 2628 1822 ὀψὲ,
2661 1754 2750 1805 τὸν
2798 1751 2958 1820 ζῆλον
3010 1756 3100 1805 ἐπὶ
3140 1755 3200 1805 τὸ
3250 1753 3521 1822 βέλτιστον
3567 1756 3852 1823 μεθαρμο-

2303 1844 2551 1913 σάμενος.

2373 1933 2458 2001 ιβ’.
2507 1932 2569 1984 '0
2600 1932 2946 1999 δωδέκατος,
2972 1932 3288 2001 ἀμέθυσος.
3322 1929 3489 1998 Οὗτος
3535 1935 3734 2005 πυῤῥδς
3786 1935 3856 1988 τ’)

2300 2020 2496 2090 χρῶμα
2522 2021 2859 2089 φαινόμενος,
2893 2022 2970 2090 τῷ
3003 2022 3216 2092 Ματθίᾳ
3237 2022 3456 2084 είκότως
3486 2022 3860 2092 ἀφορισθήσε-

2301 2124 2411 2169 ται,
2443 2107 2540 2177 τῆς
2577 2108 2671 2159 ἀπ’
2723 2107 2951 2174 οὐρανοῦ
3005 2108 3224 2178 ῥυείσης
3275 2109 3532 2172 ὀπτασίας
3587 2111 3854 2181 ἐμπύρου

2300 2197 2485 2267 δρόσου
2545 2201 2654 2261 τοῖς
2704 2199 2894 2252 ἕνδεκα
2943 2197 3307 2262 κοινωνοῦντι,
3363 2201 3504 2271 παρὸ
3559 2203 3653 2255 καὶ
3704 2202 3856 2272 μέθῃ

2302 2286 2637 2355 κατάληπτοι
2707 2289 2816 2350 τοῖς
2865 2288 3107 2356 ἀνοήτοις
3165 2289 3614 2358 ὑπωπτεύθησαν,
3661 2293 3709 2343 εί
3752 2292 3862 2343 καὶ

2305 2376 2480 2446 πάσης
2512 2376 2725 2446 νήψεως
2781 2377 3057 2446 κρείττους
3083 2377 3360 2433 διέκειντο.
3404 2379 3602 2450 Διόπερ
3632 2382 3721 2434 καὶ
3771 2380 3862 2450 τῷ

2304 2465 2559 2534 ἀμεθύσῳ
2599 2468 3006 2534 προσενεμήθη,
3059 2469 3136 2519 ὅτι
3186 2467 3214 2518 ό
3264 2468 3395 2536 μηδὲ
3438 2470 3526 2522 τὸν
3580 2472 3862 2538 ἀμέθυσον

2305 2555 2714 2622 ἐπιφερόμενος,
2748 2555 3008 2623 ἡττᾶσθαι
3041 2557 3176 2625 μέθῃ
3220 2557 3680 2630 διατεθρύλληται.

2386 2645 2514 2698 Ἀνὰ
2550 2639 2636 2708 εἷς
2679 2642 2932 2708 ἕκαστος
2978 2643 3094 2696 τῶν
3139 2644 3430 2698 πυλώνων
3475 2645 3553 2717 ἦν
3597 2649 3665 2713 ἐξ
3711 2651 3858 2713 ἐνὸς

661 2732 729 2786 Et
762 2733 936 2801 platea
981 2733 1207 2785 civitatis
1262 2749 1450 2785 aurum
1500 2749 1688 2801 purum
1739 2741 1982 2800 tauquam
2021 2731 2207 2783 vitrum

2302 2735 2687 2804 μαργαρίτου.
2715 2733 2824 2786 Kal
2852 2734 2890 2800 ἡ
2919 2732 3166 2786 πλατεῖα
3181 2732 3289 2801 τῆς
3315 2735 3564 2803 πόλεως,
3596 2741 3858 2806 χρυσίου

660 2824 994 2892 pellucidum.
1025 2823 1093 2875 Et
1128 2823 1370 2891 templum
1405 2839 1503 2876 non
1538 2823 1642 2876 vidi
1668 2825 1723 2874 in
1753 2839 1812 2875 ea
1843 2838 1861 2876 :
1898 2822 2032 2875 Dens
2070 2823 2208 2873 enim

2309 2823 2587 2890 καθαρὸν,
2617 2823 2698 2888 ὡς
2729 2823 2912 2887 ὕαλος
2950 2822 3215 2891 διαυγής.
3243 2826 3346 2877 Καί
3373 2828 3522 2879 ναόν
3557 2831 3665 2881 οὐκ
3691 2824 3861 2882 εἶδον

663 2917 979 2984 omnipotens
1040 2916 1282 2981 templum
1327 2916 1438 2982 ejus
1465 2924 1542 2966 est
1592 2926 1640 2967 et
1684 2932 1867 2983 agnus.
1908 2914 1974 2967 Et
2024 2916 2206 2967 civitas

2307 2913 2377 2964 ἐν
2403 2911 2574 2979 αὐτῇ.
2595 2913 2654 2963 '0
2686 2911 2792 2980 γὰρ
2825 2914 2965 2976 Θε“ς
2988 2915 3019 2964 ό
3040 2929 3284 2978 παντοκ]
3302 2913 3474 2981 ἀτωρ,
3504 2918 3644 2982 ναιές
3664 2918 3860 2986 αὐτῆς

667 3022 766 3057 non
798 3014 906 3073 eget
938 3004 1047 3057 sole
1092 3021 1249 3071 neque
1287 3006 1433 3066 luna,
1487 3015 1541 3057 ut
1578 3006 1787 3056 luceant
1839 3007 1894 3056 in
1937 3021 1995 3057 ca
2026 3019 2044 3056 :
2086 3021 2209 3055 nam

2310 3002 2466 3068 ἐστι,
2497 3002 2593 3054 καί
2622 3002 2684 3054 τὸ
2723 3003 2973 3068 ’Aprlcr.
3003 3004 3106 3055 Kal
3133 3007 3169 3070 ἡ
3195 3005 3369 3070 πόλις
3388 3009 3458 3058 οὐ
3500 3010 3704 3074 χρείαν
3724 3009 3861 3076 ἕχει

664 3096 826 3160 gloria
891 3093 981 3144 Dei
1027 3093 1341 3145 illuminavit
1383 3094 1550 3156 illaut,
1609 3103 1657 3145 et
1713 3095 1924 3145 lucerna
1973 3093 2084 3158 ejus
2136 3101 2208 3143 est

2310 3094 2414 3146 τοῦ
2444 3094 2642 3157 ἡλίου,
2668 3090 2808 3144 οὐδὲ
2824 3094 2930 3158 τῆς
2954 3095 3238 3160 σελήνης,
3260 3099 3356 3149 ἵνα
3371 3099 3663 3165 φαίνωσιν
3676 3104 3784 3154 αὐτ
3796 3102 3858 3166 ᾗ.

665 3201 846 3251 agnus.
886 3184 954 3236 Et
980 3186 1322 3236 ambulabunt
1355 3197 1524 3251 gentes
1553 3201 1642 3250 per
1671 3186 1836 3237 lucem
1870 3185 2001 3249 eius,
2041 3195 2088 3234 et
2137 3199 2216 3234 re-

667 3290 751 3340 ges
789 3284 936 3323 terra:
960 3274 1177 3338 afferent
1206 3275 1426 3341 gloriam
1446 3291 1595 3324 suam
1624 3286 1671 3326 et
1697 3275 1936 3324 honorem
1967 3274 2016 3322 in
2045 3271 2210 3322 illam.

673 3363 736 3413 Et
770 3371 931 3428 portw
965 3363 1075 3430 ejus
1105 3378 1203 3412 non
1237 3363 1547 3413 claudentur
1575 3378 1664 3426 per
1690 3365 1826 3414 diem
1862 3377 1882 3413 :
1936 3378 2036 3413 ηοω
2077 3361 2214 3412 enim

669 3451 888 3516 nou.erit
927 3451 980 3500 in
1010 3466 1087 3503 ea.
1122 3449 1184 3500 Et
1213 3450 1429 3516 afferent
1463 3449 1686 3518 gloriam
1730 3461 1776 3503 et
1811 3451 2054 3502 honorem
2098 3466 2218 3516 geu-

673 3539 800 3588 tium
836 3538 998 3605 830
1021 3537 1073 3588 in
1097 3539 1242 3588 illam
1283 3548 1336 3589 ut
1376 3540 1738 3607 ingrediantur
1779 3549 1876 3592 :ct
1909 3557 2009 3590 non
2060 3541 2216 3589 intret

670 3629 725 3678 in
756 3627 905 3680 illam
929 3629 1182 3695 quidquid
1213 3630 1452 3695 inquinat
1478 3640 1527 3682 ct
1561 3631 2000 3682 abontiuutionem
2021 3629 2148 3696 facit
2169 3637 2216 3678 et

671 3716 994 3768 mendacium
1022 3731 1042 3769 :
1067 3717 1156 3769 sed
1181 3721 1280 3772 soli
1315 3720 1404 3786 qui
1439 3720 1619 3786 scripti
1654 3727 1774 3770 sunt
1826 3719 1878 3769 in
1933 3717 2063 3768 libro
2103 3718 2216 3767 vitae

669 3805 825 3872 Agni.
1603 3818 1607 3822 ‘

2324 3185 2391 3236 Ἢ
2425 3186 2530 3246 γὰρ
2579 3182 2728 3244 δόξα
2759 3183 2862 3234 τοῦ
2920 3183 3065 3235 Θεοῦ
3121 3185 3411 3252 ἐφώτισεν
3445 3189 3654 3254 αὐτὴν,
3695 3193 3789 3242 καὶ
3825 3195 3862 3244 ό

2311 3274 2538 3336 λύχνος
2560 3269 2823 3336 αὑτῆς-τὸ
2859 3269 3107 3337 Ἀρνίον.
3137 3275 3244 3325 Kal
3278 3277 3744 3342 περιπατήσοιισι
3782 3279 3861 3330 τὰ

2318 3361 2458 3427 ἔθνη
2487 3361 2581 3412 διὰ
2613 3361 2714 3413 τοῦ
2756 3362 2946 3427 φωτὸς
2976 3361 3183 3428 αὐτῆς,
3230 3367 3323 3418 καί
3355 3369 3407 3418 οι
3439 3367 3715 3433 ,ϐασιλεῖς
3744 3368 3862 3433 τῆς

2317 3448 2428 3514 γῆς
2453 3449 2697 3516 φέρουσι
2733 3450 2847 3512 τὴν
2873 3449 3059 3512 δόξαν
3089 3453 3181 3504 καί
3217 3455 3390 3521 τιμὴν
3420 3455 3615 3509 αὐτῶν
3639 3460 3723 3521 είς
3748 3462 3831 3511 αὑ

2315 3536 2444 3600 τήν.
2477 3537 2580 3589 Kal
2628 3539 2682 3588 οι
2719 3537 2987 3602 πυλῶνες
3017 3538 3225 3607 αὐτῆς,
3270 3544 3341 3595 οὐ
3375 3544 3461 3610 μὴ
3499 3545 3866 3600 κλεισθῶσιν

2313 3622 2555 3689 ἡμέρας.
2589 3623 2715 3685 Νὺξ
2739 3626 2844 3690 γὰρ
2867 3627 2974 3677 οὐκ
3002 3625 3171 3680 ἔσται
3191 3627 3259 3680 ἐν
3277 3630 3448 3696 αὐτῇ.
3481 3636 3584 3686 Kal
3615 3635 3861 3687 οἴσουσι

2314 3712 2426 3778 τὴν
2459 3712 2646 3775 δόξαν
2681 3713 2775 3764 καί
2807 3713 2920 3780 τὴν
2956 3716 3130 3784 τιμὴν
3172 3716 3287 3769 τῶν
3319 3720 3508 3773 ἐθνῶν
3529 3725 3614 3787 είς
3640 3722 3863 3785 αὐτὴν,

2314 3804 2413 3854 ἵνα
2438 3803 2806 3856 εἰσέλθωσιν.
2853 3808 2956 3857 Kal
3012 3809 3082 3860 οὺ
3128 3806 3212 3874 μὴ
3249 3809 3490 3877 εἰσέλθῃ
3533 3815 3612 3878 εις
3665 3815 3866 3878 αὐτὴν

666 3896 788 3951 πᾶν
812 3897 1012 3949 κοινὸν
1042 3898 1135 3950 καί
1179 3899 1390 3952 ποιοῦν
1411 3900 1724 3970 ,βδέλυγμα
1768 3900 1865 3952 καί
1890 3898 2135 3966 ψεῦδος,
2158 3896 2209 3947 ει
2241 3895 2325 3963 μὴ
2375 3898 2427 3947 ol
2483 3896 2861 3964 γεπραμμένοι
2887 3897 2956 3948 ἐν
3001 3898 3079 3962 τῷ
3117 3900 3328 3961 ,βιϐλίῳ
3391 3901 3499 3968 τῆς
3560 3902 3704 3969 ζωῆς
3751 3906 3865 3959 τοῦ

681 3991 934 4056 ’Λρνιόυ.

741 4079 1041 4146 Μειγείιιὶιῑς
1084 4089 1299 4134 sanctos
1345 4084 1621 4149 apostolos
1662 4083 1998 4142 assimilavit,
2051 4088 2103 4131 et
2157 4079 2211 4128 in

2386 4072 2790 4138 Μαργαρίταις,
2818 4074 2942 4134 τοὺς
2965 4074 3151 4140 ἁγίους
3196 4078 3520 4142 ἀποστόλους
3549 4083 3862 4146 ἀπεικάζει.
3925 4058 3928 4059 ν

670 4171 893 4235 singulis
919 4172 1158 4236 ipsorum
1193 4187 1304 4221 rem
1351 4172 1717 4222 admirandam
1750 4188 1763 4223 :
1794 4187 1896 4222 non
1920 4170 2059 4236 quod
2093 4171 2213 4220 vitae

2319 4167 2412 4214 καὶ
2443 4163 2544 4214 ἀνὰ
2570 4162 2796 4214 ’ἑκαστον
2827 4165 3004 4216 αὐτῶν
3032 4165 3091 4216 τδ
3127 4167 3427 4236 παράδοξον
3462 4173 3556 4239 οὐχ
3602 4172 3747 4234 ὅπως
3788 4180 3858 4245 τῇ

673 4257 964 4307 candorem
992 4257 1444 4318 demonstrarent,
1477 4258 1568 4310 sed
1601 4258 1710 4325 jam
1755 4261 1915 4310 etiam
1951 4259 2215 4325 magnitu-

2320 4253 2599 4318 λευκότητι
2627 4251 2720 4302 τοῦ
2759 4251 2873 4318 βίου
2921 4254 3326 4320 ἐπιφαίνοντας.
3358 4258 3470 4309 ἀλλ’
3517 4260 3613 4328 ἤδη
3646 4264 3736 4313 καὶ
3780 4243 3859 4332 τῷ

673 4342 798 4393 dine
824 4352 871 4393 et
909 4343 1195 4395 altitudine
1229 4356 1521 4398 conatuum
1553 4347 1869 4400 inducerent
1920 4357 2213 4415 stuporem.

677 4431 908 4481 Plateam
947 4445 1070 4483 vero
1100 4435 1337 4486 civitatis
1366 4437 1478 4488 sive
1514 4438 1681 4490 beata:
1716 4439 2062 4492 habitationis
2096 4439 2218 4491 lati-

679 4521 912 4571 tudinem
941 4536 1003 4572 ac
1031 4520 1152 4575 vitae
1183 4525 1519 4580 durationetn
1552 4544 1686 4580 auro
1713 4533 2062 4596 comparavit.

746 4690 815 4742 Et
872 4691 1054 4761 civitas
1109 4709 1212 4745 non
1247 4705 1366 4763 eget.
1400 4677 1505 4748 sole
1555 4715 1711 4767 neque
1780 4701 1926 4753 luna.
1997 4700 2219 4755 Cunctis

676 4781 1020 4835 sensibilibus
1088 4784 1326 4848 abolitis,
1375 4789 1568 4838 merito
1625 4804 1838 4855 quoque
1875 4791 1954 4841 sol
1993 4801 2046 4842 ct
2093 4793 2216 4843 luna

675 4871 959 4925 abolentur
992 4886 1007 4922 :
1041 4880 1223 4937 utpote
1266 4873 1514 4926 omnibus
1542 4891 1661 4941 qua:
1693 4878 1744 4927 in
1796 4878 1884 4928 illo
1913 4885 2054 4930 statu
2095 4888 2221 4930 sunt

675 4960 1022 5030 spiritualiter
1077 4960 1566 5037 resplendentibus.

749 5135 870 5188 Nox
907 5137 1041 5189 enim
1071 5152 1172 5194 non
1200 5136 1300 5188 erit
1338 5136 1392 5189 in
1417 5151 1499 5188 ea.
1533 5135 1791 5190 Praeterea
1826 5154 1996 5206 neque
2019 5156 2121 5193 nox
2151 5141 2220 5194 ibi

677 5236 796 5288 erit,
833 5230 881 5279 in
907 5243 1008 5294 qua
1040 5229 1306 5281 securitas
1338 5227 1590 5281 Claustris
1619 5240 1681 5280 ac
1733 5230 2004 5296 repagulis
2027 5230 2225 5297 qumri-

683 5326 768 5366 ιω·
805 5335 817 5368 :
851 5318 975 5384 quia
1029 5319 1099 5370 ibi
1152 5317 1351 5372 divina:
1385 5327 1572 5386 portae,
1607 5333 1740 5381 quas
1799 5321 2069 5386 apostolos
2104 5335 2225 5375 esse

681 5403 936 5468 diximus,
969 5407 1210 5461 ellicaces
1234 5419 1394 5462 erunt
1431 5410 1496 5462 ad
1526 5409 1974 5462 introductionem
2007 5411 2119 5465 sive
2141 5413 2224 5464 in-

681 5499 1028 5549 structionem
1051 5514 1236 5553 eorum
1257 5517 1376 5567 qua?
1392 5499 1708 5570 perfectiora
1734 5513 1856 5553 sunt
1892 5519 1904 5553 :
1930 5517 2050 5554 cum
2079 5502 2222 5556 enim

2319 4340 2539 4408 μεγέθει
2564 4340 2655 4391 καὶ
2688 4339 3026 4408 ἀναστήματι
3069 4343 3174 4394 τῶν
3220 4347 3631 4416 ἐγχειρημάτων
3665 4353 3722 4402 τὸ
3758 4372 3862 4405 κα.

2315 4429 2620 4497 τάπληκτον
2671 4431 3055 4498 ἐπαγομένους.
3083 4435 3190 4502 Τὴν
3229 4435 3285 4486 δὲ
3313 4437 3566 4490 πλατεῐαν
3618 4442 3713 4509 τῆς
3763 4447 3863 4493 ivi-

2316 4519 2469 4581 λεως.
2502 4520 2620 4588 ἦτοι
2653 4520 2748 4588 τῆς
2779 4524 3048 4591 μακαρίας
3081 4527 3560 4594 κατασκηνώσεως,
3590 4531 3648 4582 τὸ
3691 4532 3862 4597 διεξο-

2317 4611 2462 4662 δικὸν
2487 4612 2580 4661 καὶ
2612 4611 2886 4680 βιώσιμον,
2921 4615 3122 4682 χρυσίῳ
3146 4617 3461 4672 ἀπείκασεν.

2390 4701 2493 4753 Kal
2525 4701 2562 4764 ἡ
2608 4704 2781 4765 πόλις
2811 4705 2879 4755 οὐ
2929 4705 3131 4770 χρείαν
3179 4705 3298 4771 ἔχει
3339 4708 3442 4759 τοῦ
3493 4711 3668 4776 ἡλίου
3719 4714 3862 4765 οὐδέ

2318 4788 2425 4855 τῆς
2453 4791 2738 4855 σελήνης.
2798 4793 2915 4841 Τῶν
2960 4793 3226 4858 αἰσθητῶν
3277 4796 3524 4850 ἁπάντων
3556 4803 3862 4869 ἠχρειωμέ-

2321 4897 2445 4942 νων,
2491 4880 2712 4939 εἰκότως
2752 4881 2843 4931 καὶ
2869 4881 3018 4948 ἥλιος
3052 4883 3143 4931 καὶ
3173 4883 3369 4953 σελήνη
3419 4888 3729 4957 ἠχρείωται,
3763 4893 3861 4944 ἆτε

2320 4971 2522 5037 νοητὼς
2578 4972 2791 5020 πάντων
2835 4971 2940 5020 τῶν
2991 4972 3047 5021 ὲν
3107 4973 3171 5040 τῇ
3230 4978 3478 5044 τηνικάδε
3533 4985 3863 5036 καταστάσει

2325 5075 2389 5109 πε
2401 5055 2862 5126 ρίαυγαζομένων.
3677 5096 3682 5105 .

2393 5145 2518 5207 Νὺξ
2554 5148 2662 5211 γὰρ
2695 5147 2804 5197 οὐκ
2827 5144 2995 5197 ἔσται
3018 5145 3086 5196 ἐν
3108 5149 3278 5216 αὐτῇ.
3313 5153 3431 5204 Ἔτι
3463 5156 3593 5224 μηδὲ
3623 5157 3720 5220 νὺξ
3745 5160 3865 5210 ἐκεῖ

2327 5235 2447 5286 καθ’
2480 5236 2543 5303 ἢν
2575 5235 2788 5304 μοχλοῖς
2829 5235 2923 5286 καὶ
2968 5235 3232 5304 κλείθροις
3263 5243 3595 5310 περιγίνεται
3624 5249 3654 5313 ἡ
3689 5247 3869 5311 ἀσφά-

2325 5320 2466 5385 λεια,
2495 5324 2578 5374 ὅτι
2612 5326 2769 5375 κακεῖ
2797 5323 2919 5384 τοὺς
2957 5324 3132 5388 θείους
3161 5329 3427 5399 πυλῶνας,
3458 5335 3550 5397 οὓς
3573 5338 3697 5397 τοὺς
3726 5337 3869 5387 ἀπο-

2330 5414 2548 5476 στόλους
2581 5411 2717 5466 εϊναι
2745 5416 3062 5483 είρήκαμεν,
3091 5420 3329 5487 ὲνεργείς
3368 5424 3575 5477 ἔσονται
3606 5427 3737 5493 πρὸς
3765 5425 3872 5493 τὴν

2324 5503 2430 5556 τῶν
2482 5503 2817 5573 τελεωτέρων
2860 5509 3071 5577 μνῆσιν.
3126 5511 3360 5582 Ἡμέρας
3404 5517 3509 5584 γὰρ
3541 5515 3702 5580 οῠσης
3747 5516 3865 5580 ἀεὶ,
