4126 6332
560 250 672 320 ἸΒῙ,

3630 257 3748 321 788

1113 564 1544 688 A‘RETlle
1622 564 2397 692 ARCHIEPISCoPl
2473 565 3158 695 CESABEENSIS

1991 789 2298 849 ORATIO

707 968 851 1056 DE
924 967 1075 1056 SS.
1151 966 1905 1056 MABTYBIBUS
1972 966 2109 1054 SA,

2202 963 2868 1089 ONA,GURIA
2936 968 3085 1059 ET
3151 969 3542 1063 ABIBO.

1391 1151 1601 1212 (Suri-as,
1623 1154 1737 1201 Acta
1763 1151 1856 1199 SS.
1886 1150 1944 1200 15
1967 1150 2108 1210 Nov.,
2132 1156 2248 1200 tom.
2275 1152 2354 1211 IV,
2376 1152 2452 1200 ed.
2479 1153 2665 1213 Colon.,
2687 1169 2728 1216 p.
2761 1155 2896 1219 365.)

622 1442 663 1495 l.
694 1441 972 1506 Quomodo
1004 1452 1176 1497 vester
1205 1445 1355 1498 vobis
1379 1460 1435 1498 se
1462 1445 1676 1498 animus
1721 1445 1902 1510 habet,
1941 1461 2094 1504 sacer
2124 1451 2167 1505 Α
2194 1447 2385 1500 hor-um
2412 1448 2645 1500 virorum
2677 1446 3275 1515 certamina,taoquam~
3299 1446 3351 1500 in
3375 1447 3594 1514 tabellis
3615 1449 3748 1518 qui-

555 1531 839 1600 gre1?qoi
873 1532 1013 1588 diem
1069 1533 1265 1589 festum
1323 1534 1465 1587 hunc
1508 1534 1842 1601 splendidius
1882 1536 2089 1592 Christi

554 1621 957 1676 confessurihus
979 1624 1160 1692 agitis,
1192 1623 1405 1692 quando
1436 1633 1654 1678 externa
1717 1626 1882 1680 etiam
1924 1629 2100 1681 multa!

556 1729 650 1767 vos
683 1714 759 1766 uti
807 1714 960 1768 video
1004 1714 1240 1778 lautitia,
1282 1730 1598 1784 summaque
1644 1731 1767 1770 cum
1829 1718 2097 1773 hilaritate

557 1816 770 1856 sacrum
823 1802 964 1856 hunc
999 1803 1173 1856 locum
1222 1818 1508 1871 occupare.
1540 1803 1810 1874 Numquid
1843 1805 2093 1872 fortasse,

557 1908 677 1961 qua:
731 1893 782 1946 in
825 1895 972 1948 vobis
1025 1893 1304 1961 imperium
1340 1894 1546 1948 obtinet
1595 1909 1776 1957 mens,
1815 1897 2016 1950 sensim
2065 1911 2095 1950 a

557 1983 719 2036 rebus
750 1982 952 2035 deﬂexa
985 1983 1119 2044 suis,
1162 1997 1256 2050 per
1291 1999 1485 2038 sensus
1514 1984 1824 2045 etl'unditur.
1849 1994 1904 2039 et
1947 1986 2000 2038 in
2023 2001 2084 2041 ea

469 2112 474 2116 -
555 2075 739 2137 etiam,
766 2088 882 2142 qua:
906 2074 1184 2128 oculorum
1223 2074 1463 2142 subjecta
1491 2083 1623 2129 sum
1647 2075 1919 2139 sensibus,
1939 2077 2099 2131 dissi-

558 2163 754 2226 patur?
789 2164 1166 2221 An.vero.cum
1195 2164 1472 2231 paululum
1493 2163 1625 2228 haec,
1658 2165 1984 2223 blandientis
2011 2181 2101 2220 cu-

554 2249 766 2314 jusdam
796 2249 971 2301 catelli
1005 2263 1172 2308 more,
1195 2251 1376 2302 sensui
1407 2249 1612 2302 adulari
1639 2253 1960 2316 permiserit,
1987 2253 2099 2321 ipsa

561 2337 617 2397 in
637 2351 733 2390 sua
757 2337 991 2405 gaudens
1020 2337 1321 2400 altitudine,
1349 2338 1724 2406 pulcherrimis
1741 2340 1952 2408 sibique
1980 2357 2100 2409 pro-

562 2426 694 2493 priis
725 2425 1029 2492 spectandis
1063 2427 1220 2480 rebus
1248 2437 1491 2480 movetur
1544 2427 1897 2496 adiciturque,
1932 2441 1985 2482 et
2015 2445 2112 2484 re-.

559 2513 804 2583 jiciendis
844 2514 1208 2582 voluptatibus
1264 2517 1526 2585 corporis,
1583 2518 1858 2587 proprium
1905 2518 2103 2574 Christi

566 2600 893 2671 martyribus
920 2615 1044 2658 vere
1068 2604 1298 2664 natalem
1333 2603 1566 2657 celebrat
1591 2602 1776 2664 diem?
1811 2600 1864 2656 Si
1898 2603 2009 2658 haec
2033 2605 2101 2656 ita

563 2707 621 2746 se
651 2693 867 2755 habent,
895 2702 946 2746 et
976 2693 1268 2749 victoribus
1293 2692 1860 2753 hishonoremistum
1903 2692 2117 2754 hath

2195 1537 2419 1591 busdam
2451 1551 2478 1588 a
2513 1537 2669 1588 nobis
2696 1535 2934 1601 depicta,
2974 1536 3226 1589 omnibus
3256 1538 3551 1604 spectanda
3611 1555 3746 1607 pro-

2195 1635 2481 1694 ponantur,
2511 1624 2668 1693 quod.
2695 1624 2762 1677 ad
2781 1623 3033 1678 diei'festi
3059 1625 3476 1678 celebrationem
3531 1627 3615 1680 his
3647 1643 3748 1679 ac-

2193 1715 2584 1771 commodatius
2617 1728 2736 1767 esse
2765 1711 2898 1765 nihil
2925 1711 3192 1766 videatur.
3229 1712 3343 1766 Hoc
3379 1715 3542 1785 igitur
3567 1723 3620 1766 et
3650 1714 3739 1767 fa-

2196 1808 2425 1862 ciamus.
2455 1803 2693 1857 Tametsi
2737 1801 2804 1856 ad
2850 1801 3178 1872 pingendum
3230 1804 3412 1857 nobile
3443 1804 3576 1857 adeo
3641 1805 3749 1858 hoc

2196 1905 2571 1966 argumentum
2605 1896 2794 1948 idonea
2819 1894 2934 1948 sine
2961 1895 3126 1949 dubio
3150 1899 3417 1964 pigmenta
3453 1897 3607 1950 nobis
3636 1911 3747 1949 non

2195 1996 2504 2056 suppetunt,
2534 1995 2590 2039 ut
2616 2001 2678 2038 ex
2716 1985 2913 2039 invicta
2945 1995 3240 2053 martyrum
3305 1987 3608 2040 constantia
3661 1989 3744 2039 di-

2198 2077 2354 2129 vinus
2398 2076 2451 2128 in
2485 2075 2696 2126 animos
2746 2081 2964 2126 nostros
3022 2070 3227 2126 fructus
3288 2074 3748 2142 perveniat:qno

2196 2181 2386 2220 eorum
2433 2164 2672 2217 videlicet
2717 2162 3057 2220 mmulatione
3105 2162 3326 2217 excitati
3366 2205 3380 2227 ,
3438 2173 3751 2232 oppugnati)

2198 2270 2296 2323 pro
2321 2255 2527 2307 viribus
2547 2251 2824 2319 impotenti
2853 2252 3019 2305 animi
3049 2235 3302 2305 vitiorum
3324 2252 3624 2317 dominatu,
3662 2269 3752 2321 pe-

2197 2358 2417 2409 rennem
2469 2342 2719 2403 vobisex
2770 2341 3005 2401 maime
3055 2341 3249 2400 divitia.
3294 2342 3414 2408 ista,
3448 2345 3751 2408 certatione

2199 2429 2714 2497 gloriam.parlatis,_
2735 2427 3091 2494 Sedgagednm
3113 2443 3463 2496 apponamus-
3491 2432 3609 2496 jam
3643 2445 3744 2483 vo-

2203 2518 2324 2583 bis,
2345 2531 2478 2584 qua:-
2513 2517 2803 2579 habemus,
2847 2516 3022 2583 idque.
3051 2526 3320 2592 quatenus
3345 2517 3625 2572 facultates
3648 2534 3749 2572 no-

2202 2615 2326 2660 stne
2353 2605 2649 2674 patiuntur.
2673 2602 2935 2662 Caeterum
2963 2605 3361 2674 qualiacunque
3383 2609 3598 2669 sint-ea,
3633 2609 3748 2661 col.

2202 2696 2306 2755 lata
2329 2694 2671 2759 eumstudio,
2701 2693 3198 2762 prorsusulacitura
3232 2695 3575 2763 pendulum,
3605 2713 3748 2766 prae-

563 2783 690 2834 dum
750 2784 1058 2847 censuistis,
1089 2795 1246 2851 atque
1294 2785 1365 2836 ita
1405 2782 1546 2836 diem
1591 2780 1780 2835 festum
1832 2781 2100 2835 celebrare

2202 2784 2526 2853 serumqui‘
2545 2758 2714 2847 sciam
2757 2798 2876 2846 non:
2903 2758 3088 2845 solere-
3105 2798 3139 2836 a
3185 2758 3536 2860 legitimis-et:
3561 2758 3750 2856 ’δίωξίς

565 2874 904 2937 contenditis,
932 2893 950 2924 ι
978 2873 1183 2938 Venite,
1209 2870 2103 2940 exsultemusDomino,jubilemus

568 2966 676 3017 Deo
705 2963 925 3018 salutari
958 2973 1213 3028 nostro,»
1237 2963 1326 3030 qui
1349 2961 1566 3038 pridem
1586 2961 1744 3014 etiam
1770 2975 2112 3031 servossuos

569 3056 714 3107 velut
743 3055 1105 3123 passerculum
1132 3055 1414 3122 quemdam
1449 3055 1514 3106 de
1566 3054 1757 3120 laqueo
1789 3053 2114 3120 venantium.

567 3143 841 3209 eripuerit,
866 3154 918 3194 et
947 3159 1086 3195 nunc
1118 3144 1170 3195 in
1207 3143 1318 3213 ipsa
1351 3143 1475 3209 anni
1508 3124 1895 3214 conversione,
1914 3149 2100 3208 optato

571 3233 764 3299 gaudio
793 3229 944 3282 nobis
965 3231 1144 3292 allato,
1165 3231 1333 3282 saevis
1360 3245 1544 3282 eorum
1570 3229 1950 3290 certaminibus
1977 3245 2108 3296 quo-

573 3321 693 3369 dam
758 3316 911 3368 hilari
972 3315 1134 3367 veluti
1182 3314 1448 3376 cenvivio,
1480 3313 1777 3367 studiosius
1818 3329 1916 3367 nos
1961 3315 2107 3368 exci-

575 3420 610 3473 p
630 3418 700 3459 re
729 3403 978 3456 voluerit.
1604 3442 1612 3450 .

644 3492 707 3546 ll.
769 3492 835 3546 Et
883 3494 1006 3560 quid
1075 3492 1177 3546 hoc
1218 3489 1337 3544 est?
1387 3489 1442 3543 Id
1498 3504 1708 3557 nempe,
1758 3491 2111 3557 quodcunque

583 3584 749 3640 animi
782 3585 924 3639 vires
960 3583 1257 3641 conﬁrmat,
1289 3592 1342 3635 et
1368 3593 1544 3648 spreta
1572 3582 1908 3634 laudabiliter
1969 3583 2112 3634 mul»

582 3675 807 3729 titudine
830 3674 1100 3742 imper-ita,
1131 3674 1194 3725 ad
1238 3672 1354 3725 illas
1386 3671 1621 3726 alterius
1651 3671 1786 3726 vita),
1808 3672 2123 3725 mansiones:

579 3769 924 3836 erigiturque,
968 3767 1068 3820 alis
1127 3764 1285 3818 veluti
1340 3763 1659 3832 quibusdam
1713 3765 1954 3818 omnium
1987 3781 2113 3833 pru—

577 3861 896 3914 «lentissime
917 3860 969 3910 in
1010 3859 1476 3910 altum-evectum.
1507 3856 1654 3910 Talis
1675 3868 1756 3911 est
1782 3858 1922 3908 enim
1975 3871 2115 3908 mar-

580 3963 754 4018 tyrum
805 3949 970 4001 festus
1009 3947 1144 4007 dies,
1178 3943 1281 3996 tale
1319 3945 1920 3997 victorum-nostrorum
1959 3944 2114 3995 thea-

580 4049 744 4098 trum.
780 4037 901 4088 talia
934 4043 1172 4095 sunt-ea,
1220 4047 1352 4099 quae-
1387 4031 1484 4083 abs
1533 4044 1592 4082 se
1623 4030 1794 4081 allata.
1836 4030 2008 4089 nobis,
2041 4028 2114 4080 illi

580 4129 817 4183 Convivis
880 4125 991 4176 suis
1044 4135 1313 4188 apponere
1359 4127 1696 4174 statuerunt:
1742 4117 1957 4184 quando
2007 4131 2114 4170 non

585 4221 686 4270 huc
735 4214 906 4266 modo.
949 4208 1177 4275 epulari,
1233 4207 1533 4274 laetitiaeque
1563 4205 1858 4273 indulgere,
1893 4208 1984 4259 sed
2025 4206 2116 4258 uni

584 4301 754 4356 ventri
809 4298 1033 4364 turpiter
1081 4295 1372 4357 deservire,
1426 4295 1540 4361 qui,
1595 4293 1856 4363 quidquid
1909 4297 1960 4346 in
1995 4310 2116 4348 eum

587 4394 706 4459 quis
732 4387 893 4440 studii
923 4382 1226 4448 contulerit,
1251 4385 1302 4436 in
1338 4398 1606 4438 secessum
1645 4384 1841 4437 emittit
1870 4403 1882 4437 :
1919 4395 1973 4438 et
2025 4401 2116 4437 ve-

588 4482 750 4533 stium
785 4476 1078 4529 mutatione
1109 4475 1244 4528 alios
1265 4474 1496 4529 vicissim
1529 4475 1662 4529 alios
1705 4490 1959 4544 superare
1991 4490 2118 4528 con-

590 4568 821 4629 tendere,
857 4581 960 4617 non
993 4567 1163 4619 solum
1220 4581 1304 4618 res
1377 4582 1630 4634 generosa
1695 4583 1800 4620 non
1833 4577 1936 4629 est,
1970 4566 2116 4632 ejus-

595 4655 866 4721 modique,
898 4670 1014 4720 qua:
1047 4656 1286 4709 moribus
1311 4657 1725 4727 disciplinaeque-
1759 4669 1955 4710 nostra:
1993 4672 2121 4710 cou-

590 4744 789 4806 veniat,
823 4741 913 4795 sed
943 4743 1009 4794 ab
1033 4746 1148 4809 ipso
1175 4744 1334 4797 etiam
1367 4755 1448 4798 est
1499 4744 1903 4797 convivatorum
1958 4760 2118 4797 sensu

594 4843 868 4901 menteque
914 4831 1260 4886 alienissima.
1317 4833 1437 4888 Haec
1491 4835 1652 4901 igitur
1695 4847 1818 4885 cum
1867 4832 1938 4883 ita
1992 4834 2118 4896 sint,

592 4940 821 4990 eumque
860 4936 956 4974 nos
993 4935 1100 4989 quo
1138 4935 1291 4988 pacto
1346 4925 1485 4977 diem
1522 4923 1717 4976 festum
1743 4929 1987 4988 oporteat
2037 4936 2121 4974 ce-

593 5021 787 5074 lebrari
814 5029 968 5071 antea
992 5015 1095 5080 iain
1117 5013 1565 5074 denuntiarimus,
1594 5026 1692 5064 nec
1719 5010 1835 5063 sine
1864 5022 1957 5075 spe
1986 5008 2119 5073 fore,

600 5118 678 5170 ιιι,
715 5108 873 5174 jactis
900 5105 951 5155 ill
989 5086 1180 5155 terram
1204 5102 1418 5158 bonam,
1443 5099 1742 5152 animarum
1768 5094 2005 5149 videlicel
2032 5110 2121 5149 ve-

595 5208 821 5251 suarum
850 5195 1222 5262 cogitationes,
1245 5189 1503 5242 orationis
1533 5188 1853 5250 seminibus,
1872 5184 2124 5250 multipli-

599 5304 688 5338 ees
714 5289 881 5338 s‘tnns
932 5288 1110 5352 spicas
1145 5278 1374 5334 messuri
1411 5296 1423 5330 :
1457 5279 1703 5345 agedum,
1733 5291 1853 5345 age,
1881 5275 2120 5341 inquam,

2205 2891 2383 2929 rerum
2417 2875 2835 2939 testimatoribtts
2863 2875 3296 2943 iiliisrepudiari
3342 2886 3624 2944 parentum
3656 2878 3745 2931 fa-

2204 2967 2451 3031 cultates,
2484 2966 2574 3018 sed
2611 2977 2892 3043 propterea
2933 2964 3001 3017 iis
3053 2947 3604 3043 cltarasessehqttnd,
3631 2968 3758 3034 sint,

2203 3066 2478 3137 paternae.
2501 3055 2674 3121 Simili
2702 3037 2861 3118 modo
2882 3054 3421 3133 etiam-pauperinon
3446 3037 3638 3125 sitqui
3673 3059 3760 3109 vic.

2206 3145 2281 3199 tio
2308 3152 2513 3212 vertat,
2536 3143 2717 3210 siqui.
2736 3143 3072 3203 comessandi
3104 3157 3263 3201 causa
3293 3144 3355 3201 ad
3383 3143 3532 3202 illum
3563 3159 3756 3204 access

2207 3233 2398 3295 Serint,
2431 3232 2496 3284 de
2536 3245 2621 3294 ea,
2651 3222 2744 3298 qui
2804 3231 2906 3282 sibi
2966 3242 3162 3297 praesto
3203 3228 3590 3298 fuerit,,copia;
3622 3233 3760 3299 ipsis

2208 3321 2488 3386 largiatur.
3512 3302 3520 3310 ’

2279 3407 2364 3460 ΙΙΙ.
2389 3404 3014 3474 Sanequidem-Gur-ias,
3050 3405 3316 3459 Samonas
3343 3416 3406 3460 et-
3446 3408 3671 3470 Altibus,
3701 3420 3755 3461 et

2213 3498 2320 3549 nati
2354 3506 2481 3549 sunt
2507 3493 2745 3558 Edessa,
2773 3495 3082 3548 eteducatit
3142 3494 3309 3549 Porro
3359 3495 3758 3567 Edessa-hujus

2211 3587 2352 3656 (qua:
2376 3585 2589 3655 quidem
2619 3584 2753 3638 urbs
2783 3585 2937 3639 estin
2986 3583 3390 3654 MesOpotamia)
3413 3602 3607 3640 nomen
3632 3585 3754 3641 cum

2213 3680 2369 3749 pacis.
2385 3677 2670 3732 admodum
2704 3685 2828 3729 ante
2858 3677 3246 3746 his~martyres
3266 3677 3538 3745 cognitum
3583 3689 3748 3741 esset,

2213 3772 2282 3824 ab
2304 3769 2468 3824 iis-ita
2487 3767 2938 3832 celebre-luctum,
2965 3767 3399 3836 illustratumque
3424 3777 3526 3833 est,
3557 3779 3613 3820 ut
3648 3783 3764 3820 nna-

2213 3876 2333 3914 oum
2360 3873 2543 3911 eorum
2573 3857 2728 3910 fama-
2769 3858 3200 3924 per-universum
3256 3871 3316 3910 se
3361 3857 3546 3911 orbem
3586 3865 3759 3910 terra-

2214 3963 2333 3999 r—um
2367 3945 2680 3999 diffuderit:
2724 3957 2898 4009 neque
2937 3958 3066 3995 vero
3093 3945 3160 3995 iis
3197 3944 3552 3997 intra-urbem
3585 3945 3764 3996 domi-

2145 4061 2191 4120 ο
2220 4037 2400 4088 cilium
2447 4033 2566 4095 fuit,
2602 4033 2695 4089 sed
2742 4033 2794 4083 in
2826 4045 2967 4097 agro~
2989 4040 3162 4092 extra,
3205 4032 3580 4085 ubi-videlicet
3612 4041 3761 4084 tran-

2219 4122 2521 4188 quilliorem
2563 4135 2592 4172 a
2630 4119 2751 4171 vitae
2783 4119 2944 4186 hujus
2972 4120 3203 4185 negotiis
3229 4121 3391 4172 vitam
3446 4129 3622 4174 essent
3669 4135 3763 4172 ac-
3795 4125 3798 4127 ’

2218 4211 2343 4272 turi,
2382 4210 2581 4276 procul
2601 4224 2630 4260 a
2659 4208 2906 4262 civilibus
2959 4209 3132 4263 turbis
3157 4209 3369 4272 remoti,
3403 4224 3522 4277 qua
3553 4216 3763 4263 certum

2218 4298 2383 4352 animi
2431 4299 2483 4350 in
2517 4297 2775 4365 religione
2825 4296 3158 4365 propositum
3187 4298 3514 4366 perturbare»
3565 4298 3764 4363 solent,

2218 4395 2721 4456 atque-pervertere.
2764 4401 2934 4454 neque
2958 4388 3186 4456 spatium
3215 4387 3360 4450 dare,
3391 4386 3766 4454 utpulehritu-

2218 4475 2394 4526 dinem
2425 4487 2576 4526 suam
2606 4472 2750 4532 velut
2773 4471 2824 4524 in
2859 4475 3079 4540 speculo
3126 4475 3305 4527 valeat.
3357 4473 3716 4541 contemplari
3743 4491 3762 4530 :

2220 4579 2294 4618 ac
2315 4564 2359 4617 si
2389 4564 2514 4631 quid
2539 4564 2630 4626 sit,
2657 4565 2800 4631 quod
2829 4564 2876 4618 ei
2911 4565 3123 4624 ofﬁciat,
3153 4575 3204 4617 et
3235 4564 3531 4628 ignoretur,
3567 4562 3767 4630 id-per-

2221 4655 2399 4707 videre
2425 4656 2590 4722 possit
2616 4664 2774 4720 atque
2809 4655 3098 4720 corrigere.
3143 4653 3344 4705 ldeirco
3404 4652 3572 4720 igitur.
3614 4661 3767 4720 grata

2222 4745 2303 4797 his
2333 4745 2484 4796 valde
2507 4744 2610 4795 vita
2643 4742 2742 4795 fuit
2769 4741 2998 4808 agrestis
3029 4758 3042 4792 :
3076 4743 3126 4790 in
3172 4755 3278 4806 qua
3332 4739 3493 4790 etiam
3541 4737 3766 4804 assidui,

2223 4849 2327 4887 una
2358 4849 2478 4885 cum
2525 4833 2788 4901 Propheta
2820 4830 2974 4891 illud,
3015 4829 3266 4889 solitarii,
3319 4828 3489 4881 donec
3526 4837 3770 4882 transea-

2223 4939 2363 4985 mus,
2391 4924 2629 4977 omnium
2655 4920 2982 4989 pulchrrime
3011 4927 3329 4970 renuerunt.

2292 5013 2381 5067 IV.
2402 5014 2505 5067 Sed
2531 5015 2673 5066 enim
2700 5007 2880 5063 Curia:
2918 5009 3243 5076 praecipuum
3273 5009 3325 5060 in
3363 5008 3470 5060 vita
3505 5007 3766 5069 studium,

2224 5103 2500 5156 meditatio
2521 5110 2573 5153 et
2599 5099 2922 5153 continentia
2955 5099 3072 5161 fuit,
3105 5095 3504 5167 qum'diuturna
3541 5113 3770 5151 censue.

2226 5191 2410 5244 tudine
2438 5189 2732 5241 familiares
2765 5188 2837 5239 illi
2873 5203 2935 5240 ac
2957 5188 3251 5255 peculiares
3284 5186 3456 5247 laetae,
3491 5186 3681 5249 fecere,
3709 5194 3768 5237 ut

2226 5289 2580 5349 cognomento
2615 5279 2909 5329 Continuus
2936 5279 3325 5346 appellaretur:
3361 5290 3531 5342 neque
3551 5277 3769 5327 enimtu

603 5378 852 5443 praeclaro
880 5377 1016 5428 facto
1037 5377 1145 5442 jam
1199 5375 1300 5424 hoc
1359 5371 1615 5423 orationis
1644 5369 1816 5431 initio,
1851 5381 1913 5419 ea
1968 5365 2118 5418 vobis
2145 5367 2194 5422 D
2220 5384 2338 5421 cum
2367 5369 2519 5421 aliter
2543 5368 2852 5430 iudicasses,
2894 5368 2995 5419 nisi
3023 5369 3144 5421 dum
3169 5383 3288 5419 eum
3321 5365 3643 5424 nominares,
3672 5376 3771 5413 no.

603 5467 847 5532 tlrinCrps
872 5480 1066 5533 propon
1080 5478 1246 5521 unus,
1261 5475 1378 5528 qum
1395 5459 1496 5512 diei
1517 5459 1649 5513 l'esto
1666 5454 1980 5512 celebrando
1994 5468 2124 5506 con-

606 5559 830 5609 veniant.
860 5559 919 5608 Μ
937 5557 1076 5608 enim
1101 5555 1435 5619 desideratis,
1455 5551 1624 5619 video,
1646 5561 1700 5605 ut
1719 5548 2130 5606 fortissimorum

2234 5459 2535 5512 niinietiam
2557 5459 2926 5512 Continentem
2954 5458 3271 5511 addidisses.
3315 5460 3380 5510 At
3409 5459 3672 5511 Samonas
3687 5454 3768 5504 vi-

2240 5549 2481 5617 gentibus
2506 5548 2736 5603 maximc
2753 5547 3057 5615 ctanimi,et
3091 5547 3327 5614 corporis
3347 5546 3570 5610 viribus,
3594 5544 3771 5611 iisque
