4126 6332
322 403 434 464 789

1139 404 1411 465 ORATIO
1437 406 1532 465 DE
1571 405 1670 464 SS.
1699 402 2015 476 SAMONA,
2049 403 2289 464 GURIA
2319 406 2413 463 ΕΤ
2441 406 2680 465 ΑΒῙΒΟ.

3371 407 3477 468 790

314 511 593 578 praeditus,
624 523 741 578 qua:
792 509 883 577 qui
936 510 1156 575 habent,
1194 527 1288 566 eos
1348 512 1569 566 libenter
1616 513 1846 580 Spiritus
1874 519 1914 574 Α
1947 512 2321 564 communibus
2366 527 2442 572 se,
2474 529 2635 579 quant
2663 515 2845 567 'saeris
2892 515 3245 569 conventibus
3304 518 3472 569 intuti-

312 608 536 652 sanctus
562 601 676 655 suis
700 601 892 654 solitus
937 611 1017 654 est
1065 603 1248 655 choris
1309 616 1620 670 aggregare,
1652 602 1847 669 quippe

315 686 680 752 eutnjuvenes
725 688 968 741 hortetur
1007 698 1063 740 ut
1089 702 1145 741 se
1200 688 1498 741 senioribus
1539 688 1846 755 adjungaut,

318 781 381 822 ut
408 773 639 826 victoriae
670 789 772 826 una
794 789 1007 828 carmen
1040 775 1411 828 concelebrent
1439 795 1449 828 :
1483 776 1586 837 his,
1608 775 1845 841 inquam,

315 860 410 911 ille
429 869 683 928 praistans
709 862 886 918 animi,
910 871 960 914 et
985 861 1222 928 corporis
1249 861 1476 921 viribus.
1517 863 1580 914 ad
1627 862 1845 914 Guriam

314 964 378 1000 se
417 949 663 1011 contulit,
701 949 818 1016 ejus
869 949 989 1001 vita:
1023 949 1196 1001 studia
1251 949 1467 1016 propius
1523 949 1845 1011 imitaturus,

315 1052 383 1088 ac
430 1037 475 1089 si
505 1049 705 1104 posset,
737 1037 896 1088 etiam
945 1046 1314 1103 superaturos.
1343 1035 1600 1090 Caeterum
1624 1038 1712 1103 qui
1759 1036 1850 1088 ab-

315 1127 542 1176 solutam
575 1123 679 1176 illis
713 1124 960 1176 choream
990 1124 1306 1177 conficiebat
1341 1124 1572 1191 Spiritus
1603 1136 1842 1188 sanctus,

316 1213 535 1264 tertium
561 1211 721 1264 etiam
750 1221 1004 1278 praeterea
1032 1213 1321 1280 quaerebat,
1355 1214 1446 1280 qui
1480 1229 1600 1266 cum
1635 1215 1843 1267 numeri

317 1300 542 1365 puritate
561 1313 680 1351 eam
701 1299 1125 1361 similitudinem,
1148 1316 1265 1368 qua:
1290 1302 1392 1356 sibi
1428 1317 1550 1356 cum
1597 1303 1753 1358 Patre
1796 1315 1848 1357 et

317 1386 459 1452 Fitio
478 1395 577 1450 est,
598 1387 828 1454 perfecte
856 1391 908 1441 in
927 1390 1092 1444 choro
1118 1390 1352 1457 ipsorum
1373 1393 1711 1460 exprimeret,
1733 1403 1848 1446 tum

313 1476 476 1526 etiam
505 1489 728 1529 numero
755 1476 1058 1532 firmitatem
1086 1481 1393 1534 concordia:
1422 1481 1704 1534 stabiliret.
1748 1483 1850 1534 Ita-

313 1576 418 1627 que
441 1563 495 1629 (ο
524 1560 881 1632 felicitatem!)
907 1566 1066 1619 etiam
1089 1567 1289 1620 invenit
1322 1568 1550 1621 Abibum
1587 1588 1600 1622 :
1627 1570 1738 1637 qui,
1773 1581 1850 1622 ta-

315 1649 472 1702 nwtsi
518 1660 741 1717 utroque
777 1661 907 1705 natu
940 1654 1116 1707 minor
1146 1664 1278 1718 erat,
1312 1664 1488 1709 tamen
1536 1658 1676 1724 quod
1709 1660 1848 1710 aetati

217 1813 228 1820 _
312 1737 517 1799 deerat,
542 1742 820 1810 supplebat
840 1759 945 1796 non
977 1760 1039 1798 eo
1080 1747 1276 1810 solum,
1304 1747 1445 1814 quod
1479 1749 1849 1815 pervcstigatis

1955 605 2202 650 soerent:
2243 597 2294 648 iit
2327 597 2498 649 forum
2529 613 2632 649 non
2666 599 3122 654 admittebantur:
3155 602 3298 664 omni
3329 615 3474 655 cum-

1951 685 2267 738 merciorum
2292 686 2412 751 jure
2435 687 2878 748 excludebantnr,
2900 703 3235 756 quaecunque
3263 699 3384 741 ante
3406 691 3471 742 il-

1949 773 2036 824 ltttl
2056 784 2262 838 tempus
2288 773 2535 826 omnibus
2569 774 2868 838 promiscue
2903 784 3207 839 pato-erant,
3245 785 3350 828 tam
3376 789 3475 842 pu-

1949 861 2102 919 blice,
2122 875 2281 927 quam
2321 861 2563 926 privatim
2599 878 2612 912 :
2640 861 2958 914 contrahere
2985 863 3063 912 eis
3113 878 3233 914 cum
3263 865 3475 916 nemine

1950 949 2138 1001 licebat
2183 970 2193 999 :
2234 963 2424 1016 magna
2458 950 2509 1000 itt
2551 949 2771 1000 urbibus
2792 947 3218 1001 Christianorum
3245 961 3358 1003 erat
3385 967 3476 1004 so-

1947 1038 2114 1091 litudo
2145 1052 2159 1088 :
2187 1038 2238 1089 in
2285 1052 2469 1090 earum
2503 1037 2680 1089 locum
2709 1036 3024 1089 remotiores
3046 1037 3112 1088 ab
3145 1037 3208 1089 iis
3233 1054 3475 1091 recessus

1947 1127 2483 1194 succedebant,‘quos
2532 1124 2813 1178 multitudo
2868 1125 3191 1192 corum,qui
3242 1127 3475 1192 exagita-

1949 1216 2166 1276 bantur,
2209 1215 2527 1283 complebat.
2556 1214 2710 1268 Nulla
2739 1216 2790 1267 in
2829 1215 3259 1282 persecutoribus
3283 1216 3472 1268 adver-

1947 1320 2039 1357 sus
2077 1313 2204 1357 natu
2241 1304 2469 1370 majores
2495 1304 2788 1357 reverentia
2819 1320 2830 1354 :
2863 1301 3004 1354 nulla
3051 1316 3360 1368 parvorum,
3413 1315 3476 1352 ac

1949 1404 2224 1462 propterea
2254 1395 2516 1449 malorum
2551 1409 2743 1448 sensus
2765 1393 3061 1460 expertium
3084 1390 3472 1452 misericordia,

1943 1501 2014 1538 ne
2043 1486 2112 1538 iis
2153 1485 2389 1551 quidem,
2420 1484 2616 1552 quibus
2660 1483 2845 1535 tribuit
2869 1483 2979 1548 ipsa
3011 1488 3224 1539 natura,
3263 1489 3318 1531 ut
3355 1494 3477 1556 pro.

1949 1580 2064 1638 pter
2094 1571 2286 1623 virium
2317 1571 2762 1633 imbecillitatem,
2785 1568 3088 1636 hujusmodi
3139 1567 3326 1620 affectu
3365 1569 3479 1634 plu-

1950 1659 2143 1710 rimum
2176 1668 2538 1712 moverentur.
2573 1658 2722 1713 Ferte
2746 1660 2976 1713 immites
3011 1671 3199 1709 omnes
3226 1656 3479 1708 adversus

1949 1746 2303 1810 Christianos,
2339 1763 2550 1814 unaque
2598 1749 2652 1802 in
2700 1762 2755 1800 rc
2796 1755 3004 1799 tantum
3055 1745 3293 1802 humani,
3337 1744 3479 1812 quod

313 1828 595 1896 utriusque
645 1833 879 1898 ipsorum
911 1835 1031 1886 vitae
1061 1835 1339 1897 institutis,
1379 1837 1429 1888 itt
1463 1837 1700 1888 animum
1760 1838 1847 1888 in-
1883 1819 1922 1868 Β
1951 1852 2178 1904 quorum
2214 1840 2263 1889 in
2294 1838 2488 1889 animis
2518 1837 2658 1903 pium
2687 1836 2752 1888 tle
2785 1836 3038 1902 religione
3064 1834 3217 1885 fidetn
3247 1849 3476 1885 concus—

309 1916 484 1978 duxit,
509 1929 567 1970 ut
597 1919 647 1971 in
683 1920 866 1972 eodem
913 1935 969 1974 se
999 1937 1102 1974 una
1131 1937 1252 1975 cum
1303 1924 1369 1974 iis
1399 1924 1669 1977 curriculo
1699 1939 1851 1977 exer-

313 2018 476 2068 ceret,
512 2009 602 2061 sed
635 2024 696 2061 eo
729 2010 906 2073 rliatn,
946 2009 1088 2076 quod
1141 2025 1294 2064 sacro
1320 2012 1630 2064 diaconatus
1665 2012 1849 2064 ordine

313 2095 884 2164 insignitus,magnum
911 2097 996 2159 iis,
1021 2098 1216 2165 quibus
1240 2113 1297 2151 se
1322 2099 1527 2150 socium
1559 2099 1850 2168 adjungere

311 2181 606 2248 festinaret,
638 2193 1010 2237 ornamentum
1039 2184 1272 2238 afferret.
1311 2185 1542 2238 Medium
1574 2188 1715 2240 enim
1767 2189 1850 2241 his

312 2285 370 2323 se
403 2286 525 2322 eum
580 2271 908 2334 inservisset,
940 2287 1150 2339 unaque
1196 2287 1317 2324 cum
1381 2272 1445 2325 iis
1493 2275 1632 2338 apud
1679 2276 1851 2327 donti-

312 2372 457 2418 nam,
497 2359 583 2410 cui
606 2359 967 2419 ministrabat,
997 2361 1218 2414 fidenter
1247 2363 1464 2430 egisset,
1491 2363 1591 2431 piis
1616 2365 1848 2430 quietem

317 2459 348 2498 a
383 2448 817 2514 persecutoribus
873 2450 1196 2504 conciliavit.
1230 2451 1505 2522 Siquidem
1549 2463 1671 2522 post
1717 2455 1848 2508 illud

311 2545 521 2602 tempus
546 2544 730 2590 nostra
761 2538 1022 2606 sanguine
1051 2549 1341 2609 martyrum
1367 2542 1652 2596 rubescere
1683 2542 1846 2597 desiit

312 2632 472 2685 terra,
507 2624 661 2693 pulso
694 2625 954 2689 nimirum
986 2642 1015 2680 e
1044 2642 1206 2696 regno
1257 2628 1484 2694 Licinio,
1528 2630 1841 2685 Constanti-

312 2727 488 2779 noque
534 2713 588 2765 in
629 2713 746 2780 ejus
798 2715 972 2767 locum
1019 2717 1328 2772 substituto.
1355 2718 1475 2784 Quo
1499 2721 1714 2788 quidem
1751 2721 1852 2772 iiii-

314 2811 561 2867 peratore
602 2800 842 2855 Romana
883 2818 967 2859 res
991 2804 1184 2859 florere
1221 2807 1646 2875 amplificarique
1667 2809 1850 2876 ccepit,

313 2889 514 2955 quique
564 2889 774 2956 primus
862 2904 892 2943 θ
953 2893 1166 2959 regibus
1219 2897 1470 2948 omnibus
1529 2896 1850 2961 impietatem

313 2984 613 3037 aversatus,
651 2977 901 3041 pietatem
925 2978 1098 3044 palam
1144 2989 1226 3032 est
1257 2980 1528 3047 libereque
1555 2983 1847 3048 professus.

386 3062 447 3115 ν.
480 3061 799 3131 Hujusmodi
832 3067 1038 3134 praediti
1071 3067 1608 3136 virtutisinsignilus
1661 3070 1852 3124 Gut-ias

293 3162 362 3206 .ct
390 3153 672 3218 Samonas,
720 3169 822 3208 non
857 3156 966 3223 jam
1003 3155 1216 3211 Edessa:
1249 3166 1478 3221 tantum,
1513 3167 1670 3224 atque
1729 3159 1846 3224 ejus

313 3243 505 3297 finibus
537 3245 731 3311 cogniti
764 3255 935 3308 erant,
985 3247 1077 3299 sed
1134 3247 1186 3300 in
1233 3254 1443 3299 exteras
1490 3249 1648 3299 etiam
1677 3256 1848 3301 terras

314 3332 471 3398 longe
518 3333 728 3402 lateque
759 3349 815 3388 se
845 3349 1030 3388 eorum
1066 3335 1206 3389 fama
1243 3337 1571 3405 propagabat
1611 3355 1622 3388 :
1665 3347 1848 3389 erant-

313 3438 417 3489 qtte
441 3422 564 3477 hinc
594 3423 910 3477 Christianis
946 3426 1121 3478 laetitia
1153 3441 1216 3479 ac
1251 3426 1435 3486 decus,
1471 3426 1616 3480 illinc
1652 3425 1849 3480 GI‘ZECiS

314 3514 529 3567 tristitia
559 3521 609 3566 et
651 3514 802 3567 dolor
860 3515 1166 3580 vehemens,
1200 3532 1264 3570 ac
1307 3519 1566 3585 quidquid
1616 3519 1851 3586 denique

315 3599 437 3648 tnali
477 3613 661 3652 creare
701 3601 835 3652 solet
867 3601 1085 3654 invidia.
1119 3601 1476 3665 Quamobrem
1533 3621 1635 3656 non
1672 3604 1851 3657 ferunt

315 3687 389 3736 illi
459 3687 744 3740 illustrium
799 3689 1022 3754 gloriam
1088 3691 1326 3742 virorum
1393 3707 1485 3757 per
1544 3694 1848 3747 universam

314 3772 521 3841 Syriam
548 3773 820 3826 diffusam.
858 3776 1216 3828 υίοιτιυιίτιιιυδ
1239 3788 1354 3829 erat
1376 3794 1439 3830 eo
1479 3789 1716 3845 tempore
1747 3781 1850 3833 lio-

313 3876 595 3912 tnattorum
638 3865 924 3928 imperator
961 3881 973 3914 :
1009 3864 1248 3929 quicum
1287 3881 1388 3915 non
1427 3868 1558 3918 satis
1604 3883 1848 3933 magnam

314 3965 371 4002 se
415 3950 660 4016 adeptum
704 3967 768 4004 ex
814 3952 1049 4005 subactis
1080 3952 1306 4021 imperio
1354 3956 1564 4006 cunctis
1607 3957 1851 4021 gentibus

316 4041 539 4108 gloriam
566 4042 917 4106 existimaret,
945 4042 1072 4094 illttd
1102 4038 1259 4113 lo‘ﬂ'ge
1281 4038 1382 4096 sibi
1418 4045 1728 4111 praiclaritts
1761 4047 1848 4097 fu-

316 4140 492 4182 turum
531 4132 755 4199 putavit,
798 4132 844 4186 si
891 4133 1230 4192 Christianos
1261 4150 1445 4186 eorum
1484 4137 1753 4188 voluntate
1785 4137 1850 4188 ad

314 4220 632 4276 sententiam
657 4237 806 4276 suam
841 4223 1184 4288 traduxisset,
1217 4232 1310 4278 aut
1344 4235 1650 4278 recusantes
1677 4226 1852 4279 fundi-

316 4319 400 4362 tus
422 4313 706 4366 delevisset
749 4330 762 4365 :
797 4322 853 4365 ut
883 4314 1108 4367 sublatis
1139 4315 1229 4383 qui
1270 4314 1437 4367 Deum
1473 4317 1848 4385 intelligerent,

313 4398 538 4451 Sublatis
568 4399 748 4463 etiam,
792 4400 882 4467 qui
935 4400 1212 4454 incruento
1253 4401 1518 4454 sacrificio
1561 4404 1852 4456 bonitatem

314 4483 570 4548 facerent,
597 4487 823 4541 liberum
861 4490 1195 4544 dtcmonibus
1225 4492 1336 4543 suis
1361 4491 1684 4545 sacrificium
1728 4509 1851 4559 pos-

314 4587 394 4629 set
440 4576 633 4629 ofierri.
685 4576 821 4630 llinc
870 4594 933 4632 ex
971 4581 1132 4648 regiis
1182 4582 1391 4638 litteris.
1427 4595 1547 4646 quae
1607 4596 1850 4645 quoquo-

318 4681 529 4716 versum
601 4682 692 4733 per
769 4668 1075 4721 universam
1163 4669 1524 4719 Romanorum
1596 4668 1849 4719 ditionem

316 4753 662 4805 mittebantur
698 4791 713 4815 ,
763 4763 817 4807 et
879 4756 979 4822 piis
1061 4757 1322 4822 pernicies
1412 4755 1744 4819 parabatur,
1801 4765 1854 4806 et

315 4842 604 4905 ignominia
656 4860 668 4894 :
711 4851 1002 4911 contraque
1057 4846 1257 4911 impiis,
1296 4843 1386 4911 qui
1435 4852 1579 4894 muta
1633 4853 1685 4896 et
1739 4861 1851 4897 ma-

317 4929 528 4980 uufaeta
562 4932 853 4988 simulacra
907 4945 1308 4996 venerarentur,
1381 4934 1553 4984 honor
1603 4946 1653 4986 et
1707 4939 1854 4990 salus

314 5020 697 5087 spondebatur.

385 5107 473 5158 Vl.
507 5109 582 5160 Ad
620 5111 728 5164 haec
755 5111 995 5178 jttdicum
1032 5115 1373 5181 injustorum.
1409 5120 1461 5165 et
1509 5115 1706 5167 caedem
1747 5118 1854 5182 spi-

314 5199 676 5251 rantiutnalite
693 5211 815 5268 post
835 5202 964 5254 alias
994 5207 1236 5270 procellae
1269 5221 1280 5254 :
1313 5205 1506 5270 quibus
1529 5205 1656 5256 illud
1688 5222 1852 5257 unum

311 5298 428 5340 erat
467 5290 812 5354 propositum,
847 5293 1300 5357 qttentadmodunt
1338 5294 1585 5347 omnibus
1619 5297 1669 5347 in
1697 5299 1854 5349 rebus

314 5383 378 5432 its
412 5393 608 5429 morem
649 5389 910 5446 gererent,
941 5382 1028 5448 qtti
1063 5398 1118 5432 se
1161 5383 1453 5434 misissent.
1493 5382 1668 5436 Parati
1703 5397 1855 5437 erant

315 5485 586 5538 praecones
607 5508 621 5533 ,
673 5480 850 5538 aperta
875 5471 1144 5535 subsellia,
1173 5472 1401 5525 editiora
1436 5477 1856 5528 cxstt'ucbatttur

317 5566 628 5629 tribunalia,
665 5567 809 5618 omni
863 5566 1282 5636 circumquaque
1343 5579 1732 5623 tormentorum
1765 5587 1856 5637 ge-

317 5675 445 5712 nct'c
479 5658 685 5713 vallata.
713 5656 1053 5712 lutcrdictum
1100 5667 1211 5712 erat
1240 5660 1584 5725 Christianis,
1619 5676 1683 5715 ne
1746 5671 1851 5716 tam

1949 1934 2153 1987 serant,
2185 1926 2270 1985 iis,
2295 1926 2455 1978 simul
2497 1934 2546 1975 ut
2569 1937 2679 1976 eos
2709 1925 2771 1975 ad
2803 1923 3213 1982 simulacrorum
3246 1936 3366 1972 aras
3394 1921 3484 1972 ad-

1947 2013 2230 2075 duxerant,
2267 2014 2490 2064 liberam
2519 2012 2659 2064 malo
2688 2011 2894 2062 vivendi
2929 2019 3242 2075 potestatem
3267 2009 3482 2076 permit-

1949 2102 2149 2156 tebant.
2174 2101 2292 2163 Quo
2318 2100 2533 2167 quidem
2580 2098 2710 2151 nihil
2747 2099 2849 2165 piis
2905 2106 3111 2164 poterat
3144 2111 3262 2149 esse
3300 2097 3480 2163 perni-

1949 2187 2171 2240 ciosius.
2209 2187 2399 2239 Gravis
2429 2201 2738 2252 Oppressam
2774 2193 3074 2237 creaturam
3111 2184 3323 2235 tenebat
3351 2195 3482 2235 tent-

1949 2284 2127 2340 pestas
2154 2317 2167 2338 ,
2215 2290 2334 2342 qua:
2389 2275 2586 2326 nullam
2615 2289 2862 2341 ,prorsus
2891 2281 3156 2325 secutura:
3191 2271 3480 2337 tranquilli—

1952 2364 2075 2415 tatis
2165 2363 2609 2432 significationem
2691 2362 2858 2426 daret,
2926 2361 3192 2412 nullamve
3249 2357 3483 2411 melioris

1949 2461 2119 2506 status
2178 2452 2387 2505 miseris
2437 2451 2688 2518 atfulgere
2715 2465 2862 2518 spem
2899 2449 3100 2502 sineret
3129 2463 3192 2501 ex
3233 2447 3335 2510 his,
3364 2461 3482 2514 qua:

1950 2552 2076 2596 sunt
2099 2551 2412 2594 consecuta.

2026 2626 2130 2680 νη.
2151 2626 2258 2680 Nec
2284 2628 2398 2694 ipsa
2432 2625 2630 2678 Edessa
2662 2625 3026 2678 communium
3061 2624 3320 2691 temporis
3345 2623 3488 2675 illius

1951 2717 2314 2769 calamitatum
2343 2715 2600 2768 immunis
2636 2715 2752 2765 fuit.
2789 2713 3098 2765 tiliscehant
3129 2714 3179 2763 in
3215 2714 3329 2779 pios
3366 2727 3491 2779 quo-
3557 2775 3560 2780 ι

1953 2806 2078 2856 titlie
2108 2819 2359 2856 aerumnae
2390 2812 2480 2856 :et
2517 2803 2808 2869 impietatis
2839 2802 3096 2867 procella,
3130 2816 3250 2867 qua:
3300 2802 3489 2854 civitav

1953 2900 2056 2942 tem
2091 2891 2382 2949 invaserat,
2409 2889 2673 2950 efl‘ecerat,
2721 2897 2776 2938 ut
2807 2903 2993 2939 omnes
3014 2886 3123 2952 jam
3150 2891 3215 2938 de
3249 2887 3352 2938 vita
3395 2902 3487 2953 pc—

1953 2981 2097 3030 nitus
2122 2979 2486 3044 desperarent.
2523 2977 2721 3028 Domus
2746 2976 2967 3043 singulae
2997 2990 3122 3028 suos
3161 2985 3490 3027 scrutatmes

1956 3067 2242 3126 habebant,
2279 3074 2384 3117 tam
2417 3066 2608 3132 quatin
2654 3065 2846 3116 illustri
2884 3065 3073 3132 positte
3099 3064 3329 3116 civitatis
3353 3065 3489 3126 loco,

1907 3154 1923 3174 ‘
1954 3168 2254 3221 quamqua:
2291 3154 2432 3218 quod
2469 3154 2519 3204 in
2554 3151 2788 3206 obscuro
2818 3167 2937 3205 esse
2971 3154 3295 3218 viderentur,
3314 3163 3488 3205 tutum

1949 3254 2102 3294 antea
2134 3242 2299 3294 latere
2325 3243 2624 3295 volentibus
2669 3240 2968 3310 perfugium
3017 3251 3269 3308 praestare
3319 3242 3488 3295 solitae

1950 3341 2122 3383 erant.
2160 3329 2342 3398 Neque
2392 3331 2491 3398 ipsi
2537 3332 2694 3383 ctiatu
2745 3332 2855 3398 agri
2880 3331 3040 3396 hujus
3074 3339 3228 3382 erant
3287 3339 3492 3394 tempe-

1951 3422 2103 3473 statis
2133 3429 2378 3488 expertes
2403 3421 2698 3487 :‘siquidcm
2736 3420 2899 3471 nihilo
2927 3419 3280 3472 tolerabilior
3313 3419 3361 3470 in
3391 3417 3492 3479 his,

1951 3523 2109 3575 quam
2144 3509 2195 3559 iit
2231 3509 2460 3575 oppidis,
2501 3509 2837 3561 miseriarunt
2867 3517 2983 3562 erat
3013 3508 3312 3568 fluctuatio,
3343 3505 3493 3557 sinti-

1953 3601 2221 3666 libusque,
2270 3601 2355 3650 hic
2411 3608 2570 3666 atque
2634 3599 2760 3659 illic,
2799 3598 3050 3665 periculis
3109 3599 3278 3665 pictas
3334 3594 3491 3647 Vciuti

1957 3699 2268 3755 tempestate
2311 3689 2541 3755 quodam
2578 3689 2898 3754 jactabatur.

2025 3776 2152 3828 Vfll.
2174 3778 2248 3828 Eo
2285 3787 2520 3843 tempore
2552 3779 2649 3844 ipsi
2677 3795 2892 3842 quoque
2925 3776 3118 3829 Curtas
3134 3784 3186 3827 et
3209 3774 3492 3831 Satnonas,

1953 3863 2036 3912 hic
2054 3863 2401 3922 fortitudinis,
2432 3864 2518 3912 ille
2538 3865 2877 3914 continentia:
2898 3861 3051 3912 laude
3075 3861 3320 3925 insignis,
3344 3874 3458 3909 cont
3475 3887 3492 3896 -

1953 3950 2196 4016 prehensi
2227 3959 2369 4011 sunt,
2394 3965 2606 4015 unaque
2629 3950 2834 4014 enat-iis
2858 3949 3044 4014 ingens
3061 3947 3490 3998 Christianorum

1954 4039 2238 4091 multitudo
2265 4038 2470 4089 carceri
2509 4037 2741 4097 addicta,
2777 4051 2895 4088 rum
2928 4051 3031 4087 non
3060 4044 3199 4086 esset
3235 4035 3324 4101 qui
3354 4035 3495 4085 redi-

1953 4141 2139 4187 meret.
2173 4144 2339 4195 neque
2372 4128 2463 4195 qui
2521 4128 2726 4180 salvum
2771 4126 2989 4180 iaceret.
3025 4128 3096 4176 Ae
3153 4125 3329 4176 (reteri
3375 4125 3497 4191 qui-

1953 4221 2069 4272 dem
2101 4220 2296 4285 quibus
2345 4232 2435 4270 aut
2490 4217 2720 4270 nominis
2759 4217 3081 4279 obscuritas,
3111 4225 3201 4267 aut
3236 4214 3354 4267 fidei
3407 4230 3497 4266 ne-

1954 4312 2200 4378 gligentia
2223 4325 2386 4362 causa
2411 4319 2526 4362 erat
2589 4317 2645 4360 ut
2674 4316 3168 4368 contemnerentur,
3205 4305 3316 4357 sine
3347 4319 3499 4356 mora

1890 4415 1930 4466 ι)
1960 4415 1988 4450 e
2023 4401 2265 4451 custodia
2288 4399 2671 4460 edocebantur,
2701 4398 2894 4465 quippe
2924 4411 3042 4448 cum
3072 4395 3204 4446 nihil
3238 4395 3498 4445 adversus

1960 4505 2013 4542 se
2037 4489 2412 4556 itnpttgnantes
2442 4505 2547 4554 pta:
2570 4504 2626 4540 se
2659 4488 2880 4549 ferrent,
2912 4487 3048 4553 qttod
3081 4494 3216 4536 esset
3247 4487 3309 4534 ad
3335 4498 3502 4547 expu-

1958 4580 2227 4643 gttantlttnt
2254 4576 2646 4627 difﬁcillimum.
2673 4575 2864 4625 \‘eruar
2893 4573 3068 4623 Cttriu‘
3088 4583 3133 4621 et
3153 4569 3395 4619 Samnitis:
3424 4568 3504 4616 itt-

1960 4679 2108 4730 gcus,
2149 4680 2266 4728 qute
2289 4678 2378 4714 eos
2408 4663 2787 4723 comitabatur,
2830 4662 3012 4714 solidae
3062 4658 3276 4723 pictatis
3312 4657 3502 4724 glorta,

1959 4767 2116 4803 causa
2155 4752 2273 4813 fuit,
2300 4751 2574 4803 utdiutius
2615 4751 2664 4800 in
2697 4750 2939 4801 custodia
2963 4756 3394 4799 asscrvarentur.
3426 4745 3502 4796 Ex

1959 4856 2065 4907 quo
2100 4842 2312 4908 quidem
2378 4843 2620 4894 videntur
2683 4840 2812 4891 mihi
2882 4841 3073 4891 merito
3135 4840 3502 4889 confessornm

1962 4935 2122 4986 etiam
2167 4945 2584 5001 cogitotticntunt
2617 4933 2790 5000 adepti
2823 4950 2833 4984 :
2865 4932 3006 5000 quod
3045 4933 3245 4996 prtctnii
3279 4932 3397 4980 loco
3441 4927 3504 4976 iis

1961 5028 2154 5077 deferri
2196 5027 2414 5078 Sttiitutu
2460 5036 2561 5088 est,
2605 5024 2694 5092 qui
2755 5024 2956 5076 Christi
2999 5039 3161 5077 causa
3209 5022 3304 5070 hoc
3348 5018 3505 5066 modo

1963 5118 2096 5168 citta
2137 5133 2318 5169 necent
2352 5116 2490 5169 male
2527 5115 2690 5168 habiti
2725 5124 2868 5168 sum.
2896 5112 3168 5178 Siquidem
3205 5108 3253 5158 itt
3282 5120 3340 5154 ea
3373 5113 3504 5153 tam-

1965 5213 2052 5260 diu
2082 5211 2327 5260 ieruntur
2367 5208 2749 5274 permansisse,
2782 5203 2956 5271 quoad
2981 5203 3082 5250 vila
3114 5201 3294 5248 functo
3328 5195 3505 5260 priore

1965 5304 2222 5366 print-ipe,
2260 5301 2394 5351 alter
2423 5299 2472 5348 in
2501 5297 2616 5363 ejus
2641 5296 2813 5347 locum
2849 5292 3130 5343 successit.

2036 5389 2122 5440 l.\.
2149 5389 2490 5442 Vcremenim
2519 5385 2790 5438 aﬂlietalio
2816 5383 2925 5432 'hic
2954 5375 3332 5430 olilt-rtatnettti
3391 5377 3506 5427 loco

1965 5491 2097 5542 erat,
2129 5491 2178 5532 et
2207 5477 2668 5532 incommodorum
2699 5470 2979 5539 perpessio
3004 5465 3398 5533 philosophiam
3442 5465 3504 5516 'iu

1964 5587 2146 5624 COI‘UIH
2166 5571 2360 5622 animis
2379 5568 2625 5635 augebat,
2651 5577 2769 5630 qua:
2791 5560 3002 5627 quidem
3025 5557 3355 5626 graviorum,
3389 5573 3508 5623 quae

1966 5677 2088 5715 mox
2133 5675 2230 5726 pro
2284 5659 2500 5711 Christo
2543 5661 2721 5707 essent
2778 5649 3075 5718 excepturi,
3118 5657 3504 5702 tormentorum
