4126 6332
665 304 763 365 791

1461 295 1779 356 ARETHB
1816 292 2187 356 ΟΕΞΑΒΕΑΞ
2219 288 2689 350 CAPPADOCLB
2726 287 3062 349 EPISCOPI

3729 283 3851 351 792

664 409 934 478 quoddam
986 415 1100 460 erat
1123 405 1263 459 velut
1286 405 1631 472 praeludium:
1689 403 1821 471 quin
1876 401 2012 455 alios
2042 399 2204 453 etiam
2233 435 2278 492 Δ
2304 396 2447 492 viam
2501 396 2679 492 adid,
2711 397 2854 466 quod
2897 395 3000 452 sibi
3054 394 3680 492 proposuerat-,“oeculte
3717 410 3852 450 mu-

664 496 910 563 cxemplo
926 509 1027 549 suo
1051 493 1373 553 excitabant,
1405 493 1605 560 quippe
1632 505 1754 547 cum
1779 493 2032 545 docerent
2059 503 2200 548 eam,

666 598 827 650 quam
857 583 980 650 quis
1026 596 1148 634 vere
1192 579 1552 648 profiteretur,
1589 580 1767 642 fidem,
1801 592 1973 647 neque
2039 577 2200 629 rebus

667 673 894 738 asperis,
923 685 1044 739 qua:
1078 670 1278 724 Christi
1307 684 1468 724 causa
1498 670 1730 722 maxime
1785 669 2197 729 intentarentur,

667 761 861 829 frangi,
893 777 1065 829 neque
1096 763 1359 814 malorum
1380 761 1724 829 perpessione
1753 758 1856 809 ulla
1891 756 2153 809 debilitari
2183 771 2198 808 :

667 865 838 917 neque
864 851 1006 903 enim
1040 853 1432 919 permissurum
1476 851 1687 919 justum
1719 849 2071 902 certaminum
2112 862 2199 900 ar-

667 939 863 990 bitrum
889 954 952 991 ac
983 940 1399 1002 moderatorem,
1425 949 1478 990 ιιι
1511 953 1571 991 ea
1594 945 1686 990 aut
1705 950 1916 1003 semper
1944 935 2201 988 durarent

665 1036 758 1077 aut
796 1028 998 1093 majora
1022 1037 1219 1089 essent,
1251 1041 1414 1095 quam
1447 1036 1505 1079 ut
1545 1027 1612 1078 iis
1647 1023 1879 1076 ferendis
1905 1023 2030 1092 quis
2081 1036 2201 1075 esse

665 1130 758 1182 par
788 1124 971 1183 posset
1000 1133 1014 1167 :
1052 1116 1349 1183 praesertim
1383 1118 1426 1169 si
1451 1115 1616 1168 Paulo
1646 1113 1889 1166 habenda
1947 1113 2016 1165 sit
2042 1113 2196 1175 fides,

664 1204 756 1270 qui
780 1206 891 1271 ipse
919 1220 1097 1256 rerum
1124 1220 1442 1258 arcanarum
1468 1215 1522 1258 et
1550 1206 1820 1272 inspector
1842 1201 1962 1263 fuit,
1986 1210 2039 1255 et
2067 1215 2200 1268 prae-

665 1291 895 1343 dicator.
954 1291 1018 1344 Et
1053 1291 1097 1344 si
1121 1291 1272 1345 labor
1305 1303 1389 1345 est
1421 1292 1643 1355 multus,
1669 1298 1723 1343 at
1745 1289 1982 1343 nondum
2022 1298 2199 1342 tamen

663 1385 746 1429 est
771 1386 972 1439 tantus,
1010 1378 1120 1429 imo
1151 1378 1466 1445 longissimo
1498 1377 1780 1430 intervallo
1809 1377 2007 1437 minor,
2037 1389 2200 1442 quam

666 1473 724 1516 ut
751 1479 872 1517 cum
906 1480 992 1526 eo,
1027 1465 1117 1532 qui
1157 1467 1207 1517 in
1244 1481 1344 1519 nos
1367 1477 1548 1533 postea
1582 1466 1896 1519 revelandus
1925 1475 2005 1517 est
2025 1463 2203 1531 splenc

666 1553 785 1614 dor,
815 1551 922 1602 ulla
955 1565 1020 1603 ex
1054 1560 1205 1619 parte
1240 1552 1432 1605 merito
1460 1562 1623 1619 queat
1650 1553 1976 1620 comparari.
2025 1552 2200 1619 Atque

667 1638 782 1692 haec
801 1639 1014 1706 quidem
1037 1639 1144 1694 illis
1179 1640 1280 1694 hoc
1310 1641 1486 1708 modo.
1528 1639 2005 1694 Vcrumenimvero
2058 1654 2198 1707 quo-

669 1733 812 1783 niam
845 1730 1145 1798 oportebat,
1176 1740 1250 1785 ut.r
1267 1727 1669 1801 [infestioribus
1705 1731 1873 1784 multo
1932 1731 2200 1784 laboribus
2234 1756 2274 1810 Β

666 1837 726 1873 se
753 1820 964 1880 darent,
991 1827 1044 1872 et
1078 1819 1160 1874 ad;
1183 1820 1568 1890 nobilitandam
1594 1821 1882 1873 etiamnum
1912 1820 2083 1888 magis
2124 1820 2202 1889 ip-

664 1925 846 1962 sorum
878 1908 1124 1978 gloriam,
1143 1924 1215 1962 ire
1244 1909 1358 1977 ipsa
1382 1910 1675 1978 superioris
1702 1924 1813 1963 suae
1855 1909 2197 1962 exercitatio-

666 1997 751 2048 nis
795 1994 1138 2064 perspicuum
1187 1996 1726 2050 “etnnibusrcdcrent
1770 1998 2197 2049 documentum:

664 2086 874 2140 furebat
921 2086 1071 2139 rabie
1109 2085 1378 2152 ,incita'tns’
1418 2085 1702 2138 adversum
1739 2086 2073 2140 Christianos
2121 2087 2198 2151 is,

664 2175 755 2241 qui
777 2174 938 2242 paulo
951 2182 1074 2226 ante
1095 2176 1292 2227 missus
1309 2173 1594 2240 provincia:
1624 2174 1862 2242 regendae
1877 2173 2047 2228 fuerat
2064 2190 2200 2243 prte-

664 2274 774 2313 ses.
814 2258 990 2314 Porro
1016 2260 1309 2312 rabies-illa
1340 2261 1390 2311 id
1427 2275 1589 2310 unum
1616 2259 1905 2326 spectabat,
1934 2262 2197 2328 quemad-

668 2351 882 2403 modum
909 2350 984 2414 ei,
1007 2364 1036 2402 a
1061 2364 1172 2418 quo
1218 2351 1419 2402 missus
1450 2349 1642 2413 fuerat,
1668 2351 1920 2406 omnibus
1952 2351 2004 2404 in
2041 2353 2201 2407 rebus

665 2437 1071 2505 gratificaretur.
1137 2435 1316 2504 Itaque
1411 2437 1541 2489 nihil
1630 2451 1850 2504 prorsus
1923 2440 2204 2492 omittebat

664 2540 870 2587 eorum,
920 2539 1040 2593 quae
1081 2539 1173 2578 eos
1233 2535 1488 2594 prmstare
1544 2540 1639 2593 par
1680 2534 1806 2588 est,
1857 2527 1946 2594 qui
2000 2527 2201 2580 furoris

664 2615 750 2666 sui
786 2615 950 2669 sociis
1003 2615 1253 2669 omnibus
1313 2615 1364 2667 in
1405 2617 1561 2668 rebus
1609 2614 1926 2669 inserviunt.
1977 2615 2057 2670 Ad
2102 2619 2198 2670 tri-

663 2705 823 2758 bona!
888 2705 1024 2773 rapti
1079 2707 1198 2758 alia:
1251 2705 1447 2758 indolis
1489 2705 1586 2758 viri
1644 2705 1928 2770 sistuntur,
1986 2708 2199 2776 pietatis

659 2806 772 2846 sua:
822 2808 1009 2862 pmnas
1059 2796 1256 2848 daturi.
1320 2797 1582 2849 Caeterum
1631 2812 1750 2862 quae
1815 2812 2002 2864 magna
2074 2813 2195 2851 cum

660 2882 961 2936 animorum
989 2884 1242 2948 elatione,
1267 2901 1568 2953 magnoque
1613 2902 1733 2938 cum
1766 2888 1978 2953 spiritu,
2011 2889 2197 2940 adter-

659 2984 754 3024 sus
791 2971 930 3024 hunc
955 2972 1096 3025 dicta
1127 2985 1253 3025 tunc
1289 2971 1504 3026 fortiter
1529 2989 1558 3027 a
1595 2976 1919 3043 martyribus
1947 2987 2088 3037 sunt,
2129 2991 2192 3028 ex

2305 485 2460 539 niret.
2499 485 2642 549 Quin
2672 494 3086 562 etnugamenta
3121 484 3376 538 adversus
3404 481 3526 538 illos
3554 485 3852 538 verborum

2300 577 2542 644 quaedam
2598 576 2870 641 contexit,
2923 573 3006 629 sic
3046 571 3433 644 propemodum
3480 579 3654 626 astute
3693 573 3857 642 ipsos

2300 662 2631 731 aggrediens.

2371 749 2460 803 XI.
2512 751 2715 817 Nolite,
2757 751 2969 822 inquit,
3001 760 3190 822 putare
3219 764 3344 812 vos,
3380 763 3466 802 me
3508 748 3688 801 animo
3715 762 3856 802 esse

2300 840 2576 908 praeduro,
2609 841 3002 912 ejusmodique,
3033 841 3128 910 qui
3155 838 3472 893 crudelitate
3500 847 3554 892 et
3602 837 3854 891 humano

2299 931 2560 999 sanguine
2604 931 2916 986 delectetur.
2970 929 3226 984 Naturam
3268 942 3518 983 revereor
3557 945 3572 982 :
3621 927 3854 980 miseret

2301 1031 2386 1070 me
2417 1019 2775 1087 cognationis,
2801 1034 2922 1087 qua!
2943 1017 3074 1071 mihi
3105 1026 3189 1072 est
3209 1016 3484 1071 vobiscum
3522 1032 3538 1069 :
3564 1023 3616 1071 et
3641 1029 3851 1084 quam-

2301 1106 2382 1159 vis
2414 1107 2742 1160 eomrariam
2769 1107 2925 1160 nobis
2957 1106 3235 1174 religionis
3261 1107 3402 1159 viam
3435 1104 3552 1160 sitis
3589 1103 3851 1174 ingressi,

2301 1195 2460 1256 idque
2499 1194 2727 1250 fortasse
2761 1195 3002 1249 veritatis
3027 1195 3240 1250 inscitia
3268 1193 3436 1261 ducti,
3465 1208 3530 1246 ac
3557 1201 3851 1262 propterea

2301 1281 2356 1336 in
2406 1283 2645 1336 animum
2702 1283 2857 1337 vobis
2901 1283 3221 1347 induxistis,
3272 1292 3333 1338 ut
3385 1293 3624 1337 extrema
3656 1283 3852 1337 omnia

2301 1370 2442 1425 ferre
2472 1370 2655 1425 libenti
2679 1373 2861 1426 animo
2877 1371 3136 1442 supplicia
3163 1372 3283 1427 sitis
3306 1371 3478 1441 parati
3513 1388 3528 1426 :
3565 1371 3853 1426 nihilomi—

2301 1472 2404 1512 nus
2431 1473 2532 1527 ego
2556 1458 2772 1528 quidem
2801 1460 2866 1513 de
2891 1458 2992 1514 hoc
3025 1459 3176 1514 vobis
3206 1460 3449 1529 ignosco.
3478 1459 3636 1529 idque
3661 1460 3855 1513 consi-

2301 1543 2359 1597 lii
2385 1546 2546 1598 vestri
2579 1546 2932 1600 imbecillitati
2973 1548 3150 1602 tribuo
3193 1566 3206 1601 :
3247 1548 3514 1617 siquidem
3550 1549 3663 1604 scio
3691 1564 3852 1603 mor-

2302 1632 2489 1686 talium
2531 1633 2709 1688 adhuc
2758 1634 3024 1689 nemiuem
3051 1636 3359 1702 exstitisse,
3393 1636 3488 1705 qui
3527 1636 3740 1704 quidem
3785 1638 3849 1690 in

2301 1725 2529 1779 consilio
2580 1725 2678 1779 sibi
2736 1724 3000 1793 capiendo
3051 1739 3318 1793 nusquam
3366 1725 3593 1786 errarit,
3640 1724 3853 1793 quique

2302 1830 2424 1870 cum
2457 1817 2511 1868 in
2545 1815 2664 1870 aliis
2697 1814 2900 1884 optime
2931 1814 3182 1878 senserit,
3218 1816 3270 1868 in
3303 1814 3389 1879 iis,
3420 1828 3539 1883 qua:
3574 1815 3852 1883 praecipua

2303 1901 2403 1971 ipsi
2457 1911 2644 1967 erant,
2695 1917 2798 1956 non
2855 1904 3146 1972 aliquando
3195 1902 3506 1966 oﬂ‘endcrit,
3559 1914 3718 1975 atque
3759 1904 3849 1960 ibi

2301 1990 2552 2052 maxime,
2585 1990 2674 2042 ubi
2707 1990 2936 2045 maxime
2964 2006 3020 2044 se
3047 2001 3302 2060 praestare
3343 1991 3654 2047 confideret.
3686 1991 3856 2059 Qun-

2302 2079 2468 2144 circa,
2497 2079 2620 2133 licet
2650 2079 3059 2135 innumerabilia
3091 2089 3315 2150 urgeant
3343 2096 3428 2136 me
3462 2096 3642 2152 regum
3667 2082 3855 2151 iussa,

2299 2165 2652 2220 nihilominus
2677 2177 2856 2221 tamen
2899 2169 3106 2233 malim,
3140 2171 3316 2239 quoad
3350 2168 3461 2226 fieri
3494 2170 3683 2240 possit,
3715 2185 3854 2225 cum

2301 2253 2584 2309 manifeste
2615 2257 2920 2323 periculosa
2950 2273 3036 2314 res
3069 2261 3161 2325 sit,
3191 2259 3409 2328 quidvis
3447 2261 3693 2329 supplicii
3724 2247 3856 2328 ipse

2300 2343 2479 2397 subire
2505 2344 2701 2412 potius,
2734 2361 2892 2413 quam
2919 2362 3168 2418 asperum
3204 2349 3258 2402 in
3291 2363 3387 2404 vos
3412 2349 3699 2420 quidquam
3727 2349 3856 2406 em-

2300 2443 2442 2495 cere,
2480 2447 2648 2500 usque
2697 2434 2824 2487 dum
2875 2434 3105 2490 fortasse
3137 2437 3336 2490 duritia
3365 2447 3540 2492 vestra
3585 2452 3701 2492 mea
3741 2454 3850 2506 pa-

2302 2519 2486 2573 tientia
2533 2521 2773 2586 devicta,
2811 2522 3110 2580 lenioribus
3154 2541 3250 2579 vos
3281 2526 3458 2581 verbis
3493 2528 3561 2581 ab
3592 2528 3850 2583 obstina-

2303 2607 2444 2661 tione
2473 2609 2573 2664 ista
2597 2609 2878 2677 deductos,
2904 2611 2958 2665 in
2988 2627 3162 2667 meam
3192 2615 3511 2669 sententiam
3543 2616 3847 2682 adduxere,

2300 2697 2384 2751 cui
2417 2699 2664 2754 ferociter
2702 2716 2844 2756 nunc
2869 2705 3194 2773 repugnatis.
3883 2693 3888 2697 ’

2369 2787 2482 2841 XII.
2522 2790 2688 2854 Quem
2718 2791 2858 2844 enim
2894 2806 3044 2847 sacra
3082 2803 3256 2849 vestra
3305 2811 3409 2850 non
3445 2806 3656 2852 moveat
3686 2798 3848 2858 cani-

2300 2878 2418 2942 ties,
2453 2878 2638 2942 Guria,
2672 2895 2790 2948 quae
2825 2880 2875 2934 in
2913 2883 3064 2937 vobis
3102 2884 3337 2954 undique
3368 2897 3606 2955 apparet,
3643 2904 3843 2957 quam-

2298 2982 2400 3035 que
2451 2970 2779 3022 continentia
2828 2974 3175 3038 conspicuam
3235 2974 3395 3038 facit,
3436 2990 3557 3030 cum
3591 2978 3642 3031 in
3690 2978 3842 3042 ista,

658 3058 853 3126 quibus
884 3067 936 3108 rt
966 3060 1242 3126 praesentis
1265 3061 1492 3112 fortuna:
1523 3061 1875 3112 inconstantia
1919 3060 2190 3112 deridere-
2220 3051 2262 3106 C
2295 3071 2412 3124 qua:
2440 3059 2588 3110 vobis
2617 3069 2854 3112 extrcnm
2899 3062 3101 3129 reliqua
3132 3073 3232 3125 est,
3267 3065 3386 3116 vita:
3418 3074 3567 3130 parte
3603 3081 3720 3119 eam
3747 3067 3845 3136 ja-

658 3155 766 3209 tur,
794 3157 1076 3209 eteorum,
1105 3163 1223 3214 quae
1260 3149 1311 3200 in
1351 3157 1620 3215 posterum
1641 3159 1820 3214 parata
1845 3159 1989 3206 sunt,
2023 3149 2191 3199 bono-

659 3248 779 3285 rum
830 3234 998 3300 gloria
1032 3235 1313 3300 magnifice
1352 3235 1735 3300 prasdicaretur
1790 3236 2023 3301 (tametsi
2057 3250 2196 3286 mar-

659 3320 952 3388 garitarum
981 3321 1234 3374 nobilitas
1262 3331 1382 3375 ante
1401 3323 1542 3375 suilli
1564 3323 1772 3390 generis
1806 3324 2045 3376 homines
2067 3315 2194 3391 pro-

656 3410 990 3480 jieiebatur),
1031 3419 1124 3464 aut
1151 3412 1602 3479 quemadmodum
1636 3413 1747 3479 ipse
1776 3413 1934 3465 etiam
1999 3411 2190 3476 Judcx,

659 3504 784 3552 dum
810 3515 904 3554 eos
923 3509 1111 3566 tentat,
1139 3501 1228 3569 qui
1249 3502 1630 3555 teutationibus
1659 3503 1793 3556 vinci
1815 3518 1918 3555 n0n
1948 3512 2190 3570 pessum,

660 3589 910 3640 invictam
944 3602 1130 3642 eorum
1181 3590 1344 3642 animi
1380 3592 1732 3644 constantiam
1761 3602 1936 3645 astute
1966 3592 2192 3645 subver-

656 3685 766 3731 tere
795 3678 1108 3742 conabatur,
1143 3679 1361 3748 longum
1391 3682 1575 3749 utique
1601 3689 1745 3734 esset
1773 3683 2019 3749 persequi
2066 3697 2189 3735 ora-

655 3769 836 3821 tione:
867 3768 1215 3822 nihilominus
1257 3779 1456 3830 tamen,
1492 3781 1548 3824 ut
1585 3782 1839 3839 quantum
1885 3772 1948 3825 ad
2002 3773 2189 3826 intelli-

654 3857 883 3927 gendum
926 3859 996 3911 sit
1029 3859 1183 3924 satis,
1213 3860 1400 3927 quales
1435 3860 1506 3911 illi
1539 3848 1756 3917 fuerint,
1789 3859 2094 3921 doceamus,
2121 3874 2186 3912 ne

650 3949 872 4017 egregia:
888 3958 1181 4017 martyrum
1204 3951 1464 4016 palaestra:
1485 3962 1705 4016 prorsus
1727 3948 1895 4000 simus
1921 3958 2185 4014 expertes,

653 4053 782 4090 neve
809 4038 926 4103 ejus
986 4039 1086 4100 rei,
1126 4052 1285 4103 quam
1331 4051 1392 4088 ex
1464 4035 1716 4086 omnibus
1771 4035 2183 4099 pulcherrimam

649 4128 1002 4194 speravimus,
1031 4127 1292 4192 jacturatn
1319 4126 1593 4184 faciamus,
1621 4125 1752 4176 tales
1783 4133 1954 4186 erant,
1988 4135 2078 4177 aut
2106 4125 2187 4178 his

650 4216 1000 4266 similitudine
1029 4228 1188 4279 quam
1219 4214 1462 4279 proximi.

2295 3146 2425 3198 ctari
2467 3145 2898 3200 animadvertat?
2924 3150 3053 3212 Quis
3089 3167 3249 3218 porro
3282 3168 3386 3206 non
3423 3154 3665 3209 Samon:
3697 3159 3843 3212 inte-

2295 3248 2418 3300 gras
2462 3234 2625 3286 animi
2678 3245 2731 3287 et
2787 3239 3025 3302 corporis
3075 3239 3216 3292 vires
3264 3255 3474 3293 summe
3514 3242 3837 3308 admiretur,

2295 3333 2655 3390 perpetuoque
2715 3324 2952 3377 laborum
3014 3325 3112 3378 sibi
3171 3341 3294 3379 eum
3344 3328 3538 3383 habere
3590 3333 3839 3388 omnium

2295 3413 2499 3464 socium
2546 3413 2851 3466 desideret?
2883 3412 3105 3466 Valeant
3135 3415 3414 3481 judiriaria
3444 3418 3717 3483 subsellia,
3747 3421 3842 3474 di-

2293 3502 2453 3556 vitiaz.
2489 3501 2718 3554 honores
2753 3520 2765 3555 :
2816 3506 3060 3570 quamvis
3092 3505 3234 3556 enim
3274 3506 3383 3558 haec
3415 3506 3679 3564 illecebris
3711 3512 3836 3566 suis

2294 3591 2484 3642 blande
2529 3592 2592 3642 ad
2647 3608 2703 3643 se
2751 3592 2961 3642 animos
3007 3593 3246 3645 omnium
3301 3595 3566 3660 alliciant,
3617 3613 3839 3665 perma-

2291 3696 2560 3749 guumque
2597 3682 2660 3733 ad
2696 3682 2828 3733 bene
2869 3682 3126 3750 beateque
3159 3684 3439 3737 vivendum
3480 3686 3677 3739 habere
3711 3704 3838 3741 mo-

2291 3780 2527 3822 mentqu
2561 3769 2857 3834 videantur,
2890 3771 3236 3827 nihilominus
3262 3782 3456 3831 tamen.
3491 3777 3706 3843 quando
3731 3795 3833 3834 vos

2289 3861 2386 3910 is:a
2421 3875 2626 3911 morum
2659 3860 2945 3926 probitate,
2985 3862 3350 3928 modestiaque
3375 3865 3474 3916 viri
3511 3866 3579 3917 ita
3619 3867 3830 3921 facien-

2287 3948 2412 3999 dtnn
2448 3950 2700 4008 censetis,
2735 3949 2933 4014 placeat
2969 3949 3096 4000 mihi
3130 3965 3343 4017 quoque
3387 3954 3565 4003 omnia
3606 3971 3668 4007 ex
3711 3957 3830 4009 for-

2289 4041 2428 4090 Iunge
2457 4034 2760 4085 temeritate
2789 4035 3038 4101 pendere,
3071 4049 3173 4102 qua
3204 4045 3550 4100 commutata,
3583 4054 3643 4091 ea
3681 4057 3829 4109 quo-

2286 4137 2389 4187 que
2439 4124 2758 4176 coumtutari
2814 4139 3032 4178 necesse
3087 4125 3174 4178 sit.
3214 4124 3427 4188 Videte,
3479 4129 3686 4195 qualem
3735 4147 3828 4186 me

2285 4212 2542 4265 adversus
2571 4228 2665 4266 vos
2700 4229 2875 4281 geram
2915 4230 2928 4266 :
2960 4212 3156 4266 donate
3178 4204 3286 4267 hoc
3320 4214 3473 4280 mihi,
3515 4225 3572 4270 ιιι
3597 4219 3821 4273 meliora

720 4303 784 4354 Χ.
817 4302 1014 4355 Blande
1045 4302 1232 4370 agebat
1267 4319 1388 4358 eum
1417 4304 1545 4358 viris
1577 4304 1776 4359 sanctis
1807 4304 1873 4366 is,
1910 4305 1995 4358 cui
2034 4305 2178 4374 judi-
2200 4341 2255 4393 τυ
2284 4301 2349 4354 de
2376 4303 2524 4356 vobis
2553 4305 2749 4370 possim
2771 4319 3003 4372 sperare.
3030 4305 3136 4368 Tu,
3159 4305 3348 4371 Curia,
3374 4307 3609 4361 adhibita
3641 4310 3730 4362 tibi
3761 4311 3820 4363 iu

649 4393 800 4445 ο-ειιιάἱ
848 4401 1082 4460 potestas
1128 4395 1426 4461 obtigerat,
1478 4410 1703 4463 seseque
1752 4397 1942 4459 modo,
1989 4408 2043 4449 ut
2086 4397 2176 4465 qui

648 4498 839 4536 nocere
865 4484 943 4538 eis
979 4485 1156 4549 nollet,
1200 4486 1263 4538 ad
1301 4485 1570 4539 leuitatem
1614 4486 1774 4540 dabat
1812 4506 1824 4539 :
1860 4489 2016 4541 modo
2049 4505 2177 4556 sup-
2217 4553 2222 4562 ι

649 4573 805 4638 plicia
835 4573 1132 4634 differebat.
1167 4591 1232 4627 ne
1262 4577 1425 4628 animi
1457 4577 1656 4628 s:evitia
1689 4593 1751 4630 ea
1783 4576 1846 4630 iis
1876 4579 2177 4631 accelerare

649 4663 946 4724 videretur,
995 4664 1084 4728 qui
1133 4665 1196 4714 ad
1250 4667 1451 4730 quaevis
1492 4665 1831 4733 perpetienda
1875 4668 1971 4733 ipsi
2025 4677 2178 4720 erant

647 4751 1002 4816 paratissimi,
1063 4753 1311 4818 nullaque
1357 4769 1412 4805 re
1468 4757 1651 4822 magis:
1695 4771 1853 4823 quam
1930 4758 2175 4825 supplicii

648 4853 795 4889 mora
847 4837 1250 4891 offendebautur
1302 4855 1316 4890 :
1364 4855 1546 4892 verum
1589 4845 1871 4910 apparebat
1923 4846 2060 4898 facta
2098 4846 2178 4898 di-

647 4928 744 4977 ctis
772 4941 890 4979 esse
934 4927 1234 4987 contraria,
1274 4926 1467 4994 quippe
1504 4944 1623 4982 cum
1676 4948 1779 4985 non
1825 4935 2174 4989 humanitatis

645 5031 705 5068 ea
743 5026 944 5079 essent,
992 5032 1111 5084 qum
1153 5016 1220 5067 ab
1270 5031 1334 5066 co
1380 5020 1581 5080 fierent,
1631 5022 1722 5075 sed
1771 5025 2118 5078 inunanitatis
2158 5042 2171 5077 :

644 5105 806 5156 animi
861 5121 965 5156 non
1021 5103 1273 5164 benefici,
1327 5103 1419 5156 sed
1471 5107 1691 5160 malefici
1743 5127 1754 5160 :
1797 5111 2058 5177 siquidem
2109 5126 2174 5162 ex

643 5209 804 5248 mone
853 5195 1160 5261 bujusmodi
1220 5194 1622 5261 interpositione
1675 5201 1991 5266 apparebat,
2050 5215 2172 5254 cum

646 5299 826 5334 eorum
882 5283 1044 5334 animi
1099 5282 1398 5335 firmitatem
1461 5284 1729 5352 roburque
1784 5290 1980 5342 sensim
2041 5291 2174 5343 velle

645 5372 965 5423 labefactare
986 5412 998 5433 ,
1039 5379 1091 5423 et
1121 5373 1362 5426 ardorem
1393 5375 1752 5442 restinguere,
1786 5393 1892 5444 quo
1929 5380 2174 5432 videlicet

649 5470 925 5531 postquam
958 5477 1022 5514 ex
1057 5463 1356 5529 hujusmodi
1383 5466 1818 5534 ampliatiouibus
1851 5484 2034 5523 recens
2063 5469 2173 5521 ala-

647 5552 808 5603 ciitas
854 5549 941 5604 illa
977 5552 1134 5607 veluti
1169 5553 1556 5621 defcrbuissct,
1589 5558 1970 5627 consopitaque
1999 5569 2168 5625 esset,

2284 4393 2564 4445 consilium
2616 4410 2712 4458 ea,
2758 4411 2860 4462 qua
2899 4395 3097 4463 pollere
3140 4397 3331 4451 solitus
3365 4411 3456 4460 es,
3498 4400 3820 4467 prudentia,

2278 4499 2594 4551 summaque
2622 4489 2913 4555 eademque
2955 4497 3188 4555 spectata
3223 4489 3474 4544 omnibus
3511 4491 3609 4545 ista
3644 4494 3816 4544 animi

2281 4573 2354 4625 tui
2415 4576 2779 4642 magnitudine
2834 4579 3213 4646 gravitateque.
3249 4577 3324 4630 Tu
3363 4594 3509 4644 vero,
3554 4581 3813 4644 Samona,

2278 4663 2447 4717 solido
2485 4681 2512 4716 a
2559 4677 2605 4717 te
2639 4669 2741 4720 isto
2773 4682 2836 4721 ac
2871 4667 3045 4719 vivido
3096 4668 3337 4734 corporis
3387 4670 3578 4723 robore
3618 4680 3712 4724 tuo
3743 4673 3814 4725 ad

2279 4755 2414 4820 regis
2451 4757 2710 4809 culturam
2777 4757 3035 4810 translato
3071 4757 3145 4823 (id
3179 4758 3319 4824 quod
3351 4759 3510 4812 etiam
3545 4758 3814 4824 futurum,

2277 4842 2524 4896 hesterna
2573 4848 2660 4899 die
2710 4847 2904 4898 divina:
2936 4845 3064 4897 mihi
3118 4846 3330 4914 Sibylla:
3363 4849 3812 4916 confirmarunt);

2279 4935 2437 4987 nolite
2458 4973 2472 4997 ,
2533 4952 2744 5004 quaeso,
2799 4938 2869 4987 ita
2920 4936 3210 4990 crudeliter
3238 4938 3544 5006 duritcrque
3576 4943 3809 5002 vestris,

2275 5025 2467 5090 quibus
2504 5041 2599 5078 vos
2627 5033 2816 5077 natura
2849 5025 3066 5091 largiter
3091 5027 3258 5090 auxit,
3287 5027 3441 5080 bonis
3471 5030 3635 5082 abuti.
3671 5028 3808 5081 Nam

2275 5128 2302 5164 a
2333 5130 2413 5166 me
2437 5118 2647 5183 quidem
2675 5116 3099 5170 misericordiam
3125 5121 3406 5172 adversum
3436 5136 3524 5174 vos
3545 5125 3804 5174 aufertis:

2276 5218 2368 5257 vos
2407 5221 2532 5257 vero
2579 5207 2630 5258 in
2691 5206 3057 5272 turpissimam
3100 5225 3281 5262 necem
3334 5211 3690 5279 compingitis,
3742 5225 3810 5262 ac

2274 5291 2542 5345 maleficos
2572 5294 2814 5348 homines
2860 5294 3162 5357 imitamini,
3204 5297 3294 5364 qui
3346 5299 3540 5351 misere
3569 5300 3812 5351 volentes

2273 5380 2372 5448 ipsi
2427 5383 2528 5436 sibi
2577 5394 2804 5436 mortem
2851 5388 3216 5439 consciscunt.
3264 5389 3438 5455 Atque
3495 5387 3806 5455 hujusmodi

2271 5471 2481 5536 quidem
2516 5474 2678 5526 astuti
2700 5473 2896 5542 judicis
2927 5485 2978 5527 ct
3009 5479 3143 5529 ratio
3166 5485 3220 5529 et
3247 5478 3414 5528 oratio
3441 5474 3564 5527 fuit.

2341 5560 2475 5614 Xlll.
2505 5563 2641 5628 Quid
2673 5580 2795 5620 vero
2837 5566 2932 5620 viri
2991 5567 3266 5628 fortissimi
3303 5568 3760 5640 imprrtcrritique
3785 5572 3811 5625 ἲ
