4126 6332
248 328 360 391 793

1096 324 1373 387 ORATIO
1402 325 1497 385 DE
1536 327 1640 385 SS.
1670 323 1995 401 SAMONA,
2028 325 2272 389 GURIA
2310 330 2405 389 ET
2430 330 2676 395 ABIBO.

3342 340 3450 401 τρι

250 440 480 492 Easdem
513 437 549 491 ii
588 438 844 492 nimirum
874 435 939 490 ad
972 451 1093 491 eum
1126 435 1442 503 capiendum
1476 443 1619 487 artes
1641 433 1795 487 adhi-
1825 441 1869 494 Α
1899 436 2107 503 ahjccta
2147 452 2396 504 persona.
2423 429 2603 505 aperta
2647 440 2978 509 impudentia
3008 443 3061 498 in
3099 458 3284 500 necem
3327 464 3450 502 san-

250 538 450 589 puere,
496 527 694 597 quibus
742 527 911 582 fretus
962 526 1070 589 illc,
1116 540 1209 579 eos
1249 540 1307 578 se
1346 525 1470 577 dolo
1512 535 1793 590 capturum

248 617 521 684 sperabat.
557 616 690 671 Nam
723 618 853 686 quid
900 626 1002 680 est,
1031 616 1297 685 inquiunt.
1335 613 1477 683 quod
1518 622 1797 683 tantopere

245 722 274 757 a
298 703 587 761 .settletttia
626 716 807 761 nostra
836 719 933 758 uos
962 704 1135 757 valeat
1172 702 1485 755 dimovere?
1521 702 1793 770 Numquid

250 797 543 850 vehemens
578 797 808 851 fortasse
838 792 1103 847 instabilis
1139 792 1262 845 vita:
1300 791 1461 860 hujus
1489 792 1796 860 cupiditas?

246 882 355 936 Sed
378 885 634 954 quidnam
684 894 787 949 est,
836 897 1039 952 quaeso,
1075 897 1139 935 ex
1176 881 1451 944 omnibus,
1485 898 1605 950 quae
1638 882 1688 935 in
1730 896 1792 937 ea

248 974 518 1031 habentur
560 974 818 1043 jucunda,
856 986 964 1041 quo
1002 973 1217 1026 animus
1247 979 1430 1026 noster
1469 982 1633 1040 queat
1670 987 1793 1042 per-

246 1065 493 1118 moveri?
533 1064 723 1116 Annon
796 1060 1182 1115 animadvertis
1238 1059 1338 1114 ‘nos
1404 1060 1640 1129 optimos
1696 1075 1791 1115 vos

246 1162 413 1209 testes
442 1153 653 1212 habere,
688 1148 986 1218 cujusmodi
1022 1149 1124 1204 hoc
1150 1149 1239 1213 sit,
1262 1165 1371 1217 quo
1402 1165 1520 1203 sum
1554 1150 1792 1203 circum-

242 1242 497 1305 amictus,
553 1239 952 1307 corpusculum,
993 1254 1156 1308 quam
1220 1238 1560 1308 paucissimis
1607 1241 1671 1291 ad
1733 1253 1793 1292 se

239 1333 299 1385 in
342 1330 449 1384 vita
498 1329 756 1384 tuendum
803 1338 1155 1392 contentum,
1206 1338 1260 1383 et
1300 1328 1554 1397 expedito
1589 1328 1791 1382 Christi

244 1418 404 1472 militi
452 1432 711 1488 perquam
743 1416 937 1484 simile,
974 1418 1067 1486 qui
1101 1417 1166 1470 ad
1196 1418 1379 1470 omnia
1408 1416 1607 1470 tribuni
1637 1417 1789 1485 jussa

240 1508 592 1578 exsequenda
651 1509 719 1563 sit
750 1523 915 1577 quam
962 1508 1364 1575 paratissimus,
1418 1509 1621 1576 quique
1648 1508 1793 1561 velut

241 1613 406 1667 super
440 1597 754 1652 tenuissima
800 1607 949 1661 rate,
991 1598 1112 1650 vita
1138 1596 1300 1665 hujus
1347 1598 1566 1665 pelagus
1607 1606 1788 1651 trans-

246 1688 449 1750 mittat,
513 1700 584 1739 ne
619 1700 726 1754 qua
757 1700 816 1740 re
856 1696 1114 1756 gravante
1161 1684 1411 1753 impedita
1442 1685 1560 1749 illa,
1604 1699 1789 1738 neces-

240 1777 391 1832 sario
442 1791 659 1831 cursum
729 1776 934 1831 tardius
986 1776 1267 1831 eonliciat?
1325 1775 1479 1840 Unde
1542 1775 1708 1843 igitur
1758 1788 1786 1826 a
1818 1776 1866 1835 B

238 1867 506 1922 sententia
549 1881 635 1920 me
670 1881 787 1920 mea
833 1868 1037 1935 poteris
1087 1864 1377 1919 revocare?
1405 1864 1669 1932 quibusve
1696 1878 1791 1917 ca-

240 1972 370 2024 pere
423 1956 829 2019 blandimentis,
862 1964 920 2008 ut
966 1970 1052 2009 me
1100 1969 1185 2007 res
1215 1954 1337 2005 vita
1376 1952 1536 2019 hujus
1570 1966 1786 2019 permo-
1815 1957 1818 1959 λ

238 2055 422 2107 venut,
457 2044 547 2111 qui
584 2042 830 2095 maximae
860 2042 1005 2095 illius
1037 2040 1147 2109 jam
1186 2041 1320 2107 parti
1352 2051 1601 2091 mortuus
1626 2039 1791 2093 sum?

234 2132 438 2201 quippe
459 2133 548 2201 qni
574 2130 938 2199 voluptatibus
955 2128 1362 2182 contemnendis
1382 2129 1498 2195 ipse
1523 2128 1577 2180 in
1601 2128 1791 2180 volun-

240 2222 439 2273 tariam
476 2234 561 2274 me
602 2228 829 2273 mortem
873 2217 1210 2279 tradiderim,
1258 2226 1419 2285 atque
1446 2217 1549 2270 hoc
1576 2217 1787 2283 ipsum,

233 2305 383 2373 quod
413 2320 557 2359 nunc
589 2306 730 2367 vivo,
756 2320 821 2358 eo
852 2297 1026 2357 vivam
1051 2341 1067 2366 ,
1092 2305 1235 2372 quod
1260 2302 1379 2371 ejus
1410 2302 1653 2365 iniussu,
1692 2303 1787 2371 qui

236 2411 326 2449 me
354 2395 409 2447 in
438 2395 601 2448 vitam
630 2394 863 2455 induxit,
894 2393 1057 2447 nolim
1084 2394 1230 2445 exire
1252 2392 1318 2445 de
1347 2390 1787 2461 vita..Siquidcm

237 2499 365 2537 cum
402 2483 649 2553 jnbemur
709 2493 1050 2553 exspectare,
1088 2482 1215 2536 dum
1243 2482 1513 2536 vinculum
1538 2483 1730 2546 solvat,
1757 2498 1790 2538 a

233 2588 348 2640 quo
394 2575 647 2625 nimirum
696 2573 748 2625 in
785 2586 902 2624 eam
931 2570 1129 2626 fuimus
1158 2571 1367 2640 illigati.
1404 2571 1468 2623 Et
1500 2570 1650 2640 quid,
1686 2573 1785 2624 ob-

232 2679 395 2717 secro
413 2702 429 2729 ,
484 2678 659 2716 nonne
696 2663 798 2716 hoc
826 2675 1053 2716 summae
1082 2670 1225 2715 esset
1247 2662 1530 2714 dementia:
1548 2699 1562 2723 ,
1590 2661 1787 2727 quibus

229 2753 452 2821 juvenis
488 2752 740 2805 nuntium
788 2752 1143 2811 remisissem.
1186 2751 1269 2805 bis
1316 2750 1497 2803 denuo
1521 2751 1788 2818 cupidita-

233 2853 342 2895 tvm
376 2841 509 2893 velle
546 2840 778 2902 irritare,
806 2847 967 2906 atque
996 2854 1081 2897 ea.
1110 2854 1231 2905 qua:
1258 2836 1581 2905 jampridem
1612 2837 1787 2890 omni-

237 2931 362 2991 bus,
392 2928 485 2998 qui
517 2942 579 2981 ea
612 2927 827 2991 vellent,
862 2922 1035 2979 libens
1066 2926 1415 2987 dimisissem,
1454 2928 1638 2993 gratia
1670 2927 1785 2979 loco

233 3031 382 3070 nunc
415 3016 661 3085 cupidius
688 3014 975 3085 appetere?
1000 3019 1301 3083 praesertim
1327 3031 1447 3069 cum
1481 3015 1609 3069 illud
1639 3024 1785 3068 esset

233 3110 534 3171 incertum,
566 3122 634 3160 an
676 3106 766 3160 diu
814 3106 975 3160 simul
1016 3122 1077 3161 ac
1116 3122 1176 3159 ca
1205 3122 1379 3160 essem
1416 3106 1667 3174 adeptus,
1704 3106 1784 3159 eis

233 3200 366 3254 mihi
398 3213 587 3254 secure
630 3213 721 3266 per
750 3198 919 3250 otium
950 3198 1053 3250 frui
1086 3197 1287 3250 liceret.
1318 3196 1419 3251 Sed
1453 3208 1507 3250 ut
1538 3198 1783 3265 adempta

233 3302 460 3357 prorsus
494 3289 563 3342 sit
586 3288 763 3342 omnis
790 3288 857 3342 de
898 3288 997 3341 bac
1024 3304 1081 3341 re
1129 3288 1416 3353 dubitatio,
1452 3289 1591 3342 haud
1622 3287 1784 3340 dubie

234 3379 280 3429 is
326 3377 582 3445 degeneri
627 3376 981 3446 illiberalique
1020 3392 1081 3433 se
1121 3392 1246 3432 esse
1273 3380 1456 3431 animo
1499 3378 1781 3441 ostendat,

230 3471 325 3536 qui
382 3470 543 3524 rebus
588 3470 807 3525 uternis
842 3470 1073 3523 caducas
1105 3478 1431 3538 anteponat,
1463 3470 1779 3523 stabilibus-

230 3573 360 3625 que,
409 3572 473 3609 ac
506 3558 952 3625 permanentibus
994 3573 1077 3620 ea,
1120 3574 1241 3626 quae
1288 3559 1446 3611 citius
1498 3558 1777 3618 dimuunt,

229 3659 395 3709 quam
446 3645 741 3697 consistere
799 3644 1088 3711 potuerint.
1148 3643 1213 3695 Et
1259 3644 1400 3710 quod
1448 3647 1664 3711 quidem
1712 3645 1776 3695 ad

233 3746 321 3784 me
357 3731 569 3794 attinet,
602 3731 703 3785 hoc
736 3732 898 3783 modo
926 3746 941 3782 :
979 3732 1097 3794 Quo
1128 3740 1283 3797 parto
1313 3745 1437 3782 vero
1477 3732 1639 3782 etiam
1680 3732 1779 3783 Sa-

233 3837 453 3875 monam
514 3821 655 3875 hunc
705 3822 831 3891 (pro
881 3834 946 3874 eo
988 3835 1133 3871 enim
1185 3821 1391 3887 loquor,
1434 3822 1575 3888 quod
1625 3821 1669 3872 is
1722 3828 1776 3873 et

1903 534 2113 577 ctorum
2154 540 2391 594 praeceps
2431 527 2556 580 ruit.
2588 527 2819 582 Mirabili
2856 531 3023 597 igitur
3052 535 3305 591 incensus
3340 539 3450 591 ira-

1902 614 2119 678 cundia,
2153 614 2217 667 iis
2246 614 2490 669 celeriter
2521 618 2585 668 ad
2619 631 2679 668 se
2709 622 3013 684 accersitis,
3050 639 3283 691 quorum
3327 644 3416 681 mu
3437 658 3449 666 -

1902 718 2004 756 nus
2042 714 2125 757 est
2158 704 2458 759 istiusmodi
2498 706 2840 760 carnificinas
2877 724 3151 775 exercere,
3205 717 3446 777 mandat.

1901 802 1958 845 ut
2008 792 2135 846 fune
2172 794 2339 847 altera
2391 810 2551 847 manu
2606 794 2861 861 religatos
2899 807 3187 866 martyres,
3237 802 3327 855 diu
3375 805 3447 856 ita

1899 883 2162 937 sublimes
2190 891 2407 937 teneant
2442 901 2458 937 :
2492 883 2689 952 quibus
2718 894 3078 953 praaterquam
3109 891 3252 955 quod
3282 892 3450 945 tatius

1899 973 2139 1041 corporis
2165 972 2401 1041 pondere
2447 975 2646 1038 gravati
2681 974 3090 1038 divellebantur,
3119 979 3184 1029 ad
3225 980 3444 1047 majoris

1897 1066 2055 1114 etiam
2091 1071 2343 1131 pra-terea
2383 1077 2600 1116 sensum
2637 1063 2863 1133 doloris,
2915 1066 3309 1121 intolerandum
3348 1085 3442 1137 pe-

1897 1152 2054 1205 dibus
2077 1151 2248 1219 aptari
2286 1151 2500 1222 pondus
2516 1151 2688 1221 jubet.

1962 1279 2079 1336 XV.
2113 1281 2315 1336 Nornnt
2355 1282 2617 1353 plerique,
2640 1283 2757 1337 sed
2783 1285 3025 1337 omnium
3058 1286 3291 1339 maxime
3334 1302 3445 1341 me-

1895 1371 2087 1425 dicina:
2120 1372 2257 1425 artis
2298 1372 2492 1440 periti,
2528 1373 2623 1442 qui
2659 1383 2871 1427 natura:
2900 1390 3097 1430 arcana
3143 1377 3241 1445 ipsi
3275 1378 3444 1431 subti-

1896 1460 2000 1514 lius
2037 1460 2379 1528 indagarunt,
2435 1476 2597 1530 quam
2649 1462 3005 1519 intolerabilis
3038 1466 3182 1520 illius
3212 1468 3283 1521 sit
3315 1482 3442 1520 cru-

1895 1550 2069 1603 ciatus
2099 1550 2253 1603 dolor
2281 1550 2335 1604 in
2364 1553 2555 1619 quovis
2584 1553 2879 1618 animante,
2913 1556 2961 1609 si
2998 1565 3235 1610 extrema
3267 1558 3444 1626 aliqua

1894 1635 1976 1689 sui
2007 1644 2157 1704 parte
2185 1653 2506 1707 suspensum
2540 1648 2811 1705 teneatur,
2836 1651 2999 1711 atque
3032 1644 3086 1697 in
3116 1660 3234 1698 eam
3277 1660 3438 1699 unam

1893 1725 2204 1779 universum
2278 1729 2524 1796 corporis
2586 1730 2754 1783 totius
2815 1733 3029 1799 pondus
3089 1735 3366 1788 recumbat
3425 1750 3445 1788 :

1891 1811 2091 1879 quippe
2115 1828 2237 1865 cum
2260 1815 2465 1867 ossium
2491 1831 2778 1886 compages
2799 1820 2851 1870 in
2878 1835 2945 1871 eo
2970 1821 3097 1884 sint,
3132 1830 3189 1875 ut
3213 1823 3439 1890 jamjam

1889 1900 2251 1955 discindendae
2284 1902 2411 1965 sint,
2445 1904 2702 1973 nervique
2729 1907 2829 1973 ipsi
2864 1908 2972 1961 sint
2998 1920 3192 1977 praeter
3219 1915 3440 1966 modum

1889 1989 2129 2054 distenti,
2164 2001 2216 2045 et
2246 1992 2475 2046 musculi
2502 1993 2767 2057 distracti,
2797 2006 2847 2048 et
2883 2006 3029 2049 totus
3055 1999 3170 2067 ipse
3197 2004 3447 2068 corporis

1892 2090 2120 2134 truncus
2151 2088 2340 2145 su0pte
2362 2090 2520 2148 atque
2542 2082 2717 2136 alieno
2737 2084 2899 2135 etiam
2929 2086 3165 2153 pondere
3187 2089 3443 2145 diductus

1889 2167 2289 2237 constringatur
2331 2187 2344 2221 :
2382 2168 2576 2224 deinde
2616 2178 2743 2225 eum
2782 2176 3043 2228 naturalis
3094 2177 3289 2230 humor
3333 2193 3441 2231 una

1889 2270 2011 2309 cum
2067 2258 2289 2311 animali
2336 2260 2560 2328 spiritu,
2614 2277 2719 2329 qua
2777 2264 2991 2329 quidem
3043 2266 3094 2317 in
3144 2269 3441 2323 exteriores

1887 2356 2067 2414 partes
2093 2356 2423 2413 eoaretetur,
2460 2365 2563 2419 qua
2597 2365 2726 2405 vero
2751 2363 2971 2422 propter
2996 2365 3266 2409 meatuum
3303 2373 3438 2411 con-

1886 2436 2231 2504 stipationem
2253 2439 2432 2506 egredi
2463 2441 2832 2509 prohibeatur,
2856 2445 3070 2512 gravior
3091 2446 3144 2499 in
3168 2448 3439 2502 animante

1890 2525 2159 2578 excitatur
2182 2526 2387 2582 doloris
2419 2528 2518 2592 vis.
2550 2530 2689 2584 inter
2718 2539 2911 2587 uetera
2936 2534 3121 2587 omnia
3150 2536 3250 2590 hoc
3273 2539 3437 2591 etiam

1888 2612 2027 2680 ipso,
2082 2617 2224 2683 quod
2272 2616 2449 2670 exitus
2493 2619 2547 2671 in
2588 2618 2814 2673 elisione
2861 2622 3224 2688 praecluditur,
3266 2640 3441 2694 eoque

1886 2703 2080 2771 magis,
2100 2705 2145 2758 si
2165 2704 2426 2759 distensio
2452 2720 2571 2773 quis
2603 2706 2680 2769 fit,
2706 2723 2770 2761 ex
2797 2709 3060 2763 diametro
3091 2713 3321 2775 exsistit,
3345 2715 3440 2783 qui

1882 2790 2099 2856 quidem
2148 2790 2357 2856 longior
2393 2792 2731 2860 excogitatus
2780 2795 2871 2857 sit,
2916 2810 3081 2863 quam
3125 2799 3196 2851 sit
3227 2803 3436 2867 quaevis

1883 2888 2153 2932 rectarum
2181 2880 2411 2946 partium
2445 2881 2617 2934 media
2648 2882 2811 2935 linea.
2834 2881 2950 2937 Tali
2986 2884 3149 2952 igitur
3176 2895 3436 2958 tantoque

1886 2963 2104 3019 Satana:
2152 2968 2522 3022 ministrorum
2555 2970 2775 3023 solertia
2809 2985 3118 3041 comparato
3143 2984 3431 3039 tormento,

1806 3077 1852 3141 ο
1886 3070 2009 3109 cum
2044 3056 2097 3108 in
2128 3071 2192 3111 eo
2228 3072 2319 3125 per
2345 3058 2636 3112 dimidiatae
2670 3059 2775 3113 diei
2820 3064 3079 3129 spatium,
3110 3079 3280 3133 eoque
3319 3081 3432 3119 am-

1885 3145 2026 3214 plius
2083 3143 2157 3197 illi
2196 3153 2504 3201 constanter
2559 3163 3017 3217 perseverassent,
3070 3155 3159 3206 ubi
3200 3169 3256 3207 se
3297 3154 3429 3208 nihil

1886 3236 2145 3302 proficere
2200 3235 2398 3305 impius
2448 3237 2609 3307 judex
2646 3240 3045 3308 animadvertit,
3086 3260 3115 3297 a
3168 3247 3433 3313 supplicio

1884 3326 2097 3380 tandem
2132 3328 2382 3393 relaxari,
2414 3342 2575 3398 atque
2606 3332 2659 3384 in
2687 3332 3128 3388 obscurissimum
3161 3352 3430 3390 carcerem

1883 3421 2022 3473 trudi
2074 3432 2347 3489 martyres
2377 3421 2561 3491 jubet,
2604 3424 2787 3492 ibique
2819 3426 3072 3478 diuturna
3122 3442 3215 3480 eos
3257 3429 3429 3481 inedia

1882 3511 2165 3563 macerari.
2203 3509 2336 3563 Tum
2369 3513 2595 3580 quaestio
2625 3528 2925 3575 rursus,,et
2968 3522 3237 3569 tormenta
3274 3519 3430 3582 longe

1879 3600 2132 3652 omnibus
2173 3600 2259 3665 iis,
2309 3616 2429 3668 quae
2475 3611 2887 3670 praecesserant,
2923 3605 3172 3671 graviora
3230 3605 3427 3658 imma-

1879 3691 2159 3756 nioraque.

1944 3836 2080 3890 XVI.
2114 3837 2379 3892 Cmterum
2411 3840 2626 3894 Curiam
2678 3842 2803 3906 ille,
2837 3853 3024 3911 utpote
3062 3854 3116 3899 et
3150 3855 3424 3901 senectute

231 3910 398 3963 animi
429 3925 711 3973 sensuum,
753 3919 805 3963 rt
839 3909 1105 3977 praeclarae
1129 3908 1287 3976 hujus
1326 3908 1774 4001 percgrinationis
1870 3927 1975 3992 iam
2008 3937 2062 3980 ει
2104 3926 2300 3989 inedia,
2346 3927 2514 3990 etiis,
2547 3944 2686 3996 quos
2736 3908 2915 3995 paulo-
2940 3942 3065 3985 ante
3107 3935 3418 4001 pertulerat,

231 4004 364 4054 mihi
394 4002 574 4056 sucius
602 4000 707 4072 est)
738 4017 767 4054 a
794 4016 926 4055 sano
950 4015 1049 4055 suo
1079 4000 1242 4054 animi
1271 3999 1547 4069 preposito
1576 4000 1772 4067 poteris

228 4110 459 4147 avocare
476 4094 501 4146 ?

300 4184 442 4238 XIV.
471 4183 625 4239 Dices
654 4184 903 4248 fortasse,
929 4200 1037 4239 non
1062 4184 1345 4239 convenire
1379 4182 1768 4237 adolescentem

228 4284 393 4329 aetate
438 4255 678 4342 integra,
726 4285 780 4328 et
826 4275 1031 4329 viribus
1074 4277 1313 4343 corporis
1357 4272 1769 4335 valentissimis,

1873 4017 2199 4073 cruciatibus
2251 4034 2384 4087 pene
2419 4018 2746 4083 confectum,
2771 4021 2956 4073 statuit
2986 4028 3265 4077 tormentis
3296 4040 3417 4077 am-

1873 4107 2011 4174 plius
2044 4124 2149 4162 non
2191 4108 2466 4171 divexare,
2524 4124 2609 4173 ne,
2660 4109 2703 4162 si
2744 4109 2793 4162 id
2851 4112 3020 4174 ﬁeret,
3053 4110 3416 4171 animam’iﬂe

1873 4199 2009 4251 inter
2048 4208 2331 4264 tormenta,
2375 4202 2685 4271 priusquam
2718 4201 2976 4255 voluisset
3011 4204 3142 4271 ipse,
3176 4215 3230 4259 et
3254 4207 3432 4263 lentis.

1868 4304 1989 4340 cum
2052 4289 2226 4357 poenis
2259 4289 2543 4354 affecisset,
2582 4292 2904 4358 exspiraret,
2940 4301 3099 4361 atque
3123 4294 3225 4349 hoc
3256 4296 3415 4349 modo

228 4362 443 4414 vivendi
475 4364 633 4413 linem
663 4362 858 4427 facere,
892 4370 945 4415 et
976 4372 1102 4416 ante
1132 4362 1481 4429 praestitutam
1516 4362 1621 4415 sibi
1649 4361 1770 4413 vita:
1800 4386 1821 4435 ι

1884 4392 1967 4443 spe
2019 4378 2189 4445 ipsum
2244 4380 2478 4432 maxima
2530 4379 2855 4433 deturbaret.
2909 4380 3186 4448 Siquidem
3224 4383 3414 4435 existi-

228 4454 408 4513 diem,
458 4451 524 4503 de
575 4452 681 4503 vita
721 4451 853 4503 velle
905 4454 1182 4504 decedere.
1240 4452 1449 4514 Fateor,
1500 4453 1639 4519 viget
1684 4452 1772 4502 ille

231 4540 449 4611 quidem
474 4548 649 4599 aelate.
676 4540 766 4593 sed
799 4538 908 4593 Deo
930 4540 1090 4607 viget,
1122 4540 1262 4591 unde
1288 4549 1341 4593 et
1364 4541 1597 4607 vigorem
1621 4540 1768 4590 illum

232 4629 443 4698 accepit
479 4645 495 4681 :
528 4629 669 4697 viget
709 4627 834 4681 item
872 4627 1097 4688 viribus,
1131 4625 1223 4679 sed
1253 4624 1356 4678 hoc
1389 4640 1603 4692 quoque
1636 4625 1771 4676 inter

232 4735 323 4775 res
347 4721 581 4772 maxime
609 4716 907 4771 laudabiles
938 4726 1039 4778 est,
1065 4730 1183 4783 qua:
1206 4724 1360 4767 δείδιε
1390 4722 1515 4767 sunt
1543 4714 1767 4780 integra,

230 4821 282 4864 et
312 4810 522 4865 viribus
553 4810 744 4874 firmis,
769 4824 830 4864 ea
860 4809 936 4862 illi
962 4808 1173 4871 oll‘crre,
1204 4806 1287 4860 cui
1317 4815 1469 4858 vetus
1497 4808 1656 4856 etiam
1687 4804 1769 4855 lex

227 4907 435 4967 gratam
460 4900 727 4952 victimam
750 4899 924 4963 oﬂ‘ert,
962 4898 1182 4951 vitulum
1222 4895 1510 4957 novellum,
1534 4902 1588 4947 et
1614 4902 1767 4946 :ctate

228 4989 547 5050 ﬂorentem,
590 4988 843 5042 cornibus
885 5004 1027 5043 nunc
1059 4987 1344 5056 primulum
1378 5000 1434 5039 se
1471 4982 1613 5037 foras
1653 4992 1765 5035 tru-

229 5074 501 5138 dentibus,
526 5084 579 5128 et
600 5077 812 5144 ungulis
831 5079 1104 5131 decorum.
1130 5078 1274 5131 Talis
1293 5077 1449 5129 etiam
1484 5076 1765 5137 Samonas,

231 5165 326 5217 tali
376 5164 536 5217 etiam
574 5165 820 5219 similiter
855 5166 1187 5232 immoletur,
1226 5167 1431 5221 ﬂorenti
1474 5166 1766 5217 etiamnum

228 5263 409 5315 :etate,
458 5261 514 5306 et
558 5254 743 5307 nitenti
780 5255 914 5310 facie
952 5274 967 5309 :
1010 5275 1114 5311 non
1144 5269 1317 5312 autem
1350 5258 1401 5309 in
1443 5265 1766 5309 senectutem

226 5347 339 5413 jam
369 5352 633 5411 vergente,
662 5357 727 5395 ne
757 5341 984 5398 fortasse
1020 5348 1165 5415 rugis
1202 5352 1373 5411 etiam,
1394 5344 1765 5397 insidiantium

233 5436 393 5489 nobis
444 5446 707 5486 annorum
752 5442 1061 5500 corruptus,
1100 5437 1326 5489 victima:
1358 5436 1503 5489 vitiet
1551 5434 1766 5503 integri-

233 5536 419 5579 tatem.
452 5525 546 5579 llis
574 5522 791 5584 auditis,
824 5531 1034 5578 astutus
1061 5524 1147 5578 ille
1177 5540 1242 5579 ac
1272 5535 1552 5590 veterator,
1589 5524 1768 5579 confe-

228 5618 355 5670 stim
390 5630 561 5685 spem,
601 5629 758 5685 quam
790 5625 1137 5681 conceperat,
1167 5614 1364 5669 amisit.
1405 5615 1761 5679 Quamobrem

1879 4466 2061 4517 malint
2118 4482 2175 4518 se
2220 4468 2365 4518 illum
2398 4472 2617 4521 omnino
2667 4470 2958 4534 aliquando
3011 4479 3304 4533 tentatum,
3355 4472 3408 4522 in

1872 4560 2182 4618 potestatem
2213 4569 2365 4607 suam
2397 4556 2759 4613 redacturum,
2783 4555 2981 4621 quippe
3012 4566 3106 4607 aut
3137 4556 3407 4612 blanditiis
3491 4569 3495 4571 ‘

1870 4640 2166 4691 emollitum
2209 4650 2300 4691 aut
2338 4642 2618 4693 tormentis
2647 4641 2875 4693 fractum
2917 4643 2981 4694 iri
3014 4629 3223 4698 aiiimns
3252 4645 3369 4714 ejus
3391 4687 3405 4709 ,

1870 4737 1962 4781 aut
1986 4730 2214 4796 denique
2248 4729 2359 4783 fore
2412 4741 2487 4793 ut,
2524 4747 2645 4784 cum
2675 4732 2894 4794 videret,
2926 4736 3123 4802 quibus
3156 4738 3243 4791 alii
3286 4754 3408 4791 crn-

1870 4818 2098 4873 ciatibus
2116 4819 2469 4882 adicerentur,
2499 4822 2671 4876 alieno
2691 4824 2928 4891 periculo
2946 4826 3196 4889 disceret,
3219 4845 3408 4895 quem-

1870 4904 2156 4958 admodum
2201 4922 2296 4961 eos
2344 4910 2474 4976 ipse,
2530 4911 2781 4965 mutanda
2848 4916 3109 4967 sententia
3168 4932 3283 4976 sua,
3316 4916 3407 4968 de-

1870 4995 2108 5051 clinaret.
2154 4996 2344 5053 Verum
2390 5000 2675 5055 Samonam
2697 5043 2711 5065 ,
2751 5005 2893 5071 quod
2922 5021 3043 5059 eum
3076 5015 3127 5058 et
3154 5007 3400 5072 juvenem

1870 5084 2092 5150 videret,
2140 5098 2193 5142 et
2226 5091 2525 5152 robustum,
2581 5098 2845 5145 tormento
2887 5091 3062 5145 denuo
3102 5088 3402 5156 aggreditur

1868 5176 2133 5231 atrociore
2172 5178 2355 5245 longe,
2408 5188 2460 5230 et
2507 5195 2669 5247 supra
2714 5195 2874 5247 quam
2925 5178 3027 5231 dici
3069 5176 3401 5243 cogitarique

1867 5265 2056 5330 possit,
2106 5265 2327 5332 majore,
2374 5281 2533 5333 quam
2574 5276 2749 5319 antea.
2789 5265 2920 5317 Nam
2958 5280 3022 5317 ex
3062 5264 3229 5316 altero
3268 5264 3401 5331 pede

1866 5353 2143 5422 capiteque
2164 5369 2285 5408 eum
2314 5356 2593 5409 sublimem
2617 5364 2894 5415 statutum,
2918 5352 3150 5418 pondere
3172 5352 3397 5405 alterum

1869 5439 1992 5494 ferri
2022 5441 2319 5496 incredibili
2352 5445 2401 5496 in
2432 5444 2699 5497 diversum
2727 5441 2953 5503 distrahi
2981 5439 3173 5504 jussit,
3202 5441 3401 5509 quippe

1864 5530 1949 5585 cui
1979 5543 2183 5584 certum
2213 5540 2385 5594 esset,
2436 5532 2583 5584 illum
2617 5544 2838 5597 prorsus
2882 5530 2984 5582 hoc
3020 5530 3180 5582 modo
3207 5545 3393 5597 quam-

1864 5620 2093 5689 primum
2127 5620 2259 5673 velle
2313 5621 2634 5685 discerpere.
2677 5615 2752 5672 Ex
2800 5634 2911 5686 quo
2954 5618 3168 5688 quidem
3199 5620 3392 5677 laetum
