4126 6332
783 336 889 397 799

1580 327 1896 387 ΔΒΕἸἮᾸΞ
1934 324 2302 387 ΟΕΞΑΗΕᾸΞ
2341 323 2808 385 CAPPADOCLE
2858 322 3191 384 EPISCOPI

3842 322 3954 389 800

857 440 938 493 Tu
966 452 1090 490 vero
1127 434 1322 504 quibus
1348 446 1411 487 ex
1454 434 1616 486 rebus
1662 448 1930 486 summam
1966 446 2158 501 capere
2190 431 2322 483 Izcti-
2354 437 2396 491 Α
2424 444 2593 497 eaque
2641 432 2753 497 ipse
2796 438 3176 498 persecuturus
3221 430 3595 485 tantummodo
3631 416 3757 501 qua
3782 435 3855 489 ab
3878 448 3951 492 eo

789 527 919 579 tiam
958 524 1137 585 debes,
1173 522 1242 574 ob
1271 535 1361 572 eas
1393 519 1679 573 dolendum
1709 519 1804 570 tibi
1833 529 1884 570 et
1914 516 2314 570 lamentandum

791 612 984 679 putas?
1030 610 1189 677 Atqui
1239 622 1409 675 neque
1455 608 1561 659 Deo
1613 614 1762 674 grata
1808 613 1934 659 sunt
1978 605 2098 669 ista,
2145 618 2319 672 neque

790 698 1078 766 Euthymio
1130 696 1473 750 conveniunt.
1524 693 1763 747 Tametsi
1824 693 1967 747 enim
2030 695 2181 746 visus
2237 701 2319 745 est

792 788 961 841 ocuiis
987 785 1348 853 insipientium
1378 783 1513 835 mori
1550 783 1642 849 (ut
1670 791 1753 835 est
1782 782 1837 835 in
1862 781 2032 835 sacris
2063 778 2315 845 Litteris)
2366 814 2369 815 ν

793 887 847 929 et
896 877 1194 929 existimata
1227 882 1309 927 est
1339 872 1558 924 atllictio
1591 870 1768 923 exitus
1796 870 1936 947 ejus,
1966 877 2020 923 et
2051 869 2317 921 discessus

792 977 823 1015 a
878 962 1029 1016 nobis
1082 961 1361 1023 contritio;
1421 960 1774 1012 nihilominus
1813 968 1988 1011 tamen
2047 971 2190 1010 nunc
2236 964 2320 1009 est

793 1050 845 1102 iu
889 1064 1037 1117 p'ce,
1071 1049 1323 1116 quoniam
1357 1047 1496 1099 Deus
1525 1048 1672 1099 illum
1714 1046 1969 1110 suscepit,
2001 1044 2221 1098 tentavit
2253 1044 2319 1096 il-

794 1137 902 1188 lum
929 1146 979 1188 et
1022 1136 1222 1188 invenit
1261 1135 1483 1202 dignum
1517 1150 1605 1199 se;
1637 1144 1889 1203 tanquam
1918 1149 2103 1187 aurum
2134 1134 2183 1185 in
2212 1132 2320 1184 for-

792 1240 921 1278 nace
972 1225 1213 1293 probavit
1247 1225 1418 1287 illum,
1452 1235 1503 1277 ct
1535 1226 1687 1292 quasi
1733 1225 2101 1277 holocaustum
2137 1222 2320 1274 hostire

795 1313 1000 1379 accepit
1032 1312 1213 1377 illum;
1255 1316 1415 1381 atque
1452 1315 1521 1364 ob
1565 1327 1682 1364 eam
1719 1325 1937 1365 causam
1981 1311 2036 1363 in
2084 1318 2321 1374 tempore

793 1406 953 1454 etiam
1020 1402 1337 1456 visitationis
1404 1402 1725 1468 splendebit,
1789 1398 2005 1467 quando
2079 1394 2323 1448 videlicet

794 1503 979 1541 omnes
1022 1490 1152 1555 justi
1202 1488 1476 1554 fulgebunt
1510 1497 1569 1539 ut
1602 1488 1701 1547 sol,
1743 1486 2055 1539 clarissimae
2102 1484 2207 1537 luci
2244 1482 2320 1536 illi

795 1573 1132 1639 conjunctus,
1152 1574 1490 1638 tenebrisque
1507 1588 1570 1625 ac
1590 1574 1816 1641 caligine
1833 1587 1955 1640 pars
1968 1574 2031 1624 ad
2050 1570 2320 1624 sinistram

797 1662 964 1729 posita
1006 1656 1489 1721 circumfundetur;
1526 1660 1795 1727 stabitque
1830 1660 2010 1726 justus
2067 1658 2322 1711 adversus

2421 527 2568 587 gesta
2598 526 2721 573 sunt
2749 527 2957 587 postea.

2504 605 2740 659 Habebat
2769 622 2833 659 ex
2878 620 2944 660 eo
2969 614 3203 674 tempore
3234 620 3396 676 penes
3426 620 3487 662 se
3512 608 3864 666 celeberrima
3892 621 3959 665 et

2421 695 2566 764 regia
2596 695 2709 751 haec
2736 694 2926 749 civitas
2957 696 3215 749 illustrem
3246 707 3490 750 nostrum
3518 699 3665 751 hunc
3688 700 3947 767 pugilem.

2421 784 2511 853 qui
2561 799 2683 839 cum
2722 784 2947 852 benigne
2994 799 3023 837 a
3055 784 3278 852 privatis
3322 784 3557 853 hospitio
3595 787 3950 855 reciperetur,

2423 873 2713 927 mercedem
2741 887 2858 926 eam
2887 873 3063 927 collati
3098 874 3152 926 in
3180 888 3240 939 se
3264 873 3334 940 ab
3361 873 3494 941 ipsis
3516 873 3675 929 oﬂcii
3697 876 3951 929 omnibus

2422 962 2760 1029 rependebat,
2788 976 2945 1030 quam
2972 963 3184 1031 assequi
3212 962 3336 1015 illos
3369 962 3614 1029 decebat,
3649 962 3745 1031 qui
3772 964 3948 1016 virum

2421 1050 2708 1104 virtutibus
2734 1050 2865 1103 adeo
2892 1050 3258 1115 excellentem,
3287 1050 3511 1104 comiter
3531 1050 3953 1119 humaniter-que

2423 1146 2731 1191 tractarent.
2783 1138 3005 1201 Quando
3046 1138 3239 1193 mulier
3289 1137 3450 1193 etiam
3497 1139 3589 1193 illa
3646 1138 3951 1206 εει-φειδ

2424 1228 2599 1279 meriti
2630 1226 2770 1293 quod
2802 1227 2855 1279 iu
2883 1226 3049 1279 Etiam
3088 1227 3239 1279 illum
3271 1224 3584 1281 Thesbiten
3616 1226 3950 1287 contulerat,

2423 1310 2600 1363 debita
2644 1309 2885 1364 mercede
2927 1308 3169 1362 fraudata
3200 1324 3306 1362 non
3348 1309 3484 1374 fuit;
3518 1310 3787 1379 siquidem
3827 1322 3956 1378 pro-

2423 1408 2603 1466 pterea
2634 1397 2775 1466 quod
2805 1398 2975 1451 amice
3018 1398 3165 1450 illum
3196 1398 3433 1465 hospitio
3460 1405 3797 1465 susceperat,
3832 1412 3955 1449 aru-

2425 1488 2593 1556 pliora
2643 1488 2692 1539 ei
2738 1487 2997 1540 divinitus
3040 1486 3106 1540 ad
3161 1487 3325 1539 vitam
3371 1486 3667 1555 degendam
3714 1486 3953 1539 vicissim

2427 1578 2623 1630 tributa
2657 1574 2805 1629 fuere
2846 1576 3112 1643 praesidia.
3159 1573 3402 1628 Celebris
3449 1574 3559 1640 jam
3610 1588 3956 1642 quoquover—

2428 1681 2544 1719 sum
2571 1664 2801 1717 nominis
2821 1663 2938 1732 ejus
2966 1663 3105 1715 fama
3138 1652 3547 1730 pervagabatur.
3571 1660 3757 1729 Neque
3781 1661 3956 1721 citius,

796 1762 889 1799 eos
918 1746 1007 1814 qui
1047 1758 1105 1799 se
1143 1744 1606 1814 augustiaverunt,
1650 1746 1694 1800 si
1729 1747 1855 1814 quid
1886 1745 2067 1797 divino
2102 1743 2325 1797 creden-
2352 1733 2398 1791 B
2427 1764 2482 1809 υι
2535 1754 2791 1807 Dominus
2832 1752 2927 1813 εει,
2976 1751 3234 1804 abscondi
3280 1764 3441 1816 supra
3497 1758 3733 1802 montem
3773 1749 3956 1817 posita

794 1836 920 1890 dum
973 1846 1054 1888 est
1104 1835 1389 1903 prophetae,
1437 1835 1526 1902 qui
1588 1835 1848 1903 supplicia
1907 1834 2103 1901 quibus
2147 1840 2327 1899 postea

795 1924 1059 1993 plectcndi
1109 1938 1205 1991 pro
1257 1922 1463 1977 meritis
1522 1922 1765 1990 injuriosi
1809 1921 2053 1975 homines
2104 1918 2326 1980 fuerint,

795 2015 1081 2069 describit.
1238 2004 1240 2006 ⁷

864 2097 1059 2152 Verum
1105 2099 1246 2152 enim
1296 2099 1422 2169 quid
1464 2108 1545 2152 est
1587 2098 1785 2150 borum
1828 2094 2154 2163 huiusmodi,
2182 2090 2327 2161 quod

796 2188 1048 2241 lamentis
1089 2188 1513 2256 prosequamur?
1554 2186 1681 2249 Quze
1715 2183 1871 2237 istius
1928 2199 2047 2250 qum
2093 2197 2191 2235 nos
2236 2196 2328 2234 oc-

796 2278 1010 2345 cupavit
1058 2278 1288 2330 tristitia:
1332 2290 1538 2339 causa,
1595 2273 1807 2326 undcve
1862 2281 2039 2324 tantus
2089 2271 2190 2324 iste
2236 2272 2325 2338 qui

799 2381 1011 2422 nostros
1069 2367 1277 2418 animos
1330 2364 1515 2430 atlligit
1576 2362 1805 2414 maeror?
1863 2361 2168 2428 potiusque.
2200 2358 2328 2425 quid

800 2458 940 2524 quod
978 2472 1081 2507 non
1133 2454 1489 2508 sanctissimae
1542 2453 1701 2519 hujus
1748 2452 1846 2503 viri
1888 2451 2081 2503 animm
2130 2448 2329 2501 conve-

803 2544 952 2597 niat?
983 2541 1247 2609 Quodque
1277 2556 1382 2593 non
1416 2539 1668 2591 laudabili
1710 2540 1873 2591 totius
1918 2537 2037 2603 ejus
2059 2538 2179 2588 vitae
2206 2550 2331 2588 cur-

803 2633 975 2686 riculo
1012 2646 1180 2699 usque
1214 2632 1280 2682 ab
1310 2627 1645 2681 incunabulis
1676 2625 2039 2694 respondeat?

870 2722 1079 2789 Quippe
1109 2719 1252 2771 enim
1295 2717 1591 2770 Seleuciam
1624 2715 1710 2768 ille
1740 2715 1925 2768 habuit
1950 2722 2193 2775 matrem,
2213 2725 2332 2779 quae

802 2812 1012 2876 generis
1051 2808 1443 2862 necessitudine
1502 2805 1818 2871 Gregorium
1871 2801 2109 2856 divinum
2160 2801 2328 2853 virum

802 2902 950 2953 illum
1008 2901 1310 2966 attingeret,
1372 2911 1529 2965 quem
1578 2896 1802 2948 alterum
1866 2892 2329 2959 Thaumaturgum

807 3003 1000 3055 magno
1056 3002 1154 3039 suo
1205 2987 1344 3039 bono
1377 2995 1507 3038 astas
1551 2998 1614 3037 ea
1655 2984 1793 3045 tulit,
1836 2996 1953 3049 qua:
1994 2981 2129 3033 hanc
2171 2978 2329 3045 paulo

802 3086 925 3131 ante
948 3088 1179 3127 nostrain
1203 3074 1490 3142 praecessit,
1516 3084 1692 3125 ortum
1724 3072 1895 3137 ipsum
1920 3082 2130 3135 queque
2144 3082 2207 3120 ex
2228 3065 2327 3119 De-

804 3165 974 3233 capoli
1009 3162 1255 3224 lsaurim;
1284 3174 1575 3225 verumque
1607 3173 1727 3209 esse
1759 3157 1959 3208 dictum
1992 3154 2116 3205 illud
2151 3152 2335 3207 docuit

806 3260 859 3303 et
900 3248 1236 3301 conﬁrmavit
1270 3265 1283 3298 :
1325 3246 1610 3298 Generatio
1658 3253 1923 3294 rectorum
1972 3240 2333 3292 benedicctur.

814 3339 1073 3404 Exceptis
1106 3350 1228 3387 vero
1267 3349 1389 3384 mox
1424 3342 1503 3383 est
1533 3333 1601 3382 ab
1636 3329 1878 3397 Olympo.
1925 3326 2337 3393 prmclarissimo

805 3425 1121 3478 Christianae
1149 3420 1441 3484 disciplina:
1478 3416 1763 3468 domicilio.
1796 3412 1943 3465 Unde
1975 3421 2092 3477 post
2123 3412 2174 3461 in
2218 3424 2336 3461 mo-

808 3513 1101 3566 nasterium
1149 3516 1230 3561 est
1275 3507 1521 3565 traditus,
1571 3504 1709 3569 quod
1754 3499 1926 3553 estad
1960 3500 2134 3551 sinum
2183 3498 2338 3549 Asta-

808 3615 1020 3661 cenum,
1051 3598 1138 3651 ubi
1168 3595 1413 3649 similiter
1447 3606 1662 3661 quoque
1686 3590 1900 3659 egregie
1925 3588 2178 3643 certando
2204 3604 2339 3657 prm-

807 3691 949 3742 clara
978 3687 1093 3756 ejus
1131 3687 1299 3739 virtus
1333 3684 1547 3738 enituit.

877 3780 1141 3829 Caeterum
1180 3791 1297 3844 quae
1331 3774 1430 3829 sibi
1497 3773 1585 3825 ille
1636 3780 1828 3840 tropaea
1880 3769 2193 3837 singillatim
2242 3766 2338 3821 ad-

805 3882 993 3921 ‘I'CISUS
1018 3880 1356 3920 communem
1400 3864 1639 3916 omnium
1686 3871 1926 3914 nostrum
1972 3858 2333 3912 adversarium

804 3956 1047 4017 erexerit,
1074 3969 1296 4022 quasque
1323 3967 1387 4005 ex
1414 3952 1479 4004 iis
1506 3954 1557 4003 in
1582 3952 1777 4019 quibus
1810 3951 2126 4003 excellenter
2150 3947 2337 3999 admo-

805 4049 931 4099 dum
959 4061 1014 4098 se
1035 4046 1197 4113 gessit
1229 4042 1612 4096 certaminibus
1645 4042 1900 4105 praeclara
1932 4038 2168 4089 victoria:
2205 4038 2334 4088 insi-

806 4136 926 4199 gnia
976 4132 1289 4200 reportarit,
1345 4144 1528 4182 eorum
1581 4129 1821 4179 omnium
1869 4125 2339 4177 commemoratioo

808 4238 929 4273 ncm
963 4221 1066 4271 illis
1092 4234 1208 4271 sum
1245 4218 1551 4274 relicturus.
1580 4214 1671 4280 qui
1698 4213 1797 4279 ipsi
1830 4212 2014 4263 invicti
2041 4211 2136 4261 viri
2179 4210 2337 4277 hujus

2424 1841 2609 1896 civitas
2639 1848 2828 1906 potest.
2868 1839 3002 1893 Hinc
3025 1840 3076 1891 in
3103 1837 3245 1905 regis
3276 1836 3519 1890 notitiam
3559 1838 3825 1903 pervenit,
3855 1838 3959 1887 mi-

2424 1938 2571 1980 ratur
2593 1928 2801 1981 virtutis
2834 1927 2950 1994 ejus
2982 1924 3245 1993 egregiam
3263 1924 3493 1977 indolem
3514 1960 3533 1985 ,
3563 1924 3807 1983 amicum
3856 1921 3959 1975 sibi

2425 2014 2571 2067 illum
2608 2013 2870 2081 adjungit,
2904 2026 2967 2065 ac
3005 2010 3322 2080 patriarcha
3342 2008 3436 2078 qui
3462 2017 3579 2062 erat
3611 2023 3681 2063 eo
3709 2016 3965 2075 tempore

2422 2100 2859 2155 contubernalem
2890 2098 3037 2152 facit.

2494 2190 2642 2244 Haud
2680 2190 2750 2243 ita
2795 2189 2962 2244 multo
2994 2196 3116 2257 post
3151 2186 3441 2241 vehemens
3478 2182 3775 2239 Ecclesiam
3818 2190 3961 2235 tem-

2423 2291 2599 2349 pestas
2618 2280 2831 2341 invasit,
2850 2293 3009 2355 quam
3027 2277 3168 2347 ejus,
3200 2278 3253 2330 in
3278 2277 3436 2343 cujus
3462 2282 3576 2328 tum
3602 2287 3771 2326 manu
3798 2258 3962 2326 erant

2424 2368 2802 2435 gubernacula,
2861 2367 3165 2437 arrogantia
3192 2366 3490 2420 excitarat:
3524 2364 3578 2417 in
3604 2376 3715 2431 quo
3737 2361 3959 2429 quidem

2427 2458 2656 2512 tumultu
2700 2472 2825 2511 cum
2875 2465 3060 2511 auctor
3103 2457 3222 2525 ejus
3253 2454 3343 2508 ille
3370 2453 3467 2522 qui
3499 2451 3675 2505 fuerat
3708 2450 3955 2503 animum

2426 2546 2828 2612 despondisset,
2859 2546 3103 2612 sacrique
3127 2544 3212 2597 sui
3242 2542 3459 2596 honoris
3476 2539 3683 2608 repudii
3715 2538 3958 2591 Iibellu

2426 2633 2683 2687 Ecclesia:
2712 2632 2966 2693 dedisset,
2989 2631 3163 2683 malus
3195 2631 3335 2683 male
3369 2628 3521 2682 abiit.
3570 2625 3775 2680 Aderat
3819 2638 3964 2678 unus

2429 2720 2474 2772 is
2524 2729 2634 2773 tum
2690 2719 2935 2784 idoneus,
2982 2718 3075 2786 qui
3138 2718 3413 2771 desertum
3458 2715 3511 2769 id
3549 2715 3619 2768 ab
3649 2729 3716 2767 eo
3760 2728 3965 2767 manus

2428 2811 2747 2877 susciperet.
2783 2808 2913 2873 Quis
2950 2808 3092 2862 enim
3126 2819 3215 2869 eo,
3239 2807 3331 2875 qui
3361 2805 3503 2873 apud
3528 2818 3721 2857 omnes
3756 2802 3962 2856 eratin

2432 2897 2623 2966 gratia,
2671 2898 2840 2966 magis
2888 2895 2979 2964 qui
3026 2895 3078 2949 ei
3123 2895 3333 2947 muneri
3375 2892 3731 2961 przﬁceretur
3774 2900 3963 2959 aptus,

2431 2990 2707 3055 magisque
2756 2987 2948 3054 dignus
2996 2992 3207 3053 poterat
3249 2982 3516 3051 judicari?
3563 2982 3637 3033 Ex
3679 2994 3789 3048 quo
3832 2993 3967 3033 sam

2435 3082 2628 3134 factum
2683 3086 2766 3131 est
2816 3086 2874 3128 ut
2926 3075 3067 3141 quod
3101 3073 3223 3127 aliis
3271 3071 3454 3124 multis
3490 3085 3591 3124 usu
3634 3084 3745 3123 non
3788 3068 3964 3128 venit,

2434 3168 2686 3236 sulfragio
2739 3166 3020 3228 universre,
3048 3176 3191 3231 'quc
3232 3162 3335 3215 sub
3377 3161 3517 3213 caelo
3567 3168 3669 3222 est,
3706 3157 3967 3210 Ecclesia:

2433 3256 2672 3308 delectus
2725 3253 2815 3313 sit,
2871 3252 2962 3318 qui
3006 3248 3649 3314 Constantinopolitanam
3698 3247 3843 3297 bane
3881 3260 3968 3296 re-

2435 3342 2657 3409 gendam
2699 3338 3007 3403 susciperet.
3044 3334 3439 3387 Animadvertis
3480 3333 3657 3398 qualis
3683 3333 3753 3383 sit
3783 3333 3887 3383 iste
3914 3340 3969 3383 et

2438 3437 2671 3496 quantus
2718 3426 2820 3489 vir,
2844 3433 2897 3477 et
2924 3422 3223 3492 cujusmodi
3254 3420 3486 3489 pramiis
3506 3420 3578 3471 ob
3604 3419 3823 3471 virtutis
3848 3415 3969 3483 eius

2435 3513 2796 3583 praestantiam
2829 3510 3085 3565 afﬁcitur?
3116 3508 3219 3563 Sed
3244 3509 3333 3574 qui
3359 3522 3424 3561 ea
3466 3507 3713 3575 persequi
3752 3517 3965 3574 praeco,

2436 3619 2552 3668 quae
2584 3610 2711 3656 sunt
2754 3586 3005 3668 deinceps
3052 3598 3273 3653 secuta?
3303 3595 3637 3649 Nclariorum
3682 3596 3965 3648 hominum

2438 3693 2715 3754 invidiam,
2776 3692 2970 3746 caedem
3029 3688 3097 3742 ab
3144 3686 3321 3755 impiis
3355 3685 3573 3747 factam,
3631 3684 3851 3737 crudele
3902 3697 3967 3736 ac

2434 3782 2721 3836 violentum
2760 3777 3045 3845 judicium,
3072 3773 3345 3843 judicibus
3375 3770 3499 3845 iisA(
3518 3786 3551 3824 ο
3577 3768 3847 3838 justitiam
3882 3769 3967 3819 di—

2436 3872 2635 3932 vinam,
2666 3883 2699 3921 o
2728 3839 3091 3932 incorruptum
3121 3860 3209 3913 Dei
3238 3839 3552 3935 tribunali)
3581 3856 3783 3925 quibus
3807 3854 3958 3906 nulla

2434 3974 2561 4014 cura
2598 3958 2697 4009 fuit
2728 3969 3025 4014 sacrorum,
3057 3953 3149 4003 sed
3174 3951 3267 4002 toti
3294 3951 3347 4001 in
3376 3938 3542 3999 unum
3573 3953 3780 3999 tantum
3804 3950 3967 3996 erant

2436 4054 2697 4114 quaestum
2738 4044 2949 4096 intenti.
2991 4041 3155 4105 Cujus
3185 4052 3345 4091 causa
3372 4036 3471 4101 ipsi
3512 4035 3583 4087 ab
3619 4035 3869 4086 universa
3914 4043 3968 4085 et.

2436 4129 2839 4186 sana‘Ecclesiaa
2868 4118 3293 4195 parteabscissi,
3337 4122 3404 4173 ad
3451 4119 3735 4173 sanitatem
3786 4119 3967 4170 redire

2438 4234 2543 4272 non
2570 4224 2877 4286 potuerunt,
2906 4224 2959 4268 et
2998 4219 3227 4279 arrepta,
3259 4224 3417 4276 quam
3450 4222 3662 4262 summe
3690 4214 3966 4273 optarant,

805 4306 1191 4360 c-rtamiuibus
1245 4302 1550 4355 interfuere.
1604 4300 1878 4367 Siquidem
1931 4300 1963 4351 ii
1988 4314 2171 4351 eorum
2220 4314 2338 4366 qua:
2365 4308 2414 4364 1)
2442 4306 2743 4365 occasione,
2774 4318 2803 4356 a
2837 4302 2981 4355 nullo
3025 4315 3083 4354 se
3110 4297 3311 4369 (modo
3334 4295 3589 4363 possent)
3619 4293 3968 4363 quantumvis

808 4395 977 4447 oculis
1012 4392 1111 4460 ipsi
1138 4391 1360 4444 viderint
1394 4391 1527 4454 suis,
1560 4398 1722 4443 testes
1755 4404 1874 4443 esse
1906 4397 2152 4455 poterunt
2186 4388 2334 4440 locu-

810 4482 1108 4551 pletissimi,
1140 4481 1302 4536 veluti
1343 4496 1566 4535 summa:
1600 4479 1757 4533 famis
1787 4494 1850 4531 ac
1873 4479 1991 4530 sitis
2017 4477 2332 4539 tolerantiae,

811 4586 1137 4638 summmque
1177 4571 1469 4634 nuditatis;
1509 4572 1706 4638 quippe
1758 4584 1879 4622 cum
1932 4570 2088 4620 unica
2128 4575 2332 4620 tantum

806 4668 954 4708 veste
998 4658 1381 4711 intolerabilem
1427 4658 1534 4711 vim
1571 4659 1713 4710 illam
1761 4656 1975 4726 fnigoris
2028 4656 2333 4717 sustineret,

808 4745 1122 4797 uncinorum
1167 4757 1419 4813 praeterea
1468 4749 1814 4801 hamorumve
1868 4762 1897 4799 e
1942 4746 2159 4800 sublimi
2205 4760 2336 4813 pen-

808 4834 1069 4893 dentium,
1121 4834 1315 4899 quibus
1360 4837 1519 4889 veluti
1571 4837 1887 4891 necessitate
1925 4836 2153 4902 quadam
2193 4848 2334 4889 som-

810 4936 939 4974 num
972 4920 1058 4973 ille
1088 4920 1155 4973 ab
1183 4922 1355 4974 oculis
1382 4925 1595 4977 arcebat
1620 4928 1754 4988 suis,
1786 4927 1927 4993 quod
1963 4923 2206 4989 exemplo
2234 4921 2335 4975 Da-

807 5013 893 5062 vid
919 5011 1281 5065 habitaculum
1306 5012 1563 5073 invenire,
1594 5015 1877 5083 locumque
1906 5014 1991 5068 ubi
2017 5013 2333 5081 quiesceret,

808 5104 1147 5155 vehementer
1196 5110 1423 5169 optaret,
1463 5102 1551 5154 ubi
1595 5106 1847 5158 nimirum
1896 5105 2039 5157 nulla
2071 5118 2136 5157 ex
2188 5101 2334 5155 curis

806 5194 931 5246 vitae
979 5193 1135 5261 hujus
1177 5190 1475 5252 ﬂuctuatio,
1530 5193 1672 5245 nulla
1726 5204 1809 5249 est
1852 5196 2153 5249 animorum
2202 5199 2335 5244 tem-

808 5289 1004 5343 pestas.
1043 5281 1183 5333 nulla
1216 5281 1428 5348 gravior
1467 5293 1495 5332 a
1541 5281 1781 5336 scelestis
1812 5286 2091 5352 spiritibus
2130 5284 2332 5335 invecta

806 5368 1057 5432 procella.
1102 5368 1324 5434 llorum,
1370 5371 1605 5439 inquam,
1658 5374 1891 5425 omnium
1942 5386 2331 5425 commemora.

808 5457 1030 5521 tionem,
1080 5475 1142 5512 ac
1181 5462 1245 5513 de
1278 5463 1783 5516 commemoratione
1814 5465 2032 5530 gloriam
2074 5464 2331 5529 integram

812 5545 915 5595 illis
960 5548 1049 5615 qui
1080 5564 1139 5601 ea
1178 5552 1272 5619 ipsi
1309 5563 1601 5621 prmscnlcs
1634 5552 1831 5617 videre,
1872 5568 1988 5607 sum
2020 5552 2329 5613 relicturus,

2443 4392 2644 4446 nefario
2692 4390 3012 4460 ﬂagitiorum
3057 4402 3119 4441 ac
3149 4386 3441 4440 facinorum
3471 4398 3666 4451 genere
3696 4393 3966 4450 tempera-

2442 4490 2584 4543 runt,
2617 4496 2683 4534 ne
2714 4480 2757 4534 si
2792 4480 3022 4547 parietes
3050 4475 3261 4545 quidem
3291 4472 3521 4544 perfodi,
3557 4482 3652 4527 aut
3677 4484 3966 4526 cru-senas

2439 4574 2674 4625 desecari
2703 4558 2837 4639 opus
2869 4569 3077 4631 fuisset,
3106 4569 3302 4635 quippe
3328 4580 3452 4619 cum
3482 4565 3673 4617 domos
3708 4561 3966 4628 iniquita-

2442 4670 2551 4713 Ium
2581 4660 2780 4728 replere
2813 4658 3127 4713 festinarent
3159 4655 3428 4708 tenebrosi
3472 4661 3645 4705 terra.
3689 4649 3828 4702 Hinc
3881 4647 3966 4700 in-

2439 4749 2706 4803 credibilis
2744 4764 2928 4803 eorum
2959 4747 3134 4801 rabies
3163 4744 3381 4806 exarsit,
3398 4740 3653 4808 quoniam
3676 4740 3819 4791 nulla
3851 4737 3963 4802 jam

2442 4838 2508 4891 iis
2535 4835 2672 4905 juris
2704 4838 2906 4904 species
2935 4834 3186 4894 restabat.
3220 4844 3381 4899 quam
3414 4828 3712 4881 facinorum
3738 4838 3964 4879 suorum

2440 4928 2714 4981 audaciam
2754 4931 3099 4994 praetexerent
3126 4937 3143 4986 ;
3168 4929 3221 4973 et
3254 4919 3421 4971 totius
3464 4916 3604 4969 sacri
3635 4913 3840 4968 ordinis
3877 4928 3964 4966 sc-

2438 5028 2559 5071 cuta
2609 5015 2843 5069 venditio
2880 5021 2961 5067 est
2989 5024 3105 5079 quae
3138 5008 3333 5077 palam,
3371 5004 3483 5074 jam
3505 5002 3739 5072 projects
3784 4997 3965 5052 ominis

2439 5104 2775 5166 verecundia,
2799 5102 2977 5155 flebat.

2506 5194 2641 5248 Hinc
2689 5201 2878 5263 praeter
2931 5199 3151 5243 caeteros
3200 5187 3253 5238 in
3316 5185 3462 5237 hunc
3513 5194 3731 5249 quoque
3785 5178 3962 5230 virum

2439 5286 2717 5339 sanctitate
2761 5279 3126 5350 plenissimum
3172 5273 3414 5343 supch
3456 5268 3964 5331 contumelioseque

2439 5373 2651 5427 silentio
2696 5366 3078 5440 praetereunda:
3107 5363 3209 5417 illa:
3251 5376 3397 5415 nunc
3438 5376 3468 5411 a
3516 5359 3673 5413 nobis
3717 5352 3961 5440 injuri3_;

2438 5461 2587 5515 nefas
2638 5433 2864 5526 namque
2909 5453 3038 5508 mihi
3083 5451 3313 5505 arbitror
3352 5463 3493 5511 esse,
3539 5446 3586 5500 si
3637 5433 3959 5496 recensenda

2437 5551 2610 5604 denuo
2636 5562 2816 5604 carum
2849 5542 3175 5613 turpitudine
3214 5541 3447 5607 linguam
3471 5535 3745 5603 inquincm
3769 5537 3960 5587 meant.
