4126 6332
120 242 207 305 801

1006 235 1282 296 ORATIO
1320 234 1415 292 DE
1447 230 1857 293 TRANSLAT.
1899 232 1955 286 ὃ.
1999 232 2399 292 EUTIIYMH.

3183 234 3290 296 802

118 370 227 408 cum
264 367 360 407 eas
394 352 556 406 etiam
586 351 942 407 Barbarorum
978 352 1119 405 oculi
1166 349 1356 402 merito
1409 347 1644 401 aversari
1673 352 1722 409 Α
1746 357 1798 401 et
1831 348 2147 401 nutritorem
2186 349 2334 402 illum
2382 366 2541 403 suum
2589 353 2740 420 egeni
2778 353 3141 422 appellabant,
3178 368 3290 404 mu-

120 444 506 507 abltorrereque
540 439 888 503 debuissent;
927 435 1362 506 quandoquidem
1419 434 1644 487 aderant

120 533 267 585 ctia
310 529 594 600 legationis
636 544 801 584 causa
854 526 1129 589 Saraceni,
1179 533 1232 578 et
1284 524 1449 577 totius
1498 523 1643 577 illius

117 621 325 689 majoris
352 634 518 689 quam
560 619 790 675 scenice
819 627 912 672 aut
941 616 1153 684 tragica:
1185 614 1344 687 ullius
1384 613 1646 667 foeditatis

120 710 393 778 participes
457 708 641 774 fuere,
715 717 952 762 actonnn
991 693 1220 758 'similes
1284 710 1643 771 spectatores,

116 799 318 869 quando
347 798 502 853 nefas
528 809 645 853 erat
673 796 873 865 alioqui
899 804 956 847 ut
982 794 1093 847 haec
1118 792 1404 860 impiorum
1438 791 1647 844 theatro

119 898 502 957 spectarentur,
528 902 651 955 qua
673 899 781 941 tam
804 884 1079 939 scelerate
1105 883 1172 935 ab
1202 880 1381 950 impiis
1412 880 1646 948 ageban-

121 988 212 1031 tur.
244 978 563 1044 Huiusmodi
602 991 765 1046 porro
805 975 1063 1043 praeclara
1102 973 1256 1026 initio
1285 986 1511 1025 munera
1558 973 1644 1024 illa

120 1080 227 1119 nos
278 1065 440 1119 etiam
486 1064 878 1131 sequebantur,
923 1062 1087 1114 multa
1132 1061 1351 1132 exsilii,
1398 1069 1645 1116 notorum

118 1156 175 1207 ab
204 1170 269 1207 eo
306 1153 585 1207 hominum
621 1159 840 1220 propter
873 1150 1213 1203 imminentes
1243 1149 1559 1204 formidines
1594 1150 1645 1203 in

116 1243 265 1294 rebus
293 1241 505 1308 asperis
532 1238 691 1305 fuga,
721 1238 930 1292 coactis
974 1237 1250 1292 malevolis
1288 1252 1411 1291 eum
1467 1236 1648 1291 videre

116 1343 257 1397 quem
278 1329 410 1383 odio
456 1330 958 1397 prosequebantur;
998 1328 1082 1382 bis
1112 1343 1240 1382 vero
1284 1328 1445 1381 etiam
1492 1327 1647 1392 longe

114 1419 409 1485 disiunctis,
431 1419 547 1473 sive
570 1419 714 1487 quod
743 1418 989 1472 assidens
1028 1432 1123 1470 eos
1154 1416 1403 1469 militaris
1441 1416 1646 1469 duritas

114 1506 450 1576 custodiaque
483 1516 871 1571 summoveret,
913 1507 1027 1561 sive
1070 1505 1213 1573 quod
1256 1519 1321 1558 ex
1356 1505 1541 1557 innata
1591 1503 1644 1555 in

114 1596 292 1651 animis
329 1596 623 1650 multorum
659 1597 897 1661 levitate,
952 1596 1009 1649 in
1040 1597 1153 1663 ipsa
1182 1610 1371 1649 eorum
1403 1608 1535 1648 usus
1566 1594 1647 1645 itt-

114 1688 334 1756 digeutia
393 1702 648 1756 perverse
698 1687 914 1741 inutiles
968 1686 1309 1748 exsisterent,
1370 1692 1425 1739 et
1486 1683 1643 1753 cujus

116 1787 225 1828 ante
276 1777 409 1830 illud
460 1786 673 1846 tempus
719 1777 944 1830 mirifice
1005 1774 1215 1829 fuerant
1279 1774 1533 1839 studiosi,
1592 1774 1641 1828 ei

117 1880 266 1926 nunc,
304 1866 529 1920 mutatis
560 1869 614 1917 in
642 1864 976 1918 contrarium
1002 1863 1385 1923 voluntatibus,
1406 1863 1643 1927 impense

115 1954 502 2018 obtrectarent;
532 1956 749 2024 quando
788 1940 999 2008 natura;
1009 1954 1081 2005 ita
1126 1961 1492 2019 comparatum
1535 1959 1639 2010 est,

116 2054 164 2096 ut
197 2045 358 2097 rebus
380 2045 637 2097 secundis
664 2043 902 2095 adversa:
940 2055 1149 2108 semper
1179 2040 1443 2114 insidiari
1470 2039 1641 2092 solita:

114 2135 243 2185 sint:
289 2148 403 2200 quo
430 2131 565 2184 nihil
610 2133 681 2185 sit
722 2130 1015 2199 quidquam
1059 2131 1114 2182 in
1161 2130 1321 2191 rebus
1363 2129 1635 2195 humanis,

114 2221 235 2288 quod
262 2236 291 2270 a
319 2222 396 2272 rei
422 2220 526 2273 sibi
556 2222 836 2273 contraria:
862 2220 984 2273 labe
1022 2234 1215 2286 purum
1271 2220 1640 2287 intactumque

114 2310 186 2368 sit,
246 2308 469 2375 cuique,
521 2307 649 2361 licet
696 2307 1167 2374 praeclarissimum
1225 2306 1316 2369 sit,
1374 2308 1637 2375 quasdant

113 2394 242 2461 quasi
276 2395 466 2449 sordes
512 2395 791 2448 hominum
822 2409 1053 2463 nequam
1086 2393 1303 2448 invidiae
1346 2394 1481 2448 livor
1530 2412 1636 2451 non

114 2484 297 2536 aliinat.

172 2571 244 2622 Ad
296 2572 411 2626 hac
454 2572 617 2625 etiam
673 2573 903 2641 positum
956 2572 1041 2628 hic
1097 2572 1150 2626 itt
1204 2583 1494 2642 conspectu
1554 2588 1640 2629 se-

115 2660 362 2725 pulcrum,
396 2661 449 2714 in
490 2678 600 2730 quo
640 2662 726 2716 hic
762 2672 1089 2726 asservatur,
1125 2665 1507 2732 superantibus
1538 2665 1639 2718 hu-

119 2747 354 2800 manitate
404 2762 504 2800 sua
575 2748 678 2815 piis
735 2749 948 2816 regibus
1011 2749 1397 2803 immanitatem
1457 2750 1642 2804 ferita-

117 2825 307 2903 tcmqtie
353 2840 665 2905 superstitis
716 2838 892 2891 adhuc
940 2838 1171 2908 tyranni,
1239 2839 1397 2907 cujus
1473 2854 1635 2907 opera

1750 438 1984 491 licrcula:
2016 452 2197 499 suum,
2234 453 2358 491 cum
2394 454 2423 491 a
2454 440 2563 493 Deo
2601 442 3003 505 discessissent.
3043 442 3290 497 defenso-

1747 542 1861 579 rent
1912 526 2253 593 priutarium,
2297 527 2447 592 pueri
2489 527 2793 597 disciplina:
2837 546 2946 584 sua:
2997 533 3299 585 moderato-

1751 632 1860 669 rem
1886 614 2346 678 vociferabantur;
2368 630 2554 669 omnes
2583 618 2839 685 deniqtte,
2870 633 2965 686 per
2993 634 3050 672 se
3069 619 3300 687 quisque

1746 723 1867 760 eum
1894 707 1946 759 itt
1970 721 2078 774 quo
2107 716 2469 774 opportunum
2491 705 2593 758 sibi
2616 707 2961 761 sublevandis
2984 708 3299 776 indigentiis

1748 796 1863 851 suis
1922 796 2157 864 positum
2210 803 2352 848 esset
2408 793 2734 863 perfugium.
2790 796 2973 862 Itaque
3023 797 3150 848 dum
3196 797 3297 847 hn-

1742 880 1975 950 jusmodi
2010 896 2132 933 cum
2169 881 2473 932 laudatione
2512 878 2675 933 funus
2711 882 3037 944 celebratur,
3081 884 3136 935 in
3192 883 3296 935 hoc

1748 972 2205 1039 religiosissimum
2222 971 2475 1037 templum
2498 972 2565 1022 ab
2577 972 2829 1023 omnibus
2850 973 3189 1035 convenitur,
3206 974 3297 1023 ubi

1748 1063 1980 1130 peractis
2021 1062 2259 1128 reliquis,
2290 1077 2410 1127 qua:
2444 1061 2506 1111 ad
2544 1062 2894 1127 persolvenda
2931 1061 3105 1114 funeri
3144 1062 3294 1127 justa

1747 1155 1985 1227 deerant,
2034 1164 2157 1202 cum
2206 1151 2316 1217 jam
2368 1151 2668 1215 perieulum
2704 1161 2870 1213 esset,
2911 1166 2975 1202 ne
3007 1151 3152 1218 quod
3198 1164 3295 1201 su-

1747 1242 2019 1311 perfuerat
2065 1240 2401 1294 sanctissimi
2441 1243 2539 1297 viri
2592 1242 3015 1304 tabernaculum,
3076 1250 3297 1307 propter

1747 1346 1933 1384 eorum
1988 1330 2078 1398 qui
2128 1344 2193 1382 eo
2240 1330 2606 1383 confluxerant
2654 1330 2812 1383 fidem
2867 1329 3283 1397 discerperetur,

1750 1420 2009 1472 violenter
2050 1416 2117 1471 de
2158 1427 2432 1485 raptorum
2486 1418 2739 1472 manibus
2786 1431 3056 1471 extortum
3102 1431 3297 1471 excus-

1749 1524 1975 1576 sumque
2015 1519 2118 1571 cst,
2149 1516 2310 1575 atque
2365 1508 2465 1560 huc
2488 1508 2661 1560 modo
2697 1508 2748 1560 in
2813 1518 3163 1561 sacrosancto
3193 1507 3296 1558 huc

1748 1612 1906 1666 quem
1944 1597 2207 1661 videmus,
2236 1597 2414 1650 loculo
2474 1606 2882 1651 sacrosanctum
2918 1613 3039 1650 vere
3071 1597 3167 1650 Dei
3196 1598 3293 1648 bo-

1750 1686 1944 1739 minem
1985 1686 2391 1739 collocavimus.

1815 1774 1895 1825 An
1929 1773 2217 1827 mediocris
2246 1773 2360 1825 huic
2392 1772 2485 1824 tibi
2519 1772 2769 1825 videntur
2803 1772 3059 1825 momenti
3092 1771 3157 1825 ad
3194 1773 3292 1823 dc—

1745 1863 2053 1915 clarandam
2126 1863 2240 1917 viri.
2315 1862 2476 1929 hujus
2541 1863 2817 1925 virtutem,
2876 1860 3079 1929 Deique
3171 1876 3295 1928 erga

1745 1956 1933 2004 servos
1975 1965 2127 2010 suos,
2164 1950 2291 2003 dum
2340 1950 2517 2002 adhuc
2548 1950 2706 2001 etiam
2750 1951 2801 2002 in
2856 1950 2954 2001 hac
2997 1948 3101 2000 vita
3140 1959 3292 2010 sunt,

1742 2056 1926 2094 curam
1978 2042 2140 2092 rebus
2206 2040 2461 2092 secundis
2521 2039 2770 2091 similiter
2830 2048 2989 2103 atque
3046 2036 3289 2089 adversis

1742 2129 2121 2182 indicandam?
2148 2127 2315 2180 Nemo
2350 2128 2441 2187 sit,
2467 2128 2681 2195 opinor,
2714 2125 2806 2193 qui
2828 2125 3169 2184 adversetur,
3209 2126 3291 2176 ni-

1740 2219 1785 2273 si
1831 2219 1874 2272 si
1916 2219 2039 2287 quis
2081 2217 2345 2287 ejusmodi
2384 2218 2453 2270 sit
2506 2217 2597 2285 qui
2637 2216 2849 2268 virtutis
2906 2216 3185 2283 praemium
3237 2216 3290 2265 in

1739 2324 1804 2363 eo
1852 2308 2223 2363 tantummodo
2264 2308 2497 2375 positum
2545 2314 2716 2374 putet,
2768 2304 2811 2359 si
2860 2304 3157 2357 continenti
3205 2318 3291 2354 rc-

1744 2414 1864 2453 rum
1916 2399 2180 2453 bonarum
2235 2412 2395 2450 cursu
2458 2406 2717 2463 perpetuo
2767 2395 2820 2447 in
2869 2394 2969 2446 hac
3018 2393 3125 2444 vita
3171 2394 3296 2459 quis

1742 2490 1888 2544 nulla
1912 2505 2033 2543 cum
2062 2488 2363 2541 oflensione
2387 2496 2588 2548 utatur,
2620 2496 2915 2552 contraque
2942 2482 3291 2536 difﬁciliorem

1741 2578 1795 2631 ln
1834 2578 1955 2647 ejus
1988 2578 2071 2630 via
2101 2591 2448 2645 progressum
2485 2590 2679 2644 pronas
2710 2573 2971 2641 quasdam
3003 2587 3121 2625 esse
3150 2571 3295 2623 arbi-

1741 2676 1933 2729 tretur,
1965 2668 2164 2734 quibus
2204 2657 2420 2720 assidue
2455 2654 2799 2733 promeritis
2826 2656 3084 2715 divinitus
3119 2660 3298 2713 homi-

1739 2773 1867 2810 num
1913 2756 2194 2808 malefacta
2228 2754 2540 2821 puniantnr,
2584 2753 2845 2820 Opinione
2881 2766 3003 2803 cum
3039 2749 3139 2817 ipsi
3172 2764 3279 2817 prr-

1742 2844 1967 2905 niciosa,
1993 2852 2103 2893 tum
2130 2858 2159 2894 a
2186 2841 2277 2891 Dei
2302 2841 2437 2904 aequi
2462 2836 2637 2890 rerum
2664 2837 2907 2890 omnium
2932 2835 3289 2888 moderatoris

115 2926 426 2991 potissimum
450 2926 507 2977 in
530 2926 730 2979 easille
750 2926 923 2979 fuerat
955 2928 1291 2979 calamitates
1329 2928 1630 2995 conjectus,
1661 2955 1703 3011 ο
1739 2934 2001 3000 sapientia
2034 2930 2323 2982 admodum
2368 2928 2563 2980 aliena.

117 3024 252 3081 atque
299 3016 346 3069 is
388 3015 575 3078 etiam,
622 3016 713 3083 qui
749 3015 949 3069 nefarie
979 3016 1153 3070 fuerat
1182 3018 1488 3079 damnatus,
1520 3018 1633 3071 suis

117 3109 287 3167 saltem,
319 3118 443 3176 post
493 3109 700 3161 obitum
752 3109 1049 3171 restitutus,
1099 3118 1153 3159 ut
1194 3109 1415 3163 haberet
1470 3108 1630 3162 etiam

116 3196 268 3249 denuo
290 3212 443 3251 sacra
469 3199 844 3267 promissionis
869 3210 1007 3253 terra
1034 3198 1213 3251 dilecti
1247 3214 1369 3253 ossa
1413 3197 1633 3267 Ioseph,

116 3288 288 3351 quibus
334 3303 429 3355 per
482 3288 805 3339 lectissimos
851 3302 1093 3355 quosque
1134 3303 1195 3339 ex
1246 3302 1403 3340 sacro
1451 3288 1636 3339 ordine

117 3376 239 3427 viros
258 3377 404 3445 jnsta
436 3376 795 3429 solverentur.
832 3375 1189 3429 Commodum
1224 3378 1367 3430 enim
1400 3377 1633 3430 edictum

117 3478 246 3531 reges
287 3467 719 3535 promulgarant,
753 3475 915 3534 atque
963 3469 1197 3534 undique
1228 3469 1513 3535 extemplo,
1548 3483 1638 3520 ve-

116 3551 177 3604 lat
215 3556 619 3621 ex-composito
648 3555 1039 3623 ('quamobrem
1091 3556 1233 3609 enim
1287 3558 1398 3610 lucc
1445 3573 1636 3625 magna

114 3643 223 3695 adeo
275 3658 399 3695 cum
465 3645 780 3697 celebritate
838 3660 946 3698 non
1008 3646 1274 3715 tierent?)
1342 3647 1638 3716 ingensque

114 3731 348 3784 confluxit
371 3732 681 3794 multitudo,
714 3737 947 3785 maxima
981 3736 1211 3801 quadam
1247 3751 1436 3803 pompa
1469 3740 1638 3790 vieto-

114 3836 202 3872 retn
242 3821 388 3873 illum
435 3825 505 3872 ab
532 3823 723 3874 exsilio
762 3822 1075 3875 redeuntem
1130 3826 1305 3890 erepit
1360 3828 1631 3885 comitari,

113 3910 577 3965 innumerabilibus
636 3911 844 3964 facibus
896 3928 1121 3980 quarum
1173 3912 1370 3965 bonam
1423 3916 1661 3982 partem‘

114 4004 232 4070 regia
272 4003 444 4071 pietas
476 4003 873 4071 suppeditabat,
907 4018 1053 4056 mare
1078 4014 1249 4068 totum
1282 4004 1635 4067 collustrans,
1672 4043 1689 4047 ν»

113 4090 524 4160 suavissimisque
540 4092 776 4145 incensis
788 4092 1043 4145 odoribus
1062 4093 1343 4145 molestam
1372 4092 1512 4145 illam
1531 4109 1637 4145 ma-

114 4178 172 4233 ris
182 4166 426 4235 nauseam
438 4181 753 4245 discutiens,
768 4188 821 4233 et
837 4189 1084 4249 perpetua
1106 4180 1427 4250 hymnorum
1449 4183 1636 4235 modu-

1809 3022 2001 3075 Verum
2033 3021 2174 3071 enim
2211 3017 2466 3084 quoniam
2498 3014 2727 3069 dicendo
2760 3015 2824 3068 ad
2862 3015 3000 3068 hanc
3032 3013 3293 3065 orationis

1734 3110 2333 3181 partcnuiervcnimus,
2367 3105 2736 3167 conferamus,
2761 3104 2803 3157 si
2837 3104 3037 3172 placet,
3083 3116 3144 3153 ea
3172 3117 3292 3167 qua:

1686 3204 1689 3207 ’
1735 3212 1923 3256 sancto
1957 3202 2082 3253 huic
2109 3200 2225 3252 \iro
2255 3212 2501 3257 evenere,
2528 3196 2877 3263 vicissimque
2915 3208 3034 3261 qua:
3064 3193 3293 3243 Alexan-

1736 3294 1833 3345 dro
1879 3301 2031 3343 antea
2080 3290 2345 3350 accidere,
2396 3290 2779 3354 videamusque
2828 3282 3281 3353 quemadmodum

1740 3379 1828 3432 Dei
1860 3379 2067 3447 jttstitia
2102 3378 2338 3447 praemiis
2378 3378 2667 3443 unicuique
2705 3390 2767 3427 ex
2809 3374 3001 3426 merito
3044 3371 3289 3423 tribuen-

1736 3470 1820 3523 dis
1856 3469 2158 3521 rectissime
2190 3468 2371 3519 omnia
2401 3466 2728 3518 moderetur.
2779 3464 2867 3515 Ille
2894 3462 3035 3515 enim
3070 3476 3193 3513 cum
3234 3472 3289 3511 et

1739 3574 1828 3611 rex
1878 3566 2021 3610 esset
2072 3566 2123 3607 et
2179 3543 2327 3621 regio
2365 3568 2559 3620 genere
2605 3561 2776 3614 ortus,
2827 3542 3186 3615 miserantque
3235 3547 3285 3596 in

1745 3648 1859 3715 ipsa
1901 3646 2109 3711 imperii
2146 3645 2404 3712 dignitate
2445 3641 2740 3694 animulam
2791 3637 3079 3691 infeliciter
3119 3638 3289 3688 exha-

1740 3737 1921 3795 lasset,
1956 3734 2155 3799 qnibus
2200 3736 2305 3783 vita
2351 3730 2570 3782 functus
2610 3728 2867 3782 laudibus
2914 3734 2998 3780 est
3030 3725 3292 3779 allectus?

1746 3823 1905 3881 Cuia,
1949 3822 2171 3887 repetita
2230 3820 2389 3885 paulo
2445 3820 2604 3871 altius
2657 3819 2921 3879 oratione,
2968 3829 3029 3868 ea
3078 3830 3199 3881 qua:
3235 3816 3286 3864 in

1739 3919 1967 3975 utroque
1998 3909 2169 3968 fuere,
2201 3907 2487 3972 diligenter
2515 3903 2947 3963 consideremus,
2980 3903 3086 3965 hic,
3117 3918 3281 3968 quem

1737 4001 1789 4052 in
1856 4000 1957 4050 hoc
2009 3998 2128 4049 loco
2187 3996 2457 4061 sepultum
2510 3994 2788 4056 habemus,
2848 4008 2911 4045 eo
2974 3992 3133 4045 modo
3177 4008 3285 4059 quo

1738 4088 1977 4160 diximus
2022 4088 2162 4148 altus
2210 4084 2577 4151 educatusque
2624 4092 2744 4151 post
2778 4092 2855 4136 tot
2888 4083 3132 4145 adversa,
3164 4085 3285 4149 qni-

1738 4178 1839 4231 bus
1898 4176 2073 4229 l‘uerat
2128 4174 2514 4236 conﬂictatus,
2574 4183 2758 4243 totque
2830 4174 3107 4243 praeclara,
3168 4189 3287 4241 quae

113 4268 279 4321 latione
311 4268 625 4337 pontiﬁcem
650 4269 786 4320 mire
812 4268 1216 4322 concelebraris.
1240 4267 1509 4322 therum
1543 4269 1622 4321 si-
1662 4280 1703 4333 υ
1738 4266 1950 4319 virtutis
2003 4280 2113 4317 sua:
2167 4264 2409 4317 ediderat
2459 4266 2805 4328 documenta,
2870 4263 3025 4315 talem
3074 4262 3284 4332 qualem

113 4358 198 4409 mut
236 4369 287 4410 ut
310 4358 381 4410 ad
419 4356 635 4425 Virgam
666 4357 950 4426 (littoralis
972 4365 1172 4411 tractus
1200 4358 1250 4411 id
1281 4369 1363 4412 est
1390 4372 1584 4410 nomen
1610 4358 1626 4425 )

114 4444 437 4510 appuleruni';
464 4446 735 4498 sublatum
776 4454 860 4499 est
893 4447 959 4499 de
1010 4448 1158 4516 regio
1208 4446 1384 4501 lembo
1437 4463 1628 4501 sacro-

114 4543 323 4587 sanctum
367 4536 501 4586 illud
532 4536 963 4611 talnrqaculttni,
1004 4521 1165 4604 atque
1212 4538 1262 4590 in
1307 4539 1413 4591 divi
1458 4538 1630 4592 Emi-

113 4622 403 4675 liani’cdem
428 4623 658 4685 illatum,
690 4609 869 4691 ibique
892 4609 1138 4677 similiter
1169 4628 1431 4693 appositis
1464 4628 1624 4695 bym-

114 4707 176 4760 nis
211 4709 522 4762 decantatus
558 4719 643 4763 est
686 4709 776 4761 Dei
829 4724 1039 4777 servus,
1080 4719 1129 4763 et
1171 4713 1482 4766 laudatione
1512 4730 1624 4783 ch-

112 4798 289 4863 jnsdam
323 4800 391 4852 de
423 4802 735 4867 pontificum
769 4816 992 4853 numero
1022 4801 1359 4853 honestatus.

166 4886 247 4941 llis
292 4890 365 4942 ita
429 4892 690 4958 peractis,
734 4907 855 4944 cunt
907 4892 1175 4943 sublatum
1230 4890 1353 4942 inde
1406 4905 1619 4943 sacrum

114 4986 371 5041 gestaretur
407 4980 743 5047 pheretrnm,
780 4989 941 5048 atque
972 4982 1023 5032 in
1066 4979 1506 5032 honestissimum
1542 4979 1620 5028 lo-

115 5057 208 5117 cum
248 5067 455 5121 huncce
488 5067 800 5129 inferretur,
834 5058 1041 5124 sitstolli
1086 5068 1320 5137 undique
1352 5069 1417 5121 ab
1448 5068 1619 5119 omni-

116 5152 195 5219 bus
224 5167 425 5222 emptus
478 5166 559 5209 est
607 5158 829 5221 clamor,
881 5160 1318 5226 magistratibus,
1373 5157 1613 5223 privatis,

116 5241 455 5311 locupletibus,
506 5250 779 5309 tenuibus,
826 5250 973 5312 vitis,
1010 5248 1239 5307 feminis,
1272 5248 1469 5315 parvis,
1526 5262 1618 5314 PU'

116 5331 311 5398 beribns,
362 5336 693 5400 impubibus,
741 5354 967 5405 quorum
1029 5340 1217 5405 partim
1262 5353 1381 5388 eum
1428 5352 1617 5389 secun-

116 5422 212 5476 dum
242 5422 399 5479 Deum
442 5434 647 5492 patrem
680 5428 961 5492 vocabant,
1004 5429 1194 5497 partim
1230 5438 1494 5495 pastorem
1539 5445 1617 5479 rc-

118 5513 381 5580 quin-bant,
420 5516 513 5568 alii
564 5526 1011 5585 propugnatorem
1046 5518 1439 5572 desiderabant.
1484 5516 1613 5569 Nam

1734 4372 1893 4424 supra
1930 4356 2351 4409 memoravimus
2394 4358 2514 4408 vitae
2553 4355 2758 4407 exitum
2812 4355 3020 4417 habuit,
3059 4369 3287 4421 eantque

1734 4455 1924 4497 nactus
1971 4455 2051 4497 cst
2096 4445 2427 4511 sepulturam
2466 4460 2625 4512 quam
2654 4462 2745 4497 vos
2779 4446 3033 4497 nimirum
3069 4445 3280 4507 videtis,

1734 4531 2074 4598 magnificam
2162 4545 2355 4594 nempe
2406 4537 2459 4580 et
2541 4530 2854 4595 gloriosam,
2915 4528 3287 4593 ejusmodique

1728 4636 1890 4688 quam
1929 4620 2070 4669 viros
2104 4619 2208 4667 Deo
2238 4620 2445 4669 dicatos
2486 4619 2742 4683 consequi
2777 4631 2869 4683 par
2895 4626 3008 4677 est;
3043 4616 3095 4667 id
3135 4618 3281 4682 quod

1730 4710 1898 4776 magis
1942 4707 2237 4758 etiamnum
2283 4706 2475 4754 mirnn:
2517 4705 2683 4755 debet
2722 4704 2929 4764 videri,
2965 4704 3106 4769 quod
3155 4706 3281 4756 dra-

1725 4796 1877 4847 conis
1909 4805 2067 4857 caput
2104 4808 2131 4843 a
2165 4808 2271 4857 quo
2313 4792 2595 4842 insanabili
2633 4792 2719 4843 ille
2760 4804 2937 4843 morsu
2984 4789 3161 4843 fuerat
3204 4793 3283 4843 ic-

1724 4897 1829 4946 tus,
1875 4885 2078 4949 reliqua
2133 4883 2309 4934 adhuc
2353 4882 2433 4932 sui
2476 4883 2717 4949 corporis
2760 4890 2908 4949 parte
2965 4883 3277 4951 palpitabat.

1724 4988 2023 5039 magnaque
2066 4987 2186 5021 cum
2222 4973 2445 5023 audacia
2493 4986 2657 5024 ruens
2696 4969 2990 5031 ferebatur,
3029 4979 3273 5023 metuens

1722 5062 1947 5124 scilicet,
2000 5077 2062 5113 ne
2102 5062 2227 5128 quid
2278 5076 2333 5113 se
2372 5072 2650 5130 propterea
2707 5062 2898 5114 melius
2938 5059 3265 5115 ostenderet,

1725 5152 1935 5205 tametsi
1989 5153 2264 5205 incaSsum
2319 5166 2507 5205 omnes
2565 5152 2668 5221 ipsi
2716 5162 2941 5205 conatus
2993 5147 3068 5199 illi
3120 5154 3267 5195 erant.

1722 5246 1923 5305 casuri,
1988 5259 2109 5296 cum
2145 5244 2194 5295 id
2234 5243 2431 5309 egisset
2475 5252 2689 5295 terrena
2722 5246 2982 5308 potestas,
3022 5241 3078 5284 ut
3106 5231 3267 5285 soluti

1724 5334 1774 5384 in
1804 5347 2046 5400 spumant
2080 5331 2198 5398 ejus
2235 5331 2431 5383 ﬂuctus
2473 5330 2706 5391 abirent,
2743 5335 2903 5393 atque
2932 5322 3020 5374 hic
3048 5321 3263 5388 quidem

1720 5425 1819 5477 hoc
1851 5423 2027 5474 modo.

1788 5515 1983 5565 Contra
2037 5525 2162 5563 vero
2216 5506 2531 5560 Alexander.
2594 5502 2643 5555 ls
2696 5501 2837 5555 enim
2896 5496 3156 5569 quidquid
3208 5496 3265 5550 in
