4126 6332
676 191 778 248 803
1283 189 1602 248 ΑΒΕΤῙῙᾸΞ
1637 185 2143 246 ΟΕΞΛΒΙΕΝΞΙΞ
2184 185 2218 243 Ε

2244 185 2276 240 Ε
2309 184 2714 245 TRAN‘SLAT.
2756 184 2813 241 S.
2855 181 3249 241 EUTHYMII.
3731 179 3831 238 804

680 297 839 350 terris
888 294 1076 348 haberi
1118 295 1408 361 voluptatis
1453 307 1526 343 ‘ac
1548 292 1873 344 deliciarum
1915 298 2110 359 potest,
2142 290 2202 341 id
2233 295 2276 348 Α
2307 291 2604 342 universam
2640 290 2894 342 existimo
2919 299 3252 342 memorum
3285 284 3827 354 ejtts’perversitntcm

681 401 840 437 omne
879 386 944 435 ab
977 385 1105 451 ipsis
1143 383 1479 435 incunabulis
1498 382 1652 448 large
1683 396 1891 448 semper
1927 381 2202 442 habuerat,

682 485 838 539 alque
895 487 921 521 a
981 471 1142 524 fratre
1193 469 1365 523 fuerat
1414 469 1672 522 educatus
1727 470 1840 522 viro
1901 468 2203 531 commodo,

683 573 996 625 summaque
1046 567 1100 610 et
1154 557 1438 609 sanctitate
1495 554 1715 623 praedito
1762 565 1831 608 et
1873 554 2204 617 innocentia,

689 646 997 712 majoreque
1044 646 1191 709 apud
1245 658 1366 697 eum
1415 645 1589 712 digno
1641 653 1784 696 certe
1833 642 2206 711 appellatione,

681 746 839 798 quam
869 732 1065 787 fratris.
1091 733 1140 786 ls
1160 733 1323 793 enim,
1361 733 1573 786 tametsi
1595 732 1736 801 quod
1760 732 1923 784 multa
1957 734 2211 784 adversus

684 820 856 885 ipsum
914 835 1046 873 nova
1103 831 1218 874 erat
1250 821 1511 883 emolitus,
1546 830 1942 888 proptereaque
1982 819 2050 872 ab
2095 819 2210 884 ipso

681 916 823 961 esset
855 910 1298 976 comprehensus,
1335 909 1510 962 nullas
1543 919 1720 961 tamen
1753 909 1990 976 concepti
2022 907 2073 959 in
2105 908 2213 959 fra-

685 1003 812 1046 trem
859 996 1073 1048 sceleris
1114 1010 1297 1063 pcenas
1345 996 1616 1065 graviores
1670 996 1816 1048 dedit
1869 993 2212 1064 (cujusmodi

684 1082 831 1132 multi
869 1082 1047 1136 multis
1079 1093 1201 1136 ante
1245 1084 1294 1135 id
1323 1095 1531 1150 tempus
1564 1082 1774 1136 fuerint
1809 1084 1982 1137 affecti
2005 1087 2022 1153 )
2044 1098 2210 1150 quam

683 1179 738 1220 ut
771 1171 821 1221 in
855 1171 1151 1222 custodiam
1207 1179 1411 1223 tantum
1450 1173 1691 1231 daretur,
1729 1172 2215 1238 .proltibereturque

689 1272 753 1307 ne
798 1272 915 1323 qua:
965 1257 1124 1324 impie
1153 1259 1204 1310 in
1250 1259 1475 1312 fratrem
1511 1258 1688 1311 facere
1726 1259 2008 1326 cogitarat,
2047 1273 2108 1310 ea
2148 1257 2212 1310 ad

686 1345 883 1397 exitum
932 1346 1280 1412 perduceret,
1304 1360 1342 1398 'a
1373 1360 1482 1413 quo
1531 1347 1738 1398 tametsi
1771 1362 1836 1397 eo
1872 1347 2036 1400 modo
2082 1347 2215 1399 insi-

685 1433 787 1484 diis
838 1434 1024 1498 petito,
1072 1445 1237 1500 regno
1281 1433 1570 1485 incolumis
1610 1432 1791 1500 (quod
1839 1433 2043 1486 utinam
2079 1448 2217 1485 nuu-

689 1527 846 1580 quam
881 1513 1132 1581 fecisset)
1168 1517 1506 1579 servabatur,
1548 1516 1690 1583 quod
1729 1532 1936 1584 :cquum
1973 1519 2211 1586 putabat,

2305 380 2566 432 declaratu
2576 392 2710 431 rum.

2373 467 2486 522 Mos
2535 479 2616 522 est
2673 467 2888 535 regibus
2927 466 3378 522 Christianorum,
3416 463 3509 532 qui
3547 462 3698 516 idem
3723 461 3836 514 illis

2306 557 2605 611 communis
2635 566 2718 611 est
2751 571 2872 610 cum
2903 555 3155 636 omnibus
3187 553 3545 616 'Cbristiauis,
3588 563 3665 614 ut,
3699 568 3834 618 quo-

2306 647 2614 713 tiescunque
2641 643 2731 699 Del
2753 643 3000 698 basilicas
3029 641 3423 710 ingrediuntur,
3454 651 3635 709 aper-t0
3667 643 3839 707 capi-te

2305 750 2396 789 eas
2416 735 2800 802 ingrediantur.
2837 731 3005 797 Quem
3024 730 3239 798 quidem
3254 729 3455 782 Paulus
3473 729 3586 796 ipse
3608 735 3838 795 aposto-

2309 823 2617 891 lus'primus
2651 822 2853 876 inducit
2884 830 3044 889 atque
3062 818 3314 874 omnibus
3340 819 3394 870 in
3429 816 3731 871 Christiana
3756 831 3838 868 re-

2309 911 2515 980 publica
2539 897 2926 966 observaudum
2969 908 3260 962 mandavit.
3301 905 3459 960 Hunc
3483 917 3684 958 morem
3715 919 3836 957 cum

2311 999 2689 1067 sapientissimi
2719 999 2958 1052 videlicet
2976 998 3048 1051 illi
3075 1007 3233 1065 atque
3249 994 3439 1064 optimi
3466 994 3566 1046 viri
3589 991 3841 1046 sustulis-

2310 1096 2448 1148 sent,
2480 1097 2859 1155 persuaserunt
2884 1087 3082 1140 homini
3115 1100 3310 1139 crassae
3333 1083 3473 1138 cutis
3497 1083 3649 1136 aeide
3681 1082 3840 1135 suillo

2311 1191 2520 1245 genere,
2548 1185 2815 1230 ettatttu'm
2835 1191 2947 1228 inoo
2977 1176 3278 1246 grunnienti
3303 1175 3410 1244 (cui
3441 1175 3604 1235 enim,
3636 1186 3836 1239 quteso,

2311 1265 2515 1332 aequius
2533 1266 2829 1332 comparari
2849 1265 2934 1319 ille
2952 1273 3155 1333 poterat
3178 1279 3335 1332 quam
3346 1263 3436 1316 sui
3459 1261 3706 1315 Bocotiea‘.
3719 1257 3764 1328 'l)
3785 1267 3843 1311 ut

2313 1364 2562 1422 cooperto
2580 1354 2758 1422 capite
2806 1356 2858 1407 in
2909 1356 3022 1407 loca
3062 1363 3400 1408 sacrosancta
3455 1351 3840 1420 ingrederetur.

2313 1443 2481 1508 Quam
2501 1443 2711 1511 quidem
2737 1443 3314 1511 ille-disciplittam'ount
3334 1443 3660 1499 a-lmisisset,
3680 1451 3841 1507 atque

2314 1532 2380 1585 ad
2403 1533 2604 1598 majora
2619 1532 2918 1584 etiamnum
2946 1531 3113 1583 multo
3149 1530 3488 1598 perdiscenda
3524 1528 3842 1581 lacinorase

689 1613 746 1654 ut
777 1618 934 1670 quem
967 1604 1067 1656 sibi
1106 1618 1224 1657 sors
1257 1604 1403 1671 regni
1469 1605 1673 1657 socium
1703 1607 1954 1670 dedisset,
1975 1608 2022 1659 ei
2056 1621 2214 1674 paca-
2248 1599 2287 1656 Β
2319 1630 2563 1691 parum",
2593 1621 2882 1689 .pmberc"
2927 1622 3181 1674 nimirum
3227 1619 3447 1687 pulchre
3486 1619 3580 1671 me
3629 1633 3841 1686 quoque

692 1700 802 1742 tum
851 1691 1223 1759 incolumeque
1267 1693 1393 1745 illud
1435 1697 1687 1746 traderet.
1723 1692 1916 1746 Verum
1961 1710 2080 1747 cum
2115 1696 2214 1746 hu-

691 1778 1059 1842 manissimus,
1093 1780 1338 1846 idemque
1369 1780 1725 1834 suavissimus
1756 1796 1853 1833 .rex
1883 1781 1988 1834 Leo
2013 1796 2074 1833 ex
2116 1783 2214 1834 hac

687 1868 790 1920 vita
816 1867 866 1919 in
899 1883 1027 1935 pace
1049 1878 1192 1922 esset
1215 1869 1488 1931 dimissus,
1541 1885 1863 1937 summaque
1896 1885 2077 1924 rerum
2101 1885 2215 1923 om-

685 1957 832 2006 nium
859 1963 1094 2020 potestas
1123 1956 1189 2008 ab
1212 1971 1273 2008 eo
1301 1957 1366 2007 ad
1401 1959 1541 2010 hunc
1565 1959 1886 2022 devenisset,
1932 1958 2210 2013 confestim

689 2042 772 2093 hic
803 2043 916 2110 ipso
946 2044 1093 2095 initio
1119 2046 1419 2112 cujusmodi
1449 2055 1587 2100 esset
1609 2046 1921 2110 declaravit,
1945 2064 2214 2116 quamque

690 2132 819 2183 nihil
856 2132 958 2185 sibi
1015 2133 1299 2200 profuisset
1351 2137 1468 2188 \itte
1516 2137 1866 2199 consuetudo,
1915 2153 2033 2206 qua:
2091 2154 2211 2191 eum

694 2217 859 2273 fratre
890 2222 988 2288 ipsi
1007 2220 1224 2284 fuisset,
1247 2223 1494 2291 quodque
1517 2224 1584 2275 ab
1608 2239 1671 2276 eo
1696 2227 1982 2280 clementer
2001 2226 2214 2282 habitus

689 2315 864 2369 esset;
898 2320 1188 2372 verumque
1225 2322 1344 2359 esse
1377 2308 1725 2360 l’roverbium
1766 2309 1948 2362 docuit
1980 2325 1996 2362 :
2029 2309 2213 2362 Virum

691 2405 1007 2464 potestatem
1059 2396 1338 2448 habentem
1387 2398 1436 2447 in
1469 2397 1618 2465 pejus
1660 2397 1939 2466 proficere.
1983 2397 2217 2466 Repente

690 2499 921 2552 namque
973 2494 1031 2536 ut
1076 2486 1547 2547 scelestissimum,
1595 2501 1658 2539 ac
1703 2487 1932 2540 maxime
1981 2487 2217 2540 nefarius

690 2576 1006 2643 flagitiisque
1036 2589 1098 2628 ac
1126 2574 1467 2628 facinoribus
1495 2575 1866 2643 Opertissimus
1897 2575 2126 2644 quisque
2151 2576 2215 2627 ad

688 2679 808 2718 cum
842 2678 898 2717 se
924 2665 1260 2725 contulisset,
1296 2665 1524 2733 ejusque
1563 2666 1764 2718 assecla
1794 2680 1912 2720 esse
1944 2667 2216 2734 erupisset,

689 2755 758 2804 ita
805 2766 1015 2805 summa
1057 2751 1196 2821 apud
1245 2752 1392 2805 illum
1423 2752 1617 2805 eratin
1654 2754 1845 2822 gratia,
1874 2754 1926 2806 in
1965 2754 2218 2807 consilia-

689 2841 996 2908 riorumque
1083 2856 1359 2894 numerum
1432 2841 1770 2906 admittebat,
1839 2855 1919 2910 ac,
1963 2857 2088 2911 pars
2167 2842 2216 2896 ei

690 2933 865 3000 aliqua
897 2931 1383 2986 administrationis
1411 2931 1619 2998 imperii
1651 2931 2104 2986 committebatur.
2131 2933 2211 2986 Ex

690 3036 797 3087 quo
845 3021 1081 3087 quidem,
1120 3022 1164 3072 si
1211 3021 1339 3087 quid
1412 3033 1568 3074 antea
1628 3035 1813 3073 eorum
1863 3036 1981 3088 quae
2013 3021 2214 3074 occulte

693 3111 744 3161 in
779 3108 993 3160 fratrem
1026 3110 1402 3169 moliebantur,
1443 3110 1600 3176 vulgo
1633 3124 1806 3176 usque
1830 3111 1882 3162 in
1924 3109 1973 3162 id
2009 3119 2214 3174 tempus

693 3197 864 3247 fuerat
888 3197 1148 3264 ignotum,
1176 3197 1224 3247 id
1250 3205 1377 3250 tunc
1431 3198 1600 3263 palam
1623 3197 1731 3263 jam
1763 3206 2049 3264 aperteque
2072 3195 2215 3248 dete-

694 3283 934 3351 gebatur,
994 3283 1432 3349 impudenterquc
1461 3283 1781 3349 jactabatur.
1834 3282 1971 3334 Nam
2006 3293 2061 3336 et
2103 3283 2212 3336 cle-

693 3370 1016 3448 mentissimi
1044 3371 1095 3421 iu
1132 3370 1308 3438 ipsum
1362 3370 1544 3424 fratris
1574 3379 1949 3424 testamentum
1981 3372 2212 3425 rescindi

698 3467 952 3528 coeptum,
974 3467 1176 3511 veteres
1205 3458 1322 3525 ejus
1351 3460 1507 3512 amici
1543 3460 1768 3527 superbe
1792 3460 2215 3513 contumeliosa:-

691 3564 794 3616 quc
841 3548 1052 3600 tractari
1094 3549 1380 3615 rejiciquc;
1441 3549 1697 3601 innocens
1761 3557 2012 3616 praeterea
2067 3557 2214 3602 torus

697 3640 808 3704 ipse
847 3638 1024 3704 regius
1062 3637 1251 3703 injuria
1277 3638 1420 3689 adici
1456 3649 1616 3698 atque
1645 3653 1675 3690 e
1704 3638 1845 3705 regia
1874 3638 2211 3702 submoveri;

690 3739 742 3780 ct
798 3730 896 3780 nisi
948 3728 1103 3780 terris
1154 3725 1407 3780 Dominus
1438 3725 1614 3795 Regia:
1646 3728 1827 3796 stirpis
1861 3741 2046 3781 semen
2083 3726 2209 3779 reli-

687 3821 914 3886 quisset,
969 3818 1139 3884 ipsum
1191 3817 1330 3869 lumc
1377 3818 1559 3881 etiam,
1601 3832 1760 3883 quem
1812 3831 1954 3869 nunc
1991 3815 2212 3869 feliciter

690 3909 970 3975 imperium
1045 3906 1368 3959 obtinentem
1447 3907 1726 3968 videmus,
1800 3905 2208 3959 Constantinum

691 4000 917 4066 ejectum
970 3998 1348 4054 sulmtovisset,
1409 4003 1462 4044 et
1519 3995 1916 4048 adolescentulo
1962 3994 2210 4047 sclaveno

693 4085 979 4150 iacieturpi
1017 4083 1256 4134 moribus
1305 4083 1466 4133 etiam
1507 4081 1752 4146 turpiori,
1783 4082 2037 4134 traditum
2071 4087 2214 4132 esset

696 4173 1096 4241 gubernandum
1129 4170 1408 4236 imperium
1443 4169 1760 4221 Romanum.

762 4265 842 4314 Ab
867 4264 973 4315 hac
1019 4260 1354 4328 iniquissima
1402 4260 1634 4311 novitate
1677 4260 1884 4327 injuria:
1915 4259 2075 4314 etiam
2117 4261 2217 4314 illa:

694 4353 958 4420 prodiere,
1018 4351 1212 4419 quibus
1268 4349 1488 4403 aﬂ'cctus
1543 4349 1641 4402 fuit
1707 4358 1920 4402 sanctus
1977 4350 2063 4402 hic
2112 4350 2212 4403 vir.

698 4443 933 4511 Namque
978 4441 1300 4494 consiliariis
1341 4454 1471 4492 usus
1499 4439 1584 4502 iis,
1618 4453 1753 4506 quos
1789 4437 1896 4492 Leo
1933 4453 2073 4505 saepe
2099 4440 2217 4492 vitae

700 4546 809 4585 suae
856 4530 1077 4582 insidias
1113 4529 1275 4583 fuisse
1326 4529 1537 4582 molitos
1581 4526 1859 4581 manifeste
1894 4530 2214 4591 convicerat,

700 4632 759 4668 ac
790 4627 1068 4683 propterea
1098 4618 1253 4669 etiam
1285 4617 1350 4670 ab
1387 4617 1627 4670 ecclesiis
1675 4618 1962 4683 repulerat,
1996 4617 2077 4669 vel
2116 4617 2215 4685 ipsi

700 4707 899 4770 potius,
949 4715 1087 4757 metu
1132 4720 1194 4756 ne
1229 4705 1764 4772 deprehenderentur,
1801 4721 1896 4759 sua
1935 4721 1993 4759 se
2031 4716 2219 4773 sponte

656 4796 667 4812 ⁸
699 4803 1052 4851 removerant,
1085 4804 1140 4842 ut
1169 4808 1301 4859 quos
1330 4795 1563 4858 ejusdem
1593 4809 1768 4847 secum
1801 4797 2076 4848 sententia:
2101 4810 2218 4848 esse

700 4879 939 4946 putabat,
969 4880 1093 4930 viris
1116 4879 1435 4932 immanibus
1469 4895 1529 4933 ac
1565 4881 1713 4940 feris,
1750 4883 1949 4948 quique
1981 4885 2071 4934 ιιιιὶ
2099 4893 2216 4934 lan-

697 4976 806 5019 tum
838 4967 1059 5034 quaestui
1103 4967 1401 5029 inhiabant,
1431 4983 1492 5019 ea
1540 4969 1753 5021 sarvitize
1790 4972 2029 5037 exempla
2065 4971 2115 5022 in
2155 4973 2218 5023 il-

695 5058 802 5108 lum
837 5056 1022 5118 edidit,
1053 5070 1154 5123 que
1187 5056 1237 5108 in
1269 5070 1388 5108 cum
1425 5057 1505 5107 edi
1544 5070 1638 5123 par
1683 5067 1785 5118 est,
1819 5060 1907 5124 qui
1944 5060 1996 5110 in
2031 5061 2218 5126 hujus-

702 5147 844 5198 modi
902 5145 1278 5200 sceleratorum
1313 5151 1502 5196 manus
1536 5145 1757 5195 traditus
1794 5148 1880 5198 sit.
1918 5147 1990 5199 Ac
2032 5159 2217 5202 eretcra

693 5234 902 5297 quidem
961 5235 1141 5288 videor
1172 5234 1300 5285 mihi
1350 5233 1510 5283 missa
1566 5230 1822 5290 facturus,
1891 5250 2219 5304 quaecunque

691 5322 1130 5375 contumeliosius
1163 5323 1248 5373 ille
1289 5322 1339 5371 in
1389 5330 1603 5373 sanctos
1647 5322 1789 5374 viros
1820 5322 2011 5385 ell'oeit,
2051 5340 2218 5393 eaque

691 5415 1120 5464 commemorabo
1184 5413 1590 5472 tantummodo,
1660 5413 1801 5464 unde
1860 5415 2215 5479 pulcherrime

2312 1719 2634 1765 consecutus
2674 1721 2770 1763 est
2819 1724 2999 1763 casus.
3050 1711 3255 1764 Etenim
3311 1708 3400 1761 ubi
3449 1708 3716 1760 hominem
3767 1707 3844 1758 sic

2311 1815 2626 1868 persuasum
2656 1799 2730 1852 illi
2759 1799 3117 1861 introduxere,
3139 1813 3208 1851 ac
3246 1797 3460 1850 violacei
3490 1795 3688 1849 coloris
3711 1795 3844 1846 ami-

2309 1891 2429 1943 culo
2471 1896 2665 1942 tectum
2698 1902 2865 1942 sacra:
2903 1898 3107 1942 mensae
3147 1888 3449 1949 admovere,
3499 1899 3695 1952 magno
3721 1898 3841 1936 cum

2309 1989 2426 2039 suo,
2442 1985 2552 2028 tum
2569 1975 2709 2027 illius
2724 1975 2903 2028 futuro
2917 1975 3173 2028 dedecore
3187 1974 3443 2042 (quando,
3459 1972 3666 2040 opinor,
3687 1983 3845 2039 pcna

2313 2065 2425 2118 haec
2478 2064 2638 2118 illatae
2678 2064 2794 2116 viro
2840 2073 3027 2118 sancto
3076 2064 3222 2117 necis
3261 2073 3378 2117 erat
3421 2061 3672 2127 futura),
3713 2073 3844 2113 con-

2313 2152 2489 2206 festim
2534 2153 2622 2206 ille
2680 2161 2799 2219 post
2846 2152 3056 2207 facinus
3106 2153 3234 2205 illud
3279 2161 3385 2205 tam
3436 2151 3611 2203 audax
3663 2158 3846 2201 mente

2311 2252 2502 2309 captus
2540 2253 2642 2305 est,
2693 2256 2867 2309 neque
2894 2256 2960 2294 ex
2989 2255 3054 2295 eo
3093 2241 3185 2294 die
3213 2241 3262 2294 in
3297 2247 3560 2309 potestate
3595 2252 3691 2292 sua
3724 2252 3840 2288 am-

2313 2331 2454 2398 plius
2483 2328 2609 2383 fuit.
2647 2329 2859 2383 Nam-ct
2889 2329 3331 2391 audacissimum,
3364 2342 3466 2380 nou
3501 2338 3677 2379 tamen
3699 2323 3844 2378 omni

2312 2432 2374 2471 ex
2416 2427 2563 2486 parte
2597 2417 3111 2485 reprehendendum,
3147 2415 3357 2469 facinus
3398 2414 3600 2482 majore
3636 2427 3756 2464 mox
3782 2425 3845 2465 ac

2317 2505 2696 2574 perniciosiore
2714 2504 2824 2557 alio
2850 2503 3173 2558 ecumulavit.
3218 2503 3351 2557 Cum
3375 2503 3516 2554 enim
3543 2501 3736 2554 statuis
3757 2499 3844 2562 iis,

2315 2607 2433 2661 qua:
2483 2592 2536 2644 iu
2579 2591 2938 2661 hippodromo
2966 2600 3115 2654 sunt,
3143 2590 3360 2646 solitum
3395 2589 3602 2642 Baccho
3637 2586 3848 2640 sacriﬁ-

2313 2684 2453 2736 cium
2485 2681 2597 2735 fieri
2628 2680 2860 2745 fecisset,
2879 2695 3010 2735 sane
3035 2680 3412 2744 meritam'ejus
3441 2679 3518 2734 rei
3550 2679 3847 2732 mercedem

2315 2773 2460 2826 illico
2505 2772 2848 2840 reportavit:
2897 2770 3160 2838 siquidem
3213 2770 3278 2823 iis
3300 2768 3547 2822 .nondum
3586 2767 3843 2836 peractis.

2318 2862 2695 2916 miserabiliter
2737 2860 2985 2916 sublimis
3035 2860 3174 2913 intra
3221 2859 3526 2914 cubiculum
3560 2871 3726 2911 suum
3769 2865 3851 2910 est

2321 2951 2661 3018 importatus.
2686 2948 2826 3002 Casu
2860 2949 3027 3002 nihilo
3065 2947 3284 3001 meliore
3301 2961 3483 3014 ’qttatn'
3503 2945 3603 2997 fuit
3633 2946 3721 2998 ille
3748 2944 3849 2997 ilc-

2319 3038 2487 3099 rodis,
2514 3037 2605 3105 qui
2633 3050 2754 3090 cum
2779 3034 3039 3089 Iacobum
3071 3033 3308 3089 Zebedci
3340 3035 3505 3087 tilium
3535 3034 3588 3087 in
3625 3036 3847 3102 gratiam

2318 3140 2506 3179 eorum
2531 3127 2633 3194 qui
2676 3126 2954 3179 Christum
2995 3125 3320 3188 occiderant,
3357 3124 3739 3188 interemisset,
3785 3139 3849 3176 ac

2323 3215 2538 3266 Petrum
2571 3210 2746 3282 ipsqu
2774 3215 3140 3282 apostolorum
3166 3213 3464 3280 principem
3500 3211 3662 3264 simili
3690 3212 3851 3264 modo

2326 3300 2514 3354 fuisset
2545 3304 2787 3364 adortus,
2818 3301 3069 3353 meritum
3087 3300 3211 3367 ipse
3237 3313 3454 3368 quoque
3481 3297 3740 3353 facinoris
3766 3301 3848 3352 sui

2323 3391 2597 3459 premium
2635 3399 2716 3444 est
2754 3399 3103 3455 consecutus;
3146 3390 3341 3458 quippe
3371 3389 3463 3457 qui
3509 3388 3562 3442 in
3593 3387 3847 3451 maxima,

2321 3491 2441 3545 quae
2471 3479 2535 3530 ad
2583 3477 2724 3531 diem
2765 3479 3056 3531 solemnem
3116 3486 3496 3542 consuerant,
3544 3476 3847 3530 mortalium

2323 3567 2638 3635 frequentia.
2697 3569 2843 3634 regio
2901 3568 3192 3623 satellitum
3246 3568 3504 3622 comitatu
3563 3567 3846 3631 subnixus,

2319 3673 2531 3711 summo
2558 3660 2826 3720 cruciatu,
2858 3658 3184 3712 scatentibus
3221 3658 3463 3727 undique
3484 3671 3552 3712 ex
3581 3656 3700 3726 ejus
3717 3669 3850 3712 cor-

2319 3761 2445 3814 pore
2475 3747 2768 3811 vermibus,
2798 3748 2992 3802 devita
3023 3747 3347 3802 discesserit.

2392 3836 2675 3900 Quomodo
2723 3845 2901 3890 autem
2957 3837 3046 3890 hic
3100 3837 3320 3890 noster?
3363 3833 3542 3889 Nostis
3588 3833 3845 3903 profecto,

2320 3923 2774 3986 quemadmodum
2807 3924 3106 3976 miserrime
3140 3923 3244 3977 fuit
3271 3924 3359 3976 ille
3391 3923 3584 3986 elatus,
3617 3933 3846 3992 quauta-

2317 4023 2420 4076 que
2449 4010 2500 4061 in
2526 4011 2644 4076 ejus
2676 4009 2864 4063 funere
2891 4009 3134 4064 faciendo
3158 4012 3392 4064 adhibita
3410 4011 3699 4075 festinatio,
3721 4011 3846 4063 sella

2326 4099 2490 4166 regia,
2534 4113 2637 4164 qua
2659 4100 2776 4167 ejus
2810 4112 3004 4166 corpus
3038 4099 3366 4167 portabatur,
3399 4097 3698 4162 confracta,
3728 4113 3848 4165 per-

2244 4200 2292 4258 ι)
2321 4187 2444 4240 inde
2469 4202 2532 4240 ac
2563 4187 2606 4241 si
2655 4203 2793 4255 aegre
2845 4187 3055 4240 tulisset
3083 4187 3496 4240 sceleratissima
3525 4200 3584 4240 se
3617 4187 3706 4240 illa
3735 4202 3847 4242 sar-

2319 4277 2436 4327 cina
2490 4289 2728 4344 pressam
2783 4274 2967 4329 fuisse.
3013 4272 3318 4328 Meminisse
3349 4274 3569 4342 potestis
3595 4285 3846 4342 pra-terea

2319 4379 2477 4431 quam
2504 4363 2734 4430 graviter
2762 4361 3004 4432 foedeque
3033 4362 3212 4418 infelix
3244 4363 3374 4416 illud
3414 4378 3610 4433 corpus
3636 4363 3842 4424 feteret.

2319 4460 2659 4520 quantusque
2703 4465 2766 4505 ac
2807 4465 2968 4519 quam
3013 4461 3143 4506 teter
3193 4461 3335 4507 esset
3385 4452 3516 4506 odor
3549 4452 3657 4515 ille,
3689 4467 3842 4520 quem

2318 4541 2714 4593 occurrentium
2766 4539 2866 4593 sibi
2913 4540 3133 4594 naribus
3171 4539 3390 4600 afﬂaret,
3421 4540 3680 4609 ejusmodi
3705 4540 3844 4593 vidc-

2327 4629 2455 4683 licet
2497 4630 2588 4698 qui
2644 4639 2942 4684 aromatum
2989 4645 3107 4698 qua:
3157 4633 3562 4686 incenderentur
3608 4631 3841 4684 omnium

2323 4719 2539 4771 odorem
2579 4719 2952 4773 confunderet.
2993 4720 3322 4774 lntumuerat
3365 4730 3617 4789 przeterea
3653 4723 3839 4774 mirum

2323 4806 2374 4857 iu
2413 4807 2652 4860 modum.
2702 4808 2872 4874 Atque
2897 4807 3012 4861 haec
3042 4809 3252 4874 quidem
3288 4810 3478 4863 divinae
3509 4809 3844 4878 providentiae

2323 4908 2468 4945 nunc
2501 4894 2553 4944 in
2597 4894 2760 4946 rebus
2797 4893 3047 4947 humanis
3086 4895 3206 4948 vine
3242 4896 3399 4964 hujus
3437 4897 3633 4950 indicia
3666 4896 3840 4957 fuere;

2321 4997 2442 5034 nam
2490 4993 2543 5034 ct
2593 4982 3007 5049 colliquescente
3057 4983 3166 5050 jam
3203 4985 3254 5036 in
3296 4995 3562 5054 putrorem
3604 4999 3839 5052 corpore,

2318 5069 2433 5136 ejus
2466 5071 2640 5123 adhuc
2668 5071 2926 5137 spirantis
2951 5071 3157 5124 tabidas
3191 5087 3379 5126 carnes
3407 5089 3471 5126 ex
3506 5073 3840 5127 inferioribus

2321 5157 2473 5209 aiunt
2505 5158 2750 5225 partibus
2799 5157 3104 5224 efﬂuxisse;
3148 5176 3253 5229 quo
3292 5163 3503 5229 quidem
3541 5163 3735 5214 factum
3766 5169 3838 5211 est

2322 5255 2379 5298 ut
2409 5247 2492 5298 vix
2547 5246 2609 5297 ad
2655 5245 2980 5299 destinatum
3027 5249 3325 5316 sepulcrum
3357 5250 3588 5303 delatum
3625 5249 3836 5315 turpiter

2325 5334 2508 5395 fuerit,
2543 5336 3003 5405 ignominioseque
3036 5339 3345 5405 projectum.

2395 5422 2754 5475 Conferantur
2790 5440 2931 5479 nunc
2957 5428 3174 5490 nostris,
3213 5431 3254 5482 si
3279 5431 3466 5496 placet,
3498 5444 3556 5480 ea
3583 5443 3698 5494 qum
3723 5427 3836 5480 huic

4037 72 4073 120 η
