4126 6332
3771 121 3795 157 Ι

665 226 769 289 807
1198 255 1205 260 ·
1852 225 2090 288 JOANN
2095 223 2183 284 ES
2221 223 2646 284 GEOMETRA.
3739 214 3847 277 808

665 338 924 395 saeculum
967 353 1017 391 is
1050 339 1320 408 ‘enmclem
1357 339 1676 408 scriptorem
1727 336 1928 393 referre
1973 339 2241 408 quispiam
2291 341 2506 406 posset?
2550 337 2868 406 Hippolytus
2904 333 3235 387 Marraccins
3270 325 3544 398 (Biblioth.
3585 324 3841 392 Mariam,

669 432 812 494 part.
845 439 860 476 l
897 424 963 476 ad
1004 402 1060 475 v:
1093 422 1325 475 Joannes
1366 402 1662 492 Ceoinetra)
1696 422 1903 485 scribit,
1945 402 2068 477 eum
2101 402 2340 492 ﬂoruisse
2372 425 2511 477 circa
2551 402 2759 476 annum
2774 423 2965 475 salutis
2995 437 3087 489 per
3119 419 3382 473 Christum
3431 423 3688 481 reparata
3714 413 3840 468 980.

674 506 825 561 Unde
851 497 1031 560 tamen
1063 506 1114 559 id
1141 507 1409 571 didicerit,
1443 509 1635 561 tacitus
1667 509 1917 577 praeterit.
1939 507 2094 573 Quod
2127 510 2172 563 si
2204 510 2452 562 nonnihil
2481 508 2869 563 verisimilibus
2903 504 3232 574 coniecturis
3258 500 3424 555 tribui
3456 508 3722 568 operteat,
3739 499 3843 552 hoc

675 607 844 644 unum
879 591 1014 644 forte
1046 607 1152 643 non
1184 592 1529 646 abnuendum
1567 594 1856 655 videbitur,
1903 608 1968 649 eo
2000 594 2118 662 ipso
2164 595 2306 661 quod
2350 603 2456 646 tam
2486 594 2652 646 multa
2684 608 2715 646 e
2756 591 3043 645 Ceometra
3076 590 3128 642 in
3159 597 3403 642 catenam
3435 599 3588 640 suam
3629 583 3841 636 Nicetas

669 678 954 740 derivavic,
980 678 1232 730 omnibus
1256 679 1534 746 perpensis
1560 679 1635 733 rei
1662 679 1952 747 adjunctis,
1977 679 2122 732 haud
2149 678 2530 748 improbabiles
2551 679 2673 731 duci
2701 692 2857 746 posse
2878 675 3116 730 rationes
3135 672 3414 743 opinandi,
3438 671 3508 725 ab
3542 669 3833 724 Geometra

673 761 913 816 Nicetam
943 777 1046 816 non
1070 765 1292 816 omnino
1313 763 1511 832 exiguo
1532 778 1796 817 annorum
1826 764 2104 817 intervallo
2135 762 2440 830 seiunctum
2473 761 2660 817 fuisse.
3276 780 3278 782 ν

739 847 872 912 Quis
901 860 1080 900 antem
1126 847 1304 910 inierit,
1354 849 1607 902 omnibus
1643 848 1748 902 huc
1789 863 1958 917 usque
2002 848 2201 902 mansit
2235 847 2646 914 incompertum.
2686 845 2819 899 lllud
2854 853 3031 899 tamen
3077 857 3140 897 ex
3179 839 3440 895 Vaticano
3479 837 3664 892 codice
3705 838 3841 889 inter

674 933 882 986 Graecos
911 932 1186 986 Palatinos
1218 933 1287 987 Ν.
1319 934 1423 987 ωὶ
1447 934 1653 988 discere
1672 944 1822 986 certo
1844 934 1989 999 licet,
2027 934 2424 1002 presbyteratus
2447 931 2635 983 ordine
2657 945 2779 984 eum
2807 930 3118 996 insignitum
3153 924 3358 988 fuisse;
3390 931 3565 977 exstat
3592 922 3736 975 enim
3765 921 3838 972 ibi

668 1019 789 1085 ejus
809 1018 1003 1081 oratio,
1027 1019 1106 1080 εἰς
1131 1019 1318 1072 ἑαυτὸν
1348 1019 1509 1089 ἡνίκα.
1531 1005 1894 1088 πρεσϐύτερος
1916 1017 2296 1087 ἐχειροτονήθη

2209 1017 2316 1086 ᾕθηι
2348 1020 2401 1066 in
2433 1031 2488 1068 se
2505 1016 2676 1083 ipsum
2704 1031 2822 1067 cum
2848 1019 3175 1066 consecratas
3203 1019 3281 1063 est
3306 1008 3610 1077 presbyter;
3640 1021 3704 1059 ea
3732 1021 3838 1073 qua

667 1103 827 1155 etiam
857 1103 1105 1156 novimus
1130 1117 1276 1162 eum,
1314 1102 1510 1155 nedum
1543 1109 1781 1167 matura,
1807 1101 1903 1157 sed
1935 1102 2066 1156 satis
2093 1113 2345 1169 provecta
2377 1111 2552 1163 :etate,
2576 1103 2791 1170 quando
2827 1101 2934 1169 jam
2971 1096 3312 1157 canescebat,
3344 1093 3661 1160 viribusque
3688 1092 3837 1145 elan—

666 1204 829 1254 gnere
859 1196 1119 1255 creperat,
1147 1189 1522 1256 presbyterum
1551 1196 1943 1244 consecratum.
1983 1186 2114 1254 Ejus
2140 1195 2266 1242 sunt

2210 1195 2266 1239 nt
2306 1189 2507 1241 verba:
2542 1187 2606 1239 Et
2643 1187 2700 1239 δι
2728 1204 2810 1248 τις
2847 1185 2931 1254 εἴη
2963 1185 3072 1238 τῶν
3107 1179 3216 1245 οἷος
3243 1181 3372 1249 ἐγὼ,
3405 1174 3451 1247 ᾧ
3488 1178 3644 1231 πολιὰ
3679 1177 3777 1245 μὲν
3805 1179 3838 1245 ἠ

668 1272 810 1341 θρὶξ,
842 1272 1024 1341 νωθρὰ
1045 1274 1102 1325 δὲ
1131 1273 1239 1324 ὑπὸ
1268 1274 1359 1325 τοῦ
1393 1273 1587 1342 χρόνον
1615 1275 1650 1343 ἡ
1676 1273 1918 1343 δύναμις,
1943 1274 2245 1341 ὑπότρομος
2273 1273 2327 1324 δὲ
2350 1274 2444 1324 καὶ
2471 1267 2790 1333 ὑποσκάζων
2814 1273 2841 1321 ὁ
2867 1269 3042 1335 λόγος,
3071 1266 3257 1319 τοῦτον
3286 1268 3344 1318 tv
3373 1267 3485 1325 τοῖς
3513 1263 3699 1332 ἱδρῶσι
3725 1263 3832 1314 τῶν

668 1357 980 1421 ἀγωνιστῶν
1016 1356 1494 1423 ὲπευφραινεσθαι,
1531 1373 1588 1410 κ.
1632 1374 1684 1409 τ.
1723 1356 1773 1409 λ.
1818 1358 2172 1411 monasticam
2210 1358 2297 1410 vit:

2210 1358 2372 1410 vitam
2406 1356 2711 1424 professum
2755 1354 2904 1407 illum
2937 1353 3128 1414 fuisse,
3163 1351 3305 1405 haud
3341 1364 3544 1416 anceps
3576 1348 3834 1402 indicium

669 1443 973 1508 suppeditat
999 1441 1240 1509 ejusdem
1271 1441 1593 1508 epusculum
1623 1441 1706 1493 cui
1733 1442 1922 1494 titulus
1957 1449 2040 1495 est
2069 1440 2388 1501 Paradisns,
2412 1441 2665 1509 quodque
2691 1454 2814 1494 cum
2846 1438 3154 1492 Morelliana
3184 1434 3430 1490 versione
3449 1434 3558 1500 jam
3591 1433 3647 1485 in
3677 1432 3839 1486 editis

671 1526 953 1580 habemus.
981 1524 1131 1580 Satis
1165 1524 1331 1579 fuerit
1360 1527 1446 1579 hic
1472 1527 1821 1594 descripsisse
1851 1526 2085 1595 primum
2117 1541 2147 1580 e
2181 1526 2343 1581 XCIX
2373 1522 2927 1594 tetrasticbis'quibus
2958 1533 3126 1579 totum
3158 1537 3295 1592 opus
3321 1519 3616 1576 absolvitur
3646 1536 3660 1573 :

1494 1632 1806 1688 Sanctorum
1839 1645 1998 1688 catus
2023 1651 2136 1687 vere
2157 1645 2231 1688 est
2258 1636 2534 1702 paradisus
2567 1648 2821 1705 animans,

1565 1717 1709 1771 Unde
1729 1720 1919 1771 animis
1950 1719 2087 1787 nﬁlat
2113 1719 2286 1770 suavis
2315 1731 2363 1772 et
2390 1719 2563 1772 almus
2602 1721 2752 1772 odor.

1489 1803 1626 1868 Ergo
1653 1805 1738 1853 cui
1767 1802 1956 1868 aﬂ'ectn
1984 1813 2102 1854 sunt
2127 1812 2337 1870 pectora
2370 1803 2497 1854 la'sa
2528 1804 2774 1869 profano,

1566 1883 1681 1936 llnc
1707 1887 1893 1945 veniat,
1927 1887 2107 1953 ﬂorem
2138 1899 2317 1954 carpat
2341 1897 2390 1940 et
2419 1888 2715 1942 ambrosian

732 1989 885 2043 Cmtu
917 1998 1095 2042 autem
1135 1999 1470 2053 sanctorum,
1498 1988 1565 2042 ad
1592 2005 1750 2058 quem
1791 2002 1982 2044 auctor
2028 1991 2238 2052 invitat,
2271 1993 2405 2044 nihil
2439 1993 2711 2061 designari
2743 1993 2910 2056 aliud,
2951 2006 3111 2062 quam
3144 1990 3537 2046 emnobitarum
3571 1995 3840 2041 monaste-

664 2077 827 2138 rium,
856 2091 962 2128 non
997 2077 1157 2128 modo
1183 2091 1269 2128 res
1293 2075 1408 2142 ipsa
1437 2075 1655 2139 clamat,
1688 2076 1780 2129 sed
1808 2084 1860 2128 et
1885 2077 1986 2128 alia
2018 2077 2336 2130 tetrasticha
2380 2078 2730 2140 conlirmant,
2758 2078 2848 2130 ubi
2877 2087 2930 2131 et
2958 2077 3345 2130 monachorum
3376 2075 3577 2127 mentio
3603 2073 3842 2140 injicitur

662 2168 717 2211 et
758 2161 825 2213 de
869 2159 1184 2214 monasticis
1227 2159 1518 2212 virtutibus
1560 2158 1762 2229 agitur,
1794 2160 2055 2229 exemplis
2090 2161 2460 2231 antiquiorum
2503 2162 2900 2218 cmnobitarum
2936 2162 3178 2226 Antonii,
3225 2159 3459 2222 Arsenii,
3489 2157 3839 2218 Bessarionis,

661 2243 978 2312 Agathonis,
1009 2243 1232 2296 Achilla:
1261 2243 1577 2313 propositis.

733 2330 864 2394 lmo,
891 2331 937 2383 si
964 2322 1370 2384 lldes'habenda
1409 2340 1492 2384 est
1518 2329 1738 2386 alterius
1768 2333 2034 2388 sermonis
2060 2334 2235 2399 titulo,
2259 2349 2419 2403 quem
2452 2331 2696 2388 referunt
2724 2342 2836 2388 tum
2871 2332 3293 2402 Christopborus
3326 2328 3514 2384 llarles
3545 2329 3598 2381 in
3635 2326 3751 2381 suis
3778 2327 3841 2378 ad

663 2413 895 2466 Fabricii
927 2412 1313 2468 Bibliothecam
1340 2415 1584 2470 Craecam
1606 2415 2004 2480 additamentis,
2035 2427 2146 2472 tum
2175 2417 2414 2473 Joannes
2444 2419 2636 2472 lriarte
2666 2417 2720 2470 in
2745 2417 3062 2472 recensione
3085 2416 3345 2470 Codicqu
3370 2414 3681 2469 Graecorum
3715 2411 3840 2463 Mss.

664 2499 1009 2552 Bibliotheca:
1041 2497 1389 2565 Matritensis,
1422 2501 1514 2568 qui
1543 2509 1596 2554 et
1637 2502 1904 2569 prolixum
1935 2503 2176 2570 ejusdem
2218 2505 2486 2559 sermonis
2517 2502 2877 2572 fragmentum
2922 2502 3162 2566 exhibet,
3200 2501 3340 2554 haud
3385 2500 3544 2567 plane
3577 2499 3843 2552 immerito

661 2584 929 2653 conjicere
959 2585 1229 2654 quispiam
1287 2594 1470 2653 posset
1499 2624 1514 2648 ,
1550 2584 1808 2640 Joannem
1840 2598 2082 2642 nostrum
2113 2590 2402 2658 episcopali
2431 2603 2647 2657 quoque
2672 2588 2931 2655 dignitate
2957 2585 3152 2639 deinde
3182 2586 3496 2638 decoratum
3531 2583 3721 2636 fuisse.
3753 2580 3846 2633 Ti-

662 2672 808 2724 tulus
830 2670 972 2723 enim
1002 2679 1125 2723 est:
1164 2671 1406 2723 Ἰωάννου
1460 2672 1838 2742 Πρωτοθρόνου
1887 2675 1981 2726 τοῦ
2020 2676 2291 2745 Γεωμέτρι

2213 2693 2339 2745 τρου
2382 2675 2510 2743 περὶ
2547 2672 2642 2724 τοῦ
2683 2673 2874 2742 μήλου.
2912 2670 3133 2724 Joannis
3181 2667 3518 2721 Prototltroni
3564 2666 3842 2720 Ceometra:

660 2774 828 2810 sermo
856 2757 920 2810 de
959 2757 1120 2811 malo.
1150 2757 1320 2811 Porro
1355 2773 1693 2829 quacunque
1744 2761 1810 2815 de
1837 2777 1938 2818 usu
1971 2764 2122 2818 vocis
2152 2761 2533 2832 Πρωτοθρόνου
2578 2768 2875 2828 suppetunt
2925 2766 3161 2809 veterum
3197 2763 3567 2814 monumenta,
3604 2766 3671 2804 eo
3697 2751 3845 2803 colli-

661 2851 824 2896 neant
877 2846 1082 2907 omnia,
1146 2854 1202 2898 ut
1259 2859 1442 2908 nemo,
1489 2845 1583 2916 qui
1632 2848 1991 2918 episcopalem
2054 2850 2288 2919 aliquem
2346 2849 2604 2900 thronum
2670 2859 2777 2898 non
2845 2841 3101 2904 tenuerit,
3163 2840 3264 2892 hoc
3336 2838 3494 2890 titulo
3556 2845 3844 2890 exornatus

658 2936 879 2995 putetur
903 2930 1005 2996 (α).

728 3012 1045 3082 Quanquam
1076 3029 1204 3069 vero
1231 3015 1562 3085 incomperta
1604 3015 1782 3071 adhuc
1809 3024 2025 3071 manent
2054 3014 2278 3072 Joannis
2307 3017 2606 3072 Geometras
2651 3025 2763 3069 tum
2801 3024 2948 3085 gesta
2989 3022 3099 3067 tum
3142 3020 3285 3067 certa
3341 3020 3473 3065 setas
3502 3049 3517 3074 ,
3564 3021 3669 3060 non
3695 3019 3846 3071 aeque

631 3109 839 3161 tamen
872 3100 1160 3154 obscurum
1192 3110 1295 3162 est,
1328 3101 1597 3169 quodnam
1628 3102 1695 3156 de
1729 3118 1793 3156 eo
1818 3100 2103 3168 judicium,
2134 3104 2349 3172 scriptis
2376 3105 2544 3171 ipsius
2586 3103 2865 3172 inspectis,
2907 3101 3183 3154 ferendum
3233 3099 3322 3152 sit.
3357 3096 3677 3149 Balthasssr
3714 3091 3847 3146 Cor-

661 3186 844 3237 dcrius
875 3184 927 3235 in
971 3186 1169 3249 pnes-io
1201 3186 1438 3238 indiculo
1478 3185 1720 3248 Patrum,
1763 3199 1994 3253 quorum
2042 3187 2256 3254 scriptis
2314 3189 2512 3241 texitur
2555 3196 2747 3242 catena
2792 3202 2952 3254 quam
2991 3184 3225 3252 vulgavit
3269 3184 3321 3235 in
3357 3181 3581 3240 Lucam.
3621 3178 3760 3230 hanc
3785 3174 3846 3226 de

665 3269 948 3321 Ceometra
996 3270 1269 3322 ferendam
1309 3271 1630 3323 sententiam
1671 3271 1923 3323 censuit:
1966 3269 2098 3322 Eum
2129 3273 2295 3324 multa
2327 3273 2486 3325 etiam
2527 3272 2700 3323 soluta
2747 3273 2985 3324 oratione
3032 3285 3133 3320 non
3171 3268 3431 3335 eleganter
3477 3264 3647 3315 minus
3693 3275 3844 3328 quam

661 3368 870 3403 nervose
897 3353 1189 3417 scripsisse,
1221 3362 1432 3418 apparet
1459 3369 1522 3405 ea:
1547 3354 1851 3420 fragmentis
1881 3354 1996 3421 ejus
2023 3368 2124 3407 non
2152 3357 2334 3420 paucis
2364 3372 2455 3408 nec
2479 3358 2673 3423 parvis,
2709 3356 2804 3407 hac
2835 3355 3030 3408 Catena
3063 3354 3262 3413 citatis,
3295 3353 3347 3403 in
3376 3349 3562 3418 quibus
3598 3357 3646 3399 et
3681 3346 3842 3397 subii-

664 3453 795 3488 mem
828 3436 1139 3502 theologum,
1173 3437 1480 3489 historicum
1508 3439 1796 3500 eruditum,
1834 3448 1883 3491 et
1917 3440 2251 3507 interpretem
2289 3457 2351 3492 ac
2389 3441 2717 3493 ecclesiasten
2759 3441 3007 3492 eximium
3045 3440 3174 3504 agit.
3224 3435 3554 3488 Marraccius
3597 3432 3841 3483 eumdem

663 3530 920 3589 tanquam
944 3534 1200 3574 oratorem
1230 3540 1290 3574 ac
1317 3533 1521 3591 poetam
1545 3510 1638 3577 suo
1664 3533 1887 3592 tempore
1915 3525 2169 3594 insignem
2202 3524 2541 3594 depraedicat.
2561 3522 2669 3578 Nec
2696 3525 2853 3578 aliter
2879 3523 3241 3578 Combelisius
3273 3521 3446 3589 ipsum
3477 3533 3575 3574 ceu
3609 3517 3843 3569 devotum

661 3619 923 3659 auctorem
951 3617 998 3660 et
1025 3609 1280 3660 eruditum
1318 3597 1516 3664 laudat;

726 3736 805 3804 (τι)
830 3736 986 3790 Conf.
1021 3737 1096 3790 Du
1127 3738 1294 3806 Cang.
1318 3702 1490 3794 Gloss.
1521 3738 1689 3794 Cra'c.
1713 3741 1778 3794 ad
1804 3757 1854 3794 v.
1886 3740 2171 3805 ePONos,
2212 3749 2266 3795 et
2291 3741 2355 3796 cz

1634 3754 1689 3793 'c.
1713 3741 1778 3794 ad
1804 3757 1854 3794 v.
1886 3740 2171 3805 ΘΡΟΝΟΣ,
2212 3749 2266 3795 et
2291 3741 2462 3796 Class.
2491 3740 2606 3794 Lat.
2638 3741 2702 3794 ad
2733 3757 2785 3793 ν.
2812 3740 3263 3794 Pnorarnnosus.

1715 4006 2216 4096 NOTITIA
2287 4007 2772 4094 ALTERA.

1538 4160 1755 4220 (πενίης.
1784 4160 2007 4210 Bibliotlt.
2032 4163 2118 4209 Gr.
2142 4160 2220 4208 ed.
2249 4161 2439 4219 llarles,
2463 4169 2578 4209 tom.
2617 4161 2742 4220 \‘Ill,
2768 4175 2814 4222 p.
2835 4161 2969 4220 625.)

2235 4297 2306 4312 _

712 4371 1024 4422 'Ceomctrre
1049 4367 1430 4420 adscribuntur
1457 4381 1471 4418 :

730 4458 922 4525 llyinni
954 4466 1186 4524 quatuor
1230 4458 1450 4526 elegiaci
1486 4459 1540 4513 iu
1578 4457 1635 4513 S.
1671 4459 1974 4529 Virginem,
1999 4477 2122 4516 cum
2165 4465 2492 4533 metaphrasi
2542 4464 2780 4518 Federici
2851 4463 3078 4527 Morelli,
3125 4464 3382 4533 subjectis
3430 4474 3551 4518 octo
3605 4462 3846 4516 versibus

659 4544 924 4607 iainhicis,
953 4543 1151 4611 quibus
1180 4554 1367 4597 auctor
1401 4546 1496 4609 ait,
1529 4561 1587 4600 se
1615 4547 1776 4602 unius
1813 4563 1842 4601 e
1891 4546 1990 4600 SS.
2025 4548 2290 4603 Trinitatc
2321 4562 2593 4619 parentem
2627 4551 2862 4620 perfecta
2918 4551 3140 4615 decadc,
3173 4552 3428 4606 trecentis
3470 4551 3718 4604 versibus
3752 4552 3848 4615 (tot

658 4632 799 4685 enim
825 4632 1034 4699 στίχους
1068 4632 1498 4700 complectuntur
1524 4631 1598 4686 illi
1633 4634 1860 4703 hymni),
1889 4636 2214 4699 celebrasse,
2248 4639 2586 4689 hexametros
2616 4646 2820 4696 autem,
2848 4646 2906 4690 ut
2935 4637 3310 4704 perfectiores,
3340 4635 3835 4705 imperfectioribus

659 4718 1005 4785 pentametris
1029 4718 1294 4783 junxisse,
1322 4727 1381 4772 ut
1408 4719 1481 4772 illi
1502 4719 1758 4783 divinam,
1793 4721 1846 4773 hi
1871 4721 2160 4775 humanam
2193 4723 2395 4776 Christi
2423 4730 2674 4776 naturam
2707 4724 3056 4776 denotarcnt.

729 4800 968 4870 Hymnus
1000 4803 1050 4852 in
1083 4801 1141 4852 Β.
1190 4801 1469 4870 Deiparam
1515 4804 1904 4872 alphabeticus,
1937 4807 2006 4859 ita
2054 4817 2111 4860 ut
2138 4808 2336 4875 singuli
2371 4809 2624 4861 versiculi
2661 4807 2956 4870 vocabulis,
2987 4807 3055 4860 ab
3095 4806 3281 4861 eadem
3327 4807 3505 4861 littera
3548 4806 3842 4861 secundum

659 4887 903 4940 ordinem
934 4884 1200 4952 alphabeti
1224 4887 1618 4953 incipientibus,
1648 4899 1912 4943 constent.
1944 4890 2112 4945 llosce
2140 4894 2370 4960 hymnos
2406 4898 2456 4948 in
2488 4909 2715 4962 c0rpore
2745 4904 3026 4962 poetarum
3054 4893 3364 4948 Graecorum
3404 4895 3753 4947 heroicorum
3793 4899 3844 4942 et

661 4974 1022 5042 elegiacorum
1052 4973 1214 5025 etiam
1239 4981 1467 5039 utraque
1496 4973 1676 5040 lingua
1706 4975 1945 5042 vulgatos
1968 4975 2170 5028 Gcnev.
2211 4980 2369 5037 16”,
2409 4981 2524 5043 l‘ol.,
2550 4996 2601 5048 p.
2634 4981 2756 5040 746,
2785 4981 2990 5048 primus
3020 4994 3142 5031 cum
3167 4979 3493 5048 metaphrasi
3521 4995 3620 5033 sua
3652 4977 3834 5032 Latina

663 5061 893 5126 vulgavit
923 5069 975 5112 et
1005 5059 1265 5127 Gregorio
1303 5058 1415 5111 XIV
1445 5060 1676 5125 pontiﬁci
1705 5060 1902 5114 dicavit
1932 5061 2218 5116 Federicus
2255 5063 2521 5127 Morellus,
2565 5065 2738 5118 Paris.
2769 5064 2925 5129 l59l,
2951 5063 3003 5118 8.
3040 5064 3120 5116 Ab
3147 5065 3334 5118 eodem
3362 5080 3451 5117 an.
3513 5063 3670 5124 1595.
3706 5063 3760 5123 8,
3793 5063 3844 5113 in

662 5147 833 5198 lucem
861 5147 1042 5199 Graece
1069 5157 1120 5199 et
1147 5145 1332 5197 Latine
1357 5145 1531 5198 editus
1563 5155 1644 5198 est
1671 5146 1890 5199 Joannis
1921 5145 2217 5201 Geometras

736 5231 1050 5296 Paradisus,
1098 5234 1210 5287 sive
1254 5232 1634 5299 epigrammata
1673 5232 1982 5284 tetrasticha
2014 5232 2174 5284 XCIX
2205 5237 2422 5290 moralis
2451 5239 2777 5304 argumenti,
2811 5246 2864 5290 et
2894 5236 3038 5290 dicta
3083 5238 3325 5305 factaque
3360 5237 3456 5289 SS.
3502 5236 3839 5288 Ascetarum.

665 5320 900 5384 Achillm,
930 5321 1245 5388 Agatlwnis,
1274 5320 1554 5389 Apollinis,
1589 5320 1826 5379 Antonii,
1860 5321 2094 5384 Arsenii,
2127 5321 2478 5384 Bessan-iouis,
2507 5322 2776 5383 Curionis,
2807 5319 2977 5382 Isaite,
3015 5319 3274 5389 Eutrapii,
3311 5319 3586 5373 lleliodori
3619 5317 3716 5381 (at.
3746 5314 3845 5365 lsi-

663 5402 822 5467 dori),
864 5405 1039 5467 Lucii,
1099 5406 1308 5471 hlatois,
1367 5403 1640 5471 M:ltiadis,
1701 5403 1894 5468 Pieris,
1962 5405 2174 5470 Pittaci,
2243 5407 2549 5475 Pityriouis,
2602 5407 2859 5474 Simonis,
2932 5406 3125 5473 Sisois,
3189 5405 3423 5461 Theonis
3485 5415 3539 5459 et
3610 5396 3850 5453 Zenonis

666 5487 972 5541 referentia.
1941 5503 1944 5507 '
