4126 6332
247 404 350 467 809
1669 403 1989 465 ΝΟἸῚΤῘΛ.
3320 406 3420 467 810

315 514 557 570 Joannes
587 515 870 572 Geometra
901 514 1094 584 sapius
1123 515 1316 570 citatur
1343 516 1394 570 in
1428 514 1644 571 Catenis
1665 515 1867 571 Graecis
1901 517 1952 569 iu
1978 515 2196 577 Lucam,
2231 515 2386 568 ctiatn
2417 517 2468 568 in
2508 515 2708 569 Catena
2737 530 2897 569 attrca
2933 515 3150 569 Tha-nm
3189 519 3420 586 Aquina-

247 603 343 657 tis.
372 600 572 673 [Atque
600 617 664 656 ex
697 601 900 670 Morelli
929 603 1017 656 ed.
1047 616 1159 656 rec.
1189 603 1241 656 in
1267 603 1570 672 Appendice
1597 603 1727 657 bibl.
1765 602 1978 657 l‘atrum
2004 616 2098 670 per
2125 600 2410 672 Margarin.
2451 602 2515 655 de
2578 602 2624 654 la
2671 601 2758 671 "ig
2787 619 2833 657 ιο
2879 602 3047 656 Paris.
3085 603 3242 666 1651.
3293 614 3344 657 ct
3374 594 3423 656 iu

244 696 392 741 torno
421 685 557 747 ιιν.
581 686 670 741 ed.
703 685 860 751 1654,
898 685 993 741 fol.
1018 684 1111 742 Gr.
1144 700 1208 741 ae
1243 685 1356 741 Lat.
1391 730 1405 747 .

339 771 631 824 lantbicam
657 771 1021 840 Metaphrasin
1067 773 1409 828 Canticorum
1439 772 1496 828 S.
1532 771 1824 843 Scriptura:
1850 790 1880 828 a
1908 772 2113 828 Joanne
2136 773 2418 828 Geometra
2441 784 2546 824 non
2588 770 2874 824 infeliciter
2903 773 3278 826 concinnatam
3330 774 3426 828 ba-

253 858 375 912 buit
402 857 508 913 IIS.
545 857 652 913 Leo
677 858 921 922 Allatius,
956 868 1018 913 ut
1036 859 1150 929 ipse
1170 869 1354 915 narrat
1376 861 1442 914 de
1469 861 1622 916 libris
1644 859 2025 916 ecclesiasticis
2048 859 2355 912 Grmcorum
2381 872 2500 925 pag.
2533 856 2620 909 6‘2.
2651 857 2822 925 Atque
2849 855 3210 926 Parapbrasin
3235 861 3428 915 cantici

248 942 489 1011 Deipara
513 944 616 1014 legi
641 943 696 997 in
717 942 905 999 codice
928 944 1236 999 Colbertino
1264 948 1328 999 ad
1350 947 1735 1018 Apollinariani
1767 944 2008 1000 Psalterii
2027 944 2252 1005 calcem,
2275 942 2510 1011 Cangius
2535 942 2585 994 itt
2615 941 2890 995 Glossario
2915 942 3100 997 Graeco
3119 945 3414 999 adnotavit.

245 1030 503 1085 Similiter
553 1032 608 1084 in
639 1029 826 1085 codice
876 1029 1208 1088 Barocciano
1241 1033 1310 1087 26
1351 1031 1653 1089 Bodleiame
1703 1033 1831 1086 bibl.
1867 1029 2145 1083 Canticum
2189 1028 2352 1081 Mosis
2397 1042 2425 1080 a
2470 1027 2754 1082 Geometra
2790 1030 3169 1098 μεταφρασθὲν
3207 1032 3271 1084 ad
3313 1033 3428 1085 cal-

251 1133 370 1174 cem
385 1118 752 1187 Appollinaris
779 1119 1043 1173 occurrit.
1073 1119 1336 1174 Caeterum
1383 1121 1725 1190 χαιρετισμοὶ
1751 1119 1845 1180 illi,
1877 1120 1987 1172 sive
2018 1115 2198 1186 hymni
2227 1123 2458 1183 quatuor
2489 1105 2550 1166 in'
2572 1113 2628 1165 Β.
2663 1115 2912 1178 Mariam,
2946 1130 3180 1184 quorum
3214 1116 3429 1185 singula

247 1204 484 1259 disticha
531 1218 563 1257 ι
604 1203 869 1258 vocabqu
895 1205 1054 1274 χαῖρε
1085 1204 1371 1274 incipiunt,
1402 1213 1617 1259 exstant
1637 1205 1797 1258 etiam
1829 1218 1961 1256 mss.
2006 1202 2058 1255 in
2105 1202 2231 1254 bibl.
2269 1199 2517 1254 Vaticana
2555 1198 2628 1270 [γ.
2657 1199 2950 1254 Μωιιῐειιιο.
2986 1200 3126 1255 Bibl.
3169 1202 3426 1257 bibliotlt.

246 1304 378 1345 mss.
423 1290 463 1353 1,
495 1304 618 1359 pag.
663 1289 719 1343 5.
747 1286 838 1359 C.]
865 1298 920 1343 et
956 1290 1008 1343 in
1033 1290 1295 1354 Caesarea,
1329 1292 1638 1360 subjuncto,
1677 1290 1859 1344 nescio
1891 1289 2070 1355 cujus,
2111 1287 2164 1341 in
2201 1285 2499 1341 Geometra:
2534 1287 2743 1340 tandem
2787 1289 3146 1355 ἡρωε).εγείῳ.
3204 1287 3429 1343 Exstant

243 1377 402 1430 etiam
438 1390 543 1429 una
567 1390 692 1430 eum
720 1375 1126 1445 epigrammatis
1154 1377 1321 1430 variis
1345 1377 1589 1430 istnbicis
1623 1391 1723 1429 tus.
1756 1376 1808 1428 in
1845 1374 2050 1438 codice,
2083 1387 2242 1442 quem
2278 1373 2385 1438 regi
2415 1371 2882 1426 Christianissitno
2921 1374 3061 1428 dono
3085 1373 3230 1430 dedit
3258 1374 3426 1428 Anto-

152 1523 153 1526 η
243 1462 364 1515 nius
402 1459 701 1530 Eparchus.
760 1459 896 1514 Vide
922 1458 1177 1515 Bandurii
1228 1469 1385 1516 notas
1418 1462 1483 1516 ad
1525 1460 1872 1529 antiquitates
1897 1459 2057 1514 CPol.
2099 1474 2217 1528 pag.
2247 1458 2350 1512 877
2381 1465 2436 1513 et
2471 1457 2598 1521 881,
2636 1463 2726 1527 qui
2757 1459 3096 1514 Ccometram
3132 1462 3424 1529 pessimum

244 1553 453 1612 poetam
487 1545 741 1613 appellat,
781 1543 1001 1612 indigno
1026 1560 1125 1614 pro
1153 1555 1310 1600 :etate
1339 1546 1624 1616 imprimis,
1653 1560 1757 1614 qua
1781 1546 1936 1608 vixit,
1966 1545 2159 1614 elogio.

310 1626 612 1684 Geometras
644 1630 894 1684 homilias
924 1632 1038 1686 sive
1062 1647 1342 1686 sermones
1370 1633 1761 1700 itbpassionem
1797 1630 1996 1685 Christi
2029 1641 2189 1698 atque
2221 1631 2271 1683 in
2305 1629 2365 1682 B.
2397 1631 2684 1699 virginem,
2720 1632 3054 1700 alterumque
3081 1631 3279 1696 ἐξόδιον
3311 1631 3426 1686 sive

244 1714 692 1795 προπεμπτήριον
732 1715 784 1768 in
823 1715 1201 1770 dormitionem
1236 1717 1495 1784 Deiparaa,
1525 1726 1578 1770 et
1599 1716 1817 1770 tertium
1846 1731 1873 1767 a

1801 1731 1817 1767 ι
1846 1715 1911 1768 ad
1940 1716 2184 1768 eamdem
2220 1717 2666 1784 προσφωνητικὺν
2705 1718 2818 1771 sive
2860 1718 3206 1787 χαριστήριον
3237 1720 3430 1773 evolvit

246 1814 613 1870 memoratque
651 1802 880 1857 Allatius
912 1803 985 1857 De
1016 1802 1366 1868 Simeouibus,
1401 1819 1520 1873 pag.
1556 1804 1645 1865 91,
1673 1803 1762 1865 95,
1800 1803 1922 1855 114.
1956 1803 2013 1854 In
2045 1803 2215 1854 altero
2248 1810 2496 1864 testatur,
2531 1819 2589 1856 se
2613 1803 2772 1856 etiam
2807 1805 3142 1873 apocryphas
3170 1805 3234 1858 de
3265 1803 3428 1858 Maria

245 1887 608 1952 narrationes,
655 1902 774 1956 quae
815 1888 1272 1957 evangelistarutn
1320 1888 1541 1957 scriptis
1579 1904 1683 1941 non
1719 1887 1874 1941 adch

1796 1899 2167 1947 versarentur,
2217 1889 2513 1941 attexuisse
2552 1907 2562 1940 :
2615 1889 2959 1940 Συνείλεκται
3009 1890 3063 1941 δὲ
3093 1891 3182 1941 καὶ
3210 1890 3334 1958 ἡμῖν
3366 1892 3425 1942 οὐ

247 1973 407 2040 μόνον
431 1972 532 2025 ὅσα.
551 1973 701 2042 παρὰ
723 1971 829 2024 τῶν
855 1972 1255 2040 etiamdie-stitit
1274 1989 1333 2025 τε
1361 1974 1454 2026 καὶ
1479 1972 1789 2041 προφητῶν,
1808 1973 1940 2024 ἀλλὰ
1960 1974 2053 2023 καὶ
2074 1974 2171 2024 ὅσοι
2197 1975 2325 2039 παρ’
2352 1974 2528 2024 αὐτῶν
2553 1974 2659 2023 τῶν
2682 1975 3012 2041 ἀποκρύφων
3040 1975 3431 2043 ἀνελεξάμεοα,

247 2057 507 2127 σύμφωνα
537 2059 629 2111 καὶ
658 2058 828 2111 ταῦτα
862 2056 1060 2128 δηλαδὴ
1090 2059 1185 2110 καὶ
1215 2057 1480 2110 ἀκόλουθα
1510 2059 1621 2118 τοῖς
1651 2057 2059 2124 εὐαγγελιστοιίς
2091 2058 2184 2107 καὶ
2214 2060 2537 2125 προφήταις,
2575 2059 2666 2108 καὶ
2699 2061 2808 2119 τοῖς
2841 2059 3094 2126 μεγάλοις
3128 2063 3219 2112 καὶ
3248 2062 3427 2132 θεολή-
3508 2107 3513 2112 .

247 2160 396 2206 mat;
433 2145 674 2214 Πατράσι
699 2143 793 2195 καὶ
821 2136 1171 2202 διδασκάλοις.
1207 2142 1422 2194 Eiectat
1450 2140 1505 2193 δὲ
1537 2140 1749 2201 πάντως
1772 2142 1864 2206 ὅγε

1308 2157 1422 2193 stat
1450 2140 1505 2193 δὲ
1537 2140 1749 2201 πάντως
1772 2142 1864 2206 ὅγε
1893 2140 2096 2200 δίκαιο;
2125 2142 2392 2208 ἀκροατὴς
2419 2143 2510 2192 καὶ
2533 2144 2740 2211 κριτής.
2777 2143 2937 2199 Fastt.

311 2229 561 2292 Joannis,
601 2228 906 2290 Geontelrte,
938 2226 1282 2281 Protothroni
1330 2226 1606 2295 (Ἰωάννου
1637 2225 1940 2293 πρωτοορόν

1796 2225 2006 2292 οορόνου
2036 2226 2128 2276 τοῦ
2159 2227 2492 2296 γεωμέτρου)
2524 2237 2661 2280 orat.
2705 2230 2767 2281 de
2803 2231 2961 2292 malo,
2999 2246 3118 2300 qua:
3148 2235 3272 2288 ntali
3313 2237 3425 2302 slve

244 2314 386 2383 pomi
433 2315 615 2367 laudes
663 2311 1028 2381 persequitur,
1072 2311 1315 2381 ejusdem
1369 2311 1672 2365 encomiutn
1708 2326 1974 2377 quercus;
2018 2312 2299 2378 ccphrasis
2346 2312 2520 2377 horti;
2551 2313 2654 2366 alia
2697 2316 2976 2383 ccphrasis
3021 2328 3074 2371 et
3116 2323 3420 2374 eucomium

243 2399 534 2468 quoddam,
562 2399 705 2467 quod
734 2398 842 2452 inc.
879 2397 944 2450 Τί
971 2397 1036 2468 δὴ
1067 2398 1160 2452 καὶ
1204 2398 1264 2451 τὺ
1300 2397 1497 2467 μῆλονς
1540 2405 1666 2450 sunt
1696 2398 1750 2448 in
1797 2411 1872 2448 cet

1797 2397 1918 2448 cod.
1960 2395 2180 2449 liaroce.
2216 2395 2307 2448 ‘25.
2344 2395 2408 2448 ν.
2447 2396 2563 2451 Cat.
2604 2401 2761 2451 codd.
2803 2403 3021 2471 Anglize,
3063 2413 3166 2458 etc.
3203 2405 3240 2468 I,
3287 2421 3338 2474 p.
3370 2408 3420 2460 5.

241 2484 420 2538 Prima
453 2485 627 2537 oratio
655 2483 718 2536 de
761 2482 901 2536 malo
929 2491 1110 2539 exstat
1139 2498 1360 2553 quoque
1394 2483 1446 2536 in
1482 2482 1602 2536 cod.
1639 2498 1750 2552 reg.
1783 2481 1982 2535 Matrit.
2015 2479 2106 2546 82,
2133 2496 2197 2535 ex
2225 2496 2331 2550 quo
2362 2481 2518 2536 illam‘
2543 2485 2832 2554 exscripsit
2862 2497 2916 2540 et
2945 2487 3127 2542 Graece
3156 2491 3428 2560 erulgtmt

229 2569 433 2624 Jriarte
457 2569 510 2623 in
532 2569 702 2623 Catal.
735 2568 894 2623 codd.
925 2569 1020 2624 Gr.
1046 2568 1271 2635 Matrit.,
1298 2584 1420 2639 pag.
1451 2569 1548 2624 501
1584 2583 1704 2637 sqq.

311 2653 597 2709 Florentia:
629 2655 684 2708 in
709 2654 840 2710 bibl.
875 2653 1132 2708 Laurent.
1169 2657 1290 2710 cod.
1317 2653 1388 2718 Χ,
1420 2671 1474 2709 n.
1507 2656 1560 2718 6,
1582 2656 1716 2724 plut.
1756 2655 1809 2710 5.
1837 2654 1923 2712 Jo.
1955 2655 2252 2710 Geometrze
2283 2657 2532 2712 versiculi
2567 2657 2780 2714 iambici
2815 2662 2866 2713 in
2897 2665 3206 2732 martyrium
3237 2663 3425 2718 Ponte-

243 2739 508 2793 leetttonis.
529 2769 591 2780 —
632 2740 684 2792 in
707 2740 828 2794 cod.
849 2739 941 2805 27,
972 2755 1028 2794 n.
1063 2740 1117 2804 J,
1145 2741 1430 2810 explicatio
1466 2739 1532 2793 lx
1560 2741 1893 2795 canticorum
1924 2743 2176 2797 Ecclesia:
2208 2758 2271 2795 ex
2303 2757 2396 2796 ore
2422 2743 2645 2796 Joannis
2677 2745 2998 2808 Geometraz,
3030 2752 3269 2803 carmine.
3293 2751 3427 2805 iatn-

245 2827 386 2889 bico,
420 2841 542 2894 quae
570 2823 866 2880 Bandinius
897 2826 950 2879 in
981 2835 1087 2880 cat.
1122 2827 1283 2881 codd.
1312 2825 1406 2880 Gr.
1440 2825 1603 2880 Laur.
1630 2825 1670 2889 Ι,
1700 2842 1818 2895 pag.
1856 2827 1946 2889 65,
1975 2843 2098 2896 sqq.
2135 2826 2319 2880 Grtece
2353 2827 2646 2894 publicavit
2697 2833 2772 2896 (et
2814 2846 2866 2898 p.
2910 2833 2978 2884 23
3005 2835 3070 2886 de
3096 2835 3215 2886 (ἱΟάΙ.
3260 2833 3420 2889 Laur.

243 2925 398 2966 antea
447 2923 744 2966 memorato
780 2912 930 2982 egit).
986 2913 1129 2966 ldem
1176 2913 1418 2978 adnotat,
1461 2913 1691 2981 primum
1731 2913 1946 2966 illorum
1981 2919 2144 2966 etiam
2174 2928 2293 2966 esse
2329 2914 2380 2966 in
2424 2914 2548 2967 cod.
2594 2913 2814 2969 Barocc.
2851 2919 3033 2978 citato,
3083 2921 3265 2972 omnia
3300 2938 3424 2974 vero

249 2997 435 3050 haberi
468 2996 520 3049 in
549 2996 672 3050 cod.
706 2995 1019 3051 Colbertino
1048 3014 1103 3052 n.
1136 2999 1292 3062 1476,
1324 3013 1496 3067 eaque
1549 2999 1652 3053 sibi
1691 2999 1818 3052 olim
1849 3013 2191 3067 comparasse
2224 2997 2391 3051 Leon.
2427 2999 2702 3063 Allatiutn,
2740 3001 2839 3054 hoc
2873 3003 2988 3067 ipso
3018 3012 3152 3056 teste
3179 3005 3228 3057 in
3285 3006 3418 3058 diss.

244 3081 318 3135 De
353 3081 503 3134 libris
531 3082 712 3135 eccm.
745 3091 853 3135 tom
884 3081 950 3145 ll,
981 3097 1032 3151 p.
1062 3083 1164 3137 617
1186 3101 1201 3149 ;
1225 3085 1459 3154 denique
1485 3084 1767 3144 exstitisse
1795 3083 1956 3137 etiam
1991 3084 2044 3136 in
2075 3083 2204 3138 bibl.
2238 3082 2681 3144 Ull‘eubaehiana,
2716 3084 2891 3138 intlta-e
2927 3086 2964 3138 Ι.
3004 3085 3164 3140 "cur.
3197 3087 3336 3143 Maio
3358 3093 3418 3142 in

245 3168 383 3222 Bibl.
424 3166 628 3238 {'ﬂ'ettb.
652 3185 752 3223 ms.
784 3183 903 3240 pag.
932 3170 1053 3236 482,
1083 3172 1173 3241 qui
1199 3181 1514 3242 argumenta
1537 3172 1872 3240 singulorum
1897 3169 2188 3236 recensuit,
2237 3177 2292 3222 et
2318 3169 2549 3236 primum
2579 3181 2740 3238 atque
2770 3171 3014 3224 ultitnunt
3050 3187 3267 3227 carmen
3296 3183 3418 3226 tan-

245 3269 406 3323 quam
434 3255 693 3309 ineditnm
725 3255 776 3308 in
814 3256 984 3311 lucem
1013 3258 1255 3326 protulit.
1290 3286 1360 3297 —
1382 3257 1437 3312 In
1469 3257 1595 3311 bibl.
1631 3255 1888 3312 Escorial.
1918 3254 2002 3310 Jo.
2035 3256 2332 3310 Gcometrtc
2364 3256 2622 3320 carmina,
2658 3263 2827 3310 totum
2856 3269 3125 3311 certamen
3175 3263 3425 3330 martyris

242 3337 668 3396 Panteelemonis
695 3341 1021 3398 continentia
1047 3343 1144 3412 (a),
1177 3351 1311 3398 teste
1339 3342 1534 3398 Pluero
1566 3345 1620 3398 in
1655 3342 1842 3398 ltitter.
1872 3358 1962 3412 per
2000 3340 2248 3409 Hispan.,
2275 3355 2396 3411 pag.
2435 3341 2555 3394 126.
3088 3357 3094 3363 ·

306 3427 366 3480 In
397 3427 526 3482 bibl.
555 3427 780 3484 Coislin.
811 3429 935 3484 cod.
969 3428 1088 3492 106,
1118 3429 1210 3484 fol.
1239 3430 1360 3491 177,
1390 3428 1479 3483 Jo.
1508 3428 1687 3483 Geom.
1715 3444 1885 3482 sermo
1917 3428 2208 3497 gratiarum
2236 3427 2458 3480 actionis
2488 3427 2539 3479 in
2568 3427 3019 3482 adnuntiatione»:
3055 3428 3296 3499 Dciparc
3323 3434 3422 3502 (b).

248 3512 364 3566 Vid.
384 3511 696 3569 ‘llontfauc.
720 3513 857 3569 Bibl.
879 3513 1106 3570 Coislin.
1149 3530 1269 3585 pag.
1306 3517 1425 3570 181.
1449 3547 1517 3557 -
1549 3516 1684 3570 Ibid.
1715 3531 1768 3585 p.
1800 3515 1900 3569 251
1940 3522 2272 3568 memoratur
2298 3514 2502 3566 Nicetm
2536 3513 2780 3568 collectio
2823 3514 3319 3583 iuterprelationutn
3353 3537 3418 3575 ex

240 3596 468 3651 diversis
497 3599 877 3668 interpretibus
919 3599 996 3668 (in
1027 3600 1132 3663 his,
1162 3600 1319 3654 Joan.
1342 3601 1661 3668 Geometraz)
1691 3603 1742 3654 in
1780 3603 1982 3671 Evang.
2020 3602 2314 3655 secundum
2345 3599 2566 3653 Lucam.

307 3679 397 3735 Jo.
423 3682 611 3736 Geom.
641 3684 858 3752 quidam
894 3685 1076 3753 hymni
1102 3689 1305 3740 suntin
1341 3688 1471 3741 bibl.
1506 3687 1684 3740 Paris.
1717 3687 1861 3755 publ.
1885 3702 1936 3740 cc

1791 3687 1861 3740 bl.
1885 3688 2040 3740 codd.
2076 3687 2197 3739 687.
2240 3714 2303 3722 -—
2348 3685 2501 3751 1050,
2537 3701 2589 3737 n.
2623 3685 2708 3738 15.
2747 3715 2813 3725 —-
2837 3685 2995 3752 9.408,
3024 3704 3075 3743 ιι.
3103 3687 3154 3741 9.
3183 3717 3252 3729 —-
3278 3690 3417 3747 2633

240 3767 368 3819 etin
401 3767 562 3830 2892,
597 3768 931 3822 canticorum
967 3769 1259 3838 Scriptura:
1294 3775 1674 3837 metaphrasis,
1713 3773 1931 3823 heroicis
1967 3774 2230 3826 versibus.

309 3851 578 3906 Monaehii
614 3853 691 3989 lin"
713 3854 846 3909 bibl.
877 3854 1008 3909 elec.
1042 3855 1161 3910 cod.
1193 3856 1288 3909 101
1332 3858 1539 3910 eadem.
1571 3857 1634 3911 V.
1665 3865 1772 3912 cat.
1816 3857 1973 3909 codd.
2006 3857 2098 3910 Gr.
2139 3857 2324 3911 Davar.
2366 3872 2418 3926 p.
2453 3857 2541 3923 58,
2575 3857 2663 3912 ubi
2690 3857 2870 3913 forsan
2909 3862 3107 3917 rectius
3139 3865 3415 3930 scribitur,

309 3937 468 3989 'sibus
507 3936 608 3989 iam
648 3938 760 3989 icis.
1765 3971 1771 3977 -

241 3950 468 3991 ursinus
507 3950 760 3990 IGMDJCJS.

315 4042 651 4099 Vindobonte
677 4044 732 4098 in
764 4042 888 4099 cod.
919 4042 1166 4099 Caesareo
1204 4045 1367 4099 tbeol.
1402 4045 1527 4109 289,
1560 4060 1632 4099 m.
1657 4042 1746 4110 50,
1775 4054 2008 4114 quatuor
2044 4044 2226 4114 hymni
2266 4045 2316 4096 in
2351 4045 2652 4112 Dciparam,
2688 4061 2810 4100 cum
2855 4051 3104 4117 anonytni
3145 4055 3416 4122 I‘pigram-

238 4139 380 4184 mate
409 4131 463 4184 in
493 4129 577 4184 Jo.
605 4129 967 4196 Geometratn,
1000 4145 1109 4187 sec.
1134 4128 1379 4186 Nessclii.
1411 4132 1528 4186 Cat.
1559 4140 1696 4200 part.
1731 4148 1768 4196 ι,
1802 4147 1853 4202 p.
1880 4132 2004 4196 598,
2036 4143 2128 4185 aut
2157 4146 2265 4187 sec.
2302 4131 2550 4187 Lambcc.
2580 4131 2882 4187 Comment.
2918 4135 2978 4198 ν,
3017 4151 3138 4205 pag.
3173 4141 3295 4205 5H,
3328 4160 3406 4210 sq.

237 4219 303 4273 de
329 4218 452 4273 cod.
481 4218 608 4273 253.

306 4304 596 4360 Mediolani
622 4305 676 4360 in
706 4305 837 4361 bibl.
870 4308 1121 4363 Ambros.
1155 4309 1208 4363 in
1234 4307 1541 4378 passionem
1578 4308 1802 4372 Christi,
1834 4311 1968 4358 teste
1999 4300 2286 4354 Montfauc.
2319 4299 2371 4353 in
2403 4301 2543 4354 Bibl.
2580 4301 2869 4356 bibliotltec.
2901 4321 3025 4357 tttss.
3064 4306 3104 4370 l,
3143 4325 3193 4377 ρ.
3227 4311 3322 4366 199
3356 4315 3412 4374 li.

249 4393 439 4446 eodem
471 4391 763 4446 adnotante
784 4393 858 4446 ib.
888 4393 954 4459 ll,
980 4409 1100 4464 pag.
1126 4393 1280 4448 1527.
1312 4392 1374 4447 D.
1397 4392 1480 4448 Jo.
1516 4395 1800 4449 Gcometra
1835 4393 1896 4444 dc
1927 4388 2073 4451 caelo,
2105 4388 2195 4440 Gr.
2229 4388 2364 4440 inter
2387 4390 2542 4441 codd.
2573 4388 2892 4456 «legales-tne.
2935 4391 3102 4444 llam.

303 4475 553 4547 [Joannis
598 4477 881 4533 Geometrae
909 4492 965 4533 ut
997 4481 1190 4549 ferunt,
1219 4484 1454 4535 carmina
1484 4481 1633 4535 varia
1660 4482 1711 4534 in
1742 4478 2020 4533 Attecdotis
2054 4469 2250 4526 (it-uicis
2288 4490 2351 4527 cx
2379 4475 2528 4526 codd.
2574 4491 2697 4526 mss.
2731 4476 3047 4531 bibliotltcrtc
3080 4480 3410 4548 Parisicttst's,

235 4559 332 4615 ει.
363 4562 430 4614 Δ.
465 4563 727 4618 Cramero
766 4564 961 4619 Oxonii
1003 4583 1146 4622 anno
1186 4569 1311 4622 1841
1344 4570 1523 4624 editis.
1556 4567 1711 4622 Tom.
1738 4567 1822 4631 IV,
1859 4582 1910 4633 p.
1938 4563 2059 4614 266.
2097 4561 2399 4614 lbiexstaut
2423 4562 2785 4630 Paraphrases
2822 4563 2883 4614 IX
2915 4565 2965 4616 in
2995 4565 3051 4619 S.
3080 4566 3415 4636 Seripturaut

233 4660 367 4714 quas
381 4645 494 4715 jam
523 4645 818 4704 Bandinius
844 4651 1083 4707 ediderat
1113 4653 1353 4722 Catalog.
1387 4663 1518 4709 tom.
1549 4653 1590 4719 l,
1624 4670 1675 4723 p.
1711 4653 1800 4709 64.
1831 4654 1989 4706 Eutr.
2021 4646 2219 4717 Pna.]
3168 4662 3172 4668 ‘

301 4815 378 4885 (α)
409 4813 568 4892 _Editi
607 4819 858 4892 sub.hoc
905 4822 1100 4877 titulo:
1146 4823 1385 4892 Elogium
1426 4823 1485 4878 S.
1521 4826 1764 4892 martyris
1870 4819 2153 4892 roceianus
2199 4817 2361 4892 ΧΧΫ,
2409 4817 2500 4870 sed
2536 4826 2803 4892 testantur
2835 4826 2888 4869 et
2926 4817 3020 4892 alii
3066 4819 3234 4892 (ἰτωοί
3279 4838 3410 4877 mss.

235 4883 665 4951 Penteleemonis,
697 4885 890 4944 ercis
920 4893 1156 4945 iambicis
1201 4883 1323 4945 olim
1357 4895 1419 4945 ab
1449 4883 1766 4947 auctorevitt-
1870 4889 2100 4950 codices,
2128 4898 2185 4939 ut
2216 4903 2279 4939 ex
2319 4887 2723 4938 Ileortodrontio
2754 4895 2894 4952 patet
2925 4886 3197 4941 Nieodctni
3228 4907 3416 4946 mona-

234 4963 370 5006 certo
415 4952 528 5020 (qui
557 4954 813 5028 Joannes
849 4959 1131 5028 Geometra
1171 4977 1291 5014 esse
1333 4963 1590 5028 creditur)
1636 4964 1767 5014 scri-
1871 4958 2100 5028 chi,_qui
2137 4957 2270 5028 etin
2309 4954 2703 5028 l’rotegomettt's
2730 4957 2798 5006 ad
2839 4971 3085 5009 canottcm
3121 4960 3414 5012 Annuntia-

232 5032 374 5095 ptum
403 5029 454 5095 et
490 5035 518 5073 ε
551 5021 856 5095 bibliotheca
886 5027 1044 5095 Regia
1077 5040 1278 5082 erutum
1310 5047 1340 5081 a
1371 5021 1619 5084 Feden'éo
1651 5029 1766 5081 Mo—
1872 5021 2042 5077 tionis
2058 5039 2175 5075 eam
2209 5025 2346 5095 inter
2387 5021 2520 5095 alias
2553 5023 2792 5095 ejusdem
2820 5029 3120 5093 argumenti
3165 5030 3412 5082 ltoutilias

234 5091 381 5142 ulla.
409 5088 631 5159 Lutetiae
655 5093 810 5157 1605,
840 5088 1011 5150 iri-li.
1050 5098 1201 5150 Enn.
1233 5098 1401 5152 tum,
1872 5102 2132 5154 recenset,
2171 5102 2224 5144 et
2252 5092 2444 5145 deinde
2488 5088 2588 5159 per
2615 5088 2906 5147 decursutti
2935 5099 3304 5148 commentarii
3343 5101 3411 5151 ad

297 5159 372 5226 (ὑ)
415 5156 600 5235 Editus
630 5161 682 5213 in
707 5156 842 5235 libro
863 5166 948 5235 cui
976 5166 1162 5221 titttlus
1192 5186 1204 5220 :
1245 5167 1449 5235 Sylloge
1469 5183 1767 5221 monumen-
1870 5161 2112 5235 eumdem
2155 5173 2438 5235 canonem_
2455 5156 2682 5235 subinde
2714 5164 2992 5235 nonnulla,
3023 5178 3088 5235 ex
3121 5179 3182 5235 ea
3227 5166 3409 5218 decer-

236 5223 403 5304 torttot
529 5232 832 5304 mysterium
861 5231 1219 5304 Conceptionis
1251 5223 1600 5304 immaculata:
1653 5236 1766 5289 Vir-

1871 5243 2000 5304 pta,_
2025 5226 2318 5304 fragmenta
2354 5227 2536 5304 refert.
2569 5231 2808 5304 A_ccedit,
2843 5223 2987 5298 quod
3015 5232 3255 5304 ejusdem
3283 5249 3407 5286 ora-

232 5297 365 5368 girtis
409 5293 657 5368 _Deipal'a:
703 5293 1091 5368 illustrandum,
1147 5320 1271 5356 cura
1326 5303 1445 5357 Ant.
1509 5304 1764 5358 Balleritti
1872 5293 2046 5368 tionis
2067 5293 2357 5362 particulas
2393 5299 2553 5348 modo
2599 5293 2872 5352 brcworcs
2909 5293 3065 5368 modo
3117 5301 3405 5368 longiores,

233 5361 350 5441 ξος.
391 5361 539 5441 11nd.
573 5361 754 5418 Romae
789 5368 959 5441 1856,
981 5361 1120 5440 typis
1154 5374 1208 5424 S.
1234 5374 1306 5426 Ὁ,
1339 5374 1401 5425 de
1431 5376 1766 5441 propaganda
1867 5368 1967 5441 sub
2011 5361 2304 5441 Geometras
2346 5369 2564 5441 nomine
2613 5368 2863 5441 recitatas
2899 5367 3172 5441 cernimus
3210 5361 3324 5421 ἷιιιη
3352 5361 3407 5423 iti

231 5434 349 5507 fide.
375 5431 577 5507 [Ηρῃο
609 5431 1330 5507 sermonem,iniﬁriteditor,
1362 5431 1764 5503 certo-atictori,
1864 5432 2288 5507 CatettaANieeta:
2336 5432 2547 5507 diaconi
2601 5449 2695 5507 ap;
2735 5437 2870 5500 Attg.
2899 5437 3141 5507 _M:_tiutn,
3194 5444 3304 5488 tttttt
3352 5442 3406 5491 in

230 5494 422 5556 Joanni
467 5494 797 5571 Céometm,
826 5494 1202 5562 ascribéndum
1246 5494 1362 5563 esse
1403 5494 1506 5564 non
1557 5494 1769 5564 Vatica;
1864 5509 2026 5557 altera
2057 5502 2361 5554 Grtecorutn
2395 5494 2856 5571 Patrutn'Catena
2896 5503 2947 5553 in
2983 5494 3203 5563 Lucatn,
3244 5521 3405 5571 quam

233 5586 330 5625 nus
359 5570 524 5624 modo
549 5571 714 5623 codex
748 5571 887 5624 inter
923 5573 1137 5629 Graecos
1181 5577 1448 5632 Palatinus
1488 5596 1540 5631 η.
1572 5581 1674 5632 402
1707 5581 1767 5632 ﬁ-
1863 5574 2153 5625 Cordcrius
2180 5571 2344 5622 edidit
2373 5570 2605 5635 :quibus
2639 5571 2758 5622 addi
2793 5579 2962 5636 potest
2993 5588 3153 5622 ατη-σα
3180 5572 3236 5625 S.
3267 5573 3406 5628 Tito—

230 5643 346 5717 dem
392 5639 796 5717 iacitur-tcum
825 5641 1294 5717 .eouCoislinianus
1339 5664 1391 5700 n.
1437 5649 1554 5711 106,
1588 5650 1677 5717 qui
1713 5652 1764 5701 in
1864 5657 1960 5693 ma:
1989 5641 2257 5708 Aqttt’notis
2293 5639 2343 5690 in
2372 5639 2616 5692 eumdem
2649 5637 2848 5690 Lucam
2881 5639 3100 5694 Catena.
3149 5660 3165 5690 ι
3210 5641 3282 5695 In.

230 5709 496 5779 ltnneriali
548 5707 837 5761 Parisiensi
875 5710 1191 5764 bibliotheca
1242 5727 1506 5780 servatur,
1543 5707 1618 5770 ac
1663 5719 1762 5770 Ba-

543 5804 810 5863 Pnaoc.
855 5802 963 5861 Gn.
1011 5805 1167 5863 CVI.
2990 5813 3066 5873 26
