4126 6332
725 322 784 384 81
806 320 818 382 Ι
1949 315 2269 379 JOANNIS
2308 318 2731 379 GEOMETRE

746 479 820 494 ..-

3838 325 3950 386 819.

725 580 987 640 Joannis
1019 578 1360 638 Geometrw
1417 573 1990 633 commentariorum
2040 575 2107 633 in
2137 573 2202 650 S.
2240 571 2480 650 Lucam
2519 574 2862 650 fragmenta
2894 583 3144 634 exstant
3173 576 3240 634 in
3266 577 3496 638 Catena
3527 579 3756 641 Nicone
3787 583 3946 643 Ser—

1716 653 1891 710 rom't'
1920 669 2099 727 quam
2130 649 2370 709 edemus
2400 648 2481 708 ad
2505 648 2738 709 annum
2777 653 2950 714 1090.

1375 938 1673 1052 ΤΟΥ
1746 932 2547 1052 ΜΑΚΑΡΙΟΥ
2620 937 3086 1050 ΙΩΑΝΝ
3097 939 3294 1053 ΟΥ

800 1142 1041 1196 ΛΟΓΟΣ
1076 1134 1690 1193 ΠΡΟΣΦΩΝΠΤΙΚΟΣ
1735 1132 1786 1186 Η
1821 1125 2621 1252 ΧΑΡΙΣΊῊΡὲίέξῚῌᾶξΟΨΝ
2650 1130 3232 1191 ΕΥΑΓῙἝΛΙΣΜΟΝ
3271 1134 3410 1193 THE
3452 1139 3868 1197 ΥΠΕΡΔΓΙΑΣ

1345 1439 1762 1552 BEATI
1838 1405 2456 1550 JOANNIS'
2513 1437 3320 1555 GEOMETRIE

822 1628 912 1690 IN
952 1623 1155 1690 sane
1167 1614 1527 1680 TISSIM/E
1568 1589 1822 1674 DEIPA
1832 1608 2290 1749 ηξῃῦχὲλιὲᾞ

2802 1611 3084 1674 SERMO
3135 1616 3864 1702 PROSPHQNETICUS

1180 1818 1271 1880 (Ex
1293 1813 1491 1876 Sylloge
1523 1811 1581 1860 Β.
1606 1811 1661 1860 Ρ.
1687 1810 1943 1860 musam
1965 1820 2113 1871 supra
2132 1806 2340 1859 laudata.
2373 1807 2498 1858 Loca
2519 1805 2570 1858 in
2589 1807 2788 1861 Catenis
2805 1808 2947 1859 obvia
2967 1811 3105 1861 uncis
3127 1813 3480 1878 includuntur.)

810 2053 844 2103 Ι.
878 2045 1154 2104 Gaudete:
1189 2036 1504 2107 ltoeeezmilti
1540 2037 1697 2091 breve
1739 2035 1898 2088 simul
1927 2043 1981 2088 et
2035 2050 2286 2104 magnum

2458 2032 2541 2085 A'.
2574 2030 2807 2100 Χαίρετε
2865 2031 3020 2084 τοῦτὸ
3061 2048 3150 2099 μοι
3182 2032 3241 2116 τδ
3285 2032 3458 2103 βραχὺ
3504 2035 3596 2089 καὶ
3657 2037 3802 2107 μέγα
3844 2042 3942 2094 τοῦ

743 2144 1005 2197 ttt'atitmis
1044 2135 1346 2192 exordium.
1383 2133 1625 2187 Gaudete
1658 2147 1672 2182 :
1699 2130 1799 2183 hoc
1824 2129 1956 2182 milti
1992 2139 2043 2183 et
2073 2131 2285 2184 initium

740 2247 788 2290 et
829 2233 1059 2286 medium
1077 2237 1129 2282 et
1151 2227 1346 2280 exitus.
1375 2220 1614 2276 Gaudete
1646 2219 1750 2273 :ad
1793 2219 2060 2272 bocnunc
2096 2228 2150 2274 et
2191 2236 2287 2273 na-

742 2339 861 2376 tnra
914 2319 1113 2382 omnis,
1154 2325 1207 2370 et
1254 2327 1432 2368 rerum
1489 2318 1791 2364 creatarum
1849 2310 2196 2371 universitas,
2235 2320 2289 2365 et

741 2429 919 2467 stat-mo
943 2414 960 2480 (
986 2409 1157 2474 meus)
1184 2420 1282 2459 vos
1308 2409 1608 2472 provocat;
1643 2400 1815 2469 magis
1845 2411 1974 2452 vero
2012 2413 2120 2467 pra:
2169 2414 2288 2452 om-

745 2508 900 2558 uibus
935 2498 1273 2556 sermonibus
1307 2509 1413 2548 non
1441 2493 1575 2546 meis
1620 2490 1818 2554 solum,
1886 2504 2070 2543 verum
2127 2490 2287 2543 etiam

745 2591 1042 2647 tumtaliunt
1071 2586 1332 2649 omnittm,
1366 2579 1866 2651 quotquotfuerttut
1898 2587 1952 2633 et
1981 2590 2103 2633 sunt
2127 2579 2290 2632 exsti-

745 2684 868 2742 tut-i,
901 2693 1078 2734 sermo
1108 2678 1214 2740 ille,
1240 2675 1330 2744 qtti
1356 2682 1407 2728 et
1431 2671 1606 2724 Patris
1656 2684 1806 2724 mens
1827 2678 1926 2733 est,
1952 2683 2013 2723 ae
2055 2668 2287 2723 Verbum

746 2771 978 2824 simulet
1016 2767 1202 2831 Filius,
1242 2775 1296 2818 et
1332 2761 1419 2816 Dei
1446 2761 1647 2830 pariter
1675 2769 1726 2814 et
1765 2759 1926 2823 Deus,
1964 2766 2017 2812 et
2048 2761 2288 2816 veracis-

746 2863 913 2916 simus
946 2861 1096 2929 juxta
1134 2871 1194 2910 ac
1229 2855 1657 2926 potentissimus,
1685 2867 1787 2905 non
1830 2853 1988 2906 modo
2013 2859 2069 2905 ut
2102 2851 2291 2920 gaude-

745 2966 921 3004 I‘t‘lii‘ds
949 2949 1155 3011 indixit,
1191 2946 1281 2999 sed
1307 2945 1492 3006 etiam,
1521 2950 1579 2995 ut
1615 2939 1846 3010 gaudere
1900 2954 2200 3007 possemus,
2226 2953 2288 2993 o-

745 3058 867 3109 pere
887 3037 1149 3110 praestitit.
1177 3035 1431 3097 Gaudete,
1453 3031 1571 3085 ειηιὶ
1601 3042 1651 3084 et
1667 3038 1829 3096 terra,
1853 3039 1904 3082 et
1927 3045 2094 3098 genus
2109 3043 2287 3093 omne,

743 3143 794 3182 «ιι
820 3131 995 3191 omnis
1021 3139 1152 3181 aetas
1186 3135 1238 3179 et
1270 3138 1429 3177 sexus
1467 3132 1720 3190 uterque;
1773 3119 1873 3172 viri
1927 3128 1980 3172 et
2012 3120 2287 3183 mulieres,

744 3223 978 3272 virentes
1001 3229 1053 3270 et
1083 3196 1304 3275 mortui,
1335 3227 1420 3266 res
1459 3211 1637 3264 omnis
1667 3218 1846 3263 creata
1880 3218 1991 3261 tum
2046 3208 2281 3262 visibilis

2387 2125 2550 2192 λόγου
2578 2124 2884 2194 προοίμιον.
2915 2123 3156 2193 Χαίρετε·
3201 2118 3360 2178 τοῦτο
3390 2126 3482 2179 καὶ
3502 2128 3645 2199 ἀρχὴ
3674 2131 3768 2182 καὶ
3799 2131 3943 2200 μέση

2386 2214 2478 2266 καὶ
2507 2213 2754 2282 τελευτή.
2791 2213 3045 2281 Χαίρετε·
3086 2211 3243 2266 τοῦτο
3278 2213 3373 2268 νῦν
3408 2215 3502 2269 καὶ
3521 2217 3690 2285 ,φύσις
3721 2220 3816 2289 ὅλη
3847 2223 3945 2274 καὶ

2387 2302 2563 2364 κτίσις
2602 2301 2696 2354 καὶ
2726 2301 2880 2368 λόγος
2915 2300 3302 2355 διακελεύεται·
3348 2303 3547 2372 μᾶλλον
3572 2305 3630 2357 δὲ
3661 2305 3821 2360 τοῦτο
3845 2309 3945 2365 καὶ

2388 2394 2494 2462 πρὸ
2517 2393 2623 2446 τῶν
2646 2392 2871 2466 λόγωνιό
2928 2391 3106 2459 λόγος,
3138 2393 3197 2444 οὐ
3249 2393 3357 2446 τῶν
3390 2395 3538 2464 ἐμῶν
3596 2399 3778 2466 μόνον,
3804 2399 3946 2452 ἀλλὰ

2387 2460 2482 2535 καὶ
2509 2482 2618 2534 τῶν
2645 2460 2862 2534 πάντῶν
2891 2480 3193 2549 ἀνθρώπων
3216 2483 3309 2534 καὶ
3327 2460 3496 2535 δντιυν
3519 2460 3613 2537 καί
3640 2460 3946 2555 ἐσομένων,

2388 2575 2416 2625 6
2443 2572 2535 2626 τοῦ
2566 2571 2777 2640 Πατρὺς
2821 2572 2916 2625 καὶ
2964 2571 3104 2636 νοὸς,
3157 2573 3186 2624 6
3218 2571 3388 2639 Λόγος
3419 2573 3556 2643 ὁμοῦ
3609 2577 3704 2629 καὶ
3731 2576 3880 2643 Υῑδς,
3917 2580 3949 2630 6

2391 2663 2638 2717 καὶιθεοῦ
2675 2662 2772 2714 καὶ
2800 2662 2953 2726 Θεὸς,
2981 2663 3010 2713 6
3032 2661 3396 2731 ἀληθέστατος
3430 2664 3547 2732 ἅμα
3581 2666 3675 2718 καὶ
3702 2665 3952 2720 δυνατώ-

2389 2768 2568 2816 τατος,
2600 2751 2660 2804 οὐ
2700 2752 2978 2815 διετάξατο
3015 2753 3194 2821 μόνον,
3234 2753 3368 2806 ἀλλὰ
3410 2755 3503 2806 καὶ
3538 2757 3948 2827 κατεπράξατο.

2389 2845 2635 2915 Χαίροις,
2669 2843 2884 2913 οὺρανὲ,
2921 2844 3013 2896 καὶ
3063 2844 3133 2913 γῆ
3183 2845 3273 2898 καὶ
3326 2844 3476 2913 γένος
3511 2847 3676 2910 ἅπαν,
3708 2852 3800 2901 καὶ
3826 2853 3951 2919 ἠλι-

2391 2935 2483 2990 κια
2512 2937 2681 2998 πᾶσα,
2705 2934 2801 2987 καὶ
2825 2935 2986 3003 φύσις
3020 2936 3277 3006 ἑκατέρα·
3314 2936 3501 3006 ἄνδρες
3529 2937 3624 2989 καὶ
3662 2934 3945 3004 γυναῖκες,

2392 3027 2590 3092 ζῶντες
2614 3028 2707 3080 καὶ
2738 3027 3083 3096 τεθνηκότες,
3111 3027 3203 3096 ὅλη
3253 3028 3450 3098 γενητὴ
3482 3029 3654 3094 κτίσις
3681 3032 3855 3101 ὁρατή
3886 3050 3950 3084 τε

2394 3124 2484 3175 καὶ
2506 3122 2754 3190 ἀόρατος.
2779 3122 2885 3174 Καὶ
2912 3121 3152 3191 χαίρετε,
3177 3118 3272 3173 οἶδ’
3297 3123 3397 3186 ὅτι,
3423 3121 3516 3174 τοῦ
3552 3124 3787 3192 μεγάλου
3817 3126 3950 3178 τού-

2392 3229 2486 3264 του
2529 3212 2620 3264 καὶ
2666 3210 2926 3280 φλογεροῦ
2982 3214 3218 3280 κήρυκος
3279 3213 3710 3279 ὑπακούσαντες,
3756 3216 3952 3286 ὥσπερ

747 3319 859 3360 tum
884 3305 1188 3358 invisibilis.
1218 3301 1430 3367 Etiam,
1488 3309 1570 3353 sat
1598 3300 1730 3361 seio,
1781 3300 2047 3365 gaudetis,
2107 3309 2290 3366 utpote

2395 3300 2482 3351 διὰ
2513 3301 2640 3369 μιᾶς
2669 3301 2763 3368 τῆς
2794 3301 2953 3367 ἀρᾶς,
2973 3299 3112 3350 οὕτω
3135 3300 3224 3352 καὶ
3250 3303 3335 3354 διὰ
3366 3305 3496 3370 μιᾶς
3525 3303 3618 3354 νῦν
3651 3307 3747 3374 τῆς
3769 3309 3955 3376 χαρᾶς

749 3397 836 3462 qui
861 3410 1109 3460 maguum
1142 3393 1284 3444 hunc
1311 3390 1676 3457 fulgidumque
1725 3389 1966 3442 nuntium
2016 3391 2290 3442 audieritis

2395 3389 2669 3453 γυναικὸς,
2703 3390 2799 3441 καὶ
2830 3390 2938 3451 τοῖς
2975 3389 3150 3451 ἄλλοις
3184 3392 3317 3442 πᾶσι
3345 3391 3699 3460 διαδοθείσης·
3740 3396 3950 3460 μᾶλλον

717 3484 1187 3554 .proelatuautem,
1228 3475 1678 3546 quemadmodum
1706 3477 1832 3530 olim
1861 3492 1952 3545 per
1974 3492 2133 3529 unam
2175 3493 2292 3528 mtt-

751 3576 931 3627 lierem
967 3564 1519 3627 maledictionem,sic
1574 3563 1733 3616 etiam
1803 3570 1948 3617 nunc
1995 3580 2089 3632 per
2128 3580 2290 3618 unam

2396 3477 2450 3527 δὲ
2479 3476 2554 3546 μὴ
2577 3476 2682 3527 τῶν
2716 3477 2975 3546 ῥημάτων
3017 3477 3347 3539 ἀκούσαντες
3377 3480 3556 3547 μόνον,
3588 3482 3699 3533 ἀλλ’
3719 3482 3820 3552 ήδη
3856 3485 3956 3537 καὶ

2393 3564 2498 3618 τῶν
2528 3569 2868 3635 πραγμάτων
2891 3567 2989 3635 τῆς
3019 3566 3239 3636 χάριτος
3264 3569 3689 3634 ἀπολαύσαντες.

751 3663 1024 3716 mulierem
1059 3658 1310 3726 gaudium
1343 3655 1394 3707 in
1427 3653 1561 3708 alios
1587 3667 1800 3722 quoque
1844 3655 2123 3709 universos
2168 3669 2289 3711 esse
2326 3655 2619 3722 dilfusum;
2656 3658 2765 3711 imo
2790 3671 2916 3712 vero
2979 3671 3086 3710 non
3154 3659 3314 3713 modo
3346 3660 3572 3715 audistis
3623 3662 3800 3726 verba,
3855 3664 3952 3718 sed

747 3765 801 3809 rt
831 3770 885 3806 re
917 3754 1028 3821 ipsa
1066 3750 1250 3819 gratia:
1286 3747 1491 3800 fructus
1525 3745 1857 3815 percepistis.

820 3845 880 3897 ll.
907 3843 971 3896 Et
999 3842 1212 3910 quidem
1245 3853 1403 3907 quam
1438 3852 1688 3907 magnum
1717 3836 1867 3902 illttd,
1890 3838 2292 3907 quotletverbis

746 3935 1100 3993 enuntiatum,
1124 3942 1176 3984 et
1205 3927 1874 3997 simulopereemnpletum
1901 3930 2014 3982 est!
2042 3928 2288 3999 Magnum

746 4043 868 4082 rere
909 4041 971 4079 ac
1031 4022 1386 4084 tremendum,
1411 4029 1464 4074 et
1528 4018 1668 4087 quod
1723 4034 1898 4087 neque
1952 4023 2291 4078 sermonibus

745 4116 942 4177 (Ἡρη-ἰ,
976 4127 1147 4181 neque
1175 4110 1358 4165 auditu
1393 4108 1614 4177 percipi,
1646 4108 2113 4174 uequeiutelleetu
2141 4124 2291 4163 com-

747 4204 1001 4275 prehendi
1047 4201 1244 4268 possit!
1273 4200 1413 4252 Deus
1469 4197 1726 4248 hodierna
1759 4195 1845 4246 die
1906 4196 1960 4246 ﬁt
2019 4197 2199 4261 homo,
2242 4211 2294 4252 et

750 4297 909 4348 homo
936 4293 991 4345 lit
1024 4291 1162 4344 Deus
1184 4298 1238 4342 et
1267 4287 1520 4340 inimicus
1547 4283 1606 4336 lit
1629 4282 1869 4350 ejusdem
1898 4292 2106 4337 natura:
2133 4288 2292 4357 parti-

749 4397 872 4450 ceps
902 4396 916 4443 ;
942 4389 994 4432 et
1023 4377 1259 4431 eradunt
1284 4371 1611 4426 amicissima
1649 4385 1768 4438 qua:
1814 4370 2188 4428 inimicissima
2236 4391 2293 4428 e-

752 4477 891 4533 rant,
923 4476 976 4520 et
1003 4462 1580 4534 conjunctissimaqua:
1597 4459 1746 4527 prius
1769 4460 2136 4515 dissitissitua.
2164 4462 2290 4518 Ver-

751 4562 896 4620 Imm,
917 4556 1154 4623 inquam,
1179 4562 1231 4606 et
1258 4565 1404 4614 caro,
1431 4552 1655 4604 materia
1681 4557 1731 4603 et
1763 4549 2012 4610 ﬂamma;
2040 4551 2091 4604 iu
2123 4569 2285 4607 unum

2474 3841 2549 3896 B'.
2608 3840 2693 3902 Ὦς
2744 3840 2885 3908 μέγα
2917 3841 3016 3909 μὲν
3043 3836 3136 3893 οὖν
3181 3843 3242 3896 τὸ
3288 3842 3382 3896 νῦν
3428 3845 3590 3914 ῥηθέν
3621 3863 3678 3899 τε
3705 3848 3820 3916 ἅμα
3851 3851 3952 3904 καὶ

2398 3928 2656 3998 πραχθέν.
2690 3929 2846 3997 Μέγα
2872 3932 2963 3984 καὶ
2988 3932 3231 4000 φρικτὸν,
3270 3934 3362 3986 καὶ
3389 3936 3523 4003 μήτε
3575 3936 3717 4006 λόγῳ
3752 3941 3945 4007 ῥητὸν,

2400 4021 2538 4090 μήτε
2575 4021 2709 4090 ἀκοῇ
2761 4022 3025 4090 χωρητὸν,
3087 4023 3224 4092 μήτε
3273 4025 3347 4093 νῷ
3405 4025 3768 4095 καταληπτόν.
3816 4031 3951 4081 ’Λν-

2404 4109 2619 4179 Ορωπος
2654 4112 2682 4161 6
2711 4111 2862 4174 Θεὸς,
2898 4113 2989 4163 καὶ
3009 4111 3139 4173 Θεὸς
3174 4115 3200 4161 6
3235 4113 3516 4180 ἄνθρωπος
3563 4115 3821 4183 σήμερον,
3851 4122 3951 4170 καὶ

2397 4200 2652 4259 κοινωνὸς
2679 4200 2775 4266 τῆς
2806 4200 3017 4266 φύσεως
3045 4201 3072 4250 6
3107 4201 3316 4269 ἐχθρὸς,
3369 4203 3460 4253 καὶ
3493 4203 3723 4268 φίλτατα
3752 4206 3854 4270 μὲν
3877 4209 3951 4257 τὰ

2397 4287 2800 4355 πολεμιώτατα,
2835 4289 3222 4357 συμφυέστατα
3248 4291 3304 4342 δὲ
3334 4292 3398 4343 τὰ
3420 4291 3551 4359 πρὶν
3575 4293 3942 4359 ἀμικτότατα,

2395 4375 2546 4442 λόγος
2588 4378 2683 4430 καὶ
2739 4378 2896 4447 σὰρξ,
2945 4379 3043 4447 ὕλη
3099 4382 3189 4433 καὶ
3247 4381 3399 4450 φλὸξ,
3432 4382 3622 4452 χρόνος
3649 4385 3746 4436 καὶ
3779 4387 3950 4452 ὄγκος

2396 4468 2522 4533 περ).
2550 4468 2609 4520 τὸ
2645 4469 2870 4537 ἄχρονόν
2899 4487 2955 4521 τε
2997 4473 3089 4524 καὶ⁴
3116 4471 3360 4541 ἄπειρον·
3410 4473 3504 4526 καὶ
3530 4476 3558 4528 6
3597 4477 3949 4545 ἀρασάμενος

2393 4557 2624 4623 εὑλογεῖ,
2665 4565 2754 4612 καὶ
2805 4565 2832 4614 6
2886 4567 2985 4632 τῆς
3030 4565 3187 4633 Ἐδὲμ
3239 4568 3548 4638 ἁποικήσας
3597 4571 3810 4631 ἐνοικεῖ,
3849 4571 3949 4624 καὶ

749 4657 944 4696 coeunt
965 4643 1256 4711 temporale
1288 4641 1496 4708 etquod
1530 4655 1724 4708 expers
1749 4651 1828 4694 est
1859 4644 2137 4711 temporis,
2166 4661 2287 4701 eor-

2393 4649 2654 4713 λαμϐἀνει
2679 4655 2777 4722 τὴν
2824 4655 3119 4722 ἀραοεῑσαν
3160 4657 3318 4724 φύσιν
3345 4677 3402 4711 τε
3435 4659 3527 4713 καὶ
3555 4659 3733 4728 νηδύν*
3769 4662 3868 4714 καὶ
3920 4664 3950 4714 ὁ
3992 4719 3998 4729 ,

753 4750 911 4802 porca
939 4735 1103 4787 moles
1120 4744 1172 4786 et
1203 4730 1346 4799 quod
1377 4739 1458 4784 est
1487 4731 1838 4794 immensum;
1867 4742 1918 4786 et
1941 4736 2030 4803 qui
2067 4737 2290 4790 maledi-

749 4832 918 4882 χρη-ιιι,
955 4821 1223 4874 benedielt
1254 4837 1268 4884 ;
1305 4829 1358 4871 et
1385 4818 1476 4887 qui
1509 4818 1734 4873 abEdeu
1762 4822 2066 4887 exsulabat,
2098 4840 2288 4882 rursus

749 4916 890 4966 lideu
943 4912 1228 4971 inhabitat,
1260 4920 1311 4962 et
1357 4908 1691 4962 utaledictam
1741 4915 1969 4967 assumit
2018 4926 2288 4982 naturam,

743 5007 1164 5068 damnatumque
1190 4997 1331 5052 subit
1352 5006 1559 5051 uterum
1584 5016 1596 5064 ;
1619 5000 2126 5060 videlicetamissam
2147 5007 2286 5063 Eden

2398 4743 2495 4811 μὲν
2545 4744 2712 4812 ’Λδὰμ
2737 4748 2833 4816 τὴν
2876 4747 3057 4815 Ἐδὲμ,
3089 4749 3117 4798 6
3172 4749 3228 4800 δὲ
3257 4750 3590 4818 Δημιουργδς
3612 4751 3810 4820 ἀμφοῖν
3843 4753 3948 4821 τὴν

2395 4836 2816 4902 κατακριθεῖσαν
2865 4838 2963 4900 τὰς
3014 4838 3249 4898 ἀκάνθας
3281 4840 3692 4909 ,ἁντιλαμὸάνεν
3736 4843 3945 4912 μᾶλὶον

2394 4923 2470 4989 δὲ,
2503 4928 2530 4977 6
2553 4927 2651 4994 μὲν
2682 4930 2793 4982 ἀντ’
2823 4915 3036 4999 ἐέεὶνης
3083 4931 3170 4982 τὸν
3209 4931 3456 5000 οὐρανὸν,
3491 4933 3519 4984 ὁ
3553 4934 3606 4987 δὲ
3641 4934 3729 4988 τὸν
3777 4934 3946 5004 οὐρα-

2400 5020 2487 5072 νὸν
2511 5021 2679 5074 λιπὼν
2700 5025 2794 5076 ἐπὶ
2820 5026 2906 5075 τὸν
2930 5025 3062 5094 ᾅδην
3091 5029 3274 5094 χωρεῖ.

741 5191 983 5247 assumit.
1017 5202 1111 5242 seu
1151 5183 1341 5239 melius
1370 5182 1592 5237 dixerim
1622 5185 1713 5240 ille
1735 5202 1829 5254 pro
1855 5187 1998 5243 Ean
2023 5196 2187 5250 caelos
2202 5204 2413 5270 aCCipil,
2450 5208 2534 5262 hic
2568 5227 2694 5263 vero
2730 5214 2894 5266 caelos
2927 5215 3234 5282 relinquens
3258 5215 3325 5269 ad
3365 5216 3570 5270 inferna
3611 5216 3911 5270 descendit.

815 5287 898 5356 Ill.
935 5284 1085 5335 Alius
1113 5283 1293 5350 itaque
1322 5279 1463 5333 aliud
1494 5282 1784 5350 quodpiam
1828 5299 1859 5336 e
1884 5275 2171 5355 mysteriis,
2212 5304 2290 5347 at—

742 5393 842 5440 que
865 5376 1023 5425 aliam
1059 5373 1366 5440 quampiam
1398 5386 1428 5425 c
1454 5371 1883 5428 solemnitatibus
1915 5379 2284 5438 celebrandam

742 5465 919 5529 t-ligttl,
952 5472 1003 5513 et
1034 5462 1224 5529 majori
1258 5477 1366 5531 pra:
1400 5462 1498 5514 ista
1533 5461 1749 5531 dignam
1800 5464 2154 5523 admiratione
2193 5474 2282 5526 Ita-

746 5552 882 5611 Iurat,
911 5551 1074 5602 multo
1107 5565 1437 5620 prosequens
1481 5552 1726 5618 bonore(
1776 5553 2046 5609 Christum
2103 5562 2281 5614 Domi-

748 5653 870 5690 num
900 5641 915 5704 )
950 5648 1157 5705 propter
1187 5656 1286 5697 nos
1318 5653 1523 5704 natum,
1576 5643 1656 5696 vel
1721 5644 2151 5702 manilestautem
2203 5669 2280 5716 se,

2471 5302 2543 5354 l".
2580 5306 2768 5367 ’Ἄλλος
2798 5308 2896 5373 μὲν
2925 5304 3019 5359 οὖν
3058 5309 3184 5361 ἄλλο
3223 5324 3275 5361 τι
3308 5310 3418 5363 τῶν
3466 5313 3793 5381 μυστηρίων,
3849 5311 3947 5363 καὶ

2395 5389 2559 5457 ἄλλην
2591 5395 2711 5442 τινὰ
2733 5394 2842 5444 τῶν
2881 5393 3082 5462 ἑορτῶν
3109 5396 3284 5462 ἀγέτω
3317 5399 3417 5467 πρὸ
3459 5398 3659 5468 ταύτης
3687 5401 3780 5450 καὶ
3808 5397 3946 5450 θανο-

2397 5479 2633 5543 μαζὲτω,
2679 5483 2989 5547 αἰδούμενος
3050 5483 3138 5536 τὸν
3191 5486 3528 5557 γεννώμενον
3569 5488 3654 5539 δι”
3689 5488 3855 5555 ἡμᾶς,
3910 5486 3942 5551 ἢ

2392 5569 2734 5636 φαινόμενον,
2780 5571 2810 5638 ἦ
2845 5573 3383 5641 μεταμορφούμενον,
3431 5580 3524 5629 καὶ
3559 5579 3624 5645 τῇ
3664 5579 3815 5643 φωνῇ
3847 5575 3941 5626 τοῦ

2393 5655 2602 5725 Ματρὸς
2641 5658 2751 5726 ἅμα
2787 5661 2875 5711 καὶ
2908 5664 2970 5731 τῇ
3015 5668 3192 5735 μορφῇ
3222 5665 3314 5736 τῆς
3350 5667 3610 5736 Θεότητος
3636 5666 3940 5734 μαρτυρού-
