4126 6332
725 370 830 437 815

1941 358 2259 443 JOANNIS
2293 380 2719 445 GEOMETRIE

3818 379 3925 445 816

729 488 856 541 tiuie
882 485 1008 553 quid
1039 486 1105 541 de
1135 487 1247 555 ipsa
1283 484 1568 541 lt-stivitate
1597 485 1800 541 sentias
1832 527 1848 551 ,
1879 495 1943 547 _ut
1975 502 2041 541 ex
2073 487 2139 542 iis
2159 503 2281 558 qua:
2318 491 2385 569 ad
2429 490 2673 544 eamdem
2723 494 2989 558 spectant,
3022 492 3124 543 hoc
3153 502 3366 559 quoque
3392 472 3497 544 tibi
3530 488 3601 545 sit
3628 492 3688 545 et'
3702 489 3924 543 veritati

727 589 951 645 prorsus
988 583 1410 630 consentaneum
1427 584 1480 630 et
1515 576 1591 630 rei
1639 575 1871 631 maxime
1907 578 2394 633 accommodatum.
2750 571 2754 575 ’

809 664 892 720 γι.
925 663 1226 735 Duplicem,
1257 676 1317 720 ut
1344 675 1545 720 norunt
1599 680 1812 731 omnes,
1863 652 2271 738 generationem

2446 673 2534 738 ς’.
2568 668 2772 739 Διπλῆν
2796 671 2931 740 ἡμῖν
2952 668 3014 738 γέ
3026 684 3203 739 Νησιν
3229 667 3259 732 ό
3284 666 3441 736 λόγος
3467 662 3574 720 οἶδε
3607 667 3701 722 τοῦ
3725 668 3921 735 Λόγου·

738 751 893 833 Verbi
922 755 1237 824 proﬁtemur
1268 772 1281 821 ;
1320 755 1593 811 ctelestem
1616 755 1865 822 alteram,
1897 771 2129 826 eamque
2167 759 2277 827 pri-

730 845 1119 908 mam,alteram
1153 854 1459 899 terrestrem
1488 859 1719 914 eamque
1744 846 2037 900 secundam
2063 861 2079 911 ;
2105 861 2277 915 quan-

732 952 889 1005 quam
909 952 1079 1006 neque
1093 938 1320 1008 primam
1341 940 1483 993 illam
1502 940 1755 1003 dixerim,
1774 939 1868 994 sed
1892 940 2072 1009 potius
2090 949 2143 994 et
2173 954 2276 995 sm-

729 1027 850 1080 cula
875 1029 1257 1097 praeedentem
1289 1036 1344 1083 et
1372 1037 1628 1085 sternam
1648 1046 1664 1095 ;
1684 1028 1960 1099 quomodo
1998 1029 2145 1084 enim
2193 1015 2294 1082 vel

730 1117 903 1185 prima
933 1128 1094 1185 esset,
1124 1133 1245 1188 qua:
1268 1120 1477 1175 nullum
1505 1134 1744 1189 unquam
1796 1119 2014 1173 initium
2065 1118 2278 1174 habuit!

725 1204 858 1261 Nam
874 1208 1105 1279 primum
1136 1211 1276 1265 inter
1291 1226 1355 1264 ea
1382 1210 1631 1274 habetur,
1648 1224 1769 1280 qua
1786 1210 2013 1280 tempori
2026 1210 2273 1266 subsunt.

728 1298 913 1373 Sedet
945 1315 1299 1368 quarumnam
1328 1301 1499 1369 prima
1534 1301 1648 1355 haec
1670 1300 1854 1355 esset?
1877 1298 2019 1354 Nulli
2048 1314 2277 1369 prorsus

726 1386 956 1440 aliarum
991 1389 1262 1443 ullatenus
1289 1389 1481 1444 similis
1525 1388 1813 1455 invenitur,
1848 1402 1918 1443 ne
1944 1389 2030 1443 isti
2061 1389 2275 1457 quidem

728 1480 969 1532 terrestri
986 1480 1210 1541 scilicet,
1230 1494 1389 1548 quam
1413 1480 1495 1533 sui
1512 1479 1785 1548 prepriam
1810 1479 1924 1547 ipse
1949 1479 2166 1544 habuit;
2184 1478 2277 1533 sed

729 1585 962 1638 superna
982 1571 1093 1635 illa,
1118 1573 1231 1625 sola
1248 1578 1353 1633 eat,
1381 1578 1434 1624 et
1450 1571 1641 1639 quavis
1667 1572 1919 1639 praecelsa
1938 1570 2278 1639 generatione

727 1658 1086 1722 etutinentior;
1119 1659 1285 1725 altera
1314 1674 1443 1713 vero
1474 1660 1744 1713 terrestris
1789 1666 1875 1713 est
1917 1674 1980 1712 ea
2018 1659 2274 1728 quidem;

730 1762 926 1803 omnes
959 1758 1137 1802 tamen
1164 1758 1448 1803 terrestres
1474 1764 1537 1803 ac
1561 1750 1880 1819 temporales
1907 1750 2112 1805 ratione
2137 1749 2275 1803 modi

681 1872 688 1879 .
729 1845 1035 1906 exsuperat.
1066 1833 1240 1909 Atque
1267 1838 1355 1891 illa
1392 1837 1609 1909 quidem
1634 1836 2082 1906 quemadmodum
2125 1846 2275 1891 extra

648 1911 659 1923 ’
732 1932 943 1993 tempus
957 1939 1115 1982 omne
1137 1937 1239 1992 est,
1262 1929 1335 1981 ita
1356 1938 1409 1981 et
1424 1942 1649 1993 omnem
1667 1936 1881 1995 captum
1898 1926 2129 1981 excedit.
2156 1924 2272 1979 Non

2374 763 2472 834 τὴν
2508 763 2604 832 μὲν
2634 762 2829 817 ἄνωτε
2856 760 2952 814 καὶ
3004 758 3251 829 πρώτην,
3304 759 3403 827 τὴν
3447 758 3505 811 δὲ
3552 758 3701 812 κάτω
3726 775 3784 811 τε
3828 773 3925 811 και

2372 852 2648 923 δευτέραν·
2705 847 3141 920 μᾶλλωεδὶτὴν
3196 847 3297 918 μὲν
3343 847 3467 901 οὐδὲ
3501 847 3748 917 πρώτην,
3784 846 3923 900 ἀλλὰ

2375 942 2469 996 καὶ
2515 938 2836 1013 προαιώνιον
2889 938 2984 992 καὶ
3030 937 3221 992 ἀΐδιον·
3272 936 3388 1000 πῶς
3445 934 3555 1006 γὰρ
3590 935 3657 990 ἂν
3703 937 3790 1007 εἴη
3826 937 3928 990 καὶ

2375 1030 2585 1101 πρώτη.
2629 1029 2768 1100 μήτε
2799 1024 3080 1098 ἀρξαμένη
3119 1023 3279 1091 τιστις
3306 1023 3426 1077 τῶν
3446 1023 3556 1094 γὰρ
3579 1025 3684 1079 ὑπὸ
3728 1025 3926 1096 χρόνον

2372 1123 2434 1178 τδ
2462 1119 2697 1194 πρῶτον.
2721 1119 2896 1174 τίνων
2917 1119 2975 1175 δὲ
2998 1119 3091 1174 καὶ
3128 1117 3334 1191 ταύτης
3358 1118 3511 1189 Μήτι
3555 1118 3797 1190 μηδομιᾷ
3814 1118 3926 1173 τῶν

2375 1214 2547 1272 ἄλλων
2570 1216 2775 1277 tutatuta
2803 1212 2986 1283 μηᾶν,
3018 1211 3161 1282 μήτε
3194 1208 3252 1263 όδ
3278 1212 3345 1280 τῇ
3374 1207 3571 1264 ἑαυτοῦ
3612 1208 3789 1282 ταύτῃ
3827 1209 3928 1264 καὶ

2376 1297 2547 1361 κάτον
2585 1303 2698 1357 ἀλλ’
2723 1304 2759 1373 ἠ
2798 1303 2895 1372 μιν
2922 1303 3034 1357 ἄνω
3068 1300 3228 1373 μόνον
3269 1299 3365 1354 καὶ
3407 1300 3548 1371 ὑπὲρ
3593 1301 3706 1356 ἄνω
3738 1302 3925 1369 πάσης

2377 1396 2703 1465 γεννήσεως·
2748 1395 2783 1463 ὴ
2812 1393 2890 1456 δὲ,
2943 1392 3096 1446 κάτω
3147 1392 3267 1462 μὲν,
3304 1386 3446 1462 ὖπὲρ
3494 1392 3553 1445 δὲ
3596 1391 3776 1454 πάσας
3823 1393 3923 1455 τὰς

2377 1486 2528 1538 κάτω
2556 1484 2652 1537 καὶ
2681 1481 2784 1535 ὑπὸ
2825 1483 3036 1550 χρόνον,
3062 1480 3150 1534 διὰ
3201 1480 3291 1533 τὸν
3337 1481 3557 1551 τρόπον.
3604 1481 3712 1547 Καὶ
3759 1482 3792 1549 ὴ
3825 1481 3925 1548 μὲν

2376 1574 2565 1639 ὥσπερ
2597 1572 2845 1642 ἄχρονος,
2881 1568 3023 1623 οὕτω
3053 1570 3147 1623 καὶ
3180 1569 3438 1639 ἄληπτος.
3480 1570 3553 1622 Οὐ
3582 1571 3689 1640 γὰρ
3729 1570 3923 1640 χρόνου

2378 1665 2543 1734 μόνον
2571 1663 2859 1734 κρείττων,
2906 1662 3041 1715 ἀλλὰ
3081 1661 3176 1714 καὶ
3216 1661 3438 1731 τρόπον.
3473 1661 3682 1732 Ὠσπερ
3706 1662 3764 1714 δὲ
3788 1662 3927 1731 ἁλη-

2376 1772 2535 1819 πτος,
2556 1753 2700 1807 οὕτω
2731 1753 2824 1807 καὶ
2849 1753 3031 1817 ﬁmo;-
3058 1753 3120 1805 οὐ
3152 1753 3262 1821 γὰρ
3287 1750 3446 1821 ὑλικὴ
3478 1752 3587 1805 τῶν
3622 1752 3801 1805 ἁῦλων
3831 1753 3928 1804 καὶ

2375 1844 2628 1914 ἀλήπτων
2661 1844 2695 1914 ἠ
2721 1842 2992 1911 γέννησις.
3026 1842 3240 1911 Ὠσπερ
3268 1840 3323 1892 δὲ
3348 1841 3540 1903 ᾱῦλος,
3564 1840 3705 1893 οὕτω
3730 1841 3795 1907 δὴ
3825 1842 3924 1894 καὶ

2364 1936 2733 2004 -ἁσύλληπτοςο
2769 1932 2977 2002 οὑσγὰρ
3010 1930 3205 2000 ἀτελὴς
3232 1931 3516 2001 πρότερον,
3550 1927 3670 1984 εἶτα
3694 1932 3921 1995 τέλειος.

729 2014 873 2067 enim
898 2015 1068 2069 solum
1106 2025 1317 2085 tempus
1346 2031 1528 2079 omne,
1557 2015 1650 2071 sed
1668 2031 1884 2073 omnem
1911 2031 2127 2086 quoque
2151 2031 2272 2071 mo-

2376 2024 2588 2096 Ὄσπιρ
2614 2019 2673 2078 δὲ
2698 2023 3062 2093 ἀσύλληπτος,
3112 2020 3253 2075 οὕτω
3292 2020 3356 2091 δὴ
3417 2022 3512 2073 καὶ
3565 2019 3823 2082 ἀναίτιος·
3862 2020 3927 2072 οὐ

729 2109 854 2160 dum
882 2106 1332 2175 praetergreditur.
1387 2105 1557 2160 Sicuti
1586 2117 1763 2161 autem
1819 2105 2275 2175 incomprehensi-

728 2195 873 2257 bilis,
906 2195 1051 2248 sieet
1084 2193 1154 2248 ab
1179 2194 1327 2248 omni
1377 2195 1603 2248 materia
1661 2203 1748 2249 est
1800 2204 2049 2261 secreta;
2100 2210 2275 2264 neque

728 2288 871 2339 enim
904 2284 1199 2340 materialis
1232 2299 1353 2340 esse
1372 2294 1543 2354 potest
1598 2300 1785 2340 eorum
1831 2288 2127 2355 generatio,
2154 2301 2276 2357 quae

728 2376 1043 2442 incorporea
1070 2382 1197 2429 sunt
1222 2386 1274 2427 et
1308 2374 1887 2442 incomprehensibilia.
1913 2374 2274 2441 Quemadmm

729 2464 860 2518 dum
908 2479 1035 2518 vero
1089 2464 1268 2518 omnis
1317 2466 1575 2526 materias,
1611 2465 1691 2519 sic
1739 2463 1982 2533 proiecto
2029 2467 2270 2535 cujusvis

730 2567 944 2622 quoque
967 2553 1315 2619 praecedentis
1344 2546 1707 2620 conceptionis
1760 2560 1844 2607 est
1897 2566 2119 2621 expers;
2166 2568 2272 2607 non

731 2642 875 2695 enim
896 2643 1044 2711 prius
1060 2654 1143 2696 est
1158 2643 1487 2711 imperfecta,
1511 2642 1703 2697 deinde
1724 2640 1977 2711 perlecta.
1998 2642 2061 2696 Et
2084 2659 2272 2698 rursus

731 2734 872 2789 sicut
893 2735 1297 2805 conceptionem
1336 2735 1558 2800 nullam,
1582 2736 1662 2789 sic
1678 2736 1942 2791 etnullam
1966 2738 2125 2791 habet
2139 2754 2271 2800 cau-

731 2839 868 2887 sam,
890 2836 1107 2896 propter
1134 2840 1295 2896 quam
1324 2824 1465 2884 facta
1518 2826 1585 2881 sit
1611 2843 1625 2891 ;
1658 2840 1765 2903 non
1816 2828 1958 2881 enim
1988 2843 2054 2882 ex
2107 2828 2271 2883 libera

729 2915 1028 2984 cujuspiam
1058 2917 1181 2973 linis
1213 2918 1471 2972 electione
1498 2926 1552 2971 et
1596 2908 1971 2992 prosecutione
2011 2921 2276 2974 exsisten-

2371 2118 2481 2188 γὰρ
2512 2116 2598 2170 ἵνα
2630 2115 2747 2169 τόδε
2778 2132 2854 2180 τι,
2889 2098 2979 2168 δία
3006 2112 3165 2167 τοῦτο
3190 2112 3336 2177 Υἱὸς,
3360 2111 3548 2182 ὥσπερ
3564 2111 3684 2165 οὐδὲ
3712 2110 3925 2179 Πατὴρ,

2369 2206 2491 2259 οὐδὲ
2523 2202 2767 2275 Πνεῦμαο
2805 2204 2873 2273 τῇ
2908 2202 2966 2257 δὲ
2991 2203 3157 2272 ἀρχῇ,
3183 2202 3275 2254 καὶ
3298 2201 3536 2270 αίτιατή·
3571 2197 3686 2262 πῶς
3705 2199 3815 2275 γὰρ
3854 2200 3924 2251 ἂν

2369 2297 2464 2350 καὶ
2495 2294 2579 2363 εἴη
2606 2272 2753 2356 Υἱδς.
2783 2272 2918 2361 μήτε
2934 2290 2995 2355 τὸ
3016 2286 3154 2343 εἶναι
3192 2286 3372 2341 λαϐὼν
3399 2286 3550 2356 παρὰ
3572 2279 3663 2339 τοῦ
3689 2272 3923 2357 Πατρόςς

2370 2386 2479 2440 Καὶ
2510 2386 2544 2455 ἡ
2576 2384 2674 2453 μὲν
2703 2381 2875 2445 οὕτως
2930 2380 3041 2450 εχει
3070 2380 3165 2433 θεαὶ
3214 2378 3350 2445 ἔξει,
3400 2376 3766 2445 πιστευομένη
3823 2374 3927 2445 μὲν

2376 2476 2483 2537 ἀεὶ,
2506 2473 3029 2543 καταλαμϐανομένη
3059 2469 3116 2523 δι
3152 2467 3232 2539 τῷ
3266 2467 3422 2532 πότε,
3450 2468 3485 2538 ἢ
3530 2466 3609 2536 τῷ
3647 2465 3786 2527 πῶς.
3834 2465 3928 2518 οὑ-

2378 2566 2589 2619 δέποτε.
2636 2563 2702 2619 Ἦ
2736 2564 2792 2617 δὲ
2819 2562 2901 2633 τῷ
2938 2562 3038 2632 μὲν
3083 2558 3431 2628 ὰσυνδυὰστῳ
3465 2573 3526 2610 τε
3555 2556 3677 2610 ’καὶ
3720 2554 3929 2609 ἀπαθεί

2376 2650 2470 2703 καὶ
2489 2651 2733 2721 ἁλήπτῳ,
2765 2650 2858 2703 καὶ
2878 2650 3081 2719 ὅμοιοςο
3106 2648 3174 2700 τὰ
3200 2646 3259 2700 δὲ
3280 2644 3462 2711 λοιπὰ,
3486 2645 3739 2715 διάφορος
3761 2644 3925 2709 ὑλική

2375 2759 2435 2795 τε
2455 2741 2549 2794 καὶ
2582 2740 2881 2809 συλληπτὴ,
2909 2736 3133 2808 χρονικὴ
3165 2737 3259 2789 καὶ
3291 2736 3529 2803 αίτιατή·
3564 2736 3658 2788 καὶ
3689 2736 3724 2804 ἡ
3752 2732 3927 2797 αἰτία,
4036 2758 4043 2763 ί

2379 2832 2414 2900 ἡ
2437 2829 2544 2901 ἐμὴ
2566 2830 2825 2900 σωτηρία.
2866 2828 2973 2880 Τοῦ
3000 2827 3105 2897 γὰρ
3142 2824 3272 2878 Θεὸν
3319 2822 3680 2894 βροτωθῆναι,
3712 2822 3773 2875 τὸ
3800 2822 3961 2892 ppo-~

2378 2923 2469 2974 τὴν
2495 2921 2782 2991 θεωθῆναι,
2822 2918 2958 2988 μόνη
2990 2916 3277 2986 πρόφασις.

730 3009 858 3062 tiam
890 3009 1047 3062 habet
1077 3007 1267 3075 Filius,
1297 3009 1375 3063 uti
1400 3024 1574 3078 neque
1606 3006 1783 3074 Pater,
1805 3024 1977 3078 neque
2011 3008 2276 3081 Spiritus;
2314 3013 2407 3077 sed
2470 3012 2524 3066 in
2558 3012 2821 3081 principio
2848 3018 2983 3074 erat,
3011 3008 3137 3064 licet
3198 3007 3406 3078 origine
3424 3024 3531 3063 non
3551 3016 3730 3062 careat
3760 3020 3925 3061 :nam

727 3102 996 3171 quomodo
1016 3099 1185 3158 Filius
1224 3110 1385 3165 esset,
1419 3101 1463 3157 si
1516 3116 1691 3169 neque
1720 3116 1843 3157 esse
1895 3104 2163 3172 acciperet
2208 3120 2274 3159 ex
2312 3103 2702 3173 Patre?Atque
2755 3104 2912 3172 plane
2972 3102 3046 3156 ita
3088 3116 3149 3157 se
3175 3101 3339 3157 habet
3354 3112 3410 3158 et
3431 3102 3667 3166 habebit,
3695 3111 3754 3157 ut
3775 3102 3928 3157 credi

728 3194 944 3263 quidem
1008 3208 1222 3263 semper
1272 3194 1466 3263 possit,
1513 3190 1729 3263 quando
1759 3203 1938 3249 autem
1972 3206 2026 3249 et
2056 3198 2323 3265 quomodo
2352 3198 2445 3260 sit,
2482 3196 2811 3264 intelligatur
2838 3209 3136 3266 nunquam.
3155 3193 3251 3248 llla
3279 3207 3407 3249 vero
3434 3190 3929 3265 (terrestris)sitai-

729 3286 796 3353 lis
825 3292 879 3338 et
902 3285 1013 3353 ipsa
1039 3284 1166 3337 huic
1190 3292 1273 3337 est
1293 3298 1358 3336 ex
1391 3292 1566 3349 parte,
1593 3293 1862 3351 quatenus
1923 3283 2111 3336 eadem
2140 3294 2193 3337 et
2241 3285 2634 3351 copulationem
2694 3283 2965 3336 carnalem
3004 3282 3197 3346 nescit,
3231 3282 3298 3333 et'
3353 3280 3604 3348 passione
3660 3290 3833 3346 caret,
3868 3292 3929 3337 et

730 3352 941 3440 eaptum
974 3380 1233 3439 superat;
1258 3354 1311 3423 in
1330 3371 1539 3423 caeteris
1560 3385 1686 3422 vero
1709 3371 1777 3423 ab
1802 3370 2152 3438 eadiserepat
2173 3388 2187 3435 ;
2205 3387 2327 3425 nam
2356 3381 2409 3425 et
2439 3386 2695 3439 corporea
2724 3380 2831 3433 est,
2863 3377 2919 3423 et
2970 3370 3279 3437 adiunctam
3300 3368 3707 3437 conceptionem
3738 3369 3925 3443 habet,

729 3470 781 3514 et
810 3461 1116 3529 temporalis
1145 3469 1247 3521 est,
1281 3468 1335 3512 et
1372 3459 1531 3511 habet
1576 3474 1795 3513 causam
1818 3502 1831 3524 ,
1892 3474 2012 3527 quae
2060 3460 2274 3528 quidem
2313 3476 2479 3513 causa
2534 3461 2637 3515 iuit
2669 3460 2817 3514 salus
2862 3472 2999 3513 mea.
3032 3459 3199 3512 Unica
3235 3454 3408 3521 enim,
3431 3471 3529 3511 cur
3559 3454 3704 3512 Deus
3769 3473 3928 3515 mor-

731 3552 989 3604 talitatem
1024 3548 1288 3609 indueret,
1314 3547 1425 3601 haec
1457 3561 1619 3599 causa
1657 3545 1780 3610 fuit,
1819 3554 1881 3598 ut
1915 3547 2075 3601 homo
2106 3548 2370 3617 particeps
2391 3550 2614 3603 Deitatis
2637 3548 2942 3613 evaderet.|

803 3640 909 3691 νιι.
942 3636 1006 3690 Et
1032 3652 1161 3691 sane
1188 3651 1295 3690 non
1330 3636 1449 3690 ideo
1502 3638 1679 3690 solum
1727 3636 1865 3690 Deus
1927 3638 2162 3701 advenit,
2217 3647 2275 3691 ut

2446 3640 2519 3693 Z'.
2543 3638 2620 3691 Οὐ
2644 3626 2878 3708 γὰρ’-τὴν
2898 3637 3170 3708 τιμωρίαν
3197 3637 3352 3690 λῦσαι
3383 3638 3560 3708 μόνον,
3601 3639 3721 3691 οὐδὲ
3750 3656 3929 3694 κατα.-

732 3748 946 3803 pmnam
973 3733 1222 3794 solveret,
1258 3745 1431 3799 neque
1449 3731 1621 3783 solum
1644 3741 1701 3783 ut
1723 3741 1997 3797 peccatum
2025 3731 2263 3784 dimittc-
2309 3745 2333 3763 ἰ

733 3828 845 3889 ret;
871 3838 1053 3878 verum
1076 3824 1237 3876 etiam
1264 3831 1320 3876 ut
1348 3823 1502 3876 nobis
1534 3836 1597 3875 ex
1629 3821 1955 3890 benignitate
1996 3838 2092 3876 sua
2131 3823 2273 3875 Divi-

736 3916 920 3969 nitatis
943 3913 1345 3969 similitudinem
1371 3912 1673 3981 largiretur,
1694 3923 1853 3980 atque
1873 3914 1943 3965 ita
1963 3912 2103 3979 quod
2134 3914 2272 3966 male

732 4024 827 4077 per
859 4022 1050 4060 vanam
1097 4005 1469 4059 tantummodo
1528 4004 1866 4073 phantasiam
1915 4006 2269 4073 excogitatum

640 4118 644 4122 ν
730 4100 920 4164 luerat,
948 4099 1049 4151 hoc
1080 4097 1252 4166 ipsum
1279 4111 1437 4165 opere
1469 4096 1700 4162 perbelle
1727 4096 2056 4163 completum
2087 4104 2269 4148 osten-

731 4192 902 4243 deret.
963 4188 1097 4242 Nam
1131 4197 1481 4257 posteaquam
1511 4202 1539 4238 a
1595 4187 1861 4254 principio
1913 4185 2127 4239 invidus
2157 4186 2265 4247 ille,

731 4271 820 4333 ille
848 4280 1128 4346 impostor,
1164 4276 1489 4355 malitizeque
1514 4284 1568 4327 et
1616 4274 1878 4326 mendacii
1908 4282 2060 4340 pater
2110 4273 2273 4325 Crea-

731 4372 902 4415 torem
924 4363 1098 4429 ipsum
1125 4370 1376 4424 tanquam
1407 4358 1641 4409 invidum
1665 4367 1719 4409 et
1740 4359 2051 4411 mendacem
2080 4365 2131 4409 et
2168 4356 2271 4408 im-

734 4459 1005 4519 postorem
1036 4448 1295 4508 traduxit,
1327 4446 1576 4514 inquiens
1606 4463 1618 4498 :
1652 4447 1666 4475 ¹
1703 4444 1841 4509 Quid
1872 4457 1947 4498 est
1976 4446 2113 4515 quod
2135 4463 2271 4513 pra:-

732 4540 864 4607 crpit
902 4539 1041 4592 vobis
1084 4538 1220 4590 Deus
1248 4537 1309 4589 de
1339 4537 1432 4599 hoc
1454 4551 1554 4588 uno
1583 4553 1644 4589 ne
1666 4536 1997 4590 comederetis
2016 4538 2040 4590 ?
2062 4546 2117 4591 ct
2143 4538 2269 4591 illud

733 4629 932 4683 addens
958 4630 979 4657 ¹
1008 4645 1021 4679 :
1060 4627 1126 4680 In
1149 4643 1445 4697 quocunque
1459 4626 1544 4680 die
1572 4626 1898 4683 comedenti:
1920 4643 1984 4680 ea:
2011 4644 2092 4691 eo,
2123 4630 2271 4681 eritis

732 4717 867 4769 sicut
894 4717 1004 4779 dii;
1037 4727 1196 4781 atque
1229 4717 1300 4769 ita
1333 4720 1545 4769 demum
1608 4716 1879 4772 hominem
1936 4733 1966 4771 a
1989 4718 2095 4772 Deo
2120 4734 2272 4772 erea-

735 4817 843 4858 tum
874 4804 1163 4859 vanissima
1191 4807 1366 4873 specie
1395 4806 1686 4875 dignitatis,
1717 4824 1837 4876 qua:
1869 4819 2064 4877 prreter
2110 4821 2269 4862 natu-

730 4909 844 4945 ram
866 4904 1025 4957 esset,
1058 4896 1127 4948 ab
1151 4910 1214 4949 ea
1245 4911 1459 4965 quoque
1488 4897 1676 4965 gloria,
1715 4913 1835 4965 qua:
1865 4908 1946 4951 est
1974 4899 2267 4951 secundum

2376 3729 2537 3781 λῦσαι
2558 3727 2654 3795 τὴν
2679 3726 2971 3798 ἁμαρτίαν,
3003 3727 3141 3781 ἀλλὰ
3179 3727 3274 3797 καὶ
3301 3726 3629 3798 χαρίσασθαι
3655 3729 3757 3799 τὴν
3814 3732 3930 3783 ισο-

2375 3820 2546 3885 οεϊαν,
2579 3821 2671 3874 καὶ
2700 3821 2762 3874 τὸ
2782 3821 2967 3884 κακῶς
2996 3822 3301 3891 φαντασθὶν
3350 3822 3529 3891 μόνον,
3583 3823 3763 3886 καλῶς
3790 3825 3931 3876 ἀπο·
3986 3829 3991 3831 ‘

2372 3908 2618 3962 τελεσθὲν
2638 3907 2783 3979 ἔργῳ
2813 3908 3019 3975 δείξων,
3056 3910 3187 3973 Θεὸς
3230 3910 3508 3981 ἐλήλυθεν.
3561 3910 3774 3981 Ἐπειδὴ
3810 3916 3930 3984 γὰρ

2372 3998 2632 4068 φθονερὸν
2661 4001 2689 4051 ό
2727 4000 3001 4071 φθονερὸς,
3045 4002 3139 4054 καὶ
3165 3999 3405 4070 ψεύστην
3455 4000 3551 4053 καὶ
3602 4002 3867 4073 σοφιστὴν
3898 4007 3931 4057 ὁ

2374 4090 2629 4158 σοφιστὴς
2663 4090 2761 4158 τῆς
2803 4091 2999 4151 κακίας
3032 4092 3124 4143 καὶ
3148 4091 3240 4143 τοῦ
3262 4091 3487 4160 ψεύδους
3516 4091 3701 4161 πατὴρ
3725 4091 3932 4144 unwe-

2372 4195 2433 4230 το
2471 4179 2570 4247 τὴν
2606 4180 2782 4248 ἀρχὴν
2812 4180 2904 4230 τὸν
2932 4182 3292 4249 Δημιουργὸν,
3342 4180 3530 4247 λέγων·
3587 4183 3646 4233 Τί
3694 4179 3784 4232 ὅτι
3836 4180 3936 4251 ἐν·

2378 4269 2643 4320 ετείλατο
2677 4268 2817 4334 ὑμῖν
2838 4271 2870 4320 ό
2908 4269 3048 4332 Θεὸς
3080 4269 3198 4321 ἀπὸ
3224 4270 3440 4321 τούτου
3470 4270 3664 4334 μόνον
3687 4267 3775 4335 μὴ
3806 4286 3931 4335 φα-

2338 4400 2343 4404 .
2373 4356 2536 4422 γεῐν;
2563 4358 2767 4420 καὶτὸ,
2798 4352 2871 4428 ’ᾙ
2903 4356 2954 4408 δ’
2991 4357 3068 4411 ἂν
3107 4358 3296 4424 ἡμέρᾳ
3326 4357 3550 4425 φάγητε
3585 4357 3686 4411 ἀπ’
3708 4359 3928 4423 αὑτοῦ,

2373 4445 2588 4498 ἔσεσθε
2626 4450 2704 4509 ὼς
2758 4445 2899 4500 θεοί·
2962 4447 3056 4498 καὶ
3114 4446 3254 4498 οὕτω
3298 4447 3389 4498 τὸν
3451 4445 3931 4516 δημιουργηθέντα

2375 4536 2639 4606 φαντασίᾳ
2667 4534 2823 4604 δόξης
2843 4534 2942 4605 τῆς
2966 4536 3117 4606 παρὰ
3137 4535 3318 4604 φύσιν,
3350 4537 3443 4589 καὶ
3467 4538 3567 4605 τῆς
3596 4537 3734 4590 κατὰ
3757 4537 3932 4608 χάριν

2373 4626 2615 4692 ἐξέϐαλε,
2656 4626 2749 4679 καὶ
2781 4628 2878 4697 τὴν
2913 4626 3075 4696 φύσιν
3102 4626 3415 4695 ἀνέτρεψεν,
3440 4630 3468 4679 ὁ
3491 4626 3647 4697 μόνος
3675 4627 3933 4695 ἀφθονώ-

2371 4733 2530 4779 τατος
2560 4717 2650 4770 καὶ
2672 4718 3032 4789 ἀληθέστατος
3064 4718 3158 4771 καὶ
3193 4704 3580 4784 δόνατὼτατος,
3608 4717 3701 4771 καὶ
3725 4718 3927 4785 φιλαν-

2374 4808 2716 4878 θρωπότατος
2765 4811 2856 4862 καὶ
2883 4810 3208 4877 σοφώτατος,
3255 4803 3336 4871 οἷς
3382 4810 3503 4862 τότε
3549 4808 3651 4881 μὲν
3668 4810 3728 4863 τὸ
3758 4810 3928 4873 ξύλον

2372 4896 2566 4961 αὐτοὺς
2595 4898 2919 4961 ἐθανάτωσε,
2971 4896 3030 4950 τὸ
3079 4898 3178 4965 μὲν
3230 4897 3456 4965 ἀψευδὲς
3493 4899 3705 4965 ἑαυτοῦ,
3739 4899 3804 4952 τὸ
3862 4901 3927 4953 δὲ

730 4985 1217 5052 gratiam,dcjecit,
1272 4987 1689 5056 universumque
1737 4989 2032 5041 humanum
2099 5003 2266 5056 genus

2372 4984 2559 5052 ψεῦδος
2588 4987 2793 5039 ἐκείνου
2826 4986 2917 5039 καὶ
2945 4985 3035 5037 τὸν
3072 4984 3264 5053 φθόνον
3287 4984 3577 5053 ἐξέλεγξεν·
3600 4985 3681 5069 οἷς
3710 4987 3766 5039 δὲ
3805 4987 3913 5039 καὶ

728 5076 1091 5140 pessumdedit
1113 5094 1126 5140 ;
1146 5076 1211 5139 is,
1226 5078 1313 5145 qui
1330 5078 1476 5132 solus
1493 5078 1690 5131 invidia
1710 5093 1929 5145 prorsus
1945 5088 2026 5131 est
2041 5094 2260 5142 vacuus,

723 5173 778 5217 et
837 5166 1233 5230 veracissimus,
1287 5176 1341 5219 et
1376 5166 1825 5235 potentissimus,
1881 5174 1933 5217 et
1988 5166 2262 5219 hominum

727 5255 1151 5318 amantissimus,
1199 5257 1759 5324 sapientissimusque,
1807 5264 1934 5307 tunc
1967 5256 2182 5322 quidem
2215 5267 2267 5310 et

730 5359 883 5397 suam
917 5346 1087 5414 ipsius
1111 5349 1481 5409 veracitatem,
1508 5347 1649 5398 illius
1689 5354 1864 5397 autem
1888 5344 2150 5397 fallaciam
2183 5346 2264 5398 iu-

724 5437 1027 5504 virliamquc
1066 5439 1327 5506 probavit,
1356 5451 1478 5491 eum
1532 5435 1657 5503 ligni
1708 5448 1832 5487 esus
1866 5448 1959 5487 eos
2002 5436 2263 5490 mortales

726 5527 935 5593 elicuit;
960 5545 1104 5584 nunc
1135 5546 1279 5595 vero,
1310 5530 1437 5583 dum
1480 5528 1593 5594 ipse
1633 5528 1830 5594 lignum
1863 5528 1986 5581 vitae
2018 5529 2259 5595 elfectus,

798 5706 812 5731 ‘
844 5701 971 5754 Gen.
1002 5719 1077 5765 Ill,
1113 5703 1162 5755 ἃ.
1235 5701 1417 5771 ’βαιὴ
1450 5717 1527 5763 Ill,
1562 5703 1611 5756 5.

2374 5075 2465 5130 νῦν
2494 5078 2650 5139 αὐτὸς
2685 5078 2881 5138 αὐτοὺς
2906 5076 2965 5128 τὸ
2992 5075 3091 5144 τῆς
3118 5074 3261 5145 ζωῆς
3285 5075 3437 5142 ξύλον
3461 5064 3680 5143 ὲθέωσε,
3710 5076 3771 5129 τὸ
3799 5078 3931 5129 Θεο-

2374 5166 2581 5234 πρεπὲς
2616 5166 2809 5219 ἑαυτοῦ
2836 5166 2930 5218 καὶ
2963 5165 3312 5231 ἀγαθώτατον
3350 5166 3679 5237 ἐφανέρωσε·
3721 5170 3818 5219 καὶ
3854 5167 3929 5220 δι’

2372 5250 2445 5308 ὧν
2477 5258 2575 5325 μὲν
2595 5259 2683 5308 τὸν
2702 5257 2901 5326 τρόπον
2934 5255 3176 5319 ὑπέδειξε
3216 5244 3607 5325 τῆςηλθεώσεως,
3641 5257 3702 5309 τὺ
3735 5255 3926 5325 σοφώ-

2370 5364 2529 5399 τατον
2562 5348 2932 5417 παρεδή>.ωσε’
2964 5347 3031 5399 δι’
3061 5343 3134 5399 ὢν
3164 5347 3219 5398 δὲ
3250 5348 3343 5401 καὶ
3367 5347 3616 5400 τοσοῦτον
3648 5346 3925 5417 ὲκενώθη,

2371 5438 2461 5490 καὶ
2490 5434 2570 5500 οἷς
2606 5439 2767 5492 αὑτὸν
2796 5436 3016 5505 ὲνεδύθη
3056 5437 3144 5490 τὸν
3170 5437 3470 5506 ἄνθρωπον,
3516 5438 3577 5490 τὸ
3610 5435 3929 5504 φιλανθρω-

2371 5533 2618 5585 πότατον·
2655 5528 2733 5593 οἷς
2778 5532 2834 5584 δὲ
2882 5530 2973 5583 καὶ
3000 5530 3096 5593 τὰς
3135 5530 3319 5599 φύσεις
3351 5531 3604 5601 ἀφῠρτως
3657 5526 3926 5597 ἐκέρασε,
