4126 6332
671 259 776 336 s23

1885 250 2121 312 JOANN
2128 251 2199 310 IS
2235 250 2660 310 GEOMETRE

668 373 868 431 citu'um
904 371 1058 434 duce,
1086 378 1138 423 et
1170 368 1347 437 populi
1373 366 1569 436 judice,
1593 365 1827 433 atquein
1859 374 2056 419 terram
2082 378 2208 434 pro-

2310 364 2496 428 αἰῶνα,
2521 364 2672 433 εἶ’μὴ
2715 363 2868 417 Θεοῦο
2919 364 3058 417 ὥστε
3087 366 3135 418 εἰ
3165 365 3259 418 καὶ
3285 366 3578 436 λαμϐάνειν
3619 367 3706 421 διὰ
3742 373 3837 436 τὴν

668 461 940 517 missionis
960 460 1180 513 ductore
1210 458 1286 527 (Ξ)
1318 497 1332 521 ,
1368 457 1562 511 idcirco
1587 457 1827 526 angelus,
1861 465 1918 510 ut
1948 456 2204 509 ostendat

2310 452 2613 534 οἰκονομίαν
2659 453 3250 538 ἀνθρωπίνωςκλέγεται
3301 455 3393 509 τὸν
3440 454 3629 527 θρόνον
3660 459 3839 526 Δασὶδ,

670 553 806 606 haud
823 552 869 604 ei
887 565 1061 618 parem
1080 552 1216 602 hune
1237 547 1572 612 fore,subdit:
1599 546 1702 600 llic
1724 548 1822 600 erit
1844 542 2205 614 magnus"...]

2309 540 2423 594 ἀλλ’
2456 541 2601 593 ιστιν
2631 541 2660 594 6
2712 542 2870 605 αὐτὸς
2902 543 2997 596 καὶ
3031 543 3223 607 θεῖκῶς
3269 543 3519 614 βασιλεὺς
3553 546 3840 618 ἀτελεύτη-

668 640 847 712 [Dabit
885 639 1046 708 igitur
1070 638 1148 691 illi
1200 636 1448 690 Dominus
1491 635 1661 690 sedem
1694 634 1860 688 David
1881 635 2047 702 patris
2068 634 2204 701 ejus,

2306 646 2416 696 τος,
2447 631 2546 684 καὶ
2577 631 2686 698 τῆς
2713 631 3032 696 ,ϐασιλείας
3063 633 3244 687 αὐτοῦ
3279 635 3389 688 οὐκ
3433 634 3602 688 ἕσται
3648 636 3840 703 τέλος,

667 738 922 797 tanquam
972 726 1198 788 homini,
1229 735 1282 780 et
1308 733 1577 794 quatenus
1609 739 1834 794 regnum
1862 723 2058 777 exinde
2092 737 2203 776 au-

2298 720 2360 772 οὐ
2388 719 2521 773 καθὸ
2547 720 2678 784 Θεὸς
2710 721 2888 788 μόνον,
2930 721 3064 776 ἀλλὰ
3090 721 3225 776 καθὸ
3265 723 3360 776 καὶ
3408 722 3714 794 ἄνθρωπος,
3750 727 3842 781 καὶ

666 819 955 887 spicabitur
986 831 1016 871 e
1037 816 1400 876 credentibus,
1427 829 1568 884 quos
1597 814 1760 868 etiam
1789 812 2008 867 domum
2029 810 2200 866 Iacob

2293 810 2368 874 ὡς
2388 811 2450 866 ού
2473 813 2615 866 κατὰ
2653 812 2815 882 φύσιν
2849 813 3010 881 μόνον
3043 813 3314 881 βασιλεὺς,
3343 814 3476 868 ἀλλὰ
3505 815 3836 884 βασιλεύσων

665 918 718 965 et
743 911 992 964 thronum
1015 906 1232 962 Davidis
1249 904 1501 975 appellat.
1531 901 1742 957 Nullius
1797 910 1976 955 autem
2004 909 2089 955 est
2113 915 2201 955 re-

2299 898 2547 952 καὶκατὰ
2570 899 2914 970 γνώμηνκαὶ
2934 899 3028 954 νῦν
3048 901 3145 971 μιν
3164 901 3392 966 πολλῶν,
3411 902 3498 956 ἔπ’
3523 903 3767 973 ισχάτων
3785 903 3842 958 δὲ

662 1012 822 1067 gnare
853 997 906 1051 in
953 1005 1232 1056 :eternum,
1267 992 1370 1047 nisi
1401 991 1494 1046 Dei
1549 990 1760 1055 solius;
1808 988 2031 1053 idcirco,
2093 989 2193 1044 etsi

2289 993 2380 1045 καὶ
2394 991 2786 1064 πάντων,ηνίκα
2802 993 2899 1049 καὶ
2911 994 3344 1066 ὑποταγήσεται
3354 993 3512 1060 αὐτῷ
3521 995 3591 1050 τὰ
3604 995 3844 1069 πάντας]

666 1094 868 1148 ratione
893 1087 1277 1146 inearnationis
1299 1087 1552 1140 thronum
1590 1083 1806 1139 Davidis
1857 1084 2113 1153 accipere
2153 1087 2452 1140 secundum
2485 1085 2711 1141 formam
2768 1088 3004 1144 hominis
3061 1089 3292 1153 dicatur,
3317 1098 3552 1145 attamen
3609 1099 3844 1144 :eternus

657 1198 869 1253 quoque
893 1196 986 1236 rex
1016 1181 1133 1249 ipse
1176 1176 1488 1245 agnoscitur
1524 1175 1577 1228 in
1608 1173 1810 1228 forma-
1837 1173 1950 1237 Dei,
1980 1183 2028 1227 et
2059 1175 2204 1243 regni
2238 1173 2350 1245 ejus
2373 1191 2477 1230 non
2522 1177 2620 1230 erit
2645 1177 2766 1245 ﬁnis
2799 1179 2844 1210 "
2867 1217 2883 1244 ,
2917 1194 3022 1234 non
3068 1181 3242 1238 ,modo
3272 1191 3538 1252 quatenus
3572 1191 3655 1238 est
3678 1181 3842 1246 Deus,

655 1291 840 1332 verum
865 1275 1025 1330 etiam
1055 1271 1511 1344 quatenusbomo,
1529 1282 1704 1338 neque
1728 1269 1900 1323 solum
1921 1276 2184 1337 tanquam
2221 1279 2414 1324 natura
2461 1284 2561 1325 sua
2622 1286 2737 1335 rex,
2765 1272 2861 1328 sed
2920 1287 3145 1343 regnum
3197 1283 3454 1342 praeterea
3500 1274 3728 1339 adeptus
3775 1289 3844 1329 ex

653 1360 928 1424 voluntate
955 1366 1186 1436 primum
1215 1365 1432 1434 quidem
1459 1363 1771 1429 multorum,
1818 1376 2042 1432 prorsus
2063 1376 2191 1417 vero
2229 1363 2470 1437 omnium
2498 1365 2564 1420 ad
2616 1365 2774 1422 linem
2829 1367 3033 1434 saeculi,
3065 1368 3282 1439 quando
3304 1377 3354 1422 et
3381 1369 3558 1423 omnia
3582 1369 3681 1438 ipsi
3711 1373 3838 1425 sub-

651 1457 899 1527 jicientiir
924 1458 966 1488 ι·
1001 1455 1043 1526 .]

727 1543 840 1599 XV.
860 1545 963 1599 Sed
999 1560 1096 1614 age
1125 1543 1254 1612 iam,
1282 1543 1424 1612 quod
1474 1543 1740 1613 reliquum
1769 1554 1852 1599 est
1898 1543 2194 1607 videamus,

2371 1547 2471 1605 IE'.
2509 1549 2648 1604 Ἀλλ’
2698 1551 2894 1622 ἴδωμεν
2947 1552 3129 1607 λοιπδν
3163 1552 3257 1605 καὶ
3283 1552 3381 1622 τῆς
3411 1552 3627 1622 νύμφης
3672 1551 3842 1620 αὐτῆς

656 1636 858 1693 scilicet
892 1649 1104 1705 sponsae
1129 1634 1299 1704 ipsius
1319 1642 1375 1689 et
1406 1634 1563 1689 verba
1589 1635 1750 1689 simul
1776 1645 1829 1689 et
1850 1637 2118 1702 animum,
2145 1647 2200 1693 et

2299 1640 2391 1692 καὶ
2423 1638 2518 1710 τὴν
2542 1639 2786 1708 γλῶτταν
2817 1642 2932 1712 ἃμα
2956 1647 3050 1697 καὶ
3071 1643 3167 1713 τὴν
3196 1643 3393 1713 ψυχὴν,
3419 1641 3514 1695 καὶ
3549 1642 3670 1694 ὅσον
3699 1641 3841 1709 αὕτη

655 1740 935 1795 quousque
951 1726 1163 1795 sapiens
1186 1725 1298 1794 ipsa
1315 1723 1476 1780 fuerit
1499 1740 1563 1781 ac
1589 1725 1911 1795 virginitatis
1936 1727 2197 1786 studiosa.

658 1813 750 1868 Illa
805 1828 974 1881 neque
1038 1812 1260 1868 omnino
1320 1813 1479 1868 fidem
1528 1816 1738 1884 angelo,
1771 1824 1986 1886 propter
2031 1817 2197 1871 multa

660 1905 892 1959 veritatis
913 1904 1130 1970 indicia,
1157 1903 1416 1965 abnuere.
1430 1918 1604 1973 neque
1627 1920 1817 1961 rursus
1840 1906 1892 1959 in
1921 1914 2072 1961 tanto
2101 1922 2197 1978 pu-

653 1993 825 2048 ritatis
857 1995 1036 2049 studio
1073 2010 1103 2062 _a
1139 1994 1445 2064 virginitate
1492 1994 1794 2050 desciscere
1827 1995 2066 2050 animum
2114 1999 2196 2050 in-

649 2086 838 2150 ducit;
870 2085 965 2140 scd
997 2085 1172 2140 media
1215 2083 1563 2140 diﬂidentiam
1611 2084 1751 2139 inter
1776 2100 1840 2140 ac
1880 2095 2192 2157 promptum

652 2176 938 2231 voluntatis
964 2175 1283 2245 obsequium
1307 2185 1510 2241 manet,
1532 2175 1859 2245 modumque
1881 2178 2038 2245 hujus
2057 2194 2196 2246 prte-

651 2274 733 2317 ter
771 2263 927 2318 fidem
951 2274 1244 2331 conceptus
1266 2273 1319 2318 et
1359 2273 1547 2334 partus
1593 2267 1848 2335 exquirit.
1901 2269 2189 2334 Quomodo,

647 2351 844 2421 inquit,
863 2353 962 2406 erit
991 2351 1084 2404 hoc
1108 2352 1253 2416 milii,
1280 2354 1526 2421 quoniam
1551 2355 1718 2407 virum
1735 2371 1834 2408 non
1854 2358 2193 2424 cognosco"?

650 2440 949 2513 [Videlicet,
977 2442 1251 2512 quomodo
1277 2457 1414 2511 opus
1439 2442 1727 2513 ejusmodi,
1755 2460 1863 2499 non
1899 2446 2057 2500 modo
2083 2456 2191 2502 tam

649 2531 892 2586 divinum
921 2539 976 2586 et
1016 2530 1391 2586 admirandum
1443 2540 1496 2588 et
1532 2541 1748 2602 captum
1789 2535 1980 2588 mentis
2035 2551 2190 2590 exeeo

649 2619 801 2686 dens,
832 2635 1019 2676 verum
1042 2624 1200 2676 etiam
1232 2621 1333 2675 sibi
1363 2620 1497 2674 adeo
1520 2621 1697 2676 minus
1715 2621 2012 2687 cohaerens,
2031 2623 2083 2676 in
2108 2638 2194 2678 me

648 2711 997 2781 implebitur?
1025 2710 1157 2766 Nam
1191 2720 1242 2765 et
1274 2710 1418 2781 quod
1456 2711 1599 2766 forte
1645 2715 1820 2766 virum
1864 2727 2192 2782 cognoscere

647 2804 761 2872 ipsa
789 2803 1013 2872 possim,
1061 2801 1110 2854 id
1141 2800 1450 2870 contingere
1488 2800 1712 2855 omnino
1751 2801 1956 2870 nequit,
1992 2802 2190 2872 quippe

649 2891 754 2944 voti
782 2890 1038 2959 religione
1059 2889 1169 2942 Deo
1201 2897 1512 2943 consecrata
1540 2903 1657 2943 sum
1693 2905 1706 2943 :
1734 2887 1878 2960 quod
1899 2903 2027 2944 vero
2041 2905 2187 2960 quae-

646 2981 789 3049 piam
816 2979 1100 3047 concipere
1131 2992 1192 3031 ac
1219 2993 1408 3046 parere
1435 2979 1550 3032 sine
1581 2979 1682 3032 viri
1705 2968 1982 3045 consortio
2001 2990 2186 3050 queat,

594 3089 596 3092 ν
652 3067 706 3120 id
735 3083 797 3120 ex
836 3080 991 3134 aequo
1023 3066 1162 3118 inter
1191 3065 1544 3132 impossibilia
1604 3068 1993 3134 reponendum.
2020 3067 2189 3122 Porro

647 3156 789 3224 quod
816 3154 1038 3216 addidit,
1066 3155 1310 3221 quoniam
1339 3155 1503 3206 virum
1543 3171 1643 3206 nou
1662 3170 1929 3222 cognosco,
1959 3155 2010 3209 id
2034 3167 2189 3225 prcr-

649 3254 741 3296 sus
767 3243 924 3294 etiam
959 3241 1022 3293 ad
1050 3239 1341 3307 Joseplium
1363 3240 1643 3311 referebat,
1675 3241 1873 3309 quippe
1900 3256 2019 3308 quae.
2045 3258 2188 3310 nup-

647 3332 845 3383 tiarqu
873 3344 997 3382 cum
1029 3327 1282 3396 ipsojura
1317 3328 1489 3380 solum
1511 3342 1680 3395 usque
1703 3329 1767 3380 ad
1794 3329 2064 3396 sponsalia
2092 3345 2190 3382 no-

650 3428 821 3481 verat,
860 3431 1045 3484 seque,
1083 3423 1267 3483 utpote
1287 3415 1570 3468 donarium
1608 3414 1714 3468 Den
1737 3431 1952 3470 sacrum
1974 3432 2036 3468 ac
2064 3432 2188 3485 pro-

649 3518 831 3578 pterea
859 3506 1003 3576 tangi
1050 3504 1220 3568 nefas,
1275 3518 1305 3558 a
1334 3503 1431 3556 viri
1495 3504 1882 3558 consuetudine
1930 3505 2188 3574 integram
2238 3501 2244 3508 ’

652 3612 760 3651 non
791 3599 965 3651 solum
994 3597 1044 3657 in
1077 3610 1332 3664 praesens,
1369 3595 1460 3648 sed
1509 3595 1560 3647 in
1588 3605 1928 3663 perpetuum
1976 3610 2189 3649 servare

649 3687 974 3744 decreverat.
1008 3688 1178 3755 Atque
1209 3687 1277 3740 ita
1311 3686 1466 3754 plane
1495 3685 1647 3740 fidem
1678 3685 1753 3740 illi
1779 3701 1994 3757 quoque
2027 3688 2190 3741 tradi-

647 3781 780 3836 tiOni
811 3778 1056 3842 faciebat,
1088 3794 1205 3848 qure
1226 3777 1291 3830 ad
1317 3793 1413 3832 nos
1428 3777 1638 3833 devenit
1658 3794 1684 3833 a
1712 3777 1978 3846 Patribus,
2015 3779 2190 3851 Virgi-

651 3887 773 3927 nem
809 3886 912 3926 non
958 3871 1118 3925 modo
1173 3871 1477 3938 nuptiarum
1517 3886 1709 3933 usum,
1762 3873 1854 3925 sed
1885 3887 1949 3924 ne
1974 3872 2188 3927 deside-

651 3963 794 4016 rium
821 3943 1035 4030 quidem
1071 3955 1310 4028 ejuédem
1336 3959 1564 4012 novisse.
1600 3957 1834 4021 Nullum,
1862 3962 2052 4030 inquit,
2088 3963 2188 4015 viri

649 4050 974 4104 desideriqu
1003 4049 1147 4110 novi,
1201 4048 1343 4100 nulla
1390 4048 1518 4100 mihi
1561 4049 1740 4102 carnis
1789 4052 2038 4103 voluntas
2083 4061 2185 4104 est.

653 4139 806 4204 Quod
833 4139 1046 4207 quidem
1081 4139 1161 4190 vel
1196 4152 1256 4189 ex
1289 4138 1436 4188 omni
1463 4135 1694 4189 femineo
1727 4153 1855 4190 sexu
1918 4140 2190 4207 singulare

653 4220 729 4280 illi
783 4227 898 4287 fuit,
925 4225 1178 4293 queuiam
1214 4234 1266 4276 et
1303 4238 1411 4290 piae
1461 4225 1732 4286 oumibus,
1756 4235 1808 4277 et
1829 4240 1891 4278 ex
1917 4229 2188 4293 proposito

652 4315 944 4367 voluntatis
980 4313 1125 4365 hisce
1177 4312 1594 4378 inquinamentis
1634 4314 1941 4378 inaccesso),
1969 4318 2190 4370 castitas

659 4424 708 4456 ill
735 4419 796 4455 ea
835 4402 1061 4456 refulsit.
1101 4401 1348 4471 JExinde
1399 4402 1663 4470 deplicem
1699 4418 1760 4456 ea
1817 4406 1975 4458 verba
2026 4406 2196 4474 expli-

656 4495 922 4547 cationem
951 4492 1141 4546 habent
1167 4509 1179 4544 :
1203 4493 1282 4546 vel
1300 4493 1440 4545 enim
1462 4495 1750 4558 generatim
1774 4494 1972 4551 incerta
1990 4496 2195 4567 (Virgo)

658 4587 820 4637 lueret
854 4585 924 4637 de
950 4593 1210 4650 conceptu
1239 4585 1375 4651 ipso,
1409 4592 1590 4652 utpote
1633 4585 1724 4655 qui
1769 4588 1884 4640 sine
1932 4588 2032 4640 viri
2068 4603 2198 4640 con-

658 4675 939 4729 suetudine
971 4673 1152 4726 haberi
1198 4685 1444 4742 nequeat,
1472 4677 1551 4728 vel
1607 4677 1767 4729 etiam
1817 4679 2032 4730 modum
2060 4693 2188 4730 con-

656 4775 841 4831 ceptus
871 4765 1122 4830 exquirit,
1151 4764 1415 4818 undenam
1448 4766 1649 4819 scilicet
1703 4765 1908 4820 futurus
1935 4770 2022 4820 sit.
2056 4767 2186 4819 Nam

658 4865 914 4918 sponsum
946 4849 1212 4916 equidem,
1268 4851 1458 4918 inquit,
1514 4852 1802 4921 Joseplium
1854 4854 1998 4916 novi,
2037 4855 2190 4906 alvi-

657 4960 771 4994 rum
812 4941 958 4993 nullo
981 4940 1162 5001 modo,
1196 4955 1351 5007 quem
1396 4957 1492 4995 nec
1524 4943 1712 5006 habeo,
1741 4959 1837 4996 nec
1879 4944 2060 5012 utique
2092 4945 2186 4995 ha-

657 5033 824 5083 bitura
846 5046 985 5082 sum.
1015 5028 1128 5081 Non
1151 5031 1294 5083 enim
1324 5032 1419 5095 ipsi
1447 5032 1624 5084 datum
1645 5045 1743 5096 est,
1769 5045 1821 5086 ut
1848 5050 1965 5101 qum
1991 5036 2186 5087 intacta

727 5253 764 5280 ’³
831 5252 954 5304 Luc.
991 5271 1025 5316 ι,
1063 5253 1144 5302 32.
1227 5255 1266 5282 ¹’“
1294 5253 1418 5304 Luc.
1457 5270 1490 5313 I,
1520 5255 1603 5306 53.

661 5325 784 5380 iectu
813 5322 1000 5384 [norint
1033 5323 1108 5371 ιίίι
1153 5339 1344 5386 omnm,
1378 5334 1478 5375 (te.
1560 5326 1598 5352 “‘
1631 5325 1754 5376 Lur.
1795 5345 1825 5384 l._
1857 5329 1941 5379 ει.

729 5519 800 5573 (‘2‘)
843 5517 1069 5573 Ιιιιυὶιιμιξ
1104 5520 1279 5572 δυτιιιιι
1315 5522 1473 5571 ιιίίιιιιι
1514 5520 1668 5571 Νιγρ-

2299 1729 2434 1799 carpi;
2461 1746 2518 1781 τε
2555 1729 2646 1782 καὶ
2684 1729 3090 1803 φιλοπάρθενος.
3119 1730 3256 1785 υῦτε
3292 1731 3371 1800 τῷ
3407 1730 3624 1800 ἀγγέλῳ
3660 1730 3844 1784 διαπιο

2299 1819 2443 1870 στεΐν
2468 1816 2580 1888 ἔχει
2607 1817 2693 1872 διὰ
2729 1817 2784 1870 τὺ
2808 1816 3133 1883 ἀειόταστον,
3154 1817 3278 1872 οὔτε
3317 1817 3480 1871 πάλιν
3502 1817 3599 1887 τὴν
3630 1814 3842 1886 παρθε-

2297 1906 2414 1960 νίαν
2436 1906 2715 1978 ἀρκεῖσθαι
2742 1906 2829 1960 διά
2853 1907 2950 1978 τὴν
2997 1907 3358 1978 καθαρότηταο
3400 1905 3534 1959 ἀλλὰ
3564 1904 3704 1974 μίση
3734 1921 3844 1975 χω-

2296 1999 2382 2067 ρεῖ
2408 1997 2503 2066 τῆς
2550 1998 2805 2060 ἀπιστίας
2857 2012 2915 2051 τε
2954 1997 3049 2051 καὶ
3095 1997 3194 2066 τῆς
3243 1995 3510 2059 εὐκολίας,
3543 1995 3640 2048 καὶ
3681 1994 3840 2064 ζητεῖ

2293 2089 2384 2140 τὸν
2422 2087 2619 2159 τρόπον
2648 2087 2748 2159 τῆς
2809 2087 3109 2158 παραδόξου
3163 2085 3365 2156 ταύτης
3406 2084 3762 2159 νυμφεύσεως
3794 2084 3828 2154 ἢ

2293 2177 2557 2247 κυήσεως.
2589 2175 2720 2243 Πῶς
2768 2177 2937 2232 ἔσται
2974 2194 3076 2246 μοι
3119 2177 3314 2240 τοῦτο,
3355 2175 3486 2229 ἐπεὶ
3532 2174 3723 2244 ἄνδρα
3766 2175 3839 2228 οὐ

2292 2263 2630 2332 γιγνώσκω;
2682 2264 2826 2338 [Πῶς
2859 2267 3036 2321 τοίνυν
3059 2266 3208 2322 εσται
3263 2283 3352 2336 μοι
3386 2264 3542 2319 τοῦτο
3589 2268 3653 2318 ab
3696 2264 3839 2317 θεῖον

2293 2352 2434 2406 οὕτω
2461 2356 2552 2406 καὶ
2581 2355 2891 2425 θαυμαστὸν
2927 2356 3021 2409 καὶ
3048 2355 3425 2426 άπερινόητον,
3449 2355 3543 2407 καὶ
3562 2354 3625 2408 ού
3663 2351 3840 2407 ταῦτα

2296 2440 2472 2510 μόνον,
2511 2441 2645 2495 ἀλλὰ
2671 2444 2767 2495 καὶ
2789 2443 3177 2510 άνακόλουθονς
3222 2443 3296 2496 Τό
3320 2458 3381 2495 τε
3409 2442 3519 2512 γάρ
3550 2441 3718 2507 ἄνδρα
3766 2455 3837 2506 με

2292 2528 2511 2595 γνῶναι.
2549 2528 2797 2598 καθάπερ
2825 2530 2940 2598 Θεῷ
2989 2531 3430 2599 καθιερωθεῖσαν,
3460 2529 3570 2582 τῶν
3617 2528 3840 2598 ἁμηχά-

2292 2630 2418 2670 νων⁶
2458 2617 2552 2670 καὶ
2598 2618 2680 2681 τὸ,
2732 2618 2901 2688 χωρὶς
2957 2617 3145 2686 ἀνδρὸς
3176 2619 3266 2670 καὶ
3300 2616 3583 2684 συλλαϐεῖν
3609 2619 3702 2668 καὶ
3739 2631 3834 2682 τε-

2295 2712 2429 2776 κεῖν,
2449 2709 2557 2762 τῶν
2575 2709 2866 2762 ἀδυνάτων.
2890 2709 2961 2761 Τὸ
2977 2709 3052 2772 δὶ,
3069 2709 3196 2763 ἐπεὶ
3217 2708 3404 2779 ἄνδρα
3417 2710 3489 2763 οὐ
3504 2706 3837 2778 γιγνώσκω,

2293 2797 2410 2854 εἷπε
2435 2799 2650 2860 πάντως
2683 2803 2778 2870 μὲν
2802 2798 2896 2852 καὶ
2927 2799 3061 2868 πρὸς
3090 2797 3180 2852 τὸν
3228 2797 3424 2869 Ἰωσὴφ
3465 2797 3839 2869 ἀναφέρουσα,

2295 2888 2368 2951 ὡς
2403 2887 2561 2959 μέχρι
2592 2887 2882 2958 μνηστείας
2914 2888 3073 2958 μόνον
3104 2887 3274 2942 είδυῐα
3315 2886 3407 2941 τὸν
3445 2885 3607 2942 αὐτοῦ
3633 2886 3838 2956 γάμον,

2294 2979 2390 3032 καὶ
2410 2979 2486 3041 ὡς
2511 2977 2574 3031 ού
2604 2976 2695 3030 νῦν
2725 2979 2904 3047 μόνον,
2934 2978 3069 3032 ἀλλά
3107 2979 3202 3032 καὶ
3221 2977 3306 3032 διὰ
3333 2977 3518 3040 τέλους
3572 2975 3842 3046 ἄχραντος

2294 3069 2563 3137 ιγνωκυϊα
2599 3067 2776 3136 μένειν
2799 3067 3011 3136 ἀνδρὸς,
3064 3061 3150 3120 οἷα
3196 3067 3289 3119 καὶ⁵
3339 3065 3480 3119 θεῖον
3521 3067 3613 3119 καὶ
3661 3064 3845 3134 ὦψαι)-

2297 3173 2416 3209 στον
2446 3156 2755 3225 άφιέρωμα.
2790 3155 3010 3218 Πάντως
3034 3155 3106 3212 δὲ,
3139 3157 3388 3209 κάκεῖνον
3425 3155 3714 3224 βεϐαιοῦσα
3741 3154 3840 3206 τὸν

2296 3248 2469 3313 λόγον,
2500 3248 2558 3309 ὃς
2604 3251 2666 3299 εκ
2701 3248 2951 3316 πατέρων
2999 3247 3077 3310 είς
3127 3247 3272 3314 ήμβς
3325 3247 3470 3315 ἥκει,
3511 3247 3592 3299 ὅτι
3629 3244 3844 3314 μὴ.τὴν

2297 3337 2485 3401 πεῖραν
2519 3335 2611 3386 τοῦ
2652 3336 2829 3401 γάμου
2883 3334 3061 3403 μόνον,
3106 3335 3239 3386 ἀλλὰ
3284 3335 3376 3386 καὶ
3431 3334 3529 3403 τὴν
3551 3333 3735 3400 ἔφεσιν
3799 3334 3840 3402 ἡ

2297 3425 2568 3494 ιΙαρθένος
2603 3424 2884 3493 ἠγνόησεν.
2917 3424 3028 3477 οὐκ
3052 3422 3288 3490 ἔγνωκα,
3321 3425 3506 3492 φησὶν,
3543 3422 3845 3485 ἐπιθυμίαν

2295 3512 2502 3580 ἀνδρὸς,
2543 3512 2641 3563 ούκ
2666 3511 2769 3581 ἔχω
2789 3511 2995 3581 θέλημα
3019 3511 3117 3580 τῆς
3140 3511 3356 3580 σαρκός.
3388 3511 3451 3564 Ὃ
3483 3509 3548 3581 δὴ
3574 3512 3666 3563 καὶ
3696 3511 3848 3563 κατὰ

2296 3603 2473 3670 πάσης
2493 3602 2629 3672 αὐτῇ
2663 3603 2758 3671 τῆς
2804 3600 3115 3669 γυναικείας
3143 3598 3415 3669 ἐξαίρετον
3463 3600 3694 3669 φύσεως,
3749 3599 3845 3652 ὅτι

2295 3691 2388 3744 καὶ
2418 3690 2554 3761 ὑπὲρ
2588 3691 2761 3753 πάσας
2784 3691 2920 3761 αὐτῇ
2949 3691 3043 3742 καὶ
3086 3691 3150 3741 ὲκ
3178 3687 3400 3760 γνώμης
3427 3689 3562 3749 ὅλως
3585 3688 3846 3742 άνεπιδὲ-

2295 3797 2420 3834 κτου
2457 3781 2554 3851 τῆς
2584 3781 2838 3851 τοιαύτης
2866 3780 3060 3843 κακίας
3087 3782 3119 3850 ἡ
3152 3779 3491 3851 σωφροσύνη·
3521 3779 3684 3848 ὥστε]
3749 3779 3845 3833 δι-

2294 3873 2460 3936 πλοῦς
2502 3877 2531 3926 ὁ
2575 3873 2746 3940 λόγος’
2784 3873 2816 3941 ἢ
2865 3872 2973 3940 γὰρ
3014 3873 3146 3934 ὅλως
3199 3873 3531 3940 διαπορεῖται
3566 3873 3691 3941 περὶ
3734 3870 3846 3940 τὴν

2298 3964 2580 4031 σύλληψιν,
2607 3965 2678 4024 ὡς
2707 3965 2768 4014 ού
2798 3961 3025 4029 δυνατὴν
3072 3963 3197 4014 ἄνευ
3235 3962 3445 4029 ἀνδρὸς,
3492 3961 3600 4013 εἴτε
3628 3961 3845 4014 καὶτὸν

2295 4052 2488 4117 τρόπον
2519 4053 2676 4103 αὑτὸν
2702 4051 2945 4116 ἐπιζητεῖ
2974 4049 3072 4115 τῆς
3103 4049 3433 4116 συλλήψεως,
3463 4049 3520 4113 ἐξ
3543 4041 3747 4110 οὗτινος
3767 4050 3845 4102 ἂν

2298 4142 2389 4191 καὶ
2421 4140 2645 4205 γένοιτο.
2695 4137 2796 4190 Τὸν
2826 4137 2930 4206 γὰρ
2992 4137 3182 4205 Ἰωσὴφ
3235 4137 3518 4205 μνηστῆρα
3555 4137 3650 4203 μὲν
3689 4133 3841 4199 οἶδα,

2296 4229 2477 4296 φησὶν,
2509 4227 2672 4297 ἄνδρα
2699 4225 2753 4278 δὲ
2775 4226 3042 4295 οὐδαμῶς,
3076 4225 3184 4278 οὔτ’
3232 4226 3444 4295 ἔχουσα,
3477 4226 3612 4294 τάχα
3636 4225 3689 4276 δὲ
3715 4224 3843 4276 οὔθ’

2286 4317 2496 4380 ἕξουσα.
2527 4315 2601 4371 Οὐ
2626 4317 2732 4385 γὰρ
2756 4317 2818 4386 δὴ
2847 4317 3052 4368 δέδοται
3095 4317 3189 4370 καὶ
3219 4317 3278 4369 τὸ
3305 4316 3496 4385 ψαύειν
3520 4317 3665 4385 αύτῷ
3713 4316 3832 4368 τῶν

2287 4407 2598 4475 ἀψαύστων,
2636 4408 2755 4458 οὐδὲ
2786 4408 2874 4459 τὸν
2905 4406 3395 4477 ἁποκεκλεισμὲνον
3417 4409 3591 4477 κῆπον
3617 4409 3840 4461 άποσυ-

2290 4497 2405 4565 λᾷν,
2420 4497 2607 4549 οὐδὲτὸ
2625 4499 3051 4567 ἐσφραγισμένον
3071 4498 3271 4568 βιϐλίον
3287 4498 3816 4569 ἀποσφραγίζεσθαι.

2293 4587 2558 4655 Σύμφωνα
2609 4587 2774 4639 ταῦτα
2819 4589 2925 4640 τῶν
2996 4592 3054 4640 ὲν
3116 4589 3450 4657 ἀποκρύφοις
3506 4589 3836 4658 ἱστορουμέ-

2297 4696 2398 4729 νων
2427 4695 2438 4707 ο
2468 4679 2545 4730 ὅτι
2578 4677 2822 4730 τοσοῦτον
2854 4679 3074 4750 ἐξελέγη
3123 4682 3278 4747 μόνον
3317 4683 3344 4730 ὁ
3386 4680 3577 4749 Ἰωσὴφ
3607 4679 3689 4730 ἐπ’
3711 4680 3845 4731 ὀνό-

2300 4785 2427 4835 ματι
2460 4769 2555 4832 τῆς
2601 4768 2885 4838 μνηστείας
2926 4770 3021 4836 τὴν
3067 4768 3310 4836 φυλακὴν
3347 4768 3510 4835 αὐτῆς
3555 4768 3836 4820 ποιεῖσθαι

2288 4859 2379 4925 τῆς
2438 4859 2752 4926 παρθενίας⁶
2789 4860 2848 4910 ού
2877 4858 2984 4926 γὰρ
3032 4858 3093 4926 δὴ
3137 4858 3311 4910 καὶτὸ
3360 4857 3682 4924 κοινωνῆσαι
3724 4859 3839 4922 γά-

2292 4963 2404 5012 μων
2457 4948 2590 5014 αὖτῇ
2645 4964 2791 5008 ποτε,
2831 4946 2901 5014 μὴ
2946 4947 3036 4996 καὶ
3084 4946 3380 5014 ἱεροσυλίαν
3426 4944 3840 5015 κατακριθῶσιν

2289 5035 2557 5104 ἄντικρυς,
2589 5035 2958 5097 ἀπδσυλῶντες
2987 5034 3076 5086 τοῦ
3105 5034 3236 5087 Θεοῦ
3263 5036 3321 5087 τὸ
3348 5036 3620 5107 ἀνάθημα.

1684 5261 1721 5287 ¹³³
1757 5259 1915 5308 Ι(Ῐ<η·.
1962 5276 2043 5312 \V.
2078 5258 2142 5310 ‘23
2177 5276 2188 5311 ἱ

2293 5276 2380 5310 ταν
2409 5259 2457 5312 δὲ
2486 5262 2722 5330 ὑποταγῇ
2756 5260 2898 5331 αὐτῷ
2938 5260 3002 5312 τὰ
3055 5261 3293 5317 πάντα...
3345 5262 3474 5318 Cum
3502 5272 3672 5318 autem
3699 5263 3838 5317 sub-

3739 255 3840 316 εει
3912 259 3919 263 ’
