  <div class='ocr_page' id='page_1' title='image "/cluster/home/n/w/nwhite01/storage/ocr_20150623/106/pst.000005714162/440.png"; bbox 0 0 4126 6332; ppageno 0'>
   <div class='ocr_carea' id='block_1_1' title="bbox 223 280 337 344">
    <p class='ocr_par' dir='ltr' id='par_1_1' title="bbox 223 280 337 344">
     <span class='ocr_line' id='line_1_1' title="bbox 223 280 337 344; baseline 0 0"><span class='ocrx_word' id='word_1_1' title='bbox 223 280 337 344; x_wconf 78' lang='lat'><strong>825</strong></span> 
     </span>
    </p>
   </div>
   <div class='ocr_carea' id='block_1_2' title="bbox 978 275 2632 345">
    <p class='ocr_par' dir='ltr' id='par_1_2' title="bbox 978 275 2632 345">
     <span class='ocr_line' id='line_1_2' title="bbox 978 275 2632 345; baseline 0.004 -7"><span class='ocrx_word' id='word_1_2' title='bbox 978 277 1232 338; x_wconf 82' lang='lat' dir='ltr'><strong>SERMO</strong></span> <span class='ocrx_word' id='word_1_3' title='bbox 1271 275 1351 337; x_wconf 87' lang='lat' dir='ltr'><strong>IN</strong></span> <span class='ocrx_word' id='word_1_4' title='bbox 1389 277 1493 337; x_wconf 90' lang='lat' dir='ltr'><strong>SS.</strong></span> <span class='ocrx_word' id='word_1_5' title='bbox 1538 277 1881 337; x_wconf 64' lang='lat' dir='ltr'><strong>DEIPARAZ</strong></span> <span class='ocrx_word' id='word_1_6' title='bbox 1919 279 2632 345; x_wconf 64' lang='lat' dir='ltr'><strong>ANNUNTIATIONEM.</strong></span> 
     </span>
    </p>
   </div>
   <div class='ocr_carea' id='block_1_3' title="bbox 3294 284 3400 346">
    <p class='ocr_par' dir='ltr' id='par_1_3' title="bbox 3294 284 3400 346">
     <span class='ocr_line' id='line_1_3' title="bbox 3294 284 3400 346; baseline -0.009 -1"><span class='ocrx_word' id='word_1_7' title='bbox 3294 284 3400 346; x_wconf 78' lang='grc'><strong>826</strong></span> 
     </span>
    </p>
   </div>
   <div class='ocr_carea' id='block_1_4' title="bbox 221 365 3411 460">
    <p class='ocr_par' dir='ltr' id='par_1_4' title="bbox 221 365 3411 460">
     <span class='ocr_line' id='line_1_4' title="bbox 221 365 3411 460; baseline 0.001 -19"><span class='ocrx_word' id='word_1_8' title='bbox 221 398 349 441; x_wconf 67' lang='lat' dir='ltr'><strong>sunt</strong></span> <span class='ocrx_word' id='word_1_9' title='bbox 369 396 571 456; x_wconf 82' lang='lat' dir='ltr'><strong>tangat,</strong></span> <span class='ocrx_word' id='word_1_10' title='bbox 602 365 855 456; x_wconf 76' lang='lat' dir='ltr'><strong>nequeut</strong></span> <span class='ocrx_word' id='word_1_11' title='bbox 884 386 1099 440; x_wconf 86' lang='lat' dir='ltr'><strong>hortum</strong></span> <span class='ocrx_word' id='word_1_12' title='bbox 1162 385 1478 440; x_wconf 87' lang='lat' dir='ltr'><strong>conclusum</strong></span> <span class='ocrx_word' id='word_1_13' title='bbox 1541 386 1892 454; x_wconf 64' lang='lat' dir='ltr'><strong>deprmdetur,</strong></span> <span class='ocrx_word' id='word_1_14' title='bbox 1950 401 2123 451; x_wconf 63' lang='lat' dir='ltr'><strong>neque</strong></span> <span class='ocrx_word' id='word_1_15' title='bbox 2165 392 2844 459; x_wconf 77' lang='lat' dir='ltr'><strong>utconsignatumlibrum&#39;</strong></span> <span class='ocrx_word' id='word_1_16' title='bbox 2895 389 3411 460; x_wconf 80' lang='lat' dir='ltr'><strong>rcsiguct.Cor.sona</strong></span> 
     </span>
    </p>
   </div>
   <div class='ocr_carea' id='block_1_5' title="bbox 218 474 3409 545">
    <p class='ocr_par' dir='ltr' id='par_1_5' title="bbox 218 474 3409 545">
     <span class='ocr_line' id='line_1_5' title="bbox 218 474 3409 545; baseline -0.001 -7"><span class='ocrx_word' id='word_1_17' title='bbox 218 483 335 538; x_wconf 62' lang='lat' dir='ltr'><strong>hac</strong></span> <span class='ocrx_word' id='word_1_18' title='bbox 361 489 634 534; x_wconf 86' lang='lat' dir='ltr'><strong>suntcum</strong></span> <span class='ocrx_word' id='word_1_19' title='bbox 662 476 728 531; x_wconf 84' lang='lat' dir='ltr'><strong>iis</strong></span> <span class='ocrx_word' id='word_1_20' title='bbox 780 490 901 545; x_wconf 67' lang='lat' dir='ltr'><strong>quae</strong></span> <span class='ocrx_word' id='word_1_21' title='bbox 969 474 1023 528; x_wconf 90' lang='lat' dir='ltr'><strong>in</strong></span> <span class='ocrx_word' id='word_1_22' title='bbox 1076 474 1397 544; x_wconf 82' lang='lat' dir='ltr'><strong>apocrypliis</strong></span> <span class='ocrx_word' id='word_1_23' title='bbox 1454 484 1741 528; x_wconf 74' lang='lat' dir='ltr'><strong>narrantur</strong></span> <span class='ocrx_word' id='word_1_24' title='bbox 1771 514 1787 538; x_wconf 91' lang='lat'><strong>,</strong></span> <span class='ocrx_word' id='word_1_25' title='bbox 1826 474 2115 542; x_wconf 78' lang='lat' dir='ltr'><strong>Joscpbum</strong></span> <span class='ocrx_word' id='word_1_26' title='bbox 2175 477 2419 531; x_wconf 75' lang='lat' dir='ltr'><strong>videlicet</strong></span> <span class='ocrx_word' id='word_1_27' title='bbox 2458 480 2512 532; x_wconf 91' lang='lat' dir='ltr'><strong>in</strong></span> <span class='ocrx_word' id='word_1_28' title='bbox 2550 479 2698 534; x_wconf 85' lang='lat' dir='ltr'><strong>hunc</strong></span> <span class='ocrx_word' id='word_1_29' title='bbox 2722 481 3068 535; x_wconf 75' lang='lat' dir='ltr'><strong>solummodo</strong></span> <span class='ocrx_word' id='word_1_30' title='bbox 3111 479 3269 533; x_wconf 81' lang='lat' dir='ltr'><strong>finem</strong></span> <span class='ocrx_word' id='word_1_31' title='bbox 3302 480 3409 534; x_wconf 87' lang='lat' dir='ltr'><strong>ele-</strong></span> 
     </span>
    </p>
   </div>
   <div class='ocr_carea' id='block_1_6' title="bbox 146 562 3412 639">
    <p class='ocr_par' dir='ltr' id='par_1_6' title="bbox 146 562 3412 639">
     <span class='ocr_line' id='line_1_6' title="bbox 146 562 3412 639; baseline -0.002 -13"><span class='ocrx_word' id='word_1_32' title='bbox 146 630 153 639; x_wconf 60' lang='grc'><em>,</em></span> <span class='ocrx_word' id='word_1_33' title='bbox 217 582 361 628; x_wconf 85' lang='lat' dir='ltr'><strong>ctam</strong></span> <span class='ocrx_word' id='word_1_34' title='bbox 386 569 575 630; x_wconf 82' lang='lat' dir='ltr'><strong>fuisse,</strong></span> <span class='ocrx_word' id='word_1_35' title='bbox 608 575 667 621; x_wconf 92' lang='lat' dir='ltr'><strong>ut</strong></span> <span class='ocrx_word' id='word_1_36' title='bbox 692 562 1127 633; x_wconf 81' lang='lat' dir='ltr'><strong>desponsationis</strong></span> <span class='ocrx_word' id='word_1_37' title='bbox 1193 562 1410 615; x_wconf 85' lang='lat' dir='ltr'><strong>nomine</strong></span> <span class='ocrx_word' id='word_1_38' title='bbox 1458 562 1777 630; x_wconf 71' lang='lat' dir='ltr'><strong>virginitatis</strong></span> <span class='ocrx_word' id='word_1_39' title='bbox 1817 563 1986 631; x_wconf 88' lang='lat' dir='ltr'><strong>ipsius</strong></span> <span class='ocrx_word' id='word_1_40' title='bbox 2037 564 2338 617; x_wconf 78' lang='lat' dir='ltr'><strong>custodiam</strong></span> <span class='ocrx_word' id='word_1_41' title='bbox 2370 566 2615 631; x_wconf 84' lang='lat' dir='ltr'><strong>haberet,</strong></span> <span class='ocrx_word' id='word_1_42' title='bbox 2653 567 2797 621; x_wconf 84' lang='lat' dir='ltr'><strong>haud</strong></span> <span class='ocrx_word' id='word_1_43' title='bbox 2826 583 2955 623; x_wconf 92' lang='lat' dir='ltr'><strong>vero</strong></span> <span class='ocrx_word' id='word_1_44' title='bbox 3019 583 3169 634; x_wconf 83' lang='lat' dir='ltr'><strong>sane,</strong></span> <span class='ocrx_word' id='word_1_45' title='bbox 3195 577 3251 622; x_wconf 88' lang='grc' dir='ltr'><strong>ιιι</strong></span> <span class='ocrx_word' id='word_1_46' title='bbox 3290 584 3412 635; x_wconf 85' lang='lat' dir='ltr'><strong>cum</strong></span> 
     </span>
    </p>
   </div>
   <div class='ocr_carea' id='block_1_7' title="bbox 216 656 3411 749">
    <p class='ocr_par' dir='ltr' id='par_1_7' title="bbox 216 656 3411 749">
     <span class='ocr_line' id='line_1_7' title="bbox 216 656 3411 749; baseline -0.002 -31"><span class='ocrx_word' id='word_1_47' title='bbox 216 666 332 734; x_wconf 82' lang='lat' dir='ltr'><strong>ipsa</strong></span> <span class='ocrx_word' id='word_1_48' title='bbox 370 663 425 717; x_wconf 90' lang='lat' dir='ltr'><strong>in</strong></span> <span class='ocrx_word' id='word_1_49' title='bbox 444 660 698 716; x_wconf 87' lang='lat' dir='ltr'><strong>connubii</strong></span> <span class='ocrx_word' id='word_1_50' title='bbox 727 673 942 729; x_wconf 87' lang='lat' dir='ltr'><strong>quoque</strong></span> <span class='ocrx_word' id='word_1_51' title='bbox 984 657 1428 711; x_wconf 70' lang='lat' dir='ltr'><strong>consuetudinem</strong></span> <span class='ocrx_word' id='word_1_52' title='bbox 1456 656 1745 727; x_wconf 80' lang='lat' dir='ltr'><strong>aliquando</strong></span> <span class='ocrx_word' id='word_1_53' title='bbox 1810 660 2017 713; x_wconf 88' lang='lat' dir='ltr'><strong>veniret</strong></span> <span class='ocrx_word' id='word_1_54' title='bbox 2041 674 2067 723; x_wconf 57' lang='lat'><strong>‘;</strong></span> <span class='ocrx_word' id='word_1_55' title='bbox 2110 658 2249 712; x_wconf 85' lang='lat' dir='ltr'><strong>absit</strong></span> <span class='ocrx_word' id='word_1_56' title='bbox 2284 659 2426 713; x_wconf 87' lang='lat' dir='ltr'><strong>enim</strong></span> <span class='ocrx_word' id='word_1_57' title='bbox 2489 667 2546 713; x_wconf 93' lang='lat' dir='ltr'><strong>ut</strong></span> <span class='ocrx_word' id='word_1_58' title='bbox 2575 660 2629 713; x_wconf 92' lang='lat' dir='ltr'><strong>in</strong></span> <span class='ocrx_word' id='word_1_59' title='bbox 2666 660 2949 749; x_wconf 78' lang='lat' dir='ltr'><strong>donarium</strong></span> <span class='ocrx_word' id='word_1_60' title='bbox 3010 661 3117 716; x_wconf 92' lang='lat' dir='ltr'><strong>Deo</strong></span> <span class='ocrx_word' id='word_1_61' title='bbox 3161 661 3411 717; x_wconf 82' lang='lat' dir='ltr'><strong>devotum</strong></span> 
     </span>
    </p>
   </div>
   <div class='ocr_carea' id='block_1_8' title="bbox 215 749 1943 827">
    <p class='ocr_par' dir='ltr' id='par_1_8' title="bbox 215 749 1943 827">
     <span class='ocr_line' id='line_1_8' title="bbox 215 749 1943 827; baseline -0.005 -13"><span class='ocrx_word' id='word_1_62' title='bbox 215 773 412 818; x_wconf 81' lang='lat' dir='ltr'><strong>manus</strong></span> <span class='ocrx_word' id='word_1_63' title='bbox 440 756 743 827; x_wconf 85' lang='lat' dir='ltr'><strong>injicientes</strong></span> <span class='ocrx_word' id='word_1_64' title='bbox 787 752 1045 808; x_wconf 86' lang='lat' dir='ltr'><strong>continuo</strong></span> <span class='ocrx_word' id='word_1_65' title='bbox 1092 749 1175 805; x_wconf 93' lang='lat' dir='ltr'><strong>vel</strong></span> <span class='ocrx_word' id='word_1_66' title='bbox 1214 750 1483 820; x_wconf 70' lang='lat' dir='ltr'><strong>sacrilegii</strong></span> <span class='ocrx_word' id='word_1_67' title='bbox 1531 751 1943 807; x_wconf 84' lang='lat' dir='ltr'><strong>damnarentur.</strong></span> 
     </span>
    </p>
   </div>
   <div class='ocr_carea' id='block_1_9' title="bbox 286 842 1796 916">
    <p class='ocr_par' dir='ltr' id='par_1_9' title="bbox 286 842 1796 916">
     <span class='ocr_line' id='line_1_9' title="bbox 286 842 1796 916; baseline -0.009 -13"><span class='ocrx_word' id='word_1_68' title='bbox 286 850 403 916; x_wconf 72' lang='grc' dir='ltr'><strong>ις’.</strong></span> <span class='ocrx_word' id='word_1_69' title='bbox 432 846 499 901; x_wconf 85' lang='grc' dir='ltr'>Τί</span> <span class='ocrx_word' id='word_1_70' title='bbox 543 845 635 901; x_wconf 75' lang='grc' dir='ltr'>οὖν</span> <span class='ocrx_word' id='word_1_71' title='bbox 666 847 695 899; x_wconf 98' lang='lat'><strong>6</strong></span> <span class='ocrx_word' id='word_1_72' title='bbox 733 844 1093 914; x_wconf 82' lang='grc' dir='ltr'>νυμφαγωγός</span> <span class='ocrx_word' id='word_1_73' title='bbox 1125 856 1183 909; x_wconf 79' lang='grc' dir='ltr'><strong>τε</strong></span> <span class='ocrx_word' id='word_1_74' title='bbox 1212 842 1309 894; x_wconf 76' lang='grc' dir='ltr'>καὶ</span> <span class='ocrx_word' id='word_1_75' title='bbox 1352 842 1757 909; x_wconf 72' lang='grc' dir='ltr'>νυμφοστόλοςς</span> <span class='ocrx_word' id='word_1_76' title='bbox 1795 896 1796 901; x_wconf 27' lang='grc' dir='ltr'><strong>η</strong></span> 
     </span>
    </p>
   </div>
   <div class='ocr_carea' id='block_1_10' title="bbox 1860 842 3418 916">
    <p class='ocr_par' dir='ltr' id='par_1_10' title="bbox 1932 842 3418 914">
     <span class='ocr_line' id='line_1_10' title="bbox 1932 842 3418 914; baseline 0.002 -17"><span class='ocrx_word' id='word_1_77' title='bbox 1932 842 2069 899; x_wconf 77' lang='lat' dir='ltr'><strong>XVI.</strong></span> <span class='ocrx_word' id='word_1_78' title='bbox 2106 842 2244 909; x_wconf 87' lang='lat' dir='ltr'><strong>Quid</strong></span> <span class='ocrx_word' id='word_1_79' title='bbox 2274 844 2454 914; x_wconf 84' lang='lat' dir='ltr'><strong>itaque</strong></span> <span class='ocrx_word' id='word_1_80' title='bbox 2500 843 2587 899; x_wconf 86' lang='lat' dir='ltr'><strong>ille</strong></span> <span class='ocrx_word' id='word_1_81' title='bbox 2627 859 2840 913; x_wconf 72' lang='lat' dir='ltr'><strong>sponsa:</strong></span> <span class='ocrx_word' id='word_1_82' title='bbox 2891 845 3171 909; x_wconf 90' lang='lat' dir='ltr'><strong>adductor,</strong></span> <span class='ocrx_word' id='word_1_83' title='bbox 3199 846 3418 914; x_wconf 83' lang='lat' dir='ltr'><strong>nuptia-</strong></span> 
     </span>
    </p>
   </div>
   <div class='ocr_carea' id='block_1_11' title="bbox 217 931 1768 1013">
    <p class='ocr_par' dir='ltr' id='par_1_11' title="bbox 217 931 1768 1013">
     <span class='ocr_line' id='line_1_11' title="bbox 217 931 1768 1013; baseline -0.007 -17"><span class='ocrx_word' id='word_1_84' title='bbox 217 940 405 1013; x_wconf 77' lang='grc' dir='ltr'><strong>ΓΟρα,</strong></span> <span class='ocrx_word' id='word_1_85' title='bbox 438 938 555 1001; x_wconf 72' lang='grc' dir='ltr'><strong>πῶς</strong></span> <span class='ocrx_word' id='word_1_86' title='bbox 584 939 649 1008; x_wconf 77' lang='grc' dir='ltr'>τῇ</span> <span class='ocrx_word' id='word_1_87' title='bbox 683 934 942 1004; x_wconf 74' lang='grc' dir='ltr'><strong>Παρθένῳ</strong></span> <span class='ocrx_word' id='word_1_88' title='bbox 972 931 1089 985; x_wconf 79' lang='grc' dir='ltr'>λύει</span> <span class='ocrx_word' id='word_1_89' title='bbox 1139 933 1239 1002; x_wconf 83' lang='grc' dir='ltr'>τὴν</span> <span class='ocrx_word' id='word_1_90' title='bbox 1265 933 1500 1002; x_wconf 78' lang='grc' dir='ltr'><strong>ἀπορίαν</strong></span> <span class='ocrx_word' id='word_1_91' title='bbox 1536 932 1565 984; x_wconf 98' lang='lat'><strong>6</strong></span> <span class='ocrx_word' id='word_1_92' title='bbox 1601 933 1768 1000; x_wconf 76' lang='grc' dir='ltr'>ἄγγε-</span> 
     </span>
    </p>
   </div>
   <div class='ocr_carea' id='block_1_12' title="bbox 212 1021 1762 1102">
    <p class='ocr_par' dir='ltr' id='par_1_12' title="bbox 212 1021 1762 1102">
     <span class='ocr_line' id='line_1_12' title="bbox 212 1021 1762 1102; baseline -0.006 -18"><span class='ocrx_word' id='word_1_93' title='bbox 212 1030 302 1093; x_wconf 78' lang='grc' dir='ltr'>λος</span> <span class='ocrx_word' id='word_1_94' title='bbox 330 1029 450 1102; x_wconf 80' lang='grc' dir='ltr'><strong>καὶ]</strong></span> <span class='ocrx_word' id='word_1_95' title='bbox 479 1028 591 1091; x_wconf 80' lang='grc' dir='ltr'><strong>πῶς</strong></span> <span class='ocrx_word' id='word_1_96' title='bbox 614 1028 748 1095; x_wconf 74' lang='grc' dir='ltr'>αὐτῇ</span> <span class='ocrx_word' id='word_1_97' title='bbox 770 1021 1110 1094; x_wconf 76' lang='grc' dir='ltr'>διερμηντύει</span> <span class='ocrx_word' id='word_1_98' title='bbox 1131 1024 1223 1075; x_wconf 83' lang='grc' dir='ltr'>τὸν</span> <span class='ocrx_word' id='word_1_99' title='bbox 1264 1022 1538 1093; x_wconf 70' lang='grc' dir='ltr'>ἄφθαρτον</span> <span class='ocrx_word' id='word_1_100' title='bbox 1568 1023 1762 1092; x_wconf 82' lang='grc' dir='ltr'>γάμον,</span> 
     </span>
    </p>
   </div>
   <div class='ocr_carea' id='block_1_13' title="bbox 214 1112 1768 1187">
    <p class='ocr_par' dir='ltr' id='par_1_13' title="bbox 214 1112 1768 1187">
     <span class='ocr_line' id='line_1_13' title="bbox 214 1112 1768 1187; baseline -0.007 -12"><span class='ocrx_word' id='word_1_101' title='bbox 214 1122 309 1174; x_wconf 75' lang='grc' dir='ltr'><strong>καὶ</strong></span> <span class='ocrx_word' id='word_1_102' title='bbox 342 1122 435 1173; x_wconf 76' lang='grc' dir='ltr'>τὸν</span> <span class='ocrx_word' id='word_1_103' title='bbox 468 1120 741 1187; x_wconf 72' lang='grc' dir='ltr'><strong>ἄφραστον</strong></span> <span class='ocrx_word' id='word_1_104' title='bbox 763 1115 918 1167; x_wconf 81' lang='grc' dir='ltr'><strong>τόκον</strong></span> <span class='ocrx_word' id='word_1_105' title='bbox 952 1112 1071 1183; x_wconf 74' lang='grc' dir='ltr'>[καὶ</span> <span class='ocrx_word' id='word_1_106' title='bbox 1115 1114 1206 1166; x_wconf 78' lang='grc' dir='ltr'>τὸν</span> <span class='ocrx_word' id='word_1_107' title='bbox 1234 1113 1615 1181; x_wconf 79' lang='grc' dir='ltr'><strong>ἀκατάληπτον</strong></span> <span class='ocrx_word' id='word_1_108' title='bbox 1639 1113 1768 1181; x_wconf 67' lang='grc' dir='ltr'>τρόυ</span> 
     </span>
    </p>
   </div>
   <div class='ocr_carea' id='block_1_14' title="bbox 215 1196 1777 1279">
    <p class='ocr_par' dir='ltr' id='par_1_14' title="bbox 215 1196 1777 1279">
     <span class='ocr_line' id='line_1_14' title="bbox 215 1196 1777 1279; baseline 0.017 -36"><span class='ocrx_word' id='word_1_109' title='bbox 215 1208 359 1279; x_wconf 57' lang='grc' dir='ltr'><strong>πη,</strong></span> <span class='ocrx_word' id='word_1_110' title='bbox 394 1208 488 1261; x_wconf 73' lang='grc' dir='ltr'><strong>καὶ</strong></span> <span class='ocrx_word' id='word_1_111' title='bbox 530 1206 645 1277; x_wconf 68' lang='grc' dir='ltr'>ἃμα,</span> <span class='ocrx_word' id='word_1_112' title='bbox 693 1205 1042 1274; x_wconf 74' lang='grc' dir='ltr'>μυσταγωγεῖ</span> <span class='ocrx_word' id='word_1_113' title='bbox 1064 1203 1125 1256; x_wconf 82' lang='grc' dir='ltr'>τδ</span> <span class='ocrx_word' id='word_1_114' title='bbox 1179 1203 1283 1272; x_wconf 70' lang='grc' dir='ltr'><strong>τῆς,</strong></span> <span class='ocrx_word' id='word_1_115' title='bbox 1331 1202 1558 1272; x_wconf 83' lang='grc' dir='ltr'><strong>Τριάδος</strong></span> <span class='ocrx_word' id='word_1_116' title='bbox 1611 1196 1777 1273; x_wconf 26' lang='grc' dir='ltr'><strong>αὗτῇ-</strong></span> 
     </span>
    </p>
   </div>
   <div class='ocr_carea' id='block_1_15' title="bbox 219 1292 1767 1369">
    <p class='ocr_par' dir='ltr' id='par_1_15' title="bbox 219 1292 1767 1369">
     <span class='ocr_line' id='line_1_15' title="bbox 219 1292 1767 1369; baseline -0.004 -18"><span class='ocrx_word' id='word_1_117' title='bbox 219 1299 556 1369; x_wconf 76' lang='grc' dir='ltr'>μυστήριον*</span> <span class='ocrx_word' id='word_1_118' title='bbox 627 1294 725 1367; x_wconf 86' lang='grc' dir='ltr'><strong>[οὑ</strong></span> <span class='ocrx_word' id='word_1_119' title='bbox 771 1293 945 1364; x_wconf 76' lang='grc' dir='ltr'>χρεία,</span> <span class='ocrx_word' id='word_1_120' title='bbox 1006 1294 1193 1362; x_wconf 68' lang='grc' dir='ltr'>φησιν,</span> <span class='ocrx_word' id='word_1_121' title='bbox 1257 1292 1452 1363; x_wconf 80' lang='grc' dir='ltr'>ἀνδρός</span> <span class='ocrx_word' id='word_1_122' title='bbox 1488 1309 1503 1324; x_wconf 78' lang='grc' dir='ltr'><strong>ο</strong></span> <span class='ocrx_word' id='word_1_123' title='bbox 1552 1292 1612 1345; x_wconf 81' lang='grc' dir='ltr'>οὐ</span> <span class='ocrx_word' id='word_1_124' title='bbox 1661 1294 1767 1363; x_wconf 84' lang='grc' dir='ltr'>γὰρ</span> 
     </span>
    </p>
   </div>
   <div class='ocr_carea' id='block_1_16' title="bbox 212 1383 1768 1459">
    <p class='ocr_par' dir='ltr' id='par_1_16' title="bbox 212 1383 1768 1459">
     <span class='ocr_line' id='line_1_16' title="bbox 212 1383 1768 1459; baseline -0.005 -16"><span class='ocrx_word' id='word_1_125' title='bbox 212 1388 414 1458; x_wconf 77' lang='grc' dir='ltr'>ὁμοίως</span> <span class='ocrx_word' id='word_1_126' title='bbox 466 1388 585 1450; x_wconf 75' lang='grc' dir='ltr'>ταῖς</span> <span class='ocrx_word' id='word_1_127' title='bbox 619 1385 803 1449; x_wconf 71' lang='grc' dir='ltr'>ἄλλαις</span> <span class='ocrx_word' id='word_1_128' title='bbox 830 1385 923 1459; x_wconf 41' lang='grc' dir='ltr'><strong>,τὰ</strong></span> <span class='ocrx_word' id='word_1_129' title='bbox 968 1383 1049 1436; x_wconf 67' lang='grc' dir='ltr'><strong>»σὰ</strong></span> <span class='ocrx_word' id='word_1_130' title='bbox 1081 1421 1099 1449; x_wconf 91' lang='lat'><strong>,</strong></span> <span class='ocrx_word' id='word_1_131' title='bbox 1154 1384 1343 1453; x_wconf 80' lang='grc' dir='ltr'>ὥσπερ</span> <span class='ocrx_word' id='word_1_132' title='bbox 1404 1384 1524 1435; x_wconf 74' lang='grc' dir='ltr'><strong>οὐδὲ</strong></span> <span class='ocrx_word' id='word_1_133' title='bbox 1569 1383 1638 1437; x_wconf 79' lang='grc' dir='ltr'>τὰ</span> <span class='ocrx_word' id='word_1_134' title='bbox 1676 1383 1768 1436; x_wconf 82' lang='grc' dir='ltr'>τοῦ</span> 
     </span>
    </p>
   </div>
   <div class='ocr_carea' id='block_1_17' title="bbox 215 1476 1769 1548">
    <p class='ocr_par' dir='ltr' id='par_1_17' title="bbox 215 1476 1769 1548">
     <span class='ocr_line' id='line_1_17' title="bbox 215 1476 1769 1548; baseline -0.005 -11"><span class='ocrx_word' id='word_1_135' title='bbox 215 1482 347 1537; x_wconf 82' lang='grc' dir='ltr'><strong>Υίοῦ</strong></span> <span class='ocrx_word' id='word_1_136' title='bbox 380 1484 492 1545; x_wconf 72' lang='grc' dir='ltr'>τοῖς</span> <span class='ocrx_word' id='word_1_137' title='bbox 512 1482 664 1543; x_wconf 78' lang='grc' dir='ltr'><strong>υίοῖς.</strong></span> <span class='ocrx_word' id='word_1_138' title='bbox 691 1481 767 1534; x_wconf 86' lang='grc' dir='ltr'><strong>Οὐ</strong></span> <span class='ocrx_word' id='word_1_139' title='bbox 797 1479 905 1548; x_wconf 79' lang='grc' dir='ltr'><strong>γὰρ</strong></span> <span class='ocrx_word' id='word_1_140' title='bbox 930 1479 963 1548; x_wconf 73' lang='grc' dir='ltr'><strong>ἡ</strong></span> <span class='ocrx_word' id='word_1_141' title='bbox 999 1477 1065 1547; x_wconf 76' lang='grc' dir='ltr'><strong>σὴ</strong></span> <span class='ocrx_word' id='word_1_142' title='bbox 1089 1477 1347 1546; x_wconf 76' lang='grc' dir='ltr'><strong>σύλληψις</strong></span> <span class='ocrx_word' id='word_1_143' title='bbox 1358 1477 1453 1545; x_wconf 83' lang='grc' dir='ltr'><strong>τῆς</strong></span> <span class='ocrx_word' id='word_1_144' title='bbox 1474 1476 1769 1544; x_wconf 75' lang='grc' dir='ltr'><strong>παρθενίας</strong></span> 
     </span>
    </p>
   </div>
   <div class='ocr_carea' id='block_1_18' title="bbox 212 1566 1771 1642">
    <p class='ocr_par' dir='ltr' id='par_1_18' title="bbox 212 1566 1771 1642">
     <span class='ocr_line' id='line_1_18' title="bbox 212 1566 1771 1642; baseline -0.005 -16"><span class='ocrx_word' id='word_1_145' title='bbox 212 1574 505 1642; x_wconf 72' lang='grc' dir='ltr'><strong>ἀφαίρεσις</strong></span> <span class='ocrx_word' id='word_1_146' title='bbox 530 1612 545 1635; x_wconf 83' lang='grc'>,</span> <span class='ocrx_word' id='word_1_147' title='bbox 605 1570 739 1625; x_wconf 77' lang='grc' dir='ltr'><strong>ἀλλὰ</strong></span> <span class='ocrx_word' id='word_1_148' title='bbox 805 1568 900 1622; x_wconf 76' lang='grc' dir='ltr'>καὶ</span> <span class='ocrx_word' id='word_1_149' title='bbox 995 1566 1301 1620; x_wconf 77' lang='grc' dir='ltr'>τούναντίον</span> <span class='ocrx_word' id='word_1_150' title='bbox 1385 1568 1616 1636; x_wconf 74' lang='grc' dir='ltr'>σφραγὶς</span> <span class='ocrx_word' id='word_1_151' title='bbox 1676 1566 1771 1619; x_wconf 77' lang='grc' dir='ltr'><strong>καὶ</strong></span> 
     </span>
    </p>
   </div>
   <div class='ocr_carea' id='block_1_19' title="bbox 216 1647 1765 1730">
    <p class='ocr_par' dir='ltr' id='par_1_19' title="bbox 216 1647 1765 1730">
     <span class='ocr_line' id='line_1_19' title="bbox 216 1647 1765 1730; baseline -0.006 -15"><span class='ocrx_word' id='word_1_152' title='bbox 216 1662 565 1730; x_wconf 74' lang='grc' dir='ltr'><strong>συντήρησις.</strong></span> <span class='ocrx_word' id='word_1_153' title='bbox 627 1659 791 1729; x_wconf 79' lang='grc' dir='ltr'><strong>Δέχου</strong></span> <span class='ocrx_word' id='word_1_154' title='bbox 829 1656 942 1720; x_wconf 78' lang='grc' dir='ltr'>οὖν,</span> <span class='ocrx_word' id='word_1_155' title='bbox 992 1647 1038 1707; x_wconf 77' lang='grc' dir='ltr'>ὦ</span> <span class='ocrx_word' id='word_1_156' title='bbox 1095 1656 1358 1726; x_wconf 75' lang='grc' dir='ltr'><strong>Παρθένι,</strong></span> <span class='ocrx_word' id='word_1_157' title='bbox 1413 1655 1474 1708; x_wconf 85' lang='grc' dir='ltr'>τδ</span> <span class='ocrx_word' id='word_1_158' title='bbox 1535 1654 1725 1724; x_wconf 78' lang='grc' dir='ltr'><strong>λεχθέν</strong></span> <span class='ocrx_word' id='word_1_159' title='bbox 1751 1670 1765 1684; x_wconf 91' lang='grc'><strong>·</strong></span> 
     </span>
    </p>
   </div>
   <div class='ocr_carea' id='block_1_20' title="bbox 213 1737 1770 1821">
    <p class='ocr_par' dir='ltr' id='par_1_20' title="bbox 213 1737 1770 1821">
     <span class='ocr_line' id='line_1_20' title="bbox 213 1737 1770 1821; baseline -0.01 -13"><span class='ocrx_word' id='word_1_160' title='bbox 213 1751 299 1821; x_wconf 75' lang='grc' dir='ltr'>μὴ</span> <span class='ocrx_word' id='word_1_161' title='bbox 360 1749 514 1820; x_wconf 75' lang='grc' dir='ltr'>ζήτει</span> <span class='ocrx_word' id='word_1_162' title='bbox 562 1748 623 1803; x_wconf 81' lang='grc' dir='ltr'><strong>τὺ</strong></span> <span class='ocrx_word' id='word_1_163' title='bbox 681 1749 921 1819; x_wconf 75' lang='grc' dir='ltr'><strong>σιγηθέν.</strong></span> <span class='ocrx_word' id='word_1_164' title='bbox 974 1737 1086 1817; x_wconf 74' lang='grc' dir='ltr'><strong>Τῷ’</strong></span> <span class='ocrx_word' id='word_1_165' title='bbox 1132 1746 1266 1816; x_wconf 78' lang='grc' dir='ltr'>τόκῳ</span> <span class='ocrx_word' id='word_1_166' title='bbox 1336 1744 1641 1815; x_wconf 80' lang='grc' dir='ltr'><strong>μαρτυρῶ·</strong></span> <span class='ocrx_word' id='word_1_167' title='bbox 1692 1740 1770 1813; x_wconf 84' lang='grc' dir='ltr'>τῷ</span> 
     </span>
    </p>
   </div>
   <div class='ocr_carea' id='block_1_21' title="bbox 209 1831 1771 1910">
    <p class='ocr_par' dir='ltr' id='par_1_21' title="bbox 209 1831 1771 1910">
     <span class='ocr_line' id='line_1_21' title="bbox 209 1831 1771 1910; baseline -0.004 -19"><span class='ocrx_word' id='word_1_168' title='bbox 209 1840 416 1910; x_wconf 64' lang='grc' dir='ltr'>τρόπῳ</span> <span class='ocrx_word' id='word_1_169' title='bbox 463 1836 802 1908; x_wconf 76' lang='grc' dir='ltr'><strong>παραχωρῶ.</strong></span> <span class='ocrx_word' id='word_1_170' title='bbox 847 1834 1112 1904; x_wconf 75' lang='grc' dir='ltr'>Ἀγγελος</span> <span class='ocrx_word' id='word_1_171' title='bbox 1182 1834 1328 1904; x_wconf 84' lang='grc' dir='ltr'>γὰρ,</span> <span class='ocrx_word' id='word_1_172' title='bbox 1388 1833 1446 1885; x_wconf 81' lang='grc' dir='ltr'>οὐ</span> <span class='ocrx_word' id='word_1_173' title='bbox 1522 1831 1771 1909; x_wconf 77' lang='grc' dir='ltr'><strong>διδάσκα-</strong></span> 
     </span>
    </p>
   </div>
   <div class='ocr_carea' id='block_1_22' title="bbox 208 1921 1771 2003">
    <p class='ocr_par' dir='ltr' id='par_1_22' title="bbox 208 1921 1771 2003">
     <span class='ocr_line' id='line_1_22' title="bbox 208 1921 1771 2003; baseline -0.008 -18"><span class='ocrx_word' id='word_1_174' title='bbox 208 1930 307 1995; x_wconf 78' lang='grc' dir='ltr'><strong>λός</strong></span> <span class='ocrx_word' id='word_1_175' title='bbox 368 1946 451 1984; x_wconf 88' lang='grc' dir='ltr'>σοι</span> <span class='ocrx_word' id='word_1_176' title='bbox 501 1930 598 2003; x_wconf 78' lang='grc' dir='ltr'><strong>τῆς</strong></span> <span class='ocrx_word' id='word_1_177' title='bbox 646 1928 956 1997; x_wconf 76' lang='grc' dir='ltr'>οἰκονομίας</span> <span class='ocrx_word' id='word_1_178' title='bbox 1014 1923 1253 1994; x_wconf 73' lang='grc' dir='ltr'><strong>ιλήλυθα</strong></span> <span class='ocrx_word' id='word_1_179' title='bbox 1282 1937 1298 1954; x_wconf 76' lang='grc' dir='ltr'><strong><em>ο</em></strong></span> <span class='ocrx_word' id='word_1_180' title='bbox 1360 1922 1605 1985; x_wconf 78' lang='grc' dir='ltr'>διάκονος</span> <span class='ocrx_word' id='word_1_181' title='bbox 1676 1921 1771 1974; x_wconf 76' lang='grc' dir='ltr'><strong>καὶ</strong></span> 
     </span>
    </p>
   </div>
   <div class='ocr_carea' id='block_1_23' title="bbox 207 2009 1769 2089">
    <p class='ocr_par' dir='ltr' id='par_1_23' title="bbox 207 2009 1769 2089">
     <span class='ocr_line' id='line_1_23' title="bbox 207 2009 1769 2089; baseline -0.008 -17"><span class='ocrx_word' id='word_1_182' title='bbox 207 2017 395 2089; x_wconf 71' lang='grc' dir='ltr'>κῆρυξ</span> <span class='ocrx_word' id='word_1_183' title='bbox 437 2018 534 2087; x_wconf 83' lang='grc' dir='ltr'><strong>τῆς</strong></span> <span class='ocrx_word' id='word_1_184' title='bbox 574 2017 905 2083; x_wconf 57' lang='lat' dir='ltr'><strong>Armatur“):</strong></span> <span class='ocrx_word' id='word_1_185' title='bbox 967 2011 1275 2080; x_wconf 70' lang='grc' dir='ltr'>ἀπεστάλην</span> <span class='ocrx_word' id='word_1_186' title='bbox 1329 2009 1642 2079; x_wconf 67' lang='grc' dir='ltr'>ἐπιδημίας,</span> <span class='ocrx_word' id='word_1_187' title='bbox 1668 2010 1769 2061; x_wconf 82' lang='grc' dir='ltr'>οὐκ</span> 
     </span>
    </p>
   </div>
   <div class='ocr_carea' id='block_1_24' title="bbox 205 2098 1769 2179">
    <p class='ocr_par' dir='ltr' id='par_1_24' title="bbox 205 2098 1769 2179">
     <span class='ocr_line' id='line_1_24' title="bbox 205 2098 1769 2179; baseline -0.007 -18"><span class='ocrx_word' id='word_1_188' title='bbox 205 2108 509 2179; x_wconf 75' lang='grc' dir='ltr'><strong>ιρμηνιὺς,</strong></span> <span class='ocrx_word' id='word_1_189' title='bbox 534 2104 645 2159; x_wconf 75' lang='grc' dir='ltr'><strong>οὐδ’</strong></span> <span class='ocrx_word' id='word_1_190' title='bbox 698 2103 968 2173; x_wconf 67' lang='grc' dir='ltr'><strong>ἐξηγητὴς</strong></span> <span class='ocrx_word' id='word_1_191' title='bbox 1028 2100 1126 2154; x_wconf 78' lang='grc' dir='ltr'><strong>τοῦ</strong></span> <span class='ocrx_word' id='word_1_192' title='bbox 1169 2102 1607 2169; x_wconf 78' lang='grc' dir='ltr'>προστάγματος.</span> <span class='ocrx_word' id='word_1_193' title='bbox 1642 2098 1769 2162; x_wconf 79' lang='grc' dir='ltr'><strong>Πῶς</strong></span> 
     </span>
    </p>
   </div>
   <div class='ocr_carea' id='block_1_25' title="bbox 1867 932 3415 1005">
    <p class='ocr_par' dir='ltr' id='par_1_25' title="bbox 1867 932 3415 1005">
     <span class='ocr_line' id='line_1_25' title="bbox 1867 932 3415 1005; baseline 0.002 -19"><span class='ocrx_word' id='word_1_194' title='bbox 1867 948 2095 1001; x_wconf 87' lang='lat' dir='ltr'><strong>rumque</strong></span> <span class='ocrx_word' id='word_1_195' title='bbox 2124 948 2327 1002; x_wconf 82' lang='lat' dir='ltr'><strong>auspex</strong></span> <span class='ocrx_word' id='word_1_196' title='bbox 2352 934 2613 1003; x_wconf 74' lang='lat' dir='ltr'><strong>angelus?</strong></span> <span class='ocrx_word' id='word_1_197' title='bbox 2642 932 2799 1005; x_wconf 84' lang='lat' dir='ltr'><strong>[Vide</strong></span> <span class='ocrx_word' id='word_1_198' title='bbox 2829 935 3103 1003; x_wconf 92' lang='lat' dir='ltr'><strong>quomodo</strong></span> <span class='ocrx_word' id='word_1_199' title='bbox 3131 949 3161 987; x_wconf 85' lang='lat' dir='ltr'><strong>a</strong></span> <span class='ocrx_word' id='word_1_200' title='bbox 3195 933 3415 1003; x_wconf 82' lang='lat' dir='ltr'><strong>Virgine</strong></span> 
     </span>
    </p>
   </div>
   <div class='ocr_carea' id='block_1_26' title="bbox 1865 1023 3412 1095">
    <p class='ocr_par' dir='ltr' id='par_1_26' title="bbox 1865 1023 3412 1095">
     <span class='ocr_line' id='line_1_26' title="bbox 1865 1023 3412 1095; baseline 0.001 -18"><span class='ocrx_word' id='word_1_201' title='bbox 1865 1023 2231 1077; x_wconf 87' lang='lat' dir='ltr'><strong>dubitationes</strong></span> <span class='ocrx_word' id='word_1_202' title='bbox 2277 1024 2453 1093; x_wconf 85' lang='lat' dir='ltr'><strong>abigat</strong></span> <span class='ocrx_word' id='word_1_203' title='bbox 2507 1023 2581 1095; x_wconf 90' lang='lat' dir='ltr'><strong>et]</strong></span> <span class='ocrx_word' id='word_1_204' title='bbox 2626 1028 2897 1092; x_wconf 87' lang='lat' dir='ltr'><strong>quomodo</strong></span> <span class='ocrx_word' id='word_1_205' title='bbox 2956 1024 3412 1079; x_wconf 88' lang='lat' dir='ltr'><strong>incontaminatas</strong></span> 
     </span>
    </p>
   </div>
   <div class='ocr_carea' id='block_1_27' title="bbox 1866 1113 3414 1186">
    <p class='ocr_par' dir='ltr' id='par_1_27' title="bbox 1866 1113 3414 1186">
     <span class='ocr_line' id='line_1_27' title="bbox 1866 1113 3414 1186; baseline 0.003 -19"><span class='ocrx_word' id='word_1_206' title='bbox 1866 1113 1970 1183; x_wconf 87' lang='lat' dir='ltr'><strong>ipsi</strong></span> <span class='ocrx_word' id='word_1_207' title='bbox 2000 1114 2217 1182; x_wconf 87' lang='lat' dir='ltr'><strong>nuptias</strong></span> <span class='ocrx_word' id='word_1_208' title='bbox 2257 1115 2686 1184; x_wconf 77' lang='lat' dir='ltr'><strong>iueﬂ‘abilemque</strong></span> <span class='ocrx_word' id='word_1_209' title='bbox 2724 1129 2937 1185; x_wconf 89' lang='lat' dir='ltr'><strong>partum</strong></span> <span class='ocrx_word' id='word_1_210' title='bbox 2991 1121 3071 1186; x_wconf 74' lang='lat' dir='ltr'><strong>[et</strong></span> <span class='ocrx_word' id='word_1_211' title='bbox 3111 1117 3414 1183; x_wconf 79' lang='lat' dir='ltr'><strong>incompre-</strong></span> 
     </span>
    </p>
   </div>
   <div class='ocr_carea' id='block_1_28' title="bbox 1867 1203 3412 1275">
    <p class='ocr_par' dir='ltr' id='par_1_28' title="bbox 1867 1203 3412 1275">
     <span class='ocr_line' id='line_1_28' title="bbox 1867 1203 3412 1275; baseline 0 -18"><span class='ocrx_word' id='word_1_212' title='bbox 1867 1203 2185 1259; x_wconf 87' lang='lat' dir='ltr'><strong>bcnsibilem</strong></span> <span class='ocrx_word' id='word_1_213' title='bbox 2221 1204 2461 1273; x_wconf 81' lang='lat' dir='ltr'><strong>ejusdem</strong></span> <span class='ocrx_word' id='word_1_214' title='bbox 2504 1205 2791 1275; x_wconf 82' lang='lat' dir='ltr'><strong>rationem]</strong></span> <span class='ocrx_word' id='word_1_215' title='bbox 2821 1207 2975 1274; x_wconf 83' lang='lat' dir='ltr'><strong>quasi</strong></span> <span class='ocrx_word' id='word_1_216' title='bbox 3011 1208 3276 1274; x_wconf 84' lang='lat' dir='ltr'><strong>interpres</strong></span> <span class='ocrx_word' id='word_1_217' title='bbox 3316 1219 3412 1259; x_wconf 82' lang='lat' dir='ltr'><strong>ex-</strong></span> 
     </span>
    </p>
   </div>
   <div class='ocr_carea' id='block_1_29' title="bbox 1867 1294 3409 1363">
    <p class='ocr_par' dir='ltr' id='par_1_29' title="bbox 1867 1294 3409 1363">
     <span class='ocr_line' id='line_1_29' title="bbox 1867 1294 3409 1363; baseline 0.002 -17"><span class='ocrx_word' id='word_1_218' title='bbox 1867 1302 2052 1361; x_wconf 84' lang='lat' dir='ltr'><strong>ponat,</strong></span> <span class='ocrx_word' id='word_1_219' title='bbox 2075 1309 2136 1348; x_wconf 90' lang='lat' dir='ltr'><strong>ac</strong></span> <span class='ocrx_word' id='word_1_220' title='bbox 2167 1294 2482 1363; x_wconf 87' lang='lat' dir='ltr'><strong>mysterium</strong></span> <span class='ocrx_word' id='word_1_221' title='bbox 2514 1295 2675 1350; x_wconf 85' lang='lat' dir='ltr'><strong>simul</strong></span> <span class='ocrx_word' id='word_1_222' title='bbox 2702 1294 2985 1349; x_wconf 84' lang='lat' dir='ltr'><strong>Trinitatis</strong></span> <span class='ocrx_word' id='word_1_223' title='bbox 3019 1311 3137 1348; x_wconf 89' lang='lat' dir='ltr'><strong>eam</strong></span> <span class='ocrx_word' id='word_1_224' title='bbox 3164 1294 3409 1349; x_wconf 87' lang='lat' dir='ltr'><strong>edoceat.</strong></span> 
     </span>
    </p>
   </div>
   <div class='ocr_carea' id='block_1_30' title="bbox 1873 1383 3407 1455">
    <p class='ocr_par' dir='ltr' id='par_1_30' title="bbox 1873 1383 3407 1455">
     <span class='ocr_line' id='line_1_30' title="bbox 1873 1383 3407 1455; baseline 0.001 -19"><span class='ocrx_word' id='word_1_225' title='bbox 1873 1383 2062 1455; x_wconf 76' lang='lat' dir='ltr'><strong>[Nihil,</strong></span> <span class='ocrx_word' id='word_1_226' title='bbox 2087 1384 2281 1452; x_wconf 85' lang='lat' dir='ltr'><strong>inquit,</strong></span> <span class='ocrx_word' id='word_1_227' title='bbox 2306 1399 2443 1453; x_wconf 89' lang='lat' dir='ltr'><strong>opus</strong></span> <span class='ocrx_word' id='word_1_228' title='bbox 2468 1392 2552 1439; x_wconf 86' lang='lat' dir='ltr'><strong>est</strong></span> <span class='ocrx_word' id='word_1_229' title='bbox 2579 1386 2693 1440; x_wconf 83' lang='lat' dir='ltr'><strong>viro</strong></span> <span class='ocrx_word' id='word_1_230' title='bbox 2717 1402 2732 1450; x_wconf 89' lang='lat'><strong>;</strong></span> <span class='ocrx_word' id='word_1_231' title='bbox 2769 1402 2943 1455; x_wconf 90' lang='lat' dir='ltr'><strong>neque</strong></span> <span class='ocrx_word' id='word_1_232' title='bbox 2972 1386 3116 1439; x_wconf 89' lang='lat' dir='ltr'><strong>enim</strong></span> <span class='ocrx_word' id='word_1_233' title='bbox 3168 1393 3259 1438; x_wconf 88' lang='lat' dir='ltr'><strong>tua</strong></span> <span class='ocrx_word' id='word_1_234' title='bbox 3283 1398 3407 1438; x_wconf 90' lang='lat' dir='ltr'><strong>cum</strong></span> 
     </span>
    </p>
   </div>
   <div class='ocr_carea' id='block_1_31' title="bbox 1868 1464 3409 1547">
    <p class='ocr_par' dir='ltr' id='par_1_31' title="bbox 1868 1464 3409 1547">
     <span class='ocr_line' id='line_1_31' title="bbox 1868 1464 3409 1547; baseline 0 -21"><span class='ocrx_word' id='word_1_235' title='bbox 1868 1475 1989 1547; x_wconf 86' lang='lat' dir='ltr'><strong>aliis</strong></span> <span class='ocrx_word' id='word_1_236' title='bbox 2015 1474 2353 1539; x_wconf 82' lang='lat' dir='ltr'><strong>mulieribus,</strong></span> <span class='ocrx_word' id='word_1_237' title='bbox 2408 1475 2567 1529; x_wconf 80' lang='lat' dir='ltr'><strong>sicuti</strong></span> <span class='ocrx_word' id='word_1_238' title='bbox 2607 1490 2705 1529; x_wconf 88' lang='lat' dir='ltr'><strong>nec</strong></span> <span class='ocrx_word' id='word_1_239' title='bbox 2727 1464 2846 1545; x_wconf 67' lang='lat' dir='ltr'><strong>qua:</strong></span> <span class='ocrx_word' id='word_1_240' title='bbox 2884 1486 3010 1529; x_wconf 90' lang='lat' dir='ltr'><strong>sunt</strong></span> <span class='ocrx_word' id='word_1_241' title='bbox 3055 1475 3147 1529; x_wconf 86' lang='lat' dir='ltr'><strong>ﬁlii</strong></span> <span class='ocrx_word' id='word_1_242' title='bbox 3184 1474 3259 1532; x_wconf 87' lang='lat' dir='ltr'><strong>tui</strong></span> <span class='ocrx_word' id='word_1_243' title='bbox 3286 1488 3409 1527; x_wconf 90' lang='lat' dir='ltr'><strong>cum</strong></span> 
     </span>
    </p>
   </div>
   <div class='ocr_carea' id='block_1_32' title="bbox 1869 1562 3409 1633">
    <p class='ocr_par' dir='ltr' id='par_1_32' title="bbox 1869 1562 3409 1633">
     <span class='ocr_line' id='line_1_32' title="bbox 1869 1562 3409 1633; baseline -0.001 -17"><span class='ocrx_word' id='word_1_244' title='bbox 1869 1562 1988 1616; x_wconf 87' lang='lat' dir='ltr'><strong>aliis</strong></span> <span class='ocrx_word' id='word_1_245' title='bbox 2002 1562 2142 1627; x_wconf 84' lang='lat' dir='ltr'><strong>liliis,</strong></span> <span class='ocrx_word' id='word_1_246' title='bbox 2163 1564 2454 1633; x_wconf 85' lang='lat' dir='ltr'><strong>quidquam</strong></span> <span class='ocrx_word' id='word_1_247' title='bbox 2470 1580 2759 1619; x_wconf 89' lang='lat' dir='ltr'><strong>commune</strong></span> <span class='ocrx_word' id='word_1_248' title='bbox 2780 1565 2997 1620; x_wconf 86' lang='lat' dir='ltr'><strong>habent.</strong></span> <span class='ocrx_word' id='word_1_249' title='bbox 3018 1563 3307 1631; x_wconf 75' lang='lat' dir='ltr'><strong>conceptio</strong></span> <span class='ocrx_word' id='word_1_250' title='bbox 3320 1575 3409 1615; x_wconf 90' lang='lat' dir='ltr'><strong>tua</strong></span> 
     </span>
    </p>
   </div>
   <div class='ocr_carea' id='block_1_33' title="bbox 1870 1653 3411 1725">
    <p class='ocr_par' dir='ltr' id='par_1_33' title="bbox 1870 1653 3411 1725">
     <span class='ocr_line' id='line_1_33' title="bbox 1870 1653 3411 1725; baseline -0.001 -18"><span class='ocrx_word' id='word_1_251' title='bbox 1870 1653 2013 1708; x_wconf 87' lang='lat' dir='ltr'><strong>baud</strong></span> <span class='ocrx_word' id='word_1_252' title='bbox 2040 1669 2170 1708; x_wconf 89' lang='lat' dir='ltr'><strong>sane</strong></span> <span class='ocrx_word' id='word_1_253' title='bbox 2197 1654 2525 1724; x_wconf 89' lang='lat' dir='ltr'><strong>virginitatis</strong></span> <span class='ocrx_word' id='word_1_254' title='bbox 2551 1663 2632 1709; x_wconf 86' lang='lat' dir='ltr'><strong>est</strong></span> <span class='ocrx_word' id='word_1_255' title='bbox 2650 1654 2833 1717; x_wconf 80' lang='lat' dir='ltr'><strong>funus.</strong></span> <span class='ocrx_word' id='word_1_256' title='bbox 2854 1656 3000 1725; x_wconf 87' lang='lat' dir='ltr'><strong>sede</strong></span> <span class='ocrx_word' id='word_1_257' title='bbox 3027 1668 3286 1708; x_wconf 89' lang='lat' dir='ltr'><strong>converso</strong></span> <span class='ocrx_word' id='word_1_258' title='bbox 3312 1653 3411 1706; x_wconf 89' lang='lat' dir='ltr'><strong>ob-</strong></span> 
     </span>
    </p>
   </div>
   <div class='ocr_carea' id='block_1_34' title="bbox 1869 1740 3410 1813">
    <p class='ocr_par' dir='ltr' id='par_1_34' title="bbox 1869 1740 3410 1813">
     <span class='ocr_line' id='line_1_34' title="bbox 1869 1740 3410 1813; baseline -0.001 -18"><span class='ocrx_word' id='word_1_259' title='bbox 1869 1740 2100 1810; x_wconf 86' lang='lat' dir='ltr'><strong>signatio</strong></span> <span class='ocrx_word' id='word_1_260' title='bbox 2140 1744 2318 1810; x_wconf 87' lang='lat' dir='ltr'><strong>potius</strong></span> <span class='ocrx_word' id='word_1_261' title='bbox 2370 1754 2423 1797; x_wconf 90' lang='lat' dir='ltr'><strong>et</strong></span> <span class='ocrx_word' id='word_1_262' title='bbox 2462 1744 2726 1799; x_wconf 88' lang='lat' dir='ltr'><strong>custodia.</strong></span> <span class='ocrx_word' id='word_1_263' title='bbox 2765 1744 2911 1798; x_wconf 89' lang='lat' dir='ltr'><strong>Tene</strong></span> <span class='ocrx_word' id='word_1_264' title='bbox 2943 1743 3126 1813; x_wconf 88' lang='lat' dir='ltr'><strong>igitur,</strong></span> <span class='ocrx_word' id='word_1_265' title='bbox 3160 1759 3192 1796; x_wconf 92' lang='lat' dir='ltr'><strong>o</strong></span> <span class='ocrx_word' id='word_1_266' title='bbox 3223 1742 3410 1810; x_wconf 84' lang='lat' dir='ltr'><strong>Virgo,</strong></span> 
     </span>
    </p>
   </div>
   <div class='ocr_carea' id='block_1_35' title="bbox 1868 1827 3399 1899">
    <p class='ocr_par' dir='ltr' id='par_1_35' title="bbox 1868 1827 3399 1899">
     <span class='ocr_line' id='line_1_35' title="bbox 1868 1827 3399 1899; baseline 0.007 -20"><span class='ocrx_word' id='word_1_267' title='bbox 1868 1827 2011 1895; x_wconf 89' lang='lat' dir='ltr'><strong>quod</strong></span> <span class='ocrx_word' id='word_1_268' title='bbox 2042 1828 2135 1881; x_wconf 88' lang='lat' dir='ltr'><strong>tibi</strong></span> <span class='ocrx_word' id='word_1_269' title='bbox 2168 1829 2494 1894; x_wconf 87' lang='lat' dir='ltr'><strong>revelatum;</strong></span> <span class='ocrx_word' id='word_1_270' title='bbox 2526 1830 2666 1899; x_wconf 91' lang='lat' dir='ltr'><strong>quod</strong></span> <span class='ocrx_word' id='word_1_271' title='bbox 2699 1831 2911 1884; x_wconf 83' lang='lat' dir='ltr'><strong>silentio</strong></span> <span class='ocrx_word' id='word_1_272' title='bbox 2946 1841 3029 1884; x_wconf 88' lang='lat' dir='ltr'><strong>est</strong></span> <span class='ocrx_word' id='word_1_273' title='bbox 3055 1832 3399 1889; x_wconf 81' lang='lat' dir='ltr'><strong>obvolutum.</strong></span> 
     </span>
    </p>
   </div>
   <div class='ocr_carea' id='block_1_36' title="bbox 1869 1908 3412 1985">
    <p class='ocr_par' dir='ltr' id='par_1_36' title="bbox 1869 1908 3412 1985">
     <span class='ocr_line' id='line_1_36' title="bbox 1869 1908 3412 1985; baseline 0.001 -16"><span class='ocrx_word' id='word_1_274' title='bbox 1869 1929 1937 1969; x_wconf 84' lang='lat' dir='ltr'><strong>ne</strong></span> <span class='ocrx_word' id='word_1_275' title='bbox 1974 1908 2307 1984; x_wconf 47' lang='lat' dir='ltr'><strong>quaeras.‘De</strong></span> <span class='ocrx_word' id='word_1_276' title='bbox 2341 1925 2491 1985; x_wconf 89' lang='lat' dir='ltr'><strong>partu</strong></span> <span class='ocrx_word' id='word_1_277' title='bbox 2524 1918 2681 1971; x_wconf 83' lang='lat' dir='ltr'><strong>tidem</strong></span> <span class='ocrx_word' id='word_1_278' title='bbox 2722 1917 2893 1983; x_wconf 81' lang='lat' dir='ltr'><strong>facio;</strong></span> <span class='ocrx_word' id='word_1_279' title='bbox 2928 1918 2995 1972; x_wconf 85' lang='lat' dir='ltr'><strong>de</strong></span> <span class='ocrx_word' id='word_1_280' title='bbox 3041 1922 3200 1972; x_wconf 89' lang='lat' dir='ltr'><strong>modo</strong></span> <span class='ocrx_word' id='word_1_281' title='bbox 3236 1919 3412 1972; x_wconf 83' lang='lat' dir='ltr'><strong>dicere</strong></span> 
     </span>
    </p>
   </div>
   <div class='ocr_carea' id='block_1_37' title="bbox 1870 2004 3413 2076">
    <p class='ocr_par' dir='ltr' id='par_1_37' title="bbox 1870 2004 3413 2076">
     <span class='ocr_line' id='line_1_37' title="bbox 1870 2004 3413 2076; baseline 0.002 -18"><span class='ocrx_word' id='word_1_282' title='bbox 1870 2005 2042 2059; x_wconf 89' lang='lat' dir='ltr'><strong>mitto.</strong></span> <span class='ocrx_word' id='word_1_283' title='bbox 2068 2004 2301 2060; x_wconf 85' lang='lat' dir='ltr'><strong>Nuntius</strong></span> <span class='ocrx_word' id='word_1_284' title='bbox 2343 2007 2484 2060; x_wconf 87' lang='lat' dir='ltr'><strong>enim</strong></span> <span class='ocrx_word' id='word_1_285' title='bbox 2534 2008 2626 2060; x_wconf 85' lang='lat' dir='ltr'><strong>tibi</strong></span> <span class='ocrx_word' id='word_1_286' title='bbox 2673 2007 3115 2076; x_wconf 87' lang='lat' dir='ltr'><strong>dispensationis,</strong></span> <span class='ocrx_word' id='word_1_287' title='bbox 3155 2025 3258 2062; x_wconf 92' lang='lat' dir='ltr'><strong>non</strong></span> <span class='ocrx_word' id='word_1_288' title='bbox 3292 2022 3413 2061; x_wconf 89' lang='lat' dir='ltr'><strong>ma-</strong></span> 
     </span>
    </p>
   </div>
   <div class='ocr_carea' id='block_1_38' title="bbox 1870 2096 3409 2165">
    <p class='ocr_par' dir='ltr' id='par_1_38' title="bbox 1870 2096 3409 2165">
     <span class='ocr_line' id='line_1_38' title="bbox 1870 2096 3409 2165; baseline 0.003 -20"><span class='ocrx_word' id='word_1_289' title='bbox 1870 2096 2034 2165; x_wconf 86' lang='lat' dir='ltr'><strong>gister</strong></span> <span class='ocrx_word' id='word_1_290' title='bbox 2072 2097 2218 2150; x_wconf 86' lang='lat' dir='ltr'><strong>veni:</strong></span> <span class='ocrx_word' id='word_1_291' title='bbox 2250 2096 2493 2151; x_wconf 88' lang='lat' dir='ltr'><strong>minister</strong></span> <span class='ocrx_word' id='word_1_292' title='bbox 2511 2104 2564 2151; x_wconf 91' lang='lat' dir='ltr'><strong>et</strong></span> <span class='ocrx_word' id='word_1_293' title='bbox 2605 2111 2780 2165; x_wconf 64' lang='lat' dir='ltr'><strong>praeco</strong></span> <span class='ocrx_word' id='word_1_294' title='bbox 2824 2096 3090 2150; x_wconf 90' lang='lat' dir='ltr'><strong>Dominici</strong></span> <span class='ocrx_word' id='word_1_295' title='bbox 3144 2098 3409 2150; x_wconf 75' lang='lat' dir='ltr'><strong>adventus</strong></span> 
     </span>
    </p>
   </div>
   <div class='ocr_carea' id='block_1_39' title="bbox 204 2174 1796 2263">
    <p class='ocr_par' dir='ltr' id='par_1_39' title="bbox 204 2174 1762 2263">
     <span class='ocr_line' id='line_1_39' title="bbox 204 2174 1762 2263; baseline -0.005 -16"><span class='ocrx_word' id='word_1_296' title='bbox 204 2174 371 2263; x_wconf 61' lang='grc' dir='ltr'>ιξιὲᾳὶ</span> <span class='ocrx_word' id='word_1_297' title='bbox 419 2186 599 2258; x_wconf 65' lang='grc' dir='ltr'>τοῦτο,</span> <span class='ocrx_word' id='word_1_298' title='bbox 633 2185 771 2244; x_wconf 72' lang='grc' dir='ltr'>οἶδεν</span> <span class='ocrx_word' id='word_1_299' title='bbox 815 2190 975 2253; x_wconf 78' lang='grc' dir='ltr'>αὐτὸς</span> <span class='ocrx_word' id='word_1_300' title='bbox 1022 2190 1050 2243; x_wconf 89' lang='lat'><strong>6</strong></span> <span class='ocrx_word' id='word_1_301' title='bbox 1106 2191 1317 2258; x_wconf 85' lang='grc' dir='ltr'>παρών·</span> <span class='ocrx_word' id='word_1_302' title='bbox 1353 2188 1434 2241; x_wconf 81' lang='grc' dir='ltr'><strong>ὅτι</strong></span> <span class='ocrx_word' id='word_1_303' title='bbox 1482 2187 1762 2257; x_wconf 81' lang='grc' dir='ltr'>πάρεστιν,</span> 
     </span>
    </p>
   </div>
   <div class='ocr_carea' id='block_1_40' title="bbox 1860 2174 3403 2263">
    <p class='ocr_par' dir='ltr' id='par_1_40' title="bbox 1867 2184 3403 2256">
     <span class='ocr_line' id='line_1_40' title="bbox 1867 2184 3403 2256; baseline 0.001 -20"><span class='ocrx_word' id='word_1_304' title='bbox 1867 2184 2065 2239; x_wconf 86' lang='lat' dir='ltr'><strong>missus</strong></span> <span class='ocrx_word' id='word_1_305' title='bbox 2087 2199 2231 2251; x_wconf 89' lang='lat' dir='ltr'><strong>sum,</strong></span> <span class='ocrx_word' id='word_1_306' title='bbox 2264 2200 2368 2238; x_wconf 91' lang='lat' dir='ltr'><strong>non</strong></span> <span class='ocrx_word' id='word_1_307' title='bbox 2394 2186 2676 2255; x_wconf 85' lang='lat' dir='ltr'><strong>interpres,</strong></span> <span class='ocrx_word' id='word_1_308' title='bbox 2701 2201 2873 2256; x_wconf 85' lang='lat' dir='ltr'><strong>neque</strong></span> <span class='ocrx_word' id='word_1_309' title='bbox 2906 2187 3222 2254; x_wconf 76' lang='lat' dir='ltr'><strong>explanator</strong></span> <span class='ocrx_word' id='word_1_310' title='bbox 3249 2200 3403 2237; x_wconf 84' lang='lat' dir='ltr'><strong>tuan-</strong></span> 
     </span>
    </p>
   </div>
   <div class='ocr_carea' id='block_1_41' title="bbox 208 2274 1760 2351">
    <p class='ocr_par' dir='ltr' id='par_1_41' title="bbox 208 2274 1760 2351">
     <span class='ocr_line' id='line_1_41' title="bbox 208 2274 1760 2351; baseline -0.005 -16"><span class='ocrx_word' id='word_1_311' title='bbox 208 2283 519 2351; x_wconf 67' lang='grc' dir='ltr'>ἐπίσταμαι</span> <span class='ocrx_word' id='word_1_312' title='bbox 546 2296 564 2314; x_wconf 79' lang='grc' dir='ltr'><strong>ο</strong></span> <span class='ocrx_word' id='word_1_313' title='bbox 609 2279 702 2333; x_wconf 81' lang='grc' dir='ltr'>τὸν</span> <span class='ocrx_word' id='word_1_314' title='bbox 764 2279 823 2333; x_wconf 66' lang='grc' dir='ltr'><strong>δὲ</strong></span> <span class='ocrx_word' id='word_1_315' title='bbox 858 2278 1057 2349; x_wconf 81' lang='grc' dir='ltr'>τρόπον</span> <span class='ocrx_word' id='word_1_316' title='bbox 1110 2276 1325 2345; x_wconf 68' lang='grc' dir='ltr'>λέγειν,</span> <span class='ocrx_word' id='word_1_317' title='bbox 1380 2275 1441 2330; x_wconf 78' lang='grc' dir='ltr'>οὐ</span> <span class='ocrx_word' id='word_1_318' title='bbox 1480 2274 1760 2345; x_wconf 85' lang='grc' dir='ltr'>δύναμαι.]</span> 
     </span>
    </p>
   </div>
   <div class='ocr_carea' id='block_1_42' title="bbox 205 2364 1764 2447">
    <p class='ocr_par' dir='ltr' id='par_1_42' title="bbox 205 2364 1764 2447">
     <span class='ocr_line' id='line_1_42' title="bbox 205 2364 1764 2447; baseline -0.006 -22"><span class='ocrx_word' id='word_1_319' title='bbox 205 2370 458 2439; x_wconf 75' lang='grc' dir='ltr'>Πνεῦμα</span> <span class='ocrx_word' id='word_1_320' title='bbox 483 2369 651 2447; x_wconf 72' lang='grc' dir='ltr'><strong>ἅγιοῂ</strong></span> <span class='ocrx_word' id='word_1_321' title='bbox 680 2368 1067 2435; x_wconf 65' lang='grc' dir='ltr'><strong>ἐπελεύσεται</strong></span> <span class='ocrx_word' id='word_1_322' title='bbox 1114 2366 1213 2421; x_wconf 74' lang='grc' dir='ltr'><strong>ἐπὶ</strong></span> <span class='ocrx_word' id='word_1_323' title='bbox 1258 2366 1333 2420; x_wconf 83' lang='grc' dir='ltr'><strong>σὲ</strong></span> <span class='ocrx_word' id='word_1_324' title='bbox 1362 2366 1482 2435; x_wconf 75' lang='grc' dir='ltr'>(καὶ</span> <span class='ocrx_word' id='word_1_325' title='bbox 1514 2364 1764 2435; x_wconf 80' lang='grc' dir='ltr'><strong>δύναμις</strong></span> 
     </span>
    </p>
   </div>
   <div class='ocr_carea' id='block_1_43' title="bbox 219 2454 1762 2530">
    <p class='ocr_par' dir='ltr' id='par_1_43' title="bbox 219 2454 1762 2530">
     <span class='ocr_line' id='line_1_43' title="bbox 219 2454 1762 2530; baseline -0.004 -17"><span class='ocrx_word' id='word_1_326' title='bbox 219 2462 520 2529; x_wconf 67' lang='grc' dir='ltr'><strong>’Υψίστου</strong></span> <span class='ocrx_word' id='word_1_327' title='bbox 568 2458 903 2513; x_wconf 69' lang='grc' dir='ltr'><strong>ἐπισκιάσει</strong></span> <span class='ocrx_word' id='word_1_328' title='bbox 938 2458 1082 2527; x_wconf 87' lang='grc' dir='ltr'>σοι).</span> <span class='ocrx_word' id='word_1_329' title='bbox 1121 2456 1219 2530; x_wconf 80' lang='grc' dir='ltr'><strong>[οῠ</strong></span> <span class='ocrx_word' id='word_1_330' title='bbox 1248 2457 1356 2527; x_wconf 81' lang='grc' dir='ltr'>γὰρ</span> <span class='ocrx_word' id='word_1_331' title='bbox 1412 2456 1622 2525; x_wconf 78' lang='grc' dir='ltr'><strong>ἀνδρὸς,</strong></span> <span class='ocrx_word' id='word_1_332' title='bbox 1648 2454 1762 2509; x_wconf 80' lang='grc' dir='ltr'><strong>ἀλλ’</strong></span> 
     </span>
    </p>
   </div>
   <div class='ocr_carea' id='block_1_44' title="bbox 206 2544 1760 2625">
    <p class='ocr_par' dir='ltr' id='par_1_44' title="bbox 206 2544 1760 2625">
     <span class='ocr_line' id='line_1_44' title="bbox 206 2544 1760 2625; baseline -0.004 -20"><span class='ocrx_word' id='word_1_333' title='bbox 206 2551 377 2625; x_wconf 79' lang='grc' dir='ltr'>ἁγίου</span> <span class='ocrx_word' id='word_1_334' title='bbox 410 2548 721 2621; x_wconf 74' lang='grc' dir='ltr'>Πνεῦματος</span> <span class='ocrx_word' id='word_1_335' title='bbox 766 2552 799 2621; x_wconf 78' lang='grc' dir='ltr'><strong>ἠ</strong></span> <span class='ocrx_word' id='word_1_336' title='bbox 843 2550 1147 2614; x_wconf 74' lang='grc' dir='ltr'><strong>ιπέλευσις,</strong></span> <span class='ocrx_word' id='word_1_337' title='bbox 1178 2549 1273 2600; x_wconf 65' lang='grc' dir='ltr'>καὶ</span> <span class='ocrx_word' id='word_1_338' title='bbox 1303 2547 1469 2617; x_wconf 76' lang='grc' dir='ltr'>αὐτῆς</span> <span class='ocrx_word' id='word_1_339' title='bbox 1517 2546 1616 2615; x_wconf 81' lang='grc' dir='ltr'><strong>τῆς</strong></span> <span class='ocrx_word' id='word_1_340' title='bbox 1665 2544 1760 2599; x_wconf 83' lang='grc' dir='ltr'><strong>τοῦ</strong></span> 
     </span>
    </p>
   </div>
   <div class='ocr_carea' id='block_1_45' title="bbox 213 2632 1759 2710">
    <p class='ocr_par' dir='ltr' id='par_1_45' title="bbox 213 2632 1759 2710">
     <span class='ocr_line' id='line_1_45' title="bbox 213 2632 1759 2710; baseline -0.005 -16"><span class='ocrx_word' id='word_1_341' title='bbox 213 2639 484 2710; x_wconf 68' lang='grc' dir='ltr'>Ὑψίστου</span> <span class='ocrx_word' id='word_1_342' title='bbox 510 2640 786 2709; x_wconf 77' lang='grc' dir='ltr'><strong>δυνάμεως</strong></span> <span class='ocrx_word' id='word_1_343' title='bbox 808 2639 1180 2709; x_wconf 74' lang='grc' dir='ltr'><strong>ἡέπισκίασις.</strong></span> <span class='ocrx_word' id='word_1_344' title='bbox 1200 2636 1273 2689; x_wconf 86' lang='lat' dir='ltr'><strong>T6</strong></span> <span class='ocrx_word' id='word_1_345' title='bbox 1298 2636 1396 2706; x_wconf 74' lang='grc' dir='ltr'>μὶν</span> <span class='ocrx_word' id='word_1_346' title='bbox 1414 2632 1506 2690; x_wconf 78' lang='grc' dir='ltr'>οὖν</span> <span class='ocrx_word' id='word_1_347' title='bbox 1521 2634 1657 2689; x_wconf 78' lang='grc' dir='ltr'><strong>11νεῦ</strong></span> <span class='ocrx_word' id='word_1_348' title='bbox 1666 2652 1759 2705; x_wconf 85' lang='grc' dir='ltr'>μα,</span> 
     </span>
    </p>
   </div>
   <div class='ocr_carea' id='block_1_46' title="bbox 203 2726 1763 2801">
    <p class='ocr_par' dir='ltr' id='par_1_46' title="bbox 203 2726 1763 2801">
     <span class='ocr_line' id='line_1_46' title="bbox 203 2726 1763 2801; baseline -0.005 -16"><span class='ocrx_word' id='word_1_349' title='bbox 203 2732 403 2801; x_wconf 66' lang='grc' dir='ltr'>φησιν,</span> <span class='ocrx_word' id='word_1_350' title='bbox 424 2728 798 2801; x_wconf 72' lang='grc' dir='ltr'><strong>ὲπιλιύσεται]</strong></span> <span class='ocrx_word' id='word_1_351' title='bbox 830 2728 1207 2799; x_wconf 82' lang='grc' dir='ltr'>προοδοποιοῠν</span> <span class='ocrx_word' id='word_1_352' title='bbox 1242 2726 1318 2797; x_wconf 87' lang='grc' dir='ltr'>τῷ</span> <span class='ocrx_word' id='word_1_353' title='bbox 1345 2728 1457 2798; x_wconf 85' lang='grc' dir='ltr'><strong>Υίῷ</strong></span> <span class='ocrx_word' id='word_1_354' title='bbox 1505 2728 1603 2797; x_wconf 80' lang='grc' dir='ltr'>τὴν</span> <span class='ocrx_word' id='word_1_355' title='bbox 1649 2726 1763 2778; x_wconf 80' lang='grc' dir='ltr'>εἴσ-</span> 
     </span>
    </p>
   </div>
   <div class='ocr_carea' id='block_1_47' title="bbox 202 2814 1762 2889">
    <p class='ocr_par' dir='ltr' id='par_1_47' title="bbox 202 2814 1762 2889">
     <span class='ocr_line' id='line_1_47' title="bbox 202 2814 1762 2889; baseline -0.006 -13"><span class='ocrx_word' id='word_1_356' title='bbox 202 2823 332 2876; x_wconf 77' lang='grc' dir='ltr'>οδον</span> <span class='ocrx_word' id='word_1_357' title='bbox 380 2821 474 2875; x_wconf 82' lang='grc' dir='ltr'>καὶ</span> <span class='ocrx_word' id='word_1_358' title='bbox 528 2819 873 2889; x_wconf 78' lang='grc' dir='ltr'>προινοικοῦν</span> <span class='ocrx_word' id='word_1_359' title='bbox 927 2821 1019 2872; x_wconf 76' lang='grc' dir='ltr'>καὶ</span> <span class='ocrx_word' id='word_1_360' title='bbox 1074 2818 1438 2889; x_wconf 76' lang='grc' dir='ltr'>προκαθαῖρον</span> <span class='ocrx_word' id='word_1_361' title='bbox 1501 2815 1646 2883; x_wconf 81' lang='grc' dir='ltr'>αὐτῷ</span> <span class='ocrx_word' id='word_1_362' title='bbox 1674 2814 1762 2867; x_wconf 84' lang='grc' dir='ltr'>τὸν</span> 
     </span>
    </p>
   </div>
   <div class='ocr_carea' id='block_1_48' title="bbox 204 2898 1762 2978">
    <p class='ocr_par' dir='ltr' id='par_1_48' title="bbox 204 2898 1762 2978">
     <span class='ocr_line' id='line_1_48' title="bbox 204 2898 1762 2978; baseline -0.006 -16"><span class='ocrx_word' id='word_1_363' title='bbox 204 2909 477 2978; x_wconf 72' lang='grc' dir='ltr'>θάλαμον,</span> <span class='ocrx_word' id='word_1_364' title='bbox 541 2905 742 2977; x_wconf 78' lang='grc' dir='ltr'>μᾶλλον</span> <span class='ocrx_word' id='word_1_365' title='bbox 786 2904 841 2959; x_wconf 73' lang='grc' dir='ltr'><strong>δδ</strong></span> <span class='ocrx_word' id='word_1_366' title='bbox 895 2898 989 2957; x_wconf 76' lang='grc' dir='ltr'>καὶ</span> <span class='ocrx_word' id='word_1_367' title='bbox 1040 2904 1539 2973; x_wconf 76' lang='grc' dir='ltr'>προσκαλλωπίξον,</span> <span class='ocrx_word' id='word_1_368' title='bbox 1580 2905 1629 2955; x_wconf 82' lang='grc' dir='ltr'><strong>εί</strong></span> <span class='ocrx_word' id='word_1_369' title='bbox 1671 2901 1762 2955; x_wconf 81' lang='grc' dir='ltr'><strong>καὶ</strong></span> 
     </span>
    </p>
   </div>
   <div class='ocr_carea' id='block_1_49' title="bbox 204 2993 1350 3070">
    <p class='ocr_par' dir='ltr' id='par_1_49' title="bbox 204 2993 1350 3070">
     <span class='ocr_line' id='line_1_49' title="bbox 204 2993 1350 3070; baseline -0.004 -18"><span class='ocrx_word' id='word_1_370' title='bbox 204 2997 654 3070; x_wconf 72' lang='grc' dir='ltr'>προκεκάθαρται</span> <span class='ocrx_word' id='word_1_371' title='bbox 674 2996 769 3049; x_wconf 68' lang='grc' dir='ltr'><strong>καὶ</strong></span> <span class='ocrx_word' id='word_1_372' title='bbox 792 2993 1350 3066; x_wconf 79' lang='grc' dir='ltr'>προκεκαλλώπισται.</span> 
     </span>
    </p>
   </div>
   <div class='ocr_carea' id='block_1_50' title="bbox 280 3246 1756 3322">
    <p class='ocr_par' dir='ltr' id='par_1_50' title="bbox 280 3246 1756 3322">
     <span class='ocr_line' id='line_1_50' title="bbox 280 3246 1756 3322; baseline -0.005 -15"><span class='ocrx_word' id='word_1_373' title='bbox 280 3254 395 3308; x_wconf 74' lang='grc' dir='ltr'><strong>Καὶ</strong></span> <span class='ocrx_word' id='word_1_374' title='bbox 418 3253 672 3322; x_wconf 78' lang='grc' dir='ltr'><strong>δύναμις</strong></span> <span class='ocrx_word' id='word_1_375' title='bbox 713 3251 1005 3319; x_wconf 61' lang='grc' dir='ltr'>Ὑψίστου</span> <span class='ocrx_word' id='word_1_376' title='bbox 1029 3249 1367 3304; x_wconf 76' lang='grc' dir='ltr'><strong>ἐπισκιάσει</strong></span> <span class='ocrx_word' id='word_1_377' title='bbox 1407 3263 1503 3302; x_wconf 88' lang='grc' dir='ltr'>σοι</span> <span class='ocrx_word' id='word_1_378' title='bbox 1532 3264 1547 3278; x_wconf 78' lang='grc'><strong><em>⁸</em></strong></span> <span class='ocrx_word' id='word_1_379' title='bbox 1578 3246 1756 3312; x_wconf 80' lang='grc' dir='ltr'>τοῦτο,</span> 
     </span>
    </p>
   </div>
   <div class='ocr_carea' id='block_1_51' title="bbox 206 3339 1762 3415">
    <p class='ocr_par' dir='ltr' id='par_1_51' title="bbox 206 3339 1762 3415">
     <span class='ocr_line' id='line_1_51' title="bbox 206 3339 1762 3415; baseline -0.006 -17"><span class='ocrx_word' id='word_1_380' title='bbox 206 3347 306 3399; x_wconf 71' lang='grc' dir='ltr'><strong>καὶ</strong></span> <span class='ocrx_word' id='word_1_381' title='bbox 329 3348 360 3398; x_wconf 93' lang='lat'><strong>6</strong></span> <span class='ocrx_word' id='word_1_382' title='bbox 400 3345 526 3406; x_wconf 76' lang='grc' dir='ltr'><strong>Υἱὸς</strong></span> <span class='ocrx_word' id='word_1_383' title='bbox 555 3344 671 3415; x_wconf 73' lang='grc' dir='ltr'>ἁμα</span> <span class='ocrx_word' id='word_1_384' title='bbox 714 3340 805 3395; x_wconf 66' lang='grc' dir='ltr'>καὶ</span> <span class='ocrx_word' id='word_1_385' title='bbox 831 3343 859 3393; x_wconf 88' lang='lat'><strong>6</strong></span> <span class='ocrx_word' id='word_1_386' title='bbox 892 3342 1078 3411; x_wconf 85' lang='grc' dir='ltr'>Πατήρ</span> <span class='ocrx_word' id='word_1_387' title='bbox 1109 3357 1124 3372; x_wconf 68' lang='grc' dir='ltr'><em>υ</em></span> <span class='ocrx_word' id='word_1_388' title='bbox 1159 3343 1187 3393; x_wconf 90' lang='lat'><strong>6</strong></span> <span class='ocrx_word' id='word_1_389' title='bbox 1226 3340 1345 3409; x_wconf 81' lang='grc' dir='ltr'>μὲν,</span> <span class='ocrx_word' id='word_1_390' title='bbox 1376 3341 1409 3408; x_wconf 83' lang='grc' dir='ltr'><strong>ἡ</strong></span> <span class='ocrx_word' id='word_1_391' title='bbox 1460 3339 1705 3407; x_wconf 82' lang='grc' dir='ltr'><strong>δύναμις,</strong></span> <span class='ocrx_word' id='word_1_392' title='bbox 1734 3340 1762 3390; x_wconf 89' lang='lat'><strong>6</strong></span> 
     </span>
    </p>
   </div>
   <div class='ocr_carea' id='block_1_52' title="bbox 209 3428 1830 3533">
    <p class='ocr_par' dir='ltr' id='par_1_52' title="bbox 209 3428 1830 3533">
     <span class='ocr_line' id='line_1_52' title="bbox 209 3428 1830 3533; baseline -0.006 -44"><span class='ocrx_word' id='word_1_393' title='bbox 209 3435 343 3497; x_wconf 80' lang='grc' dir='ltr'>Υίός</span> <span class='ocrx_word' id='word_1_394' title='bbox 374 3452 389 3467; x_wconf 89' lang='grc'><strong>·</strong></span> <span class='ocrx_word' id='word_1_395' title='bbox 436 3436 465 3488; x_wconf 89' lang='lat'><strong>6</strong></span> <span class='ocrx_word' id='word_1_396' title='bbox 520 3434 599 3497; x_wconf 74' lang='grc' dir='ltr'><strong>δὲ,</strong></span> <span class='ocrx_word' id='word_1_397' title='bbox 630 3428 801 3509; x_wconf 77' lang='grc' dir='ltr'>οὗπερ</span> <span class='ocrx_word' id='word_1_398' title='bbox 838 3434 874 3502; x_wconf 77' lang='grc' dir='ltr'><strong>ἡ</strong></span> <span class='ocrx_word' id='word_1_399' title='bbox 920 3432 1169 3499; x_wconf 81' lang='grc' dir='ltr'><strong>δύναμις,</strong></span> <span class='ocrx_word' id='word_1_400' title='bbox 1204 3432 1231 3483; x_wconf 94' lang='lat'><strong>6</strong></span> <span class='ocrx_word' id='word_1_401' title='bbox 1264 3431 1473 3500; x_wconf 84' lang='grc' dir='ltr'><strong>Πατήρ.</strong></span> <span class='ocrx_word' id='word_1_402' title='bbox 1512 3428 1762 3497; x_wconf 83' lang='grc' dir='ltr'><strong>Χριστὸς</strong></span> <span class='ocrx_word' id='word_1_403' title='bbox 1785 3472 1830 3533; x_wconf 78' lang='lat' dir='ltr'>C</span> 
     </span>
    </p>
   </div>
   <div class='ocr_carea' id='block_1_53' title="bbox 206 3520 1325 3595">
    <p class='ocr_par' dir='ltr' id='par_1_53' title="bbox 206 3520 1325 3595">
     <span class='ocr_line' id='line_1_53' title="bbox 206 3520 1325 3595; baseline -0.004 -18"><span class='ocrx_word' id='word_1_404' title='bbox 206 3528 324 3595; x_wconf 73' lang='grc' dir='ltr'>γὰρ</span> <span class='ocrx_word' id='word_1_405' title='bbox 366 3524 511 3578; x_wconf 79' lang='grc' dir='ltr'>Θεοῦ</span> <span class='ocrx_word' id='word_1_406' title='bbox 542 3523 790 3591; x_wconf 76' lang='grc' dir='ltr'>δύναμις</span> <span class='ocrx_word' id='word_1_407' title='bbox 823 3522 919 3576; x_wconf 77' lang='grc' dir='ltr'><strong>καί</strong></span> <span class='ocrx_word' id='word_1_408' title='bbox 950 3521 1096 3576; x_wconf 85' lang='grc' dir='ltr'><strong>Θεοῦ</strong></span> <span class='ocrx_word' id='word_1_409' title='bbox 1122 3520 1325 3588; x_wconf 67' lang='grc' dir='ltr'>σοφία.</span> 
     </span>
    </p>
   </div>
   <div class='ocr_carea' id='block_1_54' title="bbox 283 3608 1761 3678">
    <p class='ocr_par' dir='ltr' id='par_1_54' title="bbox 283 3608 1761 3678">
     <span class='ocr_line' id='line_1_54' title="bbox 283 3608 1761 3678; baseline -0.003 -14"><span class='ocrx_word' id='word_1_410' title='bbox 283 3614 396 3665; x_wconf 75' lang='grc' dir='ltr'><strong>Καὶ</strong></span> <span class='ocrx_word' id='word_1_411' title='bbox 430 3612 775 3665; x_wconf 76' lang='grc' dir='ltr'><strong>ἐπισκιάσει</strong></span> <span class='ocrx_word' id='word_1_412' title='bbox 822 3628 924 3665; x_wconf 88' lang='grc' dir='ltr'>σοι</span> <span class='ocrx_word' id='word_1_413' title='bbox 957 3626 969 3639; x_wconf 92' lang='grc'>·</span> <span class='ocrx_word' id='word_1_414' title='bbox 1010 3612 1222 3662; x_wconf 84' lang='grc' dir='ltr'>σκιάσει</span> <span class='ocrx_word' id='word_1_415' title='bbox 1275 3609 1373 3678; x_wconf 88' lang='grc' dir='ltr'>μὲν</span> <span class='ocrx_word' id='word_1_416' title='bbox 1417 3608 1479 3661; x_wconf 78' lang='grc' dir='ltr'>τὸ</span> <span class='ocrx_word' id='word_1_417' title='bbox 1517 3608 1761 3677; x_wconf 81' lang='grc' dir='ltr'><strong>Πνεῦμα,</strong></span> 
     </span>
    </p>
   </div>
   <div class='ocr_carea' id='block_1_55' title="bbox 208 3698 1761 3766">
    <p class='ocr_par' dir='ltr' id='par_1_55' title="bbox 208 3698 1761 3766">
     <span class='ocr_line' id='line_1_55' title="bbox 208 3698 1761 3766; baseline -0.004 -13"><span class='ocrx_word' id='word_1_418' title='bbox 208 3700 528 3753; x_wconf 72' lang='grc' dir='ltr'>ἐπισκιάσει</span> <span class='ocrx_word' id='word_1_419' title='bbox 554 3700 607 3751; x_wconf 80' lang='grc' dir='ltr'><strong>δὲ</strong></span> <span class='ocrx_word' id='word_1_420' title='bbox 649 3700 795 3760; x_wconf 78' lang='grc' dir='ltr'><strong>Υἱὸς,</strong></span> <span class='ocrx_word' id='word_1_421' title='bbox 835 3698 1079 3766; x_wconf 81' lang='grc' dir='ltr'>καθάπερ</span> <span class='ocrx_word' id='word_1_422' title='bbox 1108 3698 1637 3766; x_wconf 82' lang='grc' dir='ltr'>ὲσκιαγραφημένοις</span> <span class='ocrx_word' id='word_1_423' title='bbox 1682 3715 1761 3748; x_wconf 84' lang='grc' dir='ltr'><strong>τι·</strong></span> 
     </span>
    </p>
   </div>
   <div class='ocr_carea' id='block_1_56' title="bbox 210 3785 1757 3858">
    <p class='ocr_par' dir='ltr' id='par_1_56' title="bbox 210 3785 1757 3858">
     <span class='ocr_line' id='line_1_56' title="bbox 210 3785 1757 3858; baseline -0.006 -15"><span class='ocrx_word' id='word_1_424' title='bbox 210 3794 301 3845; x_wconf 72' lang='grc' dir='ltr'>σὶν</span> <span class='ocrx_word' id='word_1_425' title='bbox 328 3790 429 3858; x_wconf 73' lang='grc' dir='ltr'><strong>ήδη</strong></span> <span class='ocrx_word' id='word_1_426' title='bbox 470 3787 619 3857; x_wconf 83' lang='grc' dir='ltr'><strong>παρὰ</strong></span> <span class='ocrx_word' id='word_1_427' title='bbox 650 3786 741 3839; x_wconf 79' lang='grc' dir='ltr'>τοῦ</span> <span class='ocrx_word' id='word_1_428' title='bbox 772 3786 1081 3854; x_wconf 84' lang='grc' dir='ltr'>Πνεύματος</span> <span class='ocrx_word' id='word_1_429' title='bbox 1113 3788 1224 3846; x_wconf 85' lang='grc' dir='ltr'>τοῖς</span> <span class='ocrx_word' id='word_1_430' title='bbox 1253 3785 1581 3853; x_wconf 86' lang='grc' dir='ltr'>χαρίσμασιν</span> <span class='ocrx_word' id='word_1_431' title='bbox 1636 3787 1757 3835; x_wconf 78' lang='grc' dir='ltr'><strong>ἐπι-</strong></span> 
     </span>
    </p>
   </div>
   <div class='ocr_carea' id='block_1_57' title="bbox 209 3874 1760 3945">
    <p class='ocr_par' dir='ltr' id='par_1_57' title="bbox 209 3874 1760 3945">
     <span class='ocr_line' id='line_1_57' title="bbox 209 3874 1760 3945; baseline -0.005 -12"><span class='ocrx_word' id='word_1_432' title='bbox 209 3881 423 3935; x_wconf 68' lang='grc' dir='ltr'><strong>ϐάλλων</strong></span> <span class='ocrx_word' id='word_1_433' title='bbox 446 3879 539 3932; x_wconf 74' lang='grc' dir='ltr'>καὶ</span> <span class='ocrx_word' id='word_1_434' title='bbox 555 3878 691 3931; x_wconf 77' lang='grc' dir='ltr'>αὐτὰ</span> <span class='ocrx_word' id='word_1_435' title='bbox 710 3876 779 3929; x_wconf 82' lang='grc' dir='ltr'><strong>τὰ</strong></span> <span class='ocrx_word' id='word_1_436' title='bbox 806 3875 1087 3945; x_wconf 81' lang='grc' dir='ltr'>χρώματα,</span> <span class='ocrx_word' id='word_1_437' title='bbox 1119 3874 1255 3926; x_wconf 77' lang='grc' dir='ltr'><strong>αὐτὰ</strong></span> <span class='ocrx_word' id='word_1_438' title='bbox 1278 3875 1332 3925; x_wconf 74' lang='grc' dir='ltr'><strong>δὲ</strong></span> <span class='ocrx_word' id='word_1_439' title='bbox 1362 3874 1555 3927; x_wconf 79' lang='grc' dir='ltr'>ἑαυτοῦ</span> <span class='ocrx_word' id='word_1_440' title='bbox 1586 3874 1760 3926; x_wconf 83' lang='grc' dir='ltr'>πάντα</span> 
     </span>
    </p>
   </div>
   <div class='ocr_carea' id='block_1_58' title="bbox 209 3963 1757 4040">
    <p class='ocr_par' dir='ltr' id='par_1_58' title="bbox 209 3963 1757 4040">
     <span class='ocr_line' id='line_1_58' title="bbox 209 3963 1757 4040; baseline -0.007 -15"><span class='ocrx_word' id='word_1_441' title='bbox 209 3974 281 4025; x_wconf 66' lang='grc' dir='ltr'><strong>τὰ</strong></span> <span class='ocrx_word' id='word_1_442' title='bbox 329 3970 570 4040; x_wconf 77' lang='grc' dir='ltr'>πατρικὰ</span> <span class='ocrx_word' id='word_1_443' title='bbox 594 3968 944 4038; x_wconf 77' lang='grc' dir='ltr'><strong>γνωρίσματα.</strong></span> <span class='ocrx_word' id='word_1_444' title='bbox 965 3981 977 3996; x_wconf 87' lang='grc'><strong>·</strong></span> <span class='ocrx_word' id='word_1_445' title='bbox 1010 3966 1043 4035; x_wconf 81' lang='grc' dir='ltr'>ἢ</span> <span class='ocrx_word' id='word_1_446' title='bbox 1076 3965 1168 4017; x_wconf 76' lang='grc' dir='ltr'><strong>καὶ</strong></span> <span class='ocrx_word' id='word_1_447' title='bbox 1199 3964 1295 4034; x_wconf 77' lang='grc' dir='ltr'>τὴν</span> <span class='ocrx_word' id='word_1_448' title='bbox 1317 3964 1539 4017; x_wconf 75' lang='grc' dir='ltr'><strong>ἀθέατον</strong></span> <span class='ocrx_word' id='word_1_449' title='bbox 1569 3963 1757 4029; x_wconf 81' lang='grc' dir='ltr'>αὑτοῦ,</span> 
     </span>
    </p>
   </div>
   <div class='ocr_carea' id='block_1_59' title="bbox 211 4054 1759 4130">
    <p class='ocr_par' dir='ltr' id='par_1_59' title="bbox 211 4054 1759 4130">
     <span class='ocr_line' id='line_1_59' title="bbox 211 4054 1759 4130; baseline -0.012 -15"><span class='ocrx_word' id='word_1_450' title='bbox 211 4062 371 4130; x_wconf 55' lang='lat' dir='ltr'><strong>gnat,</strong></span> <span class='ocrx_word' id='word_1_451' title='bbox 404 4061 617 4129; x_wconf 75' lang='grc' dir='ltr'>μορφὴν</span> <span class='ocrx_word' id='word_1_452' title='bbox 658 4060 715 4111; x_wconf 76' lang='grc' dir='ltr'>ἓν</span> <span class='ocrx_word' id='word_1_453' title='bbox 747 4057 826 4109; x_wconf 80' lang='grc' dir='ltr'>σοὶ</span> <span class='ocrx_word' id='word_1_454' title='bbox 878 4057 972 4110; x_wconf 73' lang='grc' dir='ltr'>καὶ</span> <span class='ocrx_word' id='word_1_455' title='bbox 1008 4054 1247 4119; x_wconf 82' lang='grc' dir='ltr'>σκιωδῶς</span> <span class='ocrx_word' id='word_1_456' title='bbox 1285 4057 1634 4125; x_wconf 60' lang='grc' dir='ltr'>περιγράψει,</span> <span class='ocrx_word' id='word_1_457' title='bbox 1667 4057 1759 4109; x_wconf 70' lang='grc' dir='ltr'>καὶ</span> 
     </span>
    </p>
   </div>
   <div class='ocr_carea' id='block_1_60' title="bbox 207 4146 1757 4217">
    <p class='ocr_par' dir='ltr' id='par_1_60' title="bbox 207 4146 1757 4217">
     <span class='ocr_line' id='line_1_60' title="bbox 207 4146 1757 4217; baseline -0.001 -16"><span class='ocrx_word' id='word_1_458' title='bbox 207 4152 271 4202; x_wconf 81' lang='grc' dir='ltr'>τὸ</span> <span class='ocrx_word' id='word_1_459' title='bbox 302 4150 423 4201; x_wconf 79' lang='grc' dir='ltr'>καθ’</span> <span class='ocrx_word' id='word_1_460' title='bbox 456 4150 598 4217; x_wconf 77' lang='grc' dir='ltr'><strong>ἡμᾶς</strong></span> <span class='ocrx_word' id='word_1_461' title='bbox 617 4149 672 4199; x_wconf 83' lang='grc' dir='ltr'>ὲν</span> <span class='ocrx_word' id='word_1_462' title='bbox 697 4146 778 4198; x_wconf 75' lang='grc' dir='ltr'>σοὶ</span> <span class='ocrx_word' id='word_1_463' title='bbox 810 4146 1218 4215; x_wconf 83' lang='grc' dir='ltr'>μορφωθήσεται</span> <span class='ocrx_word' id='word_1_464' title='bbox 1242 4160 1256 4176; x_wconf 91' lang='grc'><strong>·</strong></span> <span class='ocrx_word' id='word_1_465' title='bbox 1280 4147 1312 4215; x_wconf 85' lang='grc' dir='ltr'>ἢ</span> <span class='ocrx_word' id='word_1_466' title='bbox 1339 4147 1430 4197; x_wconf 71' lang='grc' dir='ltr'>καὶ</span> <span class='ocrx_word' id='word_1_467' title='bbox 1467 4149 1500 4217; x_wconf 79' lang='grc' dir='ltr'>ή</span> <span class='ocrx_word' id='word_1_468' title='bbox 1526 4146 1618 4198; x_wconf 85' lang='grc' dir='ltr'>τοῦ</span> <span class='ocrx_word' id='word_1_469' title='bbox 1646 4149 1757 4199; x_wconf 85' lang='grc' dir='ltr'><strong>[Ια-</strong></span> 
     </span>
    </p>
   </div>
   <div class='ocr_carea' id='block_1_61' title="bbox 208 4235 1754 4309">
    <p class='ocr_par' dir='ltr' id='par_1_61' title="bbox 208 4235 1754 4309">
     <span class='ocr_line' id='line_1_61' title="bbox 208 4235 1754 4309; baseline -0.003 -17"><span class='ocrx_word' id='word_1_470' title='bbox 208 4238 343 4309; x_wconf 76' lang='grc' dir='ltr'>τρὸς</span> <span class='ocrx_word' id='word_1_471' title='bbox 374 4239 510 4307; x_wconf 80' lang='grc' dir='ltr'>αὑτὴ</span> <span class='ocrx_word' id='word_1_472' title='bbox 542 4237 793 4305; x_wconf 76' lang='grc' dir='ltr'>σφραγὶς,</span> <span class='ocrx_word' id='word_1_473' title='bbox 820 4236 880 4287; x_wconf 79' lang='grc' dir='ltr'>τὸ</span> <span class='ocrx_word' id='word_1_474' title='bbox 913 4235 1269 4304; x_wconf 79' lang='grc' dir='ltr'>ἀπαύγασμα,</span> <span class='ocrx_word' id='word_1_475' title='bbox 1299 4236 1360 4287; x_wconf 88' lang='grc' dir='ltr'><strong>τὺ</strong></span> <span class='ocrx_word' id='word_1_476' title='bbox 1383 4236 1754 4304; x_wconf 78' lang='grc' dir='ltr'>ἀποσκίασμα,</span> 
     </span>
    </p>
   </div>
   <div class='ocr_carea' id='block_1_62' title="bbox 211 4324 1751 4395">
    <p class='ocr_par' dir='ltr' id='par_1_62' title="bbox 211 4324 1751 4395">
     <span class='ocr_line' id='line_1_62' title="bbox 211 4324 1751 4395; baseline -0.002 -15"><span class='ocrx_word' id='word_1_477' title='bbox 211 4330 320 4380; x_wconf 75' lang='grc' dir='ltr'>κὰν</span> <span class='ocrx_word' id='word_1_478' title='bbox 362 4330 443 4379; x_wconf 72' lang='grc' dir='ltr'>σοὶ</span> <span class='ocrx_word' id='word_1_479' title='bbox 464 4327 974 4394; x_wconf 83' lang='grc' dir='ltr'>διασημανθήσεται,</span> <span class='ocrx_word' id='word_1_480' title='bbox 1001 4327 1175 4386; x_wconf 79' lang='grc' dir='ltr'>πάσας</span> <span class='ocrx_word' id='word_1_481' title='bbox 1198 4324 1331 4393; x_wconf 77' lang='grc' dir='ltr'>ὁμοῦ</span> <span class='ocrx_word' id='word_1_482' title='bbox 1354 4327 1450 4385; x_wconf 79' lang='grc' dir='ltr'><strong>τὰς</strong></span> <span class='ocrx_word' id='word_1_483' title='bbox 1484 4327 1751 4395; x_wconf 73' lang='grc' dir='ltr'><strong>πατρικὰς</strong></span> 
     </span>
    </p>
   </div>
   <div class='ocr_carea' id='block_1_63' title="bbox 210 4413 1755 4482">
    <p class='ocr_par' dir='ltr' id='par_1_63' title="bbox 210 4413 1755 4482">
     <span class='ocr_line' id='line_1_63' title="bbox 210 4413 1755 4482; baseline -0.003 -14"><span class='ocrx_word' id='word_1_484' title='bbox 210 4416 491 4481; x_wconf 68' lang='grc' dir='ltr'>ἐνεργείας</span> <span class='ocrx_word' id='word_1_485' title='bbox 542 4414 714 4465; x_wconf 83' lang='grc' dir='ltr'>εῐτουν</span> <span class='ocrx_word' id='word_1_486' title='bbox 770 4413 926 4473; x_wconf 76' lang='grc' dir='ltr'>σκιὰς</span> <span class='ocrx_word' id='word_1_487' title='bbox 988 4414 1081 4465; x_wconf 74' lang='grc' dir='ltr'>καὶ</span> <span class='ocrx_word' id='word_1_488' title='bbox 1124 4416 1249 4473; x_wconf 77' lang='grc' dir='ltr'>τοὺς</span> <span class='ocrx_word' id='word_1_489' title='bbox 1301 4415 1645 4482; x_wconf 81' lang='grc' dir='ltr'><strong>χαρακτῆρας</strong></span> <span class='ocrx_word' id='word_1_490' title='bbox 1696 4416 1755 4463; x_wconf 76' lang='grc' dir='ltr'>ὲν</span> 
     </span>
    </p>
   </div>
   <div class='ocr_carea' id='block_1_64' title="bbox 210 4500 1744 4571">
    <p class='ocr_par' dir='ltr' id='par_1_64' title="bbox 210 4500 1744 4571">
     <span class='ocr_line' id='line_1_64' title="bbox 210 4500 1744 4571; baseline -0.003 -15"><span class='ocrx_word' id='word_1_491' title='bbox 210 4506 393 4571; x_wconf 66' lang='grc' dir='ltr'>ἑαυτῷ</span> <span class='ocrx_word' id='word_1_492' title='bbox 447 4502 750 4571; x_wconf 79' lang='grc' dir='ltr'>περιφέρων</span> <span class='ocrx_word' id='word_1_493' title='bbox 804 4500 919 4569; x_wconf 70' lang='grc' dir='ltr'>[καὶ</span> <span class='ocrx_word' id='word_1_494' title='bbox 959 4502 1047 4561; x_wconf 79' lang='lat' dir='ltr'><strong>o6;</strong></span> <span class='ocrx_word' id='word_1_495' title='bbox 1078 4500 1273 4563; x_wconf 71' lang='lat' dir='ltr'><strong>Yi6;,6</strong></span> <span class='ocrx_word' id='word_1_496' title='bbox 1322 4502 1415 4552; x_wconf 80' lang='grc' dir='ltr'><strong>καὶ</strong></span> <span class='ocrx_word' id='word_1_497' title='bbox 1466 4500 1560 4551; x_wconf 86' lang='grc' dir='ltr'>τοῦ</span> <span class='ocrx_word' id='word_1_498' title='bbox 1611 4500 1744 4551; x_wconf 85' lang='grc' dir='ltr'><strong>Θεοῦ</strong></span> 
     </span>
    </p>
   </div>
   <div class='ocr_carea' id='block_1_65' title="bbox 210 4589 1528 4661">
    <p class='ocr_par' dir='ltr' id='par_1_65' title="bbox 210 4589 1528 4661">
     <span class='ocr_line' id='line_1_65' title="bbox 210 4589 1528 4661; baseline -0.005 -12"><span class='ocrx_word' id='word_1_499' title='bbox 210 4597 309 4649; x_wconf 75' lang='grc' dir='ltr'><strong>καί</strong></span> <span class='ocrx_word' id='word_1_500' title='bbox 333 4592 537 4661; x_wconf 75' lang='grc' dir='ltr'><strong>[ἰατρὸς</strong></span> <span class='ocrx_word' id='word_1_501' title='bbox 562 4594 705 4655; x_wconf 73' lang='grc' dir='ltr'><strong>Υἱὸς,</strong></span> <span class='ocrx_word' id='word_1_502' title='bbox 734 4592 1010 4658; x_wconf 77' lang='grc' dir='ltr'>γινόμενος</span> <span class='ocrx_word' id='word_1_503' title='bbox 1034 4592 1122 4642; x_wconf 68' lang='grc' dir='ltr'><strong>καὶ</strong></span> <span class='ocrx_word' id='word_1_504' title='bbox 1149 4589 1309 4641; x_wconf 78' lang='grc' dir='ltr'>καλοῦ</span> <span class='ocrx_word' id='word_1_505' title='bbox 1319 4589 1528 4660; x_wconf 84' lang='grc' dir='ltr'>μενος.]</span> 
     </span>
    </p>
   </div>
   <div class='ocr_carea' id='block_1_66' title="bbox 282 4760 1748 4831">
    <p class='ocr_par' dir='ltr' id='par_1_66' title="bbox 282 4760 1748 4831">
     <span class='ocr_line' id='line_1_66' title="bbox 282 4760 1748 4831; baseline -0.005 -12"><span class='ocrx_word' id='word_1_506' title='bbox 282 4767 380 4820; x_wconf 83' lang='lat' dir='ltr'><strong>lZ&#39;.</strong></span> <span class='ocrx_word' id='word_1_507' title='bbox 426 4764 581 4818; x_wconf 71' lang='grc' dir='ltr'><strong>Ἀλλὰ</strong></span> <span class='ocrx_word' id='word_1_508' title='bbox 626 4765 811 4816; x_wconf 79' lang='grc' dir='ltr'>σκόπει</span> <span class='ocrx_word' id='word_1_509' title='bbox 870 4781 961 4831; x_wconf 79' lang='grc' dir='ltr'>μοι</span> <span class='ocrx_word' id='word_1_510' title='bbox 1010 4763 1107 4831; x_wconf 84' lang='grc' dir='ltr'>τὴν</span> <span class='ocrx_word' id='word_1_511' title='bbox 1148 4761 1447 4831; x_wconf 74' lang='grc' dir='ltr'>ἀκρίϐειαν.</span> <span class='ocrx_word' id='word_1_512' title='bbox 1492 4760 1595 4814; x_wconf 84' lang='grc' dir='ltr'>Τοῦ</span> <span class='ocrx_word' id='word_1_513' title='bbox 1652 4761 1748 4829; x_wconf 79' lang='grc' dir='ltr'>μὲν</span> 
     </span>
    </p>
   </div>
   <div class='ocr_carea' id='block_1_67' title="bbox 1866 2272 3406 2343">
    <p class='ocr_par' dir='ltr' id='par_1_67' title="bbox 1866 2272 3406 2343">
     <span class='ocr_line' id='line_1_67' title="bbox 1866 2272 3406 2343; baseline 0 -16"><span class='ocrx_word' id='word_1_514' title='bbox 1866 2272 1995 2329; x_wconf 87' lang='lat' dir='ltr'><strong>dati.</strong></span> <span class='ocrx_word' id='word_1_515' title='bbox 2020 2272 2304 2337; x_wconf 86' lang='lat' dir='ltr'><strong>Quomodo</strong></span> <span class='ocrx_word' id='word_1_516' title='bbox 2323 2273 2562 2328; x_wconf 78' lang='lat' dir='ltr'><strong>futurum</strong></span> <span class='ocrx_word' id='word_1_517' title='bbox 2587 2274 2641 2329; x_wconf 91' lang='lat' dir='ltr'><strong>id</strong></span> <span class='ocrx_word' id='word_1_518' title='bbox 2671 2275 2761 2338; x_wconf 88' lang='lat' dir='ltr'><strong>sit,</strong></span> <span class='ocrx_word' id='word_1_519' title='bbox 2783 2280 2929 2329; x_wconf 87' lang='lat' dir='ltr'><strong>novit</strong></span> <span class='ocrx_word' id='word_1_520' title='bbox 2959 2275 3072 2343; x_wconf 88' lang='lat' dir='ltr'><strong>ipse</strong></span> <span class='ocrx_word' id='word_1_521' title='bbox 3100 2274 3191 2343; x_wconf 89' lang='lat' dir='ltr'><strong>qui</strong></span> <span class='ocrx_word' id='word_1_522' title='bbox 3216 2275 3367 2327; x_wconf 88' lang='lat' dir='ltr'><strong>adcst</strong></span> <span class='ocrx_word' id='word_1_523' title='bbox 3393 2292 3406 2327; x_wconf 89' lang='lat'><strong>:</strong></span> 
     </span>
    </p>
   </div>
   <div class='ocr_carea' id='block_1_68' title="bbox 1866 2363 3407 2436">
    <p class='ocr_par' dir='ltr' id='par_1_68' title="bbox 1866 2363 3407 2436">
     <span class='ocr_line' id='line_1_68' title="bbox 1866 2363 3407 2436; baseline 0 -19"><span class='ocrx_word' id='word_1_524' title='bbox 1866 2378 1988 2417; x_wconf 82' lang='lat' dir='ltr'><strong>nam</strong></span> <span class='ocrx_word' id='word_1_525' title='bbox 2046 2364 2234 2418; x_wconf 86' lang='lat' dir='ltr'><strong>adesse</strong></span> <span class='ocrx_word' id='word_1_526' title='bbox 2284 2379 2431 2427; x_wconf 88' lang='lat' dir='ltr'><strong>eum,</strong></span> <span class='ocrx_word' id='word_1_527' title='bbox 2462 2376 2799 2436; x_wconf 87' lang='lat' dir='ltr'><strong>perspectum</strong></span> <span class='ocrx_word' id='word_1_528' title='bbox 2844 2367 3045 2431; x_wconf 82' lang='lat' dir='ltr'><strong>habeo;</strong></span> <span class='ocrx_word' id='word_1_529' title='bbox 3082 2375 3135 2419; x_wconf 89' lang='lat' dir='ltr'><strong>at</strong></span> <span class='ocrx_word' id='word_1_530' title='bbox 3190 2363 3407 2418; x_wconf 90' lang='lat' dir='ltr'><strong>modum</strong></span> 
     </span>
    </p>
   </div>
   <div class='ocr_carea' id='block_1_69' title="bbox 1865 2453 3410 2526">
    <p class='ocr_par' dir='ltr' id='par_1_69' title="bbox 1865 2453 3410 2526">
     <span class='ocr_line' id='line_1_69' title="bbox 1865 2453 3410 2526; baseline 0 -19"><span class='ocrx_word' id='word_1_531' title='bbox 1865 2453 2096 2517; x_wconf 78' lang='lat' dir='ltr'><strong>edicere,</strong></span> <span class='ocrx_word' id='word_1_532' title='bbox 2121 2455 2251 2508; x_wconf 85' lang='lat' dir='ltr'><strong>mihi</strong></span> <span class='ocrx_word' id='word_1_533' title='bbox 2277 2470 2379 2508; x_wconf 90' lang='lat' dir='ltr'><strong>non</strong></span> <span class='ocrx_word' id='word_1_534' title='bbox 2412 2454 2692 2526; x_wconf 83' lang='lat' dir='ltr'><strong>suppetit].</strong></span> <span class='ocrx_word' id='word_1_535' title='bbox 2727 2454 2957 2523; x_wconf 76' lang='lat' dir='ltr'><strong>Spiritus</strong></span> <span class='ocrx_word' id='word_1_536' title='bbox 2989 2465 3203 2508; x_wconf 80' lang='lat' dir='ltr'><strong>sanctus</strong></span> <span class='ocrx_word' id='word_1_537' title='bbox 3230 2471 3410 2521; x_wconf 82' lang='lat' dir='ltr'><strong>super-</strong></span> 
     </span>
    </p>
   </div>
   <div class='ocr_carea' id='block_1_70' title="bbox 1866 2539 3409 2611">
    <p class='ocr_par' dir='ltr' id='par_1_70' title="bbox 1866 2539 3409 2611">
     <span class='ocr_line' id='line_1_70' title="bbox 1866 2539 3409 2611; baseline 0.002 -19"><span class='ocrx_word' id='word_1_538' title='bbox 1866 2539 2027 2593; x_wconf 75' lang='lat' dir='ltr'><strong>veniet</strong></span> <span class='ocrx_word' id='word_1_539' title='bbox 2067 2541 2117 2593; x_wconf 90' lang='lat' dir='ltr'><strong>in</strong></span> <span class='ocrx_word' id='word_1_540' title='bbox 2145 2552 2192 2593; x_wconf 82' lang='lat' dir='ltr'><strong>te</strong></span> <span class='ocrx_word' id='word_1_541' title='bbox 2230 2542 2296 2606; x_wconf 87' lang='lat' dir='ltr'><strong>(et</strong></span> <span class='ocrx_word' id='word_1_542' title='bbox 2327 2544 2491 2595; x_wconf 78' lang='lat' dir='ltr'><strong>virtus</strong></span> <span class='ocrx_word' id='word_1_543' title='bbox 2537 2543 2799 2596; x_wconf 76' lang='lat' dir='ltr'><strong>Altissimi</strong></span> <span class='ocrx_word' id='word_1_544' title='bbox 2844 2543 3168 2595; x_wconf 86' lang='lat' dir='ltr'><strong>obumbrabit</strong></span> <span class='ocrx_word' id='word_1_545' title='bbox 3199 2543 3290 2595; x_wconf 84' lang='lat' dir='ltr'><strong>tibi</strong></span> <span class='ocrx_word' id='word_1_546' title='bbox 3321 2542 3409 2611; x_wconf 74' lang='grc' dir='ltr'><strong>ι’).</strong></span> 
     </span>
    </p>
   </div>
   <div class='ocr_carea' id='block_1_71' title="bbox 1866 2627 3413 2700">
    <p class='ocr_par' dir='ltr' id='par_1_71' title="bbox 1866 2627 3413 2700">
     <span class='ocr_line' id='line_1_71' title="bbox 1866 2627 3413 2700; baseline 0.004 -19"><span class='ocrx_word' id='word_1_547' title='bbox 1866 2627 2000 2700; x_wconf 83' lang='lat' dir='ltr'><strong>[Non</strong></span> <span class='ocrx_word' id='word_1_548' title='bbox 2024 2630 2169 2683; x_wconf 90' lang='lat' dir='ltr'><strong>enim</strong></span> <span class='ocrx_word' id='word_1_549' title='bbox 2192 2630 2311 2693; x_wconf 79' lang='lat' dir='ltr'><strong>viri,</strong></span> <span class='ocrx_word' id='word_1_550' title='bbox 2350 2632 2441 2686; x_wconf 88' lang='lat' dir='ltr'><strong>sed</strong></span> <span class='ocrx_word' id='word_1_551' title='bbox 2467 2631 2700 2700; x_wconf 87' lang='lat' dir='ltr'><strong>Spiritus</strong></span> <span class='ocrx_word' id='word_1_552' title='bbox 2727 2633 2897 2685; x_wconf 80' lang='lat' dir='ltr'><strong>sancti</strong></span> <span class='ocrx_word' id='word_1_553' title='bbox 2926 2633 3028 2686; x_wconf 90' lang='lat' dir='ltr'><strong>erit</strong></span> <span class='ocrx_word' id='word_1_554' title='bbox 3052 2636 3332 2695; x_wconf 86' lang='lat' dir='ltr'><strong>adventus,</strong></span> <span class='ocrx_word' id='word_1_555' title='bbox 3360 2642 3413 2687; x_wconf 87' lang='lat' dir='ltr'><strong>et</strong></span> 
     </span>
    </p>
   </div>
   <div class='ocr_carea' id='block_1_72' title="bbox 1865 2720 3407 2790">
    <p class='ocr_par' dir='ltr' id='par_1_72' title="bbox 1865 2720 3407 2790">
     <span class='ocr_line' id='line_1_72' title="bbox 1865 2720 3407 2790; baseline 0.003 -18"><span class='ocrx_word' id='word_1_556' title='bbox 1865 2720 2036 2789; x_wconf 84' lang='lat' dir='ltr'><strong>ipsius</strong></span> <span class='ocrx_word' id='word_1_557' title='bbox 2104 2720 2321 2774; x_wconf 85' lang='lat' dir='ltr'><strong>virtutis</strong></span> <span class='ocrx_word' id='word_1_558' title='bbox 2388 2722 2651 2775; x_wconf 83' lang='lat' dir='ltr'><strong>Altissitni</strong></span> <span class='ocrx_word' id='word_1_559' title='bbox 2709 2721 3071 2775; x_wconf 88' lang='lat' dir='ltr'><strong>obumbratio.</strong></span> <span class='ocrx_word' id='word_1_560' title='bbox 3133 2722 3407 2790; x_wconf 83' lang='lat' dir='ltr'><strong>Spiritus,</strong></span> 
     </span>
    </p>
   </div>
   <div class='ocr_carea' id='block_1_73' title="bbox 1863 2808 3409 2880">
    <p class='ocr_par' dir='ltr' id='par_1_73' title="bbox 1863 2808 3409 2880">
     <span class='ocr_line' id='line_1_73' title="bbox 1863 2808 3409 2880; baseline 0.003 -19"><span class='ocrx_word' id='word_1_561' title='bbox 1863 2822 1991 2877; x_wconf 82' lang='lat' dir='ltr'><strong>ergo</strong></span> <span class='ocrx_word' id='word_1_562' title='bbox 2034 2808 2225 2876; x_wconf 85' lang='lat' dir='ltr'><strong>inquit,</strong></span> <span class='ocrx_word' id='word_1_563' title='bbox 2258 2809 2621 2880; x_wconf 81' lang='lat' dir='ltr'><strong>superveniet]</strong></span> <span class='ocrx_word' id='word_1_564' title='bbox 2677 2810 2767 2877; x_wconf 87' lang='lat' dir='ltr'><strong>qui</strong></span> <span class='ocrx_word' id='word_1_565' title='bbox 2826 2809 2964 2863; x_wconf 88' lang='lat' dir='ltr'><strong>Filio</strong></span> <span class='ocrx_word' id='word_1_566' title='bbox 3018 2810 3160 2864; x_wconf 88' lang='lat' dir='ltr'><strong>viam</strong></span> <span class='ocrx_word' id='word_1_567' title='bbox 3204 2811 3409 2879; x_wconf 63' lang='lat' dir='ltr'><strong>ingres«</strong></span> 
     </span>
    </p>
   </div>
   <div class='ocr_carea' id='block_1_74' title="bbox 1863 2899 3409 2967">
    <p class='ocr_par' dir='ltr' id='par_1_74' title="bbox 1863 2899 3409 2967">
     <span class='ocr_line' id='line_1_74' title="bbox 1863 2899 3409 2967; baseline 0.001 -17"><span class='ocrx_word' id='word_1_568' title='bbox 1863 2911 2088 2965; x_wconf 85' lang='lat' dir='ltr'><strong>sumque</strong></span> <span class='ocrx_word' id='word_1_569' title='bbox 2120 2907 2396 2965; x_wconf 74' lang='lat' dir='ltr'><strong>pra-paret,</strong></span> <span class='ocrx_word' id='word_1_570' title='bbox 2439 2914 2502 2952; x_wconf 88' lang='lat' dir='ltr'><strong>ac</strong></span> <span class='ocrx_word' id='word_1_571' title='bbox 2543 2900 2688 2967; x_wconf 86' lang='lat' dir='ltr'><strong>prior</strong></span> <span class='ocrx_word' id='word_1_572' title='bbox 2711 2899 2764 2951; x_wconf 88' lang='lat' dir='ltr'><strong>in</strong></span> <span class='ocrx_word' id='word_1_573' title='bbox 2804 2907 2855 2952; x_wconf 88' lang='lat' dir='ltr'><strong>te</strong></span> <span class='ocrx_word' id='word_1_574' title='bbox 2893 2900 3069 2963; x_wconf 86' lang='lat' dir='ltr'><strong>sistat,</strong></span> <span class='ocrx_word' id='word_1_575' title='bbox 3100 2908 3209 2952; x_wconf 91' lang='lat' dir='ltr'><strong>tum</strong></span> <span class='ocrx_word' id='word_1_576' title='bbox 3239 2899 3409 2952; x_wconf 84' lang='lat' dir='ltr'><strong>thala-</strong></span> 
     </span>
    </p>
   </div>
   <div class='ocr_carea' id='block_1_75' title="bbox 1864 2987 3407 3057">
    <p class='ocr_par' dir='ltr' id='par_1_75' title="bbox 1864 2987 3407 3057">
     <span class='ocr_line' id='line_1_75' title="bbox 1864 2987 3407 3057; baseline 0.001 -18"><span class='ocrx_word' id='word_1_577' title='bbox 1864 3002 2008 3040; x_wconf 85' lang='lat' dir='ltr'><strong>mum</strong></span> <span class='ocrx_word' id='word_1_578' title='bbox 2043 2987 2120 3040; x_wconf 89' lang='lat' dir='ltr'><strong>illi</strong></span> <span class='ocrx_word' id='word_1_579' title='bbox 2152 2989 2501 3055; x_wconf 69' lang='lat' dir='ltr'><strong>praztnundet,</strong></span> <span class='ocrx_word' id='word_1_580' title='bbox 2530 3003 2625 3042; x_wconf 88' lang='lat' dir='ltr'><strong>seu</strong></span> <span class='ocrx_word' id='word_1_581' title='bbox 2671 2988 2849 3057; x_wconf 86' lang='lat' dir='ltr'><strong>potius</strong></span> <span class='ocrx_word' id='word_1_582' title='bbox 2893 2988 3002 3056; x_wconf 84' lang='lat' dir='ltr'><strong>jam</strong></span> <span class='ocrx_word' id='word_1_583' title='bbox 3049 2997 3205 3042; x_wconf 83' lang='lat' dir='ltr'><strong>antea</strong></span> <span class='ocrx_word' id='word_1_584' title='bbox 3245 3005 3407 3042; x_wconf 86' lang='lat' dir='ltr'><strong>mutt-</strong></span> 
     </span>
    </p>
   </div>
   <div class='ocr_carea' id='block_1_76' title="bbox 1861 3076 3407 3165">
    <p class='ocr_par' dir='ltr' id='par_1_76' title="bbox 1861 3076 3407 3165">
     <span class='ocr_line' id='line_1_76' title="bbox 1861 3076 3407 3165; baseline 0.001 -36"><span class='ocrx_word' id='word_1_585' title='bbox 1861 3077 2044 3129; x_wconf 89' lang='lat' dir='ltr'><strong>datum</strong></span> <span class='ocrx_word' id='word_1_586' title='bbox 2103 3084 2158 3130; x_wconf 89' lang='lat' dir='ltr'><strong>et</strong></span> <span class='ocrx_word' id='word_1_587' title='bbox 2197 3087 2513 3165; x_wconf 60' lang='lat' dir='ltr'><strong>exornatum</strong></span> <span class='ocrx_word' id='word_1_588' title='bbox 2568 3077 2917 3146; x_wconf 84' lang='lat' dir='ltr'><strong>splendidiori</strong></span> <span class='ocrx_word' id='word_1_589' title='bbox 2965 3076 3141 3131; x_wconf 86' lang='lat' dir='ltr'><strong>adhuc</strong></span> <span class='ocrx_word' id='word_1_590' title='bbox 3208 3076 3407 3132; x_wconf 87' lang='lat' dir='ltr'><strong>decore</strong></span> 
     </span>
    </p>
   </div>
   <div class='ocr_carea' id='block_1_77' title="bbox 1861 3175 2104 3219">
    <p class='ocr_par' dir='ltr' id='par_1_77' title="bbox 1861 3175 2104 3219">
     <span class='ocr_line' id='line_1_77' title="bbox 1861 3175 2104 3219; baseline 0 0"><span class='ocrx_word' id='word_1_591' title='bbox 1861 3175 2104 3219; x_wconf 69' lang='lat' dir='ltr'><strong>CXOI‘DCL</strong></span> 
     </span>
    </p>
   </div>
   <div class='ocr_carea' id='block_1_78' title="bbox 1932 3254 3407 3321">
    <p class='ocr_par' dir='ltr' id='par_1_78' title="bbox 1932 3254 3407 3321">
     <span class='ocr_line' id='line_1_78' title="bbox 1932 3254 3407 3321; baseline 0.001 -13"><span class='ocrx_word' id='word_1_592' title='bbox 1932 3255 2000 3308; x_wconf 87' lang='lat' dir='ltr'><strong>Et</strong></span> <span class='ocrx_word' id='word_1_593' title='bbox 2022 3255 2187 3310; x_wconf 73' lang='lat' dir='ltr'><strong>uirtus</strong></span> <span class='ocrx_word' id='word_1_594' title='bbox 2218 3255 2478 3310; x_wconf 77' lang='lat' dir='ltr'><strong>Altissimi</strong></span> <span class='ocrx_word' id='word_1_595' title='bbox 2508 3256 2979 3321; x_wconf 82' lang='lat' dir='ltr'><strong>obumbrabittibi;</strong></span> <span class='ocrx_word' id='word_1_596' title='bbox 3014 3257 3065 3311; x_wconf 88' lang='lat' dir='ltr'><strong>id</strong></span> <span class='ocrx_word' id='word_1_597' title='bbox 3110 3264 3213 3321; x_wconf 88' lang='lat' dir='ltr'><strong>est,</strong></span> <span class='ocrx_word' id='word_1_598' title='bbox 3238 3265 3290 3311; x_wconf 85' lang='lat' dir='ltr'><strong>et</strong></span> <span class='ocrx_word' id='word_1_599' title='bbox 3320 3254 3407 3309; x_wconf 84' lang='lat' dir='ltr'><strong>Fi-</strong></span> 
     </span>
    </p>
   </div>
   <div class='ocr_carea' id='block_1_79' title="bbox 1860 3344 3409 3416">
    <p class='ocr_par' dir='ltr' id='par_1_79' title="bbox 1860 3344 3409 3416">
     <span class='ocr_line' id='line_1_79' title="bbox 1860 3344 3409 3416; baseline 0.002 -19"><span class='ocrx_word' id='word_1_600' title='bbox 1860 3344 1965 3401; x_wconf 91' lang='lat' dir='ltr'><strong>lius</strong></span> <span class='ocrx_word' id='word_1_601' title='bbox 2011 3346 2171 3400; x_wconf 89' lang='lat' dir='ltr'><strong>simul</strong></span> <span class='ocrx_word' id='word_1_602' title='bbox 2216 3355 2273 3400; x_wconf 89' lang='lat' dir='ltr'><strong>et</strong></span> <span class='ocrx_word' id='word_1_603' title='bbox 2332 3345 2521 3412; x_wconf 80' lang='lat' dir='ltr'><strong>Pater;</strong></span> <span class='ocrx_word' id='word_1_604' title='bbox 2551 3346 2720 3401; x_wconf 86' lang='lat' dir='ltr'><strong>Filius</strong></span> <span class='ocrx_word' id='word_1_605' title='bbox 2765 3356 2847 3401; x_wconf 91' lang='lat' dir='ltr'><strong>cst</strong></span> <span class='ocrx_word' id='word_1_606' title='bbox 2899 3347 3062 3407; x_wconf 83' lang='lat' dir='ltr'><strong>enim,</strong></span> <span class='ocrx_word' id='word_1_607' title='bbox 3095 3347 3184 3416; x_wconf 90' lang='lat' dir='ltr'><strong>qui</strong></span> <span class='ocrx_word' id='word_1_608' title='bbox 3236 3348 3409 3400; x_wconf 85' lang='lat' dir='ltr'><strong>virtus</strong></span> 
     </span>
    </p>
   </div>
   <div class='ocr_carea' id='block_1_80' title="bbox 1864 3434 3402 3505">
    <p class='ocr_par' dir='ltr' id='par_1_80' title="bbox 1864 3434 3402 3505">
     <span class='ocr_line' id='line_1_80' title="bbox 1864 3434 3402 3505; baseline 0.003 -20"><span class='ocrx_word' id='word_1_609' title='bbox 1864 3435 2197 3503; x_wconf 81' lang='lat' dir='ltr'><strong>appellatur;</strong></span> <span class='ocrx_word' id='word_1_610' title='bbox 2234 3434 2393 3490; x_wconf 88' lang='lat' dir='ltr'><strong>Pater</strong></span> <span class='ocrx_word' id='word_1_611' title='bbox 2431 3451 2578 3501; x_wconf 87' lang='lat' dir='ltr'><strong>vero,</strong></span> <span class='ocrx_word' id='word_1_612' title='bbox 2603 3438 2758 3505; x_wconf 86' lang='lat' dir='ltr'><strong>cujus</strong></span> <span class='ocrx_word' id='word_1_613' title='bbox 2820 3438 2908 3490; x_wconf 86' lang='lat' dir='ltr'><strong>ille</strong></span> <span class='ocrx_word' id='word_1_614' title='bbox 2968 3437 3140 3491; x_wconf 90' lang='lat' dir='ltr'><strong>virtus</strong></span> <span class='ocrx_word' id='word_1_615' title='bbox 3189 3437 3402 3500; x_wconf 86' lang='lat' dir='ltr'><strong>dicitur.</strong></span> 
     </span>
    </p>
   </div>
   <div class='ocr_carea' id='block_1_81' title="bbox 1862 3518 3406 3591">
    <p class='ocr_par' dir='ltr' id='par_1_81' title="bbox 1862 3518 3406 3591">
     <span class='ocr_line' id='line_1_81' title="bbox 1862 3518 3406 3591; baseline 0.001 -19"><span class='ocrx_word' id='word_1_616' title='bbox 1862 3518 1993 3574; x_wconf 87' lang='lat' dir='ltr'><strong>Nam</strong></span> <span class='ocrx_word' id='word_1_617' title='bbox 2029 3520 2266 3575; x_wconf 74' lang='lat' dir='ltr'><strong>Christus</strong></span> <span class='ocrx_word' id='word_1_618' title='bbox 2292 3521 2385 3575; x_wconf 78' lang='lat' dir='ltr'><strong>Dei</strong></span> <span class='ocrx_word' id='word_1_619' title='bbox 2418 3524 2577 3575; x_wconf 80' lang='lat' dir='ltr'><strong>virtus</strong></span> <span class='ocrx_word' id='word_1_620' title='bbox 2606 3534 2681 3576; x_wconf 75' lang='lat' dir='ltr'><strong>est</strong></span> <span class='ocrx_word' id='word_1_621' title='bbox 2721 3534 2768 3577; x_wconf 88' lang='lat' dir='ltr'><strong>et</strong></span> <span class='ocrx_word' id='word_1_622' title='bbox 2798 3524 2887 3578; x_wconf 87' lang='lat' dir='ltr'><strong>Dei</strong></span> <span class='ocrx_word' id='word_1_623' title='bbox 2921 3525 3184 3591; x_wconf 78' lang='lat' dir='ltr'><strong>sapientia</strong></span> <span class='ocrx_word' id='word_1_624' title='bbox 3231 3524 3294 3575; x_wconf 72' lang='grc'><strong>’⁸.</strong></span> <span class='ocrx_word' id='word_1_625' title='bbox 3336 3522 3406 3574; x_wconf 82' lang='lat' dir='ltr'><strong>Et</strong></span> 
     </span>
    </p>
   </div>
   <div class='ocr_carea' id='block_1_82' title="bbox 1862 3611 3404 3681">
    <p class='ocr_par' dir='ltr' id='par_1_82' title="bbox 1862 3611 3404 3681">
     <span class='ocr_line' id='line_1_82' title="bbox 1862 3611 3404 3681; baseline 0 -17"><span class='ocrx_word' id='word_1_626' title='bbox 1862 3611 2185 3664; x_wconf 84' lang='lat' dir='ltr'><strong>obumbrabit</strong></span> <span class='ocrx_word' id='word_1_627' title='bbox 2239 3612 2334 3665; x_wconf 85' lang='lat' dir='ltr'><strong>tibi</strong></span> <span class='ocrx_word' id='word_1_628' title='bbox 2370 3628 2417 3666; x_wconf 74' lang='grc' dir='ltr'><strong>’ἔ</strong></span> <span class='ocrx_word' id='word_1_629' title='bbox 2486 3614 2832 3667; x_wconf 87' lang='lat' dir='ltr'><strong>obumbrabit</strong></span> <span class='ocrx_word' id='word_1_630' title='bbox 2892 3615 3215 3681; x_wconf 71' lang='lat' dir='ltr'><strong>tequidem</strong></span> <span class='ocrx_word' id='word_1_631' title='bbox 3283 3611 3404 3680; x_wconf 87' lang='lat' dir='ltr'><strong>Spi-</strong></span> 
     </span>
    </p>
   </div>
   <div class='ocr_carea' id='block_1_83' title="bbox 1862 3701 3404 3770">
    <p class='ocr_par' dir='ltr' id='par_1_83' title="bbox 1862 3701 3404 3770">
     <span class='ocr_line' id='line_1_83' title="bbox 1862 3701 3404 3770; baseline 0.001 -17"><span class='ocrx_word' id='word_1_632' title='bbox 1862 3702 1997 3755; x_wconf 89' lang='lat' dir='ltr'><strong>ritus</strong></span> <span class='ocrx_word' id='word_1_633' title='bbox 2055 3711 2307 3768; x_wconf 86' lang='lat' dir='ltr'><strong>sanctus,</strong></span> <span class='ocrx_word' id='word_1_634' title='bbox 2366 3705 2457 3757; x_wconf 88' lang='lat' dir='ltr'><strong>sed</strong></span> <span class='ocrx_word' id='word_1_635' title='bbox 2500 3705 2839 3758; x_wconf 88' lang='lat' dir='ltr'><strong>obumbrabit</strong></span> <span class='ocrx_word' id='word_1_636' title='bbox 2878 3715 2931 3757; x_wconf 90' lang='lat' dir='ltr'><strong>et</strong></span> <span class='ocrx_word' id='word_1_637' title='bbox 2985 3703 3170 3768; x_wconf 86' lang='lat' dir='ltr'><strong>Filius,</strong></span> <span class='ocrx_word' id='word_1_638' title='bbox 3221 3701 3404 3770; x_wconf 66' lang='lat' dir='ltr'><strong>gratim</strong></span> 
     </span>
    </p>
   </div>
   <div class='ocr_carea' id='block_1_84' title="bbox 1859 3790 3390 3859">
    <p class='ocr_par' dir='ltr' id='par_1_84' title="bbox 1859 3790 3390 3859">
     <span class='ocr_line' id='line_1_84' title="bbox 1859 3790 3390 3859; baseline 0.003 -19"><span class='ocrx_word' id='word_1_639' title='bbox 1859 3791 2014 3843; x_wconf 88' lang='lat' dir='ltr'><strong>donis</strong></span> <span class='ocrx_word' id='word_1_640' title='bbox 2062 3790 2174 3855; x_wconf 84' lang='lat' dir='ltr'><strong>jam</strong></span> <span class='ocrx_word' id='word_1_641' title='bbox 2228 3804 2257 3842; x_wconf 84' lang='lat' dir='ltr'><strong>a</strong></span> <span class='ocrx_word' id='word_1_642' title='bbox 2318 3792 2519 3858; x_wconf 86' lang='lat' dir='ltr'><strong>Spiritu</strong></span> <span class='ocrx_word' id='word_1_643' title='bbox 2584 3793 2979 3859; x_wconf 82' lang='lat' dir='ltr'><strong>quodammodo</strong></span> <span class='ocrx_word' id='word_1_644' title='bbox 3053 3791 3390 3845; x_wconf 84' lang='lat' dir='ltr'><strong>adumbratis</strong></span> 
     </span>
    </p>
   </div>
   <div class='ocr_carea' id='block_1_85' title="bbox 1857 3878 3400 3949">
    <p class='ocr_par' dir='ltr' id='par_1_85' title="bbox 1857 3878 3400 3949">
     <span class='ocr_line' id='line_1_85' title="bbox 1857 3878 3400 3949; baseline 0.003 -18"><span class='ocrx_word' id='word_1_645' title='bbox 1857 3878 2017 3931; x_wconf 83' lang='lat' dir='ltr'><strong>etiam</strong></span> <span class='ocrx_word' id='word_1_646' title='bbox 2045 3892 2174 3931; x_wconf 90' lang='lat' dir='ltr'><strong>suos</strong></span> <span class='ocrx_word' id='word_1_647' title='bbox 2201 3878 2315 3947; x_wconf 89' lang='lat' dir='ltr'><strong>(per</strong></span> <span class='ocrx_word' id='word_1_648' title='bbox 2334 3879 2410 3947; x_wconf 80' lang='lat' dir='ltr'><strong>se)</strong></span> <span class='ocrx_word' id='word_1_649' title='bbox 2446 3880 2705 3946; x_wconf 86' lang='lat' dir='ltr'><strong>adjiciens</strong></span> <span class='ocrx_word' id='word_1_650' title='bbox 2756 3881 2983 3940; x_wconf 86' lang='lat' dir='ltr'><strong>colores.</strong></span> <span class='ocrx_word' id='word_1_651' title='bbox 3011 3880 3155 3947; x_wconf 90' lang='lat' dir='ltr'><strong>ipsas</strong></span> <span class='ocrx_word' id='word_1_652' title='bbox 3213 3880 3400 3949; x_wconf 86' lang='lat' dir='ltr'><strong>utique</strong></span> 
     </span>
    </p>
   </div>
   <div class='ocr_carea' id='block_1_86' title="bbox 1859 3968 3396 4039">
    <p class='ocr_par' dir='ltr' id='par_1_86' title="bbox 1859 3968 3396 4039">
     <span class='ocr_line' id='line_1_86' title="bbox 1859 3968 3396 4039; baseline 0.003 -18"><span class='ocrx_word' id='word_1_653' title='bbox 1859 3984 1885 4021; x_wconf 91' lang='lat' dir='ltr'><strong>a</strong></span> <span class='ocrx_word' id='word_1_654' title='bbox 1939 3968 2089 4022; x_wconf 90' lang='lat' dir='ltr'><strong>Patre</strong></span> <span class='ocrx_word' id='word_1_655' title='bbox 2141 3979 2384 4038; x_wconf 80' lang='lat' dir='ltr'><strong>acceptas</strong></span> <span class='ocrx_word' id='word_1_656' title='bbox 2433 3970 2515 4023; x_wconf 91' lang='lat' dir='ltr'><strong>sui</strong></span> <span class='ocrx_word' id='word_1_657' title='bbox 2567 3970 2737 4038; x_wconf 89' lang='lat' dir='ltr'><strong>ipsius</strong></span> <span class='ocrx_word' id='word_1_658' title='bbox 2770 3973 3121 4039; x_wconf 83' lang='lat' dir='ltr'><strong>proprietates</strong></span> <span class='ocrx_word' id='word_1_659' title='bbox 3166 3986 3396 4037; x_wconf 84' lang='lat' dir='ltr'><strong>omnes;</strong></span> 
     </span>
    </p>
   </div>
   <div class='ocr_carea' id='block_1_87' title="bbox 1859 4060 3399 4130">
    <p class='ocr_par' dir='ltr' id='par_1_87' title="bbox 1859 4060 3399 4130">
     <span class='ocr_line' id='line_1_87' title="bbox 1859 4060 3399 4130; baseline -0.002 -14"><span class='ocrx_word' id='word_1_660' title='bbox 1859 4076 1953 4116; x_wconf 84' lang='lat' dir='ltr'><strong>seu</strong></span> <span class='ocrx_word' id='word_1_661' title='bbox 2009 4060 2193 4123; x_wconf 87' lang='lat' dir='ltr'><strong>etiam,</strong></span> <span class='ocrx_word' id='word_1_662' title='bbox 2246 4062 2440 4130; x_wconf 85' lang='lat' dir='ltr'><strong>inquit,</strong></span> <span class='ocrx_word' id='word_1_663' title='bbox 2484 4062 2808 4115; x_wconf 87' lang='lat' dir='ltr'><strong>invisibilem</strong></span> <span class='ocrx_word' id='word_1_664' title='bbox 2861 4077 3013 4115; x_wconf 88' lang='lat' dir='ltr'><strong>suam</strong></span> <span class='ocrx_word' id='word_1_665' title='bbox 3062 4061 3286 4114; x_wconf 82' lang='lat' dir='ltr'><strong>formam</strong></span> <span class='ocrx_word' id='word_1_666' title='bbox 3347 4062 3399 4113; x_wconf 90' lang='lat' dir='ltr'><strong>in</strong></span> 
     </span>
    </p>
   </div>
   <div class='ocr_carea' id='block_1_88' title="bbox 1860 4151 3397 4218">
    <p class='ocr_par' dir='ltr' id='par_1_88' title="bbox 1860 4151 3397 4218">
     <span class='ocr_line' id='line_1_88' title="bbox 1860 4151 3397 4218; baseline -0.005 -12"><span class='ocrx_word' id='word_1_667' title='bbox 1860 4162 1911 4206; x_wconf 83' lang='lat' dir='ltr'><strong>te</strong></span> <span class='ocrx_word' id='word_1_668' title='bbox 1964 4151 2193 4218; x_wconf 84' lang='lat' dir='ltr'><strong>quadam</strong></span> <span class='ocrx_word' id='word_1_669' title='bbox 2258 4152 2401 4203; x_wconf 87' lang='lat' dir='ltr'><strong>velut</strong></span> <span class='ocrx_word' id='word_1_670' title='bbox 2461 4152 2648 4203; x_wconf 84' lang='lat' dir='ltr'><strong>umbra</strong></span> <span class='ocrx_word' id='word_1_671' title='bbox 2691 4151 3114 4210; x_wconf 85' lang='lat' dir='ltr'><strong>circumscribet,</strong></span> <span class='ocrx_word' id='word_1_672' title='bbox 3162 4158 3397 4201; x_wconf 87' lang='lat' dir='ltr'><strong>nostram</strong></span> 
     </span>
    </p>
   </div>
   <div class='ocr_carea' id='block_1_89' title="bbox 1860 4238 3394 4304">
    <p class='ocr_par' dir='ltr' id='par_1_89' title="bbox 1860 4238 3394 4304">
     <span class='ocr_line' id='line_1_89' title="bbox 1860 4238 3394 4304; baseline -0.007 -8"><span class='ocrx_word' id='word_1_673' title='bbox 1860 4242 2063 4296; x_wconf 82' lang='lat' dir='ltr'><strong>scilicet</strong></span> <span class='ocrx_word' id='word_1_674' title='bbox 2094 4242 2318 4295; x_wconf 84' lang='lat' dir='ltr'><strong>formam</strong></span> <span class='ocrx_word' id='word_1_675' title='bbox 2360 4241 2411 4293; x_wconf 91' lang='lat' dir='ltr'><strong>in</strong></span> <span class='ocrx_word' id='word_1_676' title='bbox 2470 4251 2519 4293; x_wconf 85' lang='lat' dir='ltr'><strong>te</strong></span> <span class='ocrx_word' id='word_1_677' title='bbox 2563 4252 2831 4304; x_wconf 85' lang='lat' dir='ltr'><strong>assumet;</strong></span> <span class='ocrx_word' id='word_1_678' title='bbox 2870 4256 2962 4293; x_wconf 87' lang='lat' dir='ltr'><strong>seu</strong></span> <span class='ocrx_word' id='word_1_679' title='bbox 2999 4241 3179 4299; x_wconf 86' lang='lat' dir='ltr'><strong>ctiam,</strong></span> <span class='ocrx_word' id='word_1_680' title='bbox 3224 4238 3394 4303; x_wconf 87' lang='lat' dir='ltr'><strong>ipsum</strong></span> 
     </span>
    </p>
   </div>
   <div class='ocr_carea' id='block_1_90' title="bbox 1858 4324 3394 4399">
    <p class='ocr_par' dir='ltr' id='par_1_90' title="bbox 1858 4324 3394 4399">
     <span class='ocr_line' id='line_1_90' title="bbox 1858 4324 3394 4399; baseline -0.004 -17"><span class='ocrx_word' id='word_1_681' title='bbox 1858 4332 2031 4384; x_wconf 87' lang='lat' dir='ltr'><strong>Patris</strong></span> <span class='ocrx_word' id='word_1_682' title='bbox 2076 4331 2432 4398; x_wconf 85' lang='lat' dir='ltr'><strong>signaculum,</strong></span> <span class='ocrx_word' id='word_1_683' title='bbox 2462 4330 2712 4399; x_wconf 82' lang='lat' dir='ltr'><strong>splendor</strong></span> <span class='ocrx_word' id='word_1_684' title='bbox 2751 4330 2813 4391; x_wconf 72' lang='grc' dir='ltr'><strong>η,</strong></span> <span class='ocrx_word' id='word_1_685' title='bbox 2866 4326 3199 4380; x_wconf 84' lang='lat' dir='ltr'><strong>adumbratio</strong></span> <span class='ocrx_word' id='word_1_686' title='bbox 3236 4324 3394 4377; x_wconf 87' lang='lat' dir='ltr'><strong>etiam</strong></span> 
     </span>
    </p>
   </div>
   <div class='ocr_carea' id='block_1_91' title="bbox 1856 4414 3390 4484">
    <p class='ocr_par' dir='ltr' id='par_1_91' title="bbox 1856 4414 3390 4484">
     <span class='ocr_line' id='line_1_91' title="bbox 1856 4414 3390 4484; baseline -0.005 -12"><span class='ocrx_word' id='word_1_687' title='bbox 1856 4421 1907 4472; x_wconf 89' lang='lat' dir='ltr'><strong>in</strong></span> <span class='ocrx_word' id='word_1_688' title='bbox 1953 4428 2002 4472; x_wconf 89' lang='lat' dir='ltr'><strong>te</strong></span> <span class='ocrx_word' id='word_1_689' title='bbox 2036 4419 2480 4483; x_wconf 84' lang='lat' dir='ltr'><strong>manifestabitur,</strong></span> <span class='ocrx_word' id='word_1_690' title='bbox 2510 4434 2695 4471; x_wconf 85' lang='lat' dir='ltr'><strong>omnes</strong></span> <span class='ocrx_word' id='word_1_691' title='bbox 2736 4417 2931 4484; x_wconf 88' lang='lat' dir='ltr'><strong>pariter</strong></span> <span class='ocrx_word' id='word_1_692' title='bbox 2985 4423 3233 4482; x_wconf 80' lang='lat' dir='ltr'><strong>paternas</strong></span> <span class='ocrx_word' id='word_1_693' title='bbox 3278 4414 3390 4465; x_wconf 84' lang='lat' dir='ltr'><strong>vir-</strong></span> 
     </span>
    </p>
   </div>
   <div class='ocr_carea' id='block_1_92' title="bbox 1837 4504 3387 4573">
    <p class='ocr_par' dir='ltr' id='par_1_92' title="bbox 1837 4504 3387 4573">
     <span class='ocr_line' id='line_1_92' title="bbox 1837 4504 3387 4573; baseline 0.001 -16"><span class='ocrx_word' id='word_1_694' title='bbox 1837 4514 2033 4568; x_wconf 77' lang='lat' dir='ltr'><strong>tutes,</strong></span> <span class='ocrx_word' id='word_1_695' title='bbox 2092 4522 2186 4559; x_wconf 90' lang='lat' dir='ltr'><strong>seu</strong></span> <span class='ocrx_word' id='word_1_696' title='bbox 2235 4509 2453 4558; x_wconf 85' lang='lat' dir='ltr'><strong>umbras</strong></span> <span class='ocrx_word' id='word_1_697' title='bbox 2519 4515 2679 4573; x_wconf 77' lang='lat' dir='ltr'><strong>atque</strong></span> <span class='ocrx_word' id='word_1_698' title='bbox 2742 4505 3063 4558; x_wconf 75' lang='lat' dir='ltr'><strong>lineamenta</strong></span> <span class='ocrx_word' id='word_1_699' title='bbox 3111 4504 3163 4555; x_wconf 87' lang='lat' dir='ltr'><strong>in</strong></span> <span class='ocrx_word' id='word_1_700' title='bbox 3206 4504 3387 4571; x_wconf 86' lang='lat' dir='ltr'><strong>scipso</strong></span> 
     </span>
    </p>
   </div>
   <div class='ocr_carea' id='block_1_93' title="bbox 1853 4590 3385 4659">
    <p class='ocr_par' dir='ltr' id='par_1_93' title="bbox 1853 4590 3385 4659">
     <span class='ocr_line' id='line_1_93' title="bbox 1853 4590 3385 4659; baseline 0.002 -17"><span class='ocrx_word' id='word_1_701' title='bbox 1853 4590 2234 4643; x_wconf 77' lang='lat' dir='ltr'><strong>circumferens</strong></span> <span class='ocrx_word' id='word_1_702' title='bbox 2266 4590 2339 4659; x_wconf 85' lang='lat' dir='ltr'><strong>[et</strong></span> <span class='ocrx_word' id='word_1_703' title='bbox 2387 4592 2523 4644; x_wconf 78' lang='lat' dir='ltr'><strong>[ilius</strong></span> <span class='ocrx_word' id='word_1_704' title='bbox 2580 4602 2703 4644; x_wconf 88' lang='lat' dir='ltr'><strong>tuus</strong></span> <span class='ocrx_word' id='word_1_705' title='bbox 2743 4593 3005 4643; x_wconf 74' lang='lat' dir='ltr'><strong>exsistcns</strong></span> <span class='ocrx_word' id='word_1_706' title='bbox 3052 4599 3105 4643; x_wconf 84' lang='lat' dir='ltr'><strong>et</strong></span> <span class='ocrx_word' id='word_1_707' title='bbox 3138 4603 3385 4657; x_wconf 86' lang='lat' dir='ltr'><strong>vocatus,</strong></span> 
     </span>
    </p>
   </div>
   <div class='ocr_carea' id='block_1_94' title="bbox 1780 4678 3021 4748">
    <p class='ocr_par' dir='ltr' id='par_1_94' title="bbox 1780 4678 3021 4748">
     <span class='ocr_line' id='line_1_94' title="bbox 1780 4678 3021 4748; baseline 0.002 -17"><span class='ocrx_word' id='word_1_708' title='bbox 1780 4680 1947 4748; x_wconf 83' lang='lat' dir='ltr'><strong>uni</strong></span> <span class='ocrx_word' id='word_1_709' title='bbox 1977 4681 2133 4731; x_wconf 89' lang='lat' dir='ltr'><strong>etiam</strong></span> <span class='ocrx_word' id='word_1_710' title='bbox 2194 4679 2283 4731; x_wconf 86' lang='lat' dir='ltr'><strong>Dei</strong></span> <span class='ocrx_word' id='word_1_711' title='bbox 2331 4695 2391 4732; x_wconf 91' lang='lat' dir='ltr'><strong>ac</strong></span> <span class='ocrx_word' id='word_1_712' title='bbox 2445 4678 2618 4732; x_wconf 84' lang='lat' dir='ltr'><strong>Patris</strong></span> <span class='ocrx_word' id='word_1_713' title='bbox 2686 4690 2768 4733; x_wconf 87' lang='lat' dir='ltr'><strong>est</strong></span> <span class='ocrx_word' id='word_1_714' title='bbox 2810 4679 3021 4748; x_wconf 80' lang='lat' dir='ltr'><strong>Filius].</strong></span> 
     </span>
    </p>
   </div>
   <div class='ocr_carea' id='block_1_95' title="bbox 1914 4766 3384 4836">
    <p class='ocr_par' dir='ltr' id='par_1_95' title="bbox 1914 4766 3384 4836">
     <span class='ocr_line' id='line_1_95' title="bbox 1914 4766 3384 4836; baseline 0.003 -17"><span class='ocrx_word' id='word_1_715' title='bbox 1914 4766 2067 4820; x_wconf 79' lang='lat' dir='ltr'><strong>XVII.</strong></span> <span class='ocrx_word' id='word_1_716' title='bbox 2102 4767 2294 4820; x_wconf 82' lang='lat' dir='ltr'><strong>Verum</strong></span> <span class='ocrx_word' id='word_1_717' title='bbox 2330 4769 2549 4833; x_wconf 88' lang='lat' dir='ltr'><strong>inspice,</strong></span> <span class='ocrx_word' id='word_1_718' title='bbox 2580 4785 2781 4836; x_wconf 62' lang='lat' dir='ltr'><strong>quaeso,</strong></span> <span class='ocrx_word' id='word_1_719' title='bbox 2826 4781 3137 4825; x_wconf 86' lang='lat' dir='ltr'><strong>accuratum</strong></span> <span class='ocrx_word' id='word_1_720' title='bbox 3179 4789 3384 4827; x_wconf 79' lang='lat' dir='ltr'><strong>sermn-</strong></span> 
     </span>
    </p>
   </div>
   <div class='ocr_carea' id='block_1_96' title="bbox 216 4852 1796 4930">
    <p class='ocr_par' dir='ltr' id='par_1_96' title="bbox 216 4852 1747 4925">
     <span class='ocr_line' id='line_1_96' title="bbox 216 4852 1747 4925; baseline -0.005 -16"><span class='ocrx_word' id='word_1_721' title='bbox 216 4857 547 4925; x_wconf 77' lang='grc' dir='ltr'>Πνεύματος,</span> <span class='ocrx_word' id='word_1_722' title='bbox 583 4857 760 4922; x_wconf 64' lang='grc' dir='ltr'>φησιν,</span> <span class='ocrx_word' id='word_1_723' title='bbox 788 4856 818 4922; x_wconf 82' lang='grc' dir='ltr'>ἡ</span> <span class='ocrx_word' id='word_1_724' title='bbox 849 4855 1141 4914; x_wconf 78' lang='grc' dir='ltr'><strong>ὲπέλευσις,</strong></span> <span class='ocrx_word' id='word_1_725' title='bbox 1180 4853 1365 4922; x_wconf 80' lang='grc' dir='ltr'>μόνηὴ</span> <span class='ocrx_word' id='word_1_726' title='bbox 1392 4852 1529 4903; x_wconf 70' lang='grc' dir='ltr'>κατὰ</span> <span class='ocrx_word' id='word_1_727' title='bbox 1566 4852 1747 4919; x_wconf 72' lang='grc' dir='ltr'>σχέσιν</span> 
     </span>
    </p>
   </div>
   <div class='ocr_carea' id='block_1_97' title="bbox 1860 4852 3391 4930">
    <p class='ocr_par' dir='ltr' id='par_1_97' title="bbox 1860 4857 3391 4930">
     <span class='ocr_line' id='line_1_97' title="bbox 1860 4857 3391 4930; baseline 0.004 -22"><span class='ocrx_word' id='word_1_728' title='bbox 1860 4873 1986 4912; x_wconf 76' lang='lat' dir='ltr'><strong>tein.</strong></span> <span class='ocrx_word' id='word_1_729' title='bbox 2029 4857 2207 4909; x_wconf 87' lang='lat' dir='ltr'><strong>Sancti</strong></span> <span class='ocrx_word' id='word_1_730' title='bbox 2274 4857 2522 4925; x_wconf 85' lang='lat' dir='ltr'><strong>Spiritus,</strong></span> <span class='ocrx_word' id='word_1_731' title='bbox 2564 4862 2757 4930; x_wconf 87' lang='lat' dir='ltr'><strong>inquit,</strong></span> <span class='ocrx_word' id='word_1_732' title='bbox 2795 4863 3057 4917; x_wconf 83' lang='lat' dir='ltr'><strong>adventus</strong></span> <span class='ocrx_word' id='word_1_733' title='bbox 3121 4864 3391 4917; x_wconf 87' lang='lat' dir='ltr'><strong>illumina-</strong></span> 
     </span>
    </p>
   </div>
   <div class='ocr_carea' id='block_1_98' title="bbox 213 4940 1796 5020">
    <p class='ocr_par' dir='ltr' id='par_1_98' title="bbox 213 4940 1748 5009">
     <span class='ocr_line' id='line_1_98' title="bbox 213 4940 1748 5009; baseline -0.003 -14"><span class='ocrx_word' id='word_1_734' title='bbox 213 4943 513 5009; x_wconf 72' lang='grc' dir='ltr'><strong>ἔλλαμψις⁸</strong></span> <span class='ocrx_word' id='word_1_735' title='bbox 551 4945 579 5009; x_wconf 80' lang='grc' dir='ltr'>ἡ</span> <span class='ocrx_word' id='word_1_736' title='bbox 614 4944 669 4993; x_wconf 82' lang='grc' dir='ltr'><strong>δὲ</strong></span> <span class='ocrx_word' id='word_1_737' title='bbox 714 4942 804 4993; x_wconf 79' lang='grc' dir='ltr'>τοῦ</span> <span class='ocrx_word' id='word_1_738' title='bbox 839 4942 965 4994; x_wconf 83' lang='grc' dir='ltr'><strong>Υἰοῦ</strong></span> <span class='ocrx_word' id='word_1_739' title='bbox 1006 4947 1095 4991; x_wconf 71' lang='grc' dir='ltr'><strong>καὶ</strong></span> <span class='ocrx_word' id='word_1_740' title='bbox 1148 4940 1471 5001; x_wconf 81' lang='grc' dir='ltr'>ἐπισκίασις,</span> <span class='ocrx_word' id='word_1_741' title='bbox 1503 4940 1665 5006; x_wconf 74' lang='grc' dir='ltr'>ἤγουν</span> <span class='ocrx_word' id='word_1_742' title='bbox 1717 4941 1748 5007; x_wconf 87' lang='grc' dir='ltr'>ή</span> 
     </span>
    </p>
   </div>
   <div class='ocr_carea' id='block_1_99' title="bbox 1860 4940 3383 5020">
    <p class='ocr_par' dir='ltr' id='par_1_99' title="bbox 1860 4948 3383 5020">
     <span class='ocr_line' id='line_1_99' title="bbox 1860 4948 3383 5020; baseline 0.004 -25"><span class='ocrx_word' id='word_1_743' title='bbox 1860 4949 2038 4999; x_wconf 86' lang='lat' dir='ltr'><strong>iouem</strong></span> <span class='ocrx_word' id='word_1_744' title='bbox 2097 4948 2468 5001; x_wconf 87' lang='lat' dir='ltr'><strong>tantummodo</strong></span> <span class='ocrx_word' id='word_1_745' title='bbox 2516 4951 2645 5005; x_wconf 87' lang='lat' dir='ltr'><strong>dicit</strong></span> <span class='ocrx_word' id='word_1_746' title='bbox 2685 4967 2776 5020; x_wconf 81' lang='lat' dir='ltr'><strong>per</strong></span> <span class='ocrx_word' id='word_1_747' title='bbox 2818 4954 3059 5017; x_wconf 81' lang='lat' dir='ltr'><strong>habitum</strong></span> <span class='ocrx_word' id='word_1_748' title='bbox 3087 4972 3099 5017; x_wconf 93' lang='lat'><strong>;</strong></span> <span class='ocrx_word' id='word_1_749' title='bbox 3127 4954 3383 5004; x_wconf 85' lang='lat' dir='ltr'><strong>adventus</strong></span> 
     </span>
    </p>
   </div>
   <div class='ocr_carea' id='block_1_100' title="bbox 214 5026 1743 5099">
    <p class='ocr_par' dir='ltr' id='par_1_100' title="bbox 214 5026 1743 5099">
     <span class='ocr_line' id='line_1_100' title="bbox 214 5026 1743 5099; baseline -0.002 -16"><span class='ocrx_word' id='word_1_750' title='bbox 214 5033 335 5084; x_wconf 78' lang='grc' dir='ltr'>κατ’</span> <span class='ocrx_word' id='word_1_751' title='bbox 366 5032 544 5082; x_wconf 79' lang='grc' dir='ltr'>οὐσίαν</span> <span class='ocrx_word' id='word_1_752' title='bbox 576 5031 804 5099; x_wconf 71' lang='grc' dir='ltr'><strong>οἴκησις.</strong></span> <span class='ocrx_word' id='word_1_753' title='bbox 837 5031 867 5097; x_wconf 83' lang='grc' dir='ltr'>ἢ</span> <span class='ocrx_word' id='word_1_754' title='bbox 921 5034 1009 5083; x_wconf 79' lang='grc' dir='ltr'>καὶ</span> <span class='ocrx_word' id='word_1_755' title='bbox 1048 5034 1080 5099; x_wconf 83' lang='grc' dir='ltr'>ή</span> <span class='ocrx_word' id='word_1_756' title='bbox 1116 5026 1210 5099; x_wconf 80' lang='grc' dir='ltr'><strong>τῆς</strong></span> <span class='ocrx_word' id='word_1_757' title='bbox 1239 5030 1435 5097; x_wconf 79' lang='grc' dir='ltr'>σαρκὸς</span> <span class='ocrx_word' id='word_1_758' title='bbox 1462 5028 1743 5095; x_wconf 68' lang='grc' dir='ltr'><strong>ἀνάληψις.</strong></span> 
     </span>
    </p>
   </div>
   <div class='ocr_carea' id='block_1_101' title="bbox 1844 5036 3386 5106">
    <p class='ocr_par' dir='ltr' id='par_1_101' title="bbox 1844 5036 3386 5106">
     <span class='ocr_line' id='line_1_101' title="bbox 1844 5036 3386 5106; baseline 0.001 -21"><span class='ocrx_word' id='word_1_759' title='bbox 1844 5050 1969 5087; x_wconf 87' lang='lat' dir='ltr'><strong>vero</strong></span> <span class='ocrx_word' id='word_1_760' title='bbox 2008 5036 2120 5089; x_wconf 82' lang='lat' dir='ltr'><strong>Filii</strong></span> <span class='ocrx_word' id='word_1_761' title='bbox 2156 5047 2235 5090; x_wconf 90' lang='lat' dir='ltr'><strong>cst</strong></span> <span class='ocrx_word' id='word_1_762' title='bbox 2268 5050 2518 5106; x_wconf 66' lang='lat' dir='ltr'><strong>prmterea</strong></span> <span class='ocrx_word' id='word_1_763' title='bbox 2565 5043 2927 5105; x_wconf 88' lang='lat' dir='ltr'><strong>obumbratio,</strong></span> <span class='ocrx_word' id='word_1_764' title='bbox 2965 5042 3208 5093; x_wconf 81' lang='lat' dir='ltr'><strong>videlicet</strong></span> <span class='ocrx_word' id='word_1_765' title='bbox 3234 5038 3386 5089; x_wconf 89' lang='lat' dir='ltr'><strong>inha-</strong></span> 
     </span>
    </p>
   </div>
   <div class='ocr_carea' id='block_1_102' title="bbox 214 5118 1796 5196">
    <p class='ocr_par' dir='ltr' id='par_1_102' title="bbox 214 5118 1744 5186">
     <span class='ocr_line' id='line_1_102' title="bbox 214 5118 1744 5186; baseline -0.006 -13"><span class='ocrx_word' id='word_1_766' title='bbox 214 5122 311 5173; x_wconf 78' lang='grc' dir='ltr'><strong>Διὸ</strong></span> <span class='ocrx_word' id='word_1_767' title='bbox 339 5122 429 5171; x_wconf 80' lang='grc' dir='ltr'>καὶ</span> <span class='ocrx_word' id='word_1_768' title='bbox 476 5120 542 5170; x_wconf 82' lang='grc' dir='ltr'>τὸ</span> <span class='ocrx_word' id='word_1_769' title='bbox 583 5121 945 5185; x_wconf 76' lang='grc' dir='ltr'>γεννώμενον</span> <span class='ocrx_word' id='word_1_770' title='bbox 1000 5120 1165 5186; x_wconf 75' lang='grc' dir='ltr'>ἅγιον</span> <span class='ocrx_word' id='word_1_771' title='bbox 1212 5118 1569 5181; x_wconf 78' lang='grc' dir='ltr'>κληθήσεται</span> <span class='ocrx_word' id='word_1_772' title='bbox 1619 5118 1744 5179; x_wconf 73' lang='grc' dir='ltr'><strong>Υἱὸς</strong></span> 
     </span>
    </p>
   </div>
   <div class='ocr_carea' id='block_1_103' title="bbox 1860 5118 3380 5196">
    <p class='ocr_par' dir='ltr' id='par_1_103' title="bbox 1860 5124 3380 5196">
     <span class='ocr_line' id='line_1_103' title="bbox 1860 5124 3380 5196; baseline 0.002 -20"><span class='ocrx_word' id='word_1_773' title='bbox 1860 5124 2036 5179; x_wconf 77' lang='lat' dir='ltr'><strong>bitatit)</strong></span> <span class='ocrx_word' id='word_1_774' title='bbox 2081 5130 2373 5182; x_wconf 78' lang='lat' dir='ltr'><strong>secundum</strong></span> <span class='ocrx_word' id='word_1_775' title='bbox 2434 5134 2834 5196; x_wconf 81' lang='lat' dir='ltr'><strong>substantiam,</strong></span> <span class='ocrx_word' id='word_1_776' title='bbox 2884 5148 2974 5185; x_wconf 88' lang='lat' dir='ltr'><strong>seu</strong></span> <span class='ocrx_word' id='word_1_777' title='bbox 3044 5131 3153 5194; x_wconf 83' lang='lat' dir='ltr'><strong>ipsa</strong></span> <span class='ocrx_word' id='word_1_778' title='bbox 3218 5128 3380 5180; x_wconf 86' lang='lat' dir='ltr'><strong>etiam</strong></span> 
     </span>
    </p>
   </div>
   <div class='ocr_carea' id='block_1_104' title="bbox 216 5206 1796 5286">
    <p class='ocr_par' dir='ltr' id='par_1_104' title="bbox 216 5206 1745 5274">
     <span class='ocr_line' id='line_1_104' title="bbox 216 5206 1745 5274; baseline -0.006 -10"><span class='ocrx_word' id='word_1_779' title='bbox 216 5208 383 5263; x_wconf 81' lang='grc' dir='ltr'>Θεοῦ.</span> <span class='ocrx_word' id='word_1_780' title='bbox 414 5210 485 5259; x_wconf 88' lang='grc' dir='ltr'><strong>Οὐ</strong></span> <span class='ocrx_word' id='word_1_781' title='bbox 516 5208 598 5257; x_wconf 76' lang='grc' dir='ltr'><strong>διὰ</strong></span> <span class='ocrx_word' id='word_1_782' title='bbox 625 5209 719 5274; x_wconf 83' lang='grc' dir='ltr'>τὴν</span> <span class='ocrx_word' id='word_1_783' title='bbox 755 5208 872 5259; x_wconf 75' lang='grc' dir='ltr'>καθ’</span> <span class='ocrx_word' id='word_1_784' title='bbox 900 5209 1188 5259; x_wconf 70' lang='grc' dir='ltr'>ὑπόστασιν</span> <span class='ocrx_word' id='word_1_785' title='bbox 1229 5208 1382 5272; x_wconf 82' lang='grc' dir='ltr'>μόνον</span> <span class='ocrx_word' id='word_1_786' title='bbox 1416 5206 1622 5264; x_wconf 74' lang='grc' dir='ltr'><strong>ἕνωσιν,</strong></span> <span class='ocrx_word' id='word_1_787' title='bbox 1657 5206 1745 5255; x_wconf 84' lang='grc' dir='ltr'>καὶ</span> 
     </span>
    </p>
   </div>
   <div class='ocr_carea' id='block_1_105' title="bbox 1860 5206 3378 5286">
    <p class='ocr_par' dir='ltr' id='par_1_105' title="bbox 1860 5215 3378 5286">
     <span class='ocr_line' id='line_1_105' title="bbox 1860 5215 3378 5286; baseline 0.001 -21"><span class='ocrx_word' id='word_1_788' title='bbox 1860 5215 2027 5267; x_wconf 72' lang='lat' dir='ltr'><strong>L&#39;fll&#39;llis</strong></span> <span class='ocrx_word' id='word_1_789' title='bbox 2086 5220 2399 5285; x_wconf 85' lang='lat' dir='ltr'><strong>assumptio.</strong></span> <span class='ocrx_word' id='word_1_790' title='bbox 2434 5217 2655 5286; x_wconf 80' lang='lat' dir='ltr'><strong>Ideoque</strong></span> <span class='ocrx_word' id='word_1_791' title='bbox 2692 5220 2755 5271; x_wconf 62' lang='grc' dir='ltr'>*ιιι</span> <span class='ocrx_word' id='word_1_792' title='bbox 2809 5220 2941 5283; x_wconf 64' lang='lat' dir='ltr'><strong>quod</strong></span> <span class='ocrx_word' id='word_1_793' title='bbox 2986 5218 3219 5267; x_wconf 76' lang='lat' dir='ltr'><strong>nascitur</strong></span> <span class='ocrx_word' id='word_1_794' title='bbox 3252 5232 3378 5267; x_wconf 81' lang='lat' dir='ltr'><strong>san-</strong></span> 
     </span>
    </p>
   </div>
   <div class='ocr_carea' id='block_1_106' title="bbox 212 5293 1796 5367">
    <p class='ocr_par' dir='ltr' id='par_1_106' title="bbox 212 5293 1741 5367">
     <span class='ocr_line' id='line_1_106' title="bbox 212 5293 1741 5367; baseline -0.007 -13"><span class='ocrx_word' id='word_1_795' title='bbox 212 5301 303 5354; x_wconf 74' lang='grc' dir='ltr'><strong>διὰ</strong></span> <span class='ocrx_word' id='word_1_796' title='bbox 336 5299 429 5367; x_wconf 70' lang='grc' dir='ltr'>τὴν</span> <span class='ocrx_word' id='word_1_797' title='bbox 462 5299 598 5349; x_wconf 79' lang='grc' dir='ltr'>κατᾶ</span> <span class='ocrx_word' id='word_1_798' title='bbox 644 5298 800 5364; x_wconf 78' lang='grc' dir='ltr'>χάριν</span> <span class='ocrx_word' id='word_1_799' title='bbox 852 5297 1040 5348; x_wconf 81' lang='grc' dir='ltr'>Θέωσιν</span> <span class='ocrx_word' id='word_1_800' title='bbox 1070 5300 1096 5347; x_wconf 91' lang='grc' dir='ltr'>ὀ</span> <span class='ocrx_word' id='word_1_801' title='bbox 1125 5296 1282 5354; x_wconf 80' lang='grc' dir='ltr'>αὐτὸς</span> <span class='ocrx_word' id='word_1_802' title='bbox 1332 5295 1419 5343; x_wconf 73' lang='grc' dir='ltr'><strong>καὶ</strong></span> <span class='ocrx_word' id='word_1_803' title='bbox 1460 5293 1580 5353; x_wconf 67' lang='grc' dir='ltr'><strong>Υίός</strong></span> <span class='ocrx_word' id='word_1_804' title='bbox 1610 5293 1741 5344; x_wconf 77' lang='grc' dir='ltr'>Θεοῦ</span> 
     </span>
    </p>
   </div>
   <div class='ocr_carea' id='block_1_107' title="bbox 1860 5293 3367 5367">
    <p class='ocr_par' dir='ltr' id='par_1_107' title="bbox 1860 5305 3367 5365">
     <span class='ocr_line' id='line_1_107' title="bbox 1860 5305 3367 5365; baseline 0.007 -17"><span class='ocrx_word' id='word_1_805' title='bbox 1860 5311 2005 5365; x_wconf 78' lang='lat' dir='ltr'><strong>:litnt,</strong></span> <span class='ocrx_word' id='word_1_806' title='bbox 2044 5306 2305 5356; x_wconf 81' lang='lat' dir='ltr'><strong>vocabitur</strong></span> <span class='ocrx_word' id='word_1_807' title='bbox 2342 5306 2511 5358; x_wconf 77' lang='lat' dir='ltr'><strong>Filius</strong></span> <span class='ocrx_word' id='word_1_808' title='bbox 2543 5308 2630 5359; x_wconf 78' lang='lat' dir='ltr'><strong>Dei</strong></span> <span class='ocrx_word' id='word_1_809' title='bbox 2673 5308 2736 5355; x_wconf 87' lang='grc'><strong>²⁰.</strong></span> <span class='ocrx_word' id='word_1_810' title='bbox 2771 5305 2902 5355; x_wconf 84' lang='grc' dir='ltr'>Τυιιι</span> <span class='ocrx_word' id='word_1_811' title='bbox 2932 5305 3097 5356; x_wconf 80' lang='lat' dir='ltr'><strong>Filius</strong></span> <span class='ocrx_word' id='word_1_812' title='bbox 3134 5306 3222 5357; x_wconf 83' lang='lat' dir='ltr'><strong>Dci</strong></span> <span class='ocrx_word' id='word_1_813' title='bbox 3256 5315 3367 5359; x_wconf 87' lang='lat' dir='ltr'><strong>tum</strong></span> 
     </span>
    </p>
   </div>
   <div class='ocr_carea' id='block_1_108' title="bbox 216 5384 1796 5461">
    <p class='ocr_par' dir='ltr' id='par_1_108' title="bbox 216 5384 1739 5456">
     <span class='ocr_line' id='line_1_108' title="bbox 216 5384 1739 5456; baseline -0.009 -11"><span class='ocrx_word' id='word_1_814' title='bbox 216 5396 310 5445; x_wconf 62' lang='grc' dir='ltr'>καὶ</span> <span class='ocrx_word' id='word_1_815' title='bbox 340 5391 461 5450; x_wconf 69' lang='lat' dir='ltr'><strong>T16;</strong></span> <span class='ocrx_word' id='word_1_816' title='bbox 511 5388 791 5456; x_wconf 78' lang='grc' dir='ltr'><strong>ἀνθρώπου</strong></span> <span class='ocrx_word' id='word_1_817' title='bbox 824 5388 913 5439; x_wconf 78' lang='grc' dir='ltr'>καὶ</span> <span class='ocrx_word' id='word_1_818' title='bbox 965 5387 1036 5439; x_wconf 84' lang='grc' dir='ltr'>ὢν</span> <span class='ocrx_word' id='word_1_819' title='bbox 1088 5385 1181 5437; x_wconf 79' lang='grc' dir='ltr'>καὶ</span> <span class='ocrx_word' id='word_1_820' title='bbox 1225 5384 1568 5449; x_wconf 57' lang='grc' dir='ltr'>καλούμενος,</span> <span class='ocrx_word' id='word_1_821' title='bbox 1609 5385 1739 5437; x_wconf 68' lang='grc' dir='ltr'><strong>ἀλλὰ</strong></span> 
     </span>
    </p>
   </div>
   <div class='ocr_carea' id='block_1_109' title="bbox 1860 5384 3375 5461">
    <p class='ocr_par' dir='ltr' id='par_1_109' title="bbox 1860 5390 3375 5461">
     <span class='ocr_line' id='line_1_109' title="bbox 1860 5390 3375 5461; baseline 0.005 -22"><span class='ocrx_word' id='word_1_822' title='bbox 1860 5390 2011 5443; x_wconf 59' lang='lat' dir='ltr'><strong>Filius</strong></span> <span class='ocrx_word' id='word_1_823' title='bbox 2057 5394 2286 5447; x_wconf 82' lang='lat' dir='ltr'><strong>hominis</strong></span> <span class='ocrx_word' id='word_1_824' title='bbox 2344 5396 2453 5461; x_wconf 82' lang='lat' dir='ltr'><strong>ipse</strong></span> <span class='ocrx_word' id='word_1_825' title='bbox 2484 5406 2531 5447; x_wconf 87' lang='lat' dir='ltr'><strong>ct</strong></span> <span class='ocrx_word' id='word_1_826' title='bbox 2570 5406 2649 5447; x_wconf 82' lang='lat' dir='ltr'><strong>est</strong></span> <span class='ocrx_word' id='word_1_827' title='bbox 2687 5404 2737 5446; x_wconf 87' lang='lat' dir='ltr'><strong>et</strong></span> <span class='ocrx_word' id='word_1_828' title='bbox 2779 5402 3014 5454; x_wconf 82' lang='lat' dir='ltr'><strong>vocatur,</strong></span> <span class='ocrx_word' id='word_1_829' title='bbox 3051 5410 3155 5447; x_wconf 89' lang='lat' dir='ltr'><strong>non</strong></span> <span class='ocrx_word' id='word_1_830' title='bbox 3196 5395 3375 5449; x_wconf 83' lang='lat' dir='ltr'><strong>solum</strong></span> 
     </span>
    </p>
   </div>
   <div class='ocr_carea' id='block_1_110' title="bbox 296 5560 1722 5627">
    <p class='ocr_par' dir='ltr' id='par_1_110' title="bbox 296 5560 1722 5627">
     <span class='ocr_line' id='line_1_110' title="bbox 296 5560 1722 5627; baseline -0.005 -10"><span class='ocrx_word' id='word_1_831' title='bbox 296 5568 333 5595; x_wconf 83' lang='lat'><strong><em>&quot;</em></strong></span> <span class='ocrx_word' id='word_1_832' title='bbox 365 5564 495 5619; x_wconf 73' lang='lat' dir='ltr'><strong>Luc.</strong></span> <span class='ocrx_word' id='word_1_833' title='bbox 536 5580 572 5627; x_wconf 88' lang='lat' dir='ltr'><strong>l,</strong></span> <span class='ocrx_word' id='word_1_834' title='bbox 621 5564 705 5615; x_wconf 65' lang='grc'><strong>55.</strong></span> <span class='ocrx_word' id='word_1_835' title='bbox 791 5565 817 5591; x_wconf 77' lang='grc'><strong>¹’</strong></span> <span class='ocrx_word' id='word_1_836' title='bbox 862 5562 1029 5613; x_wconf 66' lang='grc' dir='ltr'><strong>Ιίὶυι.</strong></span> <span class='ocrx_word' id='word_1_837' title='bbox 1062 5578 1093 5623; x_wconf 85' lang='lat' dir='ltr'><strong>t,</strong></span> <span class='ocrx_word' id='word_1_838' title='bbox 1130 5562 1215 5614; x_wconf 57' lang='grc' dir='ltr'><strong>Εἰ.</strong></span> <span class='ocrx_word' id='word_1_839' title='bbox 1296 5564 1330 5589; x_wconf 79' lang='grc'><strong>¹’⁴</strong></span> <span class='ocrx_word' id='word_1_840' title='bbox 1394 5560 1548 5615; x_wconf 45' lang='lat' dir='ltr'><strong>Hebr.</strong></span> <span class='ocrx_word' id='word_1_841' title='bbox 1604 5580 1637 5623; x_wconf 76' lang='grc' dir='ltr'>ι,</span> <span class='ocrx_word' id='word_1_842' title='bbox 1677 5566 1722 5615; x_wconf 73' lang='grc'><strong>5.</strong></span> 
     </span>
    </p>
   </div>
   <div class='ocr_carea' id='block_1_111' title="bbox 1828 5567 2263 5632">
    <p class='ocr_par' dir='ltr' id='par_1_111' title="bbox 1828 5567 2263 5632">
     <span class='ocr_line' id='line_1_111' title="bbox 1828 5567 2263 5632; baseline 0.007 -15"><span class='ocrx_word' id='word_1_843' title='bbox 1828 5569 1843 5595; x_wconf 57' lang='grc' dir='ltr'>θ</span> <span class='ocrx_word' id='word_1_844' title='bbox 1870 5567 1998 5621; x_wconf 78' lang='lat' dir='ltr'><strong>Luc.</strong></span> <span class='ocrx_word' id='word_1_845' title='bbox 2035 5586 2069 5632; x_wconf 82' lang='grc' dir='ltr'>ι,</span> <span class='ocrx_word' id='word_1_846' title='bbox 2132 5569 2216 5619; x_wconf 70' lang='grc'><strong>55.</strong></span> <span class='ocrx_word' id='word_1_847' title='bbox 2260 5610 2263 5611; x_wconf 43' lang='grc' dir='ltr'><strong>ν</strong></span> 
     </span>
    </p>
   </div>
  </div>
