4126 6332
531 249 635 310 8‘27

1756 239 2072 300 JOANNIS
2105 235 2532 296 GEOMETME

3625 227 3732 288 89.8

527 363 746 425 pr0pter
800 355 1053 409 unionem
1117 357 1411 410 secundum
1467 351 1792 422 bypostasim
1859 366 1922 404 ae
1976 364 2070 418 per

2183 346 2277 398 καὶ
2300 345 2384 397 διὰ
2419 344 2515 414 τὴν
2548 344 2653 396 τῶν
2695 345 2969 413 ὀνομάτων
3006 342 3352 404 ἀντίπτωσιν,
3381 343 3453 402 ὡς
3500 358 3596 392 του
3639 341 3740 410 μὲν

525 445 922 500 deificationem
948 441 1242 500 secundum
1273 446 1517 513 gratiam,
1537 443 1628 495 sed
1651 443 1811 494 etiam
1855 448 2074 509 propter

528 533 848 587 idiomatum
895 536 1440 588 communicationem
1468 549 1482 596 ;
1506 533 1639 585 adeo
1673 541 1730 584 ut
1780 540 1832 583 et
1869 529 2073 583 homini

526 636 763 689 perszepe
781 621 1228 691 tribuantur,qu
1250 632 1439 675 natura
1458 635 1554 674 sua
1569 629 1695 674 sunt
1713 618 1804 671 Dei
1836 616 2071 686 pr0pria,

2182 436 2464 503 ἀνθρώπου
2497 436 2749 497 πολλάκις
2797 435 2854 486 το
2886 433 2976 486 τοῦ
3019 433 3176 500 φύσει
3202 431 3357 491 Θεοῦ,
3388 431 3480 482 τοῦ
3517 431 3573 482 δὲ
3604 429 3740 482 Θεοῦ

2181 524 2242 577 τὸ
2266 524 2355 576 τοῦ
2400 524 2556 590 φύσει
2606 524 2935 591 καλουμένου
2973 523 3129 573 πάλιν
3160 519 3443 590 ἀνορὼπου
3504 518 3594 570 διὰ
3639 515 3738 586 τὴν

2180 615 2356 683 ἄκραν
2393 614 2585 689 ἕνωσίν
2613 632 2670 667 τε
2695 615 2785 665 καὶ
2816 612 3203 683 περιχώρησιν.
3615 616 3617 618 ’

526 717 579 760 et
619 709 850 762 \‘iCiSsinl
905 710 1028 773 Deo,
1061 727 1177 776 quae
1213 719 1401 777 suapte
1438 718 1626 760 natura
1689 716 1817 761 sunt
1871 702 2087 772 propria
2127 702 2386 768 hominis,
2441 703 2752 758 videlicetet
2790 711 3005 772 prepter
3057 699 3415 754 arctissimam
3479 698 3736 751 unionem

525 810 578 850 et
610 808 822 866 prepter
852 799 1465 855 circuminscssionem.'

591 888 771 942 XVIII.
809 890 1065 961 [Curnain
1105 909 1228 946 vero
1272 892 1539 961 (angelus)
1597 901 1725 945 non”
1750 888 1904 953 dixit.
1934 888 2071 955 ίίῖιοά

523 988 878 1044 generaturex
908 993 975 1047 te,
1020 983 1112 1036 sed
1145 984 1483 1050 simpliciter,
1514 982 1650 1050 quod
1682 988 1957 1047 generatur
1990 978 2074 1030 "?

522 1066 654 1129 Quia
686 1079 926 1133 noverat,
961 1086 1065 1123 non
1100 1071 1364 1129 mulieris.
1393 1071 1484 1123 sed
1519 1069 1730 1137 proprie
1771 1083 1835 1121 ac
1867 1067 2070 1136 prima-

523 1160 604 1210 rio
638 1158 735 1210 viri
764 1173 884 1213 esse
926 1161 1453 1228 generationein.‘Et
1509 1176 1638 1214 sane
1683 1159 1849 1228 patris
1876 1167 1955 1212 est
1981 1173 2072 1226 ge-

521 1261 743 1312 nerare;
770 1251 957 1304 matris
1009 1265 1157 1316 vero,
1194 1266 1315 1302 cum
1368 1250 1647 1317 receperit,
1676 1249 2067 1317 generationem

477 1382 485 1389 .
519 1338 584 1390 ad
620 1339 779 1392 finem
810 1341 1126 1407 perducere,
1165 1350 1324 1408 atque
1354 1341 1404 1393 in
1455 1339 1626 1392 lucem
1677 1340 1853 1394 edere.
1889 1337 2071 1405 Itaque

520 1435 579 1478 ut
631 1429 961 1492 ostenderet,
995 1432 1196 1496 prolem
1243 1429 1407 1491 illam.
1445 1439 1785 1496 generantem
1816 1427 1976 1484 simul
2019 1435 2072 1480 et

518 1516 780 1580 genitam,
816 1531 922 1568 non
989 1517 1088 1584 ipsi
1143 1517 1393 1584 (Virgini)
1453 1533 1518 1570 ex
1587 1520 1801 1581 integro
1836 1558 1850 1582 ,
1902 1531 2072 1584 neque

517 1604 681 1657 etiam
719 1605 853 1672 patri
895 1607 1264 1674 cuipiam,sed
1285 1607 1801 1677 sibimetipsidebcri
1834 1614 2073 1677 utgenc-

518 1706 750 1757 raretur,
791 1707 1069 1766 propterea
1114 1699 1191 1752 sic
1216 1700 1426 1753 locutus
1463 1699 1591 1770 est.]
1630 1697 1858 1769 [Fidem,
1884 1699 2072 1765 inquit

518 1783 818 1852 (angelus),
863 1784 1055 1841 faustis
1088 1786 1234 1841 hisee
1262 1789 1465 1843 nuntiis
1495 1789 1596 1842 alia
1616 1788 1818 1842 faciant
1852 1788 2068 1854 nuntia,

519 1874 672 1926 bisee
695 1875 891 1928 similia
938 1885 992 1930 et
1030 1879 1294 1933 miraculo
1327 1881 1613 1948 stupenda,
1646 1893 1764 1948 quae
1794 1894 1886 1947 per
1914 1894 1996 1930 me
2022 1888 2074 1932 et

519 1961 936 2017 tnanifestantur
975 1975 1027 2018 ct
1053 1969 1387 2020 exsecutioni
1432 1967 1844 2021 demandantur.
1869 1965 2070 2018 Horum

518 2060 694 2104 autem
722 2055 1089 2120 probationem
1124 2057 1405 2125 multiplici
1437 2073 1500 2112 ex
1536 2059 1709 2127 capite
1751 2065 1945 2126 priesto
1978 2057 2073 2110 lia-

519 2141 632 2200 bes.
673 2143 724 2194 in
759 2145 996 2209 nomine,
1026 2146 1077 2198 in
1125 2150 1464 2214 cognatione,
1496 2149 1547 2201 in
1583 2166 1638 2203 re
1677 2149 1810 2217 ipsa,
1843 2149 1894 2200 in
1928 2156 2066 2200 tem—

520 2247 670 2298 pore,
703 2233 754 2284 in
793 2235 910 2301 ipso
931 2236 1147 2288 demum
1181 2237 1443 2306 prodigio.
1475 2239 1610 2291 Ecce
1640 2238 1781 2290 enim
1808 2238 2063 2298 Elisabet,

519 2333 742 2389 cognata
776 2326 1136 2391 tua.concepit
1170 2328 1222 2378 in
1248 2336 1521 2390 senectute,
1556 2343 1670 2395 qua:
1715 2340 1929 2380 vocatur
1965 2335 2068 2379 sle-

522 2412 635 2461 rilis
657 2414 699 2441 "
729 2416 814 2478 (eo
841 2428 1011 2480 usque
1041 2415 1182 2468 enim
1216 2415 1490 2489 indomita:
1511 2417 1806 2470 sterilitatis
1836 2417 2069 2470 devene-

2242 888 2345 940 ΠΡ.
2379 886 2501 958 [Διὰ
2527 886 2578 941 τί
2605 886 2661 940 δὲ
2687 886 2784 939 οὐκ
2813 883 2953 950 εἷπε,
2979 886 3044 940 τὸ
3067 885 3438 958 γεννώμενοι-
3456 883 3573 937 ῠπὸ
3595 882 3734 946 σοῦ,

2169 977 2280 1029 ἀλλ’
2313 979 2516 1043 ἁπλῶς,
2545 979 2610 1030 τὸ
2648 976 3061 1046 τεννώμενον;
3099 976 3220 1031 Ὀτι
3271 970 3431 1034 οἶδεν.
3467 976 3566 1026 οὐκ
3616 973 3723 1026 ἀπὸ

2170 1068 2448 1135 γυναικὸς,
2471 1069 2586 1120 ἀλλ’
2626 1068 2732 1121 ἀπὸ
2762 1068 2950 1139 ἀνδρὸς
2984 1067 3187 1137 κυρίως
3225 1068 3321 1118 καλ⁵
3351 1064 3584 1133 πρώτως
3631 1066 3735 1133 τὴν

2171 1159 2440 1228 γέννησιν.
2471 1159 2580 1212 Καὶ
2602 1161 2764 1229 γεννᾷ
2795 1159 2891 1229 μὲν
2915 1162 2943 1214 ὀ
2977 1158 3180 1228 πατὴρ,
3209 1161 3240 1227 ἠ
3268 1156 3324 1209 δὲ
3347 1157 3529 1226 μήτηρ
3556 1155 3727 1206 διαδε-

2176 1246 2399 1316 χομὲνη,
2415 1247 2725 1316 τελεσφορεῖ
2742 1247 2832 1299 καὶ
2848 1248 3074 1317 προάγει
3104 1246 3201 1317 τὴν
3223 1247 3493 1314 γέννησιν.
3517 1245 3616 1299 Ἴν’
3643 1241 3735 1297 οὖν

2180 1340 2314 1405 μήτε
2353 1337 2460 1390 ἀπὸ
2500 1336 2702 1406 ταύτης
2747 1338 2886 1399 ὅλον,
2939 1338 3075 1406 μήτε
3109 1338 3164 1388 δὲ
3201 1338 3293 1391 καὶ
3334 1336 3439 1388 ἀπὸ
3505 1336 3729 1404 πατρὸς,

2174 1425 2287 1496 ἀλλ’
2319 1423 2412 1493 ἀφ’
2442 1424 2633 1478 ἑαυτοῦ
2661 1425 2806 1495 δείξῃ
2852 1426 2913 1476 τι
2944 1426 3206 1494 γέννημα,
3243 1428 3338 1477 καὶ
3372 1426 3576 1492 γεννῶν
3596 1423 3730 1497 ὁμοῦ

2176 1515 2268 1566 καὶ
2322 1513 2676 1582 γεννώμενον,
2701 1514 2787 1566 διὰ
2829 1515 2985 1567 τοῦτο
3021 1514 3194 1578 οὕτως
3256 1512 3464 1586 ein:st
3497 1513 3729 1584 [Πίστιῆ

2177 1603 2331 1672 φησι,
2355 1604 2521 1658 τῶνδε
2547 1603 2653 1656 τῶν
2670 1604 3022 1670 εὐαγγελίων,
3053 1603 3215 1674 ἓτερα
3239 1605 3531 1671 εὐαγγέλια
3561 1617 3731 1672 προσ-

2176 1694 2391 1765 εμφερῆ
2442 1695 2536 1747 καὶ
2571 1695 2842 1765 ὑπερφυῆ,
2868 1695 2934 1748 δι’
2957 1695 3089 1764 ἐμοῦ
3113 1695 3205 1746 καὶ
3235 1696 3610 1762 γινωσκόμενα
3640 1694 3733 1746 καὶ

2169 1785 2447 1855 γινόμενα.
2473 1783 2688 1835 Τούτων
2711 1783 2766 1834 δέ
2783 1798 2862 1835 σοι
2894 1783 3043 1853 παρὰ
3073 1783 3281 1836 πολλῶν
3302 1782 3574 1848 ἀπόδειξις
3627 1782 3733 1834 ἀπδ

2169 1879 2262 1930 τοῦ
2301 1877 2583 1945 ὀνόματος.
2609 1875 2714 1926 ἀπδ
2739 1875 2836 1943 τῆς
2859 1874 3200 1942 συγγενείας,
3227 1873 3334 1926 ἀπὸ
3359 1873 3450 1926 τοῦ
3477 1873 3733 1942 πράγμα-

2170 1986 2280 2033 τος,
2303 1969 2409 2021 ἀπὸ
2425 1967 2518 2020 τοῦ
2534 1969 2745 2037 χρόνου,
2766 1967 2860 2018 καί
2881 1966 3147 2019 ἀπἀύτοῦ
3166 1965 3256 2017 τοῦ
3276 1965 3580 2026 Θαύματος.
3601 1961 3733 2017 ’ἰδοὺ

2171 2059 2278 2129 γὰρ
2318 2058 2649 2118 Ἐ.ῖισὰΰέτ,
2680 2057 2717 2124 ἡ
2754 2056 3053 2125 συγγενής
3082 2042 3220 2120 σου,
3272 2056 3612 2109 συνέλαϐεν
3660 2055 3731 2107 ἐν

2175 2147 2337 2217 γήρει
2347 2147 2416 2213 .Ιή
2434 2149 2546 2198 καλ
2557 2164 2585 2198 0
2595 2143 2777 2212 υμένη
2801 2146 3021 2211 ate/per
3039 2145 3290 2198 τοσοῦτον
3302 2146 3379 2206 είς
3390 2143 3500 2207 ἕξιν
3513 2138 3612 2212 ἧκε
3630 2141 3731 2212 τῆς

2176 2235 2610 2301 ἀπαιδίας,ὤστε
2646 2234 2737 2286 καλ⁹
2774 2237 2852 2297 εἰς
2891 2235 3081 2307 κλῆσιν
3108 2236 3242 2304 αὐτῇ
3274 2234 3558 2304 γνώρισμα
3590 2227 3731 2286 εἶναι

2177 2325 2234 2376 τὸ
2257 2323 2541 2392 ἀτύχημασ
2580 2324 2671 2375 καὶ
2711 2323 2776 2393 δὴ
2822 2323 3001 2388 πλέον,
3030 2324 3122 2378 ὅτι
3159 2323 3338 2378 οὐδὲν
3363 2323 3731 2389 ἀδυνατήσει

2178 2413 2336 2480 παρὰ
2357 2410 2436 2477 τῷ
2459 2411 2623 2485 Θεῷ].
3571 2433 3576 2436 ·

520 2510 623 2558 rat,
654 2511 709 2553 ut
753 2502 1105 2555 infortunium
1142 2505 1353 2559 cederet
1378 2507 1424 2559 ei
1453 2508 1502 2560 in
1528 2523 1877 2576 nomen,quo
1897 2507 2290 2573 denotaretur),
2348 2513 2420 2569 et,
2477 2503 2621 2574 quod
2682 2503 2843 2558 etiam
2892 2504 3066 2575 majus
3126 2514 3226 2570 est,
3276 2508 3399 2575 quia
3450 2505 3580 2558 nihil
3627 2504 3728 2558 im-

519 2590 762 2655 possibile
795 2593 930 2657 apud
958 2591 1119 2646 Deum
1136 2595 1221 2664 ’3].

592 2682 706 2734 ΧΙΧ
761 2683 846 2754 [Ει
880 2669 966 2741 hic
1001 2690 1215 2756 quidem
1267 2692 1555 2760 perpende,
1580 2709 1786 2762 qumso,
1822 2691 2066 2762 Virginis

521 2789 718 2835 mores.
753 2773 816 2830 et'
857 2790 1109 2844 quautam
1154 2781 1203 2833 in
1250 2782 1472 2848 juvenili
1516 2785 1801 2838 admodum
1843 2798 2068 2852 corpore.

519 2877 566 2916 et
597 2868 787 2921 mentis
819 2879 870 2922 et
906 2873 1128 2938 spiritus
1167 2874 1549 2941 perfectionem
1601 2885 1831 2944 gereret.
1861 2877 2065 2942 Quam-

520 2956 611 3011 diu
653 2956 794 3012 enim
849 2962 1067 3016 suberat
1118 2965 1217 3017 viri
1260 2968 1518 3035 suspicio,
1551 2969 1601 3022 in
1658 2970 2065 3038 conceptionem

521 3046 832 3102 nullatenus
885 3053 1182 3108 consensit.
1229 3056 1329 3108 Sed
1364 3057 1508 3119 licet,
1544 3059 1739 3127 inquit,
1779 3068 1834 3111 tu
1877 3058 1952 3111 sis
1981 3074 2072 3112 ar-

519 3135 834 3204 cbangelus,
864 3141 985 3194 licet
1012 3157 1245 3211 superna
1298 3149 1541 3214 quwdam
1572 3149 1702 3201 mihi
1733 3158 1785 3201 et
1827 3149 2070 3202 cmleStia

528 3226 713 3277 nuntia
753 3226 986 3292 deferas,
1012 3242 1063 3284 at
1092 3236 1233 3286 enim
1278 3245 1482 3289 uteum
1516 3239 1631 3290 viro
1689 3238 1798 3304 ipsa
1845 3253 2071 3306 congre-

522 3313 662 3377 diar,
696 3318 1108 3387 concipiamque
1143 3337 1205 3375 ac
1245 3325 1472 3390 pariam,
1511 3325 1561 3377 id
1619 3326 1967 3392 impossibile.
2006 3327 2071 3378 At

523 3413 809 3471 postquam
867 3409 1193 3460 commonita
1235 3418 1318 3462 est
1366 3419 1475 3464 tum
1522 3411 1587 3465 de
1624 3414 1792 3485 sancti
1841 3412 2098 3482 Spiritus-

522 3492 775 3556 adventu,
806 3501 917 3546 tum
954 3496 1018 3548 de
1045 3495 1134 3550 Dei
1169 3497 1304 3552 Filio
1341 3499 1392 3552 in
1425 3501 1536 3568 ipsa
1565 3502 1946 3565 inhabitatum,
1981 3520 2071 3557 ac-

522 3584 752 3649 quiescit
782 3586 866 3638 illa
896 3587 1114 3654 quidem
1153 3600 1204 3643 et
1232 3578 1434 3658 credit;
1462 3593 1594 3645 nihil
1624 3594 1764 3647 enim
1802 3595 1907 3648 Deo
1967 3599 2068 3648 iiii-

522 3673 776 3740 possibile
832 3691 989 3741 csse;
1037 3694 1208 3746 neque
1276 3690 1451 3734 tamen
1502 3682 1718 3736 inflatur
1764 3697 2066 3754 propterea,

522 3774 684 3833 atque
729 3769 1026 3832 extollitur,
1059 3772 1149 3824 sed
1203 3772 1520 3842 deprimitur
1576 3777 1774 3845 potius,
1841 3792 2068 3846 seseque

520 3858 784 3924 demittit;
823 3845 901 3915 et-
930 3877 1033 3913 non
1087 3863 1246 3916 modo
1296 3864 1544 3918 ancillam
1598 3882 1655 3920 se
1690 3868 1941 3936 appellat,
1979 3845 2069 3921 re-

521 3963 660 4012 rum,
707 3960 763 4002 ut
822 3962 1243 4006 consentaneum
1295 3963 1398 4019 est,
1447 3965 1686 4023 paratam
1726 3948 1965 4025 quoque
2010 3974 2068 4011 se

519 4056 637 4093 esse
684 4042 748 4093 ad
785 4042 1144 4096 ministerium
1201 4045 1458 4109 aﬂiruiat';
1511 4056 1880 4102 verumtamen
1942 4065 2064 4101 cum

521 4131 851 4197 propositum
889 4149 1084 4186 munus
1107 4149 1164 4186 se
1194 4136 1307 4201 ipsa
1341 4137 1609 4198 sitaltius,
1645 4154 1747 4200 non
1791 4148 1895 4189 tant
1934 4139 2063 4190 illud

2189 2660 2200 2670 .
2249 2687 2346 2740 ιεγ.
2386 2687 2552 2758 [Ὅρα
2585 2704 2675 2755 μοι
2705 2686 2983 2740 κάνταῦθα
3021 2688 3117 2755 τῆς
3149 2689 3428 2753 Παρθένου
3474 2687 3533 2741 τδ
3567 2682 3722 2758 ἦθος,

2175 2778 2270 2830 καὶ
2331 2779 2460 2847 ὅσην
2507 2774 2648 2846 εἶχεν
2696 2780 2751 2831 ὲν
2795 2779 2970 2848 νεαρῷ
3013 2780 3204 2849 κομιδῇ
3250 2780 3325 2849 τῷ
3367 2779 3574 2850 σώματι
3629 2781 3725 2833 καὶ

2177 2871 2516 2940 φρονήματος
2557 2868 2688 2938 ὁμοῦ
2724 2870 2817 2921 xal.
2865 2870 3173 2940 πνεύματος
3217 2871 3540 2940 τελειότητι.
3579 2873 3722 2934 Ἕως

2176 2961 2275 3029 μὲν
2323 2960 2427 3029 γὰρ
2462 2959 2651 3025 ἀνδρὸς
2708 2960 2974 3030 ὑπόληψις
3021 2957 3108 3030 ἦν,
3171 2963 3268 3032 τὴν
3327 2963 3584 3033 σύλληψιν
3624 2965 3722 3015 οὐκ

2172 3049 2404 3117 ἐδέχετο.
2469 3048 2625 3101 Ἀλλὰ
2667 3048 2769 3102 κᾶν
2833 3050 3170 3120 ἀρχάγγελος
3216 3049 3280 3123 ᾗς
3313 3093 3326 3115 ,
3385 3055 3516 3122 φησὶ
3546 3095 3561 3120 ,
3621 3052 3723 3104 κᾶν

2173 3144 2427 3214 ὑπερφυῆ
2478 3143 2566 3213 μοί
2592 3161 2712 3196 τινα
2757 3146 2853 3197 xal.
2899 3145 3123 3216 οὐράνια
3171 3147 3400 3215 κομίζῃς
3444 3147 3511 3199 τὰ
3557 3149 3724 3212 εὐαγ-

2172 3232 2347 3299 γέλια,
2376 3234 2491 3287 ἀλλ’
2545 3233 2645 3301 ἐμὲ
2683 3233 2775 3285 καὶ
2833 3233 2986 3302 ἀνδρὶ
3039 3235 3308 3286 συνελθεῖν
3368 3236 3462 3287 καὶ
3528 3236 3721 3288 συλλα-

2168 3321 2289 3387 ¹δείν
2347 3323 2439 3372 καὶ
2495 3323 2692 3382 τεκεῖν,
2729 3322 3042 3392 ἀγειήχανον.¹
3088 3322 3304 3390 Ἐπειδὴ
3355 3323 3412 3374 δὲ
3477 3325 3568 3376 καὶ
3626 3323 3723 3391 τὴν

2173 3407 2473 3474 παρουσίαν
2515 3444 2530 3469 ,
2586 3407 2678 3459 καὶ
2732 3407 2828 3475 τὴν
2885 3409 3154 3475 ἐνοίκησιν
3191 3447 3205 3468 ,
3263 3410 3362 3474 τὴν
3447 3410 3544 3480 μὲν
3625 3411 3719 3462 τοῦ

2176 3481 2509 3565 Πνεύματος,
2532 3497 2626 3567 τὴν
2655 3498 2709 3550 δὲ
2743 3497 2835 3550 τοῦ
2869 3498 2997 3550 Υίοῠ
3045 3481 3567 3572 προσευηγγελίσοη,
3598 3503 3717 3554 πεί-

2174 3589 2323 3640 Οεται
2375 3589 2472 3658 μὲν
2513 3590 2605 3641 καὶ
2653 3589 2934 3642 πιστεύει·
2965 3590 3128 3659 μηδὲν
3170 3590 3273 3659 γὰρ
3321 3591 3581 3644 ἀδύνατον
3639 3589 3716 3644 εἶ-

2172 3697 2257 3732 ναι
2297 3679 2413 3748 Θεῴ
2446 3696 2457 3709 ·
2512 3681 2742 3746 (posita:
2799 3679 2853 3732 δὲ
2913 3682 3004 3733 καὶ
3064 3681 3345 3750 ἐπαίρεται
3415 3682 3535 3735 οὐδὲ
3620 3683 3715 3736 οὖ-

2169 3786 2296 3832 τως,
2334 3768 2464 3821 ἀλλὰ
2505 3769 2835 3821 καταπίπτει
2886 3770 3084 3838 μᾶλλον
3145 3774 3237 3823 καὶ
3291 3771 3716 3824 ὑποστέλλεται·

2169 3858 2262 3910 καὶ
2309 3857 2498 3928 δούλην
2540 3857 2642 3928 μὲν
2669 3860 2863 3927 ἑαυτὴν
2898 3859 2996 3910 οὐκ
3052 3859 3302 3928 ὀνομάζει
3366 3860 3543 3928 μόνον,
3580 3860 3718 3912 ἀλλὰ

2167 3952 2282 4011 καὶ,
2313 3949 2385 4010 ὡς
2431 3951 2595 4011 εἰκὸς,
2631 3951 2850 4018 ἑτοίμην
2891 3949 3029 4004 εἶναι
3073 3951 3218 4016 λέγει
3265 3952 3397 4019 πρὸς
3427 3951 3486 4003 τὸ
3520 3953 3712 4020 ὑπούρ-

2168 4056 2321 4106 γημα
2350 4053 2362 4066 '
2393 4038 2464 4099 ὡς
2495 4038 2549 4089 δὲ
2579 4038 2670 4089 καὶ
2707 4038 2841 4105 ὑπὲρ
2875 4038 3042 4104 αὐτὴν
3070 4039 3149 4102 ὃν,
3176 4040 3233 4090 οὐ
3259 4040 3473 4107 δέχεται
3521 4042 3719 4110 μᾶλλον

2167 4129 2198 4195 ἢ
2238 4127 2524 4194 ἐπεύχεται
2561 4127 2620 4177 τὸ
2675 4125 3037 4197 ὲπὰγγελμα.]
3083 4129 3271 4189 Ἄλλος
3314 4128 3412 4195 μὲν
3467 4128 3557 4182 οὖν
3592 4131 3716 4182 ἄλλο

519 4222 768 4280 assumit,
805 4222 964 4287 quam
996 4238 1050 4273 se
1085 4223 1132 4273 ei
1162 4222 1419 4274 famulatu
1436 4239 1545 4281 ram
1577 4240 1694 4276 esse
1738 4225 2061 4294 pollicetur.]

2169 4235 2217 4268 τι
2251 4218 2351 4268 τῶν
2407 4220 2532 4284 περὶ
2582 4217 2784 4284 ταύτην
2851 4217 2948 4286 τὴν
2991 4222 3377 4287 μυσταγωγίαν
3430 4221 3718 4274 ἐπαινείτω

519 4307 619 4358 Alii
651 4309 831 4373 itaque
856 4309 956 4360 alia
983 4309 1156 4371 exiis,
1188 4327 1305 4377 quae
1330 4313 1394 4362 ad
1424 4312 1520 4363 hoc
1555 4315 1867 4380 mysterium
1898 4315 2060 4377 perti-

522 4403 668 4455 nent,
693 4395 1011 4449 celebranda
1045 4410 1341 4462 assumant,
1382 4409 1433 4452 et
1473 4399 1707 4469 Virginis
1733 4402 2066 4455 demireutur

521 4481 658 4534 alius
701 4484 914 4549 quidem
961 4487 1321 4553 prudentiam,
1357 4490 1494 4544 alius
1531 4505 1656 4543 vero
1705 4491 2062 4559 obsequium;

522 4571 680 4630 alius,
711 4573 851 4639 quod
881 4575 1172 4642 splendidis
1208 4581 1342 4633 adeo
1374 4580 1790 4650 ingentibusque
1811 4581 2066 4651 fulgentis

521 4677 581 4712 ae
622 4665 796 4731 magni
877 4669 1183 4738 archangeli
1235 4672 1692 4738 promissionibus
1753 4683 1906 4741 capta
1959 4688 2066 4726 non

520 4750 713 4814 fuerit;
756 4754 910 4818 alius,
944 4760 1083 4824 quod
1122 4776 1225 4812 non
1268 4762 1384 4828 plus
1424 4779 1574 4830 aequo
1624 4780 1652 4815 a
1697 4763 1798 4816 iide
1848 4773 2056 4831 tempe-

522 4843 687 4891 rando
717 4856 831 4894 sese
854 4846 1167 4899 renitentem
1207 4851 1540 4916 exhibuerit;
1580 4852 1671 4905 sed
1700 4853 1916 4920 perinde
1936 4862 1989 4904 et
2030 4868 2058 4905 a

520 4934 751 4984 seducta:
801 4936 1194 5002 progenitricis,
1249 4939 1387 5004 livrc,
1437 4943 1674 5010 inquam,
1734 4943 2057 5010 imprudenti

519 5022 881 5089 simplicitate,
918 5034 970 5076 et
1020 5040 1046 5075 a
1084 5041 1282 5090 nupera
1320 5030 1570 5084 increduli
1603 5033 1813 5100 cognati
1848 5031 2058 5083 Zacha-

521 5113 611 5164 Γίὲῐξ
656 5114 946 5186 dillidenlia
986 5117 1206 5169 caverit.
1236 5125 1301 5170 At
1341 5123 1467 5174 milii
1507 5124 1643 5179 baud
1677 5125 1918 5178 miranda
1963 5125 2062 5175 ini-

523 5220 619 5256 nus
640 5205 867 5273 (3),iuio
896 5225 1017 5259 vero
1049 5209 1208 5260 etiam
1259 5212 1493 5266 maximo
1544 5232 1649 5282 pra:
1690 5217 1908 5286 reliquis
1968 5215 2062 5283 (si-

588 5347 627 5374 "
655 5348 782 5401 Luc.
827 5366 864 5410 ι,
905 5351 992 5401 55.
1071 5351 1114 5379 ’³
1143 5349 1271 5403 ibid.
1317 5351 1403 5403 56.
1478 5354 1521 5382 ’³
1559 5354 1685 5406 lbid.
1718 5356 1802 5407 57.

591 5512 661 5576 (7i)
718 5512 986 5564 Sententia
1050 5531 1175 5568 sane
1238 5517 1549 5583 dignissima
1604 5527 1878 5583 estquam
1943 5533 2050 5580 prie

522 5581 690 5634 oculis
746 5596 1018 5648 nunquam
1059 5602 1160 5638 llUll
1210 5581 1401 5639 habent
1452 5587 1694 5652 quisquis
1745 5581 1820 5636 ile
1855 5595 2052 5639 salicta;

2123 4353 2126 4356 .
2170 4309 2262 4359 καὶ
2302 4308 2621 4376 Οαυμαςέτω
2672 4308 2766 4376 τῆς
2801 4309 2987 4378 κόρης,
3017 4311 3042 4360 ὁ
3073 4310 3168 4378 μὲν
3204 4311 3300 4378 τὴν
3345 4311 3661 4376 ἀσφάλειαν,
3689 4315 3716 4365 ὁ

2163 4396 2218 4449 δὲ
2252 4396 2349 4465 τὴν
2377 4397 2682 4449 εὐπείθειαν
2717 4413 2729 4428 ·
2762 4399 2788 4449 ὁ
2825 4397 2941 4467 μὲν,
2973 4399 3051 4451 ὅτι
3091 4400 3164 4467 μὴ
3223 4401 3549 4468 συνηρπάγη
3578 4399 3713 4470 λαμ-

2165 4489 2327 4556 πραῖς
2355 4489 2493 4541 οὕτω
2531 4490 2623 4542 καὶ
2671 4491 2933 4557 μεγάλαις
2979 4492 3070 4543 καὶ
3111 4493 3259 4562 παρὰ
3312 4493 3563 4564 λαμπροῦ
3619 4493 3712 4545 καὶ

2166 4577 2399 4647 μεγάλου
2422 4579 2513 4632 τοῦ
2532 4581 2869 4649 ἀρχαγγέλου
2913 4585 3029 4644 ταῖς
3061 4584 3412 4651 ὑποσχέσεσιν
3438 4600 3450 4612 ·
3486 4586 3513 4637 ὁ
3551 4584 3597 4635 δ’
3627 4585 3708 4636 ὅτι

2170 4673 2243 4739 μὴ
2286 4672 2425 4738 πέρα
2470 4673 2563 4725 τοῦ
2617 4676 2836 4744 μετρίου
2898 4676 3198 4736 δυσπειθῶς
3262 4678 3528 4746 ἐχρήσατο
3593 4679 3711 4739 ταῖς

2165 4760 2577 4813 ὲναντιώτεσινο
2617 4762 2727 4815 ἀλλ’
2782 4763 2974 4830 ἐπίσης
3027 4763 3254 4828 ἐξέφυγε
3299 4764 3524 4830 καὶτῆς
3573 4780 3710 4831 προ-

2161 4851 2378 4919 γονικῆς
2406 4853 2636 4920 ἀπάτης,
2668 4854 2761 4921 τῆς
2794 4853 2952 4915 Εὔας,
2985 4853 3142 4921 φημὶ,
3177 4853 3273 4920 τὴν
3307 4853 3581 4922 εὐήθειαν,
3620 4851 3714 4904 καὶ

2160 4946 2254 5008 τῆς
2291 4946 2611 5011 συγγενικῆς
2664 4945 2918 5005 ἀπιστίας
2953 4944 3042 4996 τοῦ
3083 4945 3347 5012 Ζαχαρίου
3373 4944 3478 5013 προ
3519 4942 3712 5013 μικροῦ

2161 5035 2257 5100 τὴν
2286 5037 2580 5087 ἀπείθειαν.
2622 5037 2772 5104 Ἐμοὶ
2793 5038 2845 5089 δὲ
2876 5037 2967 5088 καὶ
2998 5037 3056 5086 τὸ
3079 5037 3207 5103 ὕψος
3240 5039 3335 5106 τῆς
3355 5055 3713 5105 ταπεινοφρο-

2163 5125 2322 5191 σύνης
2383 5127 2476 5192 οὐχ
2529 5123 2687 5194 ἦττον
2742 5127 2885 5178 δοκεῖ
2929 5129 3257 5194 θαυμαστὴν,
3292 5130 3404 5180 ἀλλ’
3454 5129 3611 5194 εἴπερ
3663 5143 3713 5177 τι

2163 5215 2268 5265 τῶν
2320 5215 2510 5279 ἄλλων,
2538 5218 3060 5286 ἐκπληκτικώτατον,
3091 5220 3157 5272 δι’
3211 5222 3275 5291 ἣν
3303 5221 3436 5289 τάχα
3480 5221 3570 5273 καὶ
3622 5217 3714 5269 ἐπὶ

2163 5512 2398 5574 Virginis
2430 5513 2796 5577 prmroaatixis
2827 5523 3026 5576 absque
3054 5513 3250 5562 erroris
3300 5510 3531 5576 periculo
3564 5511 3704 5569 diiu-

2160 5583 2339 5634 dieare
2370 5585 2535 5646 cupit.
2578 5583 2714 5636 illim
2742 5585 2914 5636 onmia
2948 5584 3176 5645 fuerunt,
3213 5599 3325 5638 uiue
3380 5581 3444 5630 ad
3481 5577 3712 5631 Marium
