4126 6332
346 358 452 423 833

1122 361 1374 423 ἑθΕῆΜο
1408 362 1489 423 ΙΝ
1529 364 1631 425 SS.
1671 365 2020 427 ΒΕΙΡΑΒιΕ
2052 366 2767 433 ΔΝΝΗΝΤΙΑΤΙΟΝΕΜ.

3449 377 3554 440 834

418 469 565 523 Πόσα
618 487 708 541 μοι
754 471 848 525 καὶ
897 470 1099 541 πηλίκα
1129 471 1317 525 τούτου
1338 470 1434 524 τοῦ
1481 463 1778 544 μυστηρίου
1836 474 1898 528 τὰ

1973 526 1981 544 _
2076 474 2219 540 Quot
2251 481 2305 528 et
2337 477 2801 545 quam.‘sublin3ia
2833 476 2887 532 in
2941 477 3042 533 hoc
3105 456 3360 550 mvsterio
3420 482 3551 536 mihi

343 560 626 630 θαύματα,
694 562 788 614 καὶ
822 562 1022 632 ὁμοίως
1072 562 1320 632 ἄφραστα
1344 563 1439 615 καὶ
1469 562 1669 632 ὁμοίως
1716 564 1897 632 ἄγνω-

343 650 474 703 σταί
505 650 686 703 Πάντα
715 650 815 720 μιν
850 650 989 721 γάρ,
1010 651 1108 704 ὅσα
1136 650 1264 718 ἐγὼ,
1290 652 1358 705 δι’
1387 653 1486 721 ὲμδ
1514 651 1722 719 γίνεται
1763 654 1895 717 Θεὸς

341 734 575 809 ὕστερον
596 757 610 770 ο
642 740 702 792 οὐ
736 740 895 811 μόνον
920 743 948 793 6
978 735 1226 809 ἀόρατος,
1259 741 1391 794 ἀλλὰ
1419 743 1513 796 καὶ
1548 745 1578 796 6
1602 743 1893 815 άπερινόη-

2004 563 2219 619 elucent
2252 565 2539 626 miracula,
2569 577 2769 636 quanta
2830 571 3100 623 sermonis
3126 569 3279 638 juxta
3309 586 3372 625 ac
3401 588 3550 626 tuen-

2004 655 2073 708 tis
2106 669 2237 709 mea:
2269 656 2375 709 vim
2396 658 2735 725 superantia!
2767 657 3040 727 Quidquid
3068 662 3212 713 enim
3248 660 3359 729 ipse
3410 677 3553 725 sum,

2001 744 2105 797 hoc
2132 744 2309 814 ipsum
2341 746 2481 800 Deus
2536 746 2832 801 novissime
2865 759 3083 817 pt'Oplt‘r
3135 765 3221 805 me
3273 752 3553 817 nascitur;

335 845 433 892 τος
473 830 700 900 ὁρατός⁸
759 833 790 884 6
838 829 1083 907 ἀόριστος
1142 830 1373 900 όριστδς,
1451 832 1480 883 6
1518 834 1896 904 άπεριόριστος

2000 834 2092 902 qui
2122 837 2321 889 nedum
2354 834 2643 890 invisibilis
2660 837 2857 899 oculis,
2890 838 2984 892 sed
3025 856 3092 894 ne
3128 849 3309 895 mente
3334 842 3550 910 quidem

338 920 734 991 περιγραπτδς,
771 923 800 975 6
841 921 1004 984 άῦλος
1054 920 1255 984 ὑλικδς,
1285 921 1314 972 6
1375 922 1585 993 ἀναφὴς
1622 923 1813 987 ἁπτὸς,
1864 925 1893 977 6

335 1010 553 1082 ἀπαθὴς
579 1010 842 1083 παθητὸς,
887 1011 916 1063 6
931 1011 1271 1081 ὑπερούσιος.
1289 1013 1686 1083 όῦπέρχρονος,
1708 1015 1737 1067 6
1760 1015 1891 1070 ἀθά-

334 1101 778 1168 νατος,,κτιστδς,
805 1102 1081 1173 ἐφήμερος
1108 1102 1199 1155 καὶ
1224 1102 1435 1173 θνητός.
1466 1102 1634 1156 Οῠπω
1652 1104 1709 1157 δὲ
1738 1106 1833 1159 καὶ
1862 1107 1891 1159 6

334 1194 738 1264 άνερμήνευτος
790 1193 1151 1264 ἑρμηνευτδς,
1185 1178 1320 1255 ίοῦδὲ
1380 1186 1475 1247 καὶ
1528 1194 1558 1246 6
1608 1195 1887 1266 ἀκατάληπ-

335 1299 492 1346 πτος,
516 1285 563 1335 εί
594 1282 689 1336 καὶ
714 1284 779 1353 τῇ
813 1285 1220 1355 σαρκὶληπτδς,
1270 1283 1613 1355 καταληπτδς
1636 1286 1713 1356 τῷ
1758 1285 1890 1340 Bati-

337 1389 472 1441 ματι
501 1373 599 1442 τῆς
638 1372 983 1444 σαρκώσεως.
1038 1374 1177 1427 Ἀλλ’
1222 1376 1271 1428 εί
1299 1374 1379 1427 δεί
1401 1392 1452 1428 τι
1478 1377 1570 1429 καὶ
1606 1376 1881 1447 τολμηρό-

334 1477 496 1532 τερον
542 1464 739 1526 εἰπεῖν,
797 1464 1327 1534 ἀκαταληπτότερος,
1373 1464 1482 1534 ὅσῳ
1512 1470 1576 1535 τῇ
1626 1466 1758 1535 πρὸς
1788 1470 1887 1535 τῆς

332 1551 551 1619 φύσεως
597 1553 943 1624 άκαταληψίᾳ
993 1554 1087 1607 καὶ
1146 1553 1247 1625 τὴν
1280 1555 1343 1606 ἐκ
1386 1555 1482 1621 τῆς
1534 1554 1885 1625 προσλήψεως

331 1639 701 1708 προσελάϐετο
722 1658 734 1671 ο
765 1642 866 1694 οὐκ
900 1640 1276 1711 ἀνθρωπότητι
1303 1639 1463 1710 μίξας
1514 1638 1742 1708 θεότητα
1793 1640 1887 1709 μό-

328 1744 443 1791 νον,
468 1729 603 1783 άλλὰ
627 1730 720 1783 καὶ
752 1730 911 1800 μίξας
937 1719 1276 1797 ἀδιαιόέτως,
1322 1730 1415 1783 καὶ
1448 1731 1686 1799 κεράσας
1707 1729 1882 1800 ἀφύρ-

1998 924 2506 991 comprebensibilis
2554 914 2667 989 est,
2727 925 2816 979 hic
2878 926 2938 979 llt
2993 920 3263 990 visibilis;
3309 930 3553 987 inﬁnitus

1999 1014 2183 1068 evadit
2230 1015 2438 1080 ﬁnitus,
2496 1015 3006 1086 incircumscriptus
3059 1019 3551 1082 circumscribitur,
3667 1054 3675 1060 -

1997 1104 2277 1157 materiam
2308 1105 2480 1159 induit
2524 1106 2614 1174 qui
2645 1106 2819 1161 nescit
2864 1108 3175 1181 materiam,
3219 1108 3276 1161 ﬁt
3309 1109 3551 1177 palpabi-

1994 1189 2061 1246 lis
2090 1191 2183 1261 qui
2211 1192 2353 1261 tangi
2384 1192 2595 1260 nequit,
2621 1207 2817 1247 exsors
2845 1194 3158 1262 passionum
3203 1194 3259 1248 fit
3305 1194 3549 1265 'passiunl

1999 1277 2293 1347 obnoxius,
2323 1292 2374 1336 et
2398 1292 2651 1336 creatura
2677 1283 2998 1350 temporalis
3026 1299 3090 1337 ac
3150 1287 3396 1339 mortalis
3449 1300 3548 1355 ap-

1999 1372 2261 1440 paretqui
2313 1371 2669 1425 substantiam
2732 1386 2948 1425 omnem
3007 1382 3060 1426 ct
3111 1388 3272 1427 omne
3338 1385 3547 1444 tempus

1993 1461 2457 1529 praetergreditur,
2507 1475 2572 1515 ac
2626 1470 2820 1515 natura
2873 1463 3331 1518 estlmmortalis.
3364 1466 3549 1533 Neque

1994 1556 2173 1600 tamen
2200 1556 2421 1616 propter
2458 1549 2837 1603 admirandam
2892 1552 3320 1606 incarnationem
3376 1556 3544 1607 ellici-

1992 1646 2101 1701 tur,
2147 1648 2204 1692 ut
2234 1640 2325 1707 qui
2378 1653 2592 1693 omnem
2628 1640 2878 1693 vincebat
2914 1641 3421 1713 _investigationem,
3464 1645 3545 1697 in-

1991 1729 2331 1797 vestigationi
2391 1730 2583 1783 deinde
2627 1738 2826 1799 pateat,
2882 1748 3055 1801 neque
3110 1734 3307 1787 iterum
3364 1738 3542 1804 utqui

327 1833 440 1880 τως
462 1835 475 1849 ·
509 1819 629 1871 οὐδὲ
658 1819 897 1890 κεράσας
926 1817 1064 1871 οὕτω
1087 1819 1182 1881 τὰς
1210 1818 1420 1886 φύσεις,
1448 1818 1482 1888 ἢ
1516 1817 1672 1888 μίξας
1702 1819 1877 1886 μόνον,

1985 1817 2545 1887 incomprehensibilis
2573 1830 2713 1881 erat,
2754 1831 2873 1873 utut
2893 1836 3057 1875 carne
3088 1822 3540 1891 comprehensus,

326 1908 468 1962 ἀλλὰ
491 1912 584 1963 καὶ
612 1911 711 1974 τὰς
732 1911 1012 1982 ἐνεργείας
1042 1911 1136 1964 καὶ
1164 1910 1230 1964 τὰ
1259 1911 1555 1977 θελήματα.
1577 1911 1633 1962 '0
1663 1910 1759 1977 μὲν
1788 1908 1878 1961 οὖν

1984 1910 2366 1978 comprehendi
2402 1911 2729 1979 cogitatione
2760 1921 2943 1979 queat.
2979 1912 3118 1977 Quin
3153 1913 3279 1977 imo,
3326 1914 3370 1968 si
3404 1916 3532 1982 quid

323 1999 426 2070 οὐχ
448 1999 634 2072 ὥσπερ
657 2000 761 2055 ὑπὸ
784 2002 994 2073 χρόνον,
1022 2000 1163 2053 οὕτω
1192 2000 1285 2054 καὶ
1313 1999 1417 2053 ὑπὸ
1439 1998 1597 2066 λόγον
1619 1997 1877 2067 εὐδόκησε

1983 2001 2146 2054 etiam
2181 2000 2439 2053 audacius
2477 1999 2576 2053 lari
2630 2002 2777 2063 licet,
2811 2002 2967 2071 longe
3013 2002 3534 2069 incomprehensibi-

322 2091 610 2162 τεχθῆναι,
638 2095 731 2146 καὶ
749 2094 908 2163 χάρις
929 2092 1073 2160 αὐτῷ
1090 2090 1262 2160 τούτῳ
1280 2104 1295 2120 ⁸
1330 2090 1411 2142 ὅτι
1439 2090 1532 2143 καὶ
1554 2089 1692 2159 ὑπὲρ
1721 2088 1877 2156 λόγον

1983 2089 2085 2143 lior
2096 2088 2290 2148 evadit,
2314 2098 2582 2157 quatenus
2602 2090 3255 2158 incomprehensibilitati,
3275 2107 3394 2161 quae
3414 2108 3541 2160 pro-

323 2182 423 2234 καὶ
450 2183 483 2251 ἠ
512 2183 672 2251 χάρις
698 2185 727 2235 6
747 2183 840 2236 καὶ
864 2180 1065 2251 τρόπος
1101 2179 1200 2250 τῆς
1240 2180 1479 2249 χάριτος.

1981 2179 2098 2246 pria
2118 2187 2203 2231 est
2225 2176 2419 2230 divinae
2446 2187 2669 2239 naturai,
2688 2193 2829 2238 eam.
2852 2194 2971 2248 quze
2994 2195 3055 2233 ex
3087 2191 3377 2249 assumpta:
3415 2197 3537 2237 car-

322 2274 413 2328 nis
454 2276 711 2344 mysterio
747 2273 1141 2343 proﬁciscitur,
1203 2268 1904 2341 incomprehensibilitatem
1943 2268 2130 2339 adjicit
2166 2287 2181 2323 :
2216 2269 2344 2323 dum
2370 2270 2620 2325 videlicet
2681 2272 3003 2340 humanitati
3034 2272 3371 2327 divinitatem
3428 2290 3535 2325 nmt

319 2364 599 2419 connectit
628 2363 818 2428 modo;
874 2361 969 2417 sed
1020 2358 1418 2416 indivisibiliter
1466 2355 1759 2421 connectit,
1808 2362 1863 2409 et
1900 2362 2106 2410 semota
2157 2356 2347 2425 quavis
2404 2354 3047 2426 conlusionepermiscet;
3066 2373 3237 2427 neque
3256 2360 3357 2412 hoc
3380 2368 3538 2427 pacto

318 2460 767 2510 naturastantum
787 2452 948 2507 modo
966 2451 1362 2523 permiseetseu
1376 2446 1667 2512 connectit,
1729 2460 1917 2500 verum
1957 2446 2120 2501 etiam
2149 2444 2491 2517 operationes
2554 2454 2610 2501 et
2646 2447 2973 2503 voluntates.
3001 2447 3156 2513 Quod
3202 2448 3384 2518 itaque
3432 2465 3533 2502 non

317 2555 389 2597 ea
420 2526 634 2597 ratione
660 2540 761 2610 ipsi
788 2541 938 2596 nasci
972 2522 1274 2609 placuerit,
1314 2522 1374 2591 ut
1407 2536 1865 2606 quemadmodum
1905 2535 2137 2605 tempori
2203 2534 2473 2590 obnoxius
2536 2534 2719 2593 lactus
2746 2546 2853 2602 est,
2900 2536 2974 2592 ita
3008 2552 3259 2594 sermone
3306 2539 3536 2594 etl'abilis

316 2632 594 2694 evaderet.
616 2631 780 2685 etiam
807 2630 861 2685 in
885 2631 989 2686 hoe
1020 2631 1139 2702 ipso
1171 2627 1440 2684 revelatur
1461 2627 1635 2696 gratia
1667 2642 1685 2684 :
1750 2626 2009 2696 quoniam
2040 2638 2155 2682 tum
2229 2626 2428 2695 gratia,
2495 2636 2609 2682 tum
2663 2629 2804 2683 ratio
2830 2628 3016 2698 gratia
3064 2644 3279 2685 omnem
3312 2630 3525 2685 dicendi

316 2722 631 2781 facultatem
666 2730 943 2794 superant.

390 2814 521 2870 K1";
563 2811 625 2867 '0
653 2813 710 2867 δὲ
739 2811 897 2881 λόγος
933 2813 1035 2883 ἥδη
1069 2811 1163 2865 καὶ
1181 2808 1277 2865 τοῦ
1306 2810 1435 2882 περὶ
1460 2809 1559 2880 τὴν
1600 2807 1870 2879 Παρθένον

2043 2804 2233 2861 ΧΧΙΙΙ.
2298 2804 2499 2861 Verum
2555 2824 2735 2863 sermo
2763 2811 2873 2879 jam
2937 2821 2991 2867 et
3040 2813 3171 2885 illud
3227 2806 3531 2883 portentum

314 2904 596 2974 θαύματος
616 2902 856 2973 ἆψασθαι
883 2904 980 2974 μὲν
1008 2905 1127 2973 ἐρᾷ,
1158 2900 1528 2972 προσπελάσαι
1557 2899 1613 2954 δὲ
1648 2899 1871 2970 ίλιγγιᾷ.

1973 2904 2192 2964 exoptat
2219 2896 2480 2963 delibare,
2503 2898 2648 2968 quod
2696 2900 2749 2953 in
2797 2900 3016 2969 Virgine
3039 2904 3362 2972 suspicimus
3390 2923 3405 2971 ;
3438 2908 3530 2961 sed

313 2994 495 3050 Πολλὰ
526 2995 626 3065 μιν
652 2994 760 3065 γάρ
789 2994 882 3048 καὶ
911 2994 1119 3063 μεγάλα
1139 2993 1324 3047 καὶτὰ
1341 2993 1478 3046 κατὰ
1499 2992 1598 3061 τὴν
1630 2988 1873 3044 Παλαιὰν

1973 3000 2037 3041 eo
2067 2987 2325 3042 accedere
2346 2987 2471 3041 dum
2522 2990 2711 3042 nititur
2734 3031 2749 3055 ,
2778 2992 3013 3061 quadam
3067 2994 3227 3048 veluti
3265 2997 3531 3065 vertigine

310 3082 570 3154 θαύματα
596 3099 609 3110 ·
629 3082 873 3137 θάλασσά
887 3100 944 3135 τε
968 3082 1289 3153 ηδιισταμόνη
1308 3082 1401 3135 καὶ
1418 3080 1573 3135 πάλιν
1598 3096 1867 3133 συναπτο·
1895 3084 1898 3106 ⁸

1973 3092 2029 3133 se
2051 3078 2301 3133 laborare
2331 3081 2606 3148 persentit.
2627 3079 2691 3161 Et
2708 3096 2837 3135 sane
2859 3082 3025 3136 multa
3051 3084 3232 3151 utique
3253 3101 3314 3139 ac
3336 3101 3528 3155 magna

323 3174 464 3244 μόνη
494 3186 511 3204 ⁸
565 3172 660 3227 καὶ
715 3172 888 3243 πέτρα
918 3172 1386 3243 ’πλημμυρουμένη
1421 3170 1656 3240 νάμασιο
1702 3186 1869 3223 ’ποτα⁹

1973 3166 2256 3235 splendent
2276 3167 2439 3222 etiam
2475 3168 2531 3221 in
2576 3168 2745 3223 veteri
2792 3168 2995 3224 findere
3028 3173 3267 3242 prodigia
3304 3190 3317 3227 :
3365 3175 3528 3228 maris

312 3262 409 3331 μοὶ
460 3260 783 3332 ῥηγνύμενοί
822 3279 883 3315 τε
922 3265 1017 3315 καὶ
1038 3261 1528 3331 άναχαιτιζόμενοι·
1577 3259 1726 3330 ἣλιος
1772 3259 1871 3327 μὲν

1973 3257 2128 3311 undae
2158 3257 2283 3311 hinc
2317 3257 2442 3311 inde
2458 3258 2792 3321 recedentes,
2822 3268 2985 3328 atque
3021 3261 3213 3315 iterum
3261 3263 3313 3315 in
3358 3278 3525 3315 unum

308 3354 687 3424 ἰπεχόμενοςζ
748 3354 943 3424 νεφέλη
1001 3353 1059 3406 δὲ
1116 3354 1211 3407 καὶ
1242 3351 1636 3423 προτρέχουσα,
1680 3350 1869 3414 στύλος

1973 3345 2342 3411 conﬂuentes,
2382 3347 2569 3403 latices
2600 3363 2630 3402 e
2685 3358 2838 3416 petra
2894 3359 3239 3418 erumpentes
3277 3361 3330 3406 et
3357 3367 3528 3406 exuu-

308 3443 712 3513 προερχόμενός
737 3459 797 3496 τε
828 3444 921 3497 καὶ
941 3442 1301 3513 ἐπερχόμενος
1331 3454 1346 3469 ⁶
1371 3441 1519 3511 πηγὴ
1549 3440 1722 3509 πικρὰ
1751 3439 1868 3509 μέλι

307 3532 533 3603 ῥέουσα,
568 3532 661 3584 καὶ
711 3532 851 3604 ξηρά
879 3534 1070 3603 ῥάϐδος
1108 3531 1290 3587 ἄνθεσι
1323 3531 1561 3602 βρύουσα
1593 3547 1607 3562 ·
1646 3533 1739 3583 καὶ
1789 3529 1867 3582 ἔτι

306 3623 416 3691 πρὸ
445 3623 647 3677 τούτων
672 3624 933 3693 καιομένη
962 3640 1022 3675 τε
1049 3624 1207 3692 βάτος
1232 3622 1475 3677 άκαυστα
1499 3662 1514 3686 ,
1558 3622 1651 3675 καὶ
1687 3621 1868 3691 δροσιο

305 3710 513 3779 ζομένη
556 3712 781 3780 κάμινος
836 3712 1071 3765 ἄσϐεστα
1099 3728 1113 3742 ’
1168 3713 1261 3763 καὶ
1288 3711 1430 3782 ὕδωρ
1461 3710 1646 3764 ὕδασιν
1676 3713 1865 3763 είσπυ-

309 3798 595 3869 ρούμενον,
610 3800 704 3852 καὶ
727 3798 794 3867 ἶν’
822 3800 896 3851 ἐῶ
919 3799 987 3851 τά
1018 3799 1202 3863 πολλὰ,
1227 3800 1432 3860 πλάκες
1458 3800 1701 3869 δακτύλῳ
1729 3800 1862 3852 Θεοῦ

304 3880 672 3958 γραφόμεναι,
721 3888 815 3939 καὶ
869 3886 1001 3938 ὡσεὶ
1030 3886 1213 3956 ἄμμος
1255 3888 1475 3940 πετεινὰ
1531 3887 1858 3956 βρεχόμενα·

304 3978 402 4030 καὶ
433 3976 500 4030 τὰ
526 3976 727 4031 τούτων
767 3976 1095 4047 ἁρχαιότερά
1121 3994 1179 4030 τε
1205 3976 1298 4029 καὶ
1343 3978 1736 4047 ἐμφανέστερα,
1770 3976 1912 4035 καὶ»,

303 4069 404 4121 νῦν
433 4068 592 4122 πάλιν
613 4066 851 4137 νεώτερα
885 4084 900 4098 ·
932 4068 1139 4138 στεῖραι
1180 4066 1472 4132 τίκτουσαι,
1513 4066 1604 4119 καὶ
1632 4067 1861 4137 γηραιαὶ

303 4158 741 4228 βλαστάνουσαι,
793 4157 1114 4229 παραλόγως
1159 4158 1293 4228 μὲν,
1327 4158 1426 4210 οὐκ
1478 4157 1731 4229 ἁσπόρως
1762 4157 1855 4211 δέι

312 4248 483 4304 Ἀλλά
509 4248 562 4302 τί
593 4265 684 4319 μοι
712 4250 907 4315 ταῦτα,
943 4249 1076 4320 πρὸς
1108 4248 1168 4302 τὸ
1191 4250 1384 4318 νόμους
1434 4248 1657 4317 λυθῆναι
1702 4249 1857 4316 λόγου

302 4344 403 4395 καὶ
437 4340 646 4411 φύσεως
669 4359 683 4407 ;
718 4340 859 4413 Ἀλλ’
884 4340 1002 4411 οὐχὶ
1039 4339 1229 4410 χρόνου
1249 4356 1307 4392 τε
1335 4339 1427 4393 καὶ
1444 4336 1741 4408 πηρώσεως
1766 4339 1859 4391 καὶ

301 4431 587 4485 συλλαϐεῖν
635 4433 730 4485 καὶ
780 4434 960 4484 τεκεῖν
1003 4431 1313 4502 παρθένον;
1366 4431 1480 4484 Οὐκ
1529 4430 1688 4493 ἄνθος
1737 4430 1855 4483 οὐδὲ

302 4520 538 4589 καρπὸν,
572 4519 646 4582 ὡς
678 4522 713 4590 ἡ
743 4520 954 4590 ῥάϐδος,
998 4520 1176 4590 μόνον,
1224 4519 1342 4572 οὐδέ
1366 4537 1418 4573 τι
1452 4519 1673 4588 ῥευστδν
1700 4519 1732 4589 ἢ
1762 4519 1856 4572 καὶ

301 4611 531 4678 ἄψυχον,
560 4609 635 4671 ὡς
673 4610 705 4681 ἡ
736 4612 911 4680 πέτρα
932 4611 991 4662 τὸ
1019 4612 1185 4678 νᾶμα,
1217 4609 1353 4663 ἀλλὰ
1381 4609 1568 4679 βροτὸν
1592 4648 1608 4674 ,
1654 4609 1853 4678 μᾶλλον

300 4697 360 4749 δὲ
390 4696 520 4747 Θεὸν
540 4696 674 4765 ὁμοῦ
708 4698 802 4751 καὶ
825 4686 1032 4768 βροτὸν,
1056 4696 1270 4763 λογικόν
1289 4712 1346 4748 τε
1377 4698 1469 4748 καὶ
1502 4694 1683 4764 νοερόν
1712 4710 1726 4724 ·
1759 4693 1853 4747 καὶ

299 4784 401 4855 οὐχ
432 4785 552 4837 ὅσον
580 4785 655 4855 μὴ
686 4785 977 4857 φλεχθῆναι
1000 4826 1015 4851 ,
1046 4785 1181 4839 ἀλλὰ
1226 4784 1318 4837 καὶ
1374 4782 1660 4853 οεωθῆναι,
1731 4782 1854 4852 μηδ’

302 4877 485 4945 ὑλικῇ,
523 4877 774 4945 καθάπερ
803 4880 852 4931 οί
885 4878 1093 4942 παῖδες,
1124 4874 1256 4930 ἀλλὰ
1288 4873 1420 4927 Θεοῦ
1470 4874 1625 4942 φλογί
1658 4888 1673 4903 ο
1730 4873 1853 4943 μηδ’

302 4966 484 5034 ἁκαρῇ
546 4965 637 5017 καὶ
693 4965 889 5028 ἔξωθεν
943 4968 1088 5035 σχεῖν
1145 4964 1239 5033 τὴν
1287 4962 1496 5030 φλόγα,
1548 4960 1852 5029 καθάπερή

305 5056 489 5126 βάτος,
520 5054 634 5108 ἀλλ’
669 5055 813 5108 ἔνδον
845 5074 904 5109 τε
930 5060 1018 5109 καὶ
1046 5057 1138 5109 ἐπὶ
1166 5057 1415 5108 τοσοῦτον
1442 5069 1456 5084 ο
1486 5054 1577 5105 καὶ
1610 5052 1683 5122 μὴ
1716 5052 1853 5104 διελε-

304 5148 420 5199 θείν
458 5140 655 5198 δοῦναι
709 5146 889 5215 μόνον,
942 5148 1081 5201 καθὰ
1112 5148 1205 5199 καὶ
1237 5147 1270 5215 ή
1310 5143 1546 5212 Ἐρυθρὰ
1571 5142 1735 5197 πάλαι
1776 5140 1869 5211 τῷ,

312 5234 553 5304 Ἰσραὴλ,
582 5233 716 5287 ἀλλά
760 5235 852 5288 καὶ
877 5237 1052 5306 σάρκα
1093 5236 1273 5289 δοῦναι
1305 5234 1379 5303 τῷ
1412 5234 1470 5297 ἐξ
1496 5232 1664 5300 αὐτῆς
1698 5248 1712 5263 ο
1746 5250 1850 5301 μη-

300 5324 571 5388 δὲάπλῶς
639 5326 950 5394 γραφῆναι,
1004 5326 1251 5395 καθάπερ
1318 5325 1373 5375 αἱ
1451 5322 1654 5383 πλάκες
1713 5320 1846 5374 Θεοῦ

296 5417 567 5485 δακτύλῳ,
601 5414 736 5467 ἀλλὰ
768 5415 862 5467 καὶ
884 5415 1044 5467 αὑτὸν
1076 5414 1491 5483 συνουσιωθῆναι
1524 5412 1613 5464 τὸν
1654 5413 1843 5479 Λόγον,

299 5509 392 5563 καὶ
420 5507 722 5575 ὑποστῆναι
759 5502 818 5555 τὺ
845 5501 1192 5572 πρόσλημμα,
1218 5502 1324 5554 τίσι
1371 5498 1546 5553 ταῦτα
1592 5498 1845 5567 παραϐα-

295 5601 403 5655 λεῖν
433 5595 611 5658 είκόςς

511 5710 531 5731 ι
562 5708 579 5732 Ι
622 5706 854 5738 οιῖαηὶιηο
900 5703 1254 5743 Βησιιικηνῖα

1970 3437 2211 3494 dantes:
2252 3438 2535 3493 ﬂuminum
2589 3439 2822 3508 impetus
2874 3447 2985 3493 tum
3023 3442 3360 3510 interruptus
3414 3453 3525 3496 tum

1970 3536 2310 3596 retroactus;
2371 3529 2449 3584 sol
2509 3537 2653 3584 stare
2707 3530 2937 3598 jussus;
2988 3540 3097 3583 tum
3140 3531 3300 3583 etiam
3353 3533 3523 3585 nubes

1969 3632 2330 3687 praacurrens,
2386 3628 2440 3672 et
2503 3619 2756 3673 columna
2799 3619 2941 3689 ignis
2986 3620 3146 3675 modo
3196 3620 3524 3689 praecedens,

1966 3708 2127 3762 modo
2160 3711 2548 3777 subsequens:
2587 3708 2706 3764 fons
2765 3724 2987 3765 amarus
3045 3710 3200 3764 melle
3254 3710 3522 3772 dillluens,

1964 3806 2018 3849 et
2056 3798 2206 3851 arida
2249 3801 2397 3867 virga
2453 3798 2675 3853 ﬂoribus
2703 3810 2933 3865 onusta;
2968 3814 3031 3855 ac
3088 3809 3345 3867 praeterea
3400 3809 3525 3854 ante

1962 3882 2065 3935 ista
2104 3884 2271 3937 rubus
2301 3885 2497 3938 ardens
2526 3894 2579 3938 et
2609 3901 2717 3938 non
2750 3888 3109 3953 combustus;
3158 3898 3268 3941 tum
3321 3889 3515 3943 fornax

1962 3971 2309 4037 iuexstincta,
2334 3974 2425 4026 sed
2441 3988 2563 4027 rore
2583 3979 2837 4040 madens;
2868 3984 2921 4028 et
2945 3991 3082 4044 aqua
3102 3978 3257 4045 aquis
3272 3978 3519 4043 incensa,

1961 4072 2146 4130 atque,
2182 4070 2239 4115 ut
2282 4062 2435 4131 plura
2470 4064 2919 4131 praetermittam,
2954 4066 3152 4119 tabulae
3210 4067 3302 4121 Dei
3354 4068 3520 4137 digito

1959 4154 2293 4223 conscripta‘,
2320 4164 2371 4206 et
2406 4154 2650 4209 volucres
2683 4153 2855 4209 instar
2882 4170 3059 4210 arente
3082 4156 3419 4225 depluentes,
3455 4169 3509 4213 et

1960 4258 2160 4297 manna
2195 4244 2409 4300 caelitus
2442 4244 2759 4308 demissum,
2788 4245 3001 4315 aliaque
3027 4246 3110 4301 his
3126 4254 3180 4301 et
3210 4248 3517 4316 antiquiora

1959 4341 2011 4386 et
2037 4333 2400 4401 praeclariora,
2449 4348 2511 4387 ac
2566 4334 2861 4388 recentiora
2900 4350 3135 4405 quoque,
3187 4350 3308 4405 qua:
3357 4352 3502 4392 nunc

1963 4424 2163 4477 iterum
2213 4439 2465 4490 evenere,
2507 4424 2722 4481 steriles
2752 4425 3021 4495 parientes
3063 4426 3181 4496 (ι’),
3229 4436 3284 4481 et
3330 4426 3513 4482 clla-ua

1957 4523 2117 4568 aetate
2185 4515 2440 4570 mulieres
2496 4516 2807 4585 inopinate,
2854 4532 3163 4587 quanquam
3218 4533 3329 4573 non
3393 4518 3512 4572 sine

1958 4612 2213 4671 suscepto
2246 4604 2471 4667 semine,
2498 4603 2551 4657 in
2590 4614 2741 4658 utero
2760 4607 3070 4675 gestantes!
3112 4605 3307 4661 Verum
3342 4592 3513 4661 enini-

1957 4707 2087 4745 vero
2112 4693 2241 4761 quid
2277 4692 2381 4746 ista
2422 4692 2555 4745 mihi
2582 4732 2596 4753 ,
2630 4693 2676 4747 si
2713 4709 2833 4746 cum
2862 4694 3243 4751 deﬁcientibus
3274 4696 3351 4765 (in
3385 4680 3510 4749 Vir-

1956 4780 2101 4849 gine)
2136 4788 2246 4832 tum
2275 4779 2706 4833 ratiocinationis
2732 4791 2951 4845 nostrae,
2986 4792 3096 4837 tum
3142 4793 3349 4837 natura:
3381 4782 3513 4853 legi-

1954 4872 2054 4925 bus
2085 4869 2475 4925 conferantur?
2511 4871 2590 4921 An
2624 4885 2749 4922 vero
2787 4880 2917 4924 tetas
2941 4872 3123 4926 el‘fteta
3156 4888 3220 4927 ac
3252 4874 3510 4928 sterilitas

1956 4962 2133 5030 (partu
2179 4960 2312 5013 mire
2362 4960 2567 5028 ditatre)
2604 4960 2710 5012 ullo
2760 4961 2920 5014 modo
2980 4964 3281 5031 comparari
3313 4972 3512 5033 queant

1956 5069 2079 5105 cum
2133 5052 2397 5121 portentis
2438 5040 2577 5102 illius
2605 5087 2619 5111 ,
2667 5063 2785 5117 qua:
2816 5050 2967 5117 virgo
3005 5060 3059 5105 et
3098 5053 3421 5120 conceperit,
3456 5060 3512 5106 et

1957 5141 2261 5210 pepererit?
2305 5138 2459 5205 Quod
2502 5145 2678 5190 autem
2737 5151 2844 5188 non
2895 5136 3080 5190 ﬂorem
3137 5139 3508 5190 tantummodo

1958 5233 2265 5287 [metumve
2316 5229 2619 5302 protulerit,
2675 5226 2749 5280 uti
2787 5227 2959 5295 prisca
3003 5228 3089 5279 illa
3118 5228 3301 5296 virga,
3333 5242 3505 5295 neque

1958 5322 2161 5377 [luxum
2202 5308 2477 5391 quidpiam
2524 5328 2684 5387 atque
2738 5316 3111 5381 iuanimatum,
3183 5315 3325 5370 sicut
3372 5317 3500 5369 olim

1954 5424 2102 5481 petra
2132 5412 2365 5475 laticem,
2399 5408 2492 5464 sed
2522 5406 2813 5470 hominem,
2854 5406 3097 5473 quinimo
3130 5404 3296 5459 Deum
3342 5406 3500 5460 simul

1951 5510 2006 5556 ct
2053 5501 2323 5555 hominem
2384 5498 2591 5553 ratione
2661 5495 3115 5563 intelligentiaque
3183 5495 3503 5564 prteditum.

1954 5593 2217 5664 Quodque
2243 5607 2352 5650 non
2379 5590 2543 5648 modo
2574 5589 2849 5646 combusta
2894 5587 3212 5655 nonfucril,
3257 5588 3363 5643 imo
3406 5586 3491 5641 di-

1307 5712 1535 5746 τιταίνων
1563 5706 1673 5747 lum
1704 5717 1942 5749 enm-lant
1958 5743 1967 5749 .
