4126 6332
663 411 767 472 835
1817 475 1825 484 .
1885 427 2011 485 ΙΟΑ
2025 428 2118 487 NN
2132 431 2200 489 IS
2239 431 2665 495 GEOMETRE
3760 451 3873 513 836

643 518 788 573 .viua
821 519 891 574 sit
914 519 1128 587 effecta,
1153 537 1274 578 cum
1308 504 1486 581 tamen
1526 541 1631 581 non
1659 529 1922 586 materiali
1976 534 2213 602 ﬂamma,
2256 547 2317 594 ut
2351 541 2479 595 olim
2543 555 2649 598 tres
2675 545 2848 613 pueri,
2881 549 2974 604 sed
3013 551 3350 608 comburenti
3415 554 3509 612 Dei
3543 558 3711 626 ipsius
3742 561 3871 629 igne

655 610 1036 678 corriperetur,
1118 629 1292 683 neque
1365 617 1431 670 ad
1485 617 1700 673 brevem
1769 621 1958 675 horam
2021 635 2075 678 et
2135 633 2493 698 extrinsecus,
2556 641 2616 688 ut
2646 635 2776 689 olim
2833 638 3024 704 rubus,
3073 653 3257 698 verum
3307 645 3630 711 intrinsecus
3684 660 3740 706 et
3797 653 3868 707 ad

647 703 867 774 tempus
905 709 1014 756 tam
1044 704 1357 760 diuturnum
1394 723 1407 760 :
1447 722 1511 762 ac
1533 723 1724 764 rursus
1753 711 1899 780 quod
1922 727 2030 766 non
2098 730 2244 770 mere
2282 721 2570 776 transitum
2606 723 2834 790 dederit,
2870 736 2929 781 ut
2971 727 3098 784 olim
3163 731 3408 790 Rubrum
3449 738 3730 806 lsraelitis,
3763 746 3864 800 sed

652 793 813 848 etiam
843 809 1062 851 carnem
1089 800 1370 866 prodeunti
1418 817 1483 856 ex
1536 802 1652 871 ipsa
1704 805 2024 872 praebuerit;
2096 807 2240 874 quod
2280 810 2620 881 insupernon
2689 819 3024 889 simpliciter,
3067 833 3128 880 ut
3163 829 3432 896 quondam
3466 832 3597 904 legis
3638 839 3861 898 tabulae.

652 884 746 941 Dei
795 886 962 957 digito
1009 893 1314 961 conscripta
1364 895 1471 960 sit,
1513 896 1606 950 sed
1686 895 1930 950 eamdem
1978 914 2103 953 eum
2144 899 2233 954 illa
2270 903 2624 961 substantiam
2661 884 2839 979 ipsum
2905 884 3137 971 Verbum
3178 884 3480 988 Ohabuerit,
3509 884 3563 979 ξι
3614 931 3761 996 quod
3790 945 3857 986 ex

650 977 764 1047 ipsa
793 982 1130 1048 assumebat,
1176 985 1228 1037 in
1302 1001 1453 1041 suam
1523 988 1826 1058 hypotasim
1894 991 2222 1062 adsciverit;

645 1082 831 1137 compa
841 1070 945 1123 rari
979 1085 1204 1139 possunt
1226 1073 1249 1126 ?

710 1152 901 1210 XXlV.
934 1157 1088 1222 Quod
1118 1177 1244 1216 vero
1298 1179 1405 1217 non
1456 1168 1615 1220 modo
1660 1170 1988 1266 conceperit.
2027 1167 2200 1267 virgo,
2231 1184 2275 1239 Α
2374 1177 2496 1234 KA'.
2529 1181 2601 1236 Τὸ
2653 1184 2710 1240 δὲ
2764 1189 2839 1267 μὴ

643 1248 696 1293 et
718 1254 1036 1310 conceptum
1068 1247 1190 1298 dein
1228 1247 1417 1302 foetum
1461 1251 1514 1304 in
1550 1253 1722 1306 lucem
1785 1256 2058 1322 ediderit,
2109 1256 2201 1310 sed

645 1339 904 1403 praeterea
941 1335 1101 1389 enixa
1144 1337 1505 1407 virginitatem
1527 1345 1842 1409 servaverit,
1896 1361 2073 1399 nonne
2103 1347 2226 1399 du-

643 1420 761 1488 plex
802 1424 1107 1493 prodigium
1140 1428 1220 1479 vel
1253 1431 1303 1480 in
1347 1433 1463 1498 ipsa
1497 1440 1707 1484 tantum
1744 1435 1948 1502 virgine
2005 1446 2204 1506 myste-

643 1512 781 1566 rium
820 1514 974 1569 nobis
993 1519 1265 1571 ostendit?
1293 1519 1558 1576 Caeterum
1580 1526 1758 1579 adhuc
1801 1527 1974 1595 majus
2024 1528 2089 1596 (si
2121 1539 2201 1582 ta-

643 1615 763 1653 men
786 1603 1073 1670 quodpiam
1109 1608 1283 1673 majus
1310 1609 1490 1664 dicere
1549 1613 1687 1682 licet)
1722 1615 1885 1680 priori
1929 1617 2199 1682 posterius

642 1698 880 1756 apparet.
903 1688 1032 1742 Nam
1065 1696 1203 1759 quod
1230 1694 1459 1750 Verbum
1481 1705 1716 1754 nomium
1747 1720 2001 1771 corporea
2024 1726 2197 1768 massa

641 1777 1100 1835 circumvestitum
1131 1785 1388 1840 ineffabili
1419 1793 1632 1858 quidem
1659 1799 1884 1860 ratione,
1913 1803 2003 1855 sed
2038 1821 2194 1874 pror-

643 1881 736 1919 sus
767 1868 992 1938 integris
1023 1872 1370 1940 virgiualibus
1401 1881 1651 1935 claustris
1696 1888 1973 1957 ingressus
2014 1898 2192 1964 fuerit,

641 1967 970 2022 carnemque
1003 1963 1378 2026 assumpserit,
1417 1966 1518 2017 hoc
1547 1983 1677 2024 sane
1722 1975 1966 2032 mirabile
1991 1993 2092 2046 est,
2140 1998 2192 2040 et

640 2041 948 2098 nullatenus
966 2049 1342 2116 comprehendi
1362 2063 1553 2120 potest.
1575 2058 1705 2123 Quis
1722 2066 1862 2118 enim
1883 2068 1979 2122 hoc
1999 2041 2194 2141 neget?

636 2127 752 2184 Non
786 2134 920 2186 adeo
941 2133 1118 2192 tamen
1152 2141 1523 2201 admirandqu
1553 2151 1679 2206 illud
1711 2165 1815 2220 est,
1839 2166 2190 2227 quemadmo-

635 2222 757 2274 dum
779 2226 919 2291 quod
974 2243 1093 2280 cum
1134 2245 1414 2302 assumpto
1476 2258 1691 2310 quoque
1734 2263 1919 2302 crasso
1967 2269 2190 2322 corpore

633 2328 902 2382 egressus,
939 2330 1169 2387 portam,
1197 2328 1270 2378 uti
1312 2331 1459 2395 prius
1481 2371 1494 2393 ,
1522 2337 1860 2404 obsignatam
1890 2344 2184 2414 reliquerit,

630 2406 859 2461 velutac
892 2423 1160 2478 nunquam
1193 2418 1512 2475 transiisset.

701 2492 865 2547 XXV.
893 2497 994 2561 Qui
1029 2514 1189 2567 porro
1213 2520 1522 2562 meumcsse
1541 2514 1729 2579 possit,
1761 2520 1992 2590 prodigii
2022 2525 2181 2591 bujus
2214 2512 2255 2565 Β
2353 2530 2481 2585 ΚΕ’.

633 2583 852 2652 pelagus
884 2587 1248 2657 investigare?
1285 2592 1396 2649 Hoc
1421 2598 1598 2667 ipsum
1633 2583 1774 2660 enini
1807 2583 2180 2671 admirandum

631 2671 765 2724 adeo
795 2677 1065 2733 veteribus
1093 2697 1308 2752 quoque
1337 2686 1507 2742 visum
1540 2701 1639 2759 est,
1676 2705 1734 2749 ut
1775 2701 1853 2751 vel
1885 2707 2177 2772 propbetze,

627 2776 655 2813 a
690 2763 846 2833 longe
878 2767 1002 2820 illud
1039 2770 1328 2838 intuentes,
1364 2793 1636 2844 nunquam
1670 2800 1777 2839 non
1813 2763 2038 2858 ‘stupore
2069 2811 2183 2865 per-

627 2853 969 2919 eellerentur,
1006 2869 1058 2912 et
1089 2877 1194 2914 non
1238 2865 1393 2918 modo
1419 2869 1596 2937 ipsum
1630 2880 2013 2936 annuntiareut
2060 2888 2178 2940 ubi-

626 2957 752 3010 que,
794 2948 884 3000 sed
926 2959 979 3003 et
1026 2955 1283 3021 symbolis
1305 2960 1630 3027 quibusdam
1677 2968 1987 3041 mnbrisque
2044 2976 2179 3031 deli-

628 3046 871 3100 neareut,
909 3037 953 3092 si
985 3040 1562 3105 forte'obscurioribus
1599 3056 1867 3126 aliquibus
1895 3037 2060 3118 veluti
2085 3081 2178 3122 co-

627 3123 832 3178 loribus
883 3139 1042 3184 tanta:
1106 3135 1177 3186 rei
1256 3140 1676 3206 magnitudinem
1730 3150 1938 3207 ratione
1997 3156 2175 3226 aliqua

624 3212 943 3269 adumbrare
970 3232 1204 3286 possent.
1237 3227 1408 3293 Atque
1446 3230 1527 3283 bis
1559 3235 1798 3303 edoctus,
1824 3241 1937 3307 ipse
1965 3259 2178 3312 quoque

626 3316 744 3351 cum
773 3305 1041 3368 prioribus
1064 3323 1124 3360 ea
1147 3324 1458 3379 comparare
1494 3322 1640 3383 novi,
1684 3341 1805 3391 quae
1844 3330 1991 3394 prius
2028 3347 2176 3385 com-

627 3394 902 3454 paratione
933 3399 1203 3451 carebant.
1241 3405 1318 3453 Ad
1346 3405 1473 3457 illud
1501 3410 1646 3462 enim
1684 3415 1765 3466 vel
1809 3431 1974 3470 unum
2007 3422 2172 3489 virgi-

627 3480 807 3533 nitatis
840 3484 1137 3550 prodigium
1166 3490 1242 3540 sic
1267 3507 1323 3543 se
1355 3494 1552 3548 habent
1581 3513 1644 3551 ea
1672 3505 1849 3556 omnia
1881 3544 1894 3568 ,
1927 3519 2083 3573 prout
2108 3512 2172 3564 ad

624 3568 900 3622 veritatem
933 3589 989 3625 se
1031 3576 1189 3628 habet
1217 3588 1390 3644 typus,
1422 3585 1484 3634 ad
1519 3601 1716 3656 corpus
1765 3596 1977 3662 umbra,
2014 3608 2175 3669 atque

625 3656 690 3706 ad
730 3672 838 3708 rem
861 3661 1028 3726 ipsam
1076 3668 1365 3721 somnium.
1397 3669 1666 3741 Virginem
1696 3680 1894 3750 quippe
1942 3656 2029 3739 illa
2061 3656 2175 3740 oin-

625 3747 711 3796 nia
767 3748 1197 3820 adumbrabant;
1251 3759 1423 3828 iisque
1485 3747 1741 3834 symbolis
1793 3747 2168 3845 pra‘siguatam

620 3849 739 3888 esse
769 3853 958 3892 omnes
987 3843 1153 3908 ipsam
1189 3850 1559 3919 exsistimant,
1593 3863 1955 3932 eongruisque
1997 3870 2169 3922 nomi-

621 3925 776 3978 nibus
795 3929 1081 3995 appellant,
1115 3949 1258 3989 mare
1276 3939 1498 3995 divisum
1527 3944 1829 4017 iterumque
1848 3955 2167 4017 adunatum;

619 4026 825 4082 portam
855 4023 1089 4087 perviam
1127 4027 1288 4080 simul
1327 4040 1380 4084 et
1422 4033 1699 4102 clausam;
1747 4039 2017 4096 fornacem
2052 4063 2171 4102 rore

619 4107 918 4162 madentem
937 4113 1116 4178 simul,
1140 4127 1300 4185 atque
1315 4122 1589 4178 ardentem
1611 4143 1626 4191 ;
1649 4128 1840 4183 rubum
1865 4131 2163 4201 incensum,

617 4201 731 4250 sed'
764 4215 867 4254 non
904 4206 1277 4275 combustum;
1347 4215 1542 4267 nubem
1579 4218 1682 4271 diei
1737 4222 1897 4274 simul
1928 4235 1981 4277 et
2036 4229 2166 4280 recti

618 4288 1120 4359 itinerisnuntiam;
1154 4299 1457 4354 columnam
1498 4305 1657 4373 ignis,
1695 4324 1798 4360 non
1836 4313 2015 4376 modo,
2046 4331 2164 4368 cre-

616 4380 877 4446 diderim,
939 4387 1175 4440 divinum
1231 4394 1402 4459 ignem
1441 4397 1491 4447 in
1543 4413 1602 4450 se
1639 4390 1918 4467 ferentem,
1981 4423 2162 4464 verum

617 4473 772 4521 etiam
816 4475 1053 4527 divinum
1085 4494 1388 4545 novumque
1414 4489 1668 4553 pupulum
1700 4502 1884 4546 contra
1911 4499 2166 4562 Spirilua-

617 4559 716 4609 lem
776 4559 1107 4616 Pharaonem
1162 4575 1653 4638 commnnicntetn;
1738 4592 1941 4648 petram
2019 4590 2161 4653 mel,

1644 4635 1651 4638 ,
1739 4635 1751 4648 ,
2021 4635 2161 4653 ---υ-ν

616 4635 846 4702 Veri-um
903 4656 1123 4717 scilicet,
1168 4659 1566 4731 effundentem;
1611 4671 1810 4738 virgam
1863 4683 2161 4744 progermi-

616 4749 825 4789 nantem
851 4741 1055 4805 florem,
1089 4750 1175 4814 qui
1197 4756 1408 4818 generis
1442 4755 1657 4812 bumani
1686 4762 1970 4830 fragrantia
1997 4779 2079 4822 est
2109 4780 2162 4822 et

614 4831 777 4894 gloria
803 4849 814 4892 ;
853 4831 1092 4901 [teri-am,
1119 4856 1235 4905 quae
1272 4861 1481 4914 semper
1513 4852 1592 4902 sui
1625 4853 1836 4918 similis,
1867 4872 1927 4910 ac
1957 4861 2157 4914 ριυιρδιὶ

615 4919 868 4969 ειίιηιυςιιο
901 4922 1088 4975 referta
1143 4929 1356 4984 inventa
1387 4943 1496 4997 est;
1547 4953 1770 5006 qumque
1814 4957 2024 5006 manna,
2069 4961 2158 5012 pa-

615 5024 732 5057 nem
772 5010 989 5062 minime
1021 5017 1243 5079 cultum,
1284 5021 1504 5084 profert,
1537 5042 1692 5090 quem
1734 5029 1934 5083 scilicet
1988 5049 2157 5101 neque

2302 997 2453 1067 haac,
2498 1001 2764 1074 inquam,
2819 1009 2998 1065 omnia
3059 1011 3376 1083 quibusnam
3417 1019 3537 1075 aliis
3593 1029 3861 1092 portentis

2897 1191 3056 1260 μόνον
3084 1196 3177 1249 καὶ
3221 1196 3514 1252 συλλαϐεῖν
3567 1203 3855 1269 παρθένον,

2308 1268 2399 1320 καὶ
2429 1271 2796 1331 συλλαῦοὗσαν
2821 1281 3102 1351 διατελεῖν,
3137 1287 3269 1341 ἀλλά
3305 1292 3398 1344 καὶ
3440 1291 3701 1345 τεκοῦσαν
3754 1297 3856 1362 τὴν

2304 1359 2599 1428 παρθενίαν
2646 1357 2942 1438 sumam,
3004 1374 3117 1438 πῶς
3137 1379 3196 1429 οὐ
3229 1378 3447 1434 διπλοῦν
3499 1382 3595 1449 μὲν
3632 1357 3856 1453 ἡμῖντὸ

2305 1450 2442 1527 κατὰ
2463 1452 2559 1522 τὴν
2586 1458 2849 1527 παρθένον
2871 1463 3028 1531 μόνον
3044 1468 3382 1525 ἀναδείκνυσι
3413 1473 3597 1542 θαῦμα
3623 1450 3716 1528 τοῦ
3749 1494 3856 1546 μυο

2302 1542 2557 1610 στηρίου;
2608 1549 2789 1614 μεῖζον
2814 1550 3085 1631 δὶίεῐπερ
3111 1575 3163 1611 τι
3195 1563 3378 1630 μεῖζον
3431 1566 3603 1617 είπεῖν
3637 1542 3848 1632 ἔξεστι,

2300 1631 2394 1684 καὶ
2427 1633 2519 1686 τοῦ
2555 1637 2915 1705 προλαϐόντος
2937 1684 2952 1710 ,
3010 1650 3280 1716 φαίνεται.
3305 1653 3376 1704 Τὸ
3409 1654 3506 1721 μὲν
3549 1656 3656 1724 γὰρ
3682 1631 3852 1724 μήπω

2299 1727 2636 1794 παχυνθέντα
2665 1732 2754 1784 τὸν
2781 1734 2970 1804 Λόγον,
2998 1740 3285 1809 ἀφράστως
3314 1743 3437 1811 μὲν,
3480 1745 3740 1809 ἀσείστως
3790 1747 3850 1800 δὲ

2296 1815 2403 1868 τῶν
2435 1820 2717 1888 νυμφικῶν
2739 1825 2996 1879 εἰσελθεῖν
3021 1830 3298 1901 κλείθρων,
3321 1820 3423 1886 καὶ
3451 1837 3627 1904 σάρκα
3643 1838 3862 1911 λαϐεῖν,

2295 1905 2603 1975 θαυμαστὸν
2630 1913 2728 1981 μὲν
2754 1916 2848 1968 καὶ
2895 1919 3013 1971 οὐδὲ
3058 1921 3428 1991 καταληπτόν*
3459 1927 3573 1989 πῶς
3603 1927 3709 1996 γὰρ
3736 1929 3798 1981 οὗ
3829 1947 3846 1994 ;

2293 1994 2443 2051 οὔπω
2462 1999 2516 2052 δὲ
2542 2005 2813 2069 τοσοῦτον,
2843 2008 2964 2061 ὅσον
2988 2011 3124 2078 μετὰ
3148 2012 3239 2066 τοῦ
3266 2017 3468 2085 πάχους
3492 2016 3613 2069 ὅλου
3639 2019 3846 2072 καὶτοῦ

2295 2088 2716 2162 προσλήμματος
2738 2096 3039 2165 ἐξελθόντα,
3076 2102 3173 2170 τὴν
3205 2102 3379 2171 πύλην
3396 2107 3847 2177 ἐσφραγισμένην

2289 2173 2608 2246 ἀπολιπεῖν,
2653 2181 2859 2257 ,ὥσπερ
2910 2187 2978 2242 ἂν
3021 2188 3072 2243 sl
3137 2193 3272 2264 μηδὲ
3321 2193 3420 2266 τὴν
3469 2173 3643 2269 ἀρχὴν
3671 2173 3840 2255 *διελ-

2292 2263 2398 2318 θὼν
2422 2262 2511 2338 ἦν.

2513 2532 2620 2587 Καὶ
2645 2533 2697 2586 τί
2729 2553 2818 2603 μοι
2849 2536 2941 2590 τοῦ
2963 2537 3236 2610 θαύματος
3264 2544 3565 2614 ἀνιχνεύειν
3584 2547 3644 2598 τὸ
3666 2549 3840 2602 πέλα-

2283 2637 2375 2687 γος
2403 2637 2418 2686 ;
2450 2621 2603 2675 Οὕτω
2632 2625 2738 2693 γὰρ
2765 2626 2908 2691 εδοξε
2939 2630 3162 2694 καὶτοῖς
3205 2633 3371 2686 πάλαι
3413 2634 3571 2688 τοῦτο
3623 2637 3844 2706 θαυμα-

2283 2711 2428 2775 στὸν,
2489 2711 2564 2772 ὼς
2609 2713 2813 2768 ἄνωθεν
2865 2717 2952 2769 ἀεὶ
3009 2719 3164 2772 τοῦτο
3214 2723 3308 2775 καὶ
3365 2726 3490 2788 τοὺς
3549 2729 3842 2798 προφήτας

2281 2801 2701 2872 ἐκπλήττεσθαι,
2741 2807 2832 2857 καὶ
2861 2808 2937 2876 μὴ
2963 2808 3117 2875 μόνον
3169 2813 3442 2883 πανταχοῦ
3494 2819 3836 2888 περιφέρειν,

2278 2891 2413 2944 ἀλλὰ
2444 2894 2537 2946 καὶ
2563 2894 2897 2965 ὑπογράφειν
2921 2900 3203 2968 συμϐόλοις
3230 2904 3292 2970 γέ
3338 2920 3448 2958 τισι
3481 2908 3574 2960 καὶ
3605 2911 3785 2972 σκιαῖς

2279 2981 2336 3033 εί
2357 3000 2510 3049 πως,
2567 2975 2753 3056 ὥσπερ
2817 2991 2872 3040 ὲν
2947 2991 3340 3065 ἀμαυροτέραις
3386 2987 3495 3050 τισὶ
3552 2999 3832 3068 χρώμασι,

2280 3076 2745 3144 σκιαγραφήσουσι
2791 3080 2851 3130 τὸ
2902 3079 2993 3131 τοῦ
3046 3084 3366 3151 πράγματος
3401 3088 3646 3157 μέγεθος.
3685 3092 3836 3143 Κάν·-

2278 3163 2451 3216 ταῦθα
2521 3165 2726 3232 μαθὼν,
2783 3166 3031 3236 ἔγνωκα,
3091 3174 3387 3242 συγκρίνας
3453 3179 3707 3248 ἀνωτέρω
3761 3181 3833 3232 τὰ

2277 3253 2498 3306 αὐτόθεν
2523 3255 2849 3324 ἀσύγκριτα.
2881 3260 3040 3311 Ὅσον
3077 3261 3183 3330 γὰρ
3209 3263 3378 3316 τύπου
3431 3265 3526 3317 καὶ
3573 3268 3833 3337 ἀληθείας

2275 3335 2334 3386 τὸ
2367 3337 2550 3404 μέσον,
2582 3343 2674 3392 καὶ
2694 3341 2942 3410 σώματος
2967 3345 3057 3397 καὶ
3077 3348 3251 3412 σκιᾶς,
3278 3349 3370 3400 καὶ
3390 3335 3705 3420 πράγματος
3735 3361 3834 3409 καὶ

2275 3424 2569 3496 ὀνείρατος,
2589 3430 2836 3482 τοσοῦτον
2852 3434 3115 3485 κάκείνων
3131 3437 3344 3489 πάντων
3369 3440 3503 3505 ὁμοῦ
3532 3445 3623 3493 καὶ
3658 3446 3832 3511 μόνου

2274 3514 2367 3565 τοῦ
2394 3517 2531 3568 κατὰ
2545 3519 2642 3586 τὴν
2671 3520 2941 3589 Παρθένον
2973 3509 3265 3593 θαύματος.
3298 3529 3477 3581 Πάντα
3507 3533 3613 3600 γάρ
3642 3509 3830 3587 ἐκεῖνα

2274 3604 2476 3672 ταύτην
2506 3606 2755 3671 ἐτύπουν,
2785 3611 2878 3661 καὶ
2900 3613 3071 3665 πάντα
3104 3615 3303 3684 ταύτην
3325 3619 3519 3682 πάντες
3548 3626 3832 3690 νομίζουσί

2275 3709 2330 3743 τε
2351 3695 2442 3745 καὶ
2477 3696 2801 3764 ὀνομάζουσι
2829 3717 2841 3730 ·
2870 3702 3136 3756 θάλασσαν
3173 3705 3490 3780 σχιζομένην
3541 3715 3630 3764 καὶ
3665 3717 3832 3766 πάλιν

2276 3787 2669 3857 συνερχομένην
2698 3804 2711 3817 ⁶
2749 3791 2924 3861 πύλην
2969 3794 3384 3867 διαϐαινομένην
3424 3800 3537 3870 ἅμα
3585 3807 3675 3855 καὶ
3725 3824 3828 3858 κε-

2275 3876 2595 3948 κλεισμένην
2622 3898 2634 3910 ·
2671 3882 2896 3950 κάμινον
2932 3885 3311 3960 δροσιζομένην
3344 3893 3459 3961 ἅμα
3482 3897 3571 3947 καὶ
3621 3898 3826 3965 φλεγοο

2274 3967 2473 4035 μένηνο
2508 3968 2665 4036 βάτον
2711 3977 3020 4047 καιομένην,
3075 3980 3186 4031 ἀλλ’
3236 3982 3294 4032 οὑ
3339 3988 3776 4056 κατακαιομένην
3809 4010 3825 4021 υ

2271 4055 2494 4124 νεφέλην
2545 4061 2928 4132 ἡμέραςᾶμα
3003 4067 3096 4120 καὶ
3161 4071 3488 4142 εὑῡυπορίας
3550 4055 3820 4144 ἄγγελον·

2270 4141 2458 4194 στύλον
2491 4147 2678 4215 πυρὸς,
2707 4151 2766 4201 ού
2801 4152 2859 4202 τὸ
2886 4154 3045 4218 θεῖον,
3095 4155 3265 4223 οἶμαι,
3299 4141 3456 4225 μόνον
3491 4141 3827 4234 πῦρήέπιφε-

2269 4235 2520 4302 ρομένην,
2545 4238 2676 4290 ἀλλὰ
2703 4243 2795 4292 καὶ
2818 4243 2907 4293 τοῦ
2930 4244 3071 4294 θείου
3100 4250 3188 4297 καὶ
3209 4251 3326 4299 νέου
3350 4250 3475 4301 λαοῦ
3508 4255 3594 4303 τὸν
3618 4256 3828 4322 Φαραὼ

2266 4320 2354 4372 τὸν
2383 4325 2566 4390 νοητὸν
2600 4328 3116 4401 ἀποφραγνυμένην·
3152 4338 3353 4404 πέτραν
3381 4341 3498 4406 μέλι
3529 4344 3615 4393 τὸν
3645 4320 3825 4410 Λόγον

2269 4413 2514 4478 ῥέουσαν,
2542 4418 2732 4483 ῥάϐδον
2773 4420 2950 4484 ἄνθος,
2992 4426 3086 4492 τὴν
3124 4427 3347 4479 εὐωδίαν
3401 4431 3492 4483 καὶ
3536 4435 3684 4497 δόξαν
3717 4438 3821 4488 τοῦ

2267 4502 2471 4566 γένους,
2493 4506 2758 4574 φέρουσαν
2783 4526 2796 4541 ο
2828 4509 2952 4580 [γῆν
2979 4515 3233 4580 μείνασαν
3261 4520 3348 4571 οἵα
3371 4522 3504 4586 ἐστὶ,
3522 4527 3612 4576 καὶ
3633 4528 3818 4598 πλήρη

2265 4591 2361 4658 τῆς
2414 4593 2560 4657 θείας
2627 4599 3018 4672 εὑρισκομένην
3049 4611 3291 4677 τροφῆς·
3352 4616 3443 4667 καὶ
3476 4617 3665 4683 μάννα,

2263 4677 2606 4748 ἀγεώργητον
2660 4685 2841 4756 ἄρτον,
2900 4694 3185 4762 φέρουσαν,
3217 4699 3273 4749 ὃν
3303 4700 3423 4752 οὔτε
3473 4677 3815 4776 άροσιςῐοῦτε

2265 4772 2439 4838 σπορὰ
2502 4774 2810 4843 ἐγεώργησε
2837 4796 2848 4808 ’
2883 4780 2901 4851 ]
2967 4787 3191 4838 κιϐωτὸν
3257 4792 3525 4859 ἄψαυστον
3551 4772 3594 4860 ,”
3632 4799 3814 4865 κῆπον

2260 4858 2473 4923 ἄσυλον,
2507 4863 2723 4933 λυχνίαν
2747 4870 3022 4936 ἄσὸεστον,
3044 4878 3167 4928 ναὸν
3192 4858 3406 4949 ἄϐατον,
3437 4858 3559 4954 ὅρος
3587 4858 3811 4957 ἄτομον,

2259 4949 2472 5016 ἀρεταῖς
2504 4957 2827 5026 κατάκομον,
2851 4962 3036 5016 πλάκα
3060 4967 3378 5036 Οεόγραφον,
3425 4976 3653 5043 στάμνον
3688 4978 3814 5032 θεο-

2257 5037 2428 5105 δὸχον,
2457 5044 2758 5123 τράπεζαν,
2792 5050 2876 5116 ἐφ’
2993 5054 3018 5104 ὁ
3062 5057 3157 5122 τῆς
3191 5057 3335 5124 ζωῆς
3384 5037 3564 5132 ἄρτος,
3596 5067 3806 5135 κλίνην,

613 5101 784 5150 aratio
822 5116 995 5168 neque
1023 5107 1367 5159 commissum
1394 5125 1572 5164 semen
1605 5116 1852 5188 attulit;]
1882 5136 2152 5189 nunquam

613 5196 918 5225 Ιμιιιίηηίῐςινη
955 5207 1127 5225 ιιι-ρο...
1213 5193 1420 5225 Immin...
1455 5201 1809 5225 ;...,;λ.ι,.ι,ει..---
1883 5207 1895 5225 1
1951 5224 1990 5225 η

2317 5101 2346 5105 --
2417 5101 2422 5103 >
2493 5101 2504 5111 -
2647 5101 2663 5108 ν
2745 5101 2757 5111 ι
2834 5101 2846 5116 ι
2911 5101 2939 5121 u
3001 5101 3011 5104 ν
3074 5101 3154 5122 ’Ἰν
3193 5101 3333 5124 ὀν’-ιν
3384 5101 3564 5132 *ι”υεεν
3597 5101 3806 5135 ἰηυἿνν

2278 5125 2344 5191 ιφ⁹
2372 5124 2435 5197 ἧς
2461 5131 2487 5179 ό
2542 5133 2763 5195 δυνατὸς
2797 5139 3156 5206 ἀνεπαύσατο,
3185 5147 3442 5215 κλίμακα,
3481 5154 3545 5204 δι’
3577 5150 3641 5225 ἧς
3667 5173 3808 5208 κατ-

611 5196 918 5242 temera'tam
953 5207 1128 5245 arcam
1158 5234 1171 5259 ,
1213 5193 1421 5248 borlum
1455 5201 1836 5268 inviolabilem,
1883 5207 2151 5262 lucernam

611 5293 875 5346 nunquam
910 5298 1010 5335 non
1035 5284 1316 5348 lucentem,
1343 5289 1594 5354 templum
1627 5293 1976 5357 inaccessum,
2003 5315 2152 5351 ruon-

608 5375 708 5420 tem
744 5387 845 5423 non
878 5383 1082 5428 sectum
1129 5391 1192 5428 ac
1223 5377 1506 5431 virtutibus
1536 5381 1886 5448 frondentem,
1916 5386 2142 5441 tabulam

604 5642 765 5691 CLBIOS
796 5643 1158 5711 attingentem.

679 5726 861 5781 XXVI.
897 5732 1014 5786 li.cc
1044 5746 1146 5788 tam
1176 5739 1450 5804 przu‘lara,
1476 5751 1631 5810 atque
1653 5742 1735 5795 bis
1758 5743 1913 5796 etiam
1949 5748 2149 5812 potiora

2261 5213 2472 5284 ἔρχεται
2532 5221 2628 5288 μὲν
2655 5223 2803 5286 Θεὸς,
2830 5226 3106 5294 ἀνέρχεται
3133 5233 3184 5282 δὲ
3210 5236 3236 5283 ὁ
3262 5213 3464 5306 θνητὸς,
3499 5213 3808 5314 ἀρχομένην

2263 5305 2361 5370 μὲν
2423 5309 2529 5361 τῶν
2584 5312 2828 5380 χθονίων,
2892 5319 3196 5390 ἁπτομένην
3243 5328 3297 5378 δὲ
3353 5334 3443 5383 καὶ
3489 5336 3592 5385 τῶν
3637 5336 3810 5403 οὐρα-

2255 5398 2398 5448 νίων.
