4126 6332
319 413 426 474 837

1097 412 1349 471 SERMO
1385 410 1464 471 IN
1500 411 1606 472 ss.
1650 411 1998 473 DEIPARIE
2035 390 2743 477 ANNUNTIATIONEM.

3425 369 3527 480 at

318 520 472 574 θὲνον
492 518 561 573 τὰ
589 518 861 588 θαύματα,
887 517 1082 588 μᾶλλον
1117 517 1174 570 δὲ
1203 518 1270 570 τά
1294 518 1386 570 τοῦ
1413 515 1687 587 θαύματος
1731 522 1876 570 εἰκο-

1983 522 2033 575 ἰη
2069 521 2284 592 Virgine
2326 523 2590 592 prodigia,
2647 539 2740 576 seu
2783 523 2960 592 potius
3003 523 3368 592 prodigiorum
3402 529 3529 581 ima-

319 611 595 682 νισματαο
627 611 724 664 καὶ
768 609 857 663 διὰ
903 609 1073 662 ταῦτά
1125 625 1212 678 μοι
1266 609 1326 661 τὸ
1361 611 1486 678 περὶ⁵
1522 610 1620 673 τὴν
1679 609 1870 662 συλλα-

319 702 520 754 δοῦσαν
550 701 866 771 θαυμάζειν,
897 701 1074 752 ἔπεισι
1106 703 1223 769 μὲν,
1246 701 1344 752 οὐκ
1363 699 1535 764 ἔξεστι
1560 699 1636 764 δὲ,
1669 704 1742 769 μὴ
1778 699 1873 753 καὶ

319 789 634 859 καθυὸρὶσω
665 789 725 842 τὸ
776 786 958 858 θαῦμα
979 788 1056 857 τῷ
1103 787 1337 857 θαύματι
1364 804 1382 819 °
1413 788 1474 840 τὺ
1502 787 1557 840 δὲ
1609 789 1706 841 καὶΓ
1745 791 1873 858 περὶ

319 880 411 930 τὸν
439 878 807 947 συλληφθέντα
837 877 1111 946 θαυμάσαι
1141 878 1269 945 μὲν,
1325 877 1434 944 ὅσῳ
1484 876 1643 929 πλέον
1690 879 1872 948 εὑρεῖν

319 969 581 1021 ἀδύνατον
609 984 622 998 ο
650 967 834 1039 φρίξαι
857 967 912 1020 δὲ
936 966 1151 1036 μᾶλλον,
1179 967 1211 1036 ῆ
1241 966 1518 1035 θαυμάσαι
1542 967 1681 1033 δέον,
1732 969 1873 1020 ἄπο·

321 1073 416 1126 ρον
441 1073 454 1086 ’
503 1058 764 1128 κροτῆσαι
790 1058 846 1110 δὲ
881 1058 1098 1126 μᾶλλον,
1145 1057 1179 1124 ἢ
1240 1056 1427 1127 φρῖξαι
1472 1056 1566 1110 καὶ
1601 1057 1876 1127 θαυμάσαι

319 1148 550 1219 πρέπον,
586 1147 930 1216 ἀσύγκριτον.
971 1146 1126 1199 Οὖτω
1159 1161 1249 1215 μοι
1288 1149 1381 1200 καλ⁸
1415 1147 1582 1200 πολλὰ
1615 1151 1707 1200 καὶ
1751 1152 1878 1201 πολ-

319 1239 674 1308 λαχόθενααὶ
702 1240 790 1290 ῐσα
817 1237 913 1304 τῆς
937 1237 1129 1306 ἑορτῆς
1162 1239 1230 1289 τὰ
1261 1238 1532 1308 μυστήρια
1564 1255 1578 1269 ο
1621 1237 1757 1290 ἀλλὰ
1781 1238 1874 1292 τοῦ

323 1332 424 1400 μιν
447 1329 722 1397 θαύματος
739 1327 996 1381 τοσοῦτον
1023 1327 1392 1397 ἐνδειξάμενος
1423 1329 1584 1399 μόνον
1613 1330 1706 1382 καὶ⁵
1738 1331 1876 1383 άποο

318 1420 616 1482 λελαυκὼς,
646 1420 843 1487 άφίστα
851 1435 968 1488 μαι.

1980 612 2131 680 gines
2158 623 2440 679 contueor;
2478 628 2539 666 ac
2579 625 2860 682 propterea
2912 616 3270 683 concipientis
3319 630 3526 686 porten-

1979 709 2091 753 tum
2115 700 2386 755 celebrare
2411 702 2541 754 mihi
2564 703 2778 770 quidem
2809 703 2971 765 subit,
2995 693 3088 758 sed
3123 705 3204 759 fas
3237 695 3530 771 non'duco,

1984 804 2072 856 ne,
2129 789 2254 843 dum
2289 788 2505 843 laudare
2535 790 2838 858 aggredior,
2899 793 3141 846 miraculi
3198 794 3529 862 majestatem

1984 878 2298 934 imminuam
2333 895 2344 932 :
2379 879 2522 947 quod
2551 893 2678 933 vero
2727 889 2985 948 prmterca
3026 882 3091 935 ad
3137 898 3259 937 eum
3300 896 3530 954 spectat,

1982 971 2072 1040 qui
2104 978 2391 1038 conceptus
2419 978 2522 1034 est,
2570 984 2635 1023 eo
2673 971 2890 1037 quidem
2924 974 3097 1042 magis
3140 975 3531 1045 ohstupesceu-

1983 1062 2107 1114 dum
2138 1069 2239 1123 est,
2261 1073 2369 1128 quo
2395 1061 2575 1114 minus
2606 1060 2686 1114 vel
2739 1063 3030 1130 exagitari
3066 1063 3114 1116 id
3152 1068 3326 1132 potuit
3353 1086 3366 1128 ;
3425 1085 3533 1136 quo

1983 1150 2164 1202 minus
2213 1161 2340 1202 vero
2393 1149 2632 1218 pervium
2691 1150 2819 1202 illud
2853 1162 2956 1215 est,
2988 1161 3262 1221 stuporem
3311 1167 3533 1210 sanctus

1986 1240 2180 1293 horror
2204 1238 2382 1293 vincat
2405 1247 2643 1308 oportet;
2676 1240 2926 1308 plaudere
2955 1243 3171 1297 demum
3205 1246 3323 1314 plus
3365 1251 3530 1301 etiam

1984 1331 2171 1394 decet,
2223 1344 2383 1398 quam
2423 1339 2476 1384 et
2515 1340 2742 1385 tremere
2799 1347 2863 1386 ac
2911 1344 3165 1402 stupere,
3220 1336 3340 1391 ideo
3386 1339 3533 1407 quod

1985 1420 2184 1473 nullam
2216 1419 2670 1488 comparationem
2703 1421 2974 1475 admittat.
3001 1422 3089 1476 Sic
3114 1426 3244 1478 mihi
3273 1437 3325 1480 et
3368 1429 3532 1481 multa

318 1523 377 1568 et
403 1512 683 1582 multiplici
715 1528 778 1565 ex
813 1514 986 1580 capite
1017 1521 1071 1565 et
1124 1511 1385 1582 dignitate
1452 1513 1605 1582 paria
1654 1528 1774 1568 sese
1824 1513 2093 1582 objiciunt
2159 1513 2521 1595 solemnitatis
2563 1513 2724 1581 hujus
2800 1519 3093 1585 mysteria;
3131 1520 3222 1572 sed
3283 1521 3348 1573 ad
3407 1537 3535 1590 por-

320 1613 468 1664 tenta
521 1607 664 1673 qttod
718 1605 928 1669 attinet,
967 1619 1088 1658 cum
1114 1606 1194 1659 vel
1244 1606 1346 1660 hoc
1398 1623 1563 1660 unum
1616 1617 1723 1661 tam
1773 1608 2029 1662 eximium
2061 1606 2405 1660 indicaverim
2436 1616 2488 1660 et
2516 1607 2882 1672 delibaverim,
2914 1609 3024 1678 jam
3057 1611 3282 1667 absisto.

392 1694 518 1748 KZ'.
543 1693 753 1764 Φριττω
772 1694 848 1757 δὲ,
871 1694 1002 1748 Θεὸν
1024 1696 1195 1765 εὑρὼν
1217 1699 1309 1749 καὶ
1337 1697 1514 1752 λαϐὼν
1537 1699 1636 1768 τῆς
1659 1699 1869 1768 φύσεως

2046 1698 2259 1753 XXVII.
2287 1698 2518 1753 Maximo
2566 1716 2726 1769 porro
2760 1711 2903 1754 metu
2935 1705 3214 1770 percellor,
3273 1721 3338 1760 ne
3386 1718 3536 1776 post-

321 1785 600 1847 κοινωνδν,
631 1787 723 1838 καὶ
741 1786 862 1873 βεῷ
889 1787 1239 1857 τρεφόμενος,
1271 1787 1346 1853 ὡς
1367 1790 1596 1861 τρώγων
1619 1793 1677 1844 τὸ
1713 1792 1871 1863 σῶμα

1983 1779 2137 1860 quam
2163 1789 2329 1844 Deum
2378 1801 2582 1844 natura:
2639 1803 2837 1845 nostra:
2896 1803 3202 1847 consortem
3243 1799 3434 1866 reperi,
3485 1809 3538 1851 et

319 1875 417 1928 xui
439 1875 608 1927 πίνων
628 1873 687 1928 τὸ
716 1870 852 1945 αἷμα
884 1892 899 1906 ⁸
929 1877 1002 1948 μὴ
1034 1877 1127 1931 καὶ
1149 1879 1502 1950 καταφλεχθῶ
1531 1885 1624 1934 νῦν
1655 1883 1874 1951 μᾶλλον,

317 1967 384 2018 οὺ
415 1965 651 2037 καθαρὸς
702 1966 798 2019 τοῦ
843 1966 1084 2039 καθαροῦ
1150 1960 1618 2041 προσαπτόμενος,
1667 1974 1760 2024 καὶ
1809 1975 1875 2042 τῇ

319 2058 577 2128 κοινωνίᾳ
633 2058 788 2112 κοινὰ
841 2059 910 2111 τὰ
947 2062 1149 2129 φρικτὰ
1199 2062 1572 2133 λογισάμενος,
1619 2067 1713 2117 καὶ
1745 2065 1878 2117 Θεὸν

319 2145 520 2197 ἐννοῶν
555 2147 647 2198 καὶ
673 2145 815 2215 ὁρῶν
838 2147 1094 2216 δευτέραν
1128 2165 1216 2214 μοι
1240 2150 1333 2202 καὶ
1363 2150 1692 2220 τηλικαύτην
1718 2150 1874 2222 εὐερ-

319 2237 515 2304 γεσίαν
557 2236 1002 2305 κατατιθέμενον,
1030 2237 1207 2306 πολλῷ
1239 2239 1331 2291 καὶ
1361 2241 1457 2309 τῆς
1488 2242 1758 2311 προτέρας
1809 2245 1874 2312 τῇ

317 2326 475 2391 τάξει
503 2326 598 2378 καὶ
641 2329 705 2396 τῇ
748 2325 974 2396 δυνάμει
1019 2329 1306 2398 προτέραν,
1331 2331 1439 2401 ὅσῳ
1487 2332 1604 2384 τότε
1651 2333 1750 2403 μὲν
1778 2334 1877 2401 τῆς

319 2415 548 2479 εἰκόνος,
583 2414 676 2466 νῦν
695 2417 750 2468 δὲ
788 2416 880 2469 καὶ
906 2418 1005 2485 τῆς
1035 2406 1219 2482 οὐσίας
1259 2419 1427 2489 αὐτῆς
1463 2423 1766 2491 μετέδωκε,
1803 2423 1878 2494 μὴ

320 2507 419 2560 καὶ
440 2508 567 2576 περὶ
595 2505 690 2577 τὴν
738 2508 970 2577 ἐσχάτην
1016 2507 1217 2578 ταύτην
1249 2511 1343 2563 καλ⁸
1378 2511 1600 2582 πρώτην
1659 2509 1879 2583 εὖεργε-

321 2597 445 2650 σίαν
475 2595 566 2648 καὶ
588 2597 888 2658 κοινωνίαν,
918 2597 1414 2669 άγνωμονέστερος,
1441 2598 1473 2669 ἢ
1527 2600 1747 2670 προτοῦ,
1791 2603 1882 2669 γέ-

319 2705 498 2756 νωμαι
532 2704 546 2718 ο
575 2690 666 2740 καὶ
688 2687 1000 2757 καθυδρῐσω
1042 2689 1116 2757 μὴ
1146 2687 1242 2759 τὴν
1291 2690 1474 2742 εἰκόνα
1501 2695 1660 2760 μόνον
1680 2731 1695 2756 ,
1747 2693 1881 2746 ἀλλὰ

321 2777 419 2831 καὶ
447 2776 509 2828 τὺ
529 2775 829 2847 ἀρχέτυπον
858 2790 872 2807 ο
903 2779 951 2828 εἰ
997 2777 1089 2830 καὶ
1118 2777 1429 2848 καθυϐρίσω
1463 2761 1560 2848 μέν
1598 2778 1729 2848 ἐγὼ,
1754 2781 1882 2834 καθα

322 2867 607 2938 υῦρίζεται
637 2869 691 2919 δὲ
720 2867 850 2930 Θεὸς
890 2867 1155 2937 οὐδαμῶς.
1189 2868 1398 2939 Φρὶττω
1432 2870 1525 2920 καὶ
1554 2869 1676 2922 ὅσον
1732 2869 1881 2922 οὔπω

319 2962 416 3014 τὸν
437 2959 838 3029 ἀκριϐέστερον,
868 2961 900 3028 ἢ
951 2959 1174 3028 πρότου,
1204 2958 1547 3029 λογιζόμενος
1573 2961 1878 3029 νομοδότην,

321 3054 390 3105 οὺ
417 3051 804 3121 νομοθετοῦντα
829 3050 988 3119 μόνον
1011 3034 1121 3112 τοῖς
1148 3053 1390 3119 ῥήμασιν
1408 3090 1423 3114 ,
1469 3052 1603 3105 ἀλλὰ
1643 3055 1736 3105 καὶ
1781 3071 1883 3104 πα-

1983 1880 2365 1945 animadverti,
2393 1890 2677 1950 postquam
2715 1882 2877 1933 etiam
2909 1881 3017 1936 Deo
3049 1887 3311 1950 ettutrior,
3357 1897 3539 1954 utpote

1979 1969 2068 2035 qui
2099 1976 2151 2020 et
2185 1983 2380 2035 corpus
2412 1967 2528 2035 ejus
2575 1968 2892 2021 manducent
2923 2009 2937 2034 ,
2979 1980 3032 2024 et
3082 1974 3398 2042 sanguinem
3453 1976 3536 2029 bi-

1979 2055 2100 2109 bam
2133 2055 2232 2123 (5),
2264 2055 2661 2108 comburendos
2695 2056 2940 2110 acerbius
2971 2057 3077 2126 igni
3116 2059 3226 2128 jam
3267 2061 3406 2114 tradi
3442 2063 3538 2116 dc-

1978 2145 2153 2210 bcam,
2188 2146 2443 2212 quoniam
2478 2161 2646 2212 purus
2681 2161 2786 2198 non
2841 2148 3108 2200 cxsistcns
3142 2151 3404 2218 attingere
3434 2167 3535 2220 pu-

1979 2249 2101 2287 rum
2140 2235 2333 2298 audeo,
2385 2242 2438 2288 et
2497 2246 2714 2302 prOpter
2767 2237 3215 2290 consuetudinem
3270 2255 3356 2301 ea,
3414 2256 3536 2306 uita:

1977 2325 2210 2378 maxime
2241 2326 2514 2378 tremenda
2545 2334 2689 2390 sunt,
2727 2326 2887 2379 vcluti
2922 2329 3229 2380 communia
3264 2331 3534 2397 arbitror;

1980 2415 2321 2468 vehementer
2382 2414 2577 2478 timeo,
2631 2431 2696 2468 ne
2756 2415 2882 2468 dum
2925 2427 3072 2470 certo
3122 2419 3237 2471 scio
3271 2434 3333 2473 ac
3370 2421 3537 2473 veluti

1978 2520 2141 2559 Cerno
2203 2506 2392 2570 Deum,
2449 2508 2550 2560 hoc
2597 2507 2823 2560 alterum
2871 2507 3004 2560 mihi
3054 2517 3268 2576 tamque
3329 2510 3541 2576 insigne

1980 2597 2344 2652 conferentem
2382 2597 2723 2660 beneﬁcium,
2750 2599 2894 2666 quod
2923 2607 2975 2652 et
3003 2598 3328 2667 dignitatcet
3347 2601 3543 2654 virtute

1981 2689 2136 2758 longe
2165 2689 2324 2742 etiam
2378 2690 2553 2758 primo
2620 2688 2710 2740 illo
2768 2689 3162 2757 prtctrclleutius
3197 2700 3308 2750 est,
3343 2698 3544 2759 quanto

1982 2781 2187 2834 scilicet
2217 2781 2448 2848 imagine
2476 2794 2592 2842 sua,
2628 2794 2788 2846 quam
2819 2790 2942 2833 tunc
2970 2779 3344 2850 cstelargitns,
3367 2785 3544 2849 pot'or

1981 2881 2064 2923 cst
2118 2871 2230 2938 ipsa
2289 2871 2611 2931 substantia,
2652 2885 2809 2937 quam
2853 2868 3007 2921 nobis
3035 2885 3178 2922 nunc
3208 2871 3540 2938 participan-

1982 2961 2100 3012 dam
2131 2960 2360 3026 prmbuit
2402 2975 2416 3024 ;
2453 2974 2675 3020 νει-εον,
2716 2959 2972 3023 inquam,
3011 2972 3076 3011 ne
3119 2957 3378 3012 adversus
3441 2959 3541 3012 hoc

1982 3067 2194 3117 quoque
2230 3060 2557 3118 postremum
2584 3059 2741 3115 atque
2780 3050 3020 3101 omnium
3055 3050 3348 3102 maximum
3377 3051 3509 3104 bene

325 3139 681 3212 ραδεικνύντα
704 3143 812 3201 τοῖς
841 3141 1125 3209 πράγμασι
1152 3143 1244 3192 καὶ
1285 3142 1394 3202 τοῖς
1445 3141 1880 3212 νομοθετηθεῖσιν

1985 3141 2160 3193 licium
2204 3143 2372 3208 magis
2440 3144 2599 3198 etiam
2663 3156 2823 3206 quam
2879 3140 3140 3193 adversus
3192 3149 3346 3193 vetus
3382 3140 3536 3201 illud,

325 3231 464 3298 ἡμῖν
493 3227 688 3299 παρεξε
697 3226 822 3289 ταζό
829 3244 1004 3295 μενον.

1984 3227 2227 3297 ingratus
2251 3228 2497 3290 evadant,
2527 3239 2578 3280 et
2609 3242 2714 3279 non
2762 3227 3049 3292 imaginem
3091 3226 3288 3291 modo,
3339 3227 3433 3280 sed
3487 3234 3541 3278 et

328 3318 510 3390 ipsum
569 3321 914 3388 archetypum
959 3314 1154 3384 injuria
1204 3313 1450 3378 alliciam,
1513 3321 1790 3381 utcunque
1843 3312 2046 3368 inferre
2110 3313 2324 3382 quidem
2360 3316 2472 3383 ipse
2528 3314 2790 3387 injuriam
2850 3313 3074 3379 possim,
3110 3314 3543 3380 prrccelsiorau-

331 3424 439 3468 tem
475 3414 544 3468 sit
579 3411 736 3475 Deus,
766 3425 926 3479 quam
964 3419 1018 3460 ut
1069 3407 1206 3476 tangi
1242 3405 1456 3476 injuriis
1500 3405 1636 3460 meis
1684 3407 1870 3476 possit.
1915 3403 2016 3459 Sed
2038 3415 2090 3460 et
2117 3420 2382 3466 summus.
2441 3406 2483 3460 si
2513 3420 2750 3473 unquam
2819 3404 2972 3466 alias,
2999 3417 3083 3456 me
3105 3418 3272 3470 pavor
3293 3413 3540 3473 occupat,

326 3491 458 3560 dum
490 3504 811 3559 severiorem
839 3517 999 3569 quam
1038 3510 1192 3553 antea
1220 3499 1583 3568 Tegislatorem
1651 3497 1914 3565 recogito,
1953 3497 2045 3565 qui
2106 3496 2318 3551 vivendi
2373 3510 2614 3550 normam
2655 3510 2760 3548 non
2818 3495 2976 3547 modo
3021 3494 3197 3547 verbis
3247 3496 3540 3562 propesuit,

326 3613 518 3653 verum
575 3596 733 3649 etiam
777 3594 1030 3656 operibus
1087 3593 1568 3658 commonstravit,
1631 3591 1895 3659 nobiSque
1933 3591 2036 3662 legi
2061 3589 2317 3656 subjectis
2344 3587 2620 3643 accenseri
2654 3587 2838 3641 voluit.

402 3690 534 3741 κη’.
558 3686 743 3756 Χαίρω
767 3685 824 3736 δὲ
847 3685 937 3736 καὶ
966 3684 1051 3735 διὰ
1087 3684 1258 3736 πάντα
1289 3683 1385 3751 μὲν
1402 3682 1565 3736 τᾶλλα
1596 3698 1610 3712 '
1638 3682 1754 3746 πῶς
1776 3681 1882 3750 γάρ

325 3777 392 3831 οὔ
417 3795 431 3841 ;
459 3777 518 3828 ού
548 3776 700 3845 μόνοιν
731 3777 827 3842 τῆς
853 3773 1117 3840 τιμωρίας
1139 3758 1604 3840 ἐλευθερούμενος,
1638 3773 1771 3824 ἀλλὰ
1793 3774 1882 3825 καὶ

329 3865 642 3933 θεούμενος,
676 3864 732 3914 ού
764 3863 922 3929 μόνον
947 3862 1009 3912 ὲκ
1049 3864 1148 3926 γῆς
1194 3863 1548 3927 ἀναγόμενος,
1606 3861 1740 3913 ἀλλά
1793 3863 1884 3912 καὶ

330 3959 410 4018 εἰς
435 3955 533 4022 τὴν
569 3952 727 4020 Ἐδὲμ
756 3950 1124 4017 εἰσαγόμενος,
1155 3949 1350 4016 μᾶλλον
1371 3949 1425 3999 δὲ
1465 3949 1555 3998 καὶ
1583 3949 1661 4008 εἰς
1688 3950 1883 4010 αὐτοὺς

328 4046 460 4105 τοὺς
488 4041 744 4111 οὐρανοὺς
774 4038 1057 4107 αἰρόμενος
1089 4052 1101 4065 ·
1134 4037 1192 4087 οὺ
1231 4037 1323 4088 τοῦ
1357 4036 1550 4105 ἐχθροῦ
1585 4037 1842 4103 λυόμενος
1867 4074 1882 4100 ,

331 4133 472 4188 ἀλλὰ
523 4133 614 4184 καὶ
672 4129 746 4200 τῷ
783 4127 999 4182 Βασιλεῖ
1050 4126 1541 4196 προσκολλώμενος,
1590 4126 1720 4192 ὁμοῦ
1784 4126 1882 4194 μὲν

332 4225 516 4291 πάσης
546 4218 1008 4290 ἀπολυτρούμενος
1042 4219 1136 4285 τῆς
1170 4216 1461 4284 ἁμαρτίας,
1511 4215 1643 4283 ὁμοῦ
1697 4215 1751 4265 δὲ
1793 4215 1883 4266 καὶ

330 4317 465 4384 ὅλης
495 4313 592 4382 τῆς
635 4311 860 4382 Τριάδος
911 4307 1390 4377 ἀναπιμπλάμενος
1421 4323 1434 4336 ο

331 4408 534 4476 ἔχθρας
561 4402 944 4470 ἀπολυόμενος,
1000 4400 1132 4451 ἀλλά
1175 4399 1267 4450 καὶ
1298 4398 1388 4449 τὸν
1422 4397 1676 4465 μονοῖενῆ
1715 4397 1882 4461 λέγον

1484 4308 1581 4374 οὐχ
1629 4307 1747 4357 ὅσον
1786 4309 1882 4375 τῆς

2054 3677 2286 3732 XXVIII.
2323 3676 2498 3732 Laetor
2523 3693 2649 3732 vero
2684 3678 2753 3732 ob
2780 3677 2886 3731 alia
2919 3678 3119 3732 omnia.
3147 3675 3246 3740 Qui
3283 3674 3423 3729 enim
3446 3674 3544 3726 ali-

1986 3772 2106 3823 ter?
2138 3769 2250 3822 Non
2295 3768 2450 3821 modo
2472 3769 2612 3821 cttim
2642 3782 2672 3821 e
2707 3768 2971 3835 supplicio
3003 3768 3222 3826 liberer,
3259 3767 3348 3818 sed
3379 3764 3539 3817 etiam

1984 3859 2173 3912 divina:
2223 3873 2445 3910 consors
2463 3870 2669 3909 naturae
2699 3858 2908 3920 evado;
2941 3871 3044 3909 non
3105 3857 3266 3908 modo
3312 3871 3341 3909 e
3395 3867 3539 3906 terra

1982 3948 2180 4016 erigor,
2219 3961 2403 3998 verum
2429 3946 2591 3998 etiam
2629 3945 2682 3996 in
2707 3943 2854 3996 Eden
2905 3944 3243 4006 introducor,
3301 3959 3396 3996 seu
3442 3960 3537 4010 νη-

1991 4038 2095 4090 tius
2126 4037 2175 4088 in
2212 4036 2374 4088 corios
2411 4035 2556 4102 ipsos
2584 4034 2820 4096 evehor;
2859 4049 2966 4085 non
3018 4033 3192 4084 solum
3229 4047 3258 4085 e
3290 4033 3539 4085 manibus

1989 4128 2191 4181 initnici
2228 4125 2446 4195 eripior,
2484 4126 2574 4180 sed
2614 4126 2834 4192 insuper
2873 4122 3002 4192 Regi
3056 4124 3334 4186 associor;
3377 4124 3539 4176 simul

1987 4223 2053 4273 ab
2084 4219 2227 4272 omni
2254 4229 2468 4287 peccato
2493 4218 2745 4282 redimor,
2776 4226 2828 4271 et
2861 4217 3018 4271 simul
3053 4218 3220 4269 totius
3258 4216 3540 4270 Trinitatis

1990 4313 2246 4379 templum
2327 4310 2662 4373 constituor;
2740 4308 2936 4361 nedum
3010 4307 3190 4361 divina
3242 4309 3540 4369 inimicitia

1991 4401 2220 4466 eximor,
2250 4401 2339 4455 sed
2369 4416 2398 4453 e
2443 4413 2706 4454 converso
2733 4399 3066 4466 unigenitum
3125 4397 3354 4450 Verbum
3395 4397 3539 4450 dono

331 4493 998 4560 ἀντικαταλλασσόμενος·
1047 4491 1142 4558 οὐχ
1218 4489 1338 4540 ὅσον
1401 4488 1545 4555 θῦμα
1597 4485 1884 4554 λαμϐάνων

1996 4493 2212 4560 recipio,
2247 4506 2477 4558 eumque
2511 4490 2679 4542 habeo
2706 4503 2810 4541 non
2837 4489 2993 4541 modo
3026 4497 3084 4539 ut
3136 4487 3408 4540 victimam
3446 4504 3540 4540 c0-

335 4586 471 4655 ἔμοῦ
503 4585 890 4652 προθυόμενον,
927 4580 1060 4633 ἀλλὰ
1092 4581 1184 4632 καὶ
1241 4580 1363 4649 ἐμοὶ
1400 4578 1653 4647 Θυόμενόν
1688 4594 1743 4627 τε
1795 4577 1886 4627 καὶ

331 4675 663 4741 ἐσθιόμενον.

408 4763 536 4814 KG'.
570 4762 756 4830 Χαίρω
791 4759 887 4828 μὲν
918 4759 1008 4812 οὖν
1044 4760 1136 4817 καὶ
1182 4759 1268 4811 διὰ
1295 4757 1464 4809 ταῦτα
1506 4759 1596 4809 καὶ
1624 4757 1688 4807 τά
1719 4757 1884 4808 πλείω

331 4854 557 4906 τούτων.
605 4852 793 4918 Χαίρω
836 4851 893 4903 δὲ
922 4853 1072 4904 οὐδὲν
1101 4848 1295 4922 ἦττον,
1333 4849 1380 4900 εὶ
1416 4848 1487 4916 μὴ
1525 4849 1616 4899 καὶ
1653 4847 1883 4914 μᾶλλον,

331 4945 423 4995 διὰ
471 4940 564 5005 τὴν
601 4939 805 4990 τούτων
843 4940 1020 4991 αὐτῶν
1054 4940 1322 5009 πρόφασιν
1362 4936 1394 5006 ἢ
1429 4934 1746 5001 ἀσφάλειαν,
1794 4936 1884 4984 καὶ

333 5035 418 5085 ὅτι
473 5046 562 5099 μοι
594 5029 702 5080 τῶν
730 5029 996 5080 τοσούτων
1047 5031 1138 5081 καὶ⁸
1171 5025 1498 5095 τηλικούτων
1547 5027 1578 5092 ἡ
1619 5024 1710 5075 τοῦ
1750 5023 1881 5090 ἐμοῦ

333 5123 525 5190 γένους
566 5118 805 5187 θυγάτηρ
843 5119 1129 5186 πρόξενος”
1171 5117 1302 5170 ἀλλὰ
1344 5116 1437 5168 καὶ
1471 5111 1624 5174 αὖθις
1658 5112 1883 5178 σφαλλο-

338 5211 484 5281 μένῳ
511 5207 669 5260 πάλιν
699 5208 732 5275 ὴ
762 5207 1013 5267 ἐπάνοδος
1041 5210 1074 5277 ἡ
1105 5207 1262 5276 αὐτὴ,
1309 5207 1401 5257 καὶ
1431 5204 1564 5273 πρὸς
1593 5203 1684 5254 τὸν
1711 5202 1881 5261 οὕτως

333 5303 437 5373 ἤδη
475 5296 876 5364 καταλλαγέντα
905 5298 1040 5366 μετὰ
1071 5284 1327 5368 δευτέραν
1357 5295 1549 5366 ἔχθραν
1580 5296 1673 5348 καὶ
1700 5291 1879 5346 ἀδιάλ-

334 5394 531 5445 λακτον
572 5391 731 5456 ἑτέρα
780 5386 1082 5449 διαλλακτὶς
1137 5383 1399 5458 εὓρηται·
1449 5388 1541 5438 καὶ
1591 5384 1880 5454 φάρμακον

341 5483 479 5560 μετὰ
510 5481 763 5550 δευτέραν
793 5479 887 5531 καὶ
914 5478 1124 5534 τελείαν
1149 5481 1478 5547 ἀπόγνωσιν,
1513 5479 1607 5531 καὶ
1648 5474 1880 5544 άνάκληυ

1995 4597 2104 4633 ram
2141 4598 2226 4632 tne
2266 4581 2595 4631 inttnolatam
2631 4593 2726 4644 pro
2764 4593 2867 4639 me,
2916 4578 3005 4629 sed
3043 4585 3297 4644 prmterea
3347 4578 3513 4629 immo

1991 4674 2150 4722 latam
2176 4681 2226 4721 et
2263 4669 2325 4720 ad
2360 4669 2678 4720 vescendum
2715 4666 2846 4717 mihi
2873 4665 3223 4731 propositam.

2063 4757 2244 4810 XXIX.
2299 4758 2515 4809 Gaudeo
2573 4757 2736 4822 igitur
2785 4765 2895 4805 tum
2953 4761 3174 4821 propter
3231 4753 3369 4814 ista,
3426 4763 3532 4806 tum

1992 4858 2211 4915 propter
2244 4845 2347 4897 alia
2393 4845 2475 4896 his
2503 4845 2731 4911 potiora.
2767 4842 2949 4895 Nihilo
2979 4849 3156 4894 autem
3200 4842 3399 4904 minus,
3429 4842 3536 4894 imo

1988 4937 2126 4990 forte
2153 4935 2313 4988 etiam
2356 4934 2546 5000 magis,
2581 4934 2646 4986 de
2687 4933 2876 4986 horum
2920 4934 3204 4985 occasione
3248 4942 3299 4985 et
3334 4935 3535 4986 securi-

1988 5034 2094 5080 tate
2141 5024 2383 5094 gaudeo,
2437 5034 2489 5077 et
2536 5024 2661 5091 quia
2713 5031 2788 5076 tot
2835 5034 3219 5091 tantorumque
3272 5023 3532 5075 bonorum

1984 5117 2323 5172 conciliatrix
2377 5115 2642 5169 exstiterit
2688 5116 2901 5182 generis
2959 5116 3058 5166 mei
3109 5115 3250 5178 lilia;
3319 5116 3536 5182 insuper

1984 5217 2164 5260 autem
2219 5206 2360 5276 quod
2410 5224 2600 5262 rursus
2662 5207 2996 5259 aberrantem
3053 5205 3163 5271 ipsa
3223 5221 3410 5257 rursus
3478 5204 3527 5254 in

1988 5297 2125 5348 viam
2151 5297 2502 5359 revocaverit,
2537 5307 2700 5365 atque
2727 5298 2796 5348 ita
2825 5297 2871 5348 ei
2898 5294 2988 5361 qui
3016 5294 3126 5360 jam
3155 5293 3533 5362 reconciliatus

1988 5385 2185 5448 fuerat,
2236 5397 2355 5455 post
2402 5389 2692 5442 secundam
2743 5385 3100 5445 inimicitiam,
3148 5393 3264 5434 tttttt
3300 5383 3534 5435 acet-bin

1987 5477 2210 5540 simam,
2249 5477 2364 5547 ipsa
2411 5478 2601 5531 iterum
2636 5487 2848 5530 ostensa
2883 5476 2950 5529 sit
2993 5473 3386 5526 reconciliatrix
3413 5512 3426 5532 ,
3470 5482 3521 5524 ct

417 5686 491 5752 (5)
545 5680 917 5738 Luculentum
958 5681 1126 5754 habes
1176 5681 1543 5736 testimonium
1606 5677 1879 5734 catholica:
1920 5677 2039 5734 fidei
2087 5679 2232 5734 circa
2308 5681 2744 5750 augustissimum
2794 5675 3144 5730 Eucltaristia:
3222 5687 3531 5728 sacramen-

337 5764 391 5808 tu
421 5779 468 5809 ει.
