4126 6332
666 307 770 371 8S3

1889 301 2208 361 JOANNIS
2246 303 2673 367 GEOMETR/E

3752 309 3856 372 81H

733 413 968 469 XXXIV.
1016 414 1090 467 Ita
1141 427 1271 468 sane
1298 412 1476 466 omnis
1528 419 1752 473 natura,
1805 422 1868 463 ac
1913 425 1998 463 res
2030 425 2216 462 omnes

2387 412 2504 466 AA'.
2553 414 2690 466 Ἀλλ’
2720 413 2862 467 οὓτω
2895 413 2992 485 μὲν
3013 414 3172 482 φύσις
3195 414 3289 486 ὅλη
3320 415 3412 468 καὶ
3438 416 3610 478 κτίσις
3639 417 3736 486 ὅλη
3763 420 3860 470 καὶ

664 515 856 560 creata:
901 515 953 559 et
989 507 1226 558 salutant
1258 521 1396 567 eam,
1436 520 1555 573 qua:
1601 504 1815 558 coalitus
1848 503 2081 556 salutata
2109 511 2211 566 est,

661 609 716 650 et
777 597 948 651 laudis
1003 598 1264 651 tributum
1318 598 1391 650 illi
1452 596 1800 667 persolvunt,
1854 611 1976 665 qua:
2032 596 2215 649 omnia

662 695 962 753 portantem
1011 696 1207 755 portat.
1248 685 1387 752 Quid
1433 701 1562 740 vero
1603 685 1747 740 nos?
1778 701 1908 738 num
1947 700 2078 740 vero
2112 685 2214 740 soli

663 776 717 829 in
762 776 862 828 hoc
902 777 1102 828 tributo
1137 775 1396 830 solvendo
1434 774 1595 845 pigri,
1628 788 1907 842 segreges,
1937 781 1991 828 et
2019 771 2212 842 ingrati

662 864 1080 932 apparebimus?
1114 864 1222 920 Seu
1252 867 1434 929 etiam,
1465 879 1756 934 qnamnam
1787 864 2000 918 demum
2032 871 2216 932 gratu-

663 953 910 1007 lationem
939 969 1002 1008 ac
1033 969 1226 1009 munus
1259 955 1361 1023 ipsi
1410 952 1719 1017 afferemus,
1753 967 2065 1021 quanquam
2097 966 2216 1020 gra-

662 1045 749 1098 tiis
797 1044 977 1113 potius
1028 1045 1108 1099 sic
1156 1044 1572 1114 locupletemnr,
1620 1058 1782 1112 quam
1816 1043 2090 1111 quidpiam
2138 1041 2212 1094 illi

660 1133 994 1186 tribuamus?
1048 1134 1111 1186 Et
1162 1134 1557 1202 gratulabimur
1608 1131 1870 1200 profecto,
1921 1140 1976 1183 et
2017 1131 2210 1183 offere-

657 1238 816 1288 mus;
848 1223 940 1276 sed
969 1223 1098 1290 quid
1146 1224 1399 1290 amplius,
1427 1236 1588 1289 quam
1617 1222 1760 1274 hunc
1793 1220 1969 1288 ipsum
2005 1233 2212 1272 sermo-

658 1327 802 1375 nem,
834 1327 992 1380 quem
1023 1321 1076 1364 et
1118 1312 1228 1381 jam
1265 1311 1585 1373 obtulimus,
1618 1306 1711 1364 seu
1749 1311 1930 1380 porius
1958 1325 2116 1378 quem
2154 1310 2206 1361 in

658 1410 998 1480 antecessum
1044 1418 1072 1455 a
1113 1404 1276 1457 verbo
1328 1403 1516 1457 matris
1564 1402 1674 1470 jam
1713 1399 2040 1454 retulimus?
2075 1397 2207 1450 Nam

660 1494 801 1546 hunc
837 1507 1050 1561 quoque
1100 1503 1380 1561 acceptum
1431 1493 1508 1545 illi
1558 1491 1844 1545 referimus
1878 1489 2038 1543 simul
2084 1503 2208 1542 cum

2315 505 2621 568 προσφωνεί
2639 502 2737 570 τὴν
2767 504 3243 573 προσφωνηθεϊσαν
3267 503 3469 556 ἄνωθεν
3489 518 3503 533 ⁶
3535 505 3627 556 καὶ
3647 521 3858 557 συνειση

2311 589 2467 660 φέρει
2497 593 2562 660 τῇ
2609 591 2849 662 φερούσῃ
2875 591 2964 644 τὸν
2997 593 3168 645 πάντα
3197 592 3448 662 φέροντα.
3481 591 3546 645 Τί
3583 593 3627 645 δ’
3656 595 3855 662 finde;

2311 681 2622 744 ἁσυντελεϊς
2649 681 2906 750 ὀφθῶμεν
2935 680 3082 750 μόνοι
3109 683 3202 735 καὶ
3227 681 3576 752 ἁκοινὼνητοι
3605 683 3701 736 καὶ
3719 683 3859 752 ἀχά-ν

2316 787 2520 840 ριστοι;
2548 772 2581 843 ἥ
2613 772 2664 825 τί
2689 772 2782 824 καὶ
2804 771 3290 842 προσφθεγξόμεθα
3315 773 3409 826 καὶ
3437 774 3858 843 συνεισοίσομεν,

2312 865 2405 916 καὶ
2446 863 2794 934 χαρισθῶμεν
2840 864 3035 934 μᾶλλον
3068 864 3100 932 ἢ
3131 863 3503 934 χαρισόμεθας
3552 864 3662 917 Καὶ
3689 880 3860 934 προσ-

2315 952 2665 1022 φθεγξόμεθα
2701 954 2902 1023 δηλαδὴ
2938 955 3030 1006 καὶ
3058 953 3493 1024 συνεισοίσομενο
3523 952 3576 1005 τί
3595 953 3650 1005 δὲ
3679 951 3860 1014 πλέον,

2320 1044 2351 1112 ἢ
2375 1044 2466 1095 τὸν
2487 1043 2663 1110 λόγον,
2685 1043 2744 1096 ὃν
2775 1045 2868 1096 καὶ
2894 1043 2992 1113 ἤδη
3016 1043 3526 1113 συνεισηνέγκαμεν,
3554 1041 3752 1112 μᾶλλον
3781 1041 3863 1103 δὲ,

2311 1133 2369 1185 ὃν
2400 1135 2492 1186 καὶ
2518 1135 2618 1203 ήδη
2645 1133 2738 1185 τοῦ
2767 1135 2866 1202 τῆς
2891 1134 3110 1205 Μητρὸς
3143 1136 3312 1202 Λόγου
3332 1133 3863 1207 προαπηνέγκαμενς

2310 1224 2432 1274 ἐπεὶ
2459 1223 2554 1274 καὶ
2586 1217 2738 1284 οὗτος
2770 1225 2900 1291 ἡμῖν
2928 1225 2990 1276 ἐκ
3036 1223 3239 1295 ταύτης
3268 1227 3404 1293 μετὰ
3425 1241 3491 1292 τε
3536 1224 3642 1277 τῶν
3664 1223 3863 1282 ἄλλων,

2309 1307 2384 1365 ὧν
2406 1329 2462 1364 τε
2502 1312 2595 1364 νῦν
2628 1313 2819 1380 ἔχομεν
2863 1314 3098 1380 ἀγαθῶν,
3129 1315 3221 1366 καὶ
3253 1307 3327 1366 ὧν
3346 1314 3538 1383 ἕξομεν
3558 1329 3572 1342 ·
3616 1311 3774 1379 ὀλίγα
3800 1311 3868 1379 δὴ

2310 1400 2664 1461 τελευτῶντες
2685 1403 2776 1453 καὶ
2792 1401 3273 1471 προσφθεγξόμεθα
3303 1403 3396 1454 καὶ
3415 1402 3589 1472 ψυχὴν
3621 1401 3733 1470 ἅμα
3772 1401 3870 1452 καὶ

2313 1489 2602 1569 φωνὴν-καὶ
2617 1489 2789 1558 στόμα
2803 1491 2894 1540 καὶ
2907 1489 3060 1556 λόγον
3072 1492 3135 1542 ὲκ
3150 1490 3251 1559 τῆς
3268 1493 3484 1559 μνήμης
3497 1489 3867 1558 ἁγιαζόμενοι.

658 1583 780 1637 aliis
811 1583 987 1645 bonis,
1032 1591 1143 1635 tum
1188 1599 1308 1651 quae
1341 1583 1408 1635 ab
1448 1583 1563 1651 ipsa
1604 1582 1716 1649 jam
1763 1580 2049 1645 habemus,
2097 1589 2208 1634 tum
2242 1595 2363 1647 qua:
2403 1580 2637 1632 habituri
2687 1596 2899 1636 sumus.
2928 1580 3114 1635 Finem
3147 1582 3309 1651 igitur
3355 1581 3565 1637 dicendi
3604 1580 3869 1635 facientes

660 1687 791 1741 pura
817 1682 991 1725 mente
1010 1672 1168 1726 simul
1215 1680 1267 1725 et
1299 1687 1428 1726 voce
1455 1680 1509 1725 et
1540 1686 1634 1724 ore
1663 1679 1714 1724 et
1737 1684 1986 1724 sermone
2006 1683 2200 1738 pauca,
2243 1678 2403 1738 prout
2433 1680 2761 1724 succurrunt
2787 1671 2987 1734 animo,
3018 1671 3379 1725 aeclamantes
3403 1672 3686 1726 addamus.

731 1761 940 1816 XXXV.
980 1763 1110 1824 Ave,
1145 1763 1338 1832 puella,
1372 1771 1543 1815 mater
1586 1760 1766 1824 Verbi,
1789 1776 1852 1816 ac
1885 1762 2058 1830 primo
2090 1763 2209 1831 qui-

2352 1759 2503 1813 oAE'.
2530 1762 2720 1829 Χαῖρε,
2747 1762 2919 1831 Κόρη,
2947 1763 3008 1813 τὸ
3030 1763 3171 1831 μέγα
3194 1762 3398 1831 θαῦμα,
3425 1761 3519 1814 τοῦ
3542 1756 3713 1830 Λόγου
3749 1763 3874 1830 Μῆ-

658 1850 779 1904 detn
810 1849 951 1902 illius
973 1847 1151 1913 Verbi,
1172 1852 1311 1918 quad
1332 1847 1654 1902 conditionis
1677 1847 2043 1912 estlmmanm,
2065 1847 2210 1901 illius

661 1941 876 2005 deinde,
907 1941 1046 2007 quod
1081 1950 1286 1992 naturae
1334 1947 1532 1992 nostrae
1565 1938 1947 2007 supereminet.
1987 1937 2050 1992 Et
2087 1953 2217 1991 sane

659 2031 790 2084 nihil
812 2030 1017 2083 exstitit
1046 2043 1305 2098 unquam,
1333 2028 1471 2097 quod
1493 2043 1603 2096 prae
1631 2036 1700 2090 te,
1727 2027 1842 2082 sive
1866 2027 1993 2080 dum
2020 2025 2215 2094 profer-

662 2137 747 2176 res
767 2119 1002 2174 Verbum
1026 2122 1136 2174 sive
1166 2131 1452 2189 antequam
1481 2118 1769 2188 proferres,
1797 2119 2096 2187 sapientius
2122 2119 2218 2172 lia-

663 2211 772 2263 beri
803 2220 984 2279 queat,
1019 2221 1070 2264 et
1095 2211 1293 2263 exinde
1327 2209 1458 2261 nihil
1499 2209 1966 2262 accommodatum
2004 2208 2215 2275 magis;

667 2310 828 2369 atque
879 2302 947 2352 ita
1005 2298 1126 2352 Eva:
1186 2299 1480 2352 remedimn
1535 2298 1774 2362 evasisti,
1817 2299 2214 2364 sapientissima

670 2404 863 2457 nempe
892 2388 1422 2455 imprudentissimaz.
1457 2387 1513 2440 Id
1555 2402 1715 2455 porro
1771 2396 1825 2440 et
1853 2385 2090 2440 Verbum
2131 2396 2213 2439 te-

666 2488 860 2539 statur,
880 2479 971 2546 qui
1014 2478 1144 2540 tc,in
1178 2492 1282 2545 qua
1318 2477 1662 2543 iuliabitaret,
1694 2477 1885 2546 elegit;
1915 2485 2142 2530 testatur
2165 2487 2217 2529 et

669 2579 762 2620 tua
789 2575 912 2620 ante
950 2580 1159 2633 partum
1192 2565 1382 2635 agendi
1413 2566 1571 2628 ratio,
1597 2567 1893 2635 praesertim
1928 2581 2052 2619 vero
2074 2566 2216 2633 quod

668 2674 841 2727 neque
875 2658 1130 2726 angelicis
1184 2659 1358 2711 verbis
1398 2665 1446 2711 te
1483 2657 1652 2726 abripi
1709 2671 1866 2726 passa
1901 2656 2088 2719 fueris,
2123 2671 2218 2709 ne-

666 2765 770 2817 que
802 2748 873 2802 ob
916 2759 1022 2802 tam
1060 2748 1309 2801 sublimia
1347 2747 1538 2801 deinde
1588 2747 1838 2816 mysteria
1871 2747 2212 2809 iutuznueris,

669 2857 852 2895 verum
884 2855 1033 2910 aeque
1064 2840 1381 2908 prudentem
1416 2850 1465 2895 te
1495 2849 1546 2893 et
1580 2850 1871 2910 antequam
1903 2840 2215 2909 conciperes

665 2946 720 2987 et
751 2943 1026 3002 postquam
1067 2931 1381 3000 concepisti,
1411 2931 1732 2985 ostenderis.
1767 2929 1905 2995 Quid
1954 2946 2080 2984 vero
2113 2947 2208 2984 vo-

668 3023 886 3094 luptatis
917 3031 1170 3093 praeterea
1200 3022 1560 3091 cognitionem
1591 3035 2027 3083 commemorem,
2053 3035 2214 3088 quam

2316 1867 2437 1921 τερ,
2475 1851 2739 1921 πρότερον
2773 1852 2871 1919 μὲν
2900 1851 2994 1903 τοῦ
3034 1851 3155 1904 καθ’
3202 1855 3365 1922 ἡμᾶς,
3416 1851 3637 1920 ὕστερον
3677 1852 3732 1904 δὲ
3775 1855 3874 1903 καὶ

2315 1939 2409 1992 τοῦ
2462 1941 2598 2011 ὑπὲρ
2645 1941 2810 2010 ἡμᾶς.
2852 1941 3016 1994 οὐδὲν
3061 1941 3168 2011 γὰρ
3200 1941 3260 1994 τὺ
3303 1942 3491 2010 φανὲν,
3529 1941 3555 1993 ὅ
3582 1957 3636 1992 τι
3669 1939 3761 1992 σοῦ
3792 1940 3873 2009 τῷ

2315 2029 2472 2098 Λόγῳ
2506 2031 2598 2082 καὶ
2639 2030 2744 2097 πρὸ
2771 2029 2862 2082 τοῦ
2893 2030 3063 2097 Λόγου
3104 2029 3429 2099 σοφώτερον,
3464 2029 3613 2083 ἔνθεν
3657 2029 3765 2081 οὐδ’
3791 2033 3872 2081 ol-

2316 2119 2609 2188 κειότερον·
2669 2121 2762 2171 καὶ
2810 2118 2950 2171 οὕτω
2981 2119 3243 2188 προῆλθες
3280 2117 3420 2182 Εῠας
3451 2119 3512 2172 τὺ
3559 2119 3872 2189 φάρμακον,

2316 2209 2416 2275 τῆς
2446 2209 2817 2278 ἁφελεστάτης
2857 2212 2890 2279 ἡ
2923 2211 3230 2278 σοφωτάτη,
3265 2211 3371 2262 Καὶ
3402 2210 3560 2262 τοῦτο
3603 2213 3877 2279 μαρτυρεῖ

2320 2301 2416 2368 μὲν
2451 2300 2546 2352 καὶ
2576 2303 2604 2351 ὁ
2637 2303 2826 2369 κρίνας
2855 2303 2947 2353 καὶ
2977 2303 3261 2370 ὲνοικήσας
3289 2319 3370 2354 σοι
3389 2302 3578 2368 Λόγος·
3607 2303 3880 2371 μαρτυρεῖ

2316 2387 2372 2439 δὲ
2406 2390 2498 2440 καὶ
2539 2392 2565 2442 ό
2598 2391 2686 2452 σὸς
2726 2391 2830 2460 πρὸ
2860 2390 2952 2443 τοῦ
2983 2392 3140 2445 τόκου
3182 2393 3399 2461 τρόπος,
3430 2391 3554 2445 οὔτε
3591 2409 3877 2462 συναρπα-

2317 2483 2434 2549 γεὶς
2479 2482 2882 2551 ἀρχαγγελικῆς
2931 2485 3024 2534 καὶ
3068 2482 3238 2534 ταῦτα
3289 2485 3400 2545 τοῖς
3432 2485 3687 2552 ῥήμασιν,
3744 2482 3875 2534 οὔτε

2320 2570 2581 2638 φυσηθεὶς
2628 2571 2887 2638 ἀρρήτοις
2920 2571 3061 2622 οὓτω
3090 2572 3183 2623 καὶ
3215 2573 3352 2639 μετά
3392 2572 3560 2625 ταῦτα
3584 2574 3696 2633 τοῖς
3725 2573 3876 2640 πρά-

2318 2674 2544 2726 γμασινο
2579 2659 2691 2709 ἀλλ’
2719 2660 2912 2726 ἐπίσης
2948 2658 3132 2724 φανεὶς
3166 2663 3260 2712 καὶ
3290 2662 3393 2737 πρὸ
3421 2662 3519 2730 τῆς
3556 2661 3876 2729 συλλήψεως

2321 2747 2564 2817 ἀσφαλὴς
2601 2749 2695 2800 καὶ
2747 2750 2882 2816 μετὰ
2926 2747 3020 2816 τὴν
3056 2747 3337 2816 σύλληψιν.
3373 2750 3436 2800 Τί
3484 2750 3538 2801 δὲ
3580 2751 3673 2802 καὶ
3707 2752 3738 2818 ἡ
3770 2744 3878 2817 ¹τῆς

2320 2839 2512 2908 ἡδονῆς
2545 2838 2763 2905 γνῶσις,
2798 2841 2862 2909 ἣν
2892 2842 2922 2906 ἡ
2953 2839 3217 2909 παρθένος
3259 2841 3356 2892 οὐκ
3383 2842 3639 2910 ἔσχηκας,
3667 2842 3702 2912 ἢ
3731 2843 3883 2912 τάχα.

2319 2931 2416 2998 οὐχ
2437 2931 2469 3000 ἡ
2492 2931 2653 2995 πεῖρα
2676 2929 2860 2998 μόνον,
2888 2930 2997 2981 ἀλλ’
3023 2929 3133 2982 οὐδ’
3158 2932 3191 2999 ἡ
3221 2929 3402 2998 ἔφεσις
3425 2949 3440 2996 ;
3466 2930 3606 2983 οὕτω
3637 2947 3728 2984 σου
3756 2932 3875 2983 τῶν

2320 3018 2594 3088 λογισμῶν
2624 3019 2684 3071 τὸ
2719 3021 2996 3088 κριτήριον
3026 3019 3231 3090 ἔρρωτο
3277 3021 3334 3074 ὲν
3372 3019 3562 3090 ἁπαλῷ
3607 3021 3699 3074 καὶ
3726 3021 3885 3091 καλῷ

667 3117 820 3184 virgo
871 3115 1186 3184 persensisti
1237 3125 1538 3181 nunquam,
1571 3126 1664 3164 seu
1700 3111 1878 3179 potius
1911 3127 2072 3180 quam
2109 3125 2213 3164 non

2322 3112 2415 3164 καὶ
2445 3111 2617 3180 νεαρῷ
2650 3112 2741 3163 καὶ
2769 3111 2938 3164 ταῦτα
2975 3112 3052 3179 τῷ
3091 3112 3321 3182 σώματι.

670 3207 830 3258 modo
863 3214 1084 3271 experta
1119 3217 1394 3270 nunquam
1426 3216 1506 3263 es,
1534 3200 1627 3254 sed
1658 3201 1812 3268 cujus
1847 3215 1914 3253 ne
1983 3200 2256 3252 levissimo
2330 3200 2548 3268 quidem
2602 3201 2868 3254 desiderio
2934 3201 3214 3283 sollicitata
3266 3201 3450 3255 fuisti?
3490 3202 3637 3257 Adeo
3685 3217 3885 3274 nempe

674 3304 825 3345 tuum
864 3295 1058 3346 mentis
1093 3291 1354 3358 judicium
1387 3291 1546 3342 etiam
1575 3289 1631 3341 in
1684 3298 1733 3341 te
1764 3289 1960 3340 tenello
1989 3289 2213 3356 pulchro
2249 3297 2302 3341 et
2325 3288 2553 3356 juvenili
2624 3303 2849 3356 corpore
2889 3291 3083 3344 invicte
3113 3292 3455 3358 praevalebat.

742 3379 977 3433 XXXVI.
999 3376 1548 3446 Ave,qumdisjunctis
1564 3374 1979 3442 etimpermistis
1992 3375 2161 3426 unitio
2175 3383 2229 3427 et

675 3469 1296 3534 rommistio,utrumquc
1310 3464 1511 3517 scilicet
1527 3464 1787 3530 utrisque,
1805 3461 2100 3526 evasisti,et
2121 3462 2229 3514 for-

677 3576 760 3611 ina
778 3558 852 3611 illi
876 3556 963 3624 qui
986 3556 1153 3610 forma
1179 3563 1345 3617 caret,
1360 3560 1411 3604 et
1430 3565 1681 3603 mensura
1700 3549 1746 3602 ei
1768 3549 1858 3616 qui
1877 3548 2074 3601 nullam
2095 3556 2224 3600 tem-

676 3651 821 3720 poris
841 3661 1143 3701 mensuram
1170 3645 1393 3708 novit,et
1414 3643 1566 3696 sinus
1582 3642 1626 3693 ei
1645 3642 1735 3708 qui
1754 3640 2049 3693 immensus
2063 3647 2143 3692 est
2163 3651 2225 3715 ac

675 3741 827 3795 sedes
859 3739 930 3792 illi
958 3737 1098 3791 fuisti
1117 3737 1206 3805 qui
1228 3735 1369 3789 nulla
1397 3731 1521 3787 sede
1551 3730 1832 3799 excipitur.
1866 3729 1996 3794 Ave,
2031 3743 2063 3782 ο
2092 3728 2222 3783 sub-

677 3834 853 3885 limior
907 3829 1160 3890 Tlironis,
1204 3826 1489 3881 (Ilierubitn
1525 3823 1842 3892 sapientior,
1869 3831 1920 3876 et
1943 3821 2224 3891 Serapliim

679 3921 1071 3981 natiitnantior;
1104 3931 1134 3973 e
1179 3919 1397 3987 quibus,
1443 3916 1668 3968 aliorum
1721 3914 1933 3983 quidem
1984 3923 2226 3982 ges1atur

680 4011 916 4066 humeris
941 4011 1028 4078 qui
1051 4017 1224 4077 portat
1249 4008 1452 4067 omnia,
1472 4006 1716 4072 exiguam
1741 4005 1976 4072 aliquam
2005 4004 2228 4068 largitur

679 4101 798 4154 aliis
849 4100 1152 4160 scientiam,
1189 4096 1310 4148 aliis
1359 4103 1535 4145 autem
1591 4091 1964 4144 absconditum
2024 4090 2224 4156 ignem,

681 4208 785 4242 non
813 4204 938 4242 vero
975 4189 1186 4254 plentnn
1221 4185 1439 4247 tribuit;
1477 4181 1570 4233 tibi
1595 4195 1720 4232 vero
1749 4187 1947 4239 servat,
1977 4186 2032 4229 ut
2055 4186 2222 4229 totum

685 4279 886 4330 radium
919 4276 1066 4326 illum
1097 4270 1529 4339 primogenitum,
1574 4276 1744 4321 totum
1779 4280 1969 4333 nempe
1997 4263 2225 4316 Verbum

2401 3373 2534 3439 AG".
2573 3374 2761 3441 Χαῖρε,
2788 3376 2890 3425 τῶν
2912 3376 3226 3442 ἁκεράστων
3248 3376 3341 3425 καὶ
3363 3377 3603 3442 ἀμίκτων
3623 3380 3655 3447 ἡ
3682 3381 3885 3448 κρᾶσις

2330 3463 2445 3532 ἅμα
2475 3463 2566 3514 καὶ
2602 3462 2767 3530 μίξις,
2802 3465 2894 3514 καὶ
2929 3465 3248 3533 ἀμφοτέρων
3291 3467 3596 3536 ἀμφότερα,
3627 3471 3884 3537 ἀμόρφου

2326 3555 2515 3618 τύπος,
2551 3551 2779 3622 ὰχρόνου
2830 3555 3045 3623 μέτρον,
3081 3556 3303 3626 ἀπείρου
3354 3558 3570 3620 κόλπος,
3607 3560 3884 3612 ἀστέκτου

2327 3645 2532 3716 θρόνος.
2570 3645 2829 3714 Ἀνώτερε
2864 3645 3083 3716 θρόνων,
3113 3646 3380 3718 σοφώτερε
3416 3649 3714 3717 Χερουϐὶμ,
3745 3649 3886 3716 φλο-

2328 3740 2534 3807 γὼτερε
2565 3737 2831 3806 Σεραφίμο
2863 3737 3084 3791 ἐκείνων
3124 3731 3196 3791 ὧν
3223 3723 3317 3809 μὲν
3347 3738 3514 3808 ὤμοις
3542 3742 3568 3792 ὁ
3604 3740 3780 3808 φέρων
3809 3740 3888 3794 τὰ

2326 3827 2780 3910 πάντανφέρεται,
2814 3822 2892 3890 οἷς
2922 3829 2976 3880 δὲ
3001 3829 3096 3897 τὴν
3128 3829 3329 3896 γνῶσιν
3365 3829 3551 3900 ὀλίγην
3572 3832 3887 3899 χαρίζεται,

2323 3913 2403 3979 οἷς
2449 3918 2503 3970 δὲ
2537 3919 2631 3986 τὴν
2682 3919 2852 3984 φλόγα
2904 3921 3426 3991 συγκεκαλυμμένην
3454 3925 3546 3974 καὶ
3575 3922 3723 3973 οὐδὲν
3749 3921 3890 3990 ὅλην

2325 4007 2643 4073 παρέχεται·
2677 4008 2757 4057 σοὶ
2786 4007 2842 4058 δὲ
2869 4008 2962 4058 καὶ
2990 4008 3336 4076 σπλάγχνοις,
3388 4012 3482 4062 καὶ
3517 4011 3724 4077 γόνασι,
3781 4013 3883 4061 xa‘

2325 4094 2422 4162 τὴν
2453 4097 2663 4156 ἀκτῖνα,
2694 4093 2913 4163 πρώτην
2962 4097 3054 4146 καὶ
3099 4097 3246 4163 ὃλην,
3294 4098 3388 4150 καὶ
3418 4099 3504 4150 τὸν
3532 4100 3700 4165 Λόγον
3734 4101 3890 4163 ὅλον,

2335 4182 2428 4231 καὶ
2455 4182 2520 4248 τῇ
2552 4180 2746 4249 καρδίᾳ
2771 4180 2972 4250 κυούσῃ
3008 4182 3101 4233 καὶ
3128 4186 3241 4245 τοῖς
3281 4183 3479 4253 χείλεσι
3507 4185 3760 4256 τικτούσῃ
3796 4187 3890 4238 δί-

2334 4269 2460 4321 δωσι
2493 4270 2957 4332 κατασπάζεσθαι.
2990 4273 3180 4342 Χαῖρε,
3212 4274 3545 4344 φρικτοτέρα
3574 4273 3893 4340 Ἐξουσιῶν,

684 4379 794 4420 tum
835 4367 1014 4424 corde,
1044 4365 1168 4414 dum
1227 4359 1522 4413 visceribus
1577 4357 1682 4410 luis
1735 4356 1910 4409 adhuc
1962 4356 2217 4409 inclusum

2334 4357 2670 4429 δυνατωτέρα
2693 4361 3002 4430 Δυνάμεων,
3030 4364 3331 4434 κυριωτέρα
3351 4366 3713 4435 Κυριοτὴτων,
3758 4365 3895 4436 ’Λρο

687 4473 808 4510 eum
838 4465 1036 4524 gestas,
1073 4464 1184 4506 tum
1240 4451 1418 4515 labiis,
1449 4449 1576 4503 dum
1609 4455 1733 4517 post
1764 4457 1974 4516 partum
2010 4447 2217 4517 genibus

2333 4448 2442 4516 χῶν
2484 4450 2848 4521 ἀρχικωτέρα,
2917 4453 3294 4523 ’Δρχαγγέλων
3337 4455 3896 4525 εὖδρομωτέρα,“τῶν

687 4551 1002 4602 insidentem
1051 4555 1221 4608 tenes,
1253 4542 1601 4599 deosculer-is.
1637 4543 1766 4603 Ave,
1803 4541 2094 4593 terribilior
2127 4537 2232 4590 Po-

687 4643 986 4703 testatihus,
1017 4638 1283 4708 potentior
1319 4635 1635 4697 Virtutibus,
1663 4633 2031 4686 dominantior
2060 4631 2234 4684 Domi-

687 4730 1014 4790 i-ationibus,
1063 4727 1371 4794 principalis
1422 4722 1841 4791 Principatibus,
1881 4720 2233 4789 Archangelis

686 4819 938 4878 velocior,
966 4817 1217 4868 omnibus
1269 4816 1429 4867 simul
1479 4814 1683 4882 angelis
1718 4812 1882 4865 ditior
1906 4828 1968 4866 ac
2005 4810 2228 4874 beatior,

688 4921 865 4975 utpote
894 4921 1010 4973 quae
1043 4906 1145 4956 vim
1178 4905 1366 4972 agendi
1399 4905 1714 4971 quamlibet,
1749 4913 1909 4970 atque
1939 4915 2129 4956 omnes
2163 4902 2233 4952 si-

689 4997 796 5048 mul
828 4996 1071 5054 virtutes,
1100 4992 1294 5058 quibus
1323 4988 1556 5041 universi
1588 4989 1745 5041 simul
1773 4989 1989 5058 superni
2016 4987 2234 5041 ordines

687 5088 932 5141 exornati
988 5092 1134 5144 sunt,
1167 5089 1220 5133 tu
1252 5080 1364 5132 sola
1396 5089 1594 5132 etcum
1647 5094 1837 5147 magno
1886 5080 2100 5146 quidem
2138 5092 2232 5129 ex-

688 5191 866 5238 cessu,
898 5184 1054 5240 atque
1109 5169 1175 5224 iis
1209 5168 1367 5221 etiam
1418 5168 1626 5235 potiora
1667 5170 1929 5236 possides.
1967 5169 2099 5229 Ave,
2132 5163 2235 5219 Do.

687 5267 829 5321 tniua
863 5263 1069 5317 ordinis
1121 5259 1298 5312 omnis
1347 5273 1410 5310 ac
1453 5259 1704 5324 numinis,
1742 5273 1848 5311 non
1900 5259 2061 5312 modo
2093 5257 2233 5324 quod

2344 4537 2613 4604 ’Λγγέλων
2643 4541 2779 4592 ὅλων
2824 4540 2957 4610 ὁμοῦ
3008 4545 3474 4616 πολυαρκεστέρα,
3510 4545 3688 4606 πάσας
3723 4547 3894 4613 ἐνερο

2329 4628 2482 4693 γείας
2515 4630 2648 4696 όμοῦ
2703 4633 2794 4684 καὶ
2837 4633 3034 4702 ἀρετὰς
3086 4635 3233 4700 ὅλας,
3275 4638 3408 4688 ὅλων
3446 4636 3577 4704 ὁμοῦ
3615 4636 3720 4687 τῶν
3770 4635 3898 4687 ἄνω

2330 4718 2532 4780 τάξεων
2562 4721 2695 4790 μόνη
2724 4725 2815 4775 καὶ
2849 4725 2965 4793 μεθ’
2993 4726 3298 4794 ὑπερϐολῆς
3323 4730 3516 4794 ἔχουσα
3547 4726 3638 4779 καὶ
3667 4726 3725 4777 τὸ
3767 4730 3898 4793 μεῖ-

2331 4809 2440 4873 ζον.
2469 4813 2659 4883 Χαῖρε,
2687 4815 2947 4866 Δέσποινα
2973 4817 3169 4878 παντὸς
3190 4816 3463 4883 τάγματος
3487 4816 3576 4866 καὶ
3600 4814 3896 4882 ὀνόματος,

2331 4901 2390 4952 ού
2417 4900 2507 4953 νῦν
2557 4903 2956 4972 ὀνομαζομένου
3009 4905 3187 4972 μόνον,
3222 4905 3354 4957 ἀλλὰ
3382 4907 3473 4956 καὶ
3514 4906 3592 4966 είς
3631 4904 3718 4955 τὸν
3754 4904 3898 4973 μὲλ-

2333 4988 2510 5043 λοντα·
2550 4995 2804 5063 πείθομαι
2848 4997 2978 5062 γὰρ,
3025 4995 3114 5046 καί
3155 5012 3304 5057 τινας
3347 4995 3530 5057 ἄλλας,
3578 4994 3899 5061 ἀφράστους

2333 5082 2466 5144 τέως
2499 5084 2591 5135 καὶ
2622 5085 2930 5147 ἀγνώστους
2963 5087 3112 5154 ἡμῖν,
3162 5088 3338 5138 ἐκεῖσε
3386 5089 3671 5156 τυγχάνειν
3720 5084 3899 5136 δυνά·

2338 5189 2478 5237 μεις,
2526 5175 2623 5224 καὶ
2667 5175 2920 5238 πείθομαι
2972 5175 3049 5242 τῷ
3101 5178 3426 5247 ἁπορῤήτως
3475 5195 3534 5230 τε
3565 5177 3897 5246 ἀρπαγὲντι,

2346 5260 2436 5309 καὶ
2474 5261 2926 5329 ἁπορῤητοτέρων
2950 5262 3260 5316 ἀκούσαντι.

689 5375 831 5420 nunc
862 5357 1190 5415 nominatur,
1220 5349 1311 5403 sed
1342 5350 1483 5418 quod
1509 5360 1557 5402 et
1589 5351 1638 5402 in
1672 5360 1943 5418 posterum
2012 5348 2416 5414 nominabitur;
2480 5352 2712 5404 arbitror
2739 5353 2882 5403 enim
2948 5356 3204 5418 quasdam
3255 5356 3388 5410 alias
3437 5364 3714 5424 prmtcrea,
3752 5368 3900 5406 non-

687 5449 1058 5500 dum'nomine
1092 5457 1362 5512 quoquam
1429 5441 1774 5509 coinpellatas
1836 5441 2101 5506 nobisque
2173 5437 2404 5505 ignotas,
2443 5441 2550 5494 illic
2582 5457 2706 5494 esse
2753 5442 3010 5504 Virtutes,
3080 5454 3130 5496 ct
3178 5445 3330 5498 fidem
3371 5447 3442 5498 illi
3497 5447 3683 5507 habeo,
3718 5443 3812 5511 qui
3843 5451 3898 5500 et

689 5539 942 5596 im-tlabili
1003 5540 1160 5593 modo
1191 5541 1266 5606 (in
1320 5536 1539 5606 malum)
1576 5548 1759 5606 raptus
1803 5549 1906 5603 ρει,
1936 5547 1990 5592 et
2041 5549 2241 5589 arcana
2281 5535 2503 5604 audivit,
2534 5552 2654 5607 quae
2687 5550 2792 5590 non
2819 5536 2942 5593 licet
2976 5538 3179 5593 homini
3204 5540 3347 5609 loqui
3371 5541 3436 5596 ".

758 5677 799 5709 υ
828 5676 868 5729 ll
895 5676 1016 5730 Cor.
1055 5691 1147 5742 χιι,
1187 5676 1235 5729 ι.
