4126 6332
247 259 362 324 845

1019 259 1269 320 SERMO
1304 260 1384 321 IN
1423 260 1527 322 SS.
1568 258 1915 320 DEIPAR/E
1955 257 2660 320 ANNUNTIATIONEM.

3327 245 3431 321 846

316 368 445 425 'AZ'.
498 373 687 443 Χαῖρε,
730 372 928 442 μείζων
957 373 1050 426 καὶ
1074 374 1182 425 τῶν
1223 372 1399 424 enim
1427 372 1562 424 νόων
1591 372 1684 424 καὶ
1712 370 1798 422 λό’
1824 436 1826 444 ι

1854 411 1867 446 ι
1970 368 2222 423 XXXVII.
2251 370 2379 430 Ave,
2410 371 2565 439 cujus
2594 369 2778 423 laudes
2823 384 2890 423 ne
2941 369 3042 439 ipsi
3074 369 3288 440 quidem
3321 387 3430 425 cre-

249 474 365 526 γων
394 461 626 524 ἔπαινος·
653 462 838 531 θαῦμα
864 463 961 531 οὐχ
989 462 1222 530 ὑμνητὸν
1248 462 1365 515 ὃλον
1396 463 1504 523 τοῖς
1527 461 1793 531 Σεραφὶμ,

247 549 594 604 οὐδὲθεατὸν
641 553 759 604 ὅλον
794 553 901 613 τοῖς
949 542 1248 622 Χερουϐὶμ,
1295 551 1412 604 οὐδὲ
1452 551 1792 618 καταληπτὸν

248 640 372 692 ὅλον
401 643 515 702 ταῖς
544 641 690 704 ὅλαις
717 642 1069 712 ὐψηλοτέραις
1095 629 1554 708 ἣταπεινοτέραις
1586 639 1790 702 τάξεσι.

248 727 444 795 Χαῖρε,
481 730 625 799 χαρᾷ
674 730 771 798 μὲν
808 729 1190 799 συλληφθεῖσα,
1238 729 1377 797 χαρᾷ
1411 714 1465 779 δὲ
1508 727 1790 800 κυηθεῖσα,

249 821 398 888 χαρᾷ
419 820 474 871 δὲ
502 811 594 872 καὶ
614 820 880 888 τεχθεῖσα·
908 821 1050 890 χαρᾷ
1073 819 1127 873 δὲ
1153 815 1305 880 αὖθις
1326 818 1417 869 καὶ
1437 816 1788 878 συλλαδοῦσα,

251 912 349 963 καὶ
379 913 646 978 κυήσασα,
675 913 766 964 καὶ
789 912 1092 981 γεννήσασα
1120 909 1290 978 χαρὰν
1317 909 1410 976 τὴν
1435 911 1606 961 πάντα
1635 907 1787 973 λόγον

251 1001 347 1052 καὶ
378 1002 499 1053 νοῦν
525 1001 911 1072 ὑπερέχουσαν,
940 1002 1032 1054 καὶ
1061 1001 1121 1052 τὸ
1153 1001 1272 1052 ὅλον
1302 1001 1495 1065 εἰπεῖν,
1522 1000 1663 1068 χαρὰ
1688 999 1793 1050 τῶν

246 1091 508 1156 ἐπιγείων
543 1093 678 1144 ὅλων
713 1092 806 1144 καὶ
835 1091 1094 1160 οὐρανίων
1124 1090 1281 1152 ὅλων,
1315 1089 1407 1141 τοῦ
1435 1089 1620 1157 γένους
1665 1089 1796 1140 καύσ

246 1196 424 1248 χημα,
473 1181 580 1232 τῶν
622 1183 864 1251 οὐρανῶν
907 1179 1284 1247 καλλὼπισμα,
1335 1178 1441 1231 τῶν
1477 1179 1796 1248 ἀμφοτέρων

249 1271 472 1340 κόσμων
501 1274 829 1340 κατάκοσμε.

1899 459 2018 512 lites
2034 467 2126 511 aut
2149 458 2468 526 cogitatione
2498 459 2712 527 assequi
2744 468 2836 513 aut
2864 474 3112 515 sermone
3133 461 3320 514 eﬂ‘vrre
3345 479 3432 511 va-

1896 549 2021 602 lent.
2058 547 2186 612 Ave,
2222 548 2517 616 prodigium
2573 550 2712 617 quod
2771 564 2945 617 neque
3008 553 3285 620 Seraphim
3341 569 3436 621 pro

1897 639 2089 692 merito
2130 639 2415 698 celebrare.
2452 652 2620 706 neque
2669 637 2956 694 Cherubim
3000 655 3064 694 ex
3105 641 3249 696 omni
3287 652 3436 710 parte

1894 742 2131 792 cernere,
2163 742 2334 796 neque
2373 727 2515 781 acies
2553 728 2657 780 ulla
2690 729 2935 781 ordinum
2978 731 3272 785 caelestium
3323 733 3436 786 sive

1892 818 2265 873 sublimiorum
2302 819 2413 873 sive
2443 817 2756 872 inferiorum
2791 820 3004 886 penitus
3033 823 3306 887 perviderc
3341 839 3435 888 po-

1896 916 2016 962 test.
2042 908 2171 971 Ave,
2206 922 2323 976 quae
2353 916 2404 961 et
2457 908 2508 960 in
2566 908 2760 974 gaudio
2805 917 3060 975 concepta
3106 909 3269 970 fuisti,
3293 919 3344 962 et
3379 911 3432 962 in

1894 995 2087 1065 gaudio
2111 1004 2312 1064 gestata
2345 997 2396 1048 in
2422 1003 2591 1059 utero,
2620 1007 2672 1048 et
2697 995 2749 1048 in
2777 997 2969 1064 gaudio
2995 996 3154 1050 etiam
3183 997 3232 1048 in
3259 997 3432 1050 lucem

1891 1087 2065 1151 edita;
2096 1095 2254 1154 atque
2285 1087 2478 1139 iterum
2509 1101 2627 1155 quae
2649 1087 2698 1138 in
2723 1086 2914 1154 gaudio
2947 1095 3000 1140 et
3038 1087 3353 1154 concepisti,
3378 1098 3432 1142 ct

1893 1174 2110 1241 gestasti
2141 1174 2194 1228 in
2219 1184 2390 1237 utero,
2412 1183 2462 1227 et
2492 1174 2741 1241 peperisti
2771 1174 3019 1242 gaudium
3052 1175 3190 1242 quod
3215 1189 3428 1228 omnem

1896 1264 2096 1334 pariter
2157 1279 2458 1319 sermonem
2527 1265 3011 1334 cogitationemque
3068 1266 3430 1327 transcendit;

245 1380 500 1434 quaeque,
532 1372 588 1417 ut
645 1364 820 1417 omnia
860 1347 1207 1432 complectar,
1240 1363 1493 1432 gaudium
1551 1359 1800 1422 exstitisti
1877 1357 2208 1413 terrestrium
2261 1358 2524 1422 omnium,
2593 1359 2941 1427 omniumque
2987 1360 3306 1424 cmlestium,
3343 1374 3433 1429 ge-

246 1454 402 1510 neris
463 1454 634 1509 nostri
689 1453 953 1522 gloriatio,
983 1455 1242 1508 cmlorum
1290 1454 1474 1518 decus,
1511 1454 1790 1520 utriusque
1829 1451 2011 1503 mundi
2043 1459 2434 1502 ornamentum.

325 1589 455 1641 AH'.
480 1563 669 1656 Χαῖρε,
697 1589 792 1657 τῆς
820 1582 994 1659 λύπης
1023 1591 1054 1658 ὴ
1079 1590 1250 1653 λύσις,
1279 1591 1376 1659 τῆς
1402 1590 1598 1662 ἔχθρας
1625 1591 1789 1644 κατά-

251 1678 429 1741 λυσις,
460 1681 557 1750 τῆς
584 1681 956 1750 αἰχμαλωσίας
1005 1684 1034 1750 ἡ
1063 1682 1348 1750 λύτρωσις,
1386 1683 1419 1750 ἡ
1446 1682 1552 1736 τῶν
1585 1682 1792 1748 θνητῶν

1966 1587 2245 1642 XXXVIII.
2287 1590 2420 1655 Ave,
2452 1588 2652 1642 doloris
2677 1590 2897 1652 solutio,
2923 1588 3216 1644 destructio
3256 1591 3432 1644 inimi-

1895 1680 2052 1745 citia;
2085 1681 2408 1748 captivitatis
2457 1678 2774 1749 redemptio,
2809 1680 3114 1734 mortalium
3157 1679 3222 1734 ad
3269 1681 3433 1735 Deum

249 1768 469 1834 θέωσις,
504 1773 536 1840 ή
565 1771 657 1824 τοῦ
697 1772 829 1824 Θεοῦ
874 1773 1160 1842 σάρκωσις.
1189 1774 1380 1842 Χαῖρε,
1407 1772 1518 1841 ,τῶν
1547 1774 1730 1825 δεινῶν
1759 1775 1792 1843 ή

1854 1813 1868 1863 ι
1897 1772 2124 1835 evectio,
2155 1780 2208 1824 et
2239 1769 2330 1825 Dei
2371 1785 2491 1826 cum
2523 1785 2686 1825 carne
2718 1771 3048 1840 coniunctio.
3079 1772 3207 1835 Ave,
3239 1786 3435 1826 aerum-

245 1858 561 1929 ἀπαλλαγὴ,
587 1861 693 1914 τῶν
720 1861 1056 1931 ἁμαρτωλῶν
1079 1864 1111 1931 ἡ
1140 1863 1469 1931 καταλλαγὴ,
1499 1863 1606 1914 τῶν
1632 1864 1796 1916 ἑστώ-

244 1964 361 2000 των
391 1949 678 2030 ᾲσφὰλεια,
703 1951 811 2003 τῶν
839 1951 1142 2004 πιπτόντων
1172 1951 1485 2020 ἅνάκλησις,
1514 1953 1618 2004 τῶν
1639 1970 1799 2006 σπου.

247 2036 520 2098 δαςόντων
566 2039 851 2104 ὶπίτασις,
905 2039 1013 2092 τῶν
1069 2039 1448 2110 ῥᾳθυμούντων
1495 2039 1792 2109 διέγερσις,

248 2123 363 2175 τῶν
383 2126 739 2180 εὐεκτούντων
765 2129 936 2198 ἰσχὺς,
963 2129 1071 2181 τῶν
1088 2129 1398 2196 καμνόντων
1417 2128 1575 2189 ἴασις.
1601 2129 1793 2195 Χαῖρε,

246 2214 360 2266 τῶν
388 2215 594 2285 ἀρετῶν
622 2219 769 2287 πηγή
795 2234 853 2269 τε
873 2218 986 2286 ἅμα
1012 2220 1104 2270 καὶ
1125 2218 1302 2286 ὀδηγὲ,
1330 2217 1618 2288 παρθενίας
1638 2219 1794 2281 ἄνθος

247 2305 387 2373 ὁμοῦ
420 2307 510 2357 καὶ
548 2307 690 2376 ῥίζα,
735 2307 796 2360 τὺ
829 2308 926 2377 μὲν
969 2312 1212 2376 φανεῖσα,
1256 2311 1317 2362 τὸ
1342 2309 1396 2360 δὲ
1426 2309 1673 2362 τεκοῦσα·
1703 2312 1795 2364 καὶ

248 2395 348 2448 νῦν
369 2398 455 2450 διὰ
484 2398 542 2449 σέ
574 2414 634 2449 τε
662 2399 754 2449 καὶ
794 2399 880 2450 διὰ
909 2399 1000 2450 σοῦ
1029 2400 1096 2452 τὰ
1127 2398 1326 2468 ταύτης
1356 2400 1494 2466 φυτὰ
1523 2402 1792 2471 πανταχοῦ

249 2489 415 2555 κομᾷ·
446 2489 708 2557 καρτερία
731 2491 840 2550 τοῖς
864 2490 1146 2558 ἀσκηταῖς,
1177 2490 1361 2557 ἀνδρία
1382 2493 1492 2552 τοῖς
1517 2491 1791 2562 ἀθληταῖς,

247 2578 614 2649 εὐσπλαγχνία
641 2582 750 2642 τοῖς
781 2579 1012 2650 ἔχουσιν,
1040 2580 1268 2650 εὐψυχία
1312 2584 1424 2644 τοῖς
1453 2582 1665 2651 πένησι,
1699 2601 1792 2634 τα-

248 2671 644 2739 πεινοφροσύνη
675 2673 786 2733 τοῖς
821 2671 1062 2739 ὑψηλοῖς,
1095 2673 1536 2742 μεγαλοφροσύνη
1562 2676 1670 2736 τοῖς
1697 2692 1793 2728 τα-

247 2761 472 2819 πεινοῖς,
534 2759 887 2829 ὀδυνωμένοις
937 2761 1308 2831 παράκλησις,
1354 2763 1794 2832 εὐφραινομένοις

244 2848 562 2916 ἐγκράτεια·
587 2851 681 2920 οὐχ
705 2850 846 2903 οὕτω
869 2851 1313 2921 παιδαγωγούσης
1341 2854 1521 2921 μόνον,
1541 2852 1674 2906 ἀλλὰ
1700 2856 1793 2907 καὶ

246 2939 629 3010 προτυπούσης
659 2940 960 3010 ἀμφότερα·
988 2942 1048 2993 τὸ
1091 2942 1209 3010 μὲν,
1239 2943 1325 2994 ὅτε
1368 2959 1461 2996 σου
1489 2943 1586 3012 τὴν
1617 2944 1792 3013 ψυχὴν

247 3028 493 3095 ῥομφαία
520 3029 788 3100 διήρχετο,
817 3031 877 3082 τὸ
912 3031 956 3082 δ’
992 3031 1080 3082 ὅτε
1119 3047 1208 3083 σου
1242 3031 1338 3100 τὴν
1372 3033 1553 3102 φωνὴν
1583 3035 1610 3084 ὁ
1638 3033 1790 3102 λόγος

243 3119 349 3188 τὴν
379 3120 663 3188 χαροςοιδν
701 3120 1154 3190 προσεφθέγγετο.

316 3389 442 3444 ΛΘ’.
476 3391 663 3460 Χαῖρε,
716 3390 871 3443 θείων
914 3389 1148 3462 χαρίτων
1178 3408 1343 3454 οικος,
1387 3391 1661 3461 βασιλικὸς
1693 3390 1790 3458 τῆς

238 3482 475 3552 Τριάδος
524 3481 798 3551 θάλαμος,
849 3484 905 3534 ὲν
947 3475 990 3549 ᾧ
1021 3481 1129 3534 τῶν
1171 3482 1391 3547 ἀγαθῶν
1437 3483 1488 3534 οί
1532 3482 1790 3551 θησαυροὶ

238 3572 483 3636 πάντων,
535 3573 720 3640 σοφίας
763 3572 1006 3636 πλοῦτος,
1049 3573 1266 3640 ἀνδρίας
1307 3574 1490 3640 ὄγκος,
1521 3572 1786 3634 εὐϐουλία,

240 3661 480 3723 σύνεσις,
517 3661 711 3730 δωρεαὶ
742 3663 934 3728 λόγων,
980 3661 1145 3730 ἁρχαὶ
1189 3663 1502 3732 σκήπτρων,
1551 3662 1790 3734 παροχαὶ

236 3748 509 3812 πλούτων,
538 3749 855 3818 ἀξιωμάτων
885 3751 1168 3821 ὑπεροχαὶ,
1200 3753 1463 3819 εὐτεχνίαι
1498 3755 1590 3806 καὶ
1625 3757 1786 3820 εὐγα-

240 3839 371 3908 μέαι
399 3839 489 3889 καὶ
520 3839 808 3901 εὐτεκνίαι,
835 3839 1072 3907 εὐφωνία
1094 3840 1187 3892 καὶ
1211 3840 1431 3905 εὐταξία
1465 3843 1556 3892 καὶ
1584 3845 1782 3908 εὐεξία,

237 3929 459 3994 κάλλος,
498 3929 666 3998 ίσχύςο
719 3929 813 3982 καὶ
841 3930 986 3991 ὅπως
1014 3931 1071 3982 ὲν
1100 3929 1246 4000 μέσῳ
1279 3932 1556 3999 παροπτέα
1595 3950 1682 4000 μοι
1719 3936 1784 3987 τὰ

239 4018 422 4089 μικρὰ
446 4020 535 4072 καὶ
565 4017 844 4082 σωματικὰ
887 4017 1037 4087 μόνα,
1069 4018 1210 4082 λέγω
1242 4017 1297 4070 δὲ
1327 4019 1396 4070 τὰ
1421 4018 1511 4070 τοῦ
1539 4021 1783 4089 Πνεύμα-

231 4127 356 4173 τοςο
378 4110 632 4178 εἰαμάτων
657 4110 849 4178 πηγαὶ,
887 4111 1006 4180 ῥοαὶ
1048 4110 1313 4180 δακρύων,
1346 4110 1499 4180 εὐχαὶ
1531 4112 1781 4180 καθαραὶ,

232 4200 342 4254 καὶ
367 4200 498 4252 Θεού
530 4201 770 4270 πλησίον,
801 4199 998 4266 γνῶσις
1033 4200 1257 4267 Λογίων,
1284 4200 1622 4264 διδασκαλίας
1659 4203 1784 4271 {Bati-

234 4307 410 4358 ματα,
446 4291 761 4358 προοράσεις
810 4291 900 4342 καὶ
941 4290 1208 4358 διοράσεις
1235 4331 1248 4353 ,
1294 4291 1586 4359 διακρίσεις
1626 4309 1783 4342 πνευο

233 4379 429 4446 μάτων
467 4397 523 4430 τε
562 4379 654 4429 καὶ
701 4381 1060 4448 πραγμάτων,
1106 4381 1197 4431 καὶ
1236 4381 1322 4431 ἵνα
1364 4379 1594 4432 συνελὼν
1623 4382 1777 4443 είπω,

1899 1877 2088 1915 narum
2117 1861 2381 1930 depulsio,
2400 1868 2741 1929 peccatorum
2775 1860 3156 1924 reconciliatio.
3180 1866 3435 1916 stantium

1896 1950 2179 2015 securitas,
2203 1951 2473 2018 lapsorum
2502 1948 2786 2013 restitutio,
2817 1959 3034 2004 strenue
3060 1952 3330 2020 agentium
3360 1970 3440 2005 ar-

1895 2040 2025 2092 dens
2067 2033 2324 2102 studium,
2357 2038 2681 2105 torpentium
2733 2039 3158 2101 incitamentum,
3187 2041 3320 2094 bene
3347 2057 3436 2095 va-

1894 2129 2113 2181 lentium
2152 2129 2397 2192 ﬁrmitas,
2420 2129 2789 2198 aegrotantium
2821 2130 2990 2184 salus.
3021 2129 3151 2195 Ave,
3177 2131 3434 2184 virtutum

1894 2219 2135 2272 scatebra
2183 2218 2344 2272 simul
2389 2227 2441 2273 et
2469 2218 2682 2280 semita,
2713 2219 3036 2287 virginitatis
3069 2219 3168 2275 llos
3198 2222 3355 2275 simul
3385 2232 3437 2276 et

1895 2309 2066 2372 radix,
2098 2309 2225 2363 illud
2258 2309 2474 2378 quidem
2527 2323 2623 2377 pro
2674 2324 2739 2364 eo
2777 2311 2923 2378 quod
2963 2312 3076 2379 ipsa
3117 2314 3435 2380 apparuisti,

1895 2397 2032 2452 istud
2068 2414 2194 2453 vero
2243 2412 2338 2468 pro
2370 2414 2436 2453 eo
2480 2399 2625 2468 quod
2679 2400 2733 2453 in
2768 2400 2942 2458 lucem.
2986 2402 3233 2468 edidisti;
3265 2419 3438 2472 quan-

1893 2503 2053 2557 quam
2086 2504 2228 2545 nunc
2264 2492 2422 2544 etiam
2450 2499 2669 2560 propter
2698 2500 2750 2544 te
2800 2500 2854 2544 et
2892 2506 2987 2561 per
3033 2501 3084 2547 te
3129 2493 3436 2561 hujusmodi

1893 2581 2085 2647 plantae
2112 2580 2308 2648 ubique
2339 2579 2616 2636 frondibus
2645 2582 2949 2636 virescunt:
2978 2593 3277 2638 ascetarum
3315 2587 3438 2640 abs-

1893 2669 2144 2735 tinentia,
2198 2671 2514 2735 certantium
2549 2671 2744 2736 robur,
2781 2672 3006 2727 divitum
3042 2675 3435 2742 misericordia,

1893 2773 2185 2828 pauperum
2223 2759 2497 2830 patientia,
2528 2760 2808 2828 grandium
2843 2760 3142 2830 humilitas,
3175 2773 3227 2818 et
3259 2765 3440 2819 humi-

1893 2849 2024 2902 lium
2057 2851 2491 2918 magnanimitas,
2514 2853 2861 2906 mmrentium
2892 2853 3153 2918 solamen,
3178 2855 3435 2924 et-tripuc

1892 2940 2152 2993 diantium
2181 2942 2563 3008 temperantia;
2594 2942 2876 3010 utriusque
2908 2943 3050 2995 enim
3081 2943 3293 2997 virtutis
3327 2959 3432 2997 non

1891 3027 2140 3095 magistra
2182 3028 2360 3091 modo,
2394 3028 2486 3081 sed
2513 3037 2566 3082 et
2598 3029 2899 3096 exemplum
2943 3029 3179 3093 exsistis,
3209 3032 3432 3086 alterius

1816 3136 1858 3197 ρ
1893 3115 2109 3184 quidem
2153 3115 2365 3184 quando
2409 3125 2552 3168 tuam
2589 3116 2758 3181 ipsius
2801 3117 3030 3170 animam
3083 3118 3282 3172 doloris
3318 3121 3434 3187 gla-

1890 3207 2014 3261 dius
2071 3207 2751 3274 pertransivit’°,allerius
2806 3224 2931 3264 vero
2984 3211 3198 3277 quando
3248 3227 3430 3268 vocem

1893 3297 2036 3350 illam
2071 3297 2249 3352 laetitia
2277 3299 2484 3366 plenam
2521 3314 2697 3353 sermo
2725 3309 2848 3354 tuus
2886 3302 3126 3368 protulit.

1963 3387 2201 3443 XXXIX.
2231 3390 2360 3454 Ave,
2386 3390 2686 3444 divinarum
2710 3391 3001 3461 gratiarum
3025 3393 3236 3458 dmnus,
3255 3395 3432 3465 regius

1892 3476 2171 3534 Trinitatis
2198 3479 2485 3545 thalamus,
2513 3483 2565 3534 in
2594 3497 2702 3550 quo
2741 3483 3000 3536 reconditi
3031 3496 3154 3538 sunt
3192 3488 3433 3540 omnium

1891 3570 2153 3624 bonorum
2185 3571 2446 3637 thesauri,
2473 3571 2670 3625 divitiae
2720 3573 3016 3640 sapienlire,
3046 3575 3255 3628 virtutis
3300 3579 3433 3629 emi-

1892 3659 2093 3722 nentia,
2136 3655 2467 3723 consilium,
2530 3661 2862 3724 intellectus,
2910 3664 3048 3715 dona
3102 3679 3430 3728 sermonum,

1892 3757 2226 3814 sceptrorum
2255 3749 2570 3812 dominatio,
2604 3766 2763 3819 opum
2789 3751 3137 3819 dispensatio,
3165 3756 3426 3808 honorum

1888 3836 2211 3899 sublimitas,
2247 3838 2470 3890 scientia
2505 3840 2807 3906 oinnigena,
2840 3842 3011 3905 felicia
3047 3845 3330 3907 connubia,
3365 3860 3428 3898 ac

1889 3925 2004 3978 la'ta
2037 3927 2276 3990 soboles,
2307 3927 2523 3979 claritas
2569 3930 2735 3990 vocis,
2771 3940 2892 3996 apta
2923 3933 3280 3985 membrorum
3313 3935 3426 3986 dis-

1887 4013 2102 4080 positio,
2125 4013 2350 4077 sanitas,
2377 4013 2735 4081 pulchritudo,
2762 4018 2922 4070 robur
2949 4018 3139 4070 virium
3163 4034 3176 4070 :
3210 4029 3262 4072 et
3286 4036 3425 4087 quo-

1885 4106 2024 4157 niam
2059 4105 2256 4159 leviora
2290 4104 2389 4158 ista
2414 4113 2465 4158 et
2495 4119 2638 4159 mere
2667 4108 2964 4174 corporalia
2994 4119 3175 4177 utpote
3203 4112 3425 4165 minoris

1887 4194 2138 4247 momenti
2191 4194 2556 4263 posthabenda
2602 4206 2747 4261 sunt,
2771 4208 2824 4250 et
2871 4213 2932 4251 ea
2961 4214 3106 4264 sane,
3137 4216 3253 4267 qua:
3300 4213 3425 4255 sunt

1886 4289 2125 4356 spiritus,
2150 4289 2390 4355 adjiciam
2414 4305 2426 4354 ;
2454 4287 2807 4341 remediorum
2833 4291 3205 4358 scaturigines,
3227 4292 3423 4346 imbres

1886 4379 2260 4447 lacrymarum,
2295 4378 2502 4431 mundae
2558 4391 2764 4446 preces,
2808 4377 3083 4433 familiaris
3142 4397 3261 4433 cum
3316 4382 3421 4435 Deo

228 4472 415 4540 χαῖρε,
447 4470 705 4520 Δέσποινα
731 4471 834 4521 τῶν
870 4470 1082 4535 ἀγαθῶν
1110 4473 1383 4534 ἁπάντων,
1418 4474 1506 4523 καὶ
1537 4473 1778 4540 ἀμφοτέ-
1809 4480 1826 4535 (

1884 4469 2232 4530 consuetudo,
2259 4481 2531 4521 sacrarum
2562 4467 2879 4520 Litterarum
2904 4468 3145 4528 scientia,
3171 4471 3421 4521 doctrinre

232 4576 351 4626 ρων
373 4558 674 4625 διακόσμων
700 4557 979 4620 Δέσποινα,
1007 4559 1039 4624 ἡ
1065 4559 1238 4609 πάντα
1265 4560 1443 4623 πᾶσιν,
1468 4555 1547 4621 οἷς
1574 4562 1664 4611 καὶ
1692 4561 1779 4612 ὅτε

227 4651 334 4702 καὶ
363 4651 456 4700 ὅσα
489 4647 580 4699 καὶ
610 4643 697 4698 οἷα
727 4646 917 4711 θέλεις,
945 4647 1304 4715 παρεχομένη.

1884 4557 2102 4620 ﬂuenta,
2137 4557 2512 4624 prOSpicientia
2565 4566 2617 4609 et
2661 4557 3055 4623 perspicientia,
3090 4567 3141 4608 et
3179 4559 3228 4607 in
3263 4559 3419 4622 spiri-

1883 4647 2023 4700 tibus
2045 4645 2468 4697 internoscendis
2493 4644 2642 4710 juxta
2668 4658 2729 4695 ac
2763 4644 2919 4694 rebus
2945 4645 3187 4710 gerendis
3217 4645 3416 4698 discre-

229 4742 336 4806 tio,
372 4752 425 4796 et
475 4752 530 4797 ut
578 4743 762 4810 paucis
805 4739 982 4793 omnia
1025 4738 1359 4797 contraham,
1420 4752 1536 4800 ave,
1595 4738 1817 4791 Domina
1855 4739 2112 4790 bonorum
2177 4736 2437 4797 omnium,
2470 4743 2522 4786 et
2572 4733 2776 4788 ordinis
2828 4737 3108 4805 utriusque
3159 4736 3414 4790 Domina.

225 4849 357 4902 qua:
384 4835 630 4887 omnibus
657 4832 860 4896 omnia,
892 4829 1085 4899 quibus
1107 4839 1158 4882 et
1183 4827 1394 4896 quando
1418 4838 1469 4879 et
1497 4836 1695 4895 quanta
1719 4838 1769 4880 et
1807 4827 1984 4896 qualia
2008 4825 2107 4888 vis,
2133 4824 2432 4892 dispensus.

303 4970 393 5023 Μ’.
427 4971 607 5023 Ἰἀὐτά
645 4987 726 5022 σοι
760 4971 788 5022 ὁ
819 4970 1005 5038 μικρὸς
1039 4969 1146 5036 ἐγὼ
1176 4967 1268 5020 καὶ
1299 4968 1403 5028 πᾶς
1431 4968 1546 5035 μὲν,
1576 4967 1662 5017 διὰ
1689 4966 1777 5016 τὸν

223 5060 404 5124 Λόγον
436 5059 527 5109 καὶ
557 5060 654 5126 τὴν
687 5060 850 5128 ἄλλην
892 5063 1066 5113 πᾶσαν
1116 5063 1207 5112 καὶ
1237 5060 1392 5130 χάριν
1443 5060 1532 5110 καὶ
1563 5057 1770 5120 ἐλπίδα,

225 5152 345 5211 σὸς,
380 5151 438 5200 οὐ
489 5151 684 5208 πᾶς’δὲ
726 5151 812 5202 διὰ
843 5152 930 5202 τὸν
961 5153 1174 5219 τρόπον,
1219 5153 1369 5216 ὀλίγα
1411 5151 1514 5201 τῶν
1543 5149 1666 5209 σῶν,
1698 5144 1771 5200 ὢν

223 5243 485 5312 ἐχαρίσω,
531 5241 690 5292 πολὺν
737 5244 830 5309 μὲν
861 5243 945 5294 διὰ
973 5245 1060 5294 τὸν
1092 5246 1254 5295 πολὺν
1286 5245 1441 5311 φόϐον
1474 5244 1774 5310 ἐπεχόμενα

223 5333 440 5402 χρόνον,
466 5330 616 5395 ἄφνω
647 5328 700 5378 δὲ
732 5329 1027 5394 ἐκραγέντα
1069 5332 1153 5381 διὰ
1178 5332 1264 5382 τὸν
1297 5331 1478 5395 πόθον,
1512 5335 1600 5382 καὶ
1627 5347 1775 5398 νικη-

223 5425 387 5475 Οέντα
415 5420 490 5489 τῷ
516 5418 714 5470 πλείονί
739 5435 794 5468 τε
824 5419 909 5468 καὶ
947 5421 1232 5486 κρείττονι,
1274 5423 1350 5481 εἰς
1380 5421 1532 5483 δόξαν
1557 5421 1653 5474 τοῦ
1685 5421 1773 5473 σοῦ

298 5579 338 5608 ”
374 5577 501 5629 Luc.
537 5591 593 5633 ll,
633 5572 714 5625 35.

1953 4963 2062 5017 XL.
2090 4962 2210 5016 llaec
2249 4963 2298 5015 in
2333 4963 2541 5017 laudem
2591 4973 2734 5018 tuam
2767 4980 2863 5035 ego
2901 4967 3158 5030 misellus,
3193 4980 3243 5022 et
3275 4979 3414 5025 totus

1876 5071 2002 5109 sane
2026 5070 2146 5106 cum
2187 5063 2399 5122 propter
2443 5053 2674 5109 Verbum
2717 5067 2825 5110 tum
2861 5069 3073 5126 propter
3106 5061 3262 5112 aliam
3300 5076 3414 5113 om-

1878 5163 1993 5198 ncm
2028 5154 2078 5197 ct
2117 5146 2337 5213 gratiam
2370 5153 2422 5199 et
2465 5162 2609 5215 spem
2659 5156 2804 5212 tuus,
2843 5149 2933 5201 sed
2967 5164 3069 5200 non
3117 5158 3256 5201 totus
3292 5158 3410 5202 tuus

1878 5250 1970 5301 per
1997 5236 2115 5285 vita:
2148 5236 2428 5300 rationem,
2455 5236 2586 5296 luce,
2615 5237 2850 5303 inquam.
2887 5252 3051 5302 pauca
3084 5253 3146 5287 ex
3183 5238 3267 5294 iis,
3291 5253 3408 5301 quin

1879 5326 2009 5378 mihi
2040 5326 2226 5393 largita
2250 5342 2326 5390 es,
2345 5328 2434 5379 ditt
2464 5327 2530 5379 ob
2554 5326 2816 5392 ingentem
2845 5325 3174 5376 formidinem
3199 5325 3409 5377 silentio

1880 5431 2211 5483 compressu,
2270 5417 2554 5486 derepente
2587 5424 2759 5469 autem
2820 5404 3015 5480 impetu
3071 5414 3268 5487 amoris
3311 5429 3406 5468 ex-
