4126 6332
254 318 365 383 849

1666 331 1762 391 ΒΕ
1792 330 2014 396 MALO.

3320 336 3429 403 850

156 478 163 482 .
254 427 327 480 τά
351 427 407 479 δι
440 426 518 497 τῷ
550 426 656 479 τῶν
683 426 857 482 ἄλλων
898 428 991 483 καὶ
1015 429 1205 483 ’νόθων
1238 431 1377 485 θεῶν
1412 408 1786 489 ἀνατεθεῖσθαι

1891 433 2014 489 aliis
2064 432 2247 491 nothis
2292 433 2409 489 deis
2464 436 2769 507 assignatas
2820 453 2942 495 esse
2982 440 3219 511 dicunt;
3259 445 3433 500 solum

253 516 506 585 λέγουσι·
535 518 683 571 τουτὶ
708 517 766 571 δὲ
799 518 960 589 μόνον
992 520 1083 572 καὶ
1108 521 1324 588 φοίνικά
1346 539 1404 575 τε
1427 525 1524 577 καὶ
1558 526 1789 597 δάφνην,

250 605 334 674 τῷ
378 605 500 659 κατ’
545 606 740 669 αὐτοὺς
786 607 934 678 σοφῷ
978 608 1071 663 καὶ
1105 610 1253 677 καλῷ
1302 611 1411 679 7&9
1430 614 1659 678 πάντως
1695 618 1794 669 καὶ

253 694 398 763 ὑπὲρ
427 695 630 758 πάντας
649 695 856 766 ἀρίστῳ
888 696 1127 767 μουσικῷ
1152 714 1213 751 τε
1234 700 1329 753 καὶ
1348 700 1545 771 τοξικῷ
1566 704 1795 774 ίατρικῷ

249 797 316 835 τε
344 785 441 836 καὶ
469 785 714 854 μαντικῷ
755 785 1111 857 ’Δπολλωνίῳ,
1143 788 1203 841 ὃν
1231 791 1326 842 καὶ
1357 792 1518 844 αὑτὸν
1540 790 1682 847 εἶναι
1717 795 1795 863 τῷ

248 871 395 941 ἡλίῳ
414 872 642 940 «λέγουσι
662 890 679 907 ο
702 873 795 927 καὶ
815 872 890 938 ὡς
910 875 1178 948 καλλίστῳ
1215 879 1319 932 ut
1347 883 1699 953 παγχρήστῳ,
1732 884 1795 936 τὸ

247 961 537 1015 κάλλιστὸν
568 980 627 1015 τε
666 963 762 1017 καὶ
808 965 1152 1037 πάγχρηστον
1194 968 1559 1024 ἀνατιθέασιν.
1610 972 1795 1036 οὕτως

247 1049 490 1120 ιξαρχῆς
517 1050 694 1104 ἀνεῖτο
710 1051 788 1121 τῷ
806 1051 989 1107 κάλλει
1007 1052 1104 1107 καὶ
1124 1057 1188 1124 τῇ
1215 1056 1376 1127 σοφίᾳ
1402 1058 1496 1111 καὶ
1508 1061 1573 1128 τῇ
1602 1060 1795 1131 χρήσει

244 1135 551 1208 τδχρῆμα·
600 1139 697 1193 καὶ
733 1140 907 1194 ἐδόκει
934 1141 1067 1194 αὐτὸ
1104 1143 1268 1197 καλόν
1292 1161 1352 1199 τε
1396 1147 1524 1202 ίδετν
1551 1146 1669 1218 ἀμα
1702 1151 1795 1202 καὶ

246 1230 486 1298 χρηστὸν
529 1229 799 1301 βρωθῆναι
832 1247 895 1285 τε
938 1233 1033 1286 καὶ
1077 1234 1423 1305 χρησθῆναι,
1461 1238 1558 1292 καὶ
1610 1240 1796 1306 σοφοῖς

244 1317 524 1387 προσῆκον
540 1318 723 1372 λαϐεῖν
744 1335 759 1349 ·
796 1318 930 1375 ἀλλά
950 1320 1021 1374 τά
1047 1322 1147 1390 μὲν
1172 1322 1281 1377 τῶν
1304 1324 1510 1393 μύθων,
1544 1327 1595 1379 εί
1624 1326 1791 1393 δοκεῖ,

243 1409 461 1479 χαίρειν
476 1409 674 1479 ἐῶμεν.
707 1411 848 1466 Ὅσα
868 1411 925 1465 δι
944 1414 1037 1467 καὶ
1058 1413 1276 1483 βλέπειν
1299 1415 1475 1480 ἔξεστι
1503 1416 1597 1470 καὶ
1615 1418 1796 1486 λέγειν

245 1497 458 1568 μέμψις
485 1500 585 1553 οὐκ
608 1500 724 1554 εστι
745 1517 763 1533 ο
799 1486 1012 1572 πρῶτον
1038 1504 1138 1573 μὶν
1166 1505 1273 1576 7&9
1304 1506 1561 1576 τρέφεται
1587 1524 1794 1560 παντα-

244 1587 347 1657 χοῦ
367 1589 469 1659 γῆς
491 1590 555 1644 τὸ
575 1591 739 1659 φυτόν
756 1608 772 1624 ’
801 1593 892 1646 καὶ
909 1593 1008 1665 οὐχ
1033 1593 1219 1666 ὥσπερ
1235 1596 1403 1659 τάλλα
1418 1597 1525 1650 τῶν
1542 1597 1790 1667 δένδρωνο

240 1676 319 1729 τά
354 1678 455 1747 μὲν
472 1678 549 1749 τῷ
573 1681 772 1752 ἡμέρῳ
795 1682 973 1753 χαίρει
989 1709 1018 1749 ,-
1035 1684 1105 1737 τὰ
1124 1683 1182 1738 δὲ
1244 1689 1355 1749 τοῖς
1381 1688 1565 1756 δρεσιν
1583 1689 1788 1758 ἀγαπᾷ·

1897 536 2027 578 vero
2065 523 2299 592 palmam
2345 530 2402 577 et
2442 524 2681 591 laurum,
2725 528 2776 582 ei
2830 531 2924 597 qui
2962 518 3262 587 secundum
3317 533 3438 589 illos

1895 612 2110 680 sapiens
2164 619 2220 666 et
2253 613 2476 681 pulcher
2523 622 2628 678 est,
2662 616 2818 684 deo,.,
2844 621 3177 691 omninoque
3224 632 3281 677 et
3332 638 3441 691 pne

1894 700 2152 755 omnibus
2191 702 2474 756 excellenti
2520 705 2752 769 musico,
2799 708 3071 773 areuario,
3108 711 3334 775 medico,
3388 723 3442 765 et.

1898 790 2004 844 vati
2027 791 2286 859 Apollini,
2325 806 2485 860 quem
2514 794 2764 846 eumdem
2782 809 2903 850 esse
2930 810 2994 849 ac
3014 797 3192 851 Solem
3214 800 3438 855 dicunt:

1894 885 1947 931 et
1998 884 2060 931 ut
2090 878 2460 946 pulcherrimo
2506 889 2562 932 et
2594 880 2906 946 utilissimo,
2938 888 3082 952 quod
3135 887 3440 954 pulcherri-

1894 980 2045 1020 mum
2086 976 2142 1021 et
2189 968 2543 1022 utilissimum
2585 977 2673 1022 est
2711 971 3011 1040 assignant.
3061 972 3139 1026 ita
3186 989 3217 1027 a
3271 976 3439 1043 priori

1894 1056 2258 1112 conveniebat
2289 1057 2718 1127 pulchritudini,
2777 1062 3057 1129 sapientia
3111 1074 3165 1118 et
3222 1066 3439 1120 utilitati

1893 1146 1997 1200 tale
2020 1162 2252 1214 munus;
2285 1157 2339 1203 et
2365 1148 2647 1205 videbatur
2689 1152 2971 1220 pulchrum
3026 1138 3184 1209 simul
3223 1167 3277 1209 et
3308 1158 3440 1212 utile

1894 1236 2209 1292 manducari
2226 1246 2278 1292 et
2304 1240 2578 1307 prodesse,
2604 1248 2658 1295 et
2686 1244 2958 1311 sapientes
2979 1247 3119 1312 quod
3137 1262 3435 1316 congruum

1893 1327 2003 1383 illic
2025 1337 2141 1383 erat
2160 1328 2420 1398 accipere.
2442 1331 2546 1384 Sed
2578 1333 2675 1387 bas
2699 1334 2914 1403 quidem
2956 1335 3183 1401 fabulas,
3210 1339 3255 1393 si
3293 1340 3413 1393 ride

1895 1425 2003 1481 tur,
2034 1417 2213 1473 valere
2257 1419 2527 1475 sinamus.
2559 1420 2691 1486 Quae
2739 1432 2919 1477 autem
2978 1440 3199 1481 cernere
3236 1429 3360 1483 licet
3386 1439 3441 1485 et

1892 1505 2072 1561 dicere
2111 1507 2557 1577 exprobrationes
2607 1527 2714 1566 nou
2775 1522 2942 1568 sunt:
2996 1530 3118 1569 nam
3168 1518 3340 1587 prima
3382 1521 3437 1574 in

1893 1594 2144 1651 universa
2189 1607 2331 1652 terra
2360 1600 2525 1656 arbos
2569 1602 2911 1670 producitur;
2954 1621 3129 1669 neque
3183 1617 3440 1675 tanquam

1892 1686 2117 1742 arbores
2182 1688 2424 1758 reliqua.
2490 1690 2586 1745 liae
2647 1695 2863 1762 quidem
2918 1697 3131 1751 cultura
3183 1702 3437 1767 gaudent,

240 1769 317 1821 τὰ
346 1769 395 1822 δ’
429 1771 643 1836 οίκιίως
672 1751 787 1844 ἔχει
815 1751 950 1845 προς
979 1774 1247 1831 θάλατταν
1264 1792 1280 1809 ο
1309 1751 1443 1831 ἀλλά
1463 1780 1608 1832 τουτὶ
1630 1751 1786 1847 ῥινὸν

1891 1775 1998 1829 illae
2025 1790 2156 1831 vero
2204 1751 2418 1834 montes
2461 1751 2681 1847 amant;
2704 1785 2826 1839 alia:
2864 1800 3082 1856 quoque
3104 1751 3257 1859 janta
3293 1807 3441 1846 mare

242 1858 355 1910 κάν
380 1861 503 1922 ταῖς
532 1864 796 1931 κορυφαῖς
826 1864 1020 1930 φύεται
1042 1881 1058 1896 ⁸
1087 1864 1188 1919 κάν
1217 1868 1329 1928 τοῖς
1359 1869 1582 1935 ἡμέροις
1606 1868 1791 1936 τρέφε-

239 1961 339 2000 ται
361 1962 377 1976 ·
416 1950 511 2001 καὶ
536 1950 689 2020 παρά
712 1951 810 2021 τὴν
852 1953 1115 2006 θάλατταν
1143 1954 1355 2008 θάλλειν
1382 1955 1553 2021 φιλεῖ·
1585 1956 1791 2009 νικῶσα

238 2034 304 2086 ἂ
328 2036 474 2090 οὕτω
503 2038 803 2109 πανταχοῦ,
820 2040 973 2093 οὐδὲν
1001 2037 1162 2112 ἧττον
1194 2044 1319 2112 νικᾷ
1347 2044 1441 2095 καὶ
1466 2044 1546 2113 τῷ
1580 2044 1792 2099 θάλλειν

236 2122 416 2187 οὕτως
446 2126 768 2193 ἑκασταχοῦ,
801 2126 877 2188 ὡς
902 2128 1125 2205 ἐνιαχοῦ,
1145 2129 1312 2183 οὐδέν.
1356 2131 1434 2183 Οὐ
1469 2133 1577 2203 7&9
1602 2133 1791 2206 ὥσπερ

238 2211 355 2266 τῶν
382 2212 554 2267 ἀλλων
578 2215 680 2266 ὅσα
707 2216 805 2282 μὲν
825 2215 979 2285 ὄρεια
1002 2203 1195 2271 ταυτὸν
1221 2218 1380 2272 τοῦτο
1404 2221 1534 2274 ίδεῐν
1558 2238 1619 2275 τε
1637 2203 1791 2293 θρεια

237 2302 339 2353 καὶ
369 2301 557 2369 δεινῶς
585 2302 753 2373 ἀγρια
773 2319 788 2334 ο
810 2305 878 2358 τά
902 2305 1072 2357 πλείω
1089 2306 1146 2359 δέ
1171 2323 1234 2374 γε
1267 2308 1361 2360 καὶ
1390 2309 1634 2381 ἀκαρπα.
1669 2313 1791 2366 τῶν

234 2389 301 2442 οι
329 2390 573 2460 ἡμέρων,
597 2392 665 2445 τά
695 2394 819 2463 μὲν,
850 2395 946 2447 καὶ
970 2397 1110 2448 αὐτά
1134 2397 1228 2450 τδν
1249 2399 1459 2469 καρπὸν
1479 2399 1790 2470 βραχύτατα

235 2478 340 2531 καὶ
362 2479 423 2531 τὸ
447 2478 691 2549 πρέμνον
711 2481 1159 2555 ἀκανθωδέστερα
1174 2501 1187 2518 ο
1216 2487 1311 2540 καὶ
1337 2488 1486 2558 τόπῳ
1509 2491 1669 2559 μόνον
1681 2491 1789 2545 τῶν

237 2568 300 2620 ἀν
327 2575 595 2641 κορυφαῖς
613 2573 937 2645 διαφέροντα
957 2590 975 2607 ο
996 2574 1066 2629 τὰ
1087 2575 1163 2643 δὲ,
1192 2580 1283 2631 τὸν
1306 2582 1515 2650 καρπὸν
1538 2581 1637 2650 μὲν
1659 2581 1787 2648 ίσως

234 2659 342 2711 οὐκ
368 2659 567 2731 ἀγεννῆ
592 2700 609 2727 ,
631 2662 832 2734 ἀσθενῆ
859 2664 915 2718 δὲ
933 2665 1136 2729 Mur
1167 2669 1259 2720 καὶ
1295 2667 1501 2739 βραχὺν
1525 2670 1789 2726 ἀνθοῦντα

232 2746 333 2800 τὸν
364 2750 554 2819 χρόνον
572 2757 590 2771 ⁸
608 2753 732 2807 ἀλλ’
759 2755 901 2811 οὕτω
930 2757 1028 2826 μὲν
1054 2758 1112 2811 ιν
1137 2759 1360 2830 ἡμέροις
1387 2761 1582 2829 ίσχυρά
1605 2778 1665 2814 τε
1694 2764 1787 2815 καὶ

234 2840 595 2909 πολυχρόνιος
629 2842 706 2907 ῶς
754 2845 914 2914 ὀλίγα
949 2848 1144 2919 κομιδῇ
1178 2851 1287 2904 τῶν
1338 2853 1548 2922 ἀγρίων
1597 2869 1657 2906 τε
1691 2856 1785 2907 καὶ

232 2929 524 2998 ἀκάρπων.
555 2931 710 2987 Οὕτω
733 2932 779 2987 δ’
821 2935 880 2989 ιν
909 2937 1120 3007 ἀγρίοις
1164 2942 1408 3009 τρυφερά
1449 2958 1508 2994 τε
1534 2945 1629 2996 καὶ
1668 2942 1784 2996 λιία

238 3020 336 3072 καὶ
363 3020 590 3091 εὐανθὴς
619 3022 713 3075 καὶ
738 3021 1032 3095 εὖκαρπος,
1052 3026 1129 3090 ὡς
1152 3028 1303 3081 οὐδὶν
1345 3030 1473 3083 ἀλλο
1495 3030 1604 3085 τῶν
1634 3033 1782 3102 παρά
1808 3056 1851 3113 c

231 3109 361 3169 ταῐς
410 3111 587 3173 στοαῖς
630 3113 945 3181 φυομένων,
989 3116 1082 3169 καὶ
1118 3116 1361 3188 ὡσπερεὶ
1404 3119 1563 3192 κόραι
1614 3122 1780 3175 καλαὶ

234 3195 697 3269 θαλαμιυομένων
713 3217 729 3232 ο
757 3202 953 3259 ἔπειτα
978 3206 1046 3259 τὰ
1068 3207 1167 3275 μὲν
1188 3207 1324 3262 ἄλλα
1348 3209 1449 3273 τάς
1474 3211 1622 3281 ὥρας
1663 3214 1783 3267 πολ-

232 3285 397 3350 λάκις
412 3294 714 3359 παρανομεῖ
729 3308 745 3322 ·
766 3293 861 3346 καὶ
881 3293 950 3347 τά
976 3295 1073 3363 μὲν
1099 3298 1347 3366 προΐασιν
1376 3299 1536 3371 ἔαρος
1554 3342 1570 3364 ,
1594 3302 1780 3372 ὥσπερ

228 3375 300 3446 δὴ
336 3378 435 3429 καὶ
459 3378 631 3447 φοῖνιξ
661 3381 843 3445 αὐτός.
873 3384 1049 3437 Πολλά
1071 3385 1129 3438 δι
1158 3388 1249 3440 καὶ
1273 3389 1537 3459 χειμῶνος
1560 3393 1776 3460 impiis:-

229 3466 379 3537 αὕτη
411 3468 468 3520 δὲ
497 3469 600 3524 κάν
628 3470 836 3534 τούτοις
863 3476 1022 3544 τηρεῖ
1052 3474 1142 3528 τὸν
1167 3477 1330 3546 νόμον
1362 3481 1453 3533 καὶ
1484 3488 1778 3553 σωφρονεῖ·

231 3554 433 3623 θέρους
450 3574 509 3608 τε
537 3559 645 3627 7&9
662 3559 740 3622 ῶς
765 3560 860 3615 επὶ
886 3562 1130 3616 πλεῖστον
1158 3556 1368 3637 πρόεισι
1387 3584 1401 3599 ⁸
1432 3570 1527 3623 καὶ
1552 3573 1621 3625 τά
1648 3573 1781 3625 κάλ-

228 3642 397 3697 λιστα
424 3646 532 3697 τῶν
560 3648 789 3715 καρπῶν
812 3649 920 3701 τῶν
940 3651 1101 3721 ὡρῶν
1125 3655 1191 3723 τῇ
1219 3655 1476 3727 καλλίστῃ
1505 3659 1743 3714 δείκνυσι
1760 3679 1778 3694 ο

230 3732 504 3801 χειμῶνος
536 3734 595 3787 δὲ
626 3736 804 3805 ῥίπτει
854 3738 916 3789 τὸ
955 3738 1182 3802 κάλλος·
1237 3743 1334 3794 καὶ
1372 3746 1439 3813 τῇ
1485 3745 1642 3813 φύσει
1684 3750 1779 3817 καὶ

226 3821 390 3887 τάξει
427 3824 526 3892 τῆς
547 3824 693 3895 ὥρας
719 3827 1019 3892 ἀκολουθεῖ,
1042 3828 1183 3882 ὥστε
1210 3831 1259 3883 εί
1283 3832 1366 3885 δεῖ
1391 3849 1445 3885 τι
1473 3833 1567 3886 καὶ
1597 3838 1778 3905 παρά-

225 3912 389 3978 δοξον
428 3913 545 3982 μὲν,
580 3913 938 3985 ἀληθέστερον
963 3916 1020 3970 δι
1062 3920 1254 3986 είπετν,
1294 3921 1451 3976 τοῦτο
1470 3923 1563 3975 καὶ
1596 3926 1776 3994 μόνον,

227 3998 437 4068 ῶραΞον
462 4002 528 4054 ἀν
546 4019 632 4066 τις
649 4002 792 4057 είποι
819 4003 1038 4069 δικαίως
1059 4022 1075 4037 ο
1108 4007 1169 4059 οὐ
1196 4007 1287 4061 διά
1304 4008 1403 4079 τὴν
1439 4010 1589 4079 ὥραν
1622 4013 1779 4082 μόνον

225 4088 372 4142 ἀλλὰ
406 4091 501 4143 καὶ
532 4091 625 4145 τὸν
656 4094 866 4163 καρπόν
880 4110 903 4163 _°
934 4094 1003 4148 τὰ
1028 4097 1073 4149 δ’
1105 4096 1241 4151 ἀλλα
1276 4097 1376 4152 καὶ
1404 4098 1602 4172 ἔξωρα,
1632 4102 1775 4158 οὕτω

224 4178 336 4249 τὴν
358 4179 508 4244 τάξιν
528 4198 587 4234 τε
615 4183 925 4252 παραδόντα
947 4184 1041 4238 καὶ
1065 4186 1405 4258 ἀγνοήσαντα
1428 4190 1518 4244 τὸν
1549 4192 1739 4261 καιρόν
1758 4208 1773 4224 ·

226 4270 295 4324 οὐ
328 4270 433 4340 μὴν
472 4272 658 4343 ὥσπερ
692 4274 755 4329 τδ
793 4276 916 4331 καθ’
947 4275 1096 4346 ὥραν
1130 4278 1386 4349 φανῆναι,
1424 4280 1566 4335 οὕτω
1592 4283 1685 4336 καὶ
1714 4282 1775 4336 τὺ

1889 1863 2119 1932 patriam
2150 1865 2393 1923 habent:
2430 1868 2533 1925 ista
2568 1881 2747 1926 autem
2781 1875 2896 1929 sola
2935 1885 2990 1931 et
3028 1877 3079 1931 in
3110 1880 3440 1936 culminibus

1886 1952 2226 2021 producitur,
2254 1963 2309 2009 et
2330 1955 2545 2013 cultura
2578 1962 2794 2028 crescit,
2828 1973 2883 2018 et
2920 1966 3069 2034 iuxta
3109 1984 3260 2023 mare
3285 1986 3439 2039 vege-

1889 2048 2004 2095 tare
2025 2049 2200 2106 amat;
2229 2042 2453 2098 vincens
2488 2057 2667 2103 autem
2698 2051 2769 2108 ita
2794 2053 3034 2107 locorum
3064 2058 3438 2125 universitate,

1888 2142 1994 2182 non
2024 2128 2204 2185 minus
2235 2132 2402 2187 vincit
2433 2138 2769 2204 vegetatione
2814 2139 2887 2194 ita
2936 2157 3319 2215 quamcunque
3355 2163 3439 2202 ar-

1888 2217 2105 2285 borum,
2145 2222 2203 2276 ut
2234 2223 2381 2278 nulla
2427 2225 2641 2293 uspiam
2667 2229 2793 2283 talis
2817 2230 2906 2285 sit.
2929 2230 3047 2286 Non
3076 2234 3222 2287 enim
3264 2246 3322 2290 ut
3353 2238 3438 2291 in-

1888 2315 1970 2362 ter
1997 2309 2133 2364 alias
2161 2326 2282 2379 quze
2308 2323 2581 2368 montanae
2609 2326 2739 2373 sunt
2764 2317 2904 2373 idem
2931 2335 3153 2377 cernere
3172 2326 3435 2393 przebent,

1888 2397 2165 2456 silvestres
2212 2411 2266 2455 et
2286 2402 2502 2458 inculte
2527 2421 2652 2460 cum
2681 2408 2815 2475 sint,
2850 2411 3171 2482 plerumque
3197 2416 3357 2469 etiam
3385 2428 3439 2471 et

1888 2486 2266 2557 infructuosae;
2304 2492 2444 2547 inter
2472 2496 2646 2550 cultas
2686 2514 2838 2564 vero,
2885 2500 3004 2554 alia:
3025 2501 3292 2558 fructibus
3321 2522 3438 2572 par-

1888 2575 2128 2631 cissime
2156 2587 2211 2633 et
2268 2582 2478 2637 truncis
2506 2585 2783 2651 aculeata,
2818 2588 2937 2644 loco
2977 2599 3184 2645 tantum
3219 2608 3247 2645 a
3283 2610 3440 2649 mon-

1890 2666 2032 2720 tanis
2078 2669 2419 2735 diﬂ'ercntes;
2461 2674 2601 2737 alim,
2649 2675 2881 2729 fructum
2910 2681 3130 2747 quidem
3165 2682 3299 2737 forte
3328 2674 3441 2739 non

1888 2753 2222 2821 abnuentes,
2269 2758 2363 2811 sed
2404 2760 2655 2814 debilitor
2736 2764 3117 2831 'producentes,
3181 2781 3234 2823 et
3282 2772 3433 2826 brevi

1886 2854 2126 2912 tempore
2171 2844 2447 2903 florentes.
2502 2849 2607 2904 Sed
2653 2853 2755 2906 ista
2804 2856 2945 2907 inter
2994 2858 3169 2911 cultas
3200 2859 3341 2928 viget
3379 2870 3436 2914 et

1885 2932 2046 2989 durat
2074 2942 2133 2988 ttt
2169 2951 2350 3005 pauca:
2389 2938 2679 2994 admodum
2711 2958 2741 2995 e
2769 2944 3124 3013 sylvestribus
3174 2959 3230 3001 et
3257 2949 3430 3003 infm-

1886 3025 2129 3097 etuosis;
2175 3037 2229 3079 et
2268 3027 2407 3081 inter
2444 3030 2719 3084 silvestres
2744 3031 2982 3100 jucunda
3016 3046 3070 3089 et
3090 3052 3301 3091 alumna
3325 3050 3430 3101 est,

1880 3112 2105 3169 ﬂoribus
2135 3124 2190 3168 et
2219 3115 2491 3172 fructibus
2518 3128 2732 3185 ornata,
2764 3132 2820 3175 ut
2863 3124 3008 3176 nulla
3034 3126 3138 3179 alia
3165 3128 3427 3184 arborum

1878 3204 2121 3274 porticus
2169 3210 2587 3274 exornantium,
2643 3223 2697 3265 et
2753 3214 3097 3280 pulchrarum
3127 3219 3427 3286 puellarum
3488 3206 3491 3207 ν

1889 3309 2040 3350 more
2068 3296 2204 3351 bene
2225 3308 2590 3367 comptarum.
2617 3300 2819 3358 Deinde
2838 3313 3045 3359 caetera:
3074 3309 3271 3377 saepius
3296 3310 3426 3365 anni

1879 3391 2120 3452 tempora
2163 3383 2389 3451 fallunt;
2437 3388 2558 3441 alias
2588 3389 2806 3458 quidem
2858 3408 2951 3447 ver
2990 3394 3332 3461 antecedunt,
3367 3408 3428 3453 ut

1878 3474 1993 3542 ipsa
2015 3476 2229 3543 quidem
2266 3476 2480 3546 palma;
2515 3479 2698 3535 multa
2724 3489 2904 3536 autem
2935 3483 2990 3537 in
3021 3485 3195 3540 hieme
3227 3488 3428 3555 produ-

1878 3574 2029 3628 cunt;
2057 3564 2161 3618 ista
2191 3580 2319 3619 vero
2342 3566 2504 3620 etiam
2532 3567 2586 3621 in
2616 3568 2703 3623 his
2730 3570 2900 3639 legem
2930 3582 3110 3628 servat
3129 3583 3183 3628 et
3213 3578 3427 3645 sapien-

1879 3660 1961 3707 ter
1981 3655 2110 3707 colit
2136 3672 2151 3709 :
2176 3657 2379 3710 :estatis
2417 3657 2561 3709 enim
2594 3658 2648 3711 in
2680 3671 2886 3728 partem
2914 3663 3175 3731 majorem
3206 3681 3427 3736 progre-

1876 3739 2042 3803 ditur,
2090 3750 2145 3795 et
2176 3741 2447 3796 fructuum
2482 3746 2896 3815 pulcherrimos,
2946 3751 3074 3802 anni
3122 3759 3421 3822 temporum

1876 3829 2242 3897 pulcherrimo
2259 3833 2492 3887 ostendit
2518 3851 2532 3888 :
2561 3834 2739 3890 hieme
2762 3845 2938 3892 autem
2967 3839 3419 3908 pulchritudinem

1875 3920 2098 3983 excutit,
2129 3928 2183 3973 et
2212 3930 2459 3975 naturam
2512 3924 2866 3995 ordinemque
2916 3934 3219 3997 temporum
3275 3931 3421 3985 inse-

1875 4010 2099 4080 quitur;
2124 4010 2196 4065 ita
2218 4021 2297 4075 ut,
2330 4012 2375 4067 si
2407 4014 2537 4083 quid
2572 4015 2771 4069 mirum
2800 4017 3041 4086 quidem,
3078 4020 3171 4074 sed
3198 4021 3422 4075 verissi-

1876 4116 2025 4155 mum
2074 4102 2257 4157 dicere
2307 4111 2420 4165 est.
2465 4108 2604 4161 hanc
2649 4107 2821 4162 solam
2870 4123 2991 4164 esse
3046 4111 3426 4180 tempestivam

1877 4192 2073 4247 merito
2104 4192 2305 4261 aliquis
2350 4191 2806 4264 pronuntiaverit,
2842 4214 2949 4254 non
2978 4199 3167 4254 solum
3186 4201 3256 4255 ob
3284 4208 3423 4255 tem-

1876 4295 1999 4349 pus,
2031 4283 2123 4336 sed
2153 4283 2315 4338 etiam
2339 4285 2408 4339 ob
2444 4284 2707 4355 fructum;
2740 4297 2951 4344 caetera:
2980 4300 3161 4345 autem
3213 4293 3416 4347 intem-

224 4358 655 4430 διαφυλαχθῆναι
699 4363 768 4417 δι’
796 4365 961 4436 ὥρας,
1000 4367 1198 4438 ῶραίον
1222 4384 1237 4399 ·
1266 4370 1381 4423 ἀλλ’
1412 4372 1560 4443 αὑτῷ
1600 4389 1663 4442 γε
1693 4375 1773 4444 τῷ

1883 4373 2115 4438 pestivae,
2149 4372 2223 4426 ita
2262 4372 2510 4429 ordinem
2547 4374 2793 4433 fallentes
2821 4387 2876 4432 et
2904 4388 3115 4448 tempus
3160 4382 3419 4450 ignoran-

223 4447 323 4501 διά
352 4450 549 4511 παντὸς
567 4452 663 4532 τοῦ
693 4453 849 4519 ἔτους
872 4456 1229 4527 διακατέχειν,
1276 4462 1519 4529 κρεῖττον
1543 4463 1641 4532 μὲν
1667 4464 1772 4519 τῶν

223 4535 425 4605 ῶρῶνο
454 4530 697 4606 κρεῖττον
731 4542 789 4596 δὲ
823 4544 923 4613 τῆς
949 4547 1294 4617 ἐπωνυμίας·
1324 4530 1569 4618 κρεῖττον
1597 4550 1654 4604 δὲ
1680 4555 1772 4606 καὶ

225 4624 452 4677 πάντων
476 4627 611 4696 ὁμοῦ
638 4630 749 4683 τῶν
774 4631 976 4687 λοιπῶν
998 4636 1220 4706 καρπῶν
1249 4636 1550 4691 δείκνυται·
1580 4641 1648 4694 τά
1673 4642 1771 4709 μὶν

400 4714 726 4808 sip-dumut,
756 4721 825 4774 τά
849 4722 1205 4796 διαρκίστερα
1231 4726 1287 4779 δὲ
1302 4726 1378 4797 τῷ
1400 4729 1517 4799 ἡδεῖ
1532 4730 1764 4808 νικῶσαι·

225 4800 434 4892 μαλλον
460 4801 539 4868 at,
581 4806 631 4860 sl
661 4807 743 4861 δεῖ
775 4811 1006 4881 τάληθις
1049 4817 1241 4883 εἰπεῖν,
1304 4818 1396 4870 καὶ
1423 4820 1490 4872 τὰ
1523 4819 1651 4889 usta
1698 4803 1765 4892 τῇ

222 4890 391 4960 ἡδονῇ
413 4892 507 4972 καὶ
528 4892 607 4963 τῷ
640 4898 851 4969 μονίμῳ
880 4902 945 4955 τά
970 4903 1196 4975 μόνιμα.
1506 4903 1508 4906 ’

297 5150 547 5205 Ἥδιστάν
568 5170 622 5206 τι
658 5157 847 5226 χρῆμα
882 5164 1041 5233 συκῆ.
1080 5168 1218 5221 Ἀλλ’
1247 5170 1294 5222 εί
1323 5170 1384 5223 τὸ
1438 5171 1589 5239 μέλιν
1631 5171 1764 5241 πρὸς

218 5242 331 5311 τὴν
382 5241 511 5311 ἕλην
542 5242 841 5330 ἐξικμασθῇ
874 5252 970 5305 καὶ
997 5255 1074 5324 τῷ
1132 5259 1266 5330 quq;
1296 5260 1356 5312 τὺ
1403 5261 1596 5325 κάλλος
1627 5262 1763 5314 ἀπο-

222 5330 423 5400 σλὴθῇ,
456 5330 548 5382 καὶ
580 5334 639 5383 τό
661 5348 718 5386 τε
745 5329 879 5398 εἶδος
913 5340 1030 5408 ἅμα
1052 5345 1145 5396 καὶ
1171 5346 1269 5415 τὴν
1294 5347 1483 5417 ἡδονὴν
1506 5350 1760 5419 στερηθῇ,

223 5421 325 5473 καὶ
349 5421 587 5490 ἀτεχνῶς
614 5422 749 5490 duci)
778 5422 1018 5493 γένηται,
1048 5430 1187 5498 πλὴν
1215 5434 1246 5500 ἢ
1274 5434 1418 5498 ιπαξ
1448 5436 1591 5499 ἰδεῖν,
1621 5436 1762 5501 ἔξεις

221 5508 378 5562 οὐδέν
402 5527 417 5539 ·
447 5510 563 5577 ἀμα
586 5526 643 5562 τε
663 5511 772 5581 7&9
795 5514 964 5582 ἐφάνη
986 5555 1001 5577 ,
1030 5518 1122 5569 καὶ
1140 5520 1209 5571 τά
1231 5522 1322 5573 τοῦ
1348 5524 1561 5592 δένδρου
1586 5524 1764 5596 πολλῷ

224 5596 424 5654 θᾶττον
447 5603 484 5670 ἢ
511 5601 573 5655 τὸ
597 5600 755 5665 ἀνθος
787 5600 955 5674 ἐρρύη
978 5621 993 5637 ο
1026 5606 1167 5660 οὕτω
1208 5611 1301 5664 καὶ
1324 5612 1496 5668 ταῦτα
1528 5614 1627 5686 τῆς
1652 5633 1762 5687 μηο

1873 4469 1982 4525 tcs;
2019 4476 2124 4515 non
2170 4471 2313 4516 certe
2366 4465 2521 4531 quasi
2555 4468 2622 4519 ad
2675 4476 2887 4535 tempus
2928 4482 3223 4536 apparere,
3273 4471 3421 4525 sicut

1870 4550 2072 4602 servari
2108 4550 2336 4605 durante
2378 4560 2620 4621 tempore
2677 4558 3053 4624 tempestivum
3090 4555 3239 4611 foret
3266 4575 3281 4611 :
3313 4560 3412 4615 sed

1868 4650 1933 4689 eo
1960 4633 2079 4702 ipso
2093 4636 2235 4702 quod
2259 4636 2483 4689 omnino
2510 4628 2693 4704 dur'at,
2727 4638 2828 4693 ista
2858 4642 3193 4711 temporibus
3209 4645 3409 4713 potior,

1867 4724 2045 4792 potior
2075 4723 2316 4792 epitheto
2366 4740 2487 4791 suo,
2542 4728 2721 4795 potior
2775 4744 2993 4799 quoque
3021 4732 3277 4790 omnibus
3299 4749 3410 4805 uua

1865 4812 2077 4868 caeteris
2142 4812 2421 4889 frugiferis
2468 4817 2812 4882 ostenditur;
2862 4818 3132 4889 iucundas
3171 4824 3405 4893 -quidem

1864 4900 2171 4969 duratione,
2197 4902 2564 4961 diuturniores
2589 4916 2767 4962 autem
2789 4908 3126 4979 iucunditate
3156 4914 3404 4980 vincens;

1865 4992 1973 5045 imo
1998 5007 2145 5058 vero,
2189 4993 2235 5047 si
2266 5010 2392 5048 vera
2430 4997 2613 5051 dicere
2651 5007 2893 5068 oportet,
2918 5001 3187 5067 iucundas
3203 5002 3406 5071 jucun-

1861 5079 2026 5135 ditate
2057 5089 2112 5135 et
2132 5081 2405 5139 durabiles
2432 5085 2717 5142 duratione
2743 5102 3029 5157 superans.

1930 5168 2395 5227 Jueundissimum
2420 5175 2637 5243 quidem
2662 5177 2865 5231 bonum
2889 5186 2974 5247 est
3009 5176 3145 5230 licus
3169 5194 3185 5242 ;
3234 5177 3326 5231 sed
3353 5178 3399 5232 si

1861 5258 1980 5326 ejus
2022 5258 2126 5313 mel
2173 5260 2358 5315 calore
2419 5261 2745 5329 deﬂuxerit,
2790 5271 2847 5320 et
2884 5265 2999 5318 sole
3057 5264 3399 5333 pulchritudo

1861 5347 2037 5402 ablata
2082 5346 2279 5412 fuerit,
2330 5357 2461 5406 tunc
2508 5361 2789 5407 venustate
2817 5359 2873 5406 ct
2909 5352 3181 5422 voluptate
3231 5355 3395 5411 simul

1862 5442 2114 5499 nudatur,
2148 5446 2205 5491 et
2237 5435 2377 5493 fmde
2408 5447 2599 5509 rugata
2648 5439 2905 5504 efﬁcitur,
2972 5451 3167 5509 prater
3214 5446 3392 5501 solum

1860 5529 2033 5581 visum
2065 5528 2305 5583 invenies
2324 5531 2492 5597 nihil;
2515 5548 2638 5587 nam
2660 5533 2821 5589 simul
2840 5535 3093 5603 apparuit
3117 5544 3171 5590 et
3188 5536 3394 5591 enituit
3490 5575 3494 5578 ~

1862 5617 2069 5673 arboris
2096 5616 2259 5674 decor
2294 5611 2467 5703 multo
2498 5622 2737 5679 velocius
2767 5636 2927 5695 quam
2951 5623 3073 5681 llos.
3103 5624 3195 5681 Sic
3220 5626 3389 5682 etiam
