4126 6332
730 316 829 382 851

1931 333 2245 423 JOANNlS
2282 338 2704 405 GEOMETRE

3796 355 3903 417 852

729 429 782 479 in
811 427 894 481 his
937 428 1078 482 malo
1114 430 1245 484 licus
1277 431 1412 484 cedit
1446 447 1557 484 tum
1593 433 1645 486 in
1681 433 1803 489 aliis
1841 437 2257 504 pulchritudinis

2359 447 2540 521 λέαςὴ
2594 455 2731 524 συκῆ
2782 456 3008 524 ἡττᾶται
3095 457 3235 526 μετά
3285 473 3349 527 γε
3382 460 3488 513 τῶν
3527 461 3699 516 ἄλλων
3725 462 3817 516 τοῦ
3843 482 3902 516 τε

725 522 778 565 ct
805 514 988 569 odoris
1031 531 1148 571 cum
1194 517 1580 586 magnitudinis
1611 519 1830 577 dOtibus
1860 541 1874 576 :
1910 525 2108 581 talibus
2137 528 2260 594 qui-

726 604 846 656 dem
888 605 987 657 ista
1020 606 1151 660 locis
1179 609 1394 675 gaudet,
1444 609 1646 664 talibus
1685 621 1866 666 autem
1901 614 1955 667 in
1983 617 2261 672 montibus

727 691 915 756 ﬂoret;
948 693 998 744 in
1030 702 1234 747 tantum
1276 696 1534 764 tempO'is
1561 697 1760 766 durat,
1791 712 2053 769 quantum
2099 705 2262 759 etiam

727 782 1116 838 incrementum
1167 787 1350 839 sumit.
1393 785 1512 841 Non
1562 790 1706 843 enim
1745 791 1810 844 ad
1846 793 2022 861 ipsum
2065 795 2263 850 caelum

725 869 946 935 tollitur,
981 881 1035 926 et
1062 874 1129 928 ab
1172 874 1487 931 hominibus
1525 892 1686 946 quam
1733 882 1969 935 maxime
2024 884 2261 953 recedit;

723 974 896 1027 neque
935 963 1160 1017 multum
1210 966 1363 1033 juxta
1403 975 1602 1021 terram
1643 971 1836 1038 surgit,
1867 980 1928 1025 ut
1964 973 2145 1027 multa:
2174 989 2263 1028 ar-

722 1049 902 1114 bores,
955 1051 1262 1109 bumilitate
1308 1058 1630 1127 despicitur,
1665 1058 1757 1115 vel
1795 1063 2059 1118 ruborum
2114 1081 2265 1122 more

722 1137 993 1192 divellitur
1021 1151 1073 1194 et
1104 1145 1479 1211 proculcetur;
1514 1148 1606 1201 sed
1641 1151 2069 1205 moderationem
2098 1153 2151 1206 in
2179 1155 2264 1209 his

720 1244 934 1298 quoque
969 1245 1167 1294 servat,
1199 1243 1251 1288 et
1279 1246 1552 1305 tamquam
1597 1252 1787 1293 omnes
1819 1240 2066 1296 homines
2111 1257 2264 1296 ama-

723 1328 864 1373 tores
894 1319 1119 1386 babcns,
1177 1325 1241 1378 ad
1269 1325 1470 1394 justam
1528 1331 2178 1402 mensuramprofertur,
2213 1341 2266 1386 et

721 1423 885 1477 prope
932 1413 1196 1465 manendo
1255 1416 1563 1469 amantibus
1593 1431 1651 1470 se
1698 1419 1921 1485 prabet.
1963 1420 2034 1474 Ut
2086 1430 2264 1475 autem

723 1499 925 1550 amoris
957 1500 1176 1553 satietas
1200 1515 1304 1553 non
1339 1503 1636 1573 contingat,
1668 1506 1830 1573 paulo
1856 1520 1886 1559 a
1918 1515 2056 1560 terra
2083 1523 2266 1563 assur-

722 1592 819 1658 git,
850 1602 901 1646 et
935 1608 1040 1646 una
1087 1610 1207 1647 cum
1257 1595 1540 1663 juventute
1584 1599 2039 1666 pulchritudinem
2091 1604 2266 1671 expli-

722 1689 827 1744 cat,
861 1691 914 1733 et
940 1681 1222 1748 juventute
1259 1684 1516 1750 majorem
1565 1686 2024 1753 pulchritudinem
2068 1705 2266 1758 expen-

720 1772 872 1829 dcns,
912 1780 1142 1839 utraque
1196 1774 1490 1840 conspicua
1523 1775 1848 1828 ostenditur.
1882 1775 1960 1828 lta
1993 1790 2121 1844 ergo
2165 1778 2265 1830 hu-

721 1858 999 1911 militatem
1027 1869 1081 1913 et
1104 1860 1477 1916 celsitudinem
1517 1863 1799 1932 aequaliter
1839 1865 2049 1918 evitans
2079 1864 2259 1930 arbor,

720 1963 892 2015 neque
937 1951 1178 2016 aspectui
1225 1951 1707 2018 contemplantium
1737 1951 2043 2016 abducitur,
2088 1967 2263 2021 neque

719 2053 955 2090 amorem
1005 2039 1181 2092 satiat.
1215 2038 1319 2093 Sed
1367 2056 1540 2109 neque
1593 2042 1693 2096 sibi
1750 2042 1850 2110 ipsi
1896 2054 2080 2108 nocet,
2136 2059 2260 2097 nam

716 2129 1047 2182 altitudinem
1108 2139 1410 2194 correptam
1463 2132 1751 2186 vehemens
1799 2141 1992 2186 ventus
2051 2134 2261 2187 irruens

717 2235 820 2272 nou
853 2220 1053 2288 rumpit
1078 2222 1162 2274 vel
1193 2222 1471 2283 subvertit,
1503 2233 1556 2274 et
1582 2228 1781 2273 tantam
1808 2221 2258 2288 pulchritudinem

715 2308 1131 2375 proculcandam
1185 2309 1472 2375 permittit.
1531 2307 1688 2362 Certe
1739 2309 1884 2363 enim
1926 2323 2031 2360 non
2103 2309 2261 2374 digne

728 2395 994 2450 Homerus
1030 2411 1143 2449 rem
1175 2396 1526 2463 'deploraret,
1562 2396 1654 2465 qui
1691 2395 1743 2448 in
1771 2396 1982 2464 plantas
2028 2396 2259 2450 lamenta

714 2486 1002 2553 expromit,
1047 2485 1136 2553 qui
1184 2487 1367 2553 pinum
1407 2485 1731 2540 lamentatur
1763 2495 1817 2539 et
1847 2501 2126 2553 quercum,
2168 2488 2258 2555 qui

717 2576 972 2644 populum
1025 2575 1198 2627 albam
1253 2575 1431 2638 deﬂet,
1481 2585 1533 2628 et
1567 2575 1826 2644 gemitum
1876 2576 1977 2628 ciet
2007 2577 2058 2627 in
2084 2577 2256 2629 oleam

713 2667 980 2720 arborem.
1043 2663 1274 2735 Fugiens
1322 2665 1488 2732 igitur
1537 2665 1677 2718 hanc
1729 2665 2087 2718 calamitatem
2145 2666 2259 2721 haec

712 2756 896 2819 arbos,
927 2756 1117 2809 eodem
1152 2755 1314 2810 modo
1349 2757 1513 2809 etiam
1548 2755 1782 2809 fructum
1815 2754 2084 2824 producit.

778 2927 910 2982 Nam
956 2931 1132 3012 prim/0
1182 2931 1399 3000 quidem
1458 2946 1563 2984 non
1617 2930 1758 2984 sicut
1808 2930 1985 2999 palma
2036 2930 2256 2986 frondes

2362 541 2590 604 κάλλους
2642 544 2736 597 καὶ
2781 544 2878 613 τῆς
2912 544 3078 615 ὀδμῆς
3136 547 3228 601 καὶ
3276 547 3370 600 τοῦ
3423 549 3716 618 μεγέθους·
3752 553 3904 620 παρά

2361 631 2620 695 τοιούτοις
2645 633 2742 703 μὲν
2771 634 3118 704 τῶνχωρίων
3149 636 3411 706 χαίρουσα
3431 653 3446 668 ·
3485 640 3636 708 παρὰ
3679 638 3904 712 τοιαύτη

2360 720 2416 772 δὲ
2451 721 2557 774 τῶν
2589 722 2745 792 ὡρῶν
2784 723 3049 777 θάλλουσα
3069 740 3085 757 ·
3136 725 3285 794 παρὰ
3339 725 3589 780 τοσοῦτον
3631 728 3685 779 δὲ
3715 729 3874 797 διαμέ

2363 825 2523 861 νουσα
2554 810 2647 862 καὶ
2667 810 2756 862 τὸν
2785 812 2972 880 χρόνον
2998 811 3114 863 οἵαν
3138 811 3202 880 δὴ
3224 811 3318 863 καὶ
3347 811 3446 880 τὴν
3472 811 3705 880 βλάστην
3737 816 3878 864 ποιεῖ

2362 915 2472 952 ται.
2508 899 2642 952 Οὔτε
2665 899 2770 970 γάρ
2793 901 2928 968 πρὸς
2953 900 3112 953 αὐτὸν
3138 901 3347 970 αἴρεται
3379 900 3470 952 τὸν
3502 901 3736 970 οὐρανὸν
3758 941 3772 962 ,
3813 918 3884 953 κα

2362 988 2469 1039 τῶν
2519 987 2816 1057 ἀνθρώπων
2869 988 2943 1050 ὡς
2975 989 3067 1041 ἐπὶ
3099 990 3344 1042 πλεῖστον
3396 990 3719 1042 ἀποστατεῖ·
3780 987 3904 1040 οὒτε

2366 1077 2470 1145 μὴν
2501 1077 2637 1128 πάνυ
2671 1080 2734 1146 τῇ
2758 1080 2827 1146 τῇ
2855 1079 3225 1147 προσπέφυκε,
3253 1077 3346 1130 καὶ
3372 1071 3459 1130 οἷα
3491 1077 3574 1143 τὰί
3596 1076 3767 1131 πολλά
3795 1078 3906 1130 τῶν

2361 1165 2621 1235 δένδρων,
2668 1168 2748 1235 τῷ
2790 1169 2987 1236 ἑτοίμῳ
3041 1168 3550 1240 καταπεφρόνηται,
3606 1169 3640 1234 ἢ
3698 1165 3722 1218 (
3772 1183 3906 1236 puteo

2363 1255 2560 1324 τρόπον
2596 1255 2844 1323 ἔρριπται
2867 1294 2882 1321 ,
2917 1256 3004 1306 καὶ
3032 1257 3498 1323 καταπεπάτηται·
3533 1252 3665 1306 ἀλλά
3692 1253 3751 1304 τὸ
3799 1253 3908 1304 σῶ-

2365 1360 2499 1413 φρον
2527 1344 2621 1396 κά.
2657 1344 2867 1406 τούτοις
2890 1345 3024 1413 τιμᾷ
3045 1359 3058 1373 ·
3096 1344 3186 1400 καὶ
3215 1339 3303 1397 οἷα
3337 1344 3435 1412 μέν
3462 1344 3668 1404 πάντας
3693 1339 3906 1410 ἀνθρὼ-

2366 1447 2498 1490 πους
2525 1431 2755 1500 ἐραστάς
2782 1431 2995 1500 ἔχουσα,
3023 1433 3264 1501 πρόεισιν
3293 1426 3383 1484 ἐπὶ
3420 1432 3633 1502 μέτριον
3656 1448 3668 1460 ·
3713 1433 3805 1484 καὶ
3829 1431 3905 1500 τῷ

2368 1517 2547 1584 μένειν
2574 1519 2761 1585 ἐγγὺς,
2806 1522 2916 1582 τοῖς
2953 1519 3118 1586 ἐρῶσι
3163 1519 3465 1589 χαρίζεται.
3499 1520 3688 1581 Ὅπως
3729 1518 3784 1570 δὲ
3830 1519 3904 1586 μὴ

2366 1607 2458 1660 καὶ
2493 1607 2651 1675 κόρος
2695 1609 2788 1660 τοῦ
2832 1609 3029 1677 ἔρωτος
3072 1605 3157 1679 ᾗ,·
3189 1609 3281 1661 καὶ
3335 1608 3526 1678 μικρόν
3572 1626 3624 1660 τι
3660 1608 3756 1673 τῆς
3801 1609 3906 1676 γῆς

2366 1698 2628 1765 ἀνέστηκε
2649 1736 2664 1761 ,
2714 1697 2806 1751 καὶ
2839 1699 2956 1769 ἆμα
2981 1698 3056 1768 τῷ
3089 1715 3146 1750 τε
3181 1699 3364 1750 κάλλει
3385 1699 3482 1768 τὴν
3513 1699 3727 1766 ἠλικίαν
3767 1715 3906 1766 συμ-

2363 1785 2627 1854 προϊοῦσα
2651 1802 2664 1815 ·
2701 1787 2792 1840 καὶ
2823 1787 2884 1838 τὸ
2924 1785 3116 1849 κάλλος
3157 1789 3222 1856 τῇ
3257 1786 3439 1856 ἡλικίᾳ
3483 1786 3643 1839 πλέον
3671 1785 3903 1850 τιθεῖσα,

2362 1872 2421 1937 ἐξ
2447 1871 2770 1942 ἀμφοτέρων
2800 1874 2859 1926 τὸ
2903 1875 3095 1943 σεμνὸν
3125 1875 3470 1927 ἐνδείκνυται.
3503 1874 3684 1935 Οὕτως
3718 1873 3810 1926 οὖν
3844 1875 3907 1925 τὸ

2360 1963 2610 2016 ταπεινόν
2632 1980 2690 2016 τε
2714 1965 2807 2017 καὶ
2853 1963 3054 2034 ὑψηλὸν
3081 1965 3270 2033 ἐπίσης
3305 1963 3473 2032 φυγδν
3502 1964 3562 2016 τὸ
3600 1963 3906 2033 βλάστημα,

2360 2050 2480 2104 οὔτε
2510 2053 2606 2118 τὴν
2635 2052 2757 2120 δψιν
2785 2052 2910 2115 τοὺς
2951 2052 3142 2115 θεατάς
3169 2054 3409 2122 ἀφαιρεῖ,
3441 2051 3561 2104 οὔτε
3592 2052 3788 2119 πληροῖ
3817 2050 3909 2102 τὸν

2359 2142 2574 2212 ἔρωτα·
2627 2143 2740 2194 ἀλλ’
2783 2143 2906 2195 οὔτε
2943 2142 3046 2212 μὴν
3078 2141 3276 2210 ἑαυτὴν
3322 2141 3528 2193 ἀδικεῖ·
3581 2140 3642 2193 οὐ
3680 2140 3790 2208 γὰρ
3843 2137 3907 2206 δὴ

2360 2233 2493 2302 πρὸς
2528 2231 2656 2300 ὕψος
2697 2233 2966 2286 ἐλάσασαν
2990 2274 3002 2296 ,
3039 2230 3270 2300 σκληρός
3294 2247 3376 2292 τις
3404 2229 3601 2297 ἄνεμος
3651 2226 3910 2295 ἐμπεσὼν

2361 2323 2657 2388 κατήνεγκε
2675 2322 2766 2374 καὶ
2787 2320 3042 2389 ἀνέτρεψε
3066 2359 3080 2382 ,
3109 2321 3202 2372 καὶ
3226 2319 3475 2371 τοσοῦτον
3499 2316 3690 2378 κάλλος
3717 2317 3910 2370 πατεῖν

2361 2412 2690 2480 παρέδωκεν·
2711 2413 2744 2481 ἢ
2775 2410 2882 2478 γὰρ
2910 2410 2975 2463 ἂν
3000 2409 3107 2462 οὐδ’
3126 2411 3375 2478 Ὅμηρος
3398 2407 3562 2471 ἀξίως
3590 2407 3652 2458 τὸ
3675 2406 3910 2474 πρᾶγμα

2358 2500 2683 2568 ἐθρηνησεν·
2724 2499 2782 2560 ὃς
2831 2516 2893 2566 γε
2922 2499 3012 2550 καὶ
3050 2498 3276 2568 θρήνους
3306 2497 3385 2560 εἰς
3432 2496 3498 2548 τά
3544 2496 3678 2564 ἔρνη
3724 2496 3905 2547 ποιεῖ·

2359 2594 2450 2642 καὶ
2480 2591 2665 2659 θρηνεῖ
2708 2591 2806 2658 μὲν
2835 2589 2932 2658 τὴν
2970 2589 3128 2641 πίτυν
3148 2604 3161 2618 ·
3197 2589 3381 2657 θρηνεί
3407 2588 3462 2641 δὲ
3489 2587 3589 2657 τὴν
3619 2585 3746 2656 δρῦν
3766 2603 3780 2617 ·
3809 2586 3911 2639 δα-

2360 2679 2602 2748 κρύειδέ
2649 2679 2746 2748 τὴν
2798 2677 3067 2747 ἀχερωῖδα
3117 2678 3210 2730 καὶ
3247 2677 3478 2730 ἐλεεινὸν
3532 2677 3625 2730 ἐπὶ
3679 2675 3756 2746 τῷ
3807 2677 3911 2746 τῆς

2357 2771 2537 2832 ἐλαίας
2586 2769 2843 2838 άνακλᾴει
2879 2767 3050 2838 φυτῷ.
3089 2768 3289 2847 Φεῦγον
3317 2766 3409 2820 οὖν
3435 2766 3528 2819 καὶ
3565 2767 3767 2836 ταύτην
3806 2767 3908 2836 τὴν

2368 2861 2652 2930 συμφορὰν
2673 2862 2735 2914 τὸ
2771 2860 2956 2928 φυτὸν,
2981 2854 3089 2912 οἷον
3118 2858 3401 2928 βλαστάνει
3435 2859 3640 2912 καὶτὸν
3669 2858 3904 2928 καρπόν.

2430 2947 2650 3015 Πρῶτον
2683 2946 2781 3015 μὲν
2823 2947 2929 3017 γάρ
2959 2945 3055 3014 οὐχ
3088 2944 3272 3015 ὥσπερ
3311 2947 3339 2998 6
3373 2945 3548 3013 φοῖνιξ
3585 2946 3678 2998 ἐπὶ
3725 2947 3907 3013 κόμης

709 3015 993 3072 frondibus
1070 3021 1244 3074 solum
1329 3020 1535 3086 adjicit,
1609 3021 1698 3074 sed
1776 3036 1839 3074 ex
1920 3020 2066 3072 omni
2103 3030 2254 3087 parte

2357 3037 2415 3088 οὐ
2450 3038 2606 3105 μόνον
2625 3028 2771 3106 κομᾷ
2790 3077 2805 3103 ,
2832 3015 2966 3090 ἀλλὰ
2994 3037 3283 3099 διαπαντὸς
3303 3036 3517 3100 ἐξανθεῖ
3541 3036 3636 3088 τοῦ
3672 3035 3909 3103 βλαστή-

710 3122 892 3160 ramos
920 3118 972 3160 et
1002 3109 1218 3163 fromles
1250 3109 1536 3176 expromit,
1561 3117 1613 3162 et
1647 3109 2020 3176 undecumque
2047 3120 2255 3162 amato—

714 3209 802 3246 res
829 3197 1046 3247 attrahit
1084 3205 1137 3248 et
1162 3199 1411 3250 delectat.
1467 3196 1667 3248 Deinde
1698 3196 1964 3250 fructibus
1994 3196 2106 3248 haec
2135 3196 2256 3248 alba

634 3316 637 3318 -
711 3292 814 3344 est,
845 3283 931 3336 illa
963 3283 1118 3347 ﬂava,
1153 3287 1320 3338 altera
1341 3285 1526 3348 rubra,
1566 3286 1732 3337 altera
1764 3299 2065 3352 purpurea,
2089 3285 2256 3337 altera

720 3371 954 3439 denique
1001 3372 1301 3439 :eruginosa
1353 3390 1368 3425 :
1415 3374 1486 3426 ita
1519 3374 1659 3426 inter
1709 3373 1930 3426 arbores
1956 3373 2062 3426 alia
2113 3373 2256 3426 aliud

715 3460 838 3522 fert,
889 3462 979 3512 sed
1008 3462 1190 3513 omnia
1248 3461 1349 3515 fert
1382 3461 1575 3516 malus.
1614 3459 1670 3515 Si
1715 3463 1933 3529 quidem
1986 3464 2108 3516 albo
2164 3463 2260 3515 de-

715 3548 966 3612 lecteris,
1030 3548 1095 3601 ad
1152 3548 1326 3602 albam
1390 3550 1637 3614 arborem
1693 3552 1969 3618 procedis;
2027 3555 2072 3606 si
2135 3565 2260 3604 vero

712 3635 949 3690 rubrum
979 3638 1183 3706 cupias,
1233 3639 1298 3692 ad
1351 3639 1568 3693 rubram
1606 3647 1656 3693 te
1689 3640 1912 3709 dirigis;
1960 3640 2005 3693 si
2051 3648 2261 3694 utrum-

711 3715 814 3794 que
852 3742 1033 3792 ames,
1065 3728 1129 3780 ad
1181 3729 1339 3781 aliam
1387 3729 1576 3793 radis;
1615 3729 1696 3782 sin
1725 3741 1904 3784 autem
1949 3731 2109 3783 simul
2145 3744 2261 3783 om-

710 3820 796 3871 nia
827 3833 1066 3886 qnaeras,
1100 3819 1183 3872 abi
1217 3820 1282 3872 ad
1324 3819 1580 3874 ferentem
1621 3820 1847 3884 datiles;
1895 3821 2006 3873 haec
2041 3821 2106 3874 iis
2141 3819 2260 3887 qui-

710 3909 828 3960 dem
861 3909 1025 3972 albet,
1066 3908 1132 3962 iis
1182 3923 1308 3961 vero
1354 3909 1548 3973 rubet;
1598 3918 1706 3962 tum
1745 3909 1960 3977 quidem
1991 3921 2256 3974 recenter,

709 4009 823 4052 tum
853 4008 1028 4050 autem
1057 3998 1372 4066 jamdudum
1399 4016 1413 4064 ;
1444 3999 1510 4052 iis
1540 4013 1668 4052 vero
1699 4007 1993 4067 purpurat;
2027 4009 2084 4050 et
2114 3999 2258 4052 albet

708 4089 923 4156 quidem
971 4090 1120 4142 velut
1148 4090 1253 4151 lac,
1287 4099 1548 4156 purpurat
1595 4103 1721 4141 vero
1772 4089 1875 4142 ista
1923 4089 2067 4140 velut
2113 4103 2256 4150 rosa,

715 4179 1065 4247 variaturque
1100 4179 1331 4232 diversis
1381 4179 1693 4242 coloribus;
1726 4181 1838 4231 haec
1875 4179 2090 4245 quidem
2125 4186 2258 4240 tota,

707 4267 798 4318 illa
859 4282 986 4319 vero
1035 4281 1141 4319 non
1190 4274 1336 4330 tota;
1405 4266 1522 4319 haec
1558 4266 1759 4329 minus,
1809 4266 1900 4319 illa
1965 4266 2154 4335 magis.
2201 4267 2256 4318 Si

2360 3143 2524 3193 ματος
2546 3166 2561 3190 ,
2597 3127 2690 3180 καὶ
2721 3128 3036 3195 ψυχαγωγεῖ
3074 3128 3167 3178 καὶ
3204 3127 3392 3195 τέρπει
3425 3123 3755 3194 πανταχόθεν
3779 3124 3910 3184 τοὺς

2357 3215 2611 3278 ἐραστάς.
2649 3216 2876 3267 Ἔπειτα
2912 3215 3021 3267 τῶν
3047 3216 3293 3282 καρπῶν,
3323 3216 3352 3266 6
3388 3214 3484 3282 μὲν
3514 3214 3700 3273 λευκός
3719 3227 3736 3243 ·
3767 3215 3796 3264 6
3827 3211 3909 3270 δὲ.

2358 3302 2566 3371 ὠχρός·
2603 3303 2632 3353 6
2671 3301 2748 3364 δὲ,
2795 3302 3049 3371 ἐρυθρός·
3090 3303 3119 3351 6
3151 3301 3226 3362 δὲ,
3261 3299 3564 3367 φοινικοῦς·
3598 3302 3626 3350 6
3677 3298 3752 3360 δὲ,
3812 3298 3913 3349 καὶ

2363 3392 2562 3461 μιλτὸς.
2585 3391 2742 3460 Φέρει
2769 3391 2824 3442 δὲ
2852 3389 2957 3442 τῶν
2998 3388 3177 3455 φυτῶν
3229 3390 3323 3440 καὶ
3343 3388 3466 3440 ἄλλο
3495 3387 3592 3456 μὲν
3617 3386 3742 3439 ἄλλο
3761 3425 3775 3449 ,
3805 3386 3909 3438 καὶ

2361 3482 2532 3532 πάντα
2561 3480 2618 3532 δὲ
2647 3479 2706 3532 τὸ
2736 3479 2896 3532 αὐτό·
2935 3477 3034 3530 κᾶν
3064 3477 3161 3546 μὲν
3197 3476 3273 3546 τῷ
3301 3475 3477 3544 λευκῷ
3511 3476 3722 3546 χαίρῃς,
3756 3476 3912 3544 παρὰ

2360 3570 2562 3639 ταύτην
2616 3570 2886 3638 βαδίζεις·
2930 3568 2995 3621 ἂν
3036 3567 3091 3620 δὲ
3138 3567 3204 3620 τὸ
3264 3567 3491 3637 ἐρυθρὸν
3541 3566 3732 3635 ποθῇς,
3773 3565 3910 3634 παρ’
3978 3627 3984 3629 γ

2361 3661 2574 3729 ἐκείνην
2605 3661 2816 3730 ἀπέρχῃ
2843 3677 2857 3690 ·
2889 3661 2955 3712 ἂν
2978 3659 3035 3712 δὲ
3049 3642 3160 3711 ’καὶ
3194 3659 3396 3726 ἀμφοῖν
3429 3659 3581 3727 ἐρᾷς,
3622 3657 3772 3727 παρά
3805 3656 3912 3724 τὴν

2359 3750 2526 3817 ἀλλην
2556 3751 2742 3819 φοιτᾷς
2766 3766 2779 3780 ·
2822 3748 2887 3802 ἂν
2913 3749 2968 3802 δὲ
3019 3749 3110 3800 καὶ
3153 3749 3330 3801 πάντα
3356 3747 3491 3818 ὁμοῦ
3538 3745 3725 3817 ζητῇς,
3756 3746 3914 3814 παρά

2358 3839 2456 3907 τὴν
2487 3838 2754 3908 φέρουσαν
2790 3837 2916 3890 άπει
2944 3835 3069 3898 τοὺς
3110 3835 3385 3902 φοινικοῦς
3406 3872 3421 3888 .
3467 3834 3529 3887 Ἦ
3557 3834 3612 3886 δὲ
3640 3836 3762 3894 τοὺς
3807 3833 3912 3901 μὲν

2358 3919 2694 3980 λευκαίνεται
2714 3963 2730 3989 ,
2761 3927 2882 3986 τοὺς
2915 3924 2972 3976 δὲ
3005 3922 3417 3993 ἐρυθραίνεται·
3454 3923 3579 3984 τοὺς
3614 3921 3713 3990 μὲν
3742 3921 3868 3989 άρτι
3891 3959 3908 3982 ,

2357 4017 2481 4074 τοὺς
2510 4014 2565 4066 δὲ
2595 4015 2726 4082 ήδη·
2756 4012 2882 4074 τοὺς
2908 4011 2967 4062 δὲ
3022 4008 3117 4062 καὶ
3151 4008 3486 4075 φοινίσσεται
3511 4023 3526 4038 ·
3562 4007 3658 4058 καὶ
3686 4005 3913 4058 λευκαί-

2359 4119 2506 4155 νεται
2542 4101 2639 4170 μὲν
2687 4099 2856 4160 οὕτως
2908 4097 2980 4158 ὡς
3033 4095 3205 4162 γάλα·
3241 4096 3569 4161 φοινίσσεται
3603 4093 3646 4146 δ’
3698 4094 3914 4156 ἐκεῖνος

2359 4191 2432 4250 ὡς
2461 4190 2611 4258 ῥόδον
2634 4205 2648 4218 ·
2708 4187 3036 4254 κεκέρασται
3062 4184 3109 4236 δ’
3131 4181 3306 4246 άλλως
3355 4182 3451 4235 καὶ
3503 4181 3706 4244 άλλως·
3742 4184 3771 4234 6
3806 4184 3914 4250 μὲν

2360 4280 2504 4341 ὅλος·
2529 4281 2562 4331 6
2586 4278 2662 4342 δὲ,
2692 4278 2788 4346 οὐχ
2820 4278 2936 4337 ὅλος
2958 4292 2971 4307 ·
3018 4277 3116 4352 καί
3139 4274 3168 4324 6
3201 4274 3319 4343 μὲν,
3353 4268 3534 4344 ἦττον.
3581 4273 3609 4325 6
3647 4271 3724 4337 δὲ,
3762 4271 3910 4340 μᾶλ-

708 4353 925 4421 quidem
967 4354 1187 4406 rubram
1252 4354 1472 4415 videris,
1536 4355 1712 4407 albam
1782 4355 2000 4408 omnino
2038 4357 2253 4423 putabis

2359 4375 2447 4422 λον
2472 4387 2485 4402 ·
2537 4370 2641 4422 κᾶν
2674 4369 2771 4436 μὲν
2812 4367 2871 4418 τὸ
2927 4365 3151 4435 ἐρυθρὸν
3181 4364 3369 4436 θεάσῃ,
3427 4363 3485 4415 τὸ
3545 4361 3729 4415 λευκὸν
3769 4360 3915 4421 ὅλως

708 4445 958 4510 ignorare
991 4444 1278 4509 arborem;
1312 4453 1363 4497 ct
1391 4445 1434 4498 si
1482 4444 1534 4497 in
1579 4446 1806 4511 primam
1865 4447 2020 4500 istam
2064 4449 2252 4502 oculos

711 4533 995 4597 direxeris,
1038 4535 1170 4587 nihil
1223 4535 1370 4587 rubri
1404 4534 1601 4588 fructui
1643 4536 1822 4590 inesse
1868 4537 2107 4600 dixeris;
2160 4539 2250 4592 sed

712 4624 812 4677 hoc
845 4623 1057 4689 quidem
1108 4628 1301 4691 partim
1337 4626 1578 4694 sanguis,
1633 4627 1824 4694 partim
1858 4643 1984 4681 vero
2043 4629 2133 4681 nix
2177 4629 2255 4682 vi-

709 4713 942 4764 debitur.
976 4711 1041 4764 Et
1073 4715 1247 4768 malus
1282 4724 1366 4768 est
1395 4716 1510 4768 visu
1555 4731 1696 4779 rosa,
1746 4717 1946 4771 olfactu
2001 4734 2128 4772 vero
2154 4735 2250 4772 un-

709 4810 988 4870 guentum,
1020 4813 1232 4868 gustatu
1263 4813 1442 4857 autem
1475 4803 1617 4858 aliud
1655 4807 1804 4873 quid,
1860 4817 1952 4860 aut
1985 4825 2172 4864 rursus
2197 4810 2249 4863 in

706 4906 772 4944 co
801 4891 1028 4944 multum
1062 4891 1195 4946 alias
1225 4892 1583 4946 delectatione
1606 4895 1771 4947 vincit
1796 4897 1992 4957 malus,
2021 4898 2146 4951 dum
2176 4899 2250 4952 illi

707 4981 824 5036 alia:
879 4981 1052 5049 magis
1102 4991 1510 5049 comparantur.
1567 4982 1625 5035 Si
1673 4985 1794 5050 quis
1857 4986 2075 5040 laudare
2128 4991 2253 5044 velit

706 5072 1025 5140 cujusquam
1057 5071 1130 5124 rei
1161 5081 1399 5138 gustum,
1449 5079 1541 5123 aut
1568 5072 1768 5124 malum
1811 5073 1950 5126 dicet
1974 5084 2066 5127 aut
2101 5078 2205 5129 mel
2235 5095 2248 5130 :

707 5169 761 5212 et
790 5159 902 5213 haec
945 5161 1108 5228 igitur
1164 5155 1455 5214 llomerum
1492 5169 1779 5213 suaserunt
1823 5163 1887 5215 ad
1919 5177 2133 5218 omnem
2161 5180 2254 5218 vo-

707 5250 935 5304 candum
960 5251 1258 5319 jucundum
1293 5249 1420 5304 mali
1458 5250 1710 5304 fructum.
2225 5325 2236 5328 Ἀ

780 5340 832 5391 Si
885 5357 1013 5395 vero
1056 5351 1269 5410 oportet
1338 5342 1533 5396 fabulae
1586 5343 1917 5408 meminisse,
1950 5346 2072 5400 etsi
2121 5347 2250 5415 quid

709 5428 964 5484 doctrina:
1008 5443 1061 5485 et
1093 5433 1462 5488 delectationis
1511 5448 1618 5487 non
1676 5424 2024 5502 injucundum
2074 5446 2152 5491 est
2184 5439 2249 5492 ad

715 5518 890 5571 virum
933 5524 1201 5589 applicare
1237 5526 1437 5595 saepius
1477 5535 1528 5580 et
1563 5527 1738 5594 ipsum
1769 5540 1891 5581 cum
1930 5527 2098 5584 Musis
2145 5529 2249 5582 sal-

710 5613 931 5671 tantem,
979 5612 1150 5675 aliter,
1202 5616 1417 5686 quando
1463 5615 1698 5674 fabulam
1753 5626 1910 5674 ornat
1960 5619 2244 5691 sapientia,

2353 4461 2591 4529 νομίσεις
2635 4462 2844 4525 ἀγνοεῖν
2882 4458 2941 4511 τὸ
2980 4457 3140 4525 φυτόν
3165 4471 3178 4486 ·
3211 4454 3311 4508 κᾶν
3357 4453 3529 4522 τούτῳ
3567 4452 3766 4521 πρώτῳ
3804 4451 3916 4517 τὴν

2352 4549 2474 4617 ὄψιν
2516 4548 2825 4618 προσϐάλῃς
2851 4587 2864 4609 ,
2909 4547 3007 4599 οὐκ
3045 4541 3184 4598 εἷναί
3217 4563 3269 4597 τι
3321 4545 3512 4614 φήσεις
3538 4543 3632 4596 καὶ
3673 4539 3912 4610 ἐρυθροῦ

2351 4638 2426 4706 τῷ
2462 4638 2654 4707 καρπῷ
2672 4656 2686 4670 ·
2711 4637 2845 4690 ἀλλά
2866 4637 2924 4689 τὸ
2957 4635 3074 4705 μὲν,
3102 4631 3240 4703 αἷμα
3264 4634 3323 4686 τὸ
3347 4635 3538 4702 μέρος·
3569 4631 3629 4684 τὸ
3651 4632 3729 4696 δὲ,
3763 4629 3913 4695 δόξει

2351 4731 2502 4799 χιών.
2542 4732 2648 4783 Καὶ
2679 4729 2791 4782 ἔστι
2845 4729 2905 4780 τὸ
2939 4728 3105 4797 μῆλον
3158 4727 3284 4778 ἰδεῖν
3316 4727 3411 4793 μὲν
3466 4725 3636 4793 ῥόδον,
3693 4724 3915 4792 ὀσφρή-

2354 4823 2545 4892 σασθαι
2575 4821 2631 4871 δὲ
2680 4821 2846 4890 μύρον
2873 4862 2887 4884 ,
2927 4815 3224 4886 γεύσασθαι
3271 4815 3327 4866 δέ
3373 4830 3427 4865 τι
3475 4813 3635 4878 ἀλλο,
3670 4813 3704 4881 ἢ
3740 4812 3916 4864 πάλιν

2351 4911 2477 4961 αὐτὸ
2513 4910 2675 4977 μῆλον
2699 4908 2838 4959 οὕτω
2863 4907 2955 4958 καὶ
2981 4904 3231 4957 τοσοῦτον
3260 4902 3419 4972 ἡδονῇ
3444 4900 3609 4954 τᾶλλα
3637 4901 3779 4968 νικᾷ,
3805 4901 3916 4953 καὶ

2352 4999 2486 5066 πρὸς
2540 4998 2694 5049 τοῦτο
2745 4998 2971 5049 κάκεῖνα
3054 4992 3252 5062 μᾶλλον
3299 4991 3606 5052 εἰκάζεται·
3665 4991 3765 5044 κάν
3817 5007 3916 5052 τις

2351 5087 2588 5137 ἐπαινεῖν
2618 5086 2790 5137 ἐθέλοι
2815 5101 2867 5134 τι
2891 5082 3030 5135 κατὰ
3062 5080 3244 5146 γεῦσιν
3270 5097 3284 5110 ·
3307 5080 3337 5147 ἢ
3373 5079 3538 5148 μῆλον
3556 5081 3671 5151 ἐρεῖ
3686 5079 3916 5140 πάντως

2352 5175 2384 5240 ἢ
2414 5175 2533 5242 μέλι
2557 5193 2567 5204 ·
2588 5175 2677 5226 καὶ
2700 5171 2871 5225 ταῦτα
2893 5172 2990 5240 μὲν
3015 5166 3108 5222 οὖν
3133 5170 3223 5221 τὸν
3244 5169 3391 5237 Ὅμη
3403 5185 3493 5237 ρον
3521 5151 3702 5221 ἔπεισε
3723 5167 3914 5222 πάντα

2352 5266 2550 5328 ἁγλαὸν
2572 5265 2832 5333 ὀνομάσαι
2864 5263 2954 5313 τὸν
2991 5261 3192 5330 μηλέας
3218 5260 3445 5326 καρπόν.

2421 5354 2480 5404 Et
2516 5353 2570 5404 δὲ
2599 5354 2680 5405 δεῖ
2716 5354 2808 5404 καὶ
2855 5352 3024 5420 μύθου
3063 5348 3388 5418 μνησθῆναι,
3431 5346 3516 5398 καὶ
3546 5348 3700 5400 οὐδὲν
3739 5345 3915 5413 ἀηδὲς

2352 5442 2565 5503 παιδιᾶς
2589 5444 2680 5494 καὶ
2714 5442 3066 5510 ψυχαγωγίας
3113 5438 3349 5508 ἅψασθαι
3383 5439 3515 5507 πρὸς
3543 5436 3708 5504 ἄνδρα
3768 5436 3914 5488 πολ-

2351 5530 2503 5591 λάκις
2538 5533 2632 5583 καὶ
2689 5534 2850 5585 αὑτὸν
2879 5532 2946 5583 τὰ
2978 5531 3194 5598 μουσῶν
3228 5529 3558 5598 χορεύσαντα
3581 5542 3592 5553 ·
3643 5524 3818 5586 ἄλλως
3855 5527 3909 5579 θ’

2349 5621 2434 5676 ὅτε
2453 5622 2542 5674 καὶ
2569 5623 2656 5675 τὸν
2688 5623 2850 5692 μῦθον
2876 5624 3066 5694 κοσμεί
3093 5619 3433 5691 σωφροσύνη,
3465 5615 3648 5686 φασὶν,
3667 5614 3740 5677 ὡς
3759 5616 3906 5689 κόρη
