4126 6332
289 282 397 346 853

1702 289 1798 348 DE
1835 286 2059 350 MALO.

3375 281 3482 347 854

286 413 374 458 τις
403 391 472 464 ἧν
500 396 665 452 πάλαι
705 399 843 469 καλῆ
874 399 967 454 καὶ
1007 401 1333 472 παρθενική.
1373 399 1480 454 Τοῦ
1523 401 1579 455 δὲ
1610 402 1836 466 κάλλους
1867 406 1889 462 Α

1939 401 2126 455 dicunt
2148 399 2292 454 illam
2310 396 2480 455 fuisse
2498 397 2626 454 olim
2643 395 2934 468 quamdam
2955 394 3190 464 puellam
3206 393 3480 463 pulchram

287 488 518 556 ἐρασταὶ
546 488 728 541 πολλοὶ
752 490 848 542 καὶ
873 492 1145 560 ἐρωτικοί·
1172 492 1519 562 σωφρονοῦσα
1541 492 1597 545 δὲ
1631 493 1726 545 καὶ
1760 493 1835 565 μή

290 576 616 646 προδιδοῦσα
645 582 743 649 τὴν
775 580 945 651 ὥραν,
975 583 1055 635 ἔτι
1099 583 1298 652 μᾶλλον
1327 583 1636 654 δυσέρωτας
1665 585 1836 637 ὲποέει

287 669 413 730 τοὺς
447 671 703 737 ἐραστάς·
739 672 788 724 οῖ
810 672 889 732 δὲ,
911 675 1046 734 τέως
1078 673 1175 740 μὲν
1196 673 1341 741 ἥρων
1363 672 1437 734 ὡς
1457 672 1681 742 ἐρασταὶ
1701 713 1716 737 ,
1743 672 1838 726 καὶ

291 759 598 826 ἡμιλλῶντο
626 760 762 832 πρὸς
793 761 1050 830 ἀλλήλους
1069 777 1084 793 ο
1116 760 1303 813 ἔπειτα
1341 761 1652 823 οἰνωθέντες
1681 762 1839 830 ἀλλή-

286 846 412 909 λους
449 848 780 915 φονεύουσιν,
819 850 892 912 ὡς
915 850 1254 917 ἀντερασταί.
1296 851 1611 918 Ἐφίσταται
1635 853 1667 919 ή
1698 869 1837 921 παρ-

287 935 512 1007 θενικὴ,
553 938 649 992 καὶ
691 940 829 991 ἐλεεῖ
866 940 962 1007 μὲν
994 939 1268 1002 ἐκείνους·
1321 940 1547 993 αἰδεῖται
1603 941 1658 993 δὲ
1709 942 1837 1005 τοὺς

286 1026 530 1096 ζῶντας,
565 1029 785 1099 δακρύει
831 1030 886 1082 δὲ
915 1029 1140 1099 ἑαυτὴν,
1175 1030 1269 1082 καὶ
1320 1030 1529 1096 γὲνεται
1574 1030 1640 1082 δι’
1673 1031 1837 1099 εὒχῆς

286 1120 452 1187 φυτὸν
477 1121 656 1183 καλὸν,
687 1120 761 1182 ὡς
792 1121 950 1190 καλὴ,
981 1121 1171 1173 λευκὸν
1200 1121 1275 1182 ὡς
1310 1121 1474 1189 λευκή
1496 1138 1508 1149 ⁸
1546 1122 1834 1191 αἰδουμένη

281 1208 340 1260 δὲ
377 1209 703 1279 προφυροῦν.
744 1209 801 1263 '0
826 1209 924 1278 μὲν
952 1193 1117 1278 μῧθος
1137 1206 1289 1273 οὗτος
1309 1227 1321 1240 ·
1348 1213 1396 1264 ει
1424 1211 1480 1264 δὲ
1507 1213 1598 1271 καὶ
1630 1211 1840 1287 φιλοσο-

283 1300 428 1364 φεῖν,
455 1299 588 1350 ἀλλὰ
618 1297 691 1367 μὴ
721 1298 1032 1366 μυθολογεῖν
1052 1302 1195 1369 ἡμᾶς
1223 1318 1281 1352 τε
1301 1301 1418 1354 δέον
1448 1304 1542 1354 καὶ
1564 1302 1644 1358 σὲ.
1675 1303 1836 1372 ἔρωτι

281 1385 381 1439 καὶ
424 1387 658 1455 θεωρίας
689 1388 963 1456 ἡμμένον·
1001 1390 1162 1456 φασὶν
1193 1391 1240 1441 οἱ
1289 1391 1417 1458 περὶ
1462 1389 1632 1443 ταῦτα
1675 1390 1836 1443 δεινοί

283 1473 448 1541 μόνον
482 1475 578 1542 μὲν
606 1475 914 1544 σχημάτων,
938 1476 998 1528 τὸ
1019 1477 1301 1547 σφαιρικὸν
1333 1479 1643 1532 κάλλιστον·
1680 1480 1836 1548 μόνον

278 1567 338 1621 δὲ
371 1568 479 1621 τῶν
528 1568 655 1622 ἴσων
686 1566 936 1637 ὲμὸὶιδοῖς
988 1567 1248 1639 μέγιστον’
1286 1571 1442 1623 τοῦτο
1476 1573 1535 1624 ὲν
1575 1575 1833 1641 στερεοῖς,

277 1659 420 1730 ὅπερ
441 1663 498 1714 ὲν
536 1661 805 1724 ἐπιπέδοις
839 1662 898 1715 τὺ
924 1664 1178 1716 κυκλικόν
1197 1679 1210 1693 ⁸
1238 1664 1385 1716 δοκεῖ
1410 1664 1467 1717 δὲ
1513 1667 1609 1716 καὶ
1633 1665 1748 1717 τόδε
1774 1667 1836 1716 τὸ

279 1751 414 1812 πᾶν,
443 1750 600 1803 τοῦτο
647 1750 821 1813 σῶζον
850 1751 910 1804 τὸ
954 1753 1160 1822 σχῆμα.
1215 1755 1366 1822 Ἔχει
1402 1755 1502 1824 μὶν
1553 1750 1644 1808 οὗν
1695 1755 1834 1824 μετὰ

278 1839 390 1892 τῶν
422 1840 596 1893 ἄλλων
636 1842 727 1893 καὶ
759 1841 915 1895 τοῦτο
947 1844 1006 1896 τὸ
1036 1845 1206 1913 μῆλον
1226 1860 1242 1876 ο
1273 1846 1368 1897 καὶ
1399 1844 1552 1896 οὐδὲν
1580 1845 1751 1907 οὕτως
1775 1847 1833 1898 ἐν

279 1936 518 2002 καρποῖς
553 1933 658 1985 τῶν
691 1934 865 1986 ἄλλων
893 1936 1340 2005 ἀποτετόρνευται
1362 1976 1378 1999 ,
1420 1937 1494 1998 ὼς
1547 1936 1699 1989 τοῦτο
1743 1954 1833 1990 τεο

274 2024 563 2092 τόρνευται
593 2041 651 2076 τε
690 2028 755 2092 τῇ
780 2026 970 2092 φύσει,
1019 2026 1113 2077 καὶ
1156 2027 1255 2093 τὴν
1291 2026 1609 2094 ἐπιφάνειαν
1634 2027 1832 2079 ἀποτέ-

275 2127 470 2163 ταται·
508 2113 600 2163 καὶ
635 2113 819 2180 σχῆμα
845 2113 924 2181 τῷ
970 2115 1122 2182 μήλῳ
1153 2114 1214 2166 τὸ
1250 2113 1342 2166 τοῦ
1372 2115 1572 2176 παντός
1603 2117 1718 2166 ἐστι
1741 2114 1830 2182 μί-

278 2216 463 2269 μημα.
513 2204 620 2253 Καὶ
648 2204 698 2252 τί
725 2203 805 2254 δεῖ
850 2203 948 2264 τὰς
993 2204 1270 2272 ἐνεργείας
1313 2205 1407 2257 τοῦ
1457 2205 1832 2274 βλαπήματος

275 2290 632 2357 καταλέγεινς
671 2292 762 2343 καὶ
808 2291 884 2354 ὡς
934 2293 1261 2362 ἐρρωμένοις
1311 2295 1410 2362 μὲν
1462 2295 1641 2365 τρυφὴ
1668 2334 1683 2358 ,
1736 2297 1831 2349 καὶ

275 2377 477 2448 βρῶμα
505 2379 601 2446 ήδύ
627 2395 640 2410 ⁸
673 2380 887 2433 νοσοῦσι
910 2382 965 2434 δὲ
1004 2383 1214 2452 χρηστὴ
1252 2383 1422 2454 τροφὴ
1461 2385 1554 2437 καὶ
1581 2385 1790 2454 ὑγιεινὴ
1810 2399 1830 2418 ο

273 2469 376 2521 καὶ
404 2470 484 2521 ὅτι
532 2469 692 2522 σῦκον
721 2471 817 2540 μὲν
847 2474 904 2524 ἐν
948 2473 1175 2544 ὀνείροις
1215 2474 1588 2528 δυσοιώνιστον
1612 2492 1625 2506 ·
1662 2476 1831 2546 μῆλον

271 2558 331 2610 δὲ
375 2561 475 2610 κᾶν
503 2559 712 2623 τούτοις
753 2561 1044 2630 εὐάγγελον
1068 2580 1080 2594 ·
1127 2563 1281 2626 δόξαν
1308 2565 1416 2634 γὰρ
1451 2567 1544 2617 καὶ
1571 2565 1832 2632 στέφανον

274 2649 522 2715 ὲπαγγέλ
539 2649 709 2702 λεται.
746 2651 878 2703 Ἀλλ’
903 2651 1038 2722 αὕτη
1067 2670 1130 2719 γε
1155 2655 1327 2707 καὶτὰ
1350 2654 1523 2708 Πύθια
1551 2659 1828 2723 στεφανοῖ⁹

270 2741 374 2791 καὶ
411 2739 670 2808 πάρεστιν
692 2740 953 2811 ἀθλητὴς,
979 2744 1049 2795 δι’
1074 2743 1224 2806 ἔτους
1250 2762 1306 2796 τε
1333 2745 1685 2814 γυμνασθεὶς,
1734 2745 1831 2798 καὶ

272 2827 480 2889 πολλὰς
525 2830 926 2900 εὐπαιδοτρίὸου
969 2833 1146 2886 λαϐὼν
1176 2852 1208 2897 ,·
1243 2834 1460 2897 πλείους
1502 2835 1559 2886 δὲ
1600 2835 1826 2903 μέλλων.

271 2917 399 2969 Κάν
422 2935 476 2968 τι
509 2918 617 2970 δέοι
659 2919 839 2987 θήσων
869 2923 961 2973 καὶ
993 2923 1090 2991 τὴν
1128 2924 1302 2993 ψυχὴν
1333 2926 1420 2978 ἵνα
1459 2925 1532 2994 δὴ
1567 2927 1627 2979 τὸ
1660 2928 1827 2997 μῆλον

1937 499 1991 546 et
2019 489 2313 559 virginem;
2369 486 2796 558 pulchritudinis
2832 495 3012 540 autent
3047 487 3245 540 multos
3277 493 3484 538 amato-

1938 595 2025 635 res
2049 589 2102 634 et
2127 589 2392 634 amantes.
2410 579 2652 633 Prudens
2670 585 2848 632 autem
2868 591 2994 632 eum
3009 575 3170 630 fuerit
3187 590 3360 644 neque
3375 574 3488 627 ior—

1938 685 2079 722 mam
2111 669 2350 723 venalem
2380 667 2646 728 hahuerit,
2669 664 2838 734 magis
2862 664 3023 718 etiam
3044 679 3228 718 amore
3251 663 3488 732 perditos

1937 758 2178 812 olfecisse
2217 767 2521 822 amatores;
2545 757 2667 810 illos
2685 769 2810 810 vero
2833 755 3188 809 nihilominus
3212 754 3266 807 in
3304 767 3488 808 amore

1937 865 2330 920 perseverasse,
2369 859 2422 903 et
2447 850 2584 902 inter
2607 863 2664 902 se
2692 848 3015 916 pugnavisse
3057 862 3072 898 :
3117 845 3312 899 deinde
3362 844 3489 896 vino

1939 956 2155 1010 pressos
2170 941 2304 995 alios
2323 940 2548 993 invicem
2570 937 2852 1002 cecidisse,
2877 944 2936 990 ut
2955 936 3154 990 rivales
3182 954 3194 988 :
3223 934 3486 1004 virginem

1936 1033 2095 1084 etiam
2152 1032 2523 1094 intervenisse,
2570 1038 2906 1083 mortuorum
2957 1027 3230 1095 misertam
3267 1040 3408 1088 esse,
3435 1031 3489 1077 ct

1938 1122 2244 1175 viventibus
2294 1119 2612 1181 erubuisse,
2663 1118 2898 1186 seipsam
2951 1123 3130 1168 autem
3181 1114 3484 1174 deﬂevisse,

1935 1222 1988 1266 et
2023 1213 2212 1265 laetam
2255 1211 2425 1266 luisse
2461 1227 2554 1279 per
2592 1218 2778 1264 votum
2807 1209 3086 1277 pulchram
3119 1209 3390 1267 arborem,
3426 1216 3486 1260 ut

1936 1303 2156 1372 pulchra
2201 1311 2351 1368 erat;
2402 1302 2601 1367 albam,
2640 1311 2699 1356 ut
2731 1301 2853 1355 alba
2877 1309 3016 1363 erat,
3048 1314 3397 1368 purpuream,
3427 1309 3487 1353 ιιι

1935 1395 2261 1448 erubescens
2291 1401 2428 1447 erat.
2461 1392 2537 1446 lta
2576 1391 2792 1460 quidem
2834 1391 3036 1444 fabula.
3069 1389 3127 1442 Si
3157 1405 3284 1444 vero
3312 1389 3486 1458 philo-

1937 1483 2158 1553 sophias,
2185 1498 2292 1536 non
2326 1491 2505 1536 autem
2531 1481 2732 1536 fabulis
2767 1481 2984 1536 studere
3003 1488 3219 1548 oportet
3241 1489 3408 1534 noset
3437 1489 3486 1532 te

1936 1574 2108 1628 amori
2157 1573 2637 1641 contemplationis
2689 1572 3088 1626 incumbentem
3125 1589 3136 1623 :
3172 1569 3360 1623 dicunt
3397 1570 3485 1623 isti

1937 1664 2003 1718 de
2023 1663 2110 1717 his
2135 1663 2403 1717 doctiores
2428 1662 2723 1716 formarum
2749 1677 2908 1714 unam
2934 1659 3346 1729 pulcherrimam
3368 1675 3488 1712 esse

1935 1753 2277 1823 sphericam,
2321 1768 2483 1808 unam
2513 1754 2750 1822 aequales
2780 1753 2914 1804 inter
2946 1750 3260 1818 superﬁcies
3286 1749 3485 1802 solidas

1935 1843 2062 1897 illud
2096 1858 2239 1906 esse,
2285 1844 2431 1910 quod
2461 1843 2603 1897 inter
2634 1841 2820 1912 planas
2877 1841 3201 1896 circularem
3232 1857 3246 1895 :
3279 1840 3486 1894 videtur

1931 1939 2111 1985 autem
2138 1932 2268 1985 illud
2305 1933 2619 1985 universum
2672 1933 2839 2000 ﬁgura
2867 1930 3088 1986 referre.
3128 1930 3301 1984 liabet
3325 1931 3485 1999 igitur

1931 2038 2055 2076 cum
2107 2023 2228 2076 aliis
2259 2029 2314 2077 et
2345 2022 2478 2077 illud
2515 2039 2734 2092 quoque
2765 2024 2981 2088 malus;
3017 2025 3201 2077 nullus
3237 2024 3307 2078 ita
3342 2025 3485 2078 inter

1931 2110 2139 2165 fructus
2168 2111 2396 2165 aliarum
2441 2111 2696 2165 arborum
2731 2111 2784 2165 in
2815 2112 3082 2180 spharram
3118 2111 3347 2165 innexus
3375 2121 3482 2173 est,

1931 2213 1991 2258 ut
2016 2205 2161 2259 illius
2189 2203 2402 2259 fruetus
2435 2211 2628 2256 natura
2659 2211 2742 2268 ;et
2768 2203 2977 2270 species
2996 2201 3116 2270 ejus
3140 2202 3482 2270 expauditur.

1931 2311 2055 2350 nam
2099 2296 2338 2350 universi
2393 2295 2577 2364 ligurse
2622 2295 2797 2348 malus
2847 2294 3208 2348 imitationem
3260 2293 3480 2362 prmhct.

1932 2383 2036 2438 Sed
2085 2384 2215 2451 quid
2266 2399 2408 2452 opus
2456 2392 2540 2437 est
2587 2384 2948 2453 proprietates
3017 2386 3373 2437 enumerare?
3429 2393 3484 2435 et

1931 2473 2314 2543 languentibus
2363 2472 2579 2540 quidem
2624 2473 2872 2541 voluptas
2914 2480 2968 2525 et
3020 2471 3258 2539 jucunda
3333 2484 3482 2534 esca,

1930 2564 2320 2632 aegrotantibus
2350 2573 2526 2617 autem
2557 2561 2896 2632 salutiferum
2924 2571 2976 2616 et
3009 2561 3350 2632 hygienicum
3383 2560 3485 2614 ali-

1932 2664 2216 2708 mentum:
2251 2655 2384 2709 licus
2429 2653 2646 2722 quidem
2680 2653 2735 2706 in
2789 2652 3019 2707 somniis
3069 2654 3192 2705 mali
3242 2649 3485 2721 prmsagii

1928 2756 2032 2809 est,
2069 2746 2245 2799 malus
2279 2753 2460 2798 autem
2519 2743 2684 2798 fausti
2721 2743 2967 2812 augurii;
3001 2741 3226 2810 gloriam
3261 2741 3401 2794 enin~
3431 2747 3486 2794 et

1929 2851 2187 2892 coronam
2219 2836 2518 2904 pollicetur.
2549 2834 2653 2888 Sed
2694 2835 2879 2889 eadem
2911 2843 2963 2886 et
2990 2833 3043 2884 in
3080 2831 3288 2901 Pythiis
3324 2845 3484 2884 coro-

1931 2942 2053 2980 nam
2083 2928 2317 2996 praabet;
2349 2934 2402 2979 et
2424 2926 2575 2978 adest
2603 2923 2823 2985 athleta,
2856 2926 2951 2990 per
2986 2937 3187 2975 annum
3217 2921 3484 2976 exercita-

271 3008 376 3097 xui
522 3011 655 3077 μετὰ
680 3010 774 3062 τοῦ
800 3011 968 3080 μήλου
1003 3013 1158 3077 δόξαν
1187 3015 1363 3068 λαϐὼν
1392 3017 1632 3081 ἀπέλθοι,
1659 3017 1827 3071 πολλὰ
1857 3038 1889 3097 c

1933 3028 2043 3083 tus,
2067 3026 2121 3070 et
2148 3016 2349 3069 multas
2393 3015 2546 3069 bona:
2574 3012 2982 3068 exercitationis
3023 3025 3254 3065 coronas
3277 3009 3480 3075 ferens,
3513 3027 3524 3032 ί

271 3096 373 3146 καὶ
402 3095 533 3148 ἄλλα
554 3098 797 3166 περὶτοῦ
831 3100 998 3170 μήλου
1037 3102 1217 3169 λέγειν
1243 3104 1390 3173 ἐνῆν,
1427 3105 1480 3156 et
1528 3122 1617 3174 μοι
1644 3107 1831 3176 καιρός
1874 3095 1884 3097 ἡ

1933 3110 2112 3179 plures
2135 3115 2476 3175 exspectans.
2497 3104 2552 3159 Si
2573 3119 2699 3160 vero
2724 3120 2860 3174 opus
2887 3111 3030 3157 esset
3053 3111 3282 3157 mentem
3311 3102 3481 3171 appli-

271 3202 336 3238 τε
395 3189 608 3258 παρῆν,
648 3190 739 3242 καὶ
795 3190 868 3263 μή
923 3193 1097 3248 ταῦτα
1143 3195 1372 3265 γράφειν
1437 3198 1832 3270 ἠναγκαζόμην

273 3275 486 3345 σχέδιον
518 3279 610 3332 καὶ
633 3278 752 3334 κατ’
783 3283 1103 3356 ἐπιδρομήν.

1926 3214 2052 3256 care
2079 3208 2138 3252 ut
2176 3198 2540 3267 complectens
2590 3197 2792 3251 malum
2832 3205 2886 3248 et
2930 3194 3073 3248 malo
3118 3192 3478 3247 adhaerentem

1925 3291 2138 3345 laudem
2185 3291 2397 3355 evadat,
2447 3290 2615 3343 multa
2655 3298 2708 3342 et
2766 3288 2870 3341 alia
2899 3286 2966 3340 de
2998 3286 3085 3340 illa
3131 3285 3277 3352 loqui
3324 3284 3480 3340 facile

1926 3388 2092 3444 esset,
2123 3379 2168 3433 si
2200 3389 2414 3447 tempus
2460 3377 2591 3432 mihi
2629 3383 2960 3447 suppeteret,
2994 3388 3170 3443 neque
3200 3375 3302 3430 ista
3344 3374 3479 3430 scri-

1926 3470 2056 3525 bere
2084 3469 2342 3524 velociter
2364 3477 2416 3524 et
2445 3468 2600 3538 quasi
2628 3468 2832 3522 cursim
2859 3479 3104 3532 cogerer.

349 3676 3461 3708 ____._._.___.__________________________________________

1059 3838 1733 3954 ΙΩΑΝΝΟΥ
1808 3840 2701 3956 ΓΕΩΜΕΤΡΟΥ

514 4076 866 4164 ΥΜΝΟΙ
939 4082 1304 4165 ΠΕΝΤΕ
1377 4083 1546 4168 ΕΙΣ
1617 4082 1845 4168 ΤΗΝ

1933 4077 2538 4169 ΥΠΕΡΑΓΙΑΝ
2620 4083 3072 4172 ΘΕΟΤΟΚ
3085 4085 3232 4166 ΟΝ

1129 4429 1717 4542 JOANNIS
1801 4432 2612 4544 GEOMETR/E

919 4648 1173 4706 UYMNI
1233 4646 1583 4718 QUINQUE
1617 4649 1699 4711 IN
1740 4649 2322 4710 SANCTISSIMAM
2385 4651 2821 4711 DEIPARAM.

1069 4805 1252 4864 (Edidit
1281 4807 1393 4855 Fed.
1425 4806 1672 4867 Morellus,
1703 4813 1892 4870 typogr.
1923 4807 2104 4871 regius.
2140 4809 2369 4870 Lutetiae,
2408 4810 2544 4871 1591,
2564 4811 2660 4873 8°.)

1616 5101 2097 5163 ADMONITIO.

345 5257 407 5312 In
439 5259 515 5338 his
563 5256 810 5338 llyumis,
836 5255 1018 5338 quibus
1050 5255 1136 5338 Io.
1173 5257 1440 5338 Geometra
1472 5261 1549 5338 _B.
1591 5257 1816 5338 Virginis
1863 5261 2042 5338 laudes
2071 5265 2394 5338 _celebraudo
2432 5280 2616 5338 nomen
2665 5265 2947 5338 illustravit
2996 5282 3168 5338 suum,
3205 5279 3466 5338 perpetuat

258 5326 702 5402 suntallusioues
746 5327 810 5376 ad
846 5326 1110 5402 salutandi
1140 5327 1342 5402 verbum
1386 5329 1575 5402 Χαῖρε,
1605 5326 1702 5396 quo
1735 5329 1889 5382 Grato;

1953 5335 2146 5399 χαρὰν,
2179 5335 2358 5399 χάριν,
2409 5335 2650 5396 salutem,
2703 5334 2947 5402 gaudium
2977 5345 3025 5385 et
3076 5326 3213 5386 baud
3242 5326 3460 5402 (telaque

259 5400 446 5452 omnia
479 5401 842 5470 precabantur.
877 5394 938 5446 In
973 5395 1224 5470 ejusmodi
1256 5391 1862 5470 vero-alliteratiouibus,
1906 5391 2094 5452 Latina
2127 5391 2213 5454 itii
2245 5391 2304 5454 ac
2338 5391 2399 5456 ue
2429 5405 2509 5455 vix
2542 5391 2745 5470 quidem
2801 5401 3098 5454 Ct'azcorum
3144 5391 3458 5455 venustatem

260 5463 486 5544 assequi
507 5475 742 5544 possunt.
777 5463 1029 5544 Catterum
1058 5467 1180 5544 quia
1217 5466 1435 5544 piacula:
1464 5467 1750 5544 ettantth
1780 5469 1976 5535 aliquot
1999 5479 2332 5524 occurrerunt
2360 5473 2412 5523 iu
2436 5463 2616 5524 Gra'eo
2650 5471 2820 5523 codice
2847 5471 2978 5538 (quo
3013 5473 3162 5522 unico
3199 5473 3343 5526 nobis
3384 5474 3457 5522 uti

260 5539 422 5589 lit-uit
446 5534 735 5607 hactenus),
769 5535 959 5607 partim
989 5535 1256 5607 scriptoris
1296 5552 1468 5607 errore
1494 5537 1694 5607 vitiato,
1727 5534 1919 5600 partim
1947 5549 2196 5592 vetustate
2237 5542 2350 5598 ipsa
2382 5557 2536 5607 prope
2562 5541 2834 5593 obliterato
2855 5534 3084 5605 tarquus
3115 5557 3286 5594 rerum
3317 5543 3457 5594 (esti-

260 5616 442 5659 mator
469 5605 736 5674 interpreti
772 5603 1024 5672 plerisque
1057 5604 1109 5657 in
1134 5605 1259 5660 loris
1303 5606 1502 5660 mutilis
1537 5616 1582 5661 ct
1622 5606 1917 5674 depravatis
1951 5609 2248 5678 ambigenti,
2283 5603 2560 5676 diviuauti,
2617 5619 2666 5664 et
2710 5603 3022 5675 coniecturis
3070 5611 3178 5664 suis
3231 5611 3455 5666 medicas
