4126 6332
591 240 690 301 86Ί
1803 233 2116 293 JOANNIS
2155 233 2220 292 Gl

2155 234 2196 292 Ο
2208 233 2573 292 ΕΟΜΕΤΠἉΕ
3655 228 3758 292 868

592 350 894 416 Θελξίοεον,
929 346 1268 415 θελξίφρονα,
1300 344 1601 414 θελξιμενῆ,
1628 345 1904 410 θεόπαιδα,
2153 353 2194 407 Α
2235 347 2468 411 Ῥὑστιν,
2511 344 2806 414 ῥυσίπολιν,
2849 344 3153 415 ρυσιγενέα,
3177 343 3517 413 ρυσῑκοσμον.

604 441 920 509 Ἱοπάρειον,
960 439 1239 508 εόμματον,
1273 436 1478 514 ἰόφρυν,
1509 437 1847 506 ἱμερόεσσαν.
2230 438 2517 507 Σώτειραν,
2559 438 2968 506 σελαηγενέτην,
3000 436 3365 505 σελαλαμπέα,
3399 436 3616 506 σεμνὴν,

591 528 932 598 Κοσμογενῆ,
965 527 1335 595 κατάκαρπον,
1360 524 1572 595 κλεινὴν
1605 525 2024 594 κοσμογύναικα,
2224 526 2542 603 Τριτογενῆ,
2574 531 2963 596 τριμάκαιραν,
3000 526 3320 596 τρισσοφαῆ,
3356 526 3686 594 τρισέληνον.

593 614 874 684 Λαοχαρῆ,
905 613 1147 681 λαοθαμϐ
1161 613 1242 677 έα,
1271 611 1442 681 λιτὴν,
1470 612 1862 682 λαομάκαιραν,
2235 617 2469 685 ’Υψίνον,
2500 615 2876 684 ὑψικάθεδρον,
2904 616 3223 685 ὑπέρτατον,
3253 613 3638 682 ὑψιμέδουσαν.

595 704 882 772 Μυρίθεον,
921 701 1269 771 μυρίκοσμον,
1308 701 1574 771 μυριφαῆ,
1611 702 1954 771 μυρίκλητον.
2224 705 2549 768 Φωτοτὸκον,
2583 703 2916 772 φαὸμορφον,
2952 702 3268 772 φωτοὸόὶον,
3307 702 3622 769 φαέθουσαν.

597 792 905 854 Νειοπόλον,
938 791 1246 860 νεόκοσμον,
1275 791 1545 853 ναόοετον,
1577 791 1938 860 νεοπ).ἀστην,
2225 792 2616 860 Χρυσίπεπλον,
2643 793 2948 862 χαρίεσσαν,
2971 793 3338 863 χρυσόθρονον,
3369 790 3695 860 χαριδώτην,

600 879 927 942 Ξεινοτόκον,
963 879 1337 948 ξενοορέπτην,
1375 878 1690 942 ξεινότοκον,
1718 879 2019 949 ξενόοηλυν.
2229 881 2586 951 Ψευδολέτην,
2623 883 2914 951 ψύχαγνον,
2947 884 3226 952 ψυχοσὸον,
3261 882 3523 951 ψαλτάδη,

602 970 834 1034 Ὄλϐιον,
863 969 1186 1039 ὀλϐιόεργον,
1222 969 1471 1038 ὀνήτορα,
1502 967 1887 1038 ὀλϐοδότειραν.
2239 969 2550 1038 Ὠκυτὰτην,
2586 969 2809 1038 ὡραίαν,
2838 970 3018 1038 ὥριον,
3050 970 3367 1041 ὠριόπαιδα.

600 1060 968 1130 Παντοκρατῆ,
1003 1059 1274 1129 παναλκῆ,
1303 1057 1586 1126 πασιθέην,
1615 1058 1959 1127 πασίκλητον.

1977 1165 2261 1222 HYMNUS
2299 1167 2366 1231 V,

601 1259 792 1314 Crtecis
820 1261 1040 1314 versibus
1076 1260 1292 1313 heroicis
1352 1259 1414 1312 ab
1444 1260 1639 1312 incerto
1675 1269 1885 1311 auctore
1918 1260 2153 1311 conditus
2185 1275 2246 1311 ea:
2294 1261 2436 1327 puris
2468 1259 2736 1327 epithetis,
2756 1268 2977 1311 veterum
3012 1259 3310 1327 hymnorum
3362 1272 3498 1327 more
3525 1270 3542 1307 :
3573 1255 3627 1327 in
3657 1270 3762 1322 quo

665 1331 821 1381 etiam
856 1329 1150 1380 litterarum
1169 1330 1316 1388 ordo,
1338 1327 2015 1380 carminum'et'dictiomtm
2047 1325 2314 1393 principiis
2342 1325 2640 1380 observatur
2665 1343 2682 1378 :
2711 1325 2893 1380 Latine
2925 1325 3132 1380 liberius
3163 1327 3332 1378 soluta
3360 1326 3590 1376 oratione
3615 1325 3764 1391 (cum

668 1398 886 1449 astricta
917 1413 1005 1448 nec
1036 1397 1210 1448 liberet
1242 1411 1332 1448 nec
1356 1407 1561 1447 venuste
1588 1396 1792 1462 liceret)
1825 1395 2070 1446 verbatim
2103 1395 2261 1459 ferme
2294 1395 2354 1447 ab
2384 1396 2558 1450 eodem
2587 1395 2869 1462 lnterprete
2897 1396 2974 1447 sic
3002 1410 3268 1463 expressus
3292 1404 3388 1447 est.

667 1482 939 1534 Laudibus
963 1482 1289 1535 celebremus
1320 1479 1410 1534 Dei
1444 1478 1566 1532 Filii
1594 1480 1836 1542 Matrem,
1867 1481 1973 1532 Deo
1999 1481 2247 1545 similem,
2280 1482 2537 1549 integram
2570 1481 2830 1548 Sponsam
2859 1496 2876 1536 :

669 1567 798 1630 Quae
822 1566 938 1619 sine
960 1575 1076 1620 satu
1104 1566 1328 1632 peperit,
1359 1563 1737 1625 castissimam,
1761 1565 2175 1632 integerrimam,
2217 1565 2455 1632 principe
2487 1580 2799 1633 puerperam
2831 1583 2846 1620 :

669 1650 946 1720 Reginam.
977 1664 1007 1702 a
1039 1649 1179 1716 Rege
1217 1649 1472 1716 genitam,
1502 1646 1659 1716 Regis
1684 1647 1990 1716 genitricem
2019 1665 2032 1701 :

669 1737 797 1801 Qua?
829 1738 1002 1803 gentis
1049 1749 1159 1788 suae
1181 1743 1548 1802 proauctorem
1574 1733 1777 1802 genuit,
1808 1732 2112 1801 Deiparam,
2147 1733 2485 1802 propaginem
2513 1748 2680 1802 genus
2712 1733 3003 1786 humanum
3035 1741 3386 1786 recreantem.

670 1823 803 1888 Quae
824 1822 988 1876 Deum
1027 1819 1192 1873 dedit.
1228 1822 1456 1889 pretium
1482 1820 1860 1888 redemptionis
1889 1820 2136 1882 exsolvit,
2168 1834 2354 1887 graves
2386 1834 2546 1872 casus
2581 1820 2816 1879 sustulit,
2848 1827 2901 1871 et
2931 1826 3105 1884 optata
3137 1817 3321 1884 largita
3354 1825 3452 1869 est.

669 1911 859 1963 Divino
886 1909 1078 1975 spiritu
1108 1908 1359 1971 alllatam,
1384 1908 1589 1961 felicem
1617 1906 1668 1959 in
1701 1915 1876 1974 partu,
1902 1905 2251 1959 beneﬁcentia
2275 1905 2612 1973 gaudentem,
2642 1906 2874 1973 gentium
2909 1903 3286 1956 liberatricem.

670 1996 798 2058 Quae
831 1995 990 2047 vitam
1028 1995 1231 2063 peperit
1255 1994 1411 2061 plane
1433 1991 1690 2056 divinam,
1713 1991 2321 2052 t'itaa‘conservatrieem,
2350 2007 2508 2060 quam
2544 1991 2704 2045 etiam
2737 1991 2979 2058 largitur.

668 2083 796 2144 Quae
825 2081 1004 2134 suavis
1035 2089 1087 2133 et
1111 2080 1244 2132 lenis
1277 2088 1514 2147 apparet,
1534 2078 1824 2146 jucundam
1859 2085 2100 2143 aspectu,
2128 2077 2394 2139 blandam,
2425 2079 2573 2129 mitia
2605 2077 2743 2131 dona
2777 2077 2988 2130 dantem
3022 2091 3037 2127 :

671 2168 835 2221 Deum
854 2168 1261 2229 demulcentem,
1295 2176 1526 2218 mentem
1553 2165 1960 2226 exhilarautetn,
1991 2174 2151 2216 cantu
2181 2163 2520 2226 allicientem,
2549 2164 2710 2216 Deum
2738 2161 2929 2214 Filium
2959 2161 3241 2214 habentem
3276 2173 3291 2211 :

671 2253 934 2307 Violaeeis
965 2252 1114 2320 genis
1144 2259 1198 2304 et
1230 2251 1422 2312 oculis,
1451 2258 1506 2303 et
1537 2250 1806 2317 praestanti
1835 2259 2013 2304 mente
2046 2250 2343 2317 praeditam,
2367 2248 2721 2302 desideratam
2750 2265 2764 2302 :

671 2340 728 2391 lu
760 2338 961 2391 mundo
986 2337 1241 2406 genitam,
1268 2335 1622 2396 fructuosam,
1657 2335 2039 2402 percelebrcm,
2065 2333 2246 2386 mundi
2271 2333 2657 2400 Imperatricem
2690 2349 2705 2385 :

674 2423 930 2491 Laetitiam
959 2432 1012 2473 et
1049 2429 1321 2488 stuporem
1355 2419 1696 2486 populorum,
1721 2434 1748 2470 a
1778 2420 1975 2486 quibus
2006 2421 2156 2472 beata
2185 2419 2522 2484 przedicatur,
2555 2433 2676 2470 cum
2714 2417 3054 2485 simplicitate
3077 2426 3128 2472 et
3153 2416 3452 2486 abjcctione
3474 2412 3663 2469 animi.

674 2491 1014 2574 Unguentum
1050 2504 1139 2557 Dei
1169 2515 1220 2556 et
1253 2503 1461 2566 mundi,
1495 2503 1750 2570 unguenti
1789 2504 2051 2555 suavitate
2075 2503 2369 2569 praeditam,
2405 2511 2457 2554 ct
2484 2516 2514 2553 a
2553 2503 2767 2569 myrrha
2794 2511 3031 2554 vocatam
3064 2517 3078 2550 :

672 2592 876 2644 Novum
907 2591 1123 2652 uelum,
1157 2603 1354 2642 novum
1383 2587 1665 2652 mundum,
1694 2588 1872 2653 templi
1903 2587 2320 2647 aediﬁcatricetn,
2347 2600 2534 2638 novam
2568 2596 2891 2637 creaturam.

673 2677 820 2730 Novo
847 2686 996 2746 partu
1028 2676 1251 2739 editam,
1283 2690 1477 2727 novum
1509 2682 1716 2743 partum
1747 2673 2008 2735 edentem,
2039 2673 2404 2726 admirandam
2437 2670 2734 2722 mulierem.

673 2762 901 2815 Felicem
931 2771 982 2814 et
1012 2761 1252 2824 divitem,
1288 2757 1510 2813 feliciter
1548 2767 1882 2827 operantem,
1918 2758 2253 2826 adjutricem,
2281 2756 2584 2809 divitiarum
2618 2754 2873 2807 datricem
2906 2771 2919 2806 :

671 2847 1122 2914 Omnipotentcm,
1157 2861 1342 2899 omnes
1374 2846 1424 2897 in
1457 2859 1512 2898 se
1537 2845 1674 2898 vires
1704 2844 2008 2907 habentem,
2036 2845 2286 2898 omnibus
2314 2853 2610 2912 parentem,
2643 2843 2710 2895 ab
2738 2843 2991 2897 omnibus
3017 2841 3314 2894 invocatam
3350 2859 3364 2894 :

671 2931 1073 2993 Liberatricem,
1107 2932 1318 2984 urbium
1349 2931 1589 2995 tutelam,
1616 2929 1827 2998 generis
1859 2930 1942 2982 sui
1968 2939 2020 2982 et
2052 2930 2232 2983 mundi
2266 2928 2570 2998 praesidium
2608 2945 2622 2980 :

674 3017 1046 3080 Servatrieem,
1072 3033 1187 3084 «apta:
1217 3016 1376 3084 jubar
1407 3018 1707 3085 progenuit,
1735 3016 1993 3084 lampadis
2023 3017 2190 3068 instar
2214 3017 2500 3080 lucentem,
2539 3016 2893 3070 venerabilem
2925 3033 2939 3069 :

678 3102 846 3155 L‘nius
876 3121 904 3154 e
939 3104 1197 3154 Trinitale
1231 3113 1526 3169 parentem,
1553 3114 1632 3155 ter
1671 3103 1903 3165 beatam,
1931 3103 2100 3155 tribus
2132 3102 2422 3156 luminibus
2448 3103 2728 3164 illustrem,
2759 3113 2838 3153 ter
2865 3102 2989 3153 luna
3021 3100 3430 3168 pulchriorem...

677 3187 807 3237 Alt-.e
839 3189 1028 3239 mentis
1055 3203 1322 3253 capacem,
1352 3189 1402 3238 in
1431 3188 1641 3240 excelsa
1667 3188 1791 3240 sede
1824 3191 2070 3253 positam,
2100 3176 2403 3250 sublimem,
2437 3187 2485 3238 in
2515 3190 2635 3240 altis
2661 3197 2968 3254 regnantem
2998 3204 3011 3239 :

674 3270 912 3321 Luminis
939 3273 1374 3336 procreatricem,
1406 3271 1522 3321 luce
1552 3282 1793 3322 ornatam
1827 3281 1879 3323 et
1902 3273 2167 3333 amictam,
2205 3273 2500 3339 splendenti
2533 3273 2667 3325 facie
2697 3292 2710 3324 :

676 3356 853 3405 Aureo
886 3356 1034 3419 peplo
1070 3364 1334 3413 ornatam,
1372 3368 1638 3418 aureoque
1669 3357 1720 3406 in
1757 3356 1948 3407 throno
1981 3357 2268 3416 sedentem,
2296 3356 2539 3420 gratiam,
2577 3367 2628 3408 et
2655 3358 2876 3422 gratiam
2906 3357 3214 3425 largientem
3253 3373 3265 3408 :

678 3439 931 3490 ilctttlacii
956 3439 1332 3498 adversariam,
1353 3439 1583 3489 animam
1605 3453 1786 3504 puram
1804 3441 2102 3502 habentem,
2118 3440 2416 3492 animarum
2433 3441 2655 3493 salutem
2673 3451 3064 3506 procurantem,
3079 3441 3301 3494 canticis
3316 3441 3416 3508 piis
3436 3427 3778 3511 gaudentem.

684 3521 1087 3576 Velocissimam
1128 3521 1215 3592 [ad
1249 3537 1400 3590 opem
1431 3523 1543 3576 suis
1576 3523 1888 3593 ferendam],
1920 3523 2225 3589 formosam,
2256 3526 2693 3579 venustissimum
2725 3526 2916 3580 Filium
2956 3527 3256 3581 habentem.

1386 3857 2054 3971 ΙΩΑΝΝΟΥ
2129 3861 3010 3975 ΓΕΩΜΕΤΡΟΥ
3089 3824 3094 3830 ’

1187 4063 1816 4114 ΕΠΙΓΡΛΜΜΛΤΛ
1879 4063 2455 4128 ΤΕΤΡΑΣἸῚΧΑ,
2510 4064 2612 4115 ΩΝ
2663 4065 2706 4115 H
2768 4065 3197 4119 ΕΠΙΓΡΔΦΠ

1961 4213 2423 4265 ΠΑΡΑΔΕΙΣΟΣ.

1467 4456 2045 4570 JOANNIS
2139 4457 2928 4577 GEOMETRAZ

1125 4677 1702 4737 EPIGRAMMATA
1737 4677 2277 4740 TETRASTICHA
2325 4680 2597 4751 QUIBUS
2633 4682 2980 4744 'l‘lTULUM
3019 4687 3245 4749 FECIT

1959 4838 2056 4896 PA
2069 4839 2170 4897 RA
2180 4838 2426 4898 DISUS.

1438 4995 1620 5054 (Edidit
1646 4997 1762 5046 ch.
1793 4999 2034 5057 Morcllus,
2061 5003 2245 5058 typogr.
2274 5001 2454 5061 regius,
2480 5001 2690 5064 Parisiis,
2719 5005 2850 5065 1595,
2871 5007 2963 5065 8⁸.)

613 5222 648 5270 Α
676 5259 685 5270 .
722 5223 825 5271 Ὀτι
851 5219 1140 5281 ἀθάνατος
1157 5216 1278 5281 τοῖς
1299 5216 1810 5283 ἀναγινώσκουσιν
1830 5227 1865 5291 ἠ
1879 5226 2149 5293 ὠφέλεια.
2183 5235 2225 5288 Β

2183 5235 2225 5288 Β
2253 5224 2292 5279 1.
2333 5227 2480 5290 Quod
2522 5229 2678 5294 huius
2709 5232 2960 5347 poemrlztiit
2985 5242 3223 5347 pezt‘etua
3251 5236 3426 5301 futura
3463 5242 3528 5293 sit
3567 5245 3783 5297 utilitas

2887 5316 2939 5347 EC
2968 5316 3040 5347 ΟΠ
3082 5318 3158 5347 us.
3275 5312 3278 5314 ’

2887 5302 3158 5352 actoribus.
3275 5312 3278 5314 ’

627 5388 922 5452 Ἀνθεμὸεις
949 5389 1266 5455 παράδεισος
1294 5394 1320 5443 ὀ
1355 5390 1457 5444 τῶν
1487 5393 1652 5458 ἁγίων
1692 5398 1841 5464 χορός
1869 5399 2028 5465 ἐστιν,
2246 5405 2256 5456 ἓ

1869 5399 2028 5465 ἐστιν,
2246 5405 2555 5457 Sanctorum
2585 5417 2754 5461 coetus
2786 5424 2904 5460 vere
2928 5411 3204 5476 paradisus
3229 5430 3487 5480 animum,

695 5478 885 5544 Ὀδμῆς
917 5480 1091 5547 ﬁam-5;
1123 5481 1346 5549 πείρατα
1389 5483 1778 5550 πιμπ).ἁμενος.

2326 5492 2472 5547 Unde
2503 5496 2691 5550 animis
2723 5498 2860 5551 alllat
2892 5500 3068 5552 suavis
3096 5511 3144 5557 (et
3172 5505 3338 5561 almus
3367 5512 3494 5562 odur
3527 5528 3539 5562 :
