4126 6332
713 313 812 379 8.51

1915 323 2229 410 JOANNts
2265 326 2687 390 GEOMETR/E

3781 335 3890 396 852

713 426 766 476 in
795 424 878 477 his
921 424 1062 477 malo
1099 425 1229 478 licns
1261 425 1396 478 cedit
1429 440 1540 477 tum
1577 426 1629 478 in
1665 425 1787 480 aliis
1826 427 2242 496 pulchritudinis
2271 486 2272 491 η

2360 437 2468 500 ιέας
2493 441 2525 507 ἠ
2578 441 2716 509 συκῆ
2767 441 2993 508 ἡττᾶται
3079 441 3219 509 μετά
3269 456 3333 508 γε
3365 442 3471 495 τῶν
3511 441 3684 496 ἄλλων
3711 442 3802 495 τοῦ
3827 460 3890 494 τε

709 520 763 562 et
789 511 973 565 odoris
1015 527 1133 566 cum
1180 511 1564 580 magnitudinis
1596 512 1815 568 dotibus
1845 532 1858 568 :
1894 515 2092 571 talibus
2122 517 2244 584 qui-

2348 528 2574 591 κάλλους
2627 530 2722 582 καὶ
2766 529 2863 598 τῆς
2896 528 3063 599 ὀδμῆς
3121 530 3213 584 καὶ
3261 529 3354 582 τοῦ
3408 530 3702 599 μεγέθους·
3737 532 3891 599 παρὰ

712 601 831 652 dem
873 602 972 654 ista
1005 601 1136 656 locis
1164 603 1378 670 gaudet,
1429 602 1631 656 talibus
1669 613 1850 657 autem
1886 604 1941 657 in
1967 606 2246 661 montibus

2360 618 2606 681 τοιούτοις
2630 619 2727 690 μὲν
2757 619 2866 671 τῶν
2889 619 3103 688 χωρίων
3133 619 3395 688 χαίρουσα
3416 635 3431 649 ·
3471 621 3621 688 παρᾶ
3665 619 3893 691 τοιαύτη

712 688 901 752 lloret;
933 689 983 740 in
1015 697 1220 742 tantum
1262 689 1519 757 tempO‘is
1546 689 1746 757 durat,
1777 703 2038 760 quantum
2085 694 2248 748 etiam

2360 708 2402 761 5ὲ
2436 708 2542 760 τῶν
2574 688 2731 778 ὡρῶν
2769 708 3034 762 θάλλουσα
3055 723 3071 740 ·
3122 707 3270 776 παρὰ
3325 706 3574 760 τοσοῦτον
3616 708 3671 760 δέ
3701 709 3861 777 διαμέ

713 780 1102 833 incrementum
1153 781 1337 834 sumit.
1379 778 1498 834 Non
1548 782 1692 834 enim
1730 783 1796 836 ad
1832 784 2008 851 ipsum
2051 785 2248 839 caelum

711 866 933 932 tollitur,
968 877 1021 922 et
1048 869 1115 923 ah
1159 869 1474 924 hominibus
1511 885 1672 938 quam
1719 872 1955 925 maxime
2011 873 2248 941 recedit;

711 971 882 1024 neque
922 959 1148 1012 multum
1197 961 1350 1028 juxta
1390 969 1589 1014 terram
1630 961 1823 1029 surgit,
1855 970 1914 1015 ut
1951 961 2132 1017 multa:
2161 978 2250 1017 ar-

709 1047 889 1111 bores,
943 1047 1250 1103 humilitate
1296 1051 1618 1121 despicitur,
1651 1050 1744 1107 vel
1784 1053 2047 1108 ruborum
2102 1070 2253 1111 more

711 1133 980 1189 divellitur
1009 1147 1061 1190 et
1092 1140 1467 1204 proculcatur;
1501 1139 1595 1193 sed
1628 1142 2057 1196 moderationem
2087 1143 2140 1196 in
2167 1143 2253 1197 his

709 1241 922 1294 quoque
958 1240 1156 1289 servat,
1187 1237 1240 1282 et
1267 1239 1540 1298 tamquam
1585 1244 1775 1284 omnes
1807 1231 2054 1286 homines
2099 1246 2253 1284 ama-

712 1326 854 1370 tores
884 1315 1108 1381 habens,
1166 1319 1230 1372 ad
1259 1319 1460 1388 justam
1517 1333 1828 1374 mensuram
1849 1320 2167 1392 .prot‘ertur,
2203 1329 2256 1374 et

711 1420 874 1474 prope
921 1408 1186 1460 manendo
1244 1409 1552 1462 amantibus
1582 1423 1641 1463 se
1687 1410 1910 1476 praebet.
1952 1410 2024 1463 Ut
2076 1419 2254 1464 autem

713 1495 916 1546 amoris
947 1495 1167 1546 satietas
1189 1509 1294 1547 non
1329 1495 1626 1565 contingat,
1659 1497 1821 1564 paulo
1846 1510 1876 1550 a
1909 1505 2046 1550 terra
2073 1512 2257 1553 assur-

713 1589 810 1655 git,
841 1599 892 1641 et
926 1604 1030 1642 una
1078 1603 1198 1642 cum
1247 1589 1531 1657 juventute
1575 1591 2030 1658 pulchritudinem
2082 1593 2258 1660 ex‘pli-

713 1686 819 1739 eat,
852 1687 905 1729 et
931 1677 1214 1744 juventute
1250 1677 1507 1744 majorem
1557 1678 2016 1745 pulchritudinem
2059 1693 2257 1747 expen-

713 1769 864 1826 deus,
904 1739 1135 1834 utraque
1188 1739 1482 1834 conspicua
1514 1739 1840 1821 ostenditur.
1875 1765 1952 1818 lta
1985 1739 2257 1834 ergo-hu-
2287 1739 2328 1794 Β

713 1855 991 1908 tuilitatem
1019 1863 1073 1907 et
1097 1855 1470 1909 celsitudinem
1510 1855 1791 1924 aequaliter
1831 1855 2042 1908 evitans
2071 1854 2251 1918 arbor,

713 1959 884 2012 neque
930 1945 1172 2011 aspectui
1218 1944 1700 2011 contemplantium
1729 1941 2036 2006 abducitur,
2081 1956 2256 2010 neque

713 2050 948 2086 amorem
998 2034 1175 2087 satiat.
1208 2033 1313 2087 Sed
1361 2048 1534 2102 neque
1587 2034 1687 2088 sibi
1743 2033 1844 2101 ipsi
1890 2043 2073 2098 nocet,
2130 2048 2254 2086 nam

710 2126 1041 2179 altitudinem
1102 2133 1404 2188 correptam
1457 2124 1745 2177 vehemens
1793 2132 1986 2176 ventus
2046 2123 2255 2176 irruens

711 2232 814 2269 non
848 2216 1047 2284 rumpit
1073 2216 1156 2270 vel
1187 2214 1466 2276 subvertit,
1497 2224 1551 2266 et
1577 2221 1776 2265 tantam
1803 2211 2253 2279 pulchritudinem

710 2304 1125 2372 proculcandam
1181 2303 1467 2370 permittit.
1526 2299 1683 2354 Certe
1735 2300 1878 2354 enim
1921 2313 2026 2350 non
2099 2297 2256 2364 digne

723 2392 989 2446 llomerus
1025 2406 1138 2444 rem
1171 2391 1522 2458 'deploraret,
1557 2388 1649 2456 qui
1687 2387 1738 2440 in
1767 2386 1978 2455 plantas
2024 2387 2255 2439 lamenta

711 2482 998 2550 expromit,
1043 2479 1132 2548 qni
1181 2481 1363 2547 pinum
1404 2479 1728 2532 lamentatur
1759 2485 1814 2529 et
1844 2490 2122 2544 quercum,
2165 2476 2254 2543 qui

714 2572 968 2640 populum
1021 2570 1195 2622 albam
1250 2568 1428 2630 deﬂet,
1477 2577 1530 2620 et
1563 2567 1822 2635 gemitum
1873 2566 1974 2618 ciet
2004 2567 2055 2617 in
2081 2565 2253 2618 oleam

711 2664 978 2717 arborem.
1041 2658 1272 2729 Fugiens
1320 2659 1486 2726 igitur
1535 2657 1674 2710 hanc
1726 2655 2084 2709 calamitatem
2143 2656 2257 2710 haec

710 2753 894 2815 arbos,
925 2751 1114 2804 eodem
1149 2750 1312 2803 modo
1347 2749 1511 2802 etiam
1545 2747 1780 2801 fructum
1814 2744 2083 2815 producit.

777 2924 909 2978 Nam
955 2926 1130 3000 priznp
1181 2925 1399 2994 quidem
1457 2938 1563 2976 non
1615 2922 1756 2975 sicut
1808 2921 1985 2990 palma
2035 2919 2255 2974 frondes

2349 813 2509 848 νουσα
2540 796 2633 849 καὶ
2653 796 2743 848 τὸν
2771 797 2958 865 χρόνον
2984 795 3100 847 οἵαν
3123 795 3188 863 δὴ
3211 794 3304 846 καὶ
3333 793 3432 861 τὴν
3458 793 3691 861 βλάστην
3721 796 3866 844 ποιεῖ

2348 903 2459 938 ται.
2495 886 2628 939 Οῦτε
2653 887 2757 955 γὰρ
2780 886 2914 954 πρὸς
2940 883 3098 937 αὐτὸν
3124 884 3334 953 αἴρεται
3365 881 3457 933 τὸν
3488 881 3722 950 οὐρανὸν
3744 921 3758 942 ,
3799 898 3872 932 κα

2349 975 2456 1026 τῶν
2506 973 2803 1043 ἀνθρώπων
2850 974 2930 1035 ’ὡς
2961 973 3054 1024 ἐπὶ
3087 973 3331 1025 πλεῖστον
3383 971 3706 1023 ἀποστατεῖ·
3767 967 3894 1019 οὔτε

2354 1064 2458 1132 μὴν
2489 1063 2625 1114 πάνυ
2659 1066 2721 1131 τῇ
2745 1065 2814 1131 γῇ
2843 1062 3212 1132 προσπέφυκε,
3241 1059 3334 1112 καὶ
3360 1053 3447 1111 οἷα
3479 1058 3562 1124 τάξ
3584 1056 3755 1111 πολλὰ
3783 1057 3896 1108 τῶν

2349 1153 2610 1222 δένδρων,
2657 1153 2736 1221 τῷ
2779 1153 2975 1220 ἑτοίμῳ
3029 1150 3538 1221 καταπεφρόνηται,
3594 1149 3628 1215 ἢ
3687 1146 3710 1199 (
3760 1162 3896 1215 μου

2351 1242 2549 1312 τρόπον
2585 1241 2833 1309 ἔρριπται
2856 1279 2872 1305 ,
2905 1241 2993 1291 καὶ
3020 1240 3487 1305 καταπεπάτηται·
3521 1233 3653 1286 ἀλλὰ
3681 1232 3739 1284 τδ
3788 1233 3898 1283 σῶ-

2355 1347 2488 1400 φρον
2515 1331 2610 1382 κάκ
2647 1329 2856 1391 τούτοις
2879 1329 3013 1397 τιμᾷ
3034 1343 3048 1357 ·
3084 1327 3175 1380 καὶ
3205 1322 3292 1380 οἷα
3326 1326 3424 1394 μέν
3452 1325 3657 1384 πάντας
3682 1319 3897 1389 ἀνθρὼ-

2356 1434 2488 1478 πους
2515 1417 2744 1487 ἐραστὰς
2772 1417 2985 1486 ἔχουσα,
3013 1416 3253 1485 πρόεισιν
3283 1408 3373 1466 ἐπὶ
3409 1413 3623 1484 μέτριον
3646 1429 3657 1441 ·
3703 1412 3795 1463 καὶ
3817 1409 3897 1479 τῷ

2359 1504 2537 1572 μένειν
2565 1505 2752 1572 ἐγγὺς,
2796 1506 2906 1567 τοῖς
2943 1503 3108 1570 ἐρῶσι
3154 1502 3455 1571 χαρίζεται.
3489 1501 3678 1560 Ὅπως
3719 1497 3774 1550 δὲ
3819 1498 3897 1564 μὴ

2356 1595 2449 1646 καὶ
2484 1594 2642 1662 κόρος
2685 1595 2779 1646 τοῦ
2823 1594 3020 1661 ἔρωτος
3063 1589 3149 1662 ᾖν
3179 1593 3272 1644 καὶ
3325 1590 3517 1659 μικρόν
3562 1606 3615 1641 τι
3650 1588 3746 1653 τῆς
3793 1588 3898 1655 γῆς

2358 1685 2621 1752 ἀνέστηκε
2641 1722 2655 1747 ,
2705 1682 2798 1736 καὶ
2830 1684 2947 1753 ἃμα
2972 1681 3047 1752 τῷ
3079 1699 3137 1734 τε
3172 1681 3355 1734 κάλλει
3376 1680 3473 1749 τὴν
3504 1679 3718 1747 ἡλικίαν
3757 1694 3899 1745 συμο

2355 1771 2619 1842 προϊοῦσα
2643 1787 2656 1801 ·
2693 1772 2784 1825 καὶ
2815 1771 2875 1823 τδ
2916 1769 3108 1832 κάλλος
3149 1773 3214 1838 τῇ
3249 1768 3430 1838 ἡλικίᾳ
3474 1767 3635 1821 πλέον
3663 1765 3897 1828 τιθεῖσα,

2354 1861 2413 1926 ἐξ
2440 1858 2762 1928 ἀμφοτέρων
2793 1859 2851 1911 τὸ
2895 1859 3088 1926 σεμνὸν
3117 1858 3463 1910 ἐνδείκνυται.
3495 1854 3676 1914 Οὕτως
3710 1853 3802 1906 οὖν
3835 1854 3900 1905 τὸ

2353 1950 2603 2002 ταπεινόν
2625 1966 2682 2002 τε
2707 1950 2801 2002 καὶ
2845 1948 3047 2018 ὑψηλὸν
3073 1949 3264 2016 ἐπίσης
3297 1945 3465 2014 φυγδν
3495 1945 3554 1997 τὸ
3593 1943 3900 2013 βλάστημα,

2353 2038 2474 2091 οὔτε
2503 2040 2600 2105 τὴν
2629 2039 2751 2106 δψιν
2778 2037 2904 2100 τοὺς
2943 2036 3135 2098 θεατὰς
3162 2036 3403 2104 ἀφαιρεῖ,
3434 2032 3554 2085 οῦτε
3585 2033 3780 2099 πληροῖ
3809 2030 3903 2081 τὸν

2353 2130 2568 2199 ἔρωτα·
2621 2129 2734 2180 ἀλλ’
2777 2128 2900 2180 οὕτε
2937 2126 3040 2196 μὴν
3073 2123 3270 2193 ἑαυτὴν
3316 2123 3522 2176 ἀδικεῖ·
3575 2120 3636 2174 οὐ
3674 2120 3784 2188 γὰρ
3834 2117 3901 2185 δὴ

2355 2221 2487 2289 πρὸς
2523 2219 2651 2286 ὕψος
2691 2218 2961 2271 ἐλάσασαν
2985 2258 2998 2280 ,
3033 2213 3265 2282 σκληρός
3288 2229 3370 2273 τις
3398 2211 3595 2278 ἄνεμος
3646 2206 3906 2275 ἐμπεσὼν

2356 2311 2652 2376 κατήνεγκε
2670 2308 2762 2359 καὶ
2782 2305 3037 2373 ἀνέτρεψε
3061 2343 3075 2365 ,
3103 2304 3198 2356 καὶ
3221 2301 3470 2354 τοσοῦτον
3493 2297 3684 2358 κάλλος
3712 2296 3906 2349 πατεῖν

2357 2399 2686 2466 παρέδωκεν·
2707 2399 2740 2466 ἢ
2771 2395 2878 2464 γὰρ
2905 2395 2970 2448 ἂν
2995 2393 3102 2446 οὐδ’
3122 2394 3370 2460 Ὄμηρος
3393 2388 3558 2452 ἀξίως
3585 2387 3646 2439 τὸ
3671 2386 3906 2454 πρᾶγμα.

2355 2487 2679 2555 ἐθρήνησεν·
2720 2485 2778 2545 ὃς
2827 2501 2889 2550 γε
2917 2483 3008 2535 καὶ
3046 2483 3272 2551 θρήνους
3302 2479 3382 2541 εἰς
3428 2477 3494 2529 τὰ
3541 2476 3674 2545 ἔρνη
3720 2475 3902 2525 ποιεῖ·

2356 2580 2447 2630 καὶ
2477 2577 2661 2645 θρηνεῖ
2705 2575 2803 2644 μὲν
2832 2574 2928 2643 τὴν
2966 2573 3124 2625 πίτυν
3144 2588 3158 2602 ·
3193 2572 3377 2640 θρηνεῖ
3403 2570 3458 2622 δέ
3486 2568 3585 2638 τὴν
3616 2566 3742 2636 δρῦν
3760 2583 3775 2596 ·
3805 2565 3908 2618 δα-

2357 2668 2513 2736 κρύει
2543 2666 2599 2718 se
2646 2665 2744 2733 τὴν
2795 2662 3063 2732 ἀχερωῒδα
3113 2660 3208 2714 καὶ
3244 2659 3475 2712 ἐλεεινὸν
3529 2657 3622 2709 ἐπὶ
3675 2656 3752 2726 τῷ
3804 2656 3909 2724 τῆς

2355 2758 2535 2818 ἐλαίας
2583 2755 2840 2824 ἀνακλᾴει
2876 2751 3047 2821 φυτῷ.
3087 2751 3287 2830 Φεῦγον
3315 2748 3406 2802 οὖν
3432 2747 3526 2800 καὶ
3563 2748 3764 2816 ταύτην
3804 2745 3907 2815 τὴν

2367 2847 2650 2917 συμφορὰν
2672 2847 2733 2900 τὸ
2770 2845 2955 2914 φυτὸν,
2979 2839 3087 2896 οἷον
3116 2842 3399 2911 βλαστάνει
3433 2839 3638 2893 καὶτὸν
3666 2836 3903 2907 καρπόν.

2429 2934 2648 3002 Πρῶτον
2681 2931 2780 3001 μὲν
2821 2932 2928 3001 γὰρ
2958 2930 3054 2999 οὐχ
3087 2928 3270 2998 ὥσπερ
3309 2929 3337 2980 ὁ
3372 2926 3546 2995 φοῖνιξ
3583 2926 3676 2978 ἐπὶ
3724 2926 3907 2993 κόμης

708 3012 993 3068 frondibus
1070 3001 1243 3068 solum
1329 3013 1535 3079 adjicit,
1609 3013 1698 3066 sed
1775 3026 1838 3064 ex
1921 3010 2066 3062 omni
2103 3018 2253 3077 parte

2360 3025 2414 3076 ού
2450 3025 2605 3092 μόνον
2625 3014 2770 3092 κομᾷ
2789 3063 2804 3087 ,
2832 3021 2965 3074 ἀλλὰ
2993 3020 3282 3081 διαπαντὸς
3302 3018 3516 3082 ἐξανθεῖ
3541 3017 3634 3068 τοῦ
3671 3015 3910 3083 βλαστή-

711 3118 892 3156 ramos
920 3113 972 3156 et
1002 3104 1218 3157 fromles
1250 3102 1537 3170 expromit.
1561 3109 1614 3154 et
1647 3100 2020 3166 undecumque
2047 3109 2255 3151 amato-

715 3206 803 3243 res
830 3192 1047 3243 attrahit
1085 3200 1138 3243 et
1163 3192 1412 3244 delectat.
1467 3189 1668 3241 Deinde
1699 3187 1964 3240 fructibus
1995 3187 2106 3237 hate
2135 3185 2256 3237 alba

712 3289 815 3341 est,
846 3279 932 3331 illa
965 3279 1120 3342 llava,
1154 3281 1321 3332 altera
1343 3279 1527 3340 rubra,
1567 3278 1734 3329 altera
1766 3289 2066 3342 purpurea,
2090 3274 2256 3326 altera

721 3367 954 3436 denique
1003 3367 1302 3434 aeruginosa
1355 3383 1369 3418 :
1417 3367 1488 3418 ita
1521 3367 1662 3419 inter
1711 3365 1932 3416 arbores
1958 3363 2064 3415 alia
2115 3361 2258 3415 aliud

716 3457 840 3518 fert,
891 3457 981 3509 sed
1010 3457 1192 3508 omnia
1250 3455 1351 3508 fert
1384 3455 1578 3508 malus.
1617 3451 1673 3507 Si
1718 3453 1935 3520 quidem
1988 3454 2110 3505 albo
2167 3451 2262 3504 de-

717 3544 968 3608 lecteris,
1033 3544 1097 3596 ad
1155 3543 1329 3596 albam
1393 3543 1640 3598 arborem
1696 3543 1972 3610 procedis;
2029 3544 2074 3595 si
2137 3554 2263 3593 vero

715 3635 938 3687 rubrum
982 3633 1186 3702 cupias,
1236 3634 1301 3686 ad
1354 3633 1572 3686 rubram
1609 3639 1659 3685 te
1691 3631 1915 3700 dirigis;
1964 3630 2009 3683 si
2054 3638 2264 3683 utrum-

714 3739 818 3790 que
855 3738 1037 3787 ames,
1068 3723 1133 3775 ad
1185 3723 1344 3775 aliam
1391 3722 1580 3785 radis;
1619 3721 1700 3774 sin
1729 3732 1909 3774 autem
1953 3720 2114 3773 simul
2149 3733 2264 3772 om-

715 3816 800 3868 nia
831 3829 1070 3882 aneras,
1105 3814 1188 3866 abi
1221 3814 1286 3866 ad
1329 3813 1584 3867 ferentem
1625 3812 1851 3875 datilcs;
1900 3811 2011 3862 hcce
2045 3810 2110 3863 iis
2145 3807 2264 3876 qui-

715 3906 833 3957 dem
866 3905 1030 3968 albet,
1071 3903 1137 3957 iis
1188 3917 1312 3956 vero
1359 3902 1552 3964 rubet;
1603 3910 1712 3954 tum
1751 3900 1965 3968 quidem
1996 3909 2261 3962 recenter,

715 4005 828 4048 tum
859 4004 1034 4046 autem
1063 3993 1376 4060 jamdudum
1405 4009 1418 4057 ;
1449 3992 1515 4044 iis
1546 4005 1674 4044 vero
1705 3997 1998 4058 purpurat;
2032 3999 2089 4040 et
2119 3988 2263 4040 albet

714 4085 929 4153 quidem
977 4085 1125 4137 velut
1154 4085 1259 4144 lac,
1293 4091 1554 4149 purpurat
1600 4095 1726 4132 vero
1778 4080 1880 4133 ista
1928 4079 2073 4130 velut
2120 4092 2263 4138 rosa,

722 4176 1072 4242 variaturque
1107 4173 1337 4226 diversis
1387 4171 1700 4234 coloribus;
1733 4172 1844 4221 haec
1881 4169 2096 4235 quidem
2131 4175 2264 4228 tota,

714 4264 806 4316 illa
866 4278 993 4314 vero
1043 4276 1148 4313 non
1197 4269 1343 4322 tota;
1412 4259 1528 4311 haec
1565 4259 1766 4320 minus,
1817 4257 1907 4309 illa
1971 4256 2162 4325 magis.
2208 4255 2264 4306 Si

2360 3130 2524 3181 ματος
2547 3152 2561 3176 ,
2597 3113 2690 3166 καὶ
2721 3112 3036 3180 ψυχαγωγεῖ
3074 3111 3167 3162 καὶ
3204 3109 3392 3178 τέρπει
3424 3103 3754 3174 πανταχόθεν
3777 3103 3913 3162 τοὺς

2358 3201 2612 3265 ἐραστάς.
2651 3202 2877 3252 Ἔπειτα
2913 3199 3021 3251 τῶν
3048 3199 3293 3266 καρπῶν,
3324 3198 3352 3248 ὁ
3388 3196 3485 3264 μὲν
3514 3194 3700 3253 λευκός
3720 3207 3735 3223 ·
3767 3195 3796 3243 ὁ
3826 3190 3911 3248 δὲ.

2359 3289 2567 3358 ὠχρός·
2605 3289 2633 3339 ὁ
2671 3287 2750 3350 δὲ,
2796 3286 3050 3355 ἐρυθρός·
3091 3287 3120 3334 ὁ
3153 3284 3227 3344 δέ,
3262 3282 3566 3350 φοινικοῦς·
3599 3283 3626 3330 ὁ
3676 3278 3751 3340 δὲ,
3813 3277 3915 3328 καὶ

2365 3378 2563 3449 μιλτός.
2587 3378 2743 3446 Φέρει
2770 3376 2827 3427 δέ
2853 3374 2959 3427 τῶν
3000 3372 3178 3440 φυτῶν
3231 3372 3324 3422 καὶ
3345 3371 3468 3422 ἄλλο
3496 3368 3592 3437 μὲν
3618 3366 3743 3420 ἄλλο
3761 3405 3776 3429 ,
3807 3365 3912 3417 καὶ

2363 3470 2534 3520 πάντα
2563 3465 2620 3518 δὲ
2649 3465 2708 3518 τὸ
2738 3464 2867 3517 αὐτό
2886 3479 2898 3493 ·
2938 3462 3037 3515 κᾶν
3067 3461 3162 3530 μὲν
3200 3459 3276 3529 τῷ
3303 3457 3479 3525 λευκῷ
3513 3457 3724 3526 χαίρῃς,
3758 3456 3914 3524 παρὰ

2363 3557 2564 3626 ταύτην
2619 3555 2888 3624 βαδίζεις·
2933 3553 2998 3606 ἂν
3039 3551 3094 3604 δὲ
3140 3550 3206 3603 τὸ
3267 3548 3494 3620 ἐρυθρὸν
3543 3547 3734 3616 ποθῇς,
3775 3545 3912 3613 παρ’
3983 3604 3988 3607 ἱ

2364 3648 2576 3716 ἐκείνην
2608 3647 2820 3714 ἀπέρχῃ
2846 3661 2860 3674 ·
2892 3646 2958 3697 ἂν
2981 3626 3164 3696 δὲ’καὶ
3197 3642 3398 3709 ἀμφοῖν
3432 3640 3584 3708 ἐρᾷς,
3625 3636 3774 3706 παρὰ
3809 3635 3916 3703 τὴν

2363 3738 2530 3804 ἄλλην
2559 3737 2746 3804 φοιτᾷς
2769 3751 2783 3765 ·
2825 3733 2891 3786 ἂν
2917 3734 2972 3785 δὲ
3023 3733 3113 3784 καὶ
3158 3732 3334 3784 πάντα
3359 3728 3494 3799 ὁμοῦ
3541 3725 3729 3797 ζητῇς,
3760 3725 3918 3793 παρὰ

2363 3825 2460 3894 τὴν
2491 3824 2758 3894 φέρουσαν
2795 3823 2921 3876 ἄπει
2949 3819 3073 3882 τοὺς
3114 3817 3389 3886 φοινικοῦς
3411 3854 3426 3869 .
3471 3815 3534 3868 Ἦ
3561 3814 3616 3867 δέ
3643 3815 3766 3874 τοὺς
3813 3813 3916 3880 μὲν

2363 3907 2699 3967 λὲυκαίνεται
2719 3948 2735 3974 ,
2765 3912 2887 3970 τοὺς
2920 3909 2977 3960 δὲ
3010 3905 3387 3976 ἐρυθραίνεται
3406 3921 3421 3934 ·
3459 3903 3583 3964 τοὺς
3619 3901 3717 3970 μὲν
3746 3901 3875 3968 ἄρτι
3896 3937 3913 3960 ,

2363 4004 2486 4061 τοὺς
2515 4001 2570 4052 δὲ
2600 4000 2731 4068 ἤδη·
2762 3997 2887 4058 τοὺς
2914 3995 2972 4047 δὲ
3027 3992 3122 4046 καὶ
3156 3990 3492 4058 φοινίσσεται
3516 4003 3532 4018 ·
3568 3987 3663 4039 καὶ
3691 3985 3918 4037 λευκαί-

2365 4106 2512 4142 νεται
2548 4087 2645 4156 μὲν
2693 4084 2862 4144 οὕτως
2914 4081 2986 4142 ὡς
3038 4079 3210 4145 γάλα·
3247 4078 3576 4143 φοινίσσεται
3608 4074 3652 4126 δ’
3705 4074 3919 4134 ἐκεῖνος

2365 4177 2439 4237 ὡς
2468 4176 2617 4244 ῥόδον
2641 4191 2654 4204 ·
2715 4172 3043 4239 κεκέρασται
3069 4167 3116 4219 δ’
3138 4164 3312 4228 άλλως
3361 4163 3456 4217 καὶ
3509 4162 3712 4224 άλλως·
3749 4163 3777 4213 ὁ
3814 4163 3920 4229 μὲν

2368 4268 2510 4328 ὅλος·
2536 4268 2568 4317 ὁ
2593 4264 2668 4327 δὲ,
2699 4263 2794 4331 οὐχ
2827 4263 2943 4321 ὅλος
2965 4277 2978 4291 ·
3025 4260 3122 4334 καί
3146 4257 3174 4308 ὁ
3208 4257 3326 4325 μὲν,
3361 4250 3540 4325 ἦττον.
3587 4254 3616 4306 δ
3653 4251 3731 4316 δὲ,
3769 4251 3915 4320 μᾶλ-

716 4349 932 4418 quidem
975 4349 1194 4401 rubram
1260 4347 1480 4407 videris,
1543 4346 1720 4399 albam
1790 4345 2007 4398 omnino
2045 4345 2260 4413 putabis

2366 4362 2492 4410 λον·
2546 4356 2648 4408 κᾶν
2683 4355 2778 4422 μὲν
2819 4352 2879 4403 τὸ
2934 4349 3158 4419 ἐρυθρὸν
3189 4347 3376 4418 θεάσῃ,
3433 4345 3492 4396 τὸ
3551 4341 3737 4395 λευκὸν
3777 4339 3920 4400 ὅλως

719 4442 966 4507 ignorare
999 4439 1286 4502 arborem;
1320 4438 1442 4490 etsi
1490 4437 1542 4489 in
1586 4438 1814 4503 primam
1873 4438 2029 4490 istam
2071 4438 2261 4490 oculos

719 4529 1004 4593 direxeris,
1047 4529 1180 4581 nihil
1232 4529 1379 4581 rubri
1413 4527 1610 4580 fructui
1651 4528 1830 4581 inesse
1876 4527 2116 4590 dixeris;
2169 4528 2259 4581 sed

722 4621 821 4672 hoc
854 4619 1066 4686 quidem
1118 4622 1310 4686 partim
1346 4618 1587 4686 sanguis,
1642 4618 1834 4686 partim
1869 4633 1993 4671 vero
2052 4618 2142 4670 nix
2185 4617 2264 4670 vi-

719 4709 952 4761 debitur.
986 4707 1051 4758 Et
1083 4709 1257 4762 malus
1292 4717 1375 4762 est
1405 4709 1520 4761 visu
1565 4723 1705 4770 rosa,
1755 4708 1956 4761 olfactu
2011 4723 2136 4761 vero
2163 4723 2259 4761 un-

719 4806 998 4867 gnentum,
1030 4807 1242 4862 gustatu
1273 4807 1452 4850 autem
1486 4796 1627 4850 aliud
1665 4799 1814 4865 quid,
1870 4807 1962 4850 aut
1996 4813 2182 4852 rursus
2208 4799 2260 4852 in

717 4903 783 4942 co
811 4888 1039 4940 multum
1073 4886 1206 4940 alias
1237 4886 1593 4940 delectatione
1617 4887 1781 4939 vincit
1807 4887 2003 4948 malus,
2032 4887 2156 4940 dum
2187 4887 2260 4940 illi

719 4979 836 5033 alia:
891 4977 1063 5045 magis
1113 4986 1521 5043 comparantur.
1578 4975 1635 5027 Si
1684 4976 1805 5042 quis
1868 4976 2086 5029 laudare
2139 4979 2265 5032 velit

718 5069 1036 5136 cujusquam
1068 5067 1142 5119 rei
1173 5075 1411 5132 gustum,
1461 5072 1553 5116 aut
1580 5065 1779 5116 malum
1822 5063 1961 5116 dicet
1986 5073 2078 5116 aut
2113 5067 2217 5118 mel
2247 5083 2260 5118 :

720 5166 773 5209 et
803 5157 914 5210 haec
957 5157 1120 5224 igitur
1176 5149 1468 5207 Homerum
1505 5162 1791 5206 suaserunt
1834 5153 1899 5206 ad
1931 5167 2145 5207 omnem
2174 5169 2266 5206 vo-

720 5247 948 5300 trandum
974 5246 1270 5314 jucundum
1307 5244 1432 5298 mali
1471 5243 1722 5296 fructum.
2239 5313 2248 5317 ’

793 5337 845 5388 Si
898 5353 1025 5390 vero
1070 5347 1282 5405 oportet
1352 5335 1546 5390 fabulae
1599 5335 1930 5399 meminisse,
1963 5335 2085 5389 etsi
2135 5336 2264 5404 quid

723 5425 978 5479 doctrinm
1022 5439 1074 5480 et
1107 5427 1475 5482 delectationis
1525 5440 1631 5479 non
1689 5416 2039 5493 injucundum
2088 5426 2264 5480 estad

730 5514 903 5567 virum
947 5519 1214 5584 applicare
1252 5519 1451 5588 sacpius
1491 5528 1544 5573 et
1577 5519 1752 5586 ipsum
1783 5531 1905 5571 cum
1945 5517 2113 5572 Musis
2159 5518 2264 5570 sal-

725 5610 946 5667 tantem,
994 5606 1165 5669 aliter,
1217 5609 1431 5680 quando
1478 5607 1712 5665 fabulam
1767 5616 1926 5664 ornat
1975 5607 2258 5680 sapientia,

2361 4448 2598 4516 νομίσεις
2643 4447 2852 4511 ἀγνοεῖν
2890 4441 2949 4494 τὸ
2988 4439 3148 4509 φυτόν
3173 4454 3186 4469 ·
3219 4437 3319 4490 κᾶν
3365 4434 3536 4503 τούτῳ
3576 4432 3774 4501 πρώτῳ
3813 4430 3922 4496 τὴν

2361 4537 2482 4604 ὄψιν
2525 4533 2833 4604 προσϐάλῃς
2859 4571 2872 4593 ,
2918 4531 3016 4582 οὐκ
3053 4524 3192 4581 εἷναί
3226 4545 3277 4580 τι
3330 4527 3519 4596 φήσεις
3547 4523 3640 4576 καὶ
3681 4519 3919 4591 ἐρυθροῦ

2360 4625 2435 4694 τῷ
2472 4624 2663 4693 καρπῷ
2681 4641 2695 4656 ·
2720 4622 2854 4675 ἀλλὰ
2875 4622 2933 4673 τὸ
2965 4620 3083 4688 μὲν,
3111 4615 3249 4686 αἷμα
3273 4617 3332 4668 τὸ
3356 4616 3546 4684 μέρος·
3577 4611 3637 4664 τὸ
3659 4611 3738 4675 δὲ,
3772 4609 3920 4673 δόξει

2361 4718 2512 4786 χιών.
2553 4718 2659 4770 Καὶ
2689 4715 2801 4767 ἐστι
2855 4713 2914 4765 τὸ
2949 4711 3114 4780 μῆλον
3167 4710 3293 4761 ίδεῖν
3325 4709 3420 4775 μὲν
3476 4706 3646 4774 ῥόδον,
3702 4703 3923 4771 ὀσφρή-

2364 4810 2556 4878 σασθαι
2586 4807 2641 4857 δὲ
2691 4806 2856 4876 μύρον
2884 4847 2897 4868 ,
2937 4799 3234 4869 γεύσασθαι
3281 4797 3337 4848 δέ
3383 4811 3437 4846 τι
3485 4794 3644 4857 ἄλλο,
3680 4793 3714 4861 ἢ
3751 4790 3923 4843 πάλιν

2361 4898 2488 4948 αὐτὸ
2523 4895 2686 4963 μῆλον
2710 4893 2849 4944 οὓτω
2874 4891 2966 4942 καὶ
2992 4887 3241 4941 τοσοῦτον
3271 4884 3430 4953 ἡδονῇ
3454 4880 3620 4934 τᾶλλα
3646 4880 3790 4948 νικᾷ,
3817 4879 3923 4931 καὶ

2364 4986 2498 5052 πρὸς
2551 4983 2706 5034 τοῦτο
2757 4982 2983 5034 κάκεῖνα
3065 4975 3263 5044 μᾶλλον
3310 4972 3617 5034 εἰκάζεται·
3675 4970 3776 5023 κάν
3828 4986 3924 5030 τις

2363 5074 2600 5124 ἐπαινεῖν
2631 5071 2802 5122 ἐθέλοι
2827 5086 2878 5119 τι
2902 5065 3042 5119 κατὰ
3073 5063 3255 5130 γεῦσιν
3281 5079 3295 5093 ·
3319 5063 3349 5128 ἢ
3384 5061 3549 5129 μῆλον
3567 5061 3682 5142 ἐρεῖ
3697 5058 3924 5117 πάντως

2365 5163 2396 5227 ἢ
2427 5162 2546 5229 μέλι
2569 5178 2579 5190 ·
2600 5161 2690 5212 καὶ
2713 5157 2884 5210 ταῦτα
2905 5156 3002 5224 μὲν
3028 5150 3120 5206 οῦν
3146 5153 3235 5204 τὸν
3257 5152 3504 5218 ’Όμηρον
3533 5149 3714 5201 ἐπεισε
3734 5147 3924 5200 πάντα

2365 5252 2563 5316 ἀγλαὸν
2585 5250 2845 5317 ὀνομάσαι
2877 5247 2967 5298 τὸν
3004 5244 3205 5313 μηλέας
3231 5242 3458 5308 καρπόν.

2434 5341 2494 5390 Et
2530 5340 2582 5390 δὲ
2612 5340 2693 5390 δεῖ
2730 5339 2821 5389 καὶ
2868 5336 3037 5403 μύθου
3077 5330 3401 5402 μνησθῆναι,
3443 5327 3529 5380 καὶ
3559 5327 3712 5379 οὐδὲν
3751 5323 3924 5391 ἀηδὲς

2367 5429 2579 5490 παιδιᾶς
2603 5430 2695 5480 καὶ
2728 5426 3079 5495 ψυχαγωγίας
3127 5420 3363 5491 ἅψασθαι
3397 5419 3529 5488 πρὸς
3556 5416 3721 5483 ἄνδρα
3781 5413 3924 5466 πολ-

2366 5517 2517 5578 λάκις
2553 5519 2646 5569 καὶ
2704 5518 2864 5570 αὑτὸν
2894 5517 2960 5567 τὰ
2993 5514 3208 5582 μουσῶν
3243 5511 3573 5580 χορεύσαντα
3595 5523 3605 5532 ·
3657 5504 3828 5564 ἄλλως
3867 5505 3921 5557 θ’

2364 5609 2449 5665 ὅτε
2469 5609 2558 5661 καὶ
2583 5609 2672 5661 τὸν
2703 5607 2865 5677 μῦθον
2893 5608 3082 5678 κοσμεῖ
3108 5601 3448 5674 σωφροσύνη,
3480 5595 3663 5667 φασὶν,
3681 5593 3754 5657 ὡς
3773 5595 3916 5666 κόρη
