4120 6340
601 243 700 304 867
1813 239 2126 298 JOANNIS
2164 239 2228 298 Gl

2164 239 2206 298 G
2218 239 2582 298 EOMETR/E
3665 237 3766 300 868

601 353 904 419 Θελξίοεον,
938 350 1277 418 θελξίφρονα,
1309 349 1610 419 Θελξιμενῆ,
1637 350 1914 416 θεόπαιδα,
2161 359 2204 412 Λ
2245 352 2477 418 Ῥύστιν,
2520 351 2815 421 ρνσίπολιν,
2858 352 3161 422 ῥυσιγενέα,
3186 350 3526 421 ρυσίκοσμον.

613 445 929 512 Ἰοπάρειον,
969 443 1248 511 ιόμματον,
1283 440 1488 518 ίόφρυν,
1518 441 1856 510 ἱμερόεσσαν.
2238 444 2526 513 Σώτειραν,
2568 444 2976 513 σελαηγενέτην,
3009 443 3373 513 σελαλαμπέα,
3408 444 3626 514 σεμνὴν,

600 531 940 600 Κοσμογενῆ,
975 530 1343 599 κατάκαρπον,
1369 529 1581 600 κλεινὴν
1614 529 2033 599 κοσμογύναικα,
2233 533 2551 609 Τριτογενῆ,
2582 537 2971 603 τριμάκαιραν,
3009 533 3329 602 τρισσοφαῆ,
3364 534 3696 602 τρισέληνον.

602 617 882 686 Λαοχαρῆ,
913 616 1156 685 λαοθαμό
1169 616 1250 681 έα,
1281 615 1450 685 λιτὴν,
1479 616 1870 686 λαομάκαιραν,
2244 623 2478 691 Ύψίνον,
2508 621 2884 691 ὑψικάθεδρον,
2912 623 3232 692 ὑπέρτατον,
3262 622 3647 690 ὑψιμέδουσαν.

603 703 890 774 Μυρίθεον,
929 704 1278 775 μυρίκοσμον,
1316 705 1581 775 μυριφαῆ,
1619 706 1964 775 μυρὶκλητον.
2232 711 2558 774 Φωτοτόκον,
2591 710 2924 778 φαὸμορφον,
2960 710 3276 778 φωτοὸόὶον,
3315 710 3631 777 φαέθουσαν.

606 795 913 857 Νειοπόλον,
946 794 1254 864 νεόκοσμον,
1284 795 1553 858 ναόθετον,
1585 796 1946 865 νεοπλάστην,
2234 799 2624 866 Χρυσίπεπλον,
2651 800 2956 869 χαρίεσσαν,
2978 800 3346 870 χρυσόθρονον,
3377 798 3704 868 χαριδώτην,

609 881 935 945 Ξεινοτόκον,
971 882 1345 952 ξενοορέπτην,
1383 882 1698 946 ξεινότοκον,
1726 885 2028 954 ξενόοηλυν.
2237 887 2594 958 Ψευδολέτην,
2631 889 2922 957 ψύχαγνον,
2955 891 3234 958 ψυχοσόον,
3269 890 3531 959 ψαλτάδη.

611 973 842 1037 Ὄλϐιον,
871 972 1194 1042 ὀλϐιόεργον,
1230 973 1479 1041 ὀνήτορα,
1510 971 1896 1042 ὀλϐοδότειραν.
2247 975 2558 1044 Ὠκυτάτην,
2594 975 2817 1044 ὡραίαν,
2846 977 3025 1045 ὥριον,
3057 978 3375 1048 ὼριὸπαιδα.

608 1063 976 1133 Παντοκρατῆ,
1011 1063 1282 1131 παναλκῆ,
1310 1061 1593 1131 πασιθέην,
1623 1063 1968 1131 πασίκλητον.

1985 1171 2268 1227 HYMNUS
2307 1173 2372 1236 γ,

608 1262 799 1317 Graecis
827 1263 1048 1334 uersibus
1083 1263 1299 1334 heroicis
1359 1264 1421 1316 ab
1451 1265 1654 1334 incerto
1683 1274 1893 1334 auctore
1925 1265 2160 1316 conditus
2192 1280 2253 1316 ea:
2302 1266 2444 1332 puris
2475 1265 2985 1334 epithetis._veterum
3019 1267 3318 1334 hymnorum
3369 1279 3506 1315 more
3533 1278 3550 1315 :
3582 1263 3635 1334 in
3665 1277 3768 1330 quo

673 1335 828 1384 etiam
864 1331 1157 1384 litterarum
1176 1333 1324 1392 ordo,
1346 1331 2022 1385 carminum'et'dictionum
2054 1331 2320 1399 principiis
2349 1331 2647 1386 observatur
2673 1349 2690 1384 :
2717 1332 2900 1386 Latine
2933 1331 3139 1386 liberius
3169 1334 3338 1387 soluta
3367 1334 3598 1384 oratione
3622 1332 3771 1399 (cum

675 1401 893 1452 astricta
924 1416 1012 1452 nec
1043 1401 1218 1452 liberet
1249 1415 1339 1452 nec
1364 1411 1568 1451 venuste
1595 1400 1800 1467 liceret)
1832 1399 2078 1451 verbatim
2111 1399 2267 1465 fer-nte
2301 1401 2361 1452 ab
2391 1402 2564 1455 eodem
2594 1401 2876 1469 lnterprete
2905 1403 2980 1455 sic
3008 1417 3275 1470 expressus
3299 1411 3395 1454 est.

673 1485 946 1537 Laudibus
970 1485 1297 1538 celebremus
1327 1484 1416 1538 Dei
1452 1483 1572 1536 Filii
1601 1484 1843 1548 Matrem,
1874 1486 1979 1537 Deo
2006 1485 2254 1551 similem,
2287 1487 2544 1555 integram
2577 1487 2837 1554 Sponsam
2865 1502 2882 1542 :

676 1571 805 1634 Qua:
828 1569 944 1622 sine
966 1579 1082 1622 satu
1111 1568 1334 1635 peperit,
1366 1568 1743 1630 castissimam,
1767 1569 2181 1637 integerrimam,
2223 1570 2462 1638 principe
2493 1587 2806 1639 puerperam
2838 1590 2853 1626 :

675 1653 952 1723 Reginam,
984 1667 1014 1706 a
1046 1652 1186 1720 Rege
1224 1653 1478 1720 genitam,
1509 1649 1666 1721 Regis
1691 1652 1997 1720 genitricem
2025 1670 2039 1706 :

675 1740 804 1804 Quae
836 1741 1009 1805 gentis
1056 1753 1165 1792 suae
1188 1747 1555 1806 proauctorem
1581 1738 1783 1806 genuit,
1815 1737 2118 1806 Deiparam,
2153 1739 2491 1807 propaginem
2520 1755 2686 1808 genus
2719 1740 3009 1792 humanum
3042 1748 3393 1793 recreantem.

677 1825 809 1890 Quae
829 1825 994 1879 Deum
1033 1823 1198 1876 dedit.
1235 1825 1462 1893 pretium
1489 1825 1867 1893 redemptionis
1896 1825 2142 1887 exsolvit,
2175 1839 2361 1893 graves
2392 1840 2552 1879 casus
2587 1826 2822 1887 sustulit,
2854 1834 2907 1878 et
2937 1833 3111 1891 optata
3143 1824 3327 1890 largita
3360 1833 3459 1876 est.

676 1913 865 1966 Divino
892 1913 1084 1979 spiritu
1114 1911 1365 1976 alflatam,
1390 1912 1595 1965 felicem
1623 1911 1674 1963 in
1708 1920 1882 1979 partu,
1908 1911 2257 1964 beneficentia
2281 1911 2618 1978 gaudentem,
2648 1912 2880 1980 gentium
2915 1909 3292 1964 libet'atrieetn.

676 1997 804 2061 Qum
837 1998 996 2050 vitam
1034 1998 1237 2066 peperit
1261 1998 1416 2065 plane
1439 1995 1695 2061 divinam,
1719 1996 2327 2057 vitaa‘conservatricem,
2356 2013 2515 2065 quam
2551 1998 2710 2051 etiam
2743 1997 2984 2065 largitur.

674 2086 802 2146 Quae
830 2083 1010 2138 suavis
1040 2091 1093 2137 et
1117 2084 1250 2136 lenis
1283 2082 1830 2150 apparet,jucundam
1865 2091 2105 2146 aspectu,
2134 2083 2399 2145 blandam,
2431 2084 2579 2136 mitia
2610 2084 2748 2137 dona
2783 2084 2993 2137 dantem
3028 2098 3043 2134 :

676 2171 840 2224 Deum
860 2171 1266 2234 demulcentem,
1302 2180 1531 2222 mentem
1559 2170 1966 2232 exhilarantem,
1997 2180 2158 2222 cantu
2186 2169 2526 2232 allicientem,
2555 2170 2716 2222 Deum
2743 2167 2934 2222 Filium
2964 2168 3247 2222 habentem
3283 2181 3296 2218 :

677 2255 939 2310 Violaceis
971 2255 1119 2323 genis
1149 2263 1202 2308 et
1235 2255 1427 2316 oculis,
1457 2262 1511 2306 et
1543 2255 1811 2321 praestanti
1841 2263 2018 2308 mente
2052 2256 2349 2322 praeditam,
2373 2254 2727 2308 desideratam
2756 2272 2769 2309 :

677 2342 733 2393 In
765 2341 966 2393 mundo
991 2342 1245 2409 genitam,
1274 2338 1627 2401 fructuosam,
1663 2328 2044 2407 percelebrem,
2071 2339 2251 2392 mundi
2276 2339 2663 2406 lmperatrieem
2695 2357 2710 2392 :

679 2425 935 2499 Laetitiam
964 2436 1018 2476 et
1053 2433 1326 2491 stuporem
1361 2423 1701 2490 populorum,
1727 2439 1754 2475 a
1784 2424 1981 2490 quibus
2011 2426 2162 2477 beata
2190 2425 2527 2490 praedicatur,
2561 2439 2682 2477 eum
2719 2424 3059 2492 simplicitate
3081 2433 3133 2478 et
3159 2423 3458 2494 abjectione
3479 2421 3669 2476 animi.

679 2508 1018 2577 Unguentum
1054 2507 1144 2560 Dei
1174 2519 1224 2560 et
1258 2507 1466 2570 mundi,
1501 2508 1754 2575 unguenti
1795 2509 2056 2560 suavitate
2080 2508 2375 2575 praeditam,
2410 2517 2462 2560 et
2489 2522 2519 2559 a
2558 2509 2772 2576 myrrha
2798 2518 3036 2560 vocatam
3069 2524 3083 2558 :

678 2595 881 2646 Novum
912 2594 1128 2656 uelum,
1162 2607 1358 2646 novum
1388 2592 1670 2656 mundum,
1699 2593 1878 2658 templi
1908 2592 2325 2653 aedificatrieem,
2351 2606 2539 2644 novam
2573 2602 2896 2644 creaturam.

677 2680 825 2732 Novo
851 2689 1001 2749 partu
1033 2680 1255 2742 editam,
1287 2694 1482 2731 novum
1513 2687 1721 2747 partum
1751 2677 2014 2740 edentem,
2044 2678 2408 2732 admirandam
2442 2676 2738 2728 mulierem.

678 2765 906 2818 Felicem
936 2775 987 2816 et
1016 2765 1256 2828 divitem,
1292 2762 1515 2816 feliciter
1553 2772 1886 2831 operantem,
1923 2763 2258 2831 adjutriecm,
2285 2761 2588 2815 divitiarum
2623 2761 2877 2814 datricem
2910 2777 2924 2814 :

675 2849 1126 2918 Omnipotentem,
1161 2864 1346 2902 omnes
1377 2850 1428 2901 in
1461 2864 1516 2902 se
1541 2849 1679 2902 vires
1708 2848 2012 2912 habentem,
2041 2851 2290 2903 omnibus
2319 2859 2614 2917 parentem,
2647 2850 2714 2902 ab
2742 2849 2994 2903 omnibus
3021 2848 3320 2902 invocatam
3355 2867 3368 2902 :

677 2934 1077 2996 Liberatrieem,
1111 2936 1320 2987 urbium
1353 2934 1593 2999 tutelam,
1621 2934 1947 3003 generissui
1973 2944 2024 2987 et
2055 2935 2237 2988 mundi
2271 2934 2574 3004 praesidium
2612 2951 2626 2986 :

679 3020 1050 3083 Servatrieem,
1076 3036 1191 3088 qua)
1220 3020 1380 3088 jubar
1411 3022 1711 3089 progenuit,
1739 3021 1997 3089 lampadis
2027 3021 2194 3074 instar
2219 3023 2504 3086 lucentem,
2543 3023 2898 3076 venerabilem
2928 3040 2943 3076 :

683 3105 850 3157 Unius
880 3124 908 3157 e
942 3107 1200 3158 Trinitatc
1236 3117 1530 3173 parentem,
1557 3118 1637 3159 ter
1675 3107 1907 3171 beatam,
1935 3109 2104 3161 tribus
2136 3108 2425 3162 imniuibus
2452 3109 2731 3170 illustrem,
2763 3120 2842 3160 ter
2870 3109 2993 3160 luna
3025 3108 3434 3175 pulchriorem.»

682 3189 810 3240 Altae
843 3192 1032 3242 mentis
1059 3206 1326 3256 capacem,
1355 3193 1406 3242 in
1435 3193 1645 3244 excelsa
1671 3193 1795 3245 sede
1828 3196 2074 3258 positam,
2103 3182 2406 3255 sublimem,
2441 3193 2489 3244 in
2519 3196 2639 3246 altis
2664 3204 2972 3261 regnantem
3002 3211 3015 3246 :

677 3273 915 3324 Luminis
944 3276 1378 3339 procreatricem,
1409 3275 1526 3326 luce
1555 3287 1797 3327 ornatam
1831 3285 1883 3328 et
1906 3279 2171 3338 amictam,
2209 3279 2504 3344 splendenti
2536 3279 2670 3331 faeie
2701 3298 2713 3331 :

679 3358 856 3407 Aureo
890 3359 1038 3422 peplo
1073 3368 1337 3418 ornatam,
1376 3373 1641 3423 aureoque
1672 3361 1724 3411 in
1761 3361 1951 3411 throno
1984 3362 2271 3422 sedentem,
2300 3362 2543 3425 gratiam,
2580 3373 2631 3414 et
2658 3364 2879 3429 gratiam
2909 3364 3219 3432 largientem
3257 3381 3269 3416 :

681 3441 934 3493 Μιτιιιιοοίί
959 3442 1336 3502 adversariam,
1356 3443 1586 3494 animam
1609 3458 1788 3509 puram
1806 3445 2106 3507 habentem,
2121 3446 2420 3498 animarum
2437 3447 2659 3499 salutem
2677 3457 3068 3513 procurantem,
3083 3449 3304 3501 canticis
3320 3448 3419 3516 piis
3439 3435 3782 3518 gaudentem.

687 3524 1090 3578 Veloeissimam
1131 3525 1218 3595 [ad
1252 3541 1403 3594 opem
1433 3527 1546 3579 suis
1579 3527 1891 3598 ferendam],
1923 3529 2229 3594 formosam,
2258 3532 2696 3585 venustissimum
2729 3533 2920 3586 Filium
2959 3534 3260 3588 habentem.

1389 3861 2056 3976 ΙΩΑΝΝΟΥ
2131 3867 3012 3987 ΓΕΩΜΕΤΡΟΥ
3093 3832 3097 3837 ’

1189 4067 1818 4118 ΕΠΙΓΡΛΜΜΑΤΛ
1881 4069 2457 4134 ΤΕΤΡΑΣΤΙΧΑ,
2512 4069 2614 4120 ΩΝ
2665 4071 2708 4121 Π
2769 4073 3200 4126 ΕΠΙΓΡΑΦΙῙ

1963 4218 2425 4270 ΠΑΡΑΔΕΙΣΟΣ.

1469 4460 2046 4575 JOANNIS
2139 4461 2930 4584 GEOMETRE

1127 4680 1702 4742 EPIGRAMMATA
1738 4682 2279 4745 TETRASTICHA
2325 4686 2598 4757 QUIBUS
2634 4689 2982 4751 TITULUM
3020 4694 3246 4756 FECIT

1960 4843 2056 4902 PA
2069 4843 2170 4902 ΒΑ
2181 4843 2309 4902 DlS
2317 4845 2426 4904 US.

1439 4999 1621 5058 (Edidit
1646 5001 1762 5050 Fed.
1793 5003 2034 5062 Morellus,
2060 5009 2245 5063 typogr.
2274 5007 2453 5067 regius,
2481 5008 2691 5070 Parisiis,
2719 5012 2850 5072 1595,
2871 5014 2963 5072 8⁶.)

613 5225 649 5273 Α
676 5262 685 5272 .
721 5226 825 5274 ὀτι
851 5222 1139 5284 ἀθάνατος
1157 5219 1278 5284 τοῖς
1299 5219 1810 5288 ἀναγινώσκουσιν
1829 5231 2149 5298 ᾐώεεέλεια.
2184 5241 2224 5294 Β

2184 5241 2224 5294 Β
2253 5230 2292 5284 1.
2333 5233 2479 5294 Quod
2523 5234 2679 5300 huius
2709 5239 2949 5309 poematii
2984 5249 3223 5306 peri‘etua
3251 5243 3426 5309 futura
3463 5250 3529 5300 sit
3568 5253 3780 5306 utilitas

2867 5308 3158 5359 lectoribus.

626 5390 922 5454 Ἀνοεμὸεις
948 5392 1265 5458 παράδεισος
1294 5397 1320 5447 ὀ
1354 5394 1456 5447 τῶν
1487 5397 1652 5462 ἁγίων
1691 5403 1840 5468 χορός
1868 5404 2028 5469 ἐστιν,

2245 5410 2554 5463 Sanctorum
2585 5423 2754 5467 emtus
2785 5430 2903 5468 vere
2927 5418 3204 5483 paradisus
3229 5438 3489 5488 ammnns,

693 5480 884 5546 Ὀδρῆς
917 5483 1090 5550 {arising
1122 5485 1345 5552 πείρατα
1388 5487 1776 5555 πιμπλάμενος.

2324 5497 2472 5553 Unde
2501 5502 2690 5558 animis
2723 5505 2859 5558 amat
2892 5507 3067 5560 suavis
3095 5519 3143 5564 et
3172 5513 3338 5569 almus
3367 5520 3494 5569 odor
3526 5536 3540 5570 :
