4120 6340
285 348 396 410 873
1683 325 1912 387 ΡΑΠᾹῙ

1865 324 2130 386 iDISUS.
2336 332 2339 333 ⁷
3388 314 3492 377 874

288 454 420 509 KA'.
472 453 599 505 Ὀτι
659 451 771 504 οὐκ
838 449 966 503 ἔστι
1016 446 1135 512 Θεῷ
1157 444 1468 499 δουλεύειν
1529 440 1628 493 καὶ
1679 442 1842 505 Ησμ-
1872 444 1914 498 Α

1872 444 1914 498 Α
1946 435 2081 488 XXI.
2132 431 2277 485 Fieri
2325 446 2422 484 non
2457 443 2611 512 posse.
2653 436 2706 480 ut
2745 426 2905 481 simul
2942 426 3276 479 imerrimuus
3316 428 3419 483 Deo
3444 443 3490 486 et

976 496 1276 585 ﬁlii”
1770 496 1787 505 ’
1872 496 1907 498 ⁷ί
2458 496 2464 498 “
2558 496 2887 551 Mammonw.

285 636 394 689 Τὸν
426 634 621 704 χρυσὸν
652 632 871 702 φιλέων,
902 631 1104 699 φιλέειν
1134 630 1334 699 ἔραμαι
1362 628 1453 679 καὶ
1477 624 1729 696 Χριστὸν,

1942 616 2148 669 Aurum
2184 614 2375 667 adamo
2402 612 2710 682 (7),.t‘ateor,
2740 612 3014 667 Christum
3043 613 3137 667 sed
3161 628 3343 666 amare
3373 630 3492 682 prr-

3297 718 3418 758 ttulo
3446 724 3456 758 :

370 805 505 857 Ἀλλ’
527 806 611 859 ὁδε
642 806 740 875 μὲν
766 804 1017 874 ξυνάγειν
1053 802 1200 874 φὴσ⁹,
1233 806 1261 856 ὁ
1297 804 1340 856 δ’
1368 802 1751 867 ἁποξννάγειν.

3297 723 3354 757 Ol

1727 819 1751 853 ι.
2012 797 2197 866 Jungit
2219 807 2273 851 at
2297 796 2385 851 hic
2414 795 2647 861 animos,
2673 795 2977 851 distrahere
3000 795 3131 849 illud
3164 704 3311 849 amalt
3334 725 3354 849 I:

284 895 355 948 X'
381 890 472 968 ᾗχι
499 897 735 950 τάλαντα
765 898 939 967 ῥέπει,
970 899 1061 949 καὶ
1088 898 1121 964 ἠ
1157 895 1362 965 διάνοια
1389 894 1596 964 ὀπηδεῖ.

1942 888 2168 956 Quoque
2190 886 2385 941 talenta
2411 887 2529 940 auri
2553 894 2799 953 vergunt,
2825 885 3038 940 animus
3055 884 3273 955 quoque
3292 887 3455 957 vergit
3480 905 3492 939 :

356 988 513 1056 Οῖμοι
540 986 704 1041 τῶνδε
727 988 887 1058 ἐρῶν,
923 988 1193 1058 ἤμϐροτον
1220 988 1563 1059 ἀμφοτέρων.

2012 979 2103 1034 Sic
2128 977 2291 1033 simul
2322 981 2438 1033 haec
2465 977 2744 1040 adamans,
2772 976 2952 1045 privor
2980 984 3212 1045 utroque
3245 980 3425 1032 simul.

484 1098 611 1152 KB’.
654 1099 782 1153 Ὅτι
804 1099 1185 1169 πολυσχιδὴς
1212 1100 1252 1167 ἠ
1277 1100 1633 1167 ἀπόκαρσις.

1625 1140 1633 1153 ,
2183 1087 2352 1143 XXII.
2404 1087 2693 1142 Tonsuram
2738 1086 3078 1156 multiplicem
3123 1104 3252 1141 esse.

290 1211 492 1280 ’Δνδρα
508 1211 767 1281 τύραννος
783 1212 961 1281 ἔκειρε
978 1212 1173 1276 Σατὰν,
1191 1213 1363 1277 νόσος,
1381 1212 1630 1282 αῑσχύνη,
1652 1211 1743 1283 ἕχο
1752 1230 1837 1281 pa,

1946 1200 2036 1255 Vis
2064 1200 2359 1264 hominem,
2384 1199 2555 1269 pudor
2584 1212 2675 1253 aut
2705 1198 2892 1263 Satan,
2924 1198 3217 1253 morbusve
3246 1200 3496 1268 totondit,

368 1300 475 1352 Kal
501 1300 682 1364 πενίη,
717 1303 810 1353 καὶ
836 1300 970 1369 ἔρις,
1000 1302 1093 1355 καὶ
1121 1301 1283 1363 πόθος
1307 1302 1593 1373 οὐρανίων.

1554 1320 1593 1355 ν,
2013 1292 2123 1355 Lis,
2158 1293 2237 1345 vel
2269 1291 2571 1361 pauperies,
2603 1299 2695 1343 aut
2720 1305 2873 1344 amor
2899 1290 3181 1345 aethereus.

287 1387 473 1442 Ταῦτα
500 1388 559 1442 δὲ
585 1393 907 1460 πειρασμοῖς
931 1408 988 1442 τε
1008 1392 1100 1444 καὶ
1124 1389 1315 1462 ὕϐρεσι
1339 1393 1585 1461 κρίνεται
1610 1394 1738 1462 ἡμῖν

1675 1394 1738 1444 Liv
1944 1372 2213 1438 Adversid
2228 1383 2388 1437 rebus
2421 1381 2575 1436 facile
2606 1383 2718 1435 haec
2748 1380 3139 1451 dignoscimus,
3172 1388 3227 1435 et
3258 1381 3302 1435 si

356 1478 466 1532 Kal
500 1480 578 1549 τῷ
606 1480 858 1550 ἀνιδρωτὶ
887 1481 998 1543 τοῖς
1031 1481 1296 1551 καμάτοις
1332 1481 1488 1536 ἰέναι.

2013 1471 2148 1537 Quis
2178 1472 2315 1526 lerat
2345 1485 2604 1525 arumnas
2627 1470 2832 1539 absque
2861 1469 3042 1523 dolore
3072 1484 3282 1539 graves.

548 1586 673 1642 Kl".
708 1587 1031 1659 Τεκμήριον
1049 1591 1574 1659 ἁνθρωπαρέσκου.
1836 1669 1838 1672 ν
1946 1582 2129 1636 XXI“-

1946 1582 2129 1636 XXIII.
2177 1582 2437 1636 Indicium
2487 1582 2780 1651 οὐδεᾳυὶοεὶ
2832 1599 2920 1635 seu
2966 1583 3269 1662 popularem
3314 1598 3498 1636 auram

2428 1655 2682 1713 venantis,
2710 1661 2758 1703 et
2790 1667 2901 1703 vere
2921 1664 3016 1718 pu.

286 1737 560 1808 Νηστεύει
587 1757 669 1804 τις
694 1742 847 1813 ἕκητι
874 1742 1031 1809 Θεοῦ,
1062 1744 1157 1798 καὶ
1178 1744 1332 1814 ἕκητι
1364 1744 1629 1798 θεώντων.

2432 1690 2682 1713 ...........,
2710 1690 2757 1703 ..
2792 1690 2897 1703 νυ..
2921 1690 3016 1718 ν...

1870 1754 1917 1829 Β
1945 1742 2038 1796 [lle
2067 1740 2179 1805 Dei,
2222 1742 2309 1796 hic
2343 1743 2623 1795 hominum
2661 1747 2824 1795 eausa
2849 1741 3078 1809 jejunat,
3107 1750 3163 1795 at
3187 1741 3328 1798 istud

361 1827 487 1891 Πῶς
514 1830 639 1884 τάδε
664 1827 723 1885 εὖ
747 1832 966 1902 γνοίης;
994 1835 1192 1888 Μεῖνον
1220 1834 1325 1898 ἕως
1362 1835 1553 1889 νοσέοι.
1872 1827 1904 1829 Γ

1872 1827 1904 1829 ”“
2018 1831 2120 1897 Qui
2155 1832 2383 1888 nosces?
2409 1834 2580 1887 morbi
2613 1847 2734 1886 eum
2772 1833 3015 1886 cruciare
3038 1832 3215 1887 solent
3250 1851 3262 1886 :

288 1916 478 1989 Τόφρα
503 1919 563 1972 δέ
593 1920 645 1988 γ’
672 1924 721 1975 εί
754 1922 962 1977 θανέειν
998 1925 1289 1996 ἱμείρεται,
1320 1922 1381 1981 εὖ
1404 1927 1519 1979 τάδ’
1550 1927 1741 1994 ἀνέτλη
1761 1941 1774 1954 ·

1701 1943 1741 1994 ,η
1761 1941 1774 1954 ·
1949 1921 2101 1977 Tune
2131 1924 2173 1977 si
2210 1933 2436 1977 mortem
2469 1932 2632 1991 optet,
2656 1924 2859 1992 jejunia
2887 1940 3009 1978 vera
3041 1925 3290 1979 videntur
3315 1943 3328 1978 :

360 2008 425 2063 EI
453 2009 513 2063 δέ
540 2010 592 2064 κ’
615 2012 934 2077 άποσκάζει,
958 2015 1219 2079 είσοδίαζε
1247 2017 1454 2085 φίλους.

2020 2010 2075 2063 Si
2109 2011 2358 2077 trepidet,
2394 2011 2515 2065 licte
2539 2012 2826 2078 religiosus
2866 2014 3025 2067 homo
3052 2023 3153 2067 est.

342 2116 470 2172 ΚΝ.
510 2118 638 2173 Ὅτι
662 2123 735 2176 οὐ
758 2122 946 2176 καλὸν
977 2124 1057 2177 to-
1069 2124 1548 2179 ὑποστέλλεσθαι
1586 2124 1794 2180 πᾶσιν.

1736 2142 1794 2180 ν,
2087 2116 2276 2171 XXIV.
2328 2118 2654 2172 Pra'clarum
2695 2136 2804 2173 esse
2831 2120 3068 2175 omnibus
3098 2123 3362 2177 inservire.

285 2228 435 2282 Νοῦν
461 2246 547 2293 τις
568 2231 704 2301 ἔχων
732 2234 1027 2303 πτερόεντα
1046 2235 1142 2287 καὶ
1172 2215 1374 2301 ἔνθεον,
1399 2237 1601 2288 ὁππότε
1624 2240 1810 2306 χεῖρας

1697 2240 1810 2306 ερας
1950 2226 2210 2280 Prazditus
2236 2226 2436 2296 aligera
2468 2228 2591 2295 quis
2622 2239 2797 2281 mente
2823 2238 2877 2282 et
2894 2226 3122 2283 Numine
3148 2231 3324 2297 plena,

361 2318 599 2386 υΰρανδν
620 2321 893 2382 είσεπέτα,
923 2323 1099 2375 οὐκέτ’
1127 2325 1182 2384 ἐς
1213 2324 1378 2375 αὐτὸν
1406 2323 1522 2394 ἔην’

2019 2317 2223 2385 Raptus
2257 2325 2373 2371 erat
2400 2318 2610 2386 quoties
2644 2317 2806 2372 terret
2829 2318 2894 2372 ad
2926 2326 3071 2372 astra
3104 2334 3337 2376 manus:

287 2405 482 2459 Τοίνυν
511 2408 680 2459 εἴπατ’
704 2408 894 2477 ἔμελλε
925 2410 1095 2477 φίλοις
1122 2412 1286 2482 εὐχὴν
1312 2413 1606 2480 ὃεένεσθαι,

1949 2406 2080 2461 Cum
2111 2407 2400 2460 charorum
2425 2419 2551 2475 ergo
2582 2405 2737 2460 vellet
2767 2407 3081 2461 meminisse
3114 2408 3408 2476 precando,

362 2495 454 2548 Τὼ
478 2497 604 2567 χέρε
630 2497 949 2567 ωμόάλλων
979 2498 1055 2567 ἂψ
1087 2500 1345 2554 ἀπέϐαινε
1382 2504 1559 2570 μόνος.

1462 2520 1559 2567 νος.
2018 2494 2284 2563 Jungebat
2312 2496 2540 2564 palmas,
2568 2495 2710 2564 juris
2738 2504 2960 2565 eratque
2982 2496 3089 2551 sui.

1004 2612 1130 2666 KE'.
2284 2607 2447 2663 XXV.
2478 2609 2629 2673 Quod
2663 2611 2764 2662 tria
2797 2611 3049 2664 servanda
3071 2611 3196 2667 sint.

288 2716 379 2770 Τὰ
405 2717 532 2788 τρία
558 2718 731 2773 ταῦτα
758 2722 943 2792 φέρειν
968 2724 1282 2779 ἐπετέλλετο
1318 2729 1460 2799 ἱερὸς
1491 2730 1631 2801 ἀνήρ
1653 2750 1665 2760 ·

1953 2724 2078 2777 Haec
2105 2723 2206 2776 tria
2237 2732 2538 2787 serventur,
2578 2721 2659 2774 vir
2687 2730 2905 2787 melus
2933 2723 3132 2791 ubique
3164 2728 3411 2781 monebat
3445 2770 3458 2783 .

378 2808 465 2859 Ἐν
490 2812 647 2882 φρεσὶ
682 2814 1055 2882 σωφροσύνην,
1090 2816 1221 2871 αίδὼ
1246 2819 1339 2872 ἐπὶ
1368 2820 1681 2892 βλεφάροις,

1569 2840 1681 2887 νοις,
2023 2812 2302 2866 Sobrietas
2331 2814 2535 2873 animo,
2571 2812 2974 2881 luminibusque
3006 2815 3196 2880 pudor,

287 2895 521 2969 Γλώσσῃ
544 2901 908 2973 ἀλυκτοπέδην
928 2921 942 2935 ·
973 2908 1156 2959 ἐκάλει
1184 2909 1305 2976 τόγε
1327 2913 1451 2973 τοὺς
1477 2914 1749 2976 τοιούτους

1955 2902 2289 2970 Vinculaque
2309 2903 2363 2955 in
2387 2896 2590 2970 lingua.
2610 2899 2740 2954 Nam
2765 2903 2855 2968 qui
2877 2903 2997 2954 tulit
3021 2903 3134 2956 hzec
3156 2906 3499 2974 triapuncta,

366 2988 475 3041 Τοῦ
498 2992 730 3060 μεγάλου
753 2994 921 3047 Λυδοῦ
953 2996 1142 3052 πολλὸν
1165 3000 1563 3071 ἀφνειοτέρους.

2025 2993 2274 3062 Principe
2310 2994 2565 3045 nimirum
2599 3001 2680 3046 est
2705 2992 2865 3045 ditior
2896 2992 2984 3045 ille
3018 2992 3244 3062 Lydum.

403 3101 547 3167 Κςό
581 3102 708 3156 Ὅτι
734 3105 914 3174 λόγος
936 3107 1207 3175 ἀπρεπὴς
1229 3106 1446 3178 αἶσχος
1464 3113 1710 3170 ἄλυτον.
1875 3110 1916 3164 C
1952 3103 2030 3158 X3

1878 3110 1916 3164 c
1952 3101 2140 3158 XXVI.
2177 3102 2327 3166 Quod
2354 3104 2597 3155 indecora
2631 3104 2800 3155 oratio
2844 3102 3062 3156 dedecus
3106 3095 3373 3159 indelebile
3416 3108 3505 3162 sit.

288 3215 763 3285 Σχοινολογοῦντος
807 3219 1045 3291 ἑταίρου,
1075 3220 1241 3291 ἔφησέ
1271 3237 1383 3286 τιςο
1420 3226 1495 3277 Οὐ
1541 3227 1696 3279 τόσον
1734 3229 1851 3279 ἐστὶ

1956 3215 2100 3270 Vana
2145 3217 2396 3283 loquente
2426 3216 2555 3278 alio,
2601 3217 2809 3269 monuit
2839 3217 3057 3284 quidam
3094 3235 3107 3271 :
3143 3218 3294 3273 Haud
3328 3223 3504 3290 gravis

3340 3329 3475 3364 :rror

367 3393 547 3453 Διινὺν
569 3394 845 3466 ὀλισθῆσαι
870 3395 947 3467 τῷ
980 3397 1119 3464 ποδὶ,
1154 3400 1228 3460 ὡς
1261 3400 1336 3470 τῷ
1368 3401 1506 3455 ἕπει.

3325 3330 3443 3366 erro

2027 3394 2211 3464 Usque
2240 3399 2374 3449 adeo
2406 3397 2492 3451 ille
2527 3397 2721 3465 pedum
2752 3406 2855 3461 est,
2889 3399 3071 3468 lapsus
3106 3409 3165 3453 ut
3195 3311 3393 3471 CIOlfUlI
3428 3424 3437 3454 :

293 3484 364 3537 Εἰ
393 3484 449 3536 δὲ
473 3485 579 3556 γὰρ
610 3485 676 3538 ἂν
708 3481 847 3558 καὶῇ
876 3487 982 3540 ἀπὸ
1006 3488 1099 3541 τοῦ
1129 3490 1306 3557 ποδὸς,
1331 3494 1394 3544 οὐ
1423 3494 1576 3546 τόσον
1599 3496 1682 3562 εἴη
1704 3512 1716 3525 ο

1956 3485 2197 3554 Namque
2222 3487 2416 3555 pedum
2445 3487 2624 3559 lapsus
2645 3489 2785 3557 quod
2809 3488 2930 3552 fert,
2952 3491 3229 3544 tolerabile
3255 3494 3509 3548 damnum

371 3574 487 3630 Οὐκ
517 3577 716 3644 ἀγαθὸς
750 3578 805 3630 δὲ
834 3579 987 3647 λόγος
1019 3580 1203 3634 λύεται
1234 3582 1354 3634 οὐδὲ
1384 3584 1556 3653 μόρῳ.

2028 3574 2130 3627 Sed
2161 3590 2358 3643 pravus
2385 3591 2564 3629 sermo
2598 3592 2701 3629 non
2733 3579 2867 3647 perit
2897 3580 3114 3634 interitu
3142 3581 3235 3649 (8).
3348 3582 3470 3652 [rst,

328 3688 462 3743 KZ'.
490 3692 609 3744 Ὅτι
640 3694 1016 3760 πολύτροπος
1045 3696 1083 3758 ἠ
1114 3694 1221 3763 τῆς
1260 3697 1471 3761 κακίας
1503 3697 1814 3764 ἐπιϐουλή.

1745 3698 1814 3764 ζὴ,
2100 3687 2314 3741 XXVII.
2354 3688 2506 3753 Quod
2536 3690 2847 3757 multiplices
2872 3692 2973 3743 sint
3007 3691 3119 3743 vitii
3149 3693 3372 3746 insidiw.

292 3805 513 3873 Σφριγᾷ
544 3806 637 3856 καὶ
679 3805 859 3871 φύσις,
886 3808 944 3857 οὺ
976 3808 1173 3874 πρήσει
1204 3808 1259 3860 δέ
1287 3824 1358 3871 τι,
1401 3809 1476 3879 μὴ
1507 3795 1856 3878 προδιδούσης

1664 3810 1856 3875 δούσης
1959 3796 2154 3852 Fervet
2188 3809 2400 3862 natura,
2430 3800 2571 3852 haud
2601 3801 2708 3853 urit
2739 3802 3113 3864 nihilominus,
3147 3803 3289 3855 illam

372 3898 562 3964 Ψυχῆς
586 3913 600 3926 ·
625 3899 688 3948 ὲκ
715 3898 769 3948 δὲ
797 3898 958 3966 βορῆς
1000 3899 1186 3966 ἄγριος
1218 3901 1384 3953 ἵστατ’
1415 3903 1571 3968 ἔρως.

2030 3887 2330 3941 Prodiderit
2359 3890 2412 3939 ni
2445 3904 2597 3941 mens
2628 3906 2641 3951 ;
2675 3905 2767 3941 esu
2794 3905 2947 3942 amor
2974 3893 3237 3945 exoritur.

306 3985 495 4052 Ἀνδρὶ
524 3984 580 4035 δὲ
610 3985 916 4053 νηστεύοντι
939 3986 1062 4052 ὄφις
1092 3986 1328 4053 φθονέων
1359 3987 1657 4055 πολεμίζει,

1959 3976 2233 4043 .Iejunanti
2266 3978 2469 4029 homini
2496 3992 2717 4043 serpens
2741 3990 2917 4029 m0vet
2938 3994 3127 4044 aspera
3154 3980 3313 4038 bella.

374 4074 619 4143 Καδμείη
654 4091 710 4125 τε
737 4074 816 4125 ἑοῖ
846 4074 967 4142 νίκη
993 4075 1323 4142 ἐπιτροχάει.

2030 4067 2266 4121 Cadmeo
2308 4075 2516 4119 tantum
2547 4076 2605 4118 ut
2632 4066 2844 4118 vincere
2880 4080 3026 4119 more
3054 4078 3237 4134 queat.

336 4178 472 4234 κη’.
502 4181 630 4233 Ὀτι
659 4184 713 4235 ol
738 4182 876 4236 νῦν-⁸
901 4182 1031 4251 περὶ
1064 4182 1178 4251 τὴν
1209 4183 1428 4252 ἀρετὴν
1452 4186 1820 4253 ἀμϐλύτεροι.

1962 4173 2194 4227 XXVIII.
2238 4173 2339 4227 Eos
2367 4177 2455 4243 qui
2488 4191 2621 4227 nunc
2640 4176 2849 4295 ἇιξυιιιιι,
2882 4177 2948 4231 ad
2988 4179 3229 4231 rirtutem
3268 4196 3376 4235 esse
3408 4192 3508 4235 tar-

2679 4261 2833 4295 iores.

2679 4261 2833 4298 ιονες.

301 4352 443 4411 Εἷπε
468 4359 684 4428 γέροντι
716 4359 829 4422 νέος
848 4375 860 4388 ·
908 4359 1031 4414 Πῶς
1058 4357 1269 4428 ἤλθετε,
1298 4359 1391 4410 καὶ
1413 4357 1533 4427 δίχα
1563 4358 1785 4426 μόχθου,

1751 4375 1785 4419 ›,
1964 4352 2185 4407 Dicebat
2211 4354 2390 4409 vetqu
2411 4353 2627 4422 juvenis
2663 4371 2675 4407 :
2705 4352 2932 4418 Quinam
2966 4356 3169 4423 absque
3196 4357 3378 4411 labore

379 4447 488 4516 Τὴν
510 4448 725 4517 ἀρετὴν,
751 4450 911 4518 ἡμεῖς
936 4448 1059 4499 οὐδὲ
1083 4449 1198 4516 μετ’
1227 4448 1527 4517 ὲμμελίης;
1891 4432 1933 4485 D

1891 4432 1933 4485 Ι)
2033 4443 2300 4499 Virtutem
2333 4462 2393 4501 es
2417 4453 2626 4509 nactus,
2663 4448 2746 4499 vix
2778 4460 2877 4515 ego
2905 4462 3023 4500 eum
3056 4449 3270 4501 stmlio?

298 4538 475 4590 Τοῦτο
491 4540 596 4606 γὰρ
611 4535 677 4605 ἦν
696 4540 852 4607 μόνον
870 4539 1028 4607 ἔργον
1048 4556 1061 4569 ·
1078 4539 1289 4591 ἅπαντα
1305 4539 1361 4590 δὲ
1378 4538 1565 4590 τ’άλλα
1590 4537 1863 4607 πάρεργα.

1966 4536 2076 4590 IIoc
2100 4553 2290 4600 unum,
2312 4537 2506 4605 inquit,
2534 4552 2667 4605 opus
2701 4536 2820 4602 fuit,
2849 4539 2986 4591 haud
3018 4540 3119 4590 alia
3152 4541 3330 4593 omnia
3353 4555 3513 4600 curm.

388 4646 405 4676 ι
450 4629 563 4678 Πᾶν
599 4628 643 4678 δ’
668 4629 802 4698 ὅπερ
829 4630 893 4681 ἂν
920 4630 1125 4699 ἐθίσῃς,
1154 4630 1257 4683 κᾶν
1288 4630 1446 4699 βαρὺ,
1478 4632 1607 4698 ῥᾷον
1631 4631 1751 4696 ἔφυ.
1784 4649 1799 4678 ι
1971 4646 1988 4676 ι

1725 4651 1751 4681 ν.
1784 4649 1799 4678 ι
1971 4646 1988 4676 ι
2027 4626 2227 4696 Nempe
2254 4643 2351 4681 usu
2387 4630 2499 4681 leve
2527 4632 2630 4680 erit
2656 4629 2800 4695 quod
2833 4628 2929 4682 fuit
2955 4638 3077 4680 ante
3110 4645 3289 4695 grave.
3336 4650 3352 4680 ι

304 4757 438 4812 ΚΘ.
473 4760 599 4812 Ὀτι
626 4761 696 4814 τὰ
727 4763 795 4815 ἐν
821 4764 1100 4833 θαλάσσῃ
1132 4765 1226 4818 καὶ
1251 4766 1318 4817 ἐν
1351 4764 1428 4828 τῷ
1461 4767 1708 4831 παρόντι
1726 4765 1861 4826 βίῳ.

1966 4762 2151 4816 XXIX.
2206 4762 2335 4825 Qua:
2377 4764 2430 4813 in
2471 4762 2607 4811 mari
2635 4764 2892 4822 eveniunt,
2940 4764 2992 4811 in
3030 4762 3127 4811 hac
3168 4778 3365 4830 quoque
3414 4765 3510 4814 rita

2580 4840 2889 4893 conlmgere.

306 4932 476 4985 Οὐδὲν
501 4934 624 4995 ἁλός
656 4937 701 5005 ῤ’
727 4939 754 4989 ὁ
787 4937 897 5006 βίος
931 4939 1232 5009 διενήνοχεν
1255 4958 1266 4969 ·
1297 4942 1518 4993 ἄστατοι
1551 4941 1736 5007 ἄμφω,

1974 4947 2092 4998 Vita
2127 4945 2261 4997 mari
2293 4943 2505 5005 similis,
2534 4950 2621 4996 res
2654 4958 2884 5011 namque
2910 4944 3109 4996 incerta
3141 4952 3193 4996 et
3226 4945 3414 4997 acerba

385 5025 596 5093 Πικροὶ,
636 5026 978 5096 θηροτρόφοι,
1016 5033 1064 5082 οἰ
1090 5033 1305 5100 λιμένες
1336 5032 1585 5101 βραχέες.

2046 5034 2301 5101 Utraque,
2329 5034 2583 5101 alensque
2606 5032 2766 5085 feras.
2799 5032 2997 5085 Littora
3021 5045 3145 5086 sunt
3169 5036 3378 5097 brevia;

306 5116 503 5169 Πολλοὶ
532 5117 655 5177 ἁλός
690 5120 737 5168 τ’
764 5120 978 5187 ἀνέμων
1017 5124 1333 5192 ἀδαήμονες,
1380 5125 1554 5192 αὐτὰρ
1586 5128 1613 5177 ὁ
1660 5124 1864 5193 δαίμων

1806 5142 1864 5176 ον
1970 5127 2105 5178 Sunt
2135 5125 2299 5177 maris
2325 5138 2387 5176 ac
2420 5132 2701 5175 ventorum
2740 5124 2909 5193 ignari
2946 5126 3163 5191 plurimi
3200 5144 3211 5177 :
3242 5137 3295 5177 at
3320 5127 3431 5192 ipse

384 5208 553 5276 Τῇσιν
575 5209 731 5268 ὀπαῖς
758 5213 930 5265 πνείει
962 5217 1181 5282 μᾶλλον,
1211 5218 1242 5285 ἢ
1275 5221 1331 5269 ὲν
1373 5218 1617 5283 πελάγει.

2040 5215 2154 5268 Flat
2185 5215 2391 5267 daemon
2419 5229 2571 5282 mage
2601 5229 2693 5281 per
2716 5222 2929 5280 pectora
2954 5230 3116 5281 quam
3148 5215 3381 5281 pelagus.

579 5321 656 5372 A'.
690 5322 817 5373 ’Ὀτι
846 5326 1049 5391 καιρὸς
1072 5329 1247 5379 παντὶ
1281 5328 1593 5397 πράγματι.
1965 5324 2127 5378 XXX.
2184 5322 2206 5376 (

1965 5324 2127 5378 XXX.
2184 5322 2640 5389 Opportunitatem
2684 5322 2905 5374 inomni
2935 5338 2987 5373 re
3028 5321 3360 5387 spectandam
3390 5337 3498 5373 esse

304 5433 579 5503 Κείμενον
610 5432 666 5483 ἐν
698 5434 985 5502 προθύροις
1012 5438 1101 5489 τὸν
1124 5439 1373 5509 Λάζαρον
1402 5442 1497 5509 οὐχ
1527 5442 1792 5509 ὀράασκεν

1972 5436 2304 5492 Vestibulum
2332 5444 2455 5488 ante
2480 5436 2673 5489 domus
2698 5445 2927 5489 slratum
2951 5435 3266 5500 despexerat
3291 5433 3428 5484 Irum
3446 5433 3512 5500 (9'

379 5592 707 5669 (7)_Allusio
763 5595 1037 5647 venustior
1084 5609 1167 5651 est
1225 5599 1275 5652 in
1329 5598 1552 5666 Grmcis,
1606 5600 1866 5669 Χριστὸς,
2263 5593 2499 5669 August._
2526 5594 2575 5644 in
2606 5591 2821 5645 Enehir.
2846 5592 3003 5658 (ἶνες.
3033 5588 3161 5641 Naz.
3190 5589 3253 5641 de
3278 5589 3521 5643 Silentia.

302 5661 541 5737 Χρυσός.
1539 5661 1546 5666 ’
1659 5661 1669 5669 ’
1820 5661 1857 5663 Ἥ

1539 5661 1546 5666 ’
1659 5661 1669 5669 ’
1820 5661 1857 5663 Ἥ
2050 5661 2124 5733 (ll)
2161 5661 2443 5715 Lazarum.
2483 5661 2607 5717 Luc.
2643 5677 2746 5713 κγι,

558 5755 823 5815 ΡΑτιιοι..
852 5756 964 5814 Gn.
994 5757 1153 5817 CVI.

3099 5750 3174 5808 28
