4120 6340
746 385 851 446 875

812 490 982 550 Dives,
1006 498 1150 538 nunc
1180 499 1303 538 vero
1344 481 1562 550 suspicit
1593 480 1797 533 eminus
1829 478 1990 531 hunc.

757 597 773 627 ι
811 576 938 628 Nam
969 590 1054 628 res
1084 575 1330 627 adversas
1353 570 1617 635 vigilantia
1648 568 1816 621 SIIC\'II
1841 581 2016 618 amare
2043 580 2056 614 :

815 663 1033 716 Noscito
1062 671 1288 728 tempus,
1329 660 1402 711 ait
1434 659 1572 709 filius
1617 654 1831 724 IIyradii
1864 653 1997 722 (I0).
2044 672 2060 700 ι

848 767 1033 820 XXXI.
1071 765 1219 829 Quod
1252 763 1535 830 majoribus
1566 775 1761 826 semper
1792 760 1905 826 quis
1935 757 2112 808 inliiet.

747 874 923 928 Ardua
954 886 1037 925 res
1062 870 1260 924 homini
1283 875 1363 922 est
1385 865 1641 920 mundum
1661 861 2037 932 comprendere
2060 869 2222 913 totum
2248 876 2261 911 :

814 961 1025 1029 Optauti
1053 969 1226 1012 tamen
1256 957 1394 1010 hunc
1424 956 1687 1021 linquere,
1720 951 1971 1020 perfacile
1992 959 2093 1002 est.

746 1051 844 1104 Sed
881 1050 1002 1116 quia
1029 1048 1095 1100 ab
1126 1047 1343 1115 antiquo
1377 1043 1546 1098 fastus
1586 1042 1722 1094 mala
1754 1039 1956 1093 semina
1986 1037 2261 1098 habemus,

815 1142 1070 1206 P‘erpctuo
1104 1136 1309 1190 fructus
1339 1133 1659 1188 demetimus
1686 1129 1823 1183 vitii.

739 1265 941 1318 XXXII.
1006 1263 1193 1318 Omnia
1243 1262 1310 1315 ad
1362 1257 1728 1314 institutionem
1792 1254 2074 1307 vicinorum
2128 1265 2261 1314 pra:-

1319 1328 1506 1382 standa
1551 1341 1676 1378 esse.
1961 1353 1987 1399 ς

741 1463 1025 1514 Gustarant
1049 1457 1293 1512 monachi
1324 1470 1416 1509 sua
1445 1467 1540 1521 per
1566 1449 1811 1506 convivia
1844 1461 2053 1502 carnes.

808 1548 939 1600 Tum
969 1548 1088 1616 quis
1119 1544 1359 1598 Pastori:
1383 1542 1511 1606 Cur,
1531 1541 1624 1602 ait,
1653 1537 1793 1591 haud
1823 1532 2088 1588 comedis?

740 1638 1030 1690 Praesentes
1058 1627 1329 1694 laesissem,
1360 1630 1531 1697 inquit
1557 1647 1570 1682 :
1604 1642 1722 1679 nam
1749 1625 1876 1677 talia
1896 1622 2100 1676 edendo

809 1725 940 1778 Cum
966 1721 1242 1798 simItalis,
1276 1719 1393 1786 quis
1426 1711 2027 1783 temperetjngluviem?

895 1827 1128 1881 XXXIII.
1163 1826 1268 1880 Cur
1291 1824 1420 1877 bella
1447 1823 1688 1875 hodierna
1716 1820 1815 1872 sint
1849 1817 2105 1886 graviora.

745 1938 838 1990 Dic
868 1935 1022 1989 nobis
1046 1949 1140 1987 cur
1173 1932 1277 1986 sint
1310 1930 1446 1982 mala
1474 1941 1614 1980 nunc
1639 1924 1866 1992 majora,
1895 1922 2066 1982 beate,

814 2023 1062 2089 Quotidie
1084 2029 1140 2076 et
1170 2019 1400 2085 patimur
1428 2030 1587 2083 quam
1614 2013 1852 2082 graviora
1888 2009 2066 2078 prius?

745 2114 857 2179 Quo
890 2113 1104 2180 propius
1139 2108 1302 2162 Satan
1343 2119 1439 2159 sua
1470 2104 1613 2157 novit
1645 2115 1804 2168 regna
1837 2099 2035 2161 venire,

810 2199 1092 2255 Terricolis
1129 2197 1262 2250 solet
1289 2194 1414 2249 hinc
1435 2193 1627 2246 saevius
1659 2191 1885 2243 irruere.

743 2303 974 2360 XXXIV.
1025 2302 1282 2369 Quemque
1324 2315 1376 2352 se
1411 2299 1580 2369 ipsum
1640 2294 1854 2346 revereri
1903 2299 1950 2344 et
2001 2289 2261 2343 observare

1400 2367 1596 2417 debere.

745 2478 843 2542 Qui
877 2489 1139 2531 excussus
1166 2471 1396 2541 propriis
1424 2469 1597 2522 aliena
1620 2464 1829 2533 negotia
1855 2462 2046 2524 cernit,

814 2567 1050 2632 Angusta
1085 2571 1168 2615 est
1191 2560 1325 2622 acie,
1361 2571 1417 2611 se
1447 2554 1628 2624 procul
1661 2563 1816 2620 atque
1851 2550 1987 2603 videt
2020 2565 2034 2600 ι

750 2657 838 2709 Sin
867 2657 978 2706 visu
1005 2654 1206 2704 intento
1233 2649 1483 2700 reddatur
1509 2644 1701 2713 pupula
1733 2642 1924 2707 major,

817 2744 884 2796 Se
912 2755 1137 2795 cernens
1170 2752 1347 2806 prope,
1385 2749 1491 2788 non
1517 2732 1775 2802 prospicit
1802 2731 2027 2784 ulterius
2060 2729 2076 2776 ί
2093 2727 2190 2779 lii.

752 2865 960 2922 XXXV.
991 2865 1140 2930 Quod
1172 2864 1217 2917 si
1246 2865 1288 2915 is
1313 2863 1398 2929 qui
1429 2861 1672 2912 mentitur
1699 2857 1850 2922 perit,
1893 2855 2053 2906 multo
2101 2851 2262 2918 magis

1345 2931 1429 2998 qui
1459 2930 1672 2995 pcjerat.

752 3067 808 3120 Si
839 3064 1029 3133 lyricus
1060 3060 1225 3113 David
1262 3070 1382 3111 vere
1403 3055 1661 3109 cecinisse
1685 3060 1919 3120 putatur,

821 3153 1098 3205 Mendaces
1126 3147 1315 3216 perdes
1346 3155 1560 3211 prorsus
1592 3140 1928 3206 inauiloquos
1957 3153 1969 3187 :

752 3243 890 3307 Ergo
911 3239 999 3292 ubi
1028 3237 1130 3291 erit
1161 3245 1268 3289 tum
1299 3233 1388 3302 qui
1416 3247 1511 3285 sua
1538 3245 1627 3298 per
1653 3227 1885 3298 periuria
1918 3231 2138 3298 cunctos

820 3327 1065 3389 Otl'endit,
1095 3325 1288 3391 quibus
1318 3330 1401 3374 est
1427 3321 1629 3386 integra
1656 3325 1832 3369 mente
1857 3311 2024 3366 ﬁdes?

825 3429 1055 3483 XXXVI.
1097 3426 1336 3494 Cujusvis
1362 3440 1462 3476 non
1498 3438 1603 3474 esse
1627 3422 1688 3472 de
1714 3421 1900 3471 virtute
1926 3417 2193 3467 disserere.

756 3536 974 3589 Pastore
995 3545 1025 3582 a
1054 3528 1247 3581 celebri
1272 3526 1394 3578 dum
1427 3523 1547 3590 quis
1584 3531 1732 3588 rogat
1765 3533 1925 3571 aurea
1955 3517 2117 3576 dicta,

827 3621 899 3673 Ex
927 3619 1030 3672 alio
1061 3615 1277 3684 glandes
1303 3612 1494 3665 robore
1520 3609 1729 3674 collige,
1763 3607 1836 3657 ait
1867 3604 1979 3674 (12)
2009 3622 2021 3656 :

759 3709 884 3762 Nam
915 3705 1196 3773 pulchrum
1232 3699 1357 3768 quid
1387 3699 1450 3751 de
1481 3697 1672 3749 virtute
1701 3695 1890 3746 docere
1920 3691 2078 3758 pudet
2114 3703 2216 3751 me,

825 3797 953 3847 Cum
982 3805 1172 3858 magna
1200 3787 1472 3849 aﬂ‘ectaus,
1502 3785 1582 3836 vix
1618 3781 1833 3835 minima
1865 3780 2104 3832 efﬁciam.

872 3895 1120 3951 XXXVII.
1151 3893 1317 3957 'Quod
1343 3892 1513 3959 inopia
1541 3890 1749 3941 minime
1776 3887 2029 3940 invidiosa
2059 3885 2145 3936 sit.

758 4011 853 4076 Qui
878 4009 1060 4069 livore,
1090 4004 1211 4057 odio
1241 4014 1291 4055 et
1316 4001 1460 4055 curis
1483 4014 1581 4053 nos
1609 3997 1853 4058 solveret,
1889 4005 2046 4062 atque

826 4095 1049 4146 Duceret
1081 4091 1145 4143 ad
1177 4102 1441 4149 securam,
1478 4087 1864 4153 innocuainque
1889 4083 2051 4145 viam,

1929 376 2236 435 JOANNIS
2275 376 2691 436 creamine
2726 339 2730 342 ’

2428 384 2470 434 Μ
2481 384 2570 436 ΕΤ
2577 384 2621 436 Β
2633 384 2691 434 ίΕ
3775 384 3880 450 ὃτῦ

2428 482 2500 553 ’Ὀ
2535 480 2769 533 πλουτῶν
2789 496 2800 508 ·
2828 480 2892 532 τὰ
2925 480 2976 532 δὲ
3010 481 3100 532 νῦν
3121 482 3339 550 τηλόθεν
3369 485 3602 553 εἰσοράᾳ.

2371 589 2386 619 ι
2422 571 2495 638 Τῇ
2528 571 2632 638 γὰρ
2661 571 2926 646 ἀναγκαίῃ
2955 573 3013 622 τὸ
3042 573 3303 640 γρήγορον
3331 573 3417 624 ἀεὶ
3451 574 3666 641 ὀπηδεῖ.

2432 657 2596 708 Γνῶθι
2625 657 2827 726 καιρὸν,
2857 657 2958 725 ἔφη
2989 659 3248 720 Πιττακὸς
3284 659 3548 727 ’Υραδίο-λ.
3582 678 3603 711 ι
3736 716 3741 722 ,

2446 761 2566 815 AA’.
2600 762 2722 824 Ὅτι
2752 761 2872 826 τοῖς
2896 760 3170 840 μεγάλοις
3200 763 3292 814 ἀει
3314 779 3402 827 τις
3432 763 3791 816 ἐπισπεύδει.

2364 867 2540 918 Πάντα
2564 867 2742 918 λαϐεῖν
2767 867 2857 919 τὸν
2883 866 3079 935 κόσμον
3113 867 3384 935 ἀμήχανόν
3402 868 3510 920 ἐστ’
3535 869 3819 938 ἀνθρώπῳ,

2431 955 2608 1006 Πάντα
2639 956 2694 1004 δὲ
2720 955 2863 1006 τόνδε
2892 954 3083 1016 λιπεῖν,
3109 956 3283 1023 ῥᾴδιον
3313 957 3433 1009 ὃσκε
3471 957 3630 1010 θέλει.

2379 1043 2510 1094 Ἀλλ’
2543 1043 2907 1111 ὑπερηφανίης
2928 1043 2988 1095 τὸ
3010 1043 3259 1111 ἀπαρχῆς
3291 1045 3506 1112 σπέρμα
3534 1047 3807 1109 λαϐόντες,

2444 1131 2690 1198 Ἀμῶμεν
2714 1135 2830 1184 κατ’
2858 1132 2975 1194 ἔθος
3007 1134 3210 1202 καρπὸν
3233 1135 3567 1203 άμαρτίνοον.

2361 1258 2479 1312 AB’.
2517 1259 2640 1309 Ὅτι
2689 1258 2781 1310 δεῖ
2823 1261 3014 1311 πάντα
3057 1260 3495 1338 εΙςχοιλιοδομὴν
3540 1261 3643 1314 τοῦ
3692 1263 3882 1322 πέλας

2734 1363 2736 1365 -
3011 1341 3214 1379 ποιειν.
3701 1341 3705 1344 ’

2363 1452 2513 1502 Δαιτί
2542 1449 2679 1515 φίλοι
2709 1449 2922 1517 μοναχοὶ
2948 1451 3108 1519 κρέας
3130 1450 3308 1518 ἢσθιον
3329 1465 3342 1479 ⁸
3366 1450 3461 1518 ὀψὲ
3482 1451 3523 1502 δ’
3546 1450 3645 1519 ἔφη
3664 1468 3768 1513 τις·

2431 1537 2548 1597 Πῶς
2582 1538 2636 1588 δὲ
2669 1539 2750 1601 σὺ,
2797 1531 2841 1588 ὢ
2864 1538 3078 1606 ποιμὴν,
3109 1539 3168 1589 οὐ
3192 1540 3395 1605 φάγεςς
3426 1540 3575 1591 ’Όττι
3601 1542 3740 1606 πάνυ

2363 1629 2495 1689 Τοὺς
2525 1627 2812 1695 παρεόντας
2842 1628 3001 1680 ἄασα.
3028 1630 3258 1696 Ἔφαντο
3283 1632 3409 1698 γὰρ,
3435 1630 3508 1692 ὡς
3553 1631 3672 1682 Ἐὰν
3692 1625 3842 1693 οὗτος

2430 1717 2579 1776 Τοῖος
2605 1717 2763 1767 τοιάδ’
2793 1715 2917 1780 ἔδοι,
2955 1716 3035 1778 τίς
3059 1716 3132 1786 μὴ
3163 1717 3494 1786 άδηφαγέοις

2292 1806 2334 1860 Β
2433 1821 2550 1876 AI".
2584 1824 2702 1875 Ὅτι
2729 1826 2782 1876 οἱ
2807 1825 3051 1890 πόλεμοι
3082 1825 3204 1889 τοῖς
3240 1826 3354 1878 νῦν
3391 1828 3809 1894 ἰσχυροτέροις.

2365 1931 2516 1989 Εἰπὲ,
2547 1930 2748 1999 μάκαρ,
2775 1931 2860 1982 διὰ
2888 1932 2941 1982 τί
2975 1932 3350 2000 κρατερώτερα
3374 1932 3467 1985 νῦν
3491 1933 3558 1984 τὰ
3585 1935 3703 1985 κάκ’
3726 1935 3878 1999 tati;

2427 2020 2533 2072 Καὶ
2564 2020 2710 2086 παρὰ
2741 2021 2863 2082 τοὺς
2887 2021 3176 2089 προτέρους
3207 2023 3428 2088 πάσχειν
3455 2023 3804 2092 οἰκτρότερας

2361 2109 2467 2158 Καὶ
2500 2109 2605 2176 γὰρ
2631 2108 2706 2160 ὅτ’
2734 2108 2937 2175 ἐγγίζει
2968 2109 3059 2162 τοῦ
3085 2110 3253 2161 Σατᾶν
3279 2113 3310 2178 ἡ
3340 2111 3598 2178 βασιλεία,

2427 2197 2633 2264 Λάόρον
2666 2198 2930 2262 ὲπαιγίζει
2967 2199 3161 2264 μᾶλλον
3189 2200 3522 2268 ὲφημερίοις.

2495 2301 2611 2354 ΛΔ’.
2645 2304 2768 2354 Ὅτι
2795 2302 3023 2367 ἑαυτοῖς
3035 2301 3273 2370 μᾶλλον
3294 2303 3738 2370 ἐπαισχυντέον.

2361 2473 2471 2532 Πᾶς
2494 2473 2519 2522 ὁ
2547 2470 2700 2535 ἀφεὶς
2723 2471 2788 2523 τὰ
2821 2470 3029 2533 ἑαυτοῦ,
3051 2472 3384 2523 ὲπισκοπέων
3412 2471 3466 2523 δὲ
3497 2472 3559 2523 τὰ
3583 2471 3771 2536 ἄλλων,

2429 2559 2767 2627 Στεινὸκαρός
2791 2561 2870 2619 τίς
2903 2561 3038 2624 ἐστι,
3065 2561 3157 2610 καὶ
3177 2560 3261 2611 διὰ
3280 2560 3432 2611 τοῦτο
3457 2559 3637 2627 βλέπει

2363 2647 2607 2714 Τηλόθενσ
2636 2649 2683 2697 εἰ
2710 2649 2752 2698 δ’
2775 2649 2852 2710 εἰς
2884 2649 3170 2716 εὐρύχορον
3201 2650 3258 2700 τὸ
3288 2649 3450 2709 πάθος
3471 2655 3532 2713 γε
3554 2648 3807 2716 μετέστη,

2446 2734 2692 2798 Ἐγγύθεν
2716 2736 2871 2787 αὐτὸν
2903 2737 3040 2799 ἰδὼν,
3067 2737 3290 2803 ἀλλαχοῦ
3306 2739 3401 2804 οὐχ
3421 2717 3568 2804 ἐορᾷ.

2365 2861 2483 2915 ΔΕ’.
2515 2861 2632 2913 ’Ὁτι
2667 2863 2717 2912 εἰ
2755 2863 2786 2912 ό
2824 2861 3196 2980 ψευδόξὲτὲΞὶ
3222 2863 3497 2963 ’ὄλλυταῃ
3525 2863 3558 2912 δ
3609 2860 3883 2925 ἐπίορκος

2366 3055 2424 3105 Εἰ
2455 3056 2481 3106 ὁ
2507 3053 2734 3122 λυρῳδδς
2763 3053 2918 3104 Δαὸὶδ
2942 3051 3072 3120 ὁμοῦ
3109 3054 3197 3104 καὶ
3227 3052 3380 3105 τοῦτο
3408 3053 3591 3115 ἀείδει,

2446 3145 2529 3206 Ὠς
2544 3144 2782 3205 Ἀπολεῖς
2805 3145 3005 3204 πάντας
3031 3145 3152 3204 τοὺς
3173 3143 3456 3201 λαλέοντας
3477 3143 3662 3210 ψεῦδος
3682 3158 3694 3170 ·

2367 3232 2472 3292 Ποηῦ
2489 3232 2561 3283 ἂν
2594 3233 2674 3299 εἴη
2706 3234 2848 3294 ὅστις
2880 3234 2967 3284 καὶ
2995 3233 3239 3300 ἐπίορκον
3267 3233 3516 3300 ὀμόσσας,

2433 3322 2638 3381 Πάντας
2667 3322 2783 3372 ἀᾶθ’
2805 3322 2948 3372 ὅσσοι
2976 3323 3157 3373 πιστὸν
3183 3322 3360 3388 ἔχουσι
3382 3324 3527 3385 νόον;

2369 3429 2503 3491 Λςι.
2536 3429 2658 3477 ’Ὅτι
2687 3428 2756 3478 οὐ
2782 3427 2896 3478 τῶν
2915 3428 3212 3493 τυχόντων
3233 3431 3263 3480 ό
3291 3431 3419 3495 περὶ
3448 3430 3655 3497 ἀρετῆς
3678 3432 3886 3498 λόγος.

2367 3530 2578 3595 Ποιμέν’
2610 3531 2834 3597 ἀνήρετο
2860 3547 2940 3590 τις
2967 3531 3055 3580 τὸν
3085 3531 3337 3598 ἀοίδιμον·
3367 3534 3497 3585 Εἰπέ
3526 3551 3577 3584 τι
3607 3536 3775 3603 ῥῆμα.

2431 3620 2612 3686 Αὐτὰρ
2638 3620 2735 3685 ὅγ’·
2763 3619 2892 3683 Οὒκ,
2929 3621 3089 3686 ἄλλην
3120 3621 3245 3690 δρῦν
3276 3622 3538 3689 βαλάνιξεν
3569 3624 3710 3692 ἔφη’

2367 3712 2614 3778 Λξδέομαι
2643 3710 2745 3777 γὰρ
2783 3709 2889 3776 ἐγὼ
2914 3713 3040 3777 περὶ
3069 3710 3162 3775 τῆς
3197 3711 3392 3778 ἀρετῆς
3428 3728 3479 3762 τι
3502 3712 3783 3764 διδάσκειν.

2447 3800 2532 3850 Ἐν
2565 3798 2780 3866 μεγάλῳ
2807 3799 2912 3866 γάρ
2944 3798 3101 3867 ἐρῶν,
3134 3799 3251 3851 οὐδὲ
3281 3800 3380 3867 γρὺ
3425 3799 3670 3852 ἐκτελέω.

2595 3904 2714 3957 AZ’.
2743 3905 2860 3956 ’Ότι
2893 3905 2957 3956 τὸ
2988 3905 3206 3970 ἄπορον
3231 3905 3642 3974 ἀνεπίφθονον.

2368 4013 2427 4062 Εἰ
2457 4012 2723 4079 μερίμνας
2749 4029 2829 4072 τις
2867 4011 3005 4072 ἔλυε,
3029 4013 3120 4063 καὶ
3146 4011 3324 4077 ἔχθεα,
3357 4011 3450 4062 καὶ
3483 4010 3687 4076 φθόνον,
3715 4005 3837 4062 εἶτα

2436 4099 2524 4156 Εἰς
2551 4098 2840 4164 ἀμέριμνον
2867 4097 2980 4148 ὁδὸν
3003 4094 3102 4162 ἦγε
3122 4102 3211 4147 καὶ
3244 4097 3526 4164 ἀπόλεμον,

758 4183 1019 4250 Numquid
1048 4195 1169 4233 eum
1204 4175 1588 4242 sequeremur?
1621 4182 1673 4224 at
1700 4171 1985 4223 haec‘bona
2016 4168 2272 4234 pluraque
2368 4188 2385 4235 (

2269 4187 2272 4213 ί
2368 4186 2476 4236 Οὐκ
2489 4185 2552 4235 ἂν
2569 4186 2652 4234 ἐπ’
2672 4187 2824 4236 αὐτὸν
2846 4187 2963 4251 ῐμεν
2984 4186 3124 4244 τάδε,
3148 4187 3237 4235 καὶ
3255 4186 3410 4235 πλέον
3435 4185 3595 4235 ἐσθλὰ
3618 4187 3896 4252 προτείνει

825 4271 984 4324 Affcrt
1011 4268 1291 4337 pauperies
1319 4283 1331 4318 :
1359 4273 1411 4317 et
1434 4271 1610 4314 tamen
1632 4261 1772 4311 hanc
1807 4256 2074 4324 fugimus?
2097 4253 2272 4321 [nobis

2448 4273 2508 4321 'H
2531 4273 2869 4338 ἁκτημοσύνη
2905 4273 2993 4321 καὶ
3028 4272 3333 4337 φεῦόμεσθα
3361 4273 3516 4338 κότῳ.

761 4371 1033 4427 XXXVIII.
1085 4370 1234 4432 Quod
1263 4369 1304 4445 is
1339 4367 1421 4454 σιξ
1452 4363 1887 4454 belium'infertur
1918 4359 2266 4424 undequaque,
2293 4379 2388 4454 D1

2293 4397 2345 4454 D
2371 4375 2493 4428 ΜΓ.
2529 4378 2643 4426 ’Ὁτι
2671 4376 2735 4427 τὸ
2767 4377 3129 4442 πανταχόθεν
3151 4377 3584 4442 πολεμούμενον
3606 4352 3895 4443 ἄτρωτον.

1231 4435 1315 4485 via:
1347 4433 1548 4500 effugiat
1575 4431 1804 4482 vulnera.

761 4553 803 4600 Α
828 4546 965 4600 bello
988 4542 1130 4611 quod
1165 4541 1379 4606 linguae,
1416 4537 1585 4590 oculis
1617 4545 1776 4603 atque
1802 4533 2022 4587 auribus
2047 4531 2169 4584 imis

827 4638 1075 4699 Infertur,
1101 4633 1278 4685 nullus
1309 4630 1608 4682 monticolis
1646 4637 1817 4680 metus
1848 4639 1946 4679 eSt.

757 4726 943 4780 Cordis
964 4734 1013 4776 at
1046 4722 1299 4774 infestant
1329 4718 1424 4770 hos
1447 4716 1623 4784 prazlia
1653 4715 1784 4777 sola,
1817 4711 2039 4781 proinde

825 4813 938 4864 Non
974 4811 1080 4864 fera
1108 4826 1120 4861 :
1154 4823 1274 4860 nam
1307 4807 1356 4857 in
1387 4805 1567 4858 multis
1594 4805 1731 4856 Mars
1765 4801 2077 4854 metuendus
2101 4797 2267 4850 adest.

761 4915 989 4969 XXXIX.
1043 4914 1189 4974 Quod
1242 4927 1492 4964 sermones
1541 4926 1652 4960 cum
1687 4909 1876 4974 ﬁducia
1927 4906 2115 4972 prolati
2169 4920 2266 4954 non

1402 4992 1581 5040 pcrean
1590 4986 1604 5025 ῑ
1614 5015 1626 5027 .

759 5084 1095 5142 Monticolam
1126 5096 1295 5135 salvus
1326 5083 1449 5133 dum
1477 5065 1719 5148 princeps
1747 5081 1963 5141 detinet,
2008 5089 2166 5143 atque

826 5173 1144 5241 Pcrtralrerc
1171 5171 1486 5236 intrepidum
1521 5173 1571 5222 in
1601 5185 1694 5222 sua
1717 5170 1873 5222 verba
1907 5170 2106 5231 nequit,

757 5262 1021 5333 Nunquid,
1047 5261 1140 5321 ait,
1161 5243 1351 5311 metuis
1370 5261 1628 5311 mortem?
1651 5260 1811 5318 Alter,
1833 5257 2015 5308 Nonne
2037 5258 2193 5320 pudet
2214 5267 2264 5309 te

828 5434 933 5502 (ιο)
974 5435 1226 5487 Pittacus.
1386 5501 1392 5502 ί
1704 5497 1740 5502 __
1849 5463 1852 5466 .

1098 5517 1189 5570 ag.
1221 5501 1464 5570 Carmina
1488 5514 1674 5556 aurea;
1704 5497 1825 5547 Hor.
1866 5511 1899 5547 tl
1929 5496 2065 5560 Sera,
2095 5497 2147 5550 S.
2181 5497 2230 5548 5.

1097 5566 1222 5625 tium
1247 5585 1309 5623 ex
1332 5568 1506 5636 Epigr.
1537 5568 1701 5617 (ii-tce.
1735 5568 1768 5615 Ι.
1799 5581 1854 5629 ii,
1887 5579 1931 5617 ο.
1964 5566 1993 5617 9
2025 5583 2035 5617 :
2073 5566 2263 5616 Excute

2371 4543 2538 4592 Ὥτων
2567 4542 2655 4592 καὶ
2688 4540 2947 4607 γλώττης,
2981 4543 3068 4591 καὶ
3095 4542 3334 4608 ὄμματος
3363 4543 3424 4592 ὲκ
3448 4542 3692 4610 πολέμοιο

2446 4630 2654 4682 Ῥύεται
2685 4631 2711 4680 ὁ
2740 4631 2946 4698 σκηνῶν
2972 4630 3182 4698 οὔρεσιν
3203 4631 3487 4697 ἠλιϐάτοις.

2379 4719 2550 4787 Ὀχλεῖ
2577 4719 2618 4769 δ’
2648 4721 2674 4770 ὁ
2695 4720 2913 4788 κραδίης
2949 4721 3172 4786 πόλεμος
3207 4721 3382 4785 μόνος,
3410 4719 3517 4770 ἀλλ’
3545 4721 3622 4771 ὅτι
3671 4718 3916 4785 μοῦνος,

2437 4811 2508 4858 Οὐ
2543 4809 2765 4875 χαλεπός
2786 4825 2798 4837 ·
2824 4809 3046 4875 χαλεπὸς
3077 4809 3118 4858 δ’
3148 4811 3202 4858 ἐν
3237 4809 3535 4859 πλεόνεσσιν
3572 4813 3756 4876 Ἀρης.

2436 4919 2553 4971 Ab)’.
2588 4919 2709 4967 Ὅτι
2738 4919 2789 4967 cl
2812 4917 2955 4981 μετὰ
2982 4915 3307 4980 παρῤησίας
3329 4917 3489 4981 ,λόγοι
3519 4914 3816 4966 ἀθάνατοι.

2371 5085 2563 5149 ’Ἄνδρα
2579 5085 2802 5150 κατέσχε
2821 5085 3074 5150 τύραννος
3088 5083 3361 5150 ὀριτρὸφον
3385 5103 3396 5112 ·
3421 5085 3491 5144 ὡς
3511 5085 3552 5134 δ’
3570 5086 3655 5135 ἐπὶ
3676 5085 3733 5134 τὸ
3750 5085 3904 5150 σιρὸν

3709 5173 3856 5240 [θοις

2367 5262 2452 5327 Μή
2471 5262 2514 5310 σ’
2533 5261 2727 5317 illius;
2754 5292 2817 5299 —
2842 5264 2909 5312 Σὺ
2937 5262 2997 5323 δ’,
3021 5263 3140 5329 ἔφη,
3170 5261 3264 5311 οὐκ
3286 5261 3522 5331 αἰσχύνῃ,
3550 5263 3657 5313 ὅττι
3689 5279 3750 5330 με
3783 5264 3904 5329 μύ-

2437 5173 2613 5236 Δόγμα
2648 5171 2742 5236 μὲν
2771 5174 2863 5236 οὐχ
2891 5172 3007 5237 ᾔρει
3029 5209 3042 5228 ,
3085 5169 3208 5220 υῧτι
3238 5171 3488 5235 δέδοικας,
3518 5172 3638 5239 ἔφη,

2372 5447 2605 5497 quercum
2634 5434 2705 5483 ali
2713 5450 2812 5485 am.

2389 5557 2396 5575 ἶ
2436 5500 2819 5576 ίι5,).(3τιεεὶοι1.
2858 5502 2891 5552 1.
2943 5516 3049 5576 viii
3077 5501 3216 5559 Vara,
3250 5501 3313 5551 10
3339 5520 3350 5553 :
3381 5500 3495 5576 Non
3522 5516 3716 5569 semper
3742 5509 3905 5557 tutus

2371 5570 2464 5629 fuit
2485 5570 2568 5631 qui
2602 5583 2708 5619 cum
2740 5584 3002 5620 numeroso
3031 5572 3170 5620 stle
3198 5574 3448 5624 contendit
