4120 6340
757 417 864 481 879

832 526 977 580 Simo
1006 522 1079 577 ait
1104 540 1116 575 :
1153 521 1275 575 llaec
1305 521 1484 575 hostes
1506 514 1805 572 sollicitudo
1835 523 2001 583 petat.

972 632 1031 685 L.
1072 630 1220 694 Quod
1249 640 1676 695 supervacaneum
1693 623 1759 674 sit
1790 621 2067 674 comedere.

769 740 893 794 Pior
918 749 1054 804 opus
1079 734 1324 789 manibus
1356 730 1556 784 iaciens
1591 735 1881 797 potumque
1906 723 2188 790 cibumque

831 825 1085 882 Sumebat
1118 822 1247 891 (2|).
1275 821 1475 875 ducens
1496 818 1598 873 ista
1626 826 1971 883 supervacua,

766 918 1109 982 Addebatque
1137 913 1274 965 idem
1309 927 1323 963 :
1349 908 1610 963 Nimirum
1635 914 1811 959 mente
1838 900 2059 957 verebar

827 1005 902 1060 Ne
935 1003 1155 1057 nimium
1187 1002 1363 1054 laetum
1392 1013 1477 1052 me
1505 997 1660 1051 cibus
1684 994 1935 1048 ediceret.

759 1114 841 1169 LI.
892 1110 1040 1174 Quod
1064 1105 1524 1162 laboriosissimum
1558 1102 1627 1155 sit
1654 1097 1952 1167 obsequium
1992 1091 2273 1145 hominum.

756 1220 833 1274 Ad
857 1232 1060 1274 comam
1086 1228 1207 1270 cum
1233 1211 1372 1266 forte
1398 1207 1594 1262 Carino
1622 1211 1844 1260 vocatus
1866 1201 2095 1262 adesset,

825 1308 1161 1371 Vidissetque
1184 1300 1385 1368 Lopam
1410 1309 1635 1364 corpore
1666 1292 2034 1358 conspicuam,

757 1396 851 1451 IIei
880 1394 1045 1449 mihi!
1078 1391 1211 1445 ﬂens
1234 1387 1389 1450 dixit,
1424 1398 1531 1438 non
1555 1393 1661 1436 tam
1694 1379 1960 1435 contendo
1989 1376 2200 1445 placere

822 1484 995 1539 Corde
1015 1481 1142 1543 Deo,
1166 1475 1420 1532 meretrix
1440 1486 1599 1541 quam
1617 1470 1796 1526 studet
1823 1468 1923 1521 ista
1946 1465 2123 1534 procis
2144 1461 2273 1532 (es).

971 1584 1079 1639 LII.
1120 1581 1269 1648 Quod
1297 1578 1582 1648 νεύειν-ξιιμ
1612 1564 1831 1641 pessiius
1855 1572 1922 1625 sit
1958 1584 2059 1622 res.

757 1693 1009 1747 Naturam
1044 1688 1446 1755 prostraverunt
1483 1674 1759 1731 mendacia
1795 1674 1929 1737 sola,

825 1861 959 1914 lIinc
994 1855 1201 1925 requies
1228 1852 1383 1921 plane
1409 1847 1553 1902 nulla
1576 1845 1676 1900 fuit
1702 1844 1867 1897 vitiis.

763 1952 865 2005 Sed
905 1947 1075 2015 magis
1104 1944 1264 2010 inque
1290 1940 1405 1993 dies
1439 1949 1589 2004 mage
1612 1949 1711 1988 nos
1740 1933 1923 2002 iurare
1946 1929 2173 1998 maligne

822 2034 1097 2097 Consueti,
1127 2039 1330 2085 mentes
1358 2026 1521 2081 exitio
1546 2023 1791 2079 dabimus
1822 2021 1953 2091 (23).

924 2139 1053 2193 LIII.
1090 2136 1273 2189 Aliena
1303 2146 1402 2184 non
1425 2146 1532 2184 esse
1560 2130 1757 2182 curiose
1779 2124 2102 2195 inquirenda.

753 2247 995 2304 Pcrcurri
1034 2243 1273 2312 Phrygia:
1302 2252 1520 2306 campos
1544 2238 1789 2305 Asiaque
1813 2232 2063 2304 patentis,

826 2338 961 2391 Altis
992 2334 1114 2404 quis
1140 2332 1272 2385 dixit
1304 2328 1574 2382 montibus
1596 2324 1872 2392 Eutropio,

750 2430 977 2483 Cernere
1000 2436 1096 2475 nec
1126 2418 1271 2489 potui
1297 2418 1467 2487 prisca
1498 2416 1691 2469 virtute
1712 2414 1994 2469 decorum:

823 2511 968 2563 Talis
992 2508 1133 2561 enim
1166 2518 1409 2572 quarens
1437 2502 1594 2555 dcsiit
1616 2515 1733 2554 esse
1760 2500 1929 2568 prius.

752 2614 883 2670 LIV.
918 2612 1045 2676 Quae
1073 2617 1262 2681 natura
1302 2593 1557 2681 constant,
1612 2605 1844 2681 firmiora
1890 2618 1995 2655 esse
2046 2603 2140 2681 iis‘
2160 2616 2274 2669 qua:

1155 2677 1277 2745 [icta
1309 2686 1424 2727 sunt
1457 2674 1532 2726 vel
1561 2672 1863 2740 artiﬁciosa.

754 2792 900 2846 lens
932 2786 1144 2855 sapiens
1176 2782 1466 2851 sapientem
1494 2779 1745 2844 ostendit,
1775 2778 1967 2846 diaque
2001 2775 2141 2830 facta

823 2878 1083 2944 Insignem
1111 2872 1311 2940 sophia:
1341 2870 1542 2924 lumine
1573 2877 1628 2922 et
1663 2867 1885 2935 ingenii.

752 2966 851 3032 Qui
865 2982 930 3020 ex
944 2964 1146 3031 scripto
1163 2960 1421 3029 loquitur,
1440 2958 1565 3012 dum
1585 2955 1789 3025 profert
1802 2956 2022 3025 scripta,
2039 2953 2276 3009 disertus

828 3059 1060 3123 Apparet
1084 3051 1428 3120 prudensque
1460 3065 1473 3101 :
1506 3047 1591 3101 bis
1614 3046 1751 3109 sine,
1781 3045 1927 3100 solus
1951 3044 2082 3099 biat.

1926 405 2239 467 JOANNIS
2269 404 2699 465 GEOMETRE

2300 514 2351 572 Α
2444 512 2534 574 El;
2566 510 2770 582 ἐχθρῶν
2801 508 3037 577 κεφαλὰς
3066 506 3218 562 τοῦτο
3243 508 3304 560 τὸ
3332 505 3486 575 κῆδος
3515 507 3604 559 τοι.

2672 619 2752 670 N'.
2785 618 2910 670 Ὀτι
2942 616 3007 669 τὸ
3046 615 3267 669 ἐσθίειν
3295 612 3603 681 πάρεργον.

2382 723 2552 791 Ἔργα
2580 722 2820 791 χέρεσσιν
2848 721 3007 791 ἔχων,
3036 722 3143 774 τότ’
3168 719 3256 789 ἀρ’
3284 718 3432 788 ἤσθιε
3472 716 3592 770 πῐνι
3640 732 3700 768 τε
3730 716 3903 785 “Imp.

2445 811 2797 886 Πευθομένοις
2814 810 2858 864 δ’
2885 810 3082 874 ελάλει,
3110 809 3184 872 ὡς
3213 807 3287 861 To
3306 809 3577 877 ⁴πάρεργον
3601 805 3728 875 ῑχω.

2377 901 2483 954 Καὶ
2505 900 2675 961 ἄλλως
2696 916 2711 931 ⁵
2740 895 2845 952 Ἦν
2871 900 2934 968 δὴ
2967 894 3381 965 καταὼιόμενός
3409 910 3497 964 μοι
3525 894 3553 945 δ
3586 893 3777 961 θυμὸς,

2446 989 2537 1057 Μὴ
2562 988 2703 1057 μάλα
2727 987 3018 1056 πολλοστῆς
3037 985 3278 1039 αίσθεται
3303 984 3552 1053 ηδυμίης.

2429 1097 2551 1150 NA'.
2582 1097 2702 1149 Ὅτι
2729 1096 2794 1149 τὸ
2821 1093 3315 1162 ἀνθρωπάρεσκον
3342 1091 3840 1161 φιλοπονώτατον.

2375 1202 2526 1255 Δαιτὶ
2548 1201 2694 1270 παρά
2721 1200 2864 1269 ξενίη
2895 1199 3109 1268 κληθεὶς
3140 1197 3421 1252 κατέϐαινε
3444 1198 3715 1266 Καρίνων,

2445 1288 2686 1341 Μαινάδα
2712 1286 2768 1340 Gl
2798 1286 3052 1354 στιλπνήν
3078 1286 3334 1355 δάκρυσιν
3356 1284 3605 1353 εἰσορόων
3622 1298 3639 1314 ⁸

2381 1378 2569 1447 Ὠμοι1
2609 1377 2767 1447 δρῶν,
2787 1377 2847 1430 οὐ
2877 1376 3061 1429 τόσσον
3089 1374 3377 1443 ἐπείγομαι
3400 1373 3558 1434 αὐτὸς
3586 1371 3843 1441 ἀρέσκειν

2461 1457 2815 1534 Ὗψιμέδοντι,
2847 1465 2966 1516 ὅσον
2987 1464 3069 1533 ἥδ’
3098 1462 3556 1531 ἀκολαστοτέρως.

2625 1571 2749 1625 NB’.
2782 1572 2908 1624 Ὀτι
2940 1571 3005 1624 τὸ
3030 1571 3321 1637 ἐπιορκεῖν
3353 1572 3639 1637 χαλεπόν.

2378 1679 2582 1743 Ὺείδος
2628 1675 2827 1732 ἀπλοῦν
2875 1676 3193 1729 κατέδαλλεν
3245 1663 3372 1748 ὅλην
3412 1678 3600 1746 φύσινξ,
3649 1674 3776 1728 ὥστ’
3820 1675 3904 1727 ἔτι

3596 1764 3715 1836 [καὶ
3754 1764 3873 1829 νῦν,

2447 1860 2573 1914 Οὓτι
2605 1860 2892 1929 ἀνάϐλησις
2924 1862 3020 1929 τῆς
3049 1860 3241 1929 κακίης
3263 1858 3503 1912 πέλεται.

2377 1953 2608 2005 Σύνθετα
2638 1952 2684 2004 δ’
2712 1954 2869 2021 ἡμεῖς
2895 1952 2985 2003 καὶ
3011 1948 3384 2018 παρασύνθετα
3404 1949 3588 2016 ἥματα
3610 1947 3785 1997 πάντα

2460 2041 2799 2111 ὀμνύμενοι,
2833 2040 3063 2103 καύτοὺς
3089 2040 3213 2100 τοὺς
3240 2038 3364 2098 νόας
3393 2035 3753 2102 ὲκσπάσομεν.

2442 2145 2563 2198 NP.
2594 2145 2721 2197 Ὀτι
2742 2141 2838 2196 δεῖ
2853 2142 2937 2211 μὴ
2969 2142 3482 2217 πολυπραγμονεῖν
3507 2140 3575 2193 τὰ
3600 2137 3836 2203 ἐτέρων.

2374 2253 2482 2306 Καὶ
2507 2250 2743 2319 Φρυγίην
2766 2249 2969 2319 διέδην,
3002 2250 3090 2301 καὶ
3110 2247 3205 2316 τῆς
3238 2246 3417 2315 Ἀσίης
3448 2244 3515 2297 τά
3549 2242 3807 2312 ὕπαιθρα,

2440 2336 2718 2406 Εὐτρεπίῳ
2752 2336 2885 2405 πρὸς
2920 2336 3042 2404 δρος
3072 2330 3188 2387 εἷπε
3214 2334 3363 2401 φίλος
3390 2332 3623 2392 πελάσας
3644 2346 3659 2360 ’

2375 2424 2449 2478 Οὐ
2472 2421 2699 2493 δύναμαι
2729 2422 2774 2475 δ’
2800 2422 2957 2477 ἰδέειν
2979 2421 3236 2493 πρότερον
3268 2419 3423 2487 λόγου
3452 2418 3597 2483 ἀξιον
3625 2418 3791 2487 ἄνδρα
3820 2434 3834 2449 ⁶

2444 2513 2639 2584 Πρῶπα
2660 2513 2766 2582 γὰρ
2793 2513 2822 2566 ὀ
2853 2513 3028 2582 ζητῶν
3048 2511 3237 2565 ἔκϐαλε
3267 2514 3404 2574 τοῖος
3429 2510 3579 2578 ἔμεν.

2479 2621 2600 2674 NA’.
2632 2621 2757 2674 Ὅτι
2784 2621 2855 2674 τὰ
2882 2620 3059 2689 φύσει
3096 2620 3211 2673 τῶν
3242 2618 3401 2671 θέσει
3434 2618 3799 2684 βεϐαιότερα.

2377 2788 2517 2850 Νοῦς
2546 2787 2702 2855 σοφὸς
2724 2788 2889 2858 ἀνδρα
2909 2789 3068 2855 σοφὸν
3096 2787 3531 2858 παραδεικνυται,
3551 2786 3685 2856 ἔργα
3703 2787 3756 2838 δὲ
3787 2766 3911 2837 θεῖα

2444 2878 2718 2945 Πάνσοφον
2736 2876 3025 2943 ἀγλαόνουν
3049 2892 3063 2907 ·
3093 2876 3151 2937 δς
3174 2877 3229 2928 δέ
3260 2892 3321 2927 κε
3352 2877 3569 2942 γραπτὰ
3601 2876 3751 2944 λέγῃ.

2382 2965 2539 3034 ’Ἄχρι
2572 2963 2669 3031 μὲν
2696 2961 2831 3013 αὐτά
2865 2962 2998 3030 ῥέει,
3029 2963 3287 3031 φράδμων
3324 2962 3482 3031 σοφὸς
3510 2962 3705 3014 είδεται
3746 2959 3913 3027 εἶναι,

2455 3052 2644 3105 Ἡνίκα
2669 3052 2713 3104 δ’
2737 3051 2972 3105 ἐκλείπει
2990 3050 3177 3114 ταῦτα,
3202 3051 3392 3120 κέχηνε
3425 3052 3601 3120 μόνος.

754 3161 861 3218 LV.
902 3160 1125 3228 Maiores
1148 3172 1256 3215 esse
1295 3153 1593 3229 “motiones
1618 3166 1792 3205 eorum
1814 3149 1903 3219 qui
1924 3150 1978 3201 in
2019 3147 2274 3201 montibus
2308 3147 2346 3155 “
2376 3164 2381 3213 ρ

2308 3147 2346 3155 “
2376 3161 2502 3215 NE’.
2534 3161 2653 3213 ὀτι
2681 3159 2943 3229 μείζονες
2986 3161 3040 3212 οι
3076 3161 3385 3227 πειρασμοὶ
3427 3158 3546 3211 τῶν
3579 3160 3648 3212 ἐν
3680 3160 3916 3227 ὄρεσιν.

1390 3224 1599 3289 degunt.

752 3333 823 3388 Ut
852 3336 970 3386 vitae
997 3335 1187 3384 lluctus
1210 3328 1455 3383 evaderet
1478 3326 1542 3379 ad
1562 3327 1689 3394 juga
1719 3318 1969 3391 tanquam

823 3424 899 3473 Ad
933 3429 1140 3487 portum
1177 3416 1416 3477 tendens,
1439 3414 1630 3480 prmlia
1660 3412 1840 3478 ibique
1861 3410 2049 3464 videns

756 3511 882 3565 Orta
911 3524 938 3559 a
967 3504 1294 3559 damonibus
1320 3501 1595 3553 :Iiscrum
1621 3513 1727 3563 me,
1759 3500 1852 3551 ait.
1882 3498 2026 3549 Alter
2047 3504 2101 3548 at
2122 3495 2270 3547 iniit:

825 3598 908 3651 Nil
935 3593 1179 3649 monachi
1209 3590 1403 3644 iuerint
1426 3589 1485 3641 "si
1518 3589 1631 3641 haec
1661 3587 1799 3640 mala
1833 3586 2134 3641 sustuleris.

960 3700 1092 3755 LVI.
1149 3698 1297 3761 Quod
1321 3698 1431 3749 lata
1459 3710 1559 3748 non
1588 3696 1655 3748 sit
1684 3696 1765 3747 uia
1794 3695 1861 3746 ad
1893 3694 2068 3747 vitam.

754 3813 909 3865 Arcto
935 3810 1019 3861 via
1046 3796 1148 3867 est.
1182 3804 1371 3872 aliquis
1394 3802 1549 3866 dixit,
1579 3815 1739 3869 quam
1776 3808 1832 3854 tu
1859 3800 1980 3869 pius
2005 3797 2180 3858 audis,

823 3899 1021 3967 Nempe
1039 3897 1204 3950 animi
1235 3904 1414 3949 motus
1441 3908 1703 3963 sensaque
1723 3892 2073 3960 comprimere
2102 3909 2115 3943 :

752 3992 920 4058 Atque
950 3989 1030 4040 his
1050 3985 1359 4054 perdomitis
1396 3985 1628 4037 clamare
1667 4001 1680 4035 :
1714 3980 1789 4033 Eu
1821 3976 1919 4034 nos
1951 3993 2164 4048 quoque
2197 3989 2267 4045 te,

820 4080 968 4132 Ultro
1004 4078 1303 4143 linquentes
1330 4074 1528 4135 omnia,
1560 4072 1958 4139 consequimur.
2073 4068 2228 4137 [ch,

902 4180 1054 4233 LVII.
1084 4180 1230 4242 Quod
1260 4178 1504 4245 rdigiosa
1526 4177 1631 4228 vita
1660 4192 1691 4227 a
1718 4174 1825 4226 Deo
1844 4174 1995 4225 docta
2019 4173 2108 4224 sit.

756 4291 888 4342 Dum
922 4286 1113 4354 quaerit
1138 4296 1366 4350 quanam
1394 4283 1605 4333 ratione
1632 4280 1894 4331 Antonius
1923 4288 2065 4331 esset

826 4374 1038 4431 Salvus,
1066 4371 1111 4422 ei
1148 4370 1289 4420 visus
1317 4368 1449 4419 leuis
1485 4367 1662 4427 homo,
1696 4380 1794 4417 nec
1819 4366 1981 4416 iners.

759 4460 807 4513 Is
844 4474 963 4513 mox
1012 4456 1217 4516 orabat,
1241 4455 1399 4506 modo
1421 4468 1554 4519 opus
1580 4452 1804 4505 faciebat
1834 4471 1845 4504 :
1874 4462 1927 4505 et
1957 4452 2028 4503 illi

833 4543 967 4595 Tum
1000 4541 1153 4605 dixit,
1180 4540 1267 4594 Sic
1302 4548 1353 4591 tu
1378 4539 1561 4596 vivito.
1584 4541 1761 4593 salvus
1789 4541 1914 4593 eris.

861 4649 1037 4702 LVIII.
1063 4648 1472 4717 Desperationem
1500 4650 1738 4701 ultimum
1761 4665 1867 4703 esse
1898 4649 2171 4701 malorum.

762 4756 954 4809 Sancte
981 4757 1156 4820 Pater,
1181 4756 1367 4818 cecidi,
1389 4756 1515 4824 quid
1551 4755 1903 4824 agam'nunci
1925 4756 2158 4825 Surgite,
2182 4758 2278 4810 ﬁli.

829 4843 895 4893 At
927 4857 1115 4895 rursus
1143 4842 1331 4895 cecidi.
1360 4840 1575 4907 Surgito
1604 4842 1916 4904 rursus,‘ait.
2074 4838 2079 4843 ’

760 4925 940 4994 Usque
964 4937 1137 4979 tamen
1168 4929 1310 4995 quo?
1338 4928 1527 4996 Aliqua
1553 4939 1725 4991 tenus,
1758 4940 1846 4982 aut
1879 4930 2016 4983 .dum
2057 4932 2271 4994 vixeris,

1286 5066 1287 5069 η
1998 5018 2189 5088 [inquit
2220 5036 2234 5071 :

827 5098 1067 5163 Namque
1107 5098 1195 5149 ubi
1231 5099 1410 5165 lapsus
1439 5101 1567 5163 eris,
1594 5112 1643 5154 te
1687 5119 1897 5169 quoque
1927 5106 2232 5171 corripiam.

760 5199 889 5253 LIX.
936 5198 1291 5251 Pcenitentt'am
1355 5198 1453 5251 non
1508 5218 1612 5280 esse
1656 5193 2061 5270 prwstautioreiu
2126 5208 2273 5257 inno-

1416 5279 1600 5321 centra.

2374 3330 2590 3396 Φεύγων
2618 3346 2701 3390 τις
2726 3329 2791 3381 τὰ
2812 3328 2925 3395 βίου
2956 3328 3192 3396 κύματα,
3224 3327 3409 3397 ὥσπερ
3437 3328 3495 3390 ες
3534 3329 3700 3396 ὅρμον

2442 3408 2599 3469 Ἧλθ’
2624 3418 2683 3467 έν
2705 3417 2840 3483 opst,
2871 3418 2964 3467 καὶ
2995 3416 3113 3465 ίδὼν
3139 3416 3442 3481 δαιμονίους
3465 3416 3748 3482 πολέμους,

2329 3474 2344 3485 ⁸
2381 3506 2539 3571 ’ῼμοι
2565 3505 2578 3554 1
2604 3474 2810 3571 ῐφηίτί
2840 3502 3029 3565 πάθω;
3054 3498 3214 3552 Εἶπεν
3232 3474 3303 3553 ,δέ
3329 3474 3434 3562 τις(
3456 3502 3516 3553 El
3538 3474 3880 3570 πειρασμοὺς

2445 3592 2563 3641 Τῶν
2592 3589 2834 3658 μοναχῶν
2863 3588 3100 3655 ἀφέλοις,
3129 3588 3335 3649 οὐδενός
3363 3590 3465 3640 είσι
3490 3589 3666 3655 λόγου.

2469 3696 2607 3763 NQ".
2645 3698 2766 3748 Ὅτι
2794 3697 2832 3762 ἠ
2857 3694 3002 3762 πρὸς
3031 3695 3143 3762 τὴν
3170 3693 3318 3762 ζωὴν
3348 3695 3480 3759 ὁδὸς
3516 3695 3807 3760 dardanio

2387 3804 2448 3855 Ἦ
2480 3803 2677 3872 στεινὴ,
2711 3803 2791 3864 τὶς
2817 3802 3031 3871 ἔφησεν,
3055 3801 3367 3868 ἀταρπιτὸς,
3399 3802 3532 3870 ἦνπε
3542 3817 3572 3867 ρ
3594 3800 3836 3864 ἀκούεις,

2443 3894 2515 3946 re
2540 3892 2756 3962 σφίγξαι
2786 3892 2985 3945 τελέθει
3010 3892 3104 3953 τάς
3134 3892 3343 3959 ἐφέσεις
3369 3907 3381 3919 ·
3417 3893 3444 3943 ὁ
3467 3890 3521 3942 δέ
3552 3908 3613 3956 γε

2374 3986 2480 4037 Καὶ.
2503 3984 2770 4053 διαμήσας
2796 3983 2974 4047 τάσδε,
3004 3983 3146 4049 λέγοι
3175 3983 3237 4035 ἀν
3265 3999 3278 4013 ο
3315 3982 3442 4034 Ἰδοὺ
3480 3982 3569 4033 καὶ
3592 3982 3749 4050 ἡμεῖς

2441 4074 2529 4126 Σοὶ
2565 4073 2958 4140 ἀκολουθοῦμεν
2988 4073 3160 4124 πάντα
3194 4073 3439 4137 ἀφέντες,
3477 4071 3660 4136 Ἀναξ.

2578 4178 2704 4230 ΝΖ’.·
2734 4180 2860 4229 Ὀτι
2895 4180 2931 4243 ἠ
2972 4176 3264 4242 ἀσκητικὴ
3300 4175 3688 4238 θεοδίδακτος.

2377 4285 2495 4345 Πῶς
2530 4284 2593 4334 ἂν
2626 4283 2894 4350 σωζοίμην
2921 4298 2936 4343 ;
2978 4281 3253 4339 Ἀντώνιος
3281 4277 3428 4331 εἶπεν
3456 4281 3691 4347 ἀθυμῶν.

2307 4378 2351 4431 ι)
2446 4372 2533 4439 Τῷ
2556 4371 2610 4422 δέ
2638 4374 2683 4421 οἱ
2711 4370 2861 4436 ὤφθη
2889 4369 3023 4438 ἀνὴρ
3045 4369 3267 4441 ἥμερος,
3300 4368 3454 4434 ἔργον
3478 4369 3632 4435 ἔχων.

2372 4460 2477 4510 .‘Av
2496 4459 2551 4511 δὲ
2583 4460 2707 4517 στὰς
2737 4458 2893 4507 πάλιν
2923 4455 3115 4522 εὔχετ’,
3142 4457 3279 4523 ἀτὰρ
3306 4456 3463 4506 πάλιν
3484 4456 3619 4518 ἕζετ’
3639 4454 3725 4507 ἐπ’
3745 4457 3915 4527 ἔργα.

2414 4546 2550 4625 ἐΚαί
2579 4544 2627 4595 oi
2652 4544 2752 4610 ἔφη
2780 4558 2793 4571 ο
2822 4541 2974 4593 Οὕτω
3003 4542 3142 4608 ζῆθι,
3170 4542 3259 4593 καὶ
3280 4543 3571 4609 εὑμενέοις.

2433 4650 2562 4701 NH’.
2604 4649 2727 4699 Ὅτι
2760 4648 3019 4715 ἔσχατον
3052 4646 3165 4699 τῶν
3194 4646 3389 4700 κακῶν
3418 4649 3454 4713 ἡ
3491 4649 3858 4719 ἀπόγνωσις.

2381 4758 2628 4823 Ἥριπον,
2644 4748 2687 4805 ὧ
2701 4754 2902 4822 μάκαρ,
2920 4752 3037 4805 εἰπὲ
3051 4753 3101 4803 τί
3120 4752 3340 4820 ῥέξομεν
3355 4770 3439 4817 ;-
3466 4756 3675 4826 Ἔγρεο,
3690 4758 3918 4819 τέκνον,

2379 4845 2593 4895 -Ἀλλ’
2619 4839 2770 4905 αὖθις
2798 4843 3067 4895 πίπτω.-
3083 4842 3242 4903 Αὖθις
3268 4842 3487 4912 ἀνέγρεό
3516 4863 3620 4913 μοι.

2379 4934 2638 5001 -Μέχρι
2672 4933 2955 4997 πόσου;-
2986 4931 3169 4992 Τινός·
3192 4932 3239 4981 εἰ
3263 4932 3305 4981 δ’
3333 4933 3413 4994 οὒ,
3449 4934 3549 4995 ἕως
3584 4934 3771 5003 χρόνου
3811 4953 3827 4967 ο
3867 4940 3920 4988 εί

3415 5022 3479 5092 [δ’
3506 5024 3587 5085 οὓ,
3623 5026 3722 5085 ἕως
3740 5025 3873 5092 ζῇς.

2438 5110 2571 5176 Φησὶ
2604 5110 2707 5177 γάρ
2742 5126 2754 5139 ·
2785 5110 2947 5161 Ἔνθα
2977 5108 3023 5159 α’
3053 5108 3175 5170 ἕλω,
3202 5110 3336 5161 κείθί
3366 5126 3421 5161 σε
3462 5114 3549 5163 καὶ
3573 5113 3787 5178 χρινέω.

2441 5215 2561 5267 NB'.
2594 5217 2717 5267 Ὀτι
2746 5218 2817 5268 οὐ
2846 5216 3051 5283 μείζων
3079 5216 3515 5283 ἀναμαρτησίας
3536 5219 3848 5287 μετάνοια.

761 5373 875 5436 Dic,
911 5373 1049 5427 bone
1073 5374 1174 5438 vir,
1198 5370 1384 5425 melior
1404 5373 1542 5437 quis,
1566 5387 1691 5424 num
1724 5374 1813 5441 qui
1842 5388 2005 5440 purus
2030 5377 2095 5430 ab
2121 5378 2274 5430 annis
2373 5384 2388 5435 1

2373 5384 2529 5446 Elite,
2568 5385 2767 5452 μάκαρ,
2798 5385 2879 5444 τίς
2906 5384 3162 5451 ἀμείνων.
3195 5386 3220 5438 ὁ
3250 5385 3306 5448 ἐξ
3327 5387 3528 5456 ὀνύχων
3578 5388 3914 5457 ἀμόλυντος,

824 5540 933 5672 ἱέἑ)
962 5541 1115 5594 Socr.
1143 5542 1213 5622 il:
1250 5540 1313 5595 E.
1342 5541 1377 5593 I.
1406 5557 1475 5604 tv,
1507 5556 1554 5593 c.
1582 5541 1672 5593 25.

917 5608 935 5672 )
975 5608 1110 5661 Idem
1144 5610 1267 5662 ibid.
1307 5610 1373 5663 de
1393 5608 1608 5662 Pambo.

917 5608 935 5672 )
975 5608 1110 5661 Idem
1143 5610 1267 5662 ibid.
1307 5610 1373 5663 de
1393 5608 1608 5662 Pambo.

2453 5552 2558 5619 (9.5)
2600 5552 2733 5605 ch.
2764 5554 2815 5604 in
2848 5553 3072 5621 Agesila.
