4120 6340
792 366 907 417 Dux
939 360 1130 429 carpit,
1165 373 1346 414 vocem
1381 357 1424 411 is
1454 356 1610 417 tollit,
1639 354 1690 408 ct
1717 353 1812 407 IIic
1837 355 2016 422 jacula
2049 372 2064 408 :

725 462 897 526 Atque
918 455 1095 514 iterat,
1123 451 1214 505 sed
1251 450 1329 503 vis
1346 448 1502 518 perit,
1533 453 1586 499 et
1612 460 1734 498 mox
1761 444 2030 512 rumpitur
2052 456 2212 497 arcus
2240 461 2253 496 :

791 547 1007 601 Gnavus
1040 544 1142 598 erit
1175 542 1417 612 posthac,
1447 538 1537 607 qui
1570 535 1730 590 modo
1769 533 1948 600 segnis
1977 543 2090 586 erat
2120 532 2251 601 (28).

613 689 616 692 «
722 659 905 716 LXIX.
937 655 1084 723 Quod
1103 653 1383 706 iracundus
1407 665 1510 703 non
1533 648 1598 699 sit
1614 645 1786 698 divino
1811 642 2014 710 Spiritu
2027 641 2254 709 afﬂatus.

722 772 804 824 Ira
845 769 1098 833 furorque
1129 761 1233 830 piis
1258 755 1539 812 monachis
1567 754 1741 806 aliena
1773 769 1788 803 :
1819 749 2085 816 benignus

790 859 919 910 Nam
955 855 998 908 si
1030 851 1296 911 Christus,
1324 855 1485 900 erunt
1519 835 1869 897 ChristocOIae
1897 837 2089 906 placidi
2119 855 2134 889 :

724 949 862 1015 Ergo
887 943 1202 1001 iracundus,
1234 940 1361 991 licet
1391 937 1468 988 ire
1493 932 1752 987 cadavera
1788 937 1964 995 cogat,

793 1038 986 1093 lurans
1014 1049 1072 1087 se
1097 1029 1320 1092 Christi,
1350 1026 1572 1095 peierat,
1602 1035 1721 1074 esse
1753 1020 1947 1071 virum.

944 1140 1104 1199 LXX.
1159 1139 1328 1192 Vitam
1365 1150 1476 1190 esse
1503 1132 1722 1198 speciem
1753 1136 2036 1182 mercatus.

725 1257 792 1311 Ut
817 1255 1022 1308 fruerer
1047 1244 1319 1317 paradiso,
1348 1239 1522 1308 inquit
1542 1238 1742 1299 senior,
1777 1234 1906 1286 dare
1929 1231 2121 1284 vellem

779 1340 993 1401 Memet,
1025 1335 1119 1390 sed
1152 1333 1323 1384 frusto
1353 1326 1601 1380 venditur
1623 1332 1674 1376 et
1700 1323 1875 1382 latice,

724 1433 830 1483 Aut
869 1427 934 1480 ad
983 1434 1253 1477 summum
1286 1417 1468 1478 obolo,
1517 1422 1570 1465 et
1617 1409 2033 1470 contemnimus,
2066 1422 2099 1460 ο
2125 1407 2262 1460 male

777 1504 850 1569 In
884 1526 990 1568 tam
1018 1507 1306 1564 exundanti
1335 1504 1481 1556 fonte
1515 1501 1688 1568 perire
1718 1498 1830 1552 siti.
1989 1494 2233 1566 [factum,

727 1620 910 1679 LXXI.
937 1620 1016 1673 Ex
1029 1616 1154 1671 solis
1171 1611 1408 1681 operibus
1431 1607 1650 1661 salutem
1682 1603 1995 1674 sperandam
2013 1619 2113 1657 non
2130 1617 2260 1655 esse.

729 1734 784 1786 Si
815 1729 1006 1783 delicta
1035 1724 1127 1776 Dei
1152 1734 1384 1791 prmscns
1412 1716 1688 1770 clementia
1722 1714 1881 1776 delet,

797 1818 1049 1886 Quwdam
1080 1813 1240 1867 ctiam
1276 1809 1406 1862 mihi
1433 1820 1574 1874 spes,
1603 1804 1801 1858 Lucius
1831 1801 2022 1871 inquit,
2058 1800 2180 1856 erit.

727 1913 794 1965 At
825 1910 870 1964 si
907 1906 1034 1960 illud
1064 1903 1194 1958 solis
1232 1897 1484 1968 lacrymis
1508 1897 1584 1961 tit,
1623 1902 1828 1962 tergere
1857 1894 1942 1946 vix
1972 1905 2057 1946 me

797 2001 885 2053 Bis
922 1996 1041 2050 deni
1067 2007 1274 2047 mecum
1299 1986 1729 2057 collacrymando
1755 1992 1971 2054 queant.

784 2105 989 2161 LXXII.
1025 2099 1175 2167 Quod
1212 2103 1490 2166 paupertas
1517 2091 1840 2146 tolerabilior
1865 2091 1934 2142 sit
1969 2088 2190 2141 divitiis.

729 2217 876 2270 Talia
911 2209 1169 2264 divitibus
1200 2205 1541 2270 contingunt,
1573 2198 1772 2266 oppida
1797 2198 2006 2250 Mavors

799 2306 930 2357 Cum
960 2299 1149 2368 quatit,
1185 2292 1377 2348 armati
1410 2288 1806 2357 depopulantur
1836 2298 2013 2352 agros,

732 2399 988 2448 Armenta
1013 2391 1306 2445 intereunt,
1334 2380 1628 2448 locupletes
1664 2377 1832 2445 pallor
1859 2385 1908 2428 et
1930 2377 2127 2426 horror

800 2482 1004 2538 Invadit
1037 2497 1049 2531 :
1076 2489 1278 2545 pauper
1316 2471 1472 2534 ridet,
1499 2477 1551 2523 et
1582 2469 1784 2542 absque
1806 2471 1946 2516 metu
1977 2470 2081 2515 est.

800 2588 1031 2645 LXXIII.
1056 2585 1205 2650 Quod
1236 2580 1545 2661 abstinentia
1570 2595 1601 2629 a
1629 2575 1779 2627 malis
1815 2575 1880 2626 sit
1905 2569 2197 2638 multiplex.

733 2701 996 2769 Urgemus
1026 2697 1240 2749 clausos
1269 2689 1582 2744 basiliscum
1617 2695 1776 2752 atque
1804 2679 1987 2750 aspida
2017 2678 2146 2747 pilo,

801 2794 972 2859 Atque
1005 2790 1212 2842 leonem
1234 2782 1397 2837 arctis
1423 2780 1626 2832 retibus
1661 2774 1976 2842 implicitum
2010 2787 2023 2822 :

734 2883 824 2936 Sic
855 2877 1018 2932 animi
1055 2888 1270 2929 sensum
1306 2867 1448 2937 quod
1481 2880 1585 2920 non
1615 2863 1854 2933 procedit
1881 2860 1944 2913 ad
1976 2866 2150 2911 actum

791 2971 961 3024 Omne
997 2968 1143 3019 intus
1174 2973 1419 3031 pressum
1450 2956 1722 3025 spargitur
1755 2964 1925 3019 usque
1957 2949 2066 3003 cito
2092 2943 2226 3014 (‘29).
2298 2983 2340 3040 ο

738 3077 963 3136 LXXIV.
1013 3073 1343 3129 Consortium
1394 3079 1440 3120 et
1491 3064 1907 3136 familiaritatem
1949 3072 2065 3109 cum
2124 3053 2270 3105 bonis

1000 3158 1213 3196 causam
1238 3155 1345 3192 esse
1380 3131 1713 3202 adjuvantem
1743 3131 2014 3180 bonorum.

737 3255 891 3306 Tune
912 3257 1111 3301 metum
1136 3245 1314 3313 poscis
1337 3241 1618 3294 divinum?
1641 3237 1694 3288 In
1723 3243 1938 3303 pectore
1957 3229 2149 3296 cuique
2171 3235 2273 3280 est.

710 3347 713 3349 ’
807 3337 959 3404 Quod
992 3334 1058 3396 si,
1086 3347 1205 3386 cum
1236 3329 1425 3396 cupias
1455 3327 1709 3385 maxime,
1742 3321 1929 3373 abesse
1951 3317 2120 3376 vides,

739 3432 818 3484 Ad
852 3436 1099 3482 sanctum
1136 3419 1327 3475 secede
1356 3418 1530 3470 virum
1561 3433 1574 3467 :
1600 3414 1812 3468 Mollem
1849 3409 2055 3479 impulit
2081 3405 2208 3459 olim

810 3515 998 3584 Magna
1020 3508 1430 3564 Themistoclem
1455 3504 1705 3557 Miltiadis
1734 3501 1994 3572 probitas.

740 3624 946 3682 LXXV.
982 3622 1130 3688 Quod
1160 3620 1302 3672 locus
1355 3619 1408 3669 in
1441 3631 1538 3684 quo
1565 3615 1747 3688 minus
1776 3621 1850 3666 est
1885 3610 2278 3674 consolationis,

1194 3688 1458 3744 salubrior
1487 3685 1676 3736 animae
1703 3685 1792 3738 sit.

740 3805 1025 3867 Asperiore
1055 3799 1172 3854 loco
1205 3796 1459 3864 degentes
1499 3791 1734 3858 perjuga
1759 3788 2000 3857 quidam,

810 3890 958 3944 IIunc
984 3899 1042 3942 ut
1069 3891 1415 3941 consererent
1447 3880 1754 3934 vomeribus
1783 3877 2057 3946 subigunt.

742 3982 892 4036 Tunc
922 3978 1118 4048 aliquis
1147 3975 1354 4029 monuit
1388 3990 1401 4024 :
1434 3969 1723 4024 Videamus
1747 3983 1812 4021 ne
1839 3968 1940 4021 ista
1969 3964 2221 4024 colendo,

813 4069 1001 4124 Inculti
1037 4079 1213 4120 mores
1245 4060 1441 4130 ingenii
1472 4065 1745 4110 maneant.

1382 4163 1614 4218 LXXVI.

745 4282 957 4336 chitas
987 4285 1149 4344 atque
1175 4269 1391 4324 Atridas
1422 4267 1661 4336 plerique
1691 4272 1953 4318 vocarunt

815 4371 1084 4424 I‘astorcs,
1130 4361 1219 4415 alii
1248 4373 1440 4412 nomen
1469 4357 1606 4410 idem
1644 4356 1882 4424 capiunt.

748 4461 899 4515 Unus
929 4468 982 4511 at
1017 4465 1099 4508 est
1136 4465 1257 4522 apte
1285 4451 1368 4504 cui
1397 4463 1590 4503 nomen
1620 4448 1865 4516 congruit
1892 4446 2054 4509 istud,

812 4551 1011 4618 Nempe
1036 4548 1099 4606 is,
1132 4546 1220 4613 qui
1255 4541 1423 4595 saltus
1453 4539 1634 4593 incolit
1662 4537 1943 4591 aethereos.

916 4652 1166 4708 LXXVII.
1202 4650 1352 4714 Quod
1386 4649 1480 4700 rite
1507 4646 1792 4715 precarisit
1823 4642 2049 4711 difﬁcile.

750 4764 1013 4814 Virtutem
1047 4765 1170 4809 ante
1209 4772 1421 4807 onmem
1455 4755 1616 4807 sudor
1647 4752 1783 4806 solet
1814 4753 1890 4805 ire
1920 4751 2198 4816 lnhorquc,

822 4854 957 4904 Ante
989 4862 1278 4917 precesque
1321 4846 1512 4913 magis,
1549 4844 1688 4911 quod
1724 4859 1879 4897 secus
1933 4856 2052 4894 esse
2091 4849 2243 4907 putes
2273 4854 2284 4887 :

754 4945 883 4996 Nam
912 4949 1115 5009 quanto
1147 4937 1312 4988 decus
1341 4944 1420 4986 est
1450 4934 1642 4998 majus,
1673 4943 1819 4986 tanto
1845 4947 1994 5000 mage
2024 4933 2232 4983 da'mon

826 5033 995 5085 Omne
1022 5037 1196 5081 movet
1227 5040 1434 5085 saxum,
1474 5038 1579 5088 quo
1613 5022 1744 5075 lerat
1777 5038 1944 5089 usque
1973 5036 2200 5074 tuorum.

754 5139 1026 5195 LXXVIII.
1058 5134 1470 5238 Consolationqnt
1505 5142 1735 5181 nostram
1767 5148 1795 5181 (ι
1819 5132 1996 5182 vicinis
2028 5129 2285 5193 accipien-

1396 5218 1509 5238 ῙΙΙΙΗ
1544 5216 1668 5238 ('CCI’,

1396 5216 1511 5251 (ιιιιη
1543 5216 1670 5251 (’SSC.

760 5314 890 5367 Cum
918 5328 1063 5383 pater
1084 5331 1148 5368 ex
1173 5313 1318 5366 obitu
1357 5309 1462 5362 nati
1495 5322 1724 5360 interere
1748 5319 1995 5372 gravatus

829 5489 937 5553 (ὶὸ)
987 5489 1298 5553 Iligladialto
1327 5479 1678 5548 :t‘ttigtttatit-a.

1913 239 2041 297 JOA
2050 239 2149 312 NN
2157 239 2228 298 IS
2265 240 2685 300 GEOMETRAS

3741 234 3748 240 ’
3787 239 3893 303 884

2283 362 2323 412 Α
2423 358 2689 427 Μέμφεθ’,
2717 357 2745 409 ὁ
2763 357 2808 410 δ’
2836 357 3064 410 ἀντεϐόα
3085 372 3099 386 ·
3139 357 3298 410 ’Ἑλκε
3324 357 3384 408 τὸ
3411 357 3557 418 τόξον
3586 356 3752 421 ἅπαξ,

2357 445 2464 496 Καὶ
2492 445 2668 509 πάλιν,
2701 442 2817 497 εἶτα
2840 447 2998 498 πάλιν
3017 462 3031 475 ο
3056 431 3168 497 ἀλλ’
3190 444 3437 511 ἄγνυται,
3467 443 3588 495 οὐδέ
3610 461 3691 504 τις
3719 441 3893 511 ἰσχύς.

2423 531 2548 587 Ὧδε
2580 535 2672 589 καὶ
2707 538 2842 605 τῇδ’,
2871 536 2899 587 ὁ
2927 536 2973 588 δ’
3002 535 3151 598 ἀνεὶς
3181 535 3404 603 ἄλκιμός
3430 537 3544 586 ἐστι
3576 535 3757 588 πάλιν.

2631 644 2750 700 ΞΘ’.
2787 646 2906 698 Ὅτι
2937 645 3175 713 ὀργίλος
3199 641 3403 708 ὀὐδεὶς
3428 643 3650 706 ἔνθεος.

2372 753 2533 822 Ὀργὴ
2565 755 2657 805 καὶ
2684 753 2853 822 θυμὸς
2913 755 3163 821 μοναχοῖς
3189 752 3346 817 ξένω
3378 752 3426 802 εἰ
3457 751 3565 820 γὰρ
3598 748 3833 816 Χριστὸς

2429 841 2642 904 Ἥπιος,
2671 843 2821 910 ﬁniet.
2855 841 2919 893 ἂν
2946 836 3053 893 εἷεν
3082 842 3141 892 έν
3171 835 3276 892 οἷσι
3311 840 3482 908 μένει.

2359 931 2470 990 Πᾶς
2495 925 2586 982 οὖν
2621 929 2854 997 ὀργίλος,
2885 931 2934 981 εἰ
2962 930 3057 980 καὶ
3087 927 3406 988 τεθνειῶτας
3433 926 3656 993 ἐγείρει,

2430 1018 2652 1072 Ψεύδετ⁸
2670 1018 2799 1088 ἔμεν
2827 1018 3084 1086 Χριστοῦ,
3112 1016 3213 1070 κᾶν
3239 1017 3505 1085 έπὸμνυσι
3530 1015 3691 1084 μέγα.

2598 1126 2672 1181 0'.
2707 1128 2832 1180 Ὅτι
2852 1126 3229 1194 πανηγύρεως
3257 1121 3415 1189 εἶδος
3439 1127 3472 1178 ὁ
3495 1124 3654 1188 βίος.

2360 1234 2468 1302 Τὴν
2483 1232 2662 1300 Ἐδὲμ,
2680 1227 2800 1285 εἷπε
2814 1231 3010 1298 γέρων,
3032 1231 3122 1283 καὶ
3139 1231 3255 1283 ὅλον
3275 1232 3321 1300 ῤ’
3337 1231 3435 1299 ἐμὲ
3453 1230 3574 1290 δοὺς
3603 1228 3881 1296 ἐπριάμην

2427 1321 2539 1372 Νῦν
2565 1320 2609 1372 δ’
2639 1323 2719 1372 ὅτι
2746 1318 2999 1401 πωλεῖται
3033 1317 3220 1379 ὕδατος
3257 1318 3290 1386 ἢ
3317 1319 3606 1386 τεμάχους,

2364 1413 2472 1464 Καὶ
2508 1409 2692 1463 ὀϐολοῦ
2735 1409 2796 1478 τὸ
2831 1409 3081 1477 μέγιστον
3128 1409 3468 1476 ἀφέσταμεν
3512 1403 3710 1459 άΰόάλε
3739 1402 3910 1470 θωῆς,

2359 1493 2362 1498 ’
2431 1501 2725 1570 Νήχυτοςή
2759 1499 2926 1568 πηγὴ,
2966 1497 3105 1566 δίψεϊ
3131 1496 3420 1567 ὀλλύμεθα.

2432 1606 2554 1660 UA'.
2586 1609 2712 1659 Ὅτι
2739 1607 2806 1669 ἐξ
2827 1607 3012 1674 ἔργων
3037 1605 3402 1659 ἀνέλπιστον
3433 1603 3499 1655 τὸ
3525 1603 3839 1666 σωτήριον.

2366 1716 2430 1769 Et
2462 1715 2559 1784 μὲν
2581 1712 2901 1766 ἁποπλυνέει
2929 1711 3027 1772 τὰς
3061 1709 3372 1776 ἀμπλακίας
3396 1707 3525 1768 Θεὸς
3547 1708 3731 1773 οῑκτῳ,

2439 1805 2592 1857 Ἔστι
2623 1819 2704 1865 τις
2730 1801 2880 1863 ἐλπίς
2915 1817 3020 1868 μοι,
3057 1798 3280 1858 Λούκιος
3306 1795 3533 1858 ὲξεὸὀα.-

2367 1895 2428 1950 El
2452 1894 2496 1948 δ’
2522 1894 2613 1946 ἐπὶ
2638 1893 2865 1960 δάκρυσι
2897 1889 3003 1942 τόδ’
3035 1887 3394 1954 ἐπιγίγνεται,
3429 1885 3633 1936 εἴκοσιν
3670 1880 3863 1949 ἄνδρες

2432 1987 2533 2038 Σὺν
2559 1983 2648 2053 μοὶ
2677 1981 3008 2050 ὀδυρόμενοι,
3038 1980 3098 2031 οὐ
3127 1975 3415 2029 πλυνέουσί
3443 1974 3495 2026 τι
3527 1991 3650 2043 μου.

2539 2091 2793 2146 ΟΒ’.“Οτι
2819 2085 3219 2156 εὐφορώτερον
3242 2083 3507 2137 πλούτου
3541 2080 3716 2132 πενία

2368 2203 2474 2259 Καὶ
2498 2201 2622 2256 τάδε
2646 2201 2756 2262 τοῖς
2782 2195 3065 2250 πλουτοῦσι
3094 2193 3353 2246 τελείεται
3373 2204 3391 2222 ο
3421 2189 3528 2242 εὖτ’
3560 2188 3662 2241 ἀνὰ
3692 2186 3827 2239 άπυ

2440 2291 2652 2362 Ἕρχετ’
2687 2291 2876 2358 Ἄρης,
2904 2285 3054 2339 αὐτοὶ
3077 2285 3121 2336 δ’
3149 2282 3434 2352 ὀλλύμενον
3457 2281 3545 2332 τον
3569 2277 3735 2344 ἀγρὸν

2369 2385 2478 2437 Καὶ
2504 2381 2601 2442 τὰς
2632 2379 2753 2448 βοῦς
2793 2377 3131 2447 προορῶντες
3169 2370 3532 2441 ὑπωχριόωσι,
3558 2366 3753 2434 γοῶσιο

2439 2471 2650 2537 Κοῦφος
2679 2468 2775 2535 έὸη
2807 2467 2850 2518 δ’
2881 2467 2909 2517 ὁ
2936 2466 3123 2532 πένης,
3159 2462 3219 2514 τὸ
3248 2462 3407 2512 πλέον
3436 2456 3723 2524 ὲγγελόων.

2457 2579 2576 2632 Ol".
2609 2578 2735 2628 "Ott
2763 2575 3137 2638 πολύτροπος
3172 2571 3210 2634 ἡ
3238 2567 3436 2632 ἀποχὴ
3466 2564 3582 2615 τῶν
3606 2559 3828 2640 κακῶν.

2385 2683 2609 2741 Ἀσπίδα
2638 2681 2734 2735 καὶ
2768 2679 3072 2748 βασιλίσκον
3103 2674 3521 2734 ἀποκλείσαντες
3545 2672 3604 2722 ἐν
3635 2669 3811 2736 ὅλμῳ,

2441 2777 2716 2845 Δήσαιμεν
2740 2770 2833 2824 καὶ
2857 2769 2939 2821 λὶν
2969 2768 3167 2836 ἄρκυσι
3200 2763 3523 2834 ῥωμαλέοις.

2373 2861 2443 2938 ᾯ
2476 2867 2532 2918 δὲ
2565 2862 2820 2930 λογισμὸς
2855 2860 3019 2921 ἅπας,
3051 2859 3196 2916 ὅστις
3225 2855 3298 2923 μὴ
3326 2852 3411 2904 ἐπ’
3448 2852 3581 2920 ἔργα
3611 2848 3926 2918 προϐαίνει,

2450 2955 2656 3009 Ἔνδοθι
2690 2949 3012 3022 συμπνιγεὶς
3041 2947 3282 2999 κίδναται
3313 2943 3640 3012 ἐσσυμένως.

2374 3062 2488 3116 ΟΔ⁹ο
2529 3063 2655 3113 Ὀτι
2683 3056 2986 3124 παραίτιον
3005 3053 3234 3122 ἀγαθῶν
3254 3054 3291 3119 ὴ
3317 3048 3433 3112 τῶν
3451 3048 3680 3117 ἀγαθῶν
3697 3047 3925 3115 dua/Ila.

2374 3236 2543 3300 Δεῖμα
2567 3229 2701 3280 Θεοῦ
2737 3228 2919 3295 ζητεῖς
2943 3242 2957 3286 ς
2981 3225 3053 3276 Τὸ
3077 3225 3120 3276 δ’
3148 3225 3226 3277 Evt
3253 3224 3413 3290 φρεσὶ
3443 3224 3618 3272 κεῖται
3643 3221 3882 3272 ἑκάστου
3911 3235 3928 3251 ·

2446 3324 2508 3372 Εἰ
2532 3321 2589 3371 δὲ
2621 3320 2683 3370 σὺ
2720 3318 2818 3386 μὲν
2850 3317 3074 3376 ἐθέλεις,
3109 3316 3251 3367 κεῖνο
3270 3313 3325 3364 δὲ
3355 3313 3550 3379 μᾶλλον
3581 3313 3715 3378 ἀπῇ,

2377 3409 2529 3476 Δεῦρ’
2561 3408 2632 3460 ῖθι
2665 3407 2791 3474 θείῳ
2821 3403 2976 3473 ἀνδρὶ
3009 3402 3264 3470 συνέρχεο
3287 3413 3299 3425 '
3335 3399 3426 3449 τὸν
3452 3399 3559 3466 γὰρ
3588 3396 3854 3464 ἄνανδρον

2444 3495 2612 3566 Ὦρσε
2639 3493 3005 3563 Θεμιστοκλῆν
3031 3488 3168 3544 ἆθλα
3188 3490 3255 3543 τὰ
3279 3488 3587 3542 Μιλτιάδου.

2379 3607 2494 3667 οΕ’.
2524 3608 2647 3660 Ὀτι
2672 3604 2738 3658 τὸ
2757 3602 3181 3671 ἀπαράκλητον
3222 3599 3327 3653 τοῦ
3355 3602 3539 3662 τόπου
3572 3594 3930 3665 ψυχωςοελέ·

3030 3685 3264 3738 στερον.

2380 3784 2716 3856 Τρηχύτερόν
2746 3799 2866 3836 τινα
2897 3780 3071 3850 χῶρον
3100 3779 3372 3848 ὸρίτροφοι
3401 3777 3569 3846 ᾤκεον
3602 3775 3820 3843 ἄνδρες,

2447 3877 2549 3927 Τὸν
2569 3876 2614 3928 δ’
2643 3873 2736 3926 ἐπὶ
2765 3871 3024 3940 φυταλιὴν
3054 3869 3278 3922 σπεῦδον
3307 3867 3724 3935 ὲπιστρεφέμεν.

2392 3962 2548 4014 Ἀλλά
2578 3979 2656 4023 τις
2681 3958 2832 4011 εἶπεν
2850 3975 2864 3988 ·
2907 3959 3097 4025 Ὁρᾶτε
3125 3957 3197 4024 μὴ
3227 3957 3284 4008 ὲν
3312 3955 3387 4022 τῷ
3411 3955 3546 4005 τόνδ’
3575 3950 3887 4021 ὁμαλίζειν,

2452 4053 2649 4126 ’ᾼγρια
2672 4049 2741 4100 τὰ
2763 4047 2938 4117 ψυχῆς
2961 4047 3092 4115 ἤθεα
3115 4043 3414 4113 ληψόμεθα.

3093 4153 3228 4220 oq'.

2312 4293 2355 4346 ι)
2386 4268 2648 4335 Ποιμένες
2693 4265 2974 4334 Ἀτρεῖδαι,
3007 4264 3392 4332 καιποιμένες·
3412 4263 3462 4314 οἰ
3492 4260 3733 4327 Λευῖται,

2453 4357 2560 4408 Καὶ
2593 4357 2774 4407 πολλοὶ
2803 4355 2949 4407 τουτὶ
2983 4353 3219 4422 τοῦνομα
3249 4352 3598 4422 κλεψάμενοι.

2393 4447 2528 4499 Ἀλλ’
2558 4441 2638 4508 εἷς
2663 4449 2776 4499 ἐστι
2801 4446 2878 4514 τῷ
2908 4446 3019 4498 δντι
3049 4448 3074 4498 ὁ
3102 4443 3336 4514 τοῦνομα
3374 4442 3717 4514 κυριὸλεκτον

2456 4538 2622 4591 Τοῦτο
2651 4538 2848 4607 φέρων,
2876 4540 2904 4590 ὁ
2937 4540 3111 4605 νέμων
3140 4537 3418 4606 οὺρανίῃσι
3448 4537 3663 4596 νάπαις.

2549 4668 2563 4715 ς
2631 4647 2748 4697 ΟΖ’.
2779 4645 2905 4697 Ὅτι
2933 4646 3420 4709 ὅυσκατόρθωτον
3446 4645 3481 4708 ἡ
3510 4639 3681 4708 εὐχή.

2398 4753 2502 4804 Καὶ
2533 4753 2706 4821 πάσης
2741 4753 2938 4820 ἀρετῆς
2969 4751 3159 4820 μόχθος
3186 4749 3518 4818 προπάροιθε
3549 4747 3642 4800 καὶ
3675 4747 3844 4818 ἱδρώς
3877 4765 3890 4779 ⁸

2460 4843 2566 4909 Τῆς
2593 4843 2754 4911 εὐχῆς
2781 4843 2836 4894 δὲ
2859 4844 3036 4904 πλέον,
3067 4843 3116 4892 εἴ
3136 4857 3194 4905 γε
3227 4840 3319 4890 καὶ
3343 4841 3401 4890 οὐ
3433 4839 3623 4890 δοκέει.

2392 4935 2496 4984 Καὶ
2515 4935 2618 4999 γὰρ
2650 4935 2769 4985 ὅσον
2786 4934 2843 4984 τὸ
2864 4933 3039 4994 κλέος,
3069 4931 3222 4982 τόσον
3250 4931 3456 4995 εἰσάγει
3486 4930 3637 4980 ὄκνον
3663 4932 3689 4980 ὁ
3719 4929 3950 4999 δαὶμων

2462 5025 2638 5075 Πάντα
2671 5025 2815 5076 λίθον
2842 5024 3022 5088 κινῶν,
3057 5023 3281 5090 ἐσχάτου
3313 5021 3436 5088 ἄχρι
3462 5021 3627 5072 λίθου.

2501 5135 2624 5185 0112
2645 5133 3100 5202 Παρειμυθητὲον
3122 5131 3369 5193 ἑαυτοὺς
3391 5131 3456 5181 ἐκ
3484 5128 3600 5180 τῶν
3621 5129 3841 5196 πέλας.

2400 5305 2602 5373 Harpe;
2639 5305 2989 5374 ἁκηχεμένοιο
3020 5304 3090 5370 ἐῷ
3124 5303 3212 5354 ἐπὶ
3248 5303 3394 5355 παιδὶ
3430 5302 3639 5356 θανόντι

831 5559 937 5625 (‘29)
974 5542 1142 5609 Tacit.
1174 5557 1209 5608 I.
1241 5572 1303 5609 xx
1342 5574 1351 5606 :
1396 5542 1563 5605 Etiam
1593 5553 1700 5618 [cm
1731 5542 2000 5611 nutnmlin',
2033 5551 2072 5599 st
2108 5551 2284 5600 t-lattsa
2319 5557 2505 5609 teneas,
2542 5546 2739 5598 virtutis
2767 5545 3156 5598 obliviscuntur.
