4120 6340
297 290 398 354 885

365 403 470 457 Καὶ
493 405 632 473 μάλα
665 405 1013 473 κοπτομένου,
1045 399 1162 458 εἷπε
1193 405 1381 476 παρὼν
1426 406 1612 459 ’Δοίων
1641 422 1652 434 '

295 495 358 546 El
385 496 446 546 σὺ
481 495 828 561 περικτιόνων
858 494 954 556 τὰς
983 496 1260 564 δυστυχίας
1292 496 1555 563 λογίσαιο,

366 581 643 649 Βράσσονα
668 583 759 634 τὸν
792 582 984 651 θρῆνον
1011 583 1153 653 λήψῃ
1180 585 1271 634 ἐπὶ
1310 585 1602 654 σφετέροις.

536 686 654 738 ΟΘ¹.
689 688 808 740 Ὅτι
840 690 879 755 ἠ
908 689 1075 757 ἀρτία
1106 689 1580 758 φιλαμαρτήμων.

266 807 270 811 ·
295 791 532 859 ’Ἦρχετο
561 791 707 843 πέντ’
732 791 824 844 ἐπὶ
855 792 984 859 μησὶ
1012 793 1222 860 γέροντε
1249 810 1352 855 τις,
1406 791 1546 860 ὄφρα
1570 809 1622 843 τι
1654 795 1781 861 εἴπῃ
1807 809 1821 823 ο

370 878 610 946 Τὺγχανε
636 879 680 930 δ’
707 878 766 929 οὐ
798 878 1005 946 καιροῦ·
1038 878 1171 945 ἔργα
1189 879 1295 948 γὰρ
1327 878 1594 945 ἐνδελεχῆ.

307 967 433 1034 Ὀψὲ
456 968 499 1019 δ’
535 969 622 1037 ἄρ’
652 961 910 1036 ἀλγήσας,
942 967 1127 1031 Σύνες,
1169 968 1333 1035 ἴαχεν,
1365 967 1417 1018 ετ
1438 969 1500 1032 γέ
1520 982 1571 1017 τι
1603 967 1791 1034 μικρὸν

368 1054 617 1124 ’Δσχολος
641 1052 708 1108 εἷ.
750 1056 808 1106 '0
833 1055 876 1107 δ’
906 1056 1067 1124 ἀπρὶξ
1093 1057 1264 1122 εἴχετο
1294 1055 1400 1109 τῶν
1433 1056 1730 1126 προτέρων.

639 1163 720 1213 II'.
759 1161 1076 1227 Διάγνωσις
1111 1161 1482 1229 ὲλλάμψεων.

290 1328 488 1397 Ἀνδρε
508 1327 602 1380 δύο
632 1328 769 1380 κατὰ
790 1330 1020 1398 Χριστὸν
1042 1331 1294 1399 ἐνήθλεον,
1313 1348 1328 1363 α
1359 1326 1438 1394 εἷς
1467 1333 1582 1400 μὲν,
1611 1332 1827 1398 ἀγῶνας

364 1417 732 1486 Θερμοτέρους
752 1433 765 1447 ο
795 1419 822 1470 ὁ
845 1418 900 1469 δὲ
932 1418 996 1487 δὴ
1021 1419 1283 1486 δεύτερος,
1316 1422 1664 1489 ἀργοτέρους.

283 1509 488 1575 Πρῶτα
513 1506 568 1559 δέ
587 1508 635 1559 οι
662 1509 898 1576 σκήνωσε
927 1508 1073 1568 Θεός.
1117 1510 1268 1571 Τίνος
1301 1512 1508 1573 εἴνεκα;
1536 1511 1685 1576 λέξον
1709 1527 1723 1541 ο

359 1594 533 1665 Ἦτορ
562 1597 763 1650 ἁπλοῦν
789 1598 968 1650 ποθέει
1003 1599 1219 1668 Κύριος,
1249 1601 1279 1668 ἢ
1307 1603 1597 1667 καμάτους.

586 1706 711 1758 IIA'.
753 1705 880 1758 ’Ὅτι
905 1705 1175 1771 διάϐολος
1201 1709 1232 1759 ό
1269 1707 1521 1773 φθονῶν.

286 1811 516 1880 Ἀρκιος
538 1812 566 1862 ὁ
589 1810 845 1879 φθονέσας
879 1814 1128 1880 μερόπων
1152 1813 1328 1877 γένει’
1361 1815 1408 1864 εἰ
1454 1814 1509 1865 δὲ
1537 1818 1628 1866 καὶ
1669 1815 1824 1883 ἡμεῖς

375 1899 665 1968 ’Δλλήλοισι
707 1900 875 1968 μύλας
909 1901 1141 1968 θήγομεν
1169 1900 1506 1964 ἀλλοκότους,

280 1989 426 2042 Οὐδὲ
454 1989 523 2040 τὰ
543 1989 632 2040 τοῦ
660 1988 860 2056 δρυμοῦ
888 1989 980 2052 ζῷ’
1009 1989 1223 2041 ἔσσεται
1252 1990 1403 2052 ἐκτὸς
1443 1989 1684 2058 ὀλέθρου,

364 2077 470 2127 Καὶ
491 2076 598 2127 τόθ’
624 2078 650 2126 ὁ
677 2075 947 2144 βασκήνας
970 2076 1135 2127 οὔτιν’
1161 2076 1531 2148 ἔχοιτοπόνον.

433 2179 554 2232 HB’.
579 2181 695 2232 Ὅτι
716 2185 747 2234 ὁ
767 2181 910 2247 ἔρως
940 2181 1056 2246 Θεῷ
1086 2185 1477 2236 καταπαύεται
1503 2186 1682 2252 μόνῳ.

358 2286 479 2348 Τὸξ’
503 2286 759 2339 ἐνέτεινεν
780 2286 950 2355 ἔρως,
967 2289 1059 2339 καὶ
1088 2288 1250 2340 δείδια
1280 2289 1400 2351 ὀξὺν
1433 2290 1606 2342 ὀϊστόν
1629 2306 1643 2320 ⁸

358 2377 424 2428 Τί
447 2376 671 2443 πράξω;
707 2377 796 2440 τι;
834 2375 964 2438 τέως
997 2378 1151 2429 ὅπλον
1185 2378 1329 2447 ἄειρέ
1357 2379 1407 2431 τί
1431 2397 1534 2435 σοι.

277 2463 422 2518 Εἶτα
452 2465 586 2531 φύγε
611 2464 824 2533 Χριστῷ
848 2480 863 2495 ο
890 2466 917 2516 ὁ
943 2465 986 2516 δ’
1016 2467 1101 2535 ἄρ’
1134 2465 1358 2534 ἄλκιμός
1395 2469 1510 2520 ἐστι
1539 2470 1629 2522 καὶ
1666 2464 1774 2533 οἶος

363 2557 568 2617 Πάσαις
595 2556 829 2608 ἀντιέναι
860 2556 1156 2624 δυσμενέων
1192 2557 1484 2627 παλάμαις.

421 2663 538 2718 ΗΓ.
570 2665 695 2717 Ὀτι
725 2665 779 2717 οι
808 2665 1110 2733 ἁσπασμοὶ
1137 2668 1251 2720 τῶν
1284 2669 1463 2736 ἁγίων
1500 2671 1711 2730 ἔνθεοι.

278 2831 371 2882 Τὰ
385 2831 503 2898 τρία
525 2831 673 2884 ταῦτ’
688 2833 977 2898 ἀπόφευγε,
997 2837 1248 2900 γυναῖκα,
1263 2838 1354 2887 καὶ
1368 2838 1586 2902 ἀσπίδα,
1610 2840 1702 2892 καὶ
1720 2839 1822 2892 λιν·

364 2920 471 2988 Τὴν
504 2921 559 2970 δὲ
578 2921 774 2983 πλεῖον,
807 2921 927 2971 ὅσον
953 2915 1268 2990 πικρότερον
1296 2925 1356 2974 τὸ
1381 2925 1557 2985 δάκος.

294 3010 568 3070 Ἀσπάζου
594 3010 882 3078 μοναχούς·
904 3012 985 3062 ὄτι
1011 3013 1086 3080 τῷ
1122 3017 1328 3082 συνεχεί
1357 3015 1462 3067 τῶν
1489 3017 1680 3086 εὐχῶν,

360 3099 551 3152 Χείλεα
584 3101 676 3151 καὶ
699 3100 944 3166 γλῶσσαν
977 3102 1091 3155 θεῖα
1122 3104 1370 3171 φέρουσιν
1401 3107 1558 3173 ἄγαν.

277 3230 407 3282 ΠΧ.
441 3229 555 3281 ’Ὁτι
586 3229 730 3298 πρὸς
764 3199 870 3295 τῆς
907 3231 1185 3352 ἀμῦῑρτίας
1232 3233 1554 3301 ἐπίπληξις
1596 3236 1818 3291 ἀνώλε-

1007 3317 1127 3352 ooc.

1000 3317 1127 3364 'poc.

274 3405 429 3472 Πρὸς
461 3405 547 3456 τόν
572 3405 786 3473 ἁμαρτῆ
798 3377 960 3458 σαντα
983 3408 1076 3458 καὶ
1105 3409 1401 3475 οἰμώζοντα
1427 3411 1698 3479 κραταιῶς

359 3495 580 3544 Ἔννεπε
613 3495 890 3562 Βησαρίων
911 3512 924 3523 ·
959 3495 1018 3547 Εἰ
1047 3496 1147 3559 ὅτι,
1177 3498 1394 3563 φίλτατέ
1428 3517 1537 3565 μοι,

272 3583 449 3635 Ταῦτ’
476 3583 831 3650 ἐνεθυμήθης,
856 3579 943 3634 ὧδ’
973 3586 1178 3647 ἔστενες
1205 3583 1337 3655 ἦτορ
1366 3589 1562 3652 ἀλύων,

353 3668 463 3718 Οὐκ
490 3667 554 3719 ἂν
583 3667 675 3718 νῦν
705 3668 848 3718 ἐδέου
877 3670 1168 3720 τοσσατίων
1194 3672 1385 3736 ἀχέων.

355 3793 475 3844 ΙΙΕ¹.
510 3793 634 3844 Ὅτι
677 3793 741 3845 τὸ
771 3795 1208 3861 ἁνεκπόρευτω·
1251 3796 1742 3863 φιλοπονώτερον.

271 3962 349 4016 Ὦ
387 3965 566 4034 μάκαρ
596 3963 922 4032 ἀγλαόθυμε,
955 3964 1006 4016 τί
1035 3965 1278 4035 ῥέξομεν,
1310 3966 1425 4017 εἰπὲ
1457 3969 1548 4018 καὶ
1576 3968 1723 4036 ἡμῖν.

354 4059 589 4126 ὐμματ’
618 4056 752 4125 ἔχων
782 4057 954 4126 ἐρέεις
979 4075 993 4122 ;
1018 4058 1148 4124 δῆλα
1176 4057 1284 4109 τάδ’
1310 4057 1496 4126 ἄχθοσί
1525 4075 1626 4110 σοι.

268 4141 419 4197 Ἶίσό
441 4163 525 4214 μοι
555 4146 610 4195 ὲν
641 4147 878 4213 μεγάρῳ,
916 4145 1072 4212 μόνον
1100 4139 1204 4212 ἦσο
1226 4163 1241 4176 ·
1275 4145 1331 4196 τὸ
1359 4146 1402 4196 δ’
1431 4145 1618 4214 ἄρκιόν
1652 4147 1764 4198 ἐστι

351 4236 522 4302 Ἔργα
551 4234 884 4302 διδασκῆσαι,
909 4235 971 4303 ὴέ
998 4252 1078 4295 τις
1109 4236 1403 4304 ὑψπγόρης.

311 4363 458 4426 115.".
493 4361 618 4412 Ὅτι
650 4362 971 4428 κεφάλαιον
995 4365 1280 4432 pora};ch
1320 4366 1384 4418 τὸ
1411 4368 1749 4433 φιλόξενον.

269 4531 506 4584 Λύουσιν
531 4530 746 4599 μοναχοὶ
776 4531 1010 4584 κανόνων
1034 4532 1220 4596 τύπον,
1245 4534 1457 4587 εἵποθεν
1482 4536 1622 4588 ἔλθοι

345 4623 546 4686 Ξεῖνος,
578 4623 665 4673 καί
695 4639 825 4688 φασι
847 4639 861 4652 ·
891 4624 1157 4692 Φάρμακοι
1181 4626 1346 4676 ταῦτα
1380 4626 1544 4678 πέλει.

269 4713 507 4781 Χριστοῦ
539 4715 592 4765 δὲ
626 4715 791 4778 ξεῖνος
821 4717 1002 4784 φορέει
1031 4717 1227 4768 τύπον·
1261 4717 1417 4778 αὐτὸς
1455 4717 1538 4785 ἄρ’
1571 4720 1736 4778 ἐστὶν,

345 4799 416 4851 Οὖ
443 4801 558 4867 δίχα
591 4805 692 4853 πᾶν
718 4803 890 4869 ἄλκαρ
922 4805 981 4854 οὐ
1007 4805 1181 4855 δύνατ’
1212 4805 1486 4870 (regem.

268 4926 394 4979 IIZ'.
421 4930 533 4976 ’Ὁτι
555 4927 644 4978 δεῖ
678 4930 824 4992 τοὺς·
847 4932 1165 4992 πίπτοντας
1200 4931 1280 4995 μὴ
1305 4930 1423 4992 τοῖς
1455 4931 1651 4994 κακοῖς
1683 4931 1804 4982 ἑπι-

925 5016 998 5063 με
1006 5014 1083 5047 νει
1094 5016 1126 5047 ν
1135 5037 1145 5048 .

265 5099 332 5149 ΕΞ
361 5097 536 5156 ἄλλοις
569 5098 850 5148 ἐκέλευσεν
883 5102 908 5151 ὁ
947 5101 1145 5167 Κύριος
1177 5102 1399 5160 ἑπτάκις
1426 5101 1561 5151 ἐπτᾶ

343 5187 452 5239 Καὶ
482 5186 696 5246 δεκάκις
726 5188 901 5253 ἀνρίειν
936 5189 1246 5255 πταίσματα
1273 5190 1376 5239 τῶν
1407 5190 1624 5255 ἑτέρων,

1526 5281 1596 5349 μὴ
1638 5282 1802 5346 simi;

347 5367 438 5438 Τῷ
467 5366 598 5436 μετᾶ
626 5365 718 5433 τὴν
751 5365 946 5433 πρᾶξιν
976 5367 1170 5433 μνῶντί
1201 5385 1256 5419 σε
1287 5370 1390 5422 τῶν
1424 5373 1714 5440 προτέρων,

264 5279 383 5333 Οὖκ
412 5277 476 5330 ἂν
511 5277 717 5342 πρῶτος
743 5277 942 5337 ἐκεῖνος
967 5279 1138 5345 ἀφῆκε
1169 5277 1303 5328 πλε¹¹
1342 5281 1477 5333 ὥστε

347 5541 461 5609 (30)
501 5541 701 5594 Pallad.
730 5535 778 5593 in
814 5534 942 5593 Hist.
981 5539 1094 5593 116.

1672 290 2107 362 PARADISUS.

1844 411 1891 466 Α
1989 405 2264 470 Plangeret
2289 402 2570 466 immenso,
2609 402 2690 458 sic
2717 401 2846 456 Asio
2874 399 2989 453 iniit
3017 397 3098 450 ei:

1919 493 1973 547 Si
2011 494 2302 545 vicinorum
2330 506 2596 545 aerumnas
2625 506 2747 543 cum
2781 498 2956 542 meme
2979 489 3204 548 volutas,

3339 280 3440 341 886

1991 580 2070 635 Ob
2098 581 2353 634 damnum
2381 579 2557 631 minor
2587 577 2713 630 hinc
2745 577 2921 629 luctus
2949 575 3050 627 erit
3081 571 3373 641 proprium.

2069 685 2298 740 LXXIX.
2356 684 2507 749 Quod
2537 683 2700 735 otium
2737 680 2934 746 peccati
2975 679 3135 745 fontes
3166 679 3257 730 sit.

1922 793 2126 847 Menses
2158 791 2393 861 quinque
2423 786 2536 843 seni
2570 785 2740 840 voluit
2766 785 2887 854 quis
2911 783 3094 837 dicere
3116 781 3389 848 quiddam,

1991 883 2105 935 Non
2145 881 2244 934 fuit
2271 890 2323 933 at
2352 879 2431 932 fas
2460 893 2581 933 cum
2618 890 2829 944 semper
2857 881 3047 942 agente
3079 871 3246 939 loqui.

1922 970 2059 1023 Audi
2088 983 2172 1022 me
2206 968 2440 1029 tendent,
2476 965 2761 1028 exclamat,
2800 963 2844 1016 si
2877 960 3004 1029 quid
3040 958 3136 1012 tibi
3169 966 3334 1011 restat

1993 1055 2099 1111 Otii
2133 1074 2145 1110 :
2173 1066 2227 1110 at
2260 1055 2504 1108 incubuit
2528 1065 2641 1108 tum
2677 1052 2847 1121 magis
2877 1049 2962 1103 ille
2982 1048 3152 1117 operi.

1823 1138 1831 1151 Ι
1927 1162 2132 1217 LXXX.
2175 1161 2328 1215 Ratio
2361 1159 2690 1243 dignoscendi
2719 1157 3090 1210 illustrationes
3116 1169 3206 1206 seu
3244 1153 3453 1243 virtutes

2571 1228 2795 1280 divinas.

1926 1337 1981 1390 In
2007 1336 2222 1392 Christo
2251 1335 2358 1389 duo
2392 1334 2690 1394 certabant,
2721 1331 2806 1384 hic
2836 1329 3056 1399 gnavior
3089 1335 3256 1396 atque

1979 1426 2303 1481 'Fervidiore
2331 1424 2511 1479 animo
2542 1463 2556 1488 ,
2586 1423 2805 1492 segnior
2841 1421 2974 1473 alter
2997 1427 3137 1474 erat.

1927 1517 2128 1569 Annuit
2161 1516 2284 1568 huic
2309 1515 2539 1583 primum
2594 1512 2870 1565 Dominus.
2891 1509 3036 1564 Cur?
3057 1509 3236 1563 dicito.
3257 1507 3449 1574 Nempe

1999 1605 2134 1658 Pura
2168 1605 2306 1657 Deus
2336 1603 2548 1670 praefert
2575 1602 2736 1654 corda
2762 1598 3080 1654 laboriferis.

2166 1708 2396 1763 LXXXI.
2433 1709 2580 1774 Quod
2608 1706 2844 1760 diabolus
2883 1707 2948 1758 sit
2980 1705 3210 1759 invidus.

1923 1815 2139 1868 Invidus
2163 1825 2245 1869 est
2270 1817 2546 1868 hominum
2573 1814 2751 1880 generi
2781 1821 2863 1866 sat
2890 1812 3084 1865 noxius
3114 1830 3128 1865 :
3159 1822 3213 1865 at
3246 1812 3292 1865 si

1991 1901 2099 1957 Nos
2126 1903 2262 1956 duro
2286 1917 2389 1956 non
2415 1910 2495 1955 est
2526 1903 2789 1967 stringere
2813 1902 2971 1953 dente
3004 1900 3155 1954 nefas
3190 1917 3205 1952 :

1921 1989 2173 2054 Quzenam
2204 1988 2306 2042 erit
2337 1988 2388 2040 in
2415 1988 2580 2057 sylvis
2609 1986 2720 2039 fera
2748 1986 2839 2039 leti
2868 1996 3115 2053 exempta
3147 1985 3384 2054 periclo?

1981 2079 2201 2132 Lividus
2240 2079 2364 2132 hinc
2390 2092 2578 2146 expers
2610 2076 2698 2130 ille
2730 2076 2929 2129 laboris
2958 2075 3079 2128 erit.

2129 2179 2383 2233 LXXXII.
2423 2180 2657 2232 Amorem
2689 2197 2720 2232 a
2754 2179 2858 2233 Deo
2899 2180 3008 2232 solo
3036 2179 3229 2231 sedari.

1930 2289 2122 2341 Arcum
2159 2291 2516 2353 tenditamor,
2546 2290 2745 2345 celeres
2768 2288 2994 2342 formido
3017 2289 3258 2356 sagittas.

1987 2377 2189 2445 Ecquid
2225 2381 2418 2448 agam?
2451 2380 2508 2433 Si
2539 2396 2656 2448 qnze
2692 2380 2798 2432 sint
2831 2378 2921 2431 tibi
2962 2378 3062 2430 tela
3092 2392 3219 2444 cape
3249 2394 3264 2429 :

1927 2463 2058 2518 Dein
2089 2465 2260 2534 fugito
2281 2467 2346 2519 ad
2369 2467 2639 2521 Christum
2668 2485 2680 2520 :
2709 2465 2859 2520 fortis
2880 2465 3010 2519 satis
3029 2465 3115 2519 ille
3141 2475 3452 2533 potensque,

1996 2552 2293 2609 Imtncnsas
2329 2556 2469 2609 vires
2505 2555 2676 2609 hostis
2702 2565 2758 2608 ut
2790 2554 3091 2607 imminuat.

1927 2657 2203 2713 LXXXIII.
2239 2661 2594 2714 Salutationes
2622 2670 2922 2779 zauctorum
2947 2658 3112 2711 divini
3137 2659 3333 2724 aliquid
3365 2658 3457 2708 Iaa-

2654 2745 2756 2779 ere.

2654 2745 2756 2780 ere.

1925 2828 2047 2882 Ilaec
2080 2831 2176 2881 tria
2211 2841 2335 2883 sunt
2365 2830 2612 2898 fugienda
2641 2832 2754 2893 tibi,
2786 2831 2887 2892 leo,
2915 2830 3131 2891 femina,
3174 2845 3406 2898 serpens,

1993 2916 2211 2983 Hocque
2250 2920 2416 2984 [lingis
2449 2919 2642 2970 mulier
2668 2933 2775 2984 quo
2801 2919 2969 2984 magis
3000 2919 3087 2970 illa
3119 2919 3265 2971 furit.

1849 3012 1893 3071 ε
1923 3006 2245 3072 Amplexare
2277 3007 2396 3074 pios
2420 3007 2736 3066 monachos,
2773 3009 2862 3072 qui
2893 3021 3032 3072 smpe
3064 3009 3329 3073 precando

1989 3096 2054 3148 Et
2087 3096 2264 3163 lingua
2298 3103 2350 3147 et
2380 3094 2532 3148 labiis
2561 3096 2740 3148 omnia
2772 3105 2954 3148 sancta
2984 3093 3183 3148 ferunt.
3283 3162 3286 3165 _

1920 3223 2201 3278 LXXXIV.
2254 3221 2663 3292 Increpationem
2699 3235 2817 3279 ante
2863 3237 3128 3294 peccatum
3173 3227 3455 3280 salutarem

2615 3312 2745 3350 €836.

1918 3402 2050 3455 Cum
2082 3404 2172 3472 qui
2201 3413 2449 3472 peccarat
2474 3406 2682 3473 culpam
2715 3405 3012 3467 damnaret,
3045 3406 3235 3458 acerbe

1990 3491 2056 3544 Se
2088 3494 2448 3557 crueians,sic
2481 3495 2619 3548 hunc
2645 3494 2864 3548 Bcsario
2895 3493 3003 3564 ('50)
3037 3495 3335 3562 increpuit:

1919 3582 1973 3635 Si
2000 3594 2056 3636 tu
2090 3584 2342 3647 luxisses,
2383 3587 2494 3638 haec
2526 3601 2690 3653 pravo
2719 3586 2882 3639 corde
2913 3585 3183 3648 volutans,

1987 3672 2100 3724 Non
2128 3674 2245 3726 istis
2277 3675 2370 3727 tibi
2399 3690 2541 3727 nunc
2571 3676 2806 3729 luctihns
2835 3684 2974 3728 esset
3000 3691 3155 3742 opus.

1916 3793 2168 3846 LXXXV.
2220 3797 2299 3847 Ad
2330 3796 2530 3848 labores
2563 3797 2788 3847 alacrius
2819 3798 3173 3860 suscipiendos
3203 3797 3445 3862 tranquil-

1968 3864 2072 3914 lam
2100 3866 2152 3915 in
2181 3866 2353 3916 eodem
2387 3865 2496 3916 loco
2518 3866 2932 3931 permunsionem
2965 3867 3184 3915 multum
3211 3864 3404 3916 valere.

1918 3967 2134 4024 Summe
2159 3971 2235 4024 vir
2265 3979 2424 4040 atque
2455 3973 2606 4025 beate
2639 3972 2814 4033 Pater,
2841 3972 2944 4035 die,
2974 3971 3163 4038 ecquid
3199 3969 3452 4039 agemus?

1985 4059 2134 4115 Tune
2166 4063 2373 4115 oculata
2401 4077 2558 4132 rogas
2580 4063 2603 4114 ?
2626 4079 2709 4116 res
2739 4062 2788 4115 id
2822 4070 3010 4129 aperta
3047 4062 3218 4115 docet.

1916 4150 2054 4205 Siste
2089 4151 2231 4204 domi
2272 4152 2420 4206 solus
2449 4152 2650 4221 placide
2683 4170 2695 4204 :
2731 4151 3065 4205 manifestius
3098 4150 3254 4210 istud.

1985 4239 2239 4294 Ostendet
2267 4242 2398 4309 quid
2425 4257 2574 4310 agas,
2604 4258 2762 4310 quam
2794 4242 2978 4295 rabula
3004 4240 3314 4308 altiloquus.

1914 4366 2188 4422 LXXXVI.
2232 4370 2656 4448 Hospitalitatem
2699 4371 3017 4487 pt'lrecipuam
3062 4382 3172 4420 esse
3215 4365 3452 4416 virtutem

2491 4456 2542 4487 ιη
2571 4455 2751 4487 monac
2771 4455 2856 4487 us.

2491 4456 2542 4489 ιη
2571 4455 2856 4490 ηιοιιαειιιδ.

1908 4540 2020 4593 Non
2041 4551 2256 4595 servant
2287 4544 2528 4594 monachi
2549 4559 2764 4596 nornms
2783 4557 2904 4594 cum
2925 4540 3043 4607 quis
3065 4538 3209 4591 venit
3232 4539 3422 4606 hospes

1980 4633 2151 4698 Atque
2186 4634 2295 4684 haec
2325 4647 2444 4684 esse
2477 4635 2653 4683 ferunt
2692 4631 2919 4684 exitiosa
2949 4629 3073 4684 sibi.

1912 4719 2104 4770 Verum
2141 4720 2332 4785 hospes
2353 4720 2554 4772 Christi
2586 4721 2816 4787 Speciem
2837 4722 2992 4790 gerit,
3025 4706 3077 4776 et
3099 4723 3211 4778 sine
3232 4723 3442 4778 Christo

1969 4803 2216 4857 I’raesidia
2249 4808 2507 4860 Immunes
2542 4809 2685 4861 nulla
2710 4810 2894 4878 juvare
2925 4811 3121 4864 valent.

1901 4930 2201 4984 LXXXVII.
2241 4934 2387 4998 Quod
2413 4955 2510 4988 non
2551 4949 2782 5005 oporteat
2811 4956 2894 4992 eos
2923 4941 3012 5006 qui
3038 4941 3170 5007 lapsi
3211 4948 3347 5000 sunt,
3386 4939 3438 4988 in

2421 5009 2572 5059 mulis
2597 5024 2942 5074 perseverare.

1907 5105 1961 5159 Si
1999 5106 2436 5179 Dominusjnssit
2466 5122 2666 5181 septem
2699 5126 2913 5180 septena
2945 5113 3236 5178 decemque

1970 5201 2111 5252 Dena
2144 5205 2412 5256 remittere
2444 5205 2506 5256 iis
2538 5207 2627 5271 qui
2656 5205 2790 5255 mala
2826 5202 3189 5270 praestiterint,

1911 5286 2023 5340 Non
2057 5288 2175 5343 ideo
2207 5291 2297 5343 tihi
2325 5299 2399 5344 tot
2435 5294 2717 5356 eomlonat,
2755 5301 2808 5342 ut
2841 5291 2952 5357 ipse
2974 5290 3207 5341 monenti

1985 5377 2056 5433 Te
2085 5381 2252 5449 culpae
2284 5381 2424 5435 haud
2451 5385 2626 5444 cedas,
2661 5392 2712 5434 et
2751 5380 2956 5433 recidas
2987 5381 3162 5434 toties.
