4120 6340
657 222 758 285 891
1897 229 2210 290 JOANNIS
2240 233 2284 291 Ο

2188 232 2210 290 Ξ
2240 233 2655 293 ΟΕΟΜΕΤΒίΕ
3705 240 3815 304 89?.

660 335 773 390 Sibi
805 336 1055 389 traditum
1086 338 1448 392 admirabilem
1481 339 1958 402 adolescentulum,

662 428 713 479 In
750 430 956 481 actione
988 431 1141 483 sitam
1177 432 1353 484 docuit
1380 441 1566 494 artem.
1600 435 1737 487 haud
1766 451 1976 498 novam,

659 514 909 568 Plausum
953 518 1185 582 ferendo,
1210 522 1470 583 emendat,
1495 531 1663 591 urget,
1692 525 1957 578 admonet.

662 603 884 657 Doctore
913 620 1048 673 smpe
1078 608 1294 674 gradum
1327 620 1570 663 movente
1595 610 1657 664 ad
1686 613 1904 679 regiam,

658 689 940 745 Pantaleon
967 709 995 746 a
1019 704 1167 764 tergo
1190 698 1509 765 sequebatur
1548 700 1674 763 cito,

660 779 820 833 Docto
848 783 1098 849 magistro
1141 785 1276 838 ﬁdus
1303 787 1555 840 assistens
1580 801 1784 852 comes;

654 870 803 931 Quod
838 885 957 924 cum
994 873 1228 926 viderent
1251 877 1517 942 principes
1543 877 1751 944 quidem
1786 877 1905 941 viri,

653 958 784 1020 Quis
815 968 956 1014 esset
987 963 1296 1028 anquirunt,
1329 966 1521 1031 quibus
1546 967 1851 1032 parentibus

653 1048 860 1112 Cretus,
894 1065 1082 1118 rogare
1105 1055 1338 1118 aggressi
1372 1055 1678 1121 magistrum
1706 1057 1962 1123 puberum
1993 1074 2005 1110 :

653 1137 850 1206 Nempe
883 1141 1130 1205 alterum,
1155 1144 1236 1195 cui
1265 1153 1369 1195 tam
1403 1153 1621 1198 venusta
1657 1145 1822 1198 forma
1854 1147 1943 1206 sit,

654 1224 837 1280 Facies
867 1236 972 1279 tam
1003 1229 1248 1292 honesta,
1273 1239 1450 1284 tantus
1477 1231 1528 1284 in
1562 1234 1708 1285 vultu
1741 1234 1924 1295 decor,

655 1313 766 1364 Non
797 1316 1033 1368 invenire
1065 1327 1364 1384 promptum
1395 1327 1506 1371 erat
1535 1335 1717 1386 regum
1752 1320 1804 1371 in
1831 1321 2014 1372 domo.

727 1401 817 1453 llis
851 1403 1229 1470 Euphrosynus
1259 1406 1354 1457 rite
1382 1421 1691 1472 responsum
1720 1408 1895 1460 dedit:

656 1488 751 1540 llic
790 1498 947 1541 natus
977 1499 1058 1542 est
1085 1489 1371 1558 Eustorgii,
1403 1502 1572 1545 matre
1605 1493 1840 1556 Eubola;

655 1577 783 1638 Qua:
809 1585 977 1630 morte
1009 1577 1150 1630 fatali
1182 1589 1472 1647 perempta,
1498 1580 1607 1646 jam
1638 1583 1875 1634 omnium

654 1665 950 1716 Commune
976 1665 1132 1718 solvit
1166 1667 1398 1718 debitum
1433 1669 1755 1721 mortalium.

654 1753 750 1806 Ast
778 1753 938 1816 hunc,
981 1755 1268 1821 peritorum
1301 1758 1598 1809 medentum
1621 1774 1724 1824 quo
1761 1760 1926 1813 libros

651 1841 976 1903 Addiscr'ret,
1007 1843 1321 1895 solutionem
1353 1844 1416 1895 ad
1443 1843 1688 1910 cladium,

659 1926 724 1979 Ut
759 1929 1056 1995 pertinaces
1082 1931 1201 1982 hinc
1236 1931 1442 1984 doleres
1473 1933 1705 1986 ulcerum

652 2018 1043 2084 (Sonipeseeret,
1078 2019 1203 2071 mihi
1235 2022 1564 2074 tradiderunt
1595 2022 1796 2074 sedulo.

724 2105 798 2156 Illi
830 2108 938 2156 haec
969 2107 1203 2158 vicissim
1239 2109 1396 2160 verba
1422 2109 1714 2161 retulerunt
1739 2112 1850 2161 vim
1876 2127 1888 2162 :

656 2193 750 2245 Vir
780 2196 996 2260 optimc,
1030 2196 1220 2247 almam
1258 2212 1349 2262 per
1387 2198 1610 2249 salutem
1646 2198 1966 2265 principum,

653 2280 939 2334 Formosus
972 2283 1076 2340 hic.
1109 2293 1265 2348 atque
1300 2284 1489 2336 indolis
1519 2284 1728 2350 juvenis
1760 2286 1953 2350 prolue,

654 2367 948 2433 l‘erdignus
980 2379 1079 2429 est,
1108 2370 1196 2434 qui
1226 2369 1289 2422 ad
1318 2371 1660 2437 imperantem
1693 2372 1930 2439 prodeat.

724 2467 847 2517 l‘ost
875 2467 958 2517 illa
991 2468 1227 2518 referunt
1254 2469 1558 2536 imperatori
1585 2470 1742 2528 truci,

655 2555 728 2605 De
761 2556 973 2622 juvenis
1009 2557 1165 2624 hujus
1197 2559 1342 2609 vultu
1370 2560 1591 2611 honesto
1613 2570 1664 2611 et
1699 2557 1936 2612 dotibus.

655 2647 795 2714 llrgo
829 2649 1027 2701 vocatis
1065 2660 1171 2700 tum
1200 2650 1455 2702 ministris
1480 2650 1680 2703 sedulis

652 2734 872 2788 Curavit
902 2745 1137 2805 optatum
1172 2737 1270 2790 sibi
1312 2738 1425 2790 dari
1467 2739 1742 2806 puberem.

653 2824 887 2886 Clarum,
925 2826 1174 2878 nitentem
1212 2827 1462 2893 getnmeis
1486 2826 1795 2880 virtutibus.

656 2913 726 2964 [τι
759 2913 886 2964 vidit
914 2915 1029 2980 ejus
1054 2916 1162 2966 oris
1195 2916 1462 2981 egregium
1498 2916 1682 2978 decus,

656 2999 999 3065 Splendorem
1034 3011 1084 3053 et
1122 3003 1292 3054 oculis
1314 3002 1625 3054 emicantem
1658 3002 1866 3067 lucidis,

656 3087 931 3154 lnstarque
959 3091 1158 3141 vultum
1199 3091 1419 3158 fulguris
1449 3108 1459 3142 ;
1495 3102 1602 3142 tum
1637 3093 1832 3158 gaudio

659 3177 882 3229 Summo
909 3180 1162 3242 superbus
1194 3179 1480 3243 imperator
1511 3180 1708 3239 exsilit,

659 3261 1179 3330 liupiirosynumque
1204 3265 1448 3316 hortatur
1477 3274 1641 3316 artem
1671 3267 1815 3317 illiilli
1846 3281 1996 3319 suam

660 3351 859 3402 Docere
891 3352 1058 3402 multo
1085 3367 1241 3417 quam
1271 3362 1424 3403 antea
1448 3353 1773 3416 accuratius,

661 3439 725 3490 Et
752 3440 980 3491 maxime
1019 3441 1409 3507 compendiaria
1441 3441 1522 3492 via
1558 3460 1570 3493 :

658 3529 792 3580 Cum
824 3537 1039 3594 cuperet
1071 3529 1192 3580 huic
1215 3529 1394 3596 ju-veni
1423 3530 1584 3595 probo
1616 3529 1747 3584 bene
1783 3533 2015 3598 consuli,

667 3614 733 3667 Ut
765 3615 895 3668 forte
925 3617 968 3668 si
999 3616 1381 3685 Euphrosynus
1406 3626 1606 3672 exactae
1630 3633 1793 3673 senex

661 3704 792 3758 Vit-.e
818 3707 1075 3773 peregerit
1100 3707 1256 3758 breve
1287 3706 1517 3760 stadium
1552 3724 1681 3772 sure,

661 3794 787 3847 l’ost
818 3796 932 3857 ejus
964 3795 1165 3847 obitum
1202 3811 1388 3849 rursus
1417 3796 1470 3848 in
1499 3797 1696 3864 palatio

661 3885 758 3938 llic
792 3895 932 3938 esset
964 3901 1149 3938 ()lllllCS
1186 3885 1422 3938 allevans
1453 3887 1641 3939 morbo
1671 3889 1844 3955 gravi.

690 3971 701 3978 ί
729 3987 793 4035 At
829 3984 1141 4037 Hermolaus
1176 3985 1378 4036 vetulus
1409 3984 1616 4035 occulto
1641 3986 1692 4036 in
1732 3987 1849 4039 loco

659 4072 889 4140 llegehat
920 4072 1252 4137 amplexatus
1283 4072 1420 4122 haud
1450 4072 1566 4123 ﬁcte
1592 4073 1777 4133 Deum,

661 4159 756 4209 Hic
792 4159 1162 4210 l‘antelemona
1190 4160 1398 4208 intuens
1437 4167 1512 4208 ter
1532 4165 1622 4208 aut
1648 4168 1855 4223 quater,

660 4247 726 4295 lit
754 4247 855 4295 huc
882 4252 933 4294 et
961 4245 1082 4294 illuc
1118 4245 1457 4294 ventitantem
1495 4244 1632 4296 ultro
1657 4245 1816 4306 citro,

659 4331 818 4381 Juxta
844 4345 1018 4381 casam
1046 4331 1355 4397 pernicitate
1386 4331 1589 4395 sedula,

665 4420 1169 4486 l’ergemlopubliea
1203 4420 1284 4472 via
1315 4420 1549 4489 quotidie

663 4505 927 4574 Vultuque
952 4519 1238 4577 conspecto
1261 4512 1479 4565 decente
1518 4512 1770 4577 maxime,

666 4595 907 4649 l’laeente
937 4613 1138 4665 gressu,
1168 4608 1219 4652 et
1247 4615 1337 4652 ore
1364 4600 1513 4653 valde
1543 4601 1761 4664 all‘abili,

664 4687 725 4738 Ῐσῖι
755 4691 989 4742 moribus
1021 4691 1248 4752 blandis,
1284 4692 1615 4759 benignaque
1651 4693 1846 4753 indole,

667 4775 813 4831 llnne
840 4791 1015 4832 mente
1048 4781 1187 4831 videt
1217 4781 1490 4832 electionis
1522 4797 1612 4833 vas
1654 4779 1767 4834 fore
1799 4799 1811 4833 :

663 4867 734 4917 Ae
774 4868 1022 4933 puberem
1049 4868 1245 4919 veritus
1280 4883 1437 4919 senex
1471 4869 1608 4919 lento
1637 4869 1764 4934 pede

667 4957 916 5007 Adoritur
948 4971 974 5007 a
1008 4957 1122 5008 loco
1159 4956 1429 5022 improbos
1465 4957 1573 5016 tibi,
1612 4958 1920 5020 lucubratis,

669 5043 896 5110 Lugens,
933 5045 1162 5107 labores,
1193 5054 1243 5095 et
1277 5044 1575 5110 quiescens,
1605 5045 1867 5109 hauserat,

673 5133 725 5182 In
763 5135 1044 5185 solitudine
1069 5136 1133 5184 ob
1170 5143 1365 5184 metum
1401 5134 1697 5199 gentilium.

674 5220 738 5271 L't
771 5224 932 5273 movit
965 5225 1063 5273 huc
1095 5239 1149 5274 se
1174 5223 1385 5289 juvenis
1414 5231 1570 5289 atque
1604 5224 1832 5277 transilit

674 5310 852 5359 Limen
879 5312 1089 5372 thlllllS,
1122 5313 1258 5365 hunc
1295 5314 1564 5364 osculatus
1595 5314 1800 5364 vetulus
1831 5326 1933 5380 est,

743 5395 992 5448 Formose
1026 5400 1092 5450 ιιιί
1127 5401 1431 5454 adolescens
1466 5417 1579 5465 ave,
1608 5418 1638 5452 o
1679 5402 1848 5468 proles
1880 5406 2037 5469 proba
2066 5422 2075 5454 :

676 5486 737 5539 lit
777 5497 847 5546 tu,
884 5503 1040 5539 senex
1076 5494 1385 5554 venerande,
1423 5493 1564 5546 salve.
1605 5493 1907 5560 plurimum,

2213 352 2258 403 Λ

2386 341 2551 410 Οὗτος
2575 350 2632 400 τὸ
2663 350 3077 418 πανθαύμαστον
3102 350 3342 404 ἐκλαϐὼν
3367 351 3532 421 κτέαρ

2390 435 2498 502 Τὴν
2523 438 2823 506 πρακτικὴν
2856 438 3105 507 μάθησιν,
3133 441 3191 492 οὐ
3223 439 3317 508 τὴν
3344 441 3551 510 ἀρτίαν,

2391 526 2591 593 Κρότον
2614 525 2718 596 [ισ.
2749 530 2996 596 κροτῶνῖ,
3037 529 3314 594 διδάσκων,
3357 529 3624 582 συλλαϐὼν
3662 531 3818 583 ἐνου-

2387 606 2461 666 Οὗ
2484 614 2738 677 πολλάκις
2759 617 3068 678 σπεύδοντος
3097 619 3152 671 ὲν
3177 617 3436 685 παλατίῳ,
3569 617 3759 688 [OE-ret,

2400 699 2459 751 '0
2490 701 2827 754 Πανταλείων
2856 703 2912 766 ἐξ
2929 703 3184 756 ὀπισθίων
3205 704 3428 772 τρέχων,

2388 791 2675 843 Συνείπετο
2698 793 2977 860 προῦχοντι
2997 793 3073 862 τῷ
3100 792 3416 859 διδασκάλῳ.

2392 879 2562 948 Ὅπερ
2591 879 2869 948 βλέποντες
2892 883 2938 933 οἱ
2971 884 3282 950 μεγιστᾶνες
3314 882 3490 945 πάλιν,

2388 967 2480 1027 Τίς
2509 968 2643 1032 ἐστι,
2671 970 2760 1020 καὶ
2787 970 2900 1032 πῶς
2927 971 3059 1032 ἐστι,
3097 971 3187 1022 καὶ
3217 971 3350 1031 τινος
3383 970 3551 1032 πέλει,

2391 1054 2664 1123 Ἔφθασαν
2693 1058 2860 1109 είπεῖν
2888 1059 2991 1111 τῶν
3014 1058 3144 1111 νέων
3169 1059 3476 1127 διδασκάλῳ.

2391 1143 2576 1194 Ἀλλον
2610 1143 2733 1212 γὰρ,
2763 1146 2836 1206 ὠς
2861 1146 3047 1209 ἔοικεν,
3079 1146 3410 1214 ὼραῖσμένον

2385 1231 2632 1283 Τοιοῦτον
2654 1233 3021 1302 εὐπρόσωπον,
3054 1235 3228 1303 εὐειδῆ
3261 1237 3398 1303 νέον,

2386 1319 2496 1372 Οὐκ
2526 1315 2593 1387 ἦν
2617 1300 2861 1386 ἐφευρεῖν
2892 1323 2947 1372 ὲν
2973 1321 3152 1388 δόμοις
3176 1300 3502 1390 ἀνακτόρων.

2454 1408 2590 1473 Πρὸς
2623 1406 2711 1468 οὓς
2740 1409 2766 1458 ό
2793 1408 3124 1475 Εὐφρόσυνος
3149 1410 3408 1476 εὐστόχως
3447 1410 3578 1477 ἔφη’

2383 1494 2703 1560 Εὐστοργίου
2735 1498 2859 1557 παῖς
2888 1498 3021 1557 ἐστι,
3056 1497 3256 1566 μητρὸς
3284 1498 3540 1565 Εὑΰόλης,

2385 1584 2539 1643 Ἤτις
2572 1584 2799 1635 [θανοῦσα
2823 1583 2910 1634 τὸν
2942 1585 3291 1651 πεπρωμένον
3323 1586 3484 1652 μόρον

2381 1672 2451 1722 Τὸ
2478 1670 2647 1722 κοινὸν
2679 1669 2877 1732 ἐξέτισε
2900 1672 2991 1722 καὶ
3017 1672 3226 1723 πάντων
3251 1673 3424 1738 χρέος.
3567 1672 3790 1741 [βίϐλων

2397 1761 2482 1818 Ἐς
2535 1759 2677 1809 τόνδε
2701 1757 2808 1827 [ἵσ.
2845 1759 2992 1826 Ἐμοὶ
3020 1757 3098 1828 δὲ]
3126 1757 3307 1810 τοῦτον
3365 1759 3472 1810 τῶν
3505 1760 3814 1827 ἁκεστόρων

2385 1843 2544 1907 Αὖθις
2576 1846 2819 1911 γενέσθαι
2848 1845 2958 1914 [γρ.
2982 1845 3221 1915 ἀνέσθαι]
3245 1847 3503 1913 πημάτων
3533 1847 3813 1915 λυτήριον,

2390 1935 2570 1995 Ὅπως
2604 1933 2876 1993 δυσαλθείς
2906 1933 3166 2002 πημάτων
3199 1931 3486 1999 ἀλγηδόνας

2385 2021 2535 2089 Παύῃ
2561 2020 2825 2087 παρέσχον
2861 2021 2916 2084 ἐξ
2947 2014 3156 2087 ἑτοίμου
3190 2018 3498 2087 μανθάνειν.

2453 2113 2511 2162 0i
2538 2111 2592 2162 δὲ
2623 2111 2753 2178 πρδς
2780 2110 2935 2161 αὑτὸν
2964 2111 3261 2177 ἀντέφησαν
3282 2108 3502 2160 αὑτίκω·

2385 2199 2474 2250 Μὰ
2502 2200 2605 2249 τῶν
2634 2197 2787 2257 Οεῶν,
2816 2199 3070 2265 βέλτιστε,
3098 2199 3192 2265 τὴν
3229 2198 3520 2266 σωτηρίαν,

2395 2288 2453 2339 Ὀ
2477 2287 2833 2356 καλλίμορφος
2863 2281 3010 2348 οὗτος
3041 2288 3313 2355 εὐπρεπὴς
3343 2287 3477 2350 νέος,

2416 2381 2484 2440 Ως
2516 2380 2662 2441 ἄξιος
2698 2381 2904 2448 μέδοντι
2928 2379 3018 2432 τοῦ
3048 2379 3397 2444 παρεστάναι.

2386 2469 2490 2519 Καὶ
2521 2468 2793 2535 συντόμως
2822 2467 3072 2536 τρανοῦσι
3100 2466 3172 2534 τῷ
3198 2467 3505 2537 κακεργάτῃ

2393 2557 2616 2607 Ἂνακτι
2644 2556 2817 2606 πάντα
2845 2554 2937 2605 τοῦ
2967 2556 3082 2606 νέου
3111 2553 3296 2604 τούτου
3321 2554 3467 2620 πέρι.

2396 2644 2455 2695 Ὀ
2481 2646 2524 2696 δ’
2546 2644 2610 2696 αὖ
2647 2645 2910 2705 καλέσσας
2941 2644 3211 2703 εὐσταλεῖς
3243 2643 3514 2711 ὑπηρέτας

2390 2730 2560 2800 Ἷίγεν
2597 2735 2726 2802 πρὸς
2757 2733 2912 2785 αὑτὸν
2938 2733 3024 2783 τὸν
3054 2732 3375 2800 ποθούμενον
3401 2733 3537 2796 νέον,

2388 2823 2700 2890 Λάμποντα,
2727 2822 3098 2892 μαρμαίροντα
3123 2822 3364 2890 λυχνίτου
3394 2821 3565 2886 δίκην.

2392 2905 2466 2964 Ob
2496 2913 2585 2962 καὶ
2606 2909 2795 2978 διαυγῆ
2816 2910 2906 2961 τοῦ
2939 2909 3222 2977 προσώπου
3251 2909 3344 2975 τὴν
3363 2908 3506 2960 Θέσιν
3533 2905 3640 2976 [ῑσ.
3666 2904 3822 2974 θέαν]

2392 3001 2501 3052 Καὶ
2527 3000 2622 3068 τὴν
2647 2999 3063 3050 ἀποστίλϐουσαν
3098 2999 3161 3049 ὲκ
3188 2997 3291 3049 τῶν
3321 2997 3578 3064 ὀμμάτων

2384 3090 2490 3140 Καὶ
2539 3089 2636 3157 τὴν
2694 3089 3198 3156 ἀπαστράπτουσαν,
3251 3087 3434 3153 ὥσπερ
3480 3085 3587 3155 [ἵσ.
3635 3079 3825 3154 εἶδεν,]

2385 3175 2558 3242 Ἵίσοη
2590 3177 2703 3226 κατ’
2724 3175 2894 3242 ἄκραν
2917 3175 2942 3224 ό
2972 3174 3172 3242 θρασὺς
3195 3174 3546 3241 στεφηφόρος.
3571 3171 3824 3240 [εὐθέως.

2387 3264 2493 3315 Καὶ
2516 3265 2612 3329 τὴν
2642 3261 2942 3328 προσοῦσαν
2975 3261 3223 3328 ἀσφαλῶς
3263 3259 3586 3325 Eappan-'3th

2392 3350 2721 3418 Προῠτρεψιν
2754 3350 2785 3418 ἢ
2813 3351 2914 3417 πρὸ
2942 3349 3118 3415 τοῦγε,
3151 3349 3243 3401 καὶ
3272 3348 3444 3414 πο).λῷ
3475 3347 3652 3408 πλέον,

2440 3439 2596 3507 έχνην
2615 3439 2881 3491 διδάσκειν
2901 3438 3147 3507 ἐμμελῶς
3172 3438 3498 3505 ἢπειγμένην
3531 3435 3635 3505 llo.
3666 3435 3822 3486 ἕπει-

2391 3529 2587 3596 Βουλὴν
2616 3528 2719 3597 γὰρ
2752 3526 3071 3580 εὐσύνοπτον
3098 3527 3267 3587 ἄλλως
3537 3523 3621 3594 [γέ
3650 3523 3786 3593 μινι.

2353 3661 2358 3665 .
2395 3620 2461 3670 Εἴ
2485 3635 2598 3679 πως
2630 3621 2656 3670 ό
2682 3617 3016 3687 Εὑφρόσυνος
3041 3620 3097 3669 ὲν
3128 3615 3317 3686 μακρῷ
3341 3616 3512 3685 χρόνῳ

2393 3711 2494 3762 Τὸν
2517 3710 2607 3762 τοῦ
2644 3709 2757 3778 βίου
2787 3709 2994 3762 δίαυλον
3022 3710 3185 3770 όντως
3212 3708 3488 3776 ἐκδραμοι,

2398 3800 2587 3852 Κεὶνου
2627 3800 2873 3860 θανόντος
2901 3799 3129 3866 ἔμπαλιν
3160 3797 3422 3864 παλατίῳ.

2395 3894 2670 3949 ,ιΛπαντας
2695 3888 3008 3940 ἁλθαιῖνοντα
3043 3887 3224 3937 τοῦτον
3249 3886 3322 3945 ὼς
3351 3886 3483 3950 ἔχοι.

2472 3977 2792 4044 Ἐρμούλαος
2819 3977 2874 4026 δὲ
2901 3973 3136 4037 πρέσϐυς
3160 3975 3216 4022 έν
3248 3972 3469 4038 κρυπτῴ
3494 3972 3642 4038 τόπῳ

2410 4068 2581 4134 Ὗπῆν
2611 4066 2819 4130 ἀληθῶς
2842 4064 3068 4132 Χριστὸν
3099 4063 3552 4131 ἐνστερνισμένος,

2401 4160 2494 4217 Ὃς
2524 4157 2667 4207 τόνδε
2696 4153 3059 4205 Πανταλέοντα
3088 4150 3293 4210 διθάκις
3318 4149 3542 4218 βλέπων,

2408 4247 2609 4296 Ὶίκεῖσε
2642 4246 2731 4294 καὶ
2754 4242 2828 4311 τῷ
2851 4241 3024 4308 δεῦρο,
3058 4243 3148 4292 καὶ
3175 4237 3496 4307 περαιτέρω,

2394 4334 2562 4384 Ὅπου
2600 4332 2828 4399 κατῴκει
2852 4329 2945 4398 τὴν
2976 4329 3294 4379 παλίσσυτον
3324 4329 3483 4393 τάχος

2404 4421 2665 4488 ’Λταρπὸν
2691 4420 3014 4488 ἐκτρέποντα
3041 4417 3136 4485 τὴν
3163 4416 3449 4483 λεωφόρον.

2401 4512 2569 4580 Ὀρῶν
2600 4512 2654 4562 δὲ
2682 4513 2772 4562 καὶ
2804 4509 3059 4577 πρόσοψιν
3089 4507 3475 4574 ὴγλαῖσμένην,

2407 4603 2640 4671 mam?”
2669 4601 2913 4670 τερπνδνν
2938 4599 3333 4670 εὐπροσήγορον
3363 4598 3550 4663 στόμα,

2391 4692 2555 4756 ἿΙΟος
2585 4694 2851 4753 ταπεινὸν,
2885 4692 2977 4742 καὶ
3007 4690 3259 4756 γαλήνιον
3293 4688 3513 4755 τρόπον.

2393 4786 2501 4834 Καὶ
2533 4781 2795 4846 πνεύματι
2824 4780 2979 4844 γνοὺς
3018 4777 3199 4835 σκεῦος
3232 4775 3456 4839 ἐκλογῆς
3485 4773 3642 4841 μέγαν

2394 4872 2640 4937 Μάιρπτει
2676 4864 2919 4926 δεδοικὼς
2948 4864 3182 4933 πρέσϐυς
3212 4863 3396 4929 ἡσύχῳ
3427 4864 3545 4913 ποδὶ

2394 4959 2586 5011 Καλῶν
2619 4957 2903 5024 κρυφηδόν,
2935 4953 3056 5003 ἔνθα
3085 4954 3206 5011 τοὺς
3239 4953 3476 5019 μακροὺς
3507 4953 3699 5014 πόνους

2397 5047 2632 5115 Θρηνῶν,
2666 5045 2974 5114 ἀγρυπνῶν,
3005 5043 3219 5110 ἠρεμῶν
3254 5042 3553 5109 ἐκαρτέρει,

2401 5136 2637 5203 Ἔρημον
2676 5136 2751 5194 εἰς
2781 5135 3006 5199 οἴκησιν,
3052 5131 3309 5198 Ἑλλήνων
3335 5131 3499 5197 φόϐῳ.

2397 5226 2496 5274 Τὸν
2521 5225 2610 5275 καὶ
2634 5224 2903 5290 τραπέντα
2933 5222 3021 5271 καὶ
3054 5223 3320 5288 προίέαντα
3345 5222 3438 5288 τὴν
3464 5220 3628 5287 Οὑραν

2406 5315 2628 5364 Ἐκυσεν
2649 5312 2830 5373 εἰπὼν,
2863 5312 3299 5376 [εὐπρεπέστατον
3332 5311 3506 5376 Θαλος,

2470 5401 2664 5451 Νεανία
2697 5401 2963 5468 κράτιστε,
2999 5402 3145 5466 χαῖρε
3181 5400 3343 5450 πολλά
3377 5417 3484 5465 μοι.

2406 5493 2627 5554 uuam,
2667 5490 2868 5558 γεραιὲ,
2910 5492 3079 5555 χαῖρε,
3122 5491 3376 5556 πάντιμον
3405 5491 3558 5554 κάρα.
