4120 6340
286 279 423 347 899

360 396 424 446 Ὀ
458 388 800 446 Πανταλείων
824 382 1102 448 ἀντέλεξεν
1130 372 1351 440 εὐθέως.

1235 318 1252 334 ,
1280 264 1321 320 S
1373 248 1996 324 PANTELEEMONIS
2032 250 2397 312 ELOGIUM.
3323 237 3425 302 894

1812 371 1863 431 Α
1888 368 2025 421 Dixit
2059 367 2230 421 salute
2263 364 2606 418 Pantelemon
2643 363 2872 418 reddita.
2906 411 2910 416 .

347 485 463 538 Καὶ
500 483 569 550 τῇ
593 477 707 549 [γρ.
732 474 826 544 1t“
841 473 976 542 πρὸς
1000 470 1158 524 αὑτὸν
1178 471 1206 520 ὁ
1227 463 1592 534 πρεσϐύτατος
1618 461 1792 530 γέρων
1891 456 1972 510 Ru

1464 479 1592 524 ατος
1618 461 1792 530 γέρων
1891 456 2101 510 Rursus
2125 469 2287 508 senex
2314 454 2395 508 sic
2418 451 2686 507 allocutus
2717 452 2970 519 puberem
2993 456 3091 508 est,

343 572 506 641 Xsth
538 567 835 638 κρατήσας,
855 563 1076 625 Τέκνον,
1103 559 1222 610 εἰπέ
1253 573 1363 625 μοι,
1383 553 1536 614 ιτίνος

347 660 562 729 Πατρός
591 674 650 710 τε
684 654 884 725 μητρός
918 652 964 705 θ’
992 651 1099 710 υἱὸς
1117 644 1166 698 εἴ
1184 644 1565 712 πεφιλημένος.

419 745 753 814 Εὑστοργῑου
782 741 908 802 παῖς
933 740 1067 805 εἰμι,
1105 734 1235 801 φησὶ
1270 729 1588 799 προφρόνως

360 842 420 891 'O
453 835 809 895 Πανταλείων,
843 829 1042 900 μητρὸς
1073 823 1361 890 Εὐὸούλης,
1385 819 1587 886 Πάτερ,

347 929 423 982 ’⁷11
453 944 536 989 τις
562 923 832 993 παρῆλθεν
854 920 918 968 ὲκ
941 914 1266 966 παλαιτάτου
1295 907 1507 993 χρόνου.

400 1018 575 1069 ΕΡΜ.
595 989 781 1071 Ποίας,
801 1007 978 1068 τέκος,
1004 999 1328 1072 θρησκείας;
1353 992 1460 1062 ἆρα
1486 991 1623 1062 πρὸς
1645 989 1770 1059 μίαν

349 1109 426 1159 ἸΙ
449 1105 546 1158 καὶ
577 1100 694 1160 κατ’
718 1098 883 1166 ἄλλην
906 1095 1058 1154 ἄλλος
1082 1093 1138 1143 ὲν
1165 1089 1424 1156 διαιρέσει

349 1196 621 1254 Μένοντες
645 1186 784 1260 ἦσαν
809 1189 874 1256 τῇ
910 1181 1244 1247 συναλλήλων
1271 1177 1473 1247 σχέσει.

426 1285 638 1339 ΠΔΝΤ.
653 1280 850 1347 Μήτηρ
866 1277 961 1346 μὲν
979 1275 1012 1343 ἡ
1030 1269 1264 1340 θνήξασα
1279 1268 1366 1319 τὸν
1384 1262 1617 1334 Χριστὸν
1634 1259 1796 1330 μάλα.

363 1379 422 1429 '0
446 1376 550 1443 φὺς
574 1370 750 1439 πατήρ
787 1384 851 1436 με
875 1365 1000 1426 τοὺς
1037 1362 1189 1422 θεοὺς
1215 1359 1452 1428 στέργει,
1481 1353 1679 1420 Πάτερ,

355 1464 595 1524 Σπονδάς
629 1455 896 1515 τε·λοι6άς
933 1453 980 1506 τ’
1009 1449 1246 1519 εἰσφέρει
1270 1445 1388 1499 καθ’
1426 1443 1657 1512 ἡμέραν.

424 1555 599 1609 EPM.
630 1552 690 1602 '0
716 1547 805 1610 σὺς
833 1546 889 1598 δὲ
910 1542 1075 1612 θυμὸς
1110 1541 1233 1609 ἄρτι
1267 1533 1516 1606 μητρῷον
1547 1530 1727 1591 σέδας,

358 1647 429 1698 ’11
458 1645 551 1697 καὶ
578 1642 638 1694 τὸ
687 1637 890 1706 πατρὸς
932 1632 1224 1698 εὑλαὸήσαι
1271 1629 1382 1697 [γρ.
1430 1615 1796 1688 εὐλαϐήσσιςῙ.

1890 546 2148 598 Prensum
2181 556 2375 605 manu:
2397 539 2514 604 Dic,
2539 547 2680 602 irate,
2719 537 2968 605 quisnam
3000 544 3050 588 te
3079 543 3249 602 pater,

1891 636 2018 702 Qua:
2048 644 2100 687 te
2128 632 2327 686 creavit
2348 639 2517 684 mater
2543 630 2565 681 ἲ
2596 645 2628 682 o
2647 629 2860 690 dilecte,
2891 627 2997 680 die.

1961 730 2276 800 Eustorgius
2305 742 2390 783 me
2411 727 2615 798 genuit,
2643 726 2905 794 ingenuus
2931 737 3065 791 puer

1892 820 2186 890 Respondit
2217 819 2315 882 illi,
2346 825 2515 870 mater
2548 814 2750 869 Eubule
2780 813 2902 876 fuit,

1892 915 2021 981 Qua:
2047 911 2228 964 functa
2258 907 2370 962 fato
2395 915 2476 961 est
2493 905 2719 972 jamdiu,
2742 904 2896 969 jussu
2923 901 3081 954 deum

1962 1009 2195 1069 HERM.
2221 1010 2351 1074 Quis
2379 1009 2555 1063 cultus
2581 1006 2704 1068 illis,
2735 1001 2994 1070 numquid
3032 1001 3224 1053 unicus
3255 996 3389 1049 fuit?

1893 1105 1972 1156 An
1993 1101 2135 1155 aliud
2165 1109 2324 1168 atque
2355 1099 2499 1154 aliud
2530 1098 2821 1152 reveritum
2850 1091 3109 1146 ambobus
3134 1099 3236 1149 est,

1897 1191 2131 1244 Divortio
2162 1197 2430 1243 sectarum
2458 1186 2738 1252 diremptis
2769 1179 3038 1235 invicem?

1969 1277 2180 1332 ΡΑΝΤ.
2200 1277 2474 1330 Christum
2495 1289 2689 1342 parens
2709 1287 2829 1341 qua:
2873 1277 3082 1322 mortua
3119 1273 3222 1328 est,
3268 1262 3432 1315 coluit

1895 1369 2052 1422 Pater
2081 1374 2352 1435 superstes
2378 1365 2592 1418 adamat
2617 1364 2930 1415 innumeros
2955 1356 3104 1419 deos,
3265 1348 3396 1421 [pie,

1899 1458 2283 1520 Lihaminibus,
2309 1463 2361 1509 et
2388 1452 2634 1523 plurimis
2662 1457 2817 1504 ornat
2845 1447 3032 1502 sacris.

1972 1554 2196 1608 IIERM.
2228 1551 2526 1605 Animusne
2554 1558 2856 1602 maternum
2885 1553 3006 1598 tuus
3035 1539 3236 1595 cultum
3262 1537 3372 1599 Dei,

1900 1646 1980 1697 An
2014 1645 2180 1711 patris
2210 1642 2373 1696 etiam
2400 1639 2604 1693 veritus
2628 1644 2730 1700 est,
2761 1633 2984 1686 minime
3014 1630 3200 1684 volens

355 1738 539 1802 Τάφον
558 1688 1020 1797 δοκεόἔινιμθτρδς
1050 1688 1479 1783 “magiith
1511 1707 1801 1803 [μὴθέλων
1833 1688 1874 1746 Β

1513 1707 1801 1803 [μὴΑθέλων
1833 1688 1874 1746 Β
1903 1688 2680 1803 Spectareutum—uluiii—matri—sv
2708 1688 3140 1798 augustissima?

430 1801 642 1880 ΠΑΝΤ.
676 1819 843 1888 Κείνη
872 1813 1111 1870 ποθοῦσα
1142 1810 1286 1877 θῦμα
1312 1805 1387 1874 τῷ
1422 1805 1539 1872 Θεῷ
1573 1801 1715 1870 μόνῳ

277 1917 293 1932 ⁵
357 1919 517 1971 Ζῶσα
546 1911 834 1984 προσάξειν
862 1905 1050 1976 ἤθελεν
1076 1920 1091 1935 ο
1126 1901 1303 1967 πατὴρ
1329 1896 1372 1947 δ’
1399 1894 1529 1962 ὲμὺς

355 2008 575 2062 Μᾶλλον
594 1980 921 2071 *στρατεύειν
951 1994 1137 2064 1ἢθελεν
1161 1990 1322 2040 πάλαι
1345 1980 1544 2054 [ποτέ]

356 2099 548 2165 ’Ὅμως
574 2067 690 2163 [τον.
710 2090 771 2141 οὐ
798 2085 928 2156 μὴνῖ
955 2081 1207 2147 θελούσης
1237 2077 1333 2144 τῆς
1364 2067 1804 2137 σεϐασμιωτάτης

359 2161 595 2251 Μητρὸς⁷
617 2177 798 2245 πατὴρ
834 2191 901 2241 με
930 2173 1041 2230 τοῖς
1069 2164 1258 2220 ἑαυτοῦ
1295 2161 1530 2222 δικτύοις
1576 2175 1579 2178 ‘

361 2272 590 2343 Σφιγγει
618 2268 818 2328 πιέζων
850 2264 924 2325 ὡς
948 2261 1086 2336 κακῇ
1120 2253 1474 2320 ποδοστράϐῃ.

434 2337 602 2412 EPM.
627 2357 694 2408 ’Δ
730 2351 1014 2424 μανθάνεις
1041 2347 1134 2401 νῦν
1163 2362 1254 2397 σου
1281 2341 1578 2409 καθηγέτου
1610 2337 1777 2405 πάρα,

361 2451 430 2503 Τί
463 2449 572 2520 [τσ.
603 2445 718 2516 καὶ]
747 2443 916 2497 ταῦτα
955 2439 1120 2507 κάμοὶ
1152 2437 1245 2489 σὺν
1275 2433 1402 2502 φίλῃ
1434 2427 1709 2499 προθυμίᾳ

365 2538 669 2608 Ἀγγειλον,
697 2537 770 2597 ὡς
797 2533 1005 2603 ἔχουσιν
1041 2527 1235 2580 εἰδέναι
1267 2524 1426 2577 θέλω.

432 2632 641 2684 ΠΑΝΤ.
661 2627 867 2694 Τέχνην
882 2617 1139 2690 Γαληνοῦ,
1154 2617 1250 2686 τὴν
1267 2611 1649 2682 Ἱπποκράτους
1674 2609 1707 2660 ἆ
1712 2623 1803 2675 μα,

377 2715 703 2785 Ἀσκληπιοῦ
739 2731 796 2767 τε
824 2711 917 2764 τοῦ
945 2707 1108 2776 σοφοῦ
1144 2701 1466 2773 προμηθέως

364 2807 585 2868 Βίϐλους
614 2806 811 2857 ὲλίσσω
839 2799 946 2853 τῶν
974 2797 1233 2850 τεθέντων
1262 2790 1566 2858 δογμάτων,

366 2895 658 2964 Καθηγέτῃ
688 2894 744 2945 δὲ
773 2891 1028 2958 πείθομαι
1046 2900 1061 2915 ⁸
1089 2884 1182 2937 καὶ
1209 2882 1316 2948 γὰρ
1336 2879 1473 2932 δέον.

363 2987 527 3052 Λέγει
554 2985 683 3052 γὰρ,
717 2981 792 3042 ὼς
820 2981 1034 3032 ἃπασαν
1063 2972 1362 3041 ἀνθρώπων
1386 2968 1561 3028 νόσον,

367 3074 599 3134 Τούτους
615 3072 723 3142 [Ion
741 3067 958 3137 ταύτας]
978 3062 1216 3127 διελθὼν,
1234 3059 1474 3130 εὐχερῶς
1488 3056 1670 3110 παύων
1686 3054 1802 3121 ἔσῃ.

437 3169 610 3219 ΕΡΜ.
627 3159 980 3230 Στελγῑσματ’
1013 3156 1127 3209 ἐστὶ
1140 3150 1570 3216 ταῦτα,·καπνδς,
1589 3145 1802 3213 αἱθάλη.

370 3263 522 3330 Ἰχνη
544 3257 771 3325 θεούσης
805 3254 931 3322 νηὸς
961 3252 993 3321 ἥ
1023 3251 1178 3310 σκιᾶς
1202 3248 1390 3307 τύπος.

367 3351 603 3420 Γαληνὸς
633 3347 781 3400 οὐδέν
809 3347 976 3405 ἐστιν,
1004 3341 1107 3393 οὐδ’
1148 3335 1528 3406 Ἱπποκράτης.

369 3442 482 3493 Οὐκ
509 3438 664 3500 ἄλλος
689 3436 852 3503 ἑσμὸς
875 3433 979 3485 τῶν
1012 3429 1165 3494 θεῶν,
1191 3427 1282 3489 οὒς
1312 3428 1406 3478 καὶ
1435 3423 1565 3493 σέϐῃ

368 3526 723 3595 Μαξιμιανός.
768 3522 926 3576 Ἀλλὰ
951 3519 1104 3589 δεῦρό
1133 3535 1241 3586 μοι,
1264 3515 1471 3576 τέκνον,

378 3616 567 3682 Ῥίψας
595 3614 656 3664 τὸ
690 3609 883 3679 σαθρὸν
916 3607 1074 3676 ἄχθος
1109 3609 1171 3656 ὲκ
1195 3607 1290 3671 σῆς
1322 3601 1573 3671 καρδίας,

333 3720 336 3721 ⁷
375 3702 630 3768 Πείσθητι
655 3700 747 3750 καὶ
781 3696 1065 3748 πίστευσον
1094 3693 1172 3752 εἰς
1198 3689 1427 3758 Χριστὸν
1460 3688 1637 3754 μόνον,

368 3793 448 3846 Δι’
476 3785 537 3844 οῦ
564 3791 681 3842 κατ’
711 3788 877 3857 ἄμφω
900 3783 1142 3854 ψυχικῶν
1165 3779 1470 3848 ἀλγηδόνων

370 3883 479 3935 Καὶ
513 3880 777 3949 σωμάτων
805 3877 1046 3945 τεύξειας
1078 3872 1142 3925 ἄν
1171 3872 1221 3938 γ’
1250 3868 1573 3938 εὐρωστίαν,

373 3974 565 4044 [1όρρω
592 3971 796 4024 διώκων
818 3969 914 4038 τὴν
938 3967 1110 4034 κακὴν
1134 3961 1408 4017 ἀπιστίαν.

373 4067 618 4136 Νεκροὺς
641 4063 748 4132 γὰρ
775 4055 925 4122 οῦτος
961 4056 1310 4123 ὲξανέστησεν
1343 4051 1484 4117 λόγῳ
1506 4065 1523 4078 ο

372 4160 484 4212 Καὶ
521 4156 775 4225 δαίμονας
810 4152 937 4222 πρὶν
969 4147 1302 4216 ὲξαπὴλασεν
1335 4143 1480 4210 φόϐῳ
1505 4155 1518 4169 ·

371 4245 616 4313 Τυφλοὺς
653 4242 1026 4311 διομμάτωσεν
1059 4237 1116 4300 ἐξ
1149 4233 1429 4300 ἁὸλεψίας.

377 4336 617 4396 Χωλοὺς,
648 4333 938 4400 κλινὴρεις,
968 4328 1229 4388 ἀσθενεῖς,
1261 4322 1641 4392 παρειμένους,

378 4427 680 4494 Ἐρρωσεν,
711 4419 1026 4489 ὲξώρθωσεν
1059 4418 1122 4469 ἐκ
1151 4414 1324 4468 δεινοῦ
1355 4414 1542 4481 μόρου.

374 4514 618 4582 Λεπροὺς
646 4510 904 4578 καθῆρεν,
936 4506 1300 4575 ὑδαπόῤῥυτον
1325 4503 1479 4574 χύσιν

379 4602 646 4672 Ἦμειψεν
671 4601 749 4659 εἰς
779 4597 1021 4665 εῦοδμον,
1042 4595 1265 4647 εῦποτον
1293 4596 1469 4647 πόσιν.

378 4696 534 4748 Οἵνου
567 4689 791 4743 παλαιοῦ
827 4688 1008 4756 θαῦμα
1036 4689 1144 4748 τοῖς
1174 4686 1347 4753 φίλοις
1383 4685 1525 4752 μέγα

377 4782 595 4847 Νέκταρ
623 4778 950 4846 γλυκύτατον
992 4777 1048 4839 ἐξ
1075 4776 1280 4844 ἀδήλων
1314 4772 1621 4838 πυθμένων.

378 4865 456 4924 Οῦ
487 4870 578 4920 καὶ
609 4868 741 4937 γυνὴ
769 4868 1004 4920 λαϐοῦσα
1034 4867 1174 4934 χειρὶ
1199 4861 1521 4931 κρασπέδου.

383 4962 646 5028 Ἔστησεν
675 4958 832 5020 εὐθὺς
861 4957 1248 5024 αἱματόῤῥυτον
1275 4951 1448 5020 ῥύσιν,

377 5053 483 5104 Σὺν
516 5052 622 5110 τοῖς
651 5048 706 5100 δὲ
736 5050 903 5100 πολλά
937 5047 1221 5113 θαυμάτων
1249 5042 1538 5110 ὑπέρτερα,

383 5146 452 5196 ⁶⁹Α
471 5139 590 5199 νοῦς
620 5139 855 5216 βρότειος
882 5136 1192 5206 ἐξαριθμεῖν
1224 5133 1282 5184 ού
1309 5133 1504 5191 σθένει,

379 5235 493 5287 Καὶ
521 5232 643 5290 τοὺς
671 5230 753 5281 ἐπ’
787 5230 946 5281 αὑτὸν
975 5233 1035 5280 ἐκ
1067 5223 1357 5292 πυριπνόου
1389 5222 1549 5272 πόθου

382 5325 494 5386 Τὰς
525 5321 738 5381 ἐλπίδας
769 5319 1026 5378 τείνοντες
1057 5317 1129 5376 ὡς
1161 5315 1468 5381 εὐεργέτην,

385 5413 585 5467 Σκέπει
609 5409 885 5478 φυλάττων
914 5407 969 5470 ἐξ
1002 5405 1296 5470 ἀναγκαίας
1329 5400 1550 5468 βλάϐης.

387 5504 499 5555 Καὶ
532 5502 746 5571 μείζονα
771 5497 910 5566 δρῶν
941 5495 998 5557 ἐξ
1025 5495 1261 5545 ἀπόπτου
1297 5491 1391 5559 τὴν
1417 5490 1570 5558 χάριν

385 5593 603 5657 Δούλοις
638 5587 909 5662 βραϐεύων
935 5589 1042 5648 τοῖς
1071 5583 1326 5652 ὑπηκόοις
1353 5582 1522 5648 νέμει.

1970 1827 2184 1880 ΡΑΝἹΓ.
2213 1827 2334 1878 Haec
2366 1823 2740 1892 percupiverat
2768 1818 2877 1871 Deo
2920 1830 3106 1883 puram
3141 1812 3370 1866 hostiam

1900 1916 2036 1968 Dum
2064 1916 2265 1968 viveret
2303 1913 2597 1981 producere
2631 1926 2644 1960 :
2681 1916 2736 1958 at
2768 1919 2916 1956 meus
2955 1917 3150 1969 parens

1900 2004 2085 2058 Castra
2116 2001 2281 2055 voluit
2308 2012 2517 2066 semper
2547 1995 2720 2062 sequi,
2747 2001 2800 2045 et
2829 1990 2962 2043 bella
2993 1986 3233 2054 exsequi.

1902 2091 2282 2148 Consentienle
2311 2087 2374 2158 [Γ.
2412 2085 2756 2138 Dissentienle
2786 2079 2883 2150 nu]
2911 2085 3085 2131 matre
3107 2074 3440 2130 felicissima.

1904 2183 1985 2235 Me
2018 2184 2326 2248 procreator
2351 2175 2683 2243 implicatum
2708 2169 2911 2224 retibus

1904 2269 2102 2323 Premit
2130 2266 2265 2325 suis,
2295 2272 2548 2331 tanquam
2585 2273 2768 2314 severa
2801 2253 3071 2323 compede.

1978 2363 2196 2418 HERM.
2219 2364 2348 2427 Quae
2376 2367 2627 2414 nunctuo
2651 2372 2678 2408 ιι
2711 2355 2928 2408 doctore
2948 2349 3132 2410 discis,
3151 2347 3284 2400 heus
3313 2357 3410 2413 age

1908 2457 2194 2510 Alacritate
2223 2449 2550 2520 perbeuigna
2581 2460 2722 2499 nunc
2749 2443 2879 2496 mihi

1909 2548 2176 2602 Edissere,
2211 2552 2268 2595 ut
2296 2557 2352 2595 se
2379 2541 2598 2600 habent,
2634 2535 2757 2588 volo
2793 2530 2932 2586 istud
2964 2540 3206 2582 noscere.

1982 2645 2070 2699 PA
2084 2641 2204 2694 NT.
2237 2641 2417 2693 Artem
2448 2616 3103 2700 Galeni‘llippocratisque
3119 2621 3276 2679 simul
3305 2619 3446 2676 senis

1907 2734 2080 2798 Atque
2109 2726 2388 2793 Aﬂsculupi
2419 2722 2627 2793 providi
2650 2730 2701 2773 et
2725 2718 2865 2773 docti
2897 2716 3020 2780 viri,

1907 2820 2102 2874 Edisco
2135 2814 2642 2872 commentariorum
2676 2825 2767 2876 per
2799 2809 2988 2871 libros,

1910 2915 1975 2966 Et
2003 2926 2168 2982 pareo
2201 2908 2406 2980 doctori
2439 2919 2578 2967 meo,
2611 2903 2772 2955 veluti
2803 2901 2976 2953 decet.

1829 2998 1879 3060 C
1907 3002 2148 3069 Namque
2179 2997 2370 3051 asserit
2400 3010 2506 3057 me,
2539 2991 2813 3061 quodlibet
2849 2987 3019 3040 morbi
3055 3000 3220 3054 genus

1908 3090 2110 3145 Sonare
2136 3101 2314 3155 posse,
2349 3085 2393 3138 si
2426 3083 2593 3135 libros
2628 3081 2726 3132 hos
2759 3078 2995 3130 volvere.

1979 3175 2207 3232 HERM.
2233 3175 2557 3244 Strigmenta
2601 3178 2723 3224 sunt
2771 3169 2907 3231 haec,
2947 3164 3123 3218 fumus
3161 3174 3214 3217 ct
3263 3159 3439 3214 faviila

1908 3267 2141 3336 Vestigia
2166 3268 2398 3320 errantis
2429 3262 2645 3321 carinae,
2679 3259 2882 3312 umbrae
2909 3265 3084 3326 typus.
3238 3252 3408 3323 [ειιιιι.

1907 3359 2144 3412 Galenus
2175 3365 2259 3409 est
2287 3354 2460 3418 nihili,
2493 3351 2735 3419 nihilque
2756 3349 3130 3418 Hippocrates.

1909 3447 2152 3502 Examen
2185 3443 2320 3508 illud
2345 3442 2418 3495 nil
2451 3441 2699 3502 deorum,
2731 3452 2868 3506 quos
2895 3433 3023 3488 colit

1911 3536 2023 3591 Rex
2055 3534 2400 3588 Maximinus.
2423 3531 2535 3585 lluc
2567 3528 2981 3592 adcsdum,nate
3009 3524 3103 3588 mi,

1909 3625 2162 3688 Proiicito
2193 3632 2398 3690 putrem
2429 3618 2694 3671 sarcinam
2723 3615 2881 3669 corde
2911 3628 2940 3665 e
2969 3622 3082 3669 tuo.

1911 3710 2232 3775 Obtempera
2264 3717 2318 3758 et
2342 3705 2504 3758 crede
2534 3704 2587 3754 in
2623 3703 2785 3754 Deum
2816 3699 3084 3752 Christum
3113 3694 3294 3748 modo.

1910 3796 1990 3850 Ob
2019 3809 2174 3863 quem
2206 3791 2453 3844 dolorum
2495 3799 2600 3841 tam
2635 3788 2944 3839 intimorum
2978 3793 3275 3851 pectorum,

1910 3885 2080 3952 Quam
2111 3883 2393 3936 sanitatem
2423 3891 2706 3945 corporum
2737 3874 2946 3941 assequi
2985 3884 3175 3941 queas,

1912 3973 2252 4029 lncredulam
2286 3976 2517 4022 mentem
2553 3965 2743 4034 procul
2777 3964 2967 4032 fugans
2995 3961 3213 4014 malam.

1914 4063 2046 4115 Nam
2089 4068 2332 4114 mortuos
2361 4055 2711 4111 exsuscitavil
2742 4053 3009 4118 Christus,
3049 4059 3104 4106 et

1917 4151 2177 4206 Daemouis
2211 4148 2386 4216 abegit
2411 4156 2563 4200 antea
2591 4143 2927 4198 formidinem
2955 4160 2969 4196 :

1917 4244 2085 4300 Caecis
2112 4253 2314 4296 remota
2347 4241 2518 4294 aciem
2550 4237 2694 4291 dedit
2726 4236 2974 4303 caligine.

1840 4311 1893 4368 Ῑ)
1917 4331 2169 4391 Claudos,
2204 4329 2430 4390 solutos,
2464 4325 2783 4386 imbecillos,
2813 4322 3033 4376 clinicos

1917 4421 2195 4479 Firmavit,
2225 4428 2384 4484 atque
2413 4414 2581 4468 erexit
2610 4429 2639 4466 e
2668 4414 2772 4466 leto
2805 4411 2972 4479 gravi.

1917 4512 2059 4562 ldetn
2100 4509 2338 4574 leprosos
2376 4504 2526 4565 eluit,
2561 4502 2871 4566 ﬂuxumquc
2905 4511 3057 4564 aqua:

1915 4596 2139 4650 Mutavit
2166 4595 2216 4646 in
2253 4592 2514 4659 liquidum
2554 4604 2616 4640 ac
2643 4589 2869 4641 odorum
2900 4584 3145 4652 poculum

1915 4686 2074 4738 Lenis
2100 4681 2278 4736 temeti
2311 4698 2323 4732 :
2366 4680 2562 4731 mirum
2590 4675 2779 4728 amicis
2811 4675 3087 4743 gaudium.

1915 4775 2291 4828 Dulcissimum
2328 4780 2511 4824 nectar
2546 4767 2750 4837 origine
2781 4768 2844 4820 de
2880 4767 3212 4820 abscondita.

1916 4865 2053 4924 Cum.
2080 4863 2276 4917 femina
2306 4862 2424 4930 ejus
2452 4861 2714 4915 ﬁmbriam
2751 4859 2921 4927 tetigit
2945 4874 3126 4917 manu.

1853 4966 1857 4970 '
1915 4953 2169 5007 Cohibuit
2199 4955 2300 5006 atri
2329 4952 2610 5021 sanguinis
2641 4950 2842 5003 ﬂuxum
2880 4950 3042 5001 illico.

1917 5045 2294 5100 Miraculorum
2333 5059 2527 5113 genera
2555 5042 2724 5095 multo
2755 5042 2904 5109 plura
2942 5047 3085 5098 sunt,

1916 5134 2164 5188 Numeris
2195 5129 2635 5187 tenere‘humana
2664 5144 2782 5198 qua:
2809 5142 2959 5180 mens
2994 5139 3096 5175 non
3136 5120 3289 5169 valet.

1917 5225 2178 5288 Quocirca
2217 5225 2267 5275 in
2309 5224 2483 5290 ipsum
2512 5237 2540 5272 e
2580 5219 2798 5272 fervidis
2827 5213 3125 5267 doloribus,

1920 5309 2113 5376 Speres
2142 5307 2478 5375 reponentes,
2513 5305 2800 5370 benignum
2831 5309 2883 5350 ut
2920 5295 3232 5362 principem,

1921 5399 2149 5450 Serranis
2182 5406 2359 5449 tuetur
2392 5396 2458 5447 ali
2490 5393 2800 5445 imminente
2825 5383 3179 5448 incommodo,

1924 5489 1988 5541 Ει
2022 5489 2330 5556 ampliorem
2355 5486 2575 5553 gl'utizuu
2606 5486 2860 5549 |)|".L‘Slil||5
2891 5473 3069 5526 statim

1927 5577 2101 5631 Servis
2132 5577 2398 5630 ministrat
2425 5567 2764 5625 audientibus
2790 5565 2920 5617 suis.
