4120 6340
744 243 852 306 895
1789 235 1796 238 ’ί
1989 248 2305 310 JOANNIS
2339 250 2762 313 GEOMETR/E
2875 278 2880 282 ε
3805 255 3916 320 896

811 351 947 405 Tum
979 351 1321 408 Pantclemon
1355 367 1532 408 rerum
1567 370 1792 411 acumen
1823 357 2066 424 audiens,

745 441 810 496 Et
841 443 1129 496 dictionum
1164 459 1317 497 sensa
1354 445 1761 513 perfectissima,

742 533 898 586 Senis
930 533 1138 586 verendi
1161 549 1341 589 amore
1370 546 1649 605 correptus
1675 539 1765 606 pio
1787 548 1888 595 est.

737 623 814 675 Ac
844 624 1003 674 veluti
1031 623 1184 676 tellus
1210 633 1332 677 ante
1355 626 1824 693 praestantissima,

738 708 854 762 Mox
887 725 1067 764 semen
1099 722 1372 781 acceptum
1399 722 1562 781 atque
1588 729 1709 768 rore
1728 716 1998 784 percitum

734 798 921 852 Calore
948 800 1094 853 varie
1126 811 1421 868 temperato
1447 803 1735 868 commode
1834 852 1847 870 ,

735 885 980 952 Maturat,
1015 897 1190 957 auget,
1226 889 1461 943 fructum
1491 900 1543 942 ct
1570 900 1930 958 opportunum
1957 891 2117 947 habet
2145 911 2159 946 :

734 974 941 1042 Spieam
967 977 1056 1030 ille
1086 977 1266 1045 granis
1299 977 1441 1031 mille
1477 977 1728 1032 frumenti
1759 994 1973 1048 gravem
2005 995 2022 1034 :

731 1064 978 1131 Evangeli
1014 1065 1092 1119 sic
1124 1065 1450 1133 paenitentia:
1484 1066 1645 1129 bono,

728 1149 914 1207 Omnis
935 1161 1086 1207 satus
1109 1153 1487 1208 miraculorum
1517 1152 1768 1208 examina

630 1360 633 1361 ν
727 1320 784 1376 ln
818 1315 1159 1378 commodum
1193 1340 1446 1394 magnum
1477 1305 1720 1378 omnium
1749 1322 2052 1377 mortalium
2128 1398 2133 1402 ⁸

727 1412 1004 1476 Produxit,
1035 1423 1195 1481 atque
1223 1415 1394 1475 auxit,
1422 1415 1713 1480 laboreque
1748 1414 1939 1466 extulit
1972 1430 1985 1467 :

728 1498 950 1552 Messen:
976 1501 1172 1552 volenti
1208 1501 1475 1554 collocatis
1505 1515 1797 1564 assumere,

727 1584 1027 1653 Optabilem
1056 1588 1195 1639 haud
1224 1589 1485 1650 venalem,
1515 1596 1568 1640 et
1591 1597 1814 1656 argento
1843 1588 1977 1642 sine.

728 1673 1033 1728 Prostratus
1057 1675 1177 1728 inde
1209 1683 1384 1729 mente
1409 1685 1564 1729 cauta
1590 1675 1853 1744 supplicat

725 1761 933 1818 Pronus
959 1763 1070 1818 seni
1099 1765 1301 1832 optimo
1335 1782 1347 1817 :
1379 1763 1643 1818 llenuntia
1678 1765 1810 1818 mihi

724 1850 967 1916 Quonam
995 1854 1153 1906 modo
1182 1869 1391 1922 possem
1427 1855 1623 1908 intueri
1653 1854 1822 1910 oculis
1853 1855 1985 1908 meis

722 1941 897 1994 Animi
924 1941 1241 2007 medentem,
1272 1958 1430 2011 quem
1458 1958 1618 1998 vocas
1640 1953 1694 1997 et
1716 1943 1979 2012 corporis.

719 2028 770 2083 Is
793 2040 892 2093 est,
916 2040 1060 2084 tuam
1089 2032 1322 2087 coluisse
1347 2047 1505 2102 quem
1534 2042 1759 2088 matrem
1784 2042 1940 2087 antea

721 2117 862 2172 Dixti
889 2137 902 2172 :
942 2120 1151 2175 solutus
1178 2122 1465 2186 omnibus;
1495 2123 1732 2190 potentia

724 2205 943 2260 Summa
977 2209 1219 2262 invocata
1240 2207 1486 2263 Numinis
1517 2219 1596 2262 ter
1629 2211 1872 2277 maximi,

724 2292 904 2348 Undas
929 2296 1122 2349 lavacri
1151 2298 1460 2370 augustipad
1495 2299 1752 2351 auxilium
1784 2313 1932 2367 cape,

723 2380 1012 2451 Fidemque
1037 2384 1146 2438 falli
1173 2386 1406 2440 nesciam
1440 2387 1504 2440 ad
1538 2389 1838 2442 custodiam
1870 2405 1887 2442 ε

723 2470 786 2523 Ει
818 2481 1008 2525 cuneta
1037 2473 1200 2526 facies
1229 2475 1346 2528 sine
1371 2475 1553 2530 labore
1581 2480 1879 2533 commode.

789 2559 997 2616 Pudore
1023 2573 1198 2617 motus
1226 2564 1348 2618 hinc
1379 2580 1478 2619 nec
1501 2579 1776 2624 aversatus
1806 2581 1907 2634 est,

721 2648 860 2712 Quin
890 2660 1080 2719 sponte
1104 2654 1263 2707 celeri
1299 2655 1469 2708 tendit
1497 2657 1562 2710 ad
1584 2659 1830 2714 eumdem
1855 2660 2044 2730 gradu,

719 2737 785 2791 Et
809 2741 1000 2807 gaudio
1023 2741 1241 2797 affectus
1267 2744 1451 2799 diebus
1487 2747 1714 2816 singulis

719 2826 1102 2883 Domunculam
1135 2832 1206 2899 pii
1239 2831 1610 2903 frequentabat
1635 2837 1800 2891 senis.

716 2913 846 2969 Nam
871 2917 1210 2973 Pautelemon
1246 2938 1353 2977 non
1380 2924 1462 2977 sui
1498 2926 1714 2980 domum
1738 2927 1926 2996 patris"

716 3005 1110 3076 Perelegantem
1145 3027 1377 3079 unquam
1410 3031 1656 3070 reversus
1680 3027 1867 3085 postea
1896 3029 2000 3081 est,

718 3095 983 3150 Rcmeans
1015 3102 1231 3167 gradum
1267 3104 1504 3158 dodoris
1531 3120 1559 3158 e
1582 3107 1764 3159 schola
1795 3109 1898 3169 sui,

720 3182 853 3246 Quin
882 3195 1002 3239 ante
1025 3192 1307 3243 venerandi
1342 3193 1408 3244 ad
1437 3193 1597 3262 pedes
1625 3196 1838 3247 caderet
1865 3197 2031 3252 senis.

782 3279 948 3333 Certo
975 3283 1176 3337 dierum
1201 3288 1326 3339 olim
1360 3300 1664 3343 recurrente
1686 3293 1874 3346 ordine

722 3365 886 3420 Foras
913 3385 1195 3440 parumper
1227 3376 1412 3428 semita
1440 3377 1712 3444 digressus
1735 3392 1838 3442 est,

720 3455 784 3508 Et
812 3459 1074 3524 publicam
1107 3473 1320 3531 propter
1350 3466 1488 3517 viam
1513 3465 1714 3521 faciens
1744 3468 1862 3531 iter,

719 3545 881 3600 Ictum
916 3564 944 3600 a
973 3549 1077 3603 fera
1105 3568 1325 3620 puerum
1360 3559 1520 3609 situm
1557 3569 1748 3613 nactus
1781 3561 1895 3613 solo

719 3634 834 3689 Jam
868 3651 1150 3707 mortuum,
1182 3660 1277 3699 nec
1309 3647 1541 3715 viperam
1571 3651 1720 3703 valde
1751 3651 1930 3719 procul

718 3724 1021 3785 Deterrima:
1047 3731 1248 3796 fornix,
1284 3737 1492 3792 horride
1519 3751 1808 3808 reptantem
1840 3741 1984 3794 humi
2017 3759 2030 3794 :

715 3813 1012 3884 lmprovido
1042 3826 1353 3889 perterritus
1375 3828 1702 3886 diseriminc.

715 3902 967 3959 Tremore
992 3917 1176 3977 captus
1197 3917 1582 3980 expavescebat
1614 3920 1793 3980 miser,

713 3990 1074 4050 Convulsione
1108 4010 1358 4063 tremens,
1387 4016 1531 4056 metu
1557 4018 1610 4060 et
1647 4007 1964 4070 formidine;

716 4076 823 4130 Vox
859 4080 1202 4150 faucibusque
1228 4087 1376 4138 haesit
1402 4091 1597 4143 videnti
1621 4101 1723 4143 tam
1761 4093 1872 4146 fera

713 4165 957 4218 Procedit
989 4169 1207 4221 ulterius
1237 4173 1509 4240 reciproco
1539 4179 1700 4244 gradu
1739 4196 1751 4231 :

715 4248 875 4302 Retro
901 4252 1113 4319 refugit,
1141 4256 1330 4310 deinde
1358 4274 1582 4315 mentem
1615 4266 1887 4334 colligens.

717 4335 837 4388 ‘v'eri
872 4339 1063 4393 seniles
1093 4357 1226 4395 anno
1260 4360 1531 4402 sermones
1565 4352 1702 4405 sient

716 4423 968 4491 Equidem
996 4428 1158 4482 sciam
1191 4431 1387 4501 [inquit
1419 4436 1550 4502 ille];
1581 4455 1701 4493 mox
1735 4451 1918 4508 pectus
1942 4461 2098 4500 suum

714 4510 1014 4600 l’langendo
1050 4521 1296 4587 tundens,
1325 4525 1524 4580 lumina
1555 4531 1748 4584 attollit
1779 4534 1919 4600 polo,

713 4596 1024 4672 l‘almasque
1055 4620 1305 4680 utrasque
1338 4615 1501 4667 tendit
1529 4616 1580 4668 in
1615 4596 1884 4673 summum
1913 4621 2150 4691 aethera,

713 4688 1065 4761 Orationeque
1090 4713 1218 4753 usus
1251 4712 1330 4756 est
1360 4708 1699 4762 sanctissima
1733 4723 1748 4761 :

784 4777 1031 4834 Servalor
1060 4786 1194 4839 alme
1223 4789 1452 4853 Christe,
1488 4794 1573 4847 lux
1605 4808 1726 4851 ante
1759 4799 1991 4864 initium,

712 4865 754 4917 0
788 4880 976 4921 cuneta
1005 4873 1095 4937 qui
1123 4873 1236 4926 solo
1263 4873 1393 4930 facis
1424 4890 1552 4934 nutu
1584 4893 1697 4947 tuo,

710 4957 751 5009 Α
780 4974 884 5026 quo
911 4976 1068 5015 omne
1095 4979 1307 5024 munus.
1336 4982 1490 5022 omne
1513 4973 1783 5032 descendit
1816 4978 2012 5033 bonum
2046 4997 2059 5032 :

713 5046 765 5098 Si
797 5065 878 5103 me
913 5061 1060 5105 tuum
1092 5053 1331 5122 dignaris
1364 5071 1480 5110 esse
1505 5066 1795 5130 servulum,

709 5133 862 5190 Nunc
889 5140 1177 5209 dissipetur
1201 5143 1372 5195 bellua
1407 5152 1767 5218 voracissima,

711 5222 774 5274 Et
803 5238 1012 5281 mortuo
1041 5232 1148 5296 jam
1176 5232 1334 5284 redde
1365 5234 1523 5288 vitam
1556 5244 1796 5306 puerulo.

713 5317 850 5369 Dixit
879 5339 886 5370 :
923 5325 1208 5391 statimque
1236 5342 1458 5394 crepans
1488 5345 1754 5401 perempta
1776 5346 1856 5390 est
1883 5337 2074 5393 bellua.

715 5403 953 5460 Surrexit
979 5411 1134 5462 etiam
1164 5423 1271 5467 tum
1307 5417 1445 5469 illico
1476 5419 1670 5473 illmsus
1704 5439 1846 5489 puer,

711 5488 864 5544 Novit
898 5504 1003 5549 tum
1041 5510 1216 5563 aperte
1249 5517 1444 5572 quanta
1472 5507 1539 5562 sit
1575 5509 1719 5564 verbi
1749 5511 1835 5565 Dei

2295 359 2347 419 Δ

2544 362 2650 412 Καὶ
2689 359 3025 413 Πανταλείων
3061 360 3331 430 ἀκρότητα
3365 360 3698 430 πραγμάτων

2476 450 2580 502 Καὶ
2608 449 2864 519 ῥημάτων
2886 449 3112 518 δήλωσιν
3139 448 3535 519 ἀκριϐεστάτην

2475 538 2511 588 Γ
2514 539 2744 606 έροντος,
2775 539 2850 600 ὡς
2869 541 3096 609 ἦκουσεν
3114 539 3374 608 ἀπλήστῳ
3400 539 3564 608 πόθῳ.

2480 627 2567 689 Ὧς
2591 623 2676 680 οἷα
2703 629 2772 696 γῆ
2793 629 2852 680 τὸ
2875 628 3072 698 πρόσθε
3109 627 3384 698 καλλίστη,
3423 628 3619 697 σπόρον

2474 717 2655 770 Ἐνδον
2677 718 2909 770 λαϐοῦσα
2937 719 3028 772 τὸν
3055 718 3276 770 τεθέντα
3301 721 3366 788 τῇ
3395 719 3571 787 δρόσῳ

2468 806 2578 857 Καὶ
2608 806 2898 875 θερμότητι
2926 808 3297 877 συγκραθέντα
3326 807 3562 877 ποικίλῃ,

2466 893 2650 958 Δύξει,
2676 897 2945 962 πεπαίνει,
2971 897 3179 967 καρπὸν
3211 897 3418 967 ῶριμον
3444 899 3598 967 φέρει
3622 911 3640 928 ⁶

2465 985 2725 1047 Κάκεῖνος
2748 984 2888 1037 οὕτω
2920 987 3301 1054 μυριόϐλαστον
3331 987 3528 1056 στάχυν

2466 1072 2841 1138 Εὐαγγελικῶς
2871 1075 2949 1136 εις
2978 1076 3258 1142 μετάνοιαν
3291 1072 3439 1138 ξένον

2464 1161 2700 1230 Θημῶνα
2740 1162 3088 1232 πάνσπερμον
3133 1164 3282 1234 ᾰρπη
3330 1163 3438 1235 [fon
3483 1163 3910 1234 παντόσπερμον

3362 1252 3546 1325 [αιρει]
3576 1252 3876 1326 θαυμάτων

2465 1342 2558 1404 Εἰς
2577 1342 2750 1394 κοινὸν
2771 1343 3030 1410 ὠφέλημα
3058 1341 3134 1412 τῷ
3167 1343 3369 1412 βροτῶν
3394 1344 3536 1411 γένει

2464 1429 2724 1499 Ηύξησεν,
2752 1431 3096 1500 ἐϐλάστησεν,
3130 1432 3340 1498 ὕψωσεν
3367 1434 3532 1503 πόνῳ,

2461 1517 2640 1577 Τιθεὶς
2669 1517 2874 1587 ἄμητον
2908 1520 3018 1581 τοῖς
3051 1519 3257 1572 θέλουσι
3282 1520 3575 1588 λαμϐάνειν

2463 1605 2721 1674 Ποθητδν,
2744 1608 2842 1658 οὐκ
2860 1606 3081 1675 ὠνητὸν.
3106 1609 3347 1677 ἀργύρου
3370 1611 3508 1678 δίχα.

2463 1693 2591 1746 Εἶτα
2618 1695 2896 1763 προκύψας
2921 1696 3160 1758 εὐλαϐῶς
3191 1696 3280 1749 τὺν
3307 1699 3612 1768 πρεσϐύτην

2461 1783 2677 1853 Πρηνὴς
2711 1785 3055 1837 καθικέτευεν
3076 1801 3092 1817 ο
3121 1786 3288 1848 Αὐτὸς
3314 1786 3406 1838 οὖν
3433 1790 3636 1856 φράσον

2459 1873 2582 1936 Πῶς
2612 1875 2676 1928 ἂν
2703 1875 2962 1942 δυναίμην
2995 1869 3363 1944 προύμμάτων
3387 1877 3689 1946 δεδορκέναι

2457 1963 2656 2033 Ψυχῶν
2693 1965 2871 2035 ἰατρὸν
2897 1965 2955 2017 ὃν
2980 1966 3154 2034 λέγεις
3179 1966 3272 2018 καὶ
3299 1967 3581 2035 σωμάτων.

2454 2054 2562 2122 Φὴς
2584 2054 2676 2106 καὶ
2704 2055 2874 2123 πάρος
2897 2055 2960 2107 ἐκ
2985 2055 3185 2124 μητρὸς
3214 2073 3318 2123 φ...

2453 2143 2701 2213 Δύδήσας
2719 2144 2928 2197 ἐκλύων
2955 2145 3116 2198 αὐτοῦ
3140 2147 3198 2198 τὸ
3225 2147 3433 2216 κράτος

2453 2234 2642 2296 Σθενὲς
2659 2233 2766 2305 [ισ.
2790 2235 2858 2286 Σὺ
2876 2235 3189 2306 πανσθενὲς]
3213 2237 3461 2306 μέγιστον
3499 2237 3905 2310 ἐκκαλούμενος

2453 2323 2687 2391 Λουτρδν
2714 2323 2774 2375 τδ
2799 2324 3044 2394 λαμπρὸν
3075 2327 3153 2386 είς
3177 2325 3425 2394 βοήθειαν
3445 2327 3594 2392 λαϐὲ,

2454 2411 2560 2462 Καὶ
2589 2412 2768 2465 πίστιν
2799 2413 3125 2481 άκράδαντον
3160 2415 3240 2476 είς
3271 2415 3564 2485 οἰκουρίαν,

2452 2499 2561 2552 Καὶ
2591 2501 2763 2552 πάντα
2787 2501 2952 2552 ποιῶν
2984 2502 3236 2572 εὐμαρῶς
3255 2504 3467 2566 πάντως
3494 2505 3612 2574 ἔσῃ.

2464 2584 2848 2654 ᾘσχυμμένος,
2864 2589 2968 2657 γὰρ
2991 2589 3248 2656 οὐμενοῦν
3281 2591 3620 2662 ἀπεστράφη.

2455 2675 2548 2737 Ὠς
2575 2673 2685 2745 [γρ.
2722 2676 2836 2748 Ὃς]
2862 2679 2951 2730 καὶ
2973 2678 3106 2747 πρὸς
3127 2679 3286 2732 αὐτὸν
3309 2681 3370 2733 ὲκ
3398 2683 3734 2752 προμηθείας
3756 2683 3897 2752 τρέ-

2452 2765 2612 2818 Ὅθεν
2639 2768 2880 2837 γεγηθὼς
2942 2768 3147 2840 ἡμέραν
3180 2771 3299 2823 καθ’
3326 2773 3536 2843 ἡμέραν
3753 2771 3902 2844 [κων

2453 2855 2694 2924 Ἔστειχε
2723 2857 2856 2926 πρὸς
2875 2857 3128 2925 γέροντος
3156 2860 3465 2930 οἰκητήριον

2461 2942 2518 2996 '0
2547 2946 2899 2999 Πανταλείων.
2923 2945 2996 2998 Οὐ
3024 2947 3131 3016 γάρ
3157 2949 3233 3009 είς
3259 2947 3346 3000 ἑοῦ
3376 2949 3576 3019 πατρὸς

2451 3032 2667 3101 Οῖκημα
2696 3034 3072 3088 καλλίτευκτον
3101 3034 3270 3102 εἰσῄει
3296 3036 3423 3088 ποτὲ

2449 3122 2648 3174 Νόστον
2685 3123 3112 3192 παλιμπόρευτον
3143 3126 3204 3176 ὲκ
3229 3124 3564 3185 διδασκάλου,

2451 3207 2630 3258 Θέλων
2669 3208 2774 3276 πρὸ
2793 3209 2884 3260 τοῦ
2912 3210 3157 3278 γέροντος
3189 3213 3267 3270 εἰς
3298 3211 3463 3271 πόδας
3492 3212 3695 3264 πεσεῖν.

2518 3298 2630 3365 Mn?
2657 3297 2711 3347 δὲ
2751 3297 2953 3348 πολλῶν
2986 3299 3201 3366 ἡμερῶν
3222 3299 3534 3367 τελουμένῃ.

2453 3383 2654 3447 Ἔξωθε
2691 3386 2882 3455 μικρὸν
2910 3385 3009 3464 τῆς
3036 3385 3154 3438 ὁδοῦ
3179 3387 3516 3456 παρεκθέων,

2461 3473 2785 3545 Ὀδοιπορῶν
2814 3477 3060 3544 αἴσχιστα
3083 3477 3182 3545 τῆς
3204 3478 3496 3546 λεωφόρου.

2463 3565 2685 3636 Ἐφεῦρε
2726 3566 3048 3636 θηρόδηκτον
3073 3571 3129 3620 έν
3152 3571 3220 3637 γῇ
3253 3569 3460 3621 παιδίον

2448 3655 2713 3726 Τεθνηκδς
2745 3659 2862 3726 ἤδη,
2890 3659 2979 3710 καὶ
3006 3658 3064 3711 τὸ
3093 3658 3276 3727 θηρίον
3309 3660 3494 3722 πέλας·

2449 3748 2599 3814 Ἔχις
2632 3749 2738 3816 γὰρ
2761 3745 2827 3817 ἦν
2865 3751 3117 3812 κάκιστος
3147 3749 3326 3818 ἕρπων
3357 3751 3435 3811 είς
3461 3749 3645 3820 χθόνα.

2447 3838 2618 3907 Πολλῇ
2652 3839 2706 3890 δὲ
2731 3838 2910 3891 λοιπὸν
2937 3838 3210 3907 συσχεθεὶς
3241 3840 3466 3908 ἀγωνίᾳ,

2447 3926 2802 3978 Κατεπτοεῖτο
2828 3927 2904 3978 δει
2911 3927 3078 3994 ματού
3088 3944 3241 3992 μενος
3271 3927 3472 3995 δρόμῳ,

2442 4012 2628 4090 Fluxth
2664 4030 2719 4063 τε
2749 4014 2944 4081 παλμῷ
2974 4014 3064 4066 καὶ
3088 4014 3193 4064 δέει
3223 4015 3312 4065 καὶ
3343 4014 3530 4083 δειλίᾳ,

2400 4117 2407 4123 ·
2447 4098 2667 4167 Ἕστηκ’
2697 4100 2918 4161 ἄναυδος
2950 4103 3168 4167 εἰσορῶν
3201 4102 3259 4152 τὸ
3295 4101 3580 4170 δρώμενον.

2444 4187 2621 4257 Χωρεί
2650 4189 2701 4238 δὲ
2730 4190 2965 4256 πρόσσω,
3000 4188 3087 4242 καὶ
3115 4191 3465 4255 παλλίσσυτος
3504 4193 3654 4248 ’πάλην

2453 4275 2648 4328 Ἐλθὼν
2677 4277 2881 4330 ὀπίσσω
2910 4281 2998 4330 καὶ
3038 4280 3385 4349 συναθροίσας
3415 4282 3632 4352 φρένας,

2440 4365 2498 4416 Ei
2530 4364 2640 4433 δῆτ’
2672 4366 2884 4434 ἀληθεῖς
2911 4368 2956 4418 οἱ
2989 4371 3276 4437 γερόντειοι
3302 4371 3468 4438 λόγοι.

2439 4444 2561 4505 Ὧδε
2604 4457 2858 4523 προσεῖπε
2878 4472 2890 4486 ·
2929 4457 3204 4527 Γνώσομαι
3233 4475 3246 4491 ο
3278 4461 3371 4512 καὶ
3402 4461 3713 4529 πρόσφατον

2438 4539 2634 4608 Στῆθοε,
2663 4543 2924 4608 πατάξας,
2953 4546 3102 4614 ὄμμα
3134 4547 3310 4610 τείνας
3341 4550 3417 4610 εἰς
3449 4549 3628 4616 πόλον,

2438 4630 2545 4681 Καὶ
2572 4635 2756 4702 χεῖρας
2782 4637 2859 4696 εἰς
2890 4636 3114 4706 ἔπαρσιν
3146 4635 3361 4704 ὐψώστις
3390 4638 3521 4702 ἄνω,

2443 4718 2624 4783 Ἐλεξε
2655 4723 2866 4775 πάντων
2895 4724 3275 4778 εὐσεϐέστατον
3303 4725 3457 4793 λόγον
3488 4743 3502 4758 '

2503 4803 2570 4859 Ὦ
2596 4810 2791 4879 Χριστὲ
2822 4811 3018 4878 Σῶτερ,
3053 4807 3095 4863 ὧ
3128 4814 3416 4882 προάρχιον
3444 4817 3618 4881 σέλας.

2449 4893 2508 4947 Ὀ
2539 4896 2710 4948 πάντα
2736 4899 2983 4966 πράττων
3007 4903 3072 4968 τῇ
3103 4899 3312 4967 θελήσει
3344 4905 3435 4955 καὶ
3473 4907 3627 4976 μόνη,

2437 4983 2568 5052 Παρ’
2593 4977 2651 5036 οὗ
2681 4987 2885 5038 κάτεισι
2919 4990 3059 5039 πᾶσα
3087 4988 3188 5038 τῶν
3219 4989 3393 5042 καλῶν
3422 4993 3584 5060 δόσις,

2431 5070 2495 5122 Εἰ
2525 5075 2612 5125 σόν
2646 5092 2708 5141 με
2739 5076 2916 5127 δοῦλον
2947 5077 3111 5139 ἀξιοῖς
3151 5082 3468 5147 πεφυκέναι,

2434 5164 2706 5231 Διαρρσγῇ
2733 5165 2790 5216 τὸ
2824 5165 3005 5234 θηρίον
3035 5167 3092 5217 τὸ
3125 5171 3435 5235 παμφάγον,

2438 5251 2544 5302 Καὶ
2574 5253 2720 5304 παιδὶ
2748 5257 2822 5323 τῷ
2859 5256 3100 5322 θνήξαντι
3123 5258 3215 5324 τὴν
3245 5257 3386 5328 ζωὴν
3406 5261 3565 5316 δίδου.

2451 5338 2531 5400 Ὠς
2561 5338 2649 5392 οὖν
2683 5344 2918 5410 παρευθὶ)
2951 5345 3131 5412 θηρίον
3168 5347 3424 5419 ὃιερῥάγη

2436 5429 2541 5479 Καὶ
2571 5434 2693 5492 παῖς
2726 5433 2918 5499 ἀνέστη
2951 5434 3204 5501 μηδαμῶς
3238 5438 3603 5506 βεϐλαμμένος
3631 5454 3642 5467 ⁸

2443 5518 2616 5584 Ἔγνω
2648 5523 2916 5590 προδήλως
2953 5525 3040 5577 τοῦ
3066 5527 3194 5579 Θειλῦ
3227 5529 3398 5594 Λόγου
3433 5530 3569 5595 πόση
