4120 6340
231 419 360 486 89'!

376 529 437 586 '0
464 534 827 602 ηαντελήμων
849 532 999 601 ἰσχὺς
1026 532 1084 584 οὐ
1116 532 1466 600 μετρουμένη.

293 652 307 658 -
360 623 475 677 Καὶ
508 623 635 685 στὰς
663 621 748 673 ιπ*
776 622 942 690 ἄκρου
975 619 1255 688 πτώματος
1276 619 1368 671 τοῦ
1392 619 1596 689 θηρίου,

363 710 737 782 ’Δνορταλίζον
762 711 837 773 ὡς
862 710 1075 771 νεοσσὸς
1101 710 1281 779 ἡρέμα

353 801 524 855 Ὀλον
545 802 606 855 τὸ
635 801 812 869 σῶμα,
842 801 935 853 καὶ
960 800 1050 852 τὸν
1077 800 1265 869 αἰθέρα
1295 798 1523 865 βλέπων,

359 890 544 959 Εὐχὰς
577 889 933 957 διεξέπεμπεν
955 887 1258 956 ἀξιόχρεως.

330 980 550 1048 ’Τρέχει
576 979 632 1032 δὲ
661 981 751 1031 καὶ
779 979 988 1047 γέροντι
1018 977 1261 1045 κηρύξω-λ
1289 976 1434 1041 τάδε,

348 1067 699 1134 Δὺτάγγελος
730 1066 970 1138 προεῖδεν
1000 1064 1385 1135 ἀγγεληφόρος.

353 1157 580 1208 Πίπτων
616 1156 704 1207 ἐπ’
724 1151 878 1216 οὖδας
905 1171 919 1183 ·
952 1154 1132 1215 Ἰλεως
1170 1154 1344 1220 γενοῦ,
1376 1154 1569 1222 Πάτερ,

352 1244 591 1313 Κράζων
621 1244 844 1311 ἄληκτα,
879 1242 975 1312 τὴν
1002 1242 1359 1311 ἀτέκμαρτον,
1391 1242 1580 1309 λέγων,

350 1335 594 1402 Τάχιστα
623 1334 709 1395 δός
741 1350 829 1401 μοι
859 1332 956 1401 τὴν
986 1332 1455 1400 παλιγγεννησῐαν,

349 1426 466 1491 Τὴν
493 1423 815 1491 ψυχολαμπῆ
853 1423 952 1489 τῆς
979 1424 1290 1491 καθάρσεως
1317 1425 1491 1493 χάριν.

362 1514 505 1579 ’ἣτὼ
530 1514 637 1583 γὰρ
667 1510 781 1565 οἶδα
810 1513 900 1564 καὶ
926 1513 1068 1581 σοφῷ
1099 1528 1202 1580 περ
1235 1513 1511 1583 πείσματι,

350 1603 543 1665 ’Λλλος
564 1603 694 1663 Θεὸς
721 1604 1025 1672 κράτιστος,
1063 1602 1301 1669 ἄφθιτος,
1337 1604 1527 1671 μέγας,

345 1690 464 1741 Οὐκ
496 1690 660 1753 ἔστιν,
690 1691 787 1742 οὐκ
821 1690 1047 1752 ἔνεστιν,
1072 1690 1105 1759 ἢ
1138 1690 1367 1757 Χριστὸς
1395 1690 1570 1757 μόνος,

340 1779 548 1848 Νεκροὶ
576 1780 643 1832 δι’
676 1774 842 1848 οὗπερ
875 1779 1244 1843 ἐξανίστανται
1279 1780 1461 1833 πάλιν.

342 1869 457 1919 Καὶ
484 1869 580 1937 τὴν
610 1873 862 1935 φανεῖσαν
892 1869 1096 1937 ἀθρόως
1130 1870 1255 1936 παρ’
1278 1870 1464 1923 ἐλπίδα

341 1955 602 2009 ’Ἀπασαν
642 1957 917 2024 ἐξήγγειλε
951 1956 1407 2026 θαυματουργίαν.

421 2047 525 2100 Καὶ
555 2046 789 2115 πρέσϐυς
819 2044 934 2099 εἶπε
959 2062 969 2075 ’
1004 2045 1107 2098 Τοῦ
1138 2048 1427 2115 φθαρέντος
1462 2048 1644 2117 θηρίου

336 2138 417 2190 Τὸ
443 2138 639 2206 πτῶμα
668 2136 857 2200 δεῖξον,
882 2137 956 2198 ὡς
988 2136 1118 2205 ἔχει.
1153 2139 1335 2198 κάμοὶ.
1374 2142 1579 2191 τέκνον.

344 2229 547 2296 ’Λμφω
570 2227 615 2279 δ’
648 2225 857 2279 ἔϐαινον
890 2226 1016 2279 ἔνθα
1049 2243 1149 2277 που
1186 2226 1244 2277 τδ
1268 2227 1452 2294 θηρίον

346 2317 670 2385 Ἀναρθρον,
701 2316 923 2376 ἄπνουν,
957 2315 1182 2381 ἐκτάδην
1212 2316 1545 2384 ήπλωμένον,

341 2404 818 2472 Κατηλοκισμένον
847 2420 904 2454 τε
939 2402 1031 2455 καὶ
1058 2403 1392 2471 πεφυρμένον

348 2492 613 2562 Ἐρῤιπτο
644 2490 801 2559 δεῖμα
829 2492 937 2551 τοῖς
961 2489 1147 2559 ὁρῶσι,
1176 2493 1265 2542 καὶ
1290 2492 1471 2554 γέλως.

414 2582 526 2634 Καὶ
553 2578 889 2632 Πανταλείων
912 2577 1035 2647 ἄγχι
1065 2596 1176 2639 πως
1202 2578 1277 2647 τῷ
1305 2580 1579 2651 πρεσϐύτῃ

344 2670 420 2723 τὸ
448 2668 642 2738 πτῶμα
668 2667 761 2719 τοῦ
793 2667 1082 2737 φθαρέντος
1118 2667 1266 2719 ἔνθεν
1295 2669 1481 2738 θηρίου

350 2755 609 2822 ἐδιιξεν,
642 2758 959 2827 ἐσκίρτησεν
987 2758 1173 2826 ἡδονῆς
1202 2758 1323 2812 ὕπο.

301 2841 305 2844 ’
343 2849 586 2918 Πρέσϐυς
612 2847 672 2900 τό
692 2847 743 2914 γ’
771 2847 922 2917 δμμα
947 2847 1038 2899 τοῦ
1069 2848 1183 2909 νοὸς
1203 2849 1376 2918 πολλῴ
1400 2851 1553 2905 πλέον

342 2940 434 2999 Εἰς
461 2937 592 3005 ὕψος
621 2938 756 3005 ἄρας
787 2936 1012 3005 οὐρανοῦ
1041 2936 1173 3006 πρὸς
1207 2939 1405 3004 ἑστίαν,

354 3026 787 3096 ’Δπευχαριστῶν
813 3026 1058 3093 ἁσμένως
1089 3025 1165 3094 τῷ
1193 3027 1397 3095 Κυρίῳ,

348 3118 463 3169 Ὠδὶ
493 3118 803 3185 προσεῖπεν,
829 3117 890 3167 ἐκ
917 3114 1122 3182 φρενῶν
1150 3116 1461 3185 γερουσίων,

348 3208 433 3269 Ὦς
455 3207 606 3269 Δόξα,
631 3204 773 3269 δόξα,
814 3205 935 3267 δόξα
966 3206 1043 3256 σοὶ
1068 3204 1209 3273 μόνῳ
1241 3206 1456 3272 πρέπει,

338 3293 429 3361 Τῷ
459 3291 844 3361 τρισσολαμπεί
865 3292 963 3359 τῆς
1009 3294 1133 3360 μιᾶς
1156 3292 1429 3362 θεαρχίας,

337 3379 428 3448 Τῷ
454 3379 821 3448 παντεπόπτῃ,
854 3378 928 3447 τῷ
960 3380 1199 3448 κραταιῷ
1234 3382 1495 3450 Δεσπότῃ,

334 3468 423 3536 Τῷ
451 3468 765 3538 δημιουργῷ
792 3469 898 3520 τῶν
921 3468 1028 3520 ἄνω
1056 3472 1146 3520 καὶ
1180 3469 1285 3520 τῶν
1310 3470 1476 3533 κάτω,

334 3559 425 3628 τῷ
453 3558 865 3628 πανσθενουργῷ
889 3558 995 3610 τῶν
1018 3558 1193 3611 καλῶν
1223 3562 1549 3630 πρωταιτίῳ,

332 3648 421 3715 Τῷ
447 3647 523 3714 τῷ
544 3648 698 3714 Λόγῳ
726 3649 936 3715 φέροντι
960 3648 1155 3716 κόσμον
1186 3650 1262 3710 εἰς
1290 3650 1481 3715 πέρας,
1540 3659 1545 3665 “

331 3736 420 3802 Τῷ
449 3736 547 3803 τὴν
573 3735 740 3803 θεὼδη
780 3736 871 3786 καὶ
899 3737 1188 3802 φθαρεῖσαν
1214 3738 1400 3789 οὐσίαν

328 3822 550 3871 Φανέντι
578 3822 667 3871 καὶ
698 3821 947 3882 σώσαντι,
986 3824 1198 3872 καὶτῶν
1229 3826 1469 3890 ἀγγέλων

344 3908 685 3975 ’Υπερτέραν
719 3908 964 3968 τεύξαντι
998 3911 1059 3975 σῇ
1094 3911 1379 3978 παρουσίᾳ.

329 3996 438 4048 Καὶ
458 3995 564 4062 γὰρ
588 3997 803 4061 ταχεῖαν
832 3997 925 4061 τὴν
951 3997 1175 4064 ἀμοιϐὴν
1202 3998 1296 4063 τῆς
1327 3998 1496 4065 πάλης

331 4083 537 4151 Ἔργῳ,
561 4083 651 4133 τὸν
683 4082 875 4152 ἐχθρὸν
902 4084 933 4134 ἂ
960 4084 1133 4149 δεήσει
1156 4084 1451 4148 λανθάνειν,

328 4172 573 4236 Ἐδειξας
600 4173 678 4233 εἰς
708 4174 797 4223 σὺν
829 4174 1208 4242 εὑεπὶστροφον
1231 4174 1436 4243 λάτριν,

321 4261 585 4327 Φάλαγγα
620 4262 882 4313 διώσαντα
909 4263 1004 4332 τὴν
1033 4264 1294 4326 ἐναντίαν,

322 4352 519 4419 Τυχεῖν
552 4351 770 4402 ἐκείνων
802 4352 907 4402 τῶν
934 4352 1108 4420 μονῶν
1136 4354 1452 4421 ἀμεινόνων.

407 4439 569 4506 Ὁμοῦ
588 4439 643 4490 δὲ
669 4440 856 4491 θᾶττον
887 4438 1037 4502 αὖθις
1064 4444 1141 4502 εἰς
1172 4444 1266 4511 τὴν
1295 4445 1470 4495 οἰκίαν

321 4529 431 4581 Τοῦ
466 4530 762 4598 πρεσϐύτου
800 4532 1125 4600 προῦὄησαν,
1156 4530 1216 4586 οὗ
1248 4535 1343 4603 τὴν
1374 4541 1652 4608 φωσφόρον

320 4616 597 4682 Σφραγῖδα
625 4619 823 4685 σεπτὴν
854 4623 930 4681 εἰς
958 4623 1224 4690 τρισήλιον
1250 4624 1379 4689 φάος

324 4703 529 4768 Ἔθηκε
565 4705 865 4755 πιστεύοντι
891 4723 905 4736 ο
945 4710 1034 4757 καὶ
1064 4708 1138 4775 τῷ
1171 4712 1441 4782 πρεσὸύτῃ

320 4792 575 4857 Ἔμεινεν
606 4792 741 4844 ἑπτὰ
776 4786 1118 4863 συμπονήσας
1152 4799 1379 4865 ἡμέρας.

317 4880 428 4931 Καὶ
457 4880 519 4948 δὴ
551 4882 684 4948 μετά
714 4884 807 4951 τὴν
842 4884 1069 4952 ἑϐδόμην
1100 4885 1421 4948 ὀπισθόπους

312 4969 409 5029 Εἰς
432 4964 574 5019 οἷκον
604 4968 766 5022 ἐλθὼν
795 4972 898 5040 [fon
925 4970 1073 5043 ἦλθε]
1111 4975 1367 5041 πατρικὸν
1398 4983 1745 5049 κεχαρμένος.

386 5058 573 5125 Πατὴρ
608 5060 738 5126 πρὸς
774 5063 932 5112 αὑτὸν
955 5059 1074 5112 εἷπε
1110 5064 1300 5130 μεστὸς
1326 5066 1568 5135 δακρύων
1594 5089 1606 5101 ·

313 5148 514 5199 Τέκνον
546 5148 801 5211 ποθεινὸν,
833 5152 927 5211 τὰς
954 5152 1213 5214 τοσαύτας
1247 5156 1453 5221 ἡμέρας

313 5235 424 5288 Ποῦ
460 5236 549 5313 καὶ
576 5237 749 5303 παρῆς
789 5255 897 5304 μοι,
936 5242 1023 5289 καὶ
1054 5242 1250 5292 στένων
1280 5244 1635 5314 ἐδυσφόρουνς

319 5327 381 5377 ὐ
414 5324 614 5392 δεύτερ’
636 5326 795 5376 αἰνῶν
828 5329 917 5410 καὶ
979 5330 1251 5396 μεριμνῶν
1292 5335 1381 5383 καὶ
1430 5337 1587 5389 πέλον
1631 5341 1735 5410 [ἴον.

1508 5423 1705 5493 [ποθῶν

304 5413 581 5480 Θρήνοισι,
609 5412 814 5473 τέκνον,
842 5409 927 5464 οἶα
950 5416 1219 5483 πείσομαι,
1246 5420 1414 5482 τάλας

305 5502 455 5563 Υἱὸς,
489 5501 547 5551 τὸ
572 5500 756 5569 μέλλον
784 5502 857 5559 ὡς
881 5504 1109 5568 ἀγαστὸν
1146 5506 1200 5557 ἐν
1226 5508 1366 5572 φάει,

306 5592 583 5650 ιἈποινον,
613 5589 933 5642 ἀστένακτον
958 5592 1015 5641 οὐ
1042 5593 1219 5660 βλέπω
1241 5596 1370 5663 βίον.

298 5678 404 5731 Σοῦ
442 5681 538 5749 μὲν
570 5681 825 5747 παρόντος
852 5682 939 5733 καὶ
963 5682 1138 5737 θανεῖν
1168 5686 1469 5760 ἱμειρόμην.

1291 423 1351 480 S.
1392 415 2018 480 PANTELEEMONIS
2054 417 2420 478 ELOGIUM.

1636 532 1639 533 '
1820 533 1863 585 Α
1896 523 1987 578 Vis
2011 524 2380 590 Pantelemon,
2410 535 2472 582 ut
2498 526 2660 582 modo
2692 526 2835 581 haud
2856 526 3004 581 linit:
3033 526 3122 581 sit.

1894 618 1959 671 Et
1982 628 2135 674 stans
2158 619 2210 673 in
2237 621 2345 674 alto
2370 622 2559 675 bellua:
2586 623 2868 687 cadavere,

1895 705 1964 760 Ut
1991 708 2169 775 pullus
2200 707 2332 771 alas,
2357 708 2553 763 leniter
2581 718 2751 763 totum
2784 710 3001 763 elevans

1890 793 2120 863 Corpus,
2149 795 2438 864 oculosque
2463 794 2529 849 ad
2556 795 2756 848 :ethera
2785 795 3049 850 extollens
3072 809 3223 857 suos,

1891 883 2085 937 Preces
2122 884 2239 949 pias
2271 882 2556 952 purissimo
2583 882 2694 962 edit
2723 890 2957 950 pectore.

1890 968 2027 1024 Hine
2051 975 2223 1024 currit
2250 971 2312 1024 ad
2336 985 2520 1026 senem
2549 970 2651 1023 ista
2678 985 2852 1038 praeco
2884 971 3160 1034 nuntians,

1890 1057 2020 1123 Quae
2047 1067 2223 1112 certus
2256 1060 2369 1128 ipse
2398 1060 2620 1112 nuntius
2650 1069 2995 1127 prospexerat
3029 1084 3041 1112 ι

1890 1146 2026 1201 Τιιιη
2058 1150 2337 1217 procidens
2366 1150 2513 1203 humi
2550 1167 2563 1200 :
2591 1149 2768 1212 Pater,
2797 1165 3031 1217 praesens
3061 1151 3209 1213 ades,

1889 1235 2171 1289 Clamabat
2198 1238 2443 1302 assidue;
2477 1238 2606 1290 mihi
2641 1248 2889 1306 augusta,
2930 1238 3198 1306 inquiens,

1892 1323 2057 1376 Ortus
2096 1324 2316 1377 secundi
2350 1340 2542 1377 arcana
2573 1326 2761 1379 confer
2786 1326 3031 1394 protinus
3067 1344 3080 1379 :

1894 1414 2270 1482 Purgalionem
2295 1415 2688 1468 illuntinantem
2724 1427 2959 1483 pectora,

1891 1501 2024 1555 Nam
2053 1502 2175 1554 novi
2202 1517 2300 1569 ego
2326 1504 2677 1571 persuasione
2710 1505 2995 1565 acerrima,

1896 1590 2156 1645 Hilernus
2183 1603 2240 1645 ut
2262 1593 2329 1646 sit
2356 1603 2653 1660 prrpotens
2684 1609 2924 1647 summus
2958 1594 3117 1659 Deus,

1889 1681 2158 1743 Christus,
2186 1696 2286 1735 nec
2313 1681 2455 1734 ullus
2479 1692 2669 1749 praeter
2695 1683 2858 1746 hunc,
2884 1684 2974 1752 qui
3006 1686 3149 1739 solus
3172 1696 3271 1741 cst.

1890 1768 1992 1823 Per
2022 1786 2182 1839 quem
2216 1770 2389 1824 redire
2418 1772 2612 1823 mortui
2646 1771 2710 1823 ad
2741 1773 2900 1824 vitam
2930 1774 3124 1836 solent,

1811 1841 1859 1901 Β
1889 1856 2184 1926 Visumque
2214 1867 2409 1927 prmter
2432 1874 2579 1926 spem
2609 1859 2769 1913 modo
2795 1876 2953 1913 onme
2985 1877 3011 1913 a
3044 1878 3100 1916 se
3131 1862 3302 1931 palam

1887 1945 2225 2001 Renuntiarit
2258 1948 2459 2001 editum
2489 1948 2829 2001 miraculum.

1960 2046 2093 2099 Tum
2128 2048 2307 2098 senior
2344 2064 2355 2095 :
2386 2046 2527 2097 lleus
2562 2055 2638 2107 tu,
2676 2046 2865 2112 inquit,
2894 2056 3176 2116 peremptae
3206 2047 3392 2103 bellua:

1894 2137 2132 2190 Cadaver
2155 2136 2330 2188 indica
2361 2144 2419 2188 ut
2449 2150 2506 2188 se
2539 2136 2716 2197 habet,
2746 2136 2815 2186 ﬁli
2841 2137 3057 2201 optime.

1882 2224 1996 2278 Mox
2025 2241 2153 2293 ergo
2189 2234 2410 2294 uterque
2438 2226 2665 2277 contulit
2696 2240 2752 2278 se
2784 2226 2873 2278 ubi
2910 2226 3078 2279 bestia

1882 2316 2182 2378 Exanimis,
2216 2317 2435 2369 immota
2469 2324 2630 2383 atque
2659 2317 2802 2370 iners
2831 2326 3048 2371 extensa
3080 2327 3214 2382 erat,

1882 2406 2149 2475 Sulcoque
2181 2407 2305 2459 trita
2330 2416 2381 2460 et
2406 2408 2685 2475 inquinata
2721 2407 2997 2469 sordibus,

1879 2494 2074 2549 Terror
2099 2496 2313 2563 jacebat
2338 2505 2391 2549 et
2415 2496 2573 2563 jocus
2604 2498 2990 2565 spectantibus.

1952 2583 2050 2636 Hic
2086 2582 2427 2637 Pantelemon
2461 2586 2765 2639 comminus
2797 2596 2982 2639 sancto
3013 2588 3126 2640 seni

1876 2668 2023 2722 Ferte
2044 2672 2271 2725 cadaver
2296 2680 2563 2726 monstrat
2596 2673 2883 2727 instratum
2918 2676 3052 2737 solo,

1877 2758 2086 2813 Exsiliit
2110 2762 2370 2815 immenso
2394 2777 2557 2815 senex
2590 2778 2697 2830 pne
2724 2763 2920 2832 gaudio
2950 2781 2964 2815 :

1876 2846 2135 2916 Purmque
2166 2850 2360 2902 mentis
2395 2850 2594 2902 lumine
2619 2850 2759 2903 elato
2789 2851 2971 2929 altius,

1874 2937 2121 2991 Convexa
2153 2938 2436 3004 cmlorum,
2466 2939 2733 3007 adytaque
2761 2940 2977 2991 intrans
2998 2939 3129 3008 poli,

1874 3022 2068 3079 Grates
2103 3025 2347 3078 lubenter
2377 3028 2484 3092 egit
2525 3027 2771 3095 ingentes
2805 3028 2933 3089 Deo,

1797 3138 1841 3198 ο
1877 3113 1967 3169 Sic
1992 3124 2311 3183 apprecatus
2342 3126 2517 3169 mente
2548 3131 2715 3170 canus
2746 3115 2971 3169 candida
3009 3133 3021 3167 :

1943 3212 2136 3273 Decus,
2169 3213 2333 3267 decus
2364 3213 2458 3265 tibi
2485 3214 2575 3273 sit,
2610 3214 2761 3267 decet
2792 3224 2840 3266 te
2871 3229 3036 3265 unum
3072 3215 3258 3279 decus,

1873 3300 1978 3353 Ter
2000 3301 2155 3369 cujus
2186 3301 2467 3368 imperium
2498 3302 2717 3353 unicum
2744 3308 3027 3367 augustum
3055 3301 3239 3363 micat,

1871 3387 2075 3443 Cuncta
2108 3390 2355 3452 intuenti,
2389 3389 2615 3457 principi
2644 3388 2939 3442 fortissimo
2966 3406 2977 3439 :

1871 3480 1973 3545 Qui
2005 3481 2179 3549 epifex
2204 3497 2558 3549 supernorum
2593 3481 2995 3550 inferorumque
3019 3480 3282 3541 omnium,

1871 3568 1973 3631 Qui
1998 3577 2298 3636 praepotens
2334 3570 2681 3636 pulchrorum
2714 3584 2772 3621 es
2805 3576 2991 3620 auctor
3016 3577 3172 3635 atque
3199 3568 3339 3631 fons,

1869 3654 2236 3725 Mundutnque
2267 3657 2440 3711 Verbo
2467 3660 2529 3711 ad
2563 3660 2764 3711 exitum
2792 3657 2944 3711 ducis
2968 3656 3165 3709 bonum

1869 3746 1959 3797 Dei
1992 3746 2238 3799 aemulam
2273 3748 2361 3815 qui
2402 3749 2719 3815 labilemque
2743 3746 3029 3800 essentiam

1867 3833 2150 3897 Lustrasti,
2184 3845 2235 3890 et
2260 3847 2541 3895 assertum,
2567 3839 2770 3903 angelis
2786 3836 3045 3889 excellere

1868 3919 2075 3973 Virtute
2107 3922 2281 3975 fecisti
2314 3928 2609 3990 praesentia:
2636 3934 2758 3977 tute.

1863 4007 2041 4060 Lueue
2075 4013 2557 4061 remunerationem
2588 4024 2639 4062 ttt
2677 4015 2833 4063 citam

1860 4092 2030 4160 Opere
2058 4095 2218 4163 (quod
2254 4097 2460 4149 hostem
2490 4114 2593 4173 non
2621 4099 2829 4165 juvabit
2862 4101 3125 4171 invidum)

1861 4184 2027 4236 Servo
2059 4185 2310 4239 indicasti
2339 4195 2444 4238 tam
2476 4188 2790 4254 obsequenti
2828 4200 2877 4241 et
2912 4193 3113 4243 sedulo.

1857 4272 2084 4336 Quando
2121 4274 2356 4327 hosl‘um
2384 4276 2539 4328 turba
2573 4278 2788 4343 repulsa
2818 4286 2899 4330 est
2929 4280 3192 4346 integrum

1859 4364 2143 4419 Feliciores
2178 4369 2485 4421 mansiones
2512 4370 2749 4436 assequi.

1789 4438 1831 4491 Ῑ)
1925 4455 2059 4508 llinc
2092 4456 2267 4509 denuo
2301 4472 2466 4525 ocyus
2492 4457 2706 4510 domum
2735 4467 2971 4510 remeant
2996 4458 3151 4512 simul

1855 4544 2100 4615 Longmvi
2136 4546 2369 4599 hominis
2402 4563 2414 4597 :
2449 4547 2534 4597 ubi
2560 4546 2846 4613 pra‘ferens
2878 4552 3045 4603 lucem
3082 4565 3287 4603 sacram

1855 4632 2075 4701 Signum
2106 4635 2417 4694 verendum,
2455 4634 2585 4685 solis
2614 4645 2671 4685 ut
2698 4641 2777 4687 ter
2810 4636 2988 4698 lucidi,

1855 4722 2033 4775 Posuit
2059 4723 2158 4775 (ide
2193 4723 2397 4775 imbuto
2431 4742 2442 4775 :
2476 4726 2696 4792 senique
2728 4738 2909 4779 astans
2946 4728 3085 4780 bono

1851 4810 2069 4864 Juvenis
2098 4812 2330 4863 laborem
2368 4827 2459 4878 per
2488 4813 2599 4864 dies
2631 4822 2826 4878 septem
2864 4818 3073 4882 accipit.

1849 4898 2083 4953 Tandem
2117 4915 2392 4952 remensus
2422 4901 2536 4952 luce
2568 4904 2791 4966 septima
2829 4904 2989 4965 \‘ium,

1848 4990 2070 5042 Domum
2100 5006 2228 5058 puer
2260 4991 2469 5043 revertit
2496 4993 2557 5041 ad
2595 4993 2758 5055 patris
2794 4994 2997 5047 hilaris.

1846 5081 2019 5147 Ipsum
2047 5098 2237 5149 parens
2266 5097 2383 5134 cum
2417 5082 2660 5148 lacrymis
2689 5081 2876 5135 allatus
2910 5094 2990 5137 est

1918 5170 2110 5222 Dilecte
2146 5170 2215 5222 [ili
2252 5171 2345 5231 mi,
2374 5169 2485 5222 dies
2519 5184 2607 5235 per
2636 5178 2729 5229 tot,
2760 5185 2910 5239 rogo,

1848 5258 2069 5326 Ubinam
2107 5261 2339 5312 locorum
2373 5274 2491 5311 eras
2522 5258 2543 5308 ?
2571 5258 2842 5325 gemebant
2876 5276 2991 5326 ego,
3026 5263 3073 5315 id
3100 5262 3273 5316 ferens

1841 5323 2024 5415 Αἴθη,
2054 5350 2153 5400 hoc
2183 5357 2233 5401 ct
2258 5349 2385 5401 illud
2420 5347 2677 5416 cogitans,
2705 5346 3015 5403 desiderans

1839 5434 1932 5497 'l'e,
1960 5446 2101 5497 nate,
2134 5436 2349 5503 lugens;
2383 5444 2577 5502 quanta
2612 5434 2805 5488 suﬂ‘ero
2843 5439 3035 5489 miser!

1839 5520 1936 5574 Ubi
1976 5525 2156 5577 filius?
2187 5527 2275 5591 qui
2310 5527 2653 5589 imposterum
2682 5526 2955 5577 lux‘charu
2988 5526 3129 5579 erit?

1839 5610 2099 5678 Suspiriis
2134 5614 2249 5666 sine
2278 5624 2325 5667 te
2359 5624 2623 5667 carentem
2662 5614 2797 5666 haud
2838 5614 2991 5665 vitam
3026 5630 3124 5683 ago
3159 5634 3170 5668 :

1836 5699 2099 5755 Praesente
2130 5705 2220 5757 sed
2254 5700 2321 5769 te,
2350 5705 2430 5757 vel
2464 5706 2596 5758 mori
2626 5717 2922 5773 expcterem
2963 5708 3136 5759 modo.
