4120 6340
586 431 689 492 899
1085 484 1087 486 .
1843 422 2156 480 JUANNIS
2188 421 2609 482 GEOMETR/E
3657 417 3771 481 900

655 541 913 592 Sermone
947 534 1211 588 Pantaleo'
1229 531 1379 587 brevi
1409 530 1545 584 dixit
1575 529 1743 597 patri:

584 627 766 682 Morbo
796 625 1114 696 gravissimo
1144 623 1458 691 optimatum
1490 621 1816 688 quempiam,

585 715 650 768 Et
683 716 979 783 principem
1020 713 1278 766 illustrem
1305 711 1570 762 dolentem
1606 710 1856 771 maxime,

590 804 701 873 Ego
730 813 779 857 et
807 817 958 856 meus
984 803 1168 856 doctor
1198 799 1312 852 dies
1338 807 1537 866 septem
1564 797 1752 850 ordine

585 899 643 953 In
672 896 819 964 regio
848 891 1150 944 curavimus
1180 885 1398 964 palatio,

585 986 720 1039 Dum
736 960 961 1052 prorsus
999 993 1030 1032 a
1056 960 1384 1031 cruciatibus
1413 972 1722 1027 saevissimis

583 1072 955 1139 Commi.i3ata
984 1067 1271 1121 acerbitate
1290 1062 1572 1133 quieverit.

651 1171 748 1224 His
778 1165 1046 1237 acquievit
1069 1164 1322 1234 laerymis
1345 1161 1484 1216 fusis
1505 1168 1679 1227 pater.

583 1261 672 1316 llle
699 1259 824 1312 hinc
850 1265 1068 1324 repente
1099 1253 1330 1322 patrium
1361 1251 1611 1318 linquens
1652 1249 1813 1301 larem

582 1351 743 1403 Recta
772 1347 968 1408 evolat,
1001 1343 1194 1396 timore
1215 1340 1362 1394 nullo
1388 1339 1643 1407 percitus,

581 1438 660 1489 Ad
689 1435 1098 1502 Euphrosynum
1129 1443 1189 1485 se
1209 1428 1528 1497 magistrum
1548 1425 1853 1486 conferens,

585 1527 810 1578 Bidente
837 1522 1061 1592 jam-die
1090 1518 1290 1575 coloris
1314 1517 1463 1572 aurei
1499 1534 1513 1570 :
1636 1583 1656 1596 κ

581 1613 655 1669 Ut
681 1613 831 1666 stella
862 1609 1087 1665 Veneris
1116 1609 1257 1662 alma
1285 1609 1462 1660 clarus
1495 1605 1728 1658 Lucifer.

646 1698 997 1767 Interrogavit
1026 1698 1212 1751 doctor
1239 1695 1513 1749 hominem
1546 1692 1824 1760 pr0vidum
1851 1707 1866 1742 :

583 1791 629 1844 Ο
658 1789 933 1852 Pantaleo,
960 1786 1264 1842 curriculus
1289 1800 1357 1838 en
1386 1784 1596 1838 dierum
1624 1783 1736 1837 abit

585 1883 824 1953 Septem,
852 1879 1050 1935 scholae
1070 1893 1133 1932 ex
1156 1889 1265 1946 quo
1294 1883 1440 1944 septa
1471 1882 1667 1926 nostrae
1698 1872 1906 1927 deseris
1935 1889 1950 1925 :

590 1975 729 2038 Quid
757 1985 935 2026 rerum
969 1967 1206 2038 agebas?
1235 1980 1300 2019 ne
1322 1964 1455 2018 mihi
1495 1963 1548 2016 id
1577 1962 1711 2026 cela,
1739 1963 1994 2029 obsecrof;

582 2061 714 2114 Nam
748 2060 912 2112 libera
938 2066 1039 2120 est,
1073 2053 1220 2118 novi,
1254 2052 1352 2106 tibi
1377 2052 1497 2104 vitae
1528 2051 1689 2103 actio.

652 2156 852 2224 Agrum
882 2164 1070 2206 recens
1098 2155 1367 2204 mercatus
1393 2154 1476 2201 est
1500 2146 1717 2214 (inquit)
1748 2160 1920 2198 novus

583 2245 741 2300 Pater
769 2243 1029 2312 optimus,
1051 2240 1140 2294 cui
1177 2237 1427 2292 assiduus
1459 2235 1585 2288 haesi
1621 2249 1820 2298 comes,

581 2335 874 2404 Adjunctus
904 2329 1024 2400 ipsi,
1055 2342 1121 2383 ne
1148 2334 1307 2380 ruant
1334 2325 1638 2388 conamina,

583 2425 641 2481 lu
667 2424 870 2478 aedibus
899 2420 1054 2474 sedes
1087 2417 1178 2471 ubi
1210 2415 1405 2471 stabilii
1429 2427 1612 2475 meas;

580 2519 769 2570 Aratra
805 2520 856 2566 et
885 2511 1120 2573 aculeos,
1155 2507 1441 2576 magistros
1467 2516 1520 2558 et
1544 2506 1729 2566 boum,

583 2607 840 2660 Scrutans
869 2611 921 2656 et
945 2615 1147 2656 ornans
1169 2599 1369 2667 praedia
1397 2605 1520 2649 ante
1552 2597 1735 2648 urbem
1768 2595 1889 2648 sita.

584 2698 682 2752 llic
711 2694 916 2764 perstiti
943 2700 1142 2760 septem
1173 2689 1426 2742 laborans
1461 2701 1554 2753 per
1584 2685 1699 2738 dies
1730 2705 1744 2738 :

582 2785 715 2839 Nam
746 2781 991 2852 plurimis
1024 2779 1166 2847 agris
1194 2786 1246 2830 et
1279 2776 1471 2844 amplis
1493 2775 1723 2843 pra-diis,

584 2877 849 2945 Omnique
877 2889 934 2928 re
961 2886 1058 2926 nec
1089 2869 1319 2937 mancipi
1353 2867 1708 2936 praestantius,

583 2967 679 3022 Est
702 2965 963 3034 optimum
998 2959 1148 3020 illud,
1182 2955 1491 3025 comparavi
1523 2955 1666 3022 quod
1699 2952 1876 3006 modo.

652 3055 1039 3123 Euphrosynus
1078 3047 1227 3101 audit
1254 3045 1390 3111 haec,
1420 3053 1473 3099 et
1502 3043 1771 3098 obturavit
1797 3056 1878 3096 os.

2169 540 2206 592 Α

2415 533 2556 600 Ἔφη
2586 531 2642 584 δὲ
2663 546 2827 599 πατρι
2864 530 3134 596 συντόμως
3159 527 3480 580 Παντωλέων
3501 542 3518 559 ο

2333 623 2530 690 Λυμῶν
2555 622 2745 691 βαρεῖα
2763 622 2870 673 τῶν
2897 619 3225 689 μεγιστάνων
3250 618 3368 670 τινά

2334 713 2598 780 ’Ἄρχοντα
2624 711 2715 762 τὸν
2746 709 3043 778 προῦχοντα
3073 710 3165 760 σὺν
3192 706 3500 776 διδασκάλῳ.

2344 799 2630 867 Ἀλγοῦντα
2657 800 2842 863 δεινῶς
2871 801 2968 861 τὰς
2994 798 3252 860 τοσαύτας
3280 797 3491 868 ἡμέρας

2341 891 2767 960 Ὕπηρετοῦμεν,
2799 891 2950 953 ὄντες
2978 892 3035 942 ἐν
3062 890 3323 958 παλατίῳ,

2333 982 2472 1043 Ἕως
2493 979 2711 1045 τελείως
2730 981 2837 1034 τῶν
2867 980 3171 1047 ἀναγκαίων
3200 978 3372 1031 πόνων

2343 1069 2404 1120 Ἠ
2438 1069 2728 1138 σφοδρότης
2758 1068 2956 1134 ἔδειξεν
2985 1065 3350 1138 ήμερουμένη.

2397 1157 2584 1226 Πατὴρ
2605 1157 2878 1226 δακρύσας
2902 1157 3174 1225 ἠρέμησεν
3207 1154 3400 1206 αὐτίκα

2342 1247 2617 1300 Ἐντεῦθεν
2643 1248 2801 1310 εὐθὺς
2825 1250 3090 1316 πατρικῆς
3119 1246 3209 1298 ἀπ’
3241 1246 3474 1315 ἐσχάρας

2333 1339 2552 1406 Τρανῶς
2576 1339 2819 1402 διαπτάς,
2845 1339 2989 1390 ἔνδον
3014 1339 3112 1390 ούκ
3141 1337 3276 1406 ἔχων
3305 1337 3486 1405 φόόον,

2332 1427 2470 1496 Πρὸς
2497 1429 2833 1496 Εύφρόσυνον
2853 1429 2940 1482 τὸν
2970 1428 3283 1481 διδάσκαλον
3314 1427 3469 1490 θέων,

2333 1517 2471 1586 Ἤδη
2495 1517 2735 1586 γελώσης
2760 1518 2970 1587 ἡμέρας
2993 1517 3340 1589 χρυσοχρόου,

2335 1608 2603 1667 Ἀπεισιν.
2633 1609 2806 1677 ἀστὴρ
2828 1609 2982 1670 ἀλλος
3007 1610 3080 1670 ὡς
3109 1610 3398 1677 ἑωσφόρος.

2414 1696 2553 1749 Ἰδὼν
2577 1697 2632 1749 δὲ
2665 1697 2848 1751 τοῦτον
2878 1699 3038 1768 ἡρετο
3068 1697 3349 1767 προμηθέα
3369 1713 3384 1728 ⁸

2328 1781 2398 1838 Ὦ
2421 1787 2778 1853 Πανταλείων,
2803 1787 3024 1859 ἡμερῶν
3053 1788 3188 1840 ἐσττά
3225 1788 3419 1854 δρόμος

2332 1876 2589 1942 Ἐφευξεν
2625 1877 2682 1942 ἐξ
2703 1871 2765 1929 οῦ
2794 1877 2951 1944 τήνδε
2977 1877 3073 1945 τὴν
3107 1875 3296 1945 σχολὴν
3320 1873 3513 1930 λιπών.

2337 1965 2470 2030 Ποῦ,
2493 1967 2632 2032 εἰπὲ,
2668 1967 2742 2035 μὴ
2765 1966 2977 2039 κρύψῃς
3001 1967 3063 2018 σύ
3090 1984 3180 2035 με.

2345 2056 2525 2124 Ἔχεις
2550 2055 2679 2126 γὰρ,
2695 2051 2830 2120 οἶδα,
2853 2055 2952 2126 τὴν
2981 2057 3150 2124 φοράν
3174 2057 3480 2124 ἐλευθέραν.

2414 2147 2624 2217 Ἀγρὸν,
2655 2149 2946 2215 προσεῖπεν
2966 2185 2982 2211 ,
3009 2147 3342 2217 ἡμπολήσατ’
3369 2148 3569 2218 ἀρτίως

2338 2241 2533 2319 ’Ἄλλος
2558 2239 2735 2308 πατὴρ
2762 2240 3033 2308 φέριστος,
3059 2231 3102 2304 ᾧ
3127 2239 3219 2292 καὶ
3253 2239 3564 2307 προσμένων

2331 2333 2570 2394 Σταλεὶς,
2603 2331 2732 2400 παρ’
2761 2331 2908 2400 αύτῷ
2938 2331 3011 2400 μὴ
3045 2330 3228 2399 σφαλῶ
3255 2329 3607 2400 πειρώμενος,

2344 2421 2600 2485 Ἐκεῖθεν,
2623 2399 2744 2473 ὅθεν
2771 2437 2832 2488 γε
2960 2399 3124 2489 νομὰς
3281 2399 3465 2488 μονὰς]
3487 2411 3767 2488 διατρίϐω,

2335 2511 2570 2580 Ἀροτρα
2600 2511 2692 2573 καὶ
2729 2510 3023 2580 βούκεντρα
3057 2510 3148 2563 καὶ
3176 2509 3438 2580 βοηλάτας

2331 2600 2585 2669 Κοσμῶν,
2616 2600 2869 2669 ἐρευνῶν,
2895 2599 2987 2652 τοῦ
3014 2599 3132 2651 νέου
3170 2597 3491 2667 προαστείου
3515 2612 3530 2626 ·

2335 2693 2585 2759 Ἐμεινον
2613 2691 2748 2744 ὲπτά
2775 2690 3120 2760 συμπονήσας
3153 2688 3383 2758 ἡμέρας.

2333 2778 2544 2831 Πολλῶν
2567 2779 2675 2846 γὰρ
2703 2779 2887 2846 ἀγρῶν
2910 2776 3197 2844 κτημάτων
3219 2775 3265 2825 θ’
3292 2775 3429 2844 ὑπὲρ
3467 2773 3626 2841 φύσιν

2330 2870 2439 2921 Kal.
2465 2869 2660 2930 παντὸς
2689 2868 2845 2922 ἄλλου
2874 2867 3188 2936 τιμιώτερος
3221 2866 3387 2927 πέλει,
3425 2863 3762 2936 [ὠνησάμην.

2331 2960 2400 3014 ’Ὀ
2425 2976 2514 3029 μοι
2541 2959 2759 3028 ἄριστον
2779 2958 2838 3010 ὃν
2866 2957 3026 3010 τανῦν
3056 2957 3223 3027 [ισ.ὃν
3256 2973 3342 3025 μοι
3383 2957 3472 3025 ἀρ.
3501 2955 3626 3006 ὄντα
3646 2951 3767 3024 νῦν]

2402 3049 2665 3102 Ἤκουσεν
2698 3048 3054 3118 Εύφρόσυνος.
3089 3046 3322 3116 Ἐφραξε
3354 3047 3523 3115 στόμα

584 3229 809 3295 Quando
840 3227 1008 3282 Deum
1036 3225 1312 3295 Christum
1343 3221 1491 3274 indui
1523 3222 1631 3273 imo
1659 3229 1892 3288 pectore,

584 3321 803 3374 Pietatis
822 3287 1314 3382 emendationisque
1346 3313 1411 3365 ad
1443 3313 1579 3363 viam

586 3409 881 3462 Recurrere
910 3415 1147 3474 optarem
1177 3412 1403 3470 patrem,
1437 3415 1620 3452 errore
1649 3399 1813 3465 impio

587 3496 828 3559 Abjecto.
855 3493 911 3545 ld
939 3491 1247 3558 expetebat;
1281 3497 1353 3552 et,
1380 3489 1539 3553 vulgo
1568 3497 1622 3538 ut
1651 3486 1852 3546 ferunt,

587 3582 789 3636 Funem
817 3594 1031 3633 movere
1062 3579 1224 3644 ctepit
1254 3589 1488 3636 omnem,
1519 3588 1625 3641 quo
1653 3587 1845 3640 parens

586 3672 847 3726 Evaderet
877 3670 1068 3730 ﬁdelis,
1101 3678 1259 3734 atque
1283 3664 1570 3717 identidem

588 3760 870 3829 Proposuit
892 3773 955 3811 ac
984 3757 1200 3824 scripsit
1222 3753 1454 3822 patentia
1487 3751 1763 3819 dogmata,

587 3845 850 3913 Praesagia
881 3851 933 3896 et
959 3852 1138 3894 vatum
1168 3839 1486 3906 probantum
1517 3835 1689 3889 lucide

588 3932 767 3986 Mundi
795 3930 1214 3992 absolutionem;
1241 3927 1366 3979 item
1399 3933 1458 3978 ut
1485 3925 1627 3992 potis
1651 3923 1752 3976 fuit

593 4024 824 4091 Serpens
857 4026 1120 4074 venenum
1152 4018 1202 4070 in
1235 4031 1329 4070 cor
1355 4016 1528 4068 virum
1561 4012 1951 4067 transfundere.

587 4116 700 4168 lloc
725 4127 968 4168 summus
999 4119 1185 4163 auctor
1217 4107 1458 4162 omnium
1489 4113 1542 4161 et
1575 4104 1834 4157 Dominus
1861 4102 2016 4166 tulit;

586 4206 822 4272 Corpore
844 4214 1034 4254 carens
1060 4207 1250 4250 natura
1271 4204 1323 4248 et
1347 4195 1719 4254 immutabilis,

586 4292 950 4363 Sanguiuibus
979 4303 1008 4341 e
1037 4286 1357 4342 castissimis
1386 4293 1586 4346 cretus,
1619 4284 1756 4334 Deus

589 4392 742 4445 Servi
779 4390 1003 4456 ﬁguram
1034 4383 1176 4449 cepit
1197 4381 1462 4445 abiectam
1499 4378 1810 4436 admodum,

586 4481 925 4542 Carnemque
955 4471 1256 4529 mortalem,
1287 4469 1376 4521 sed
1409 4483 1436 4519 a
1471 4467 1585 4519 labe
1614 4479 1834 4517 vacuam
1867 4504 1877 4516 .

589 4565 755 4618 Fixus
783 4557 950 4621 eruci,
983 4555 1255 4622 clavisque
1285 4555 1508 4606 adactus
1537 4551 1742 4612 ferreis,

588 4651 924 4707 Cruciatibus
947 4654 1119 4699 tortus
1151 4644 1414 4714 (dolorum
1444 4657 1475 4695 ο
1497 4642 1842 4709 remedium!)

590 4745 810 4799 Moritur
837 4742 1096 4801 lubenter,
1121 4743 1364 4792 mortuus
1393 4743 1583 4803 sponte
1613 4740 1668 4787 et
1694 4747 1790 4786 sua

586 4837 665 4889 Ad
695 4834 846 4887 inferi
876 4832 1018 4886 venit
1047 4831 1206 4894 fores,
1229 4838 1283 4883 et
1315 4830 1506 4881 robore

587 4923 831 4976 Tumulis
861 4923 1077 4990 apertis,
1111 4936 1176 4973 eu
1213 4920 1446 4987 sepultos
1473 4917 1681 4972 saeculis

588 5013 810 5074 Priscis,
838 5012 891 5062 in
922 5011 1028 5062 illis
1055 5009 1252 5061 excitat
1277 5007 1579 5060 reconditos
1611 5024 1624 5057 :

588 5103 692 5156 Pro
721 5113 942 5152 munere
970 5097 1202 5150 otl‘erens
1232 5097 1399 5161 patris
1421 5110 1645 5162 superas
1675 5096 1881 5147 domos.

589 5189 951 5245 Pulvisculum
982 5185 1264 5246 extollens,
1293 5191 1344 5237 et
1375 5185 1538 5236 altum
1569 5187 1870 5238 sublevans.

587 5283 697 5335 Ictu
727 5280 1010 5333 draconem
1041 5272 1301 5327 sauciavit
1329 5272 1567 5324 horrido.

586 5367 731 5422 ldetn
766 5367 851 5419 ille
878 5376 1092 5433 quoque
1120 5368 1374 5412 venturus
1413 5365 1494 5412 es't
1523 5362 1713 5413 iterum
1746 5377 1806 5413 ex
1842 5364 1946 5428 poli

588 5457 878 5512 Caeumine
905 5451 1186 5512 accedens,
1212 5450 1416 5502 cruenti
1448 5463 1554 5516 quo
1587 5451 1716 5517 lupi,

591 5546 980 5612 Erroribusque
1009 5539 1249 5609 impliciti
1275 5537 1546 5591 acerbiora
1566 5539 1704 5604 dent,

590 5634 856 5702 Supplicia
891 5651 904 5685 :
932 5634 1112 5702 justis,
1145 5628 1494 5697 elegantibus,
1514 5628 1714 5694 probis,

591 5722 812 5776 Tribuet
850 5736 1130 5789 perennem
1161 5719 1384 5791 gloriam
1410 5728 1461 5772 et
1492 5733 1741 5784 superum
1779 5719 1971 5772 cibum.

2332 3317 2474 3385 Πρὸς
2506 3317 2804 3379 εὐσέϐειαν,
2839 3317 2973 3383 πρὸς
3004 3316 3283 3382 διόρθωσιν
3321 3313 3456 3365 θέλω

2331 3406 2765 3473 Παλινδρομῆσαι
2793 3405 2881 3455 τὸν
2911 3405 3150 3464 τεκόντα,
3180 3403 3274 3455 καὶ
3316 3403 3523 3470 πλάνην

2341 3493 2463 3560 Ἐᾷν
2493 3493 2709 3559 βαθεῖαν
2733 3509 2747 3523 ο
2775 3491 2928 3542 τοῦτο
2963 3492 3022 3559 δὴ
3047 3491 3108 3541 τὸ
3137 3491 3229 3541 τοῦ
3263 3491 3420 3556 λόγου
3541 3489 3762 3558 [κά>.‹ι›ν,

2329 3577 2526 3630 Τοῦτόν
2585 3580 2633 3644 γ’
2678 3578 2790 3648 [γρ.
2837 3577 3060 3646 ταύτην]
3108 3578 3276 3628 ἐποίει
3329 3579 3502 3628 πάντα
3537 3578 3761 3647 κινήσας

2328 3667 2520 3718 Πιστὺν
2547 3666 2815 3733 γενέσθαι,
2846 3666 3156 3726 πλειστάκις
3185 3666 3276 3718 καὶ
3302 3666 3556 3726 πολλάκις

2330 3757 2579 3825 Γράφων,
2607 3756 2924 3826 προτείνων,
2956 3756 3253 3808 εύσύνοπτα
3281 3756 3543 3823 δόγματα,

2337 3847 2545 3915 Ῥησεις
2582 3847 2872 3916 προφητῶν
2905 3845 3317 3916 μαρτυρούντων
3345 3847 3574 3913 εὐλόγως

2327 3937 2437 4008 Τὴν
2463 3939 2728 4006 κοσμικὴν
2757 3937 3052 4007 πλήρωσιν,
3077 3938 3150 4000 ὡς
3184 3939 3468 4008 ἐπεκράτει

2332 4029 2556 4092 Δράκων
2581 4028 2834 4095 ἀφύσσων
2849 4029 2910 4080 τὸ
2928 4028 3126 4095 βροτῶν
3147 4029 3344 4099 ἀρευ...
3368 4029 3474 4098 [Ion
3500 4025 3758 4098 ὀλέθριον]

2325 4117 2432 4169 Καὶ
2457 4117 2588 4185 δῆτα
2615 4115 2804 4168 τοῦτον
2828 4119 2922 4168 καὶ
2950 4118 3126 4184 φέρων
3154 4120 3182 4168 ὁ
3207 4118 3502 4184 Δεσπότης,

2322 4205 2452 4266 Θεός
2475 4199 2587 4272 ’περ
2616 4205 2710 4268 ὢν,
2743 4205 3000 4274 ἄσαρκος,
3032 4206 3290 4273 ἄτρεπτος
3313 4205 3486 4271 φύσιν.

2331 4296 2517 4361 Ὅμως
2540 4294 2754 4362 κυηθεὶς
2780 4295 2842 4345 ἐκ
2872 4294 3154 4358 πανάγνων
3181 4294 3425 4360 αἱμάτων

2323 4379 2548 4448 Μορφὴν
2584 4381 2640 4430 δέ
2667 4379 2852 4430 δούλου
2886 4378 3200 4447 προσλαόὼν
3241 4378 3348 4448 [ιον.
3393 4380 3757 4450 ἀνθρωπίνην]

2326 4470 2435 4521 Καὶ
2459 4470 2634 4537 σάρκα
2659 4468 2878 4537 θνητὴν,
2905 4468 3019 4519 ἀλλ’
3045 4468 3314 4537 ἁμαρτίας
3338 4469 3478 4538 δίχα,

2325 4557 2546 4626 Σταυρῷ
2575 4558 2766 4624 παγεὶς
2794 4557 2997 4626 ἦλοισιν
3018 4559 3418 4628 ἐμπεπαρμένῳ
3442 4576 3457 4591 ο

2328 4648 2476 4715 Πάθη
2509 4646 2711 4710 παθὼν,
2745 4641 2799 4700 ὦ
2820 4647 2999 4717 θαῦμα
3027 4649 3119 4717 τὴν
3142 4649 3327 4701 παθῶν
3352 4650 3523 4712 λύσιν,

2325 4739 2555 4806 Θνήσκει
2591 4737 2838 4799 έκόντως,
2875 4738 2966 4789 καὶ
3001 4737 3171 4789 θανὼν
3201 4739 3478 4801 ἑκουσίως,

2326 4827 2486 4896 ᾍδου
2519 4827 2792 4879 κατελθὼν
2820 4829 2897 4889 είς
2933 4826 3124 4890 πύλας,
3148 4829 3240 4880 καὶ
3261 4827 3335 4896 τῷ
3370 4831 3554 4899 κράτει

2323 4917 2537 4984 Τάφους
2565 4918 2775 4980 ἀνοίξας
2805 4920 2928 4978 τοὺς
2957 4920 3119 4970 πάλαι
3145 4921 3549 4987 κεκρυμμένους

2320 5007 2558 5076 Νεκροὺς
2583 5009 2817 5077 ἐγείρας,
2847 5009 2967 5069 τοὺς
2994 5010 3166 5077 χρόνῳ
3192 5008 3576 5078 τεθαμμένους,

2321 5097 2500 5165 Δῶρον
2521 5098 2789 5165 προτάξας
2818 5099 3110 5166 πατρικοὺς
3138 5099 3247 5150 ἄνω
3273 5099 3486 5168 δόμους.

2323 5188 2423 5238 Τὸν
2448 5185 2572 5256 χοῦν
2598 5187 2808 5254 ἀνυψῶν
2837 5188 2928 5238 καὶ
2954 5188 3236 5256 μετάρσιον
3271 5189 3466 5257 φέρων,

2323 5277 2562 5344 Ἐτρωσε
2585 5276 2674 5328 τὸν
2699 5276 2960 5343 δράκοντα
2992 5276 3167 5347 πληγῇ
3199 5281 3404 5348 καιρίᾳ.

2335 5368 2562 5426 Ἐκεῖνος
2590 5366 2744 5427 αὑτός
2770 5367 2937 5427 ἐστιν,
2967 5367 3022 5428 ὃς
3059 5367 3239 5433 μέλλει
3271 5368 3427 5421 πάλιν

2327 5455 2561 5507 ’Ἃνωθεν
2595 5455 2745 5522 ἥξειν
2775 5459 2882 5518 τοῖς
2918 5457 3214 5523 μιαιφόνοις
3243 5457 3421 5517 λύκοις

2320 5544 2426 5595 Καὶ
2459 5547 2568 5606 τοῖς
2603 5547 2970 5613 ἁμαρτάνουσι
2996 5547 3084 5596 τοῦ
3113 5546 3291 5597 δοῦναι
3319 5546 3470 5612 δίκην

2325 5636 2413 5694 Ὣς
2438 5636 2484 5685 δ’
2507 5636 2571 5687 αῦ
2601 5637 2822 5698 δικαίοις
2851 5637 3104 5702 κάγαθοῖς
3133 5638 3224 5687 καὶ
3248 5635 3484 5702 κοσμίοις

2321 5726 2580 5794 ’Λληκτον
2613 5724 2760 5794 εὖχος
2790 5729 2881 5779 καὶ
2903 5729 3103 5797 τροφὴν
3138 5727 3430 5794 ἁνωτέραν.
