4120 6340
275 419 371 483 901

385 535 599 603 Ἄρχων
628 551 686 586 τε
711 535 923 588 πάντων
949 537 1191 606 γηγενῶν
1215 578 1226 590 .
1247 579 1258 591 .
1285 578 1296 590 .

377 624 586 693 Κριτὴς
609 631 860 694 φανεῖται
885 667 898 680 .
920 665 933 679 .
958 667 970 677 .
994 665 1008 679 .
1033 665 1048 679 .

377 716 603 769 Ζώντων
638 735 693 769 τε
723 719 927 787 νεκρῶν
954 718 1022 779 τ’,
1051 719 1106 770 ἐν
1132 719 1269 787 ῥοπῇ
1297 717 1634 787 ταχυδρὸμῳ.

378 805 497 856 Εἰσὶ
525 809 630 876 γὰρ
658 808 808 876 ὑμῶν
837 808 1081 879 ἀδρανεῖς
1110 809 1240 870 θεοὶ,
1273 809 1472 874 Πάτερ,

379 896 585 949 Εἴδωλα
611 898 956 967 χειρότευκτα
985 898 1247 966 δαιμόνων
1272 898 1467 967 πλάνη,
1503 960 1510 968 Ι

383 991 593 1058 Ὥσπερ
624 991 902 1059 προφήτης
931 986 1102 1054 εἶπεν,
1133 989 1434 1062 ὀξυδερκίᾳ,

377 1080 442 1131 Tt
471 1079 621 1131 οῦσιν
646 1081 740 1130 ἐκ).
768 1079 826 1132 ού
856 1097 944 1148 ροτ
973 1096 1075 1148 χε..

375 1169 648 1237 ’Ὑπαρξις
671 1170 743 1230 ὡς
775 1169 1004 1238 ἔχοντες,
1033 1169 1104 1232 ὥς
1143 1187 1202 1222 τε
1235 1170 1326 1222 καὶ
1364 1169 1529 1240 βάρος

375 1258 483 1327 Γῆς
506 1259 612 1309 εισι
645 1258 733 1326 ἄρ’
761 1259 950 1314 εἰπὲ...

377 1349 442 1398 Οἱ
475 1349 572 1415 μὲν
602 1347 888 1414 κάθηνται,
911 1348 1002 1398 καὶ
1025 1348 1320 1416 καθήμενοι
1349 1349 1524 1417 μάτην

378 1440 638 1501 Ἀνεισιν,
670 1438 776 1488 οὐδ’
805 1437 879 1500 ὥς
900 1453 912 1466 ⁸
941 1438 1064 1504 εἰδὲ
1093 1439 1185 1490 καὶ
1208 1438 1534 1507 ὀρθοστάδην

384 1526 702 1595 Ἐστηκότες
728 1525 1010 1594 μίμνουσιν
1038 1529 1424 1597 ἐστηλωμένοι,

373 1616 658 1676 Κλίνοντες
680 1615 713 1684 ἦ
739 1617 1075 1685 κάμπτοντες
1102 1618 1329 1680 οὐδὸλως
1353 1618 1520 1687 κάρα,

374 1704 481 1754 Καὶ
509 1704 684 1770 φωτὸς
708 1705 833 1756 εὑ...
875 1705 1077 1773 καίπερ
1100 1706 1491 1760 ἀντανάκλασιν

371 1791 566 1844 Λαϐὼν
591 1793 840 1861 ἀφορμὰς
865 1795 960 1855 τὰς
990 1795 1191 1847 ἀπελ...
1225 1813 1285 1848 το

445 1882 629 1950 Πατὴρ
659 1884 794 1951 πρὸς
818 1883 976 1936 αύτδν
1001 1886 1238 1948 εὐσεϐῶς
1267 1885 1536 1955 ἀπεκρίθη
1556 1901 1572 1916 ο

371 1972 448 2022 Τὸ
475 1973 623 2040 ῥῆμα
650 1973 805 2025 τοῦτο
828 1974 1265 2042 δυσανάγνωστον
1297 1976 1445 2028 πέλει

373 2061 484 2115 Καὶ
515 2063 767 2116 δύσκολον
811 2065 1043 2134 μάλιστα
1082 2069 1192 2129 τοῖς
1221 2066 1626 2136 ἁπλουστέροις.

815 2244 1014 2298 Λείπει
1043 2243 1253 2296 τᾶλλα.

1589 426 1924 485 CARMINA
1966 429 2216 487 VAlllA.

1847 540 1895 596 Α
1927 538 2174 608 Princeps
2206 541 2250 592 is
2275 544 2448 590 exstat
2476 538 2717 590 omnium
2747 543 3080 603 mortalium,

3356 431 3457 489 902

1927 628 2223 682 Viventium
2253 639 2412 696 atque
2447 636 2801 693 mortuorum,
2833 629 3067 683 momine

1919 718 2208 773 Celerrimo
2229 719 2390 785 judex
2415 717 2677 770 Videbitur
2710 718 2906 785 gravis.

1988 809 2125 863 Sunt
2153 823 2338 876 nempe
2367 808 2437 860 dii
2465 806 2625 860 vestri
2657 807 2932 872 imbecilli,
2967 808 3039 861 mi
3071 822 3288 877 parens,

1917 900 2061 955 ldola
2091 901 2210 954 ficta
2246 898 2513 964 manibus,
2541 878 2660 952 astii
2692 898 2995 952 daemonum
3027 939 3040 963 ,

1919 988 1989 1043 Ut
2019 990 2295 1058 perspicax
2327 989 2584 1058 propheta
2611 977 2880 1056 quondam
2913 988 3144 1042 dixerat.

1985 1079 2123 1144 Quid
2155 1093 2388 1147 namque
2417 1086 2561 1142 sunt,
2589 1075 2695 1130 nisi
2722 1078 2965 1146 quaedam
2995 1077 3183 1131 inanes
3211 1075 3422 1152 fabricae
3441 1117 3457 1141 ,

1916 1167 2044 1235 Quae
2075 1177 2219 1222 stant
2249 1167 2432 1221 eadem
2461 1181 2565 1233 qua
2593 1166 2780 1221 locatae
2807 1175 2933 1222 sunt
2965 1166 3081 1220 basi

1916 1257 2145 1312 Telluris
2167 1271 2342 1311 annon
2374 1250 2582 1324 pondus
2614 1257 2711 1310 hoc
2741 1254 2927 1309 inutile
2952 1255 3074 1308 est?

1918 1346 1979 1399 lli
2011 1347 2290 1400 consident
2310 1343 2405 1403 dii.
2434 1359 2618 1399 verum
2647 1344 2874 1397 inaniter
2904 1344 3091 1398 sedent

1915 1437 2022 1492 Nec
2047 1437 2240 1491 deinde
2269 1446 2496 1504 surgunt
2530 1454 2540 1488 :
2573 1436 2728 1503 sique
2756 1442 2905 1488 recto
2933 1433 3231 1512 sint_statu,

1917 1527 2003 1580 Sic
2035 1535 2348 1596 permanent
2374 1525 2462 1577 ﬁxi
2499 1532 2557 1577 ut
2583 1522 2852 1578 columnis
2883 1522 3166 1576 stabilib‘us
3199 1539 3214 1573 :

1913 1616 2021 1669 Nec
2049 1616 2323 1668 vertebras
2349 1612 2586 1678 ﬂectunt,
2614 1628 2712 1666 nec
2741 1612 2999 1666 inclinant
3023 1621 3206 1680 caput.

1915 1707 1978 1758 Et
2009 1708 2144 1760 lucis
2173 1714 2436 1766 exsortes,
2463 1703 2672 1756 tametsi
2699 1702 2755 1754 in
2778 1701 2899 1754 luce
2921 1701 3047 1753 sint.

1916 1796 2006 1852 Sic
2030 1796 2325 1851 instruendi
2355 1794 2521 1864 patris
2545 1809 2707 1847 ansas
2742 1794 2954 1860 arripit.

1843 1864 1885 1919 Β
1973 1886 2174 1940 Parens
2203 1887 2288 1955 pie
2318 1895 2442 1939 nato
2475 1888 2638 1939 hocce
2666 1899 2983 1954 responsum
3013 1884 3158 1938 dedit
3191 1901 3205 1937 :

1914 1976 2008 2030 llic
2038 1991 2214 2031 sermo
2246 1975 2444 2044 percipi
2471 1977 2652 2043 nequit
2676 1984 2758 2028 sat
2783 1976 3080 2038 commode,

1911 2064 1977 2118 Et
2006 2065 2208 2119 arduus
2237 2064 2463 2117 rudibus
2488 2065 2664 2117 adhuc
2691 2071 2774 2118 est
2804 2065 3057 2118 maxime.

2254 2240 2478 2293 Deerant
2507 2239 2704 2309 reliqua
2734 2242 2787 2292 in
2813 2240 3108 2310 archetypo.

295 2449 3430 2475 WW-

1096 2619 1678 2731 JOANNIS
1759 2619 2611 2764 GEOMETR/E,

1659 2851 1742 2893 UT
1769 2850 2046 2905 FERUNT,

808 2996 1162 3057 CARMINA
1206 2994 1454 3055 VARIA
1497 2992 1965 3053 ARGUMENTI
2008 2993 2232 3053 SACRI
2281 2995 2434 3054 VEL
2469 2994 2892 3056 HISTORICI.

722 3157 876 3223 (J.-.L
902 3156 1114 3218 Causa,
1139 3154 1376 3205 Anccdota
1405 3156 1590 3213 Gra'ca,
1615 3163 1672 3201 ex
1699 3153 1839 3203 codd.
1874 3151 2052 3212 Paris.,
2081 3152 2292 3210 lomslV,
2317 3164 2367 3212 p.
2388 3151 2497 3213 265,
2517 3153 2625 3201 cod.
2667 3155 2779 3213 552,
2801 3154 2998 3216 Suppl.)

1841 3325 1910 3338 —

334 3450 407 3504 α’.
434 3452 531 3514 Εἰς
563 3447 666 3500 τὸν
695 3447 900 3515 κύριον
928 3443 1258 3512 Νικηφόρον
1289 3443 1302 3473 ⁸
1334 3443 1438 3496 τὸν
1455 3444 1739 3507 βασιλέα.
1835 3478 1878 3536 c
1909 3443 2056 3495 Χιών
2085 3459 2144 3494 τε
2169 3443 2263 3494 καὶ¹
2296 3442 2500 3511 χάλαζα
2525 3443 2616 3496 καὶ
2646 3440 2854 3510 κρυμοῦ
2879 3441 2990 3512 βία,

259 3544 356 3608 Μὴ
399 3539 647 3609 χρώμασι
677 3536 913 3588 ποίκιλλε
935 3534 1192 3585 δεσπότου
1225 3535 1244 3564 ¹
1267 3532 1413 3596 θέαν,

272 3631 422 3684 Ἀλλ’
456 3630 751 3696 ἀδάμαντα,
778 3626 995 3695 χρυσον,
1017 3625 1271 3693 ἄργυρον,
1301 3623 1461 3687 λίθον,

257 3721 484 3775 Χαλκόν
510 3738 566 3771 τε
602 3720 695 3771 καὶ
727 3718 938 3786 σίδηρον
967 3716 1207 3784 ἁρμόσας
1236 3715 1372 3783 ἅμα,

257 3811 492 3876 Μόρςρου
517 3808 573 3858 τὸ
601 3806 758 3874 σῶμα
778 3823 791 3835 ’
820 3805 1040 3874 καρδίαν
1074 3805 1170 3870 μὲν
1196 3803 1425 3872 χρυσέαν

260 3900 556 3967 Πρώτιστα
586 3896 804 3955 πλάττε,
830 3892 1022 3959 στέρνα
1044 3892 1291 3959 λαμπροῦ
1323 3893 1367 3943 δ’
1394 3893 1653 3962 ἀργύρου,

259 3989 471 4055 Χεῖρας
495 3985 547 4034 δὲ
579 3981 776 4051 χαλκοῦ
812 3981 902 4030 καὶ
934 3979 1090 4045 σθένη
1129 3980 1443 4048 βραχιόνων,

259 4074 376 4137 Τὴν
421 4071 529 4135 ἰξὺν
558 4070 876 4136 ἀδάμαντος,
906 4069 967 4118 ὲκ
988 4067 1131 4118 λίθου
1161 4068 1342 4129 πόδας,

257 4163 501 4229 Κνήμας
523 4159 573 4210 δὲ
608 4161 699 4210 καὶ
735 4159 800 4209 τὰ
822 4157 962 4208 νῶτα
997 4159 1088 4208 καὶ
1116 4159 1343 4226 στερρὰν
1367 4157 1558 4224 κάραν,

256 4253 335 4304 Τὸ
371 4251 483 4302 τεᾶν
514 4249 722 4317 σιδηρᾶ.
752 4247 936 4300 Ταῦτά
961 4263 1047 4315 μοι
1074 4246 1401 4314 ξενοτρόπως

257 4337 445 4398 Μίξας
470 4334 536 4387 τὰ
560 4336 734 4387 πάντα
759 4334 852 4386 καὶ
878 4333 1112 4401 κεράσας
1144 4334 1208 4400 τῇ
1238 4333 1417 4401 τέχνῃ,

259 4426 529 4496 Ἀγαλμα
549 4425 751 4490 καινὸν,
780 4425 1090 4492 αὐτὸχυτον,
1122 4425 1381 4488 ποικίλον,

261 4519 423 4587 Ἵστη
454 4516 590 4586 πρὸς
613 4516 807 4582 αὐγὰς,
832 4515 956 4566 ἔνθα
991 4515 1224 4584 φλογμὸς
1250 4513 1420 4584 ἡλίου,

405 4672 460 4722 1.
497 4666 557 4720 In
582 4670 847 4721 dominum
881 4647 1229 4735 Nicephorum
1260 4668 1643 4734 imperatorem.

1907 3533 2123 3596 Τούτοις
2149 3533 2209 3584 τὸ
2244 3532 2400 3600 σῶμα
2429 3533 2683 3586 δεσπότου
2709 3534 2904 3602 τούμοῦ
2931 3538 3121 3592 τύπου.

1911 3625 2107 3692 Ἀμφω
2133 3623 2186 3674 δὲ
2211 3625 2386 3692 χεῖρες
2409 3623 2637 3693 ἐκτάδην
2667 3625 2980 3693 ήπλωμέναι
2996 3639 3012 3657 ο

1909 3714 2049 3783 Πρὸς
2081 3715 2177 3780 τὴν
2202 3714 2276 3765 ἓω
2310 3714 2406 3781 μὲν
2430 3713 2576 3778 δεξιὰ
2602 3716 2914 3782 νικηφόρος,

1911 3803 2050 3872 Πρὸς
2083 3803 2232 3871 ἥλιον
2261 3803 2318 3854 δὲ
2345 3803 2435 3854 τον
2464 3803 2685 3855 δύνοντα
2717 3803 2936 3872 θατέρα,

1910 3893 2014 3958 Γῆς
2044 3893 2186 3960 ἄκρα
2207 3893 2588 3957 δεικνύτωσαν,
2617 3893 2803 3962 ὥσπερ
2837 3893 3095 3946 Αὐσόνων

1913 3982 1988 4032 Ού
2021 3981 2142 4047 (sic)
2179 3981 2500 4048 συγχρόνους
2525 3981 2544 4010 ³
2581 3982 2748 4031 ἔτεινε
2787 3984 2942 4032 πέντε
2981 3985 3103 4044 τοὺς
3134 3985 3312 4053 ὅρους,

1912 4067 2130 4126 Τούτοις
2157 4067 2461 4129 ἀπεικόνιζε
2496 4066 2652 4134 σῶμα
2679 4070 2957 4123 δεσπότου.

1910 4156 2098 4222 Ψυχῆς
2129 4155 2183 4205 δὲ
2214 4155 2404 4215 κάλλος
2433 4157 2527 4208 καὶ
2552 4156 2799 4224 φρόνημα
2829 4158 2921 4208 καὶ
2947 4159 3196 4225 τρόπους,

1905 4245 1977 4295 Οὐ
2006 4243 2231 4306 πλοῦτος
2256 4243 2406 4311 ὕλης,
2439 4245 2558 4296 οὐδὲ
2584 4245 2775 4306 κάλλος
2806 4247 2868 4296 ἐκ
2892 4247 3105 4314 τέχνης,

1917 4333 2053 4384 Ἀλλ’
2084 4334 2212 4385 εἰτὸ
2245 4334 2434 4395 κάλλος
2464 4333 2557 4386 καὶ
2585 4334 2643 4385 τὸ
2674 4334 2872 4403 πλῆθος
2903 4337 3143 4406 ἀστέρων

1906 4424 1999 4485 Εἰς
2035 4422 2091 4474 ἓν
2120 4423 2365 4475 συνελθὸν
2400 4423 2492 4475 καὶ
2533 4425 2792 4490 κερασθὲν
2818 4427 2912 4478 σὺν
2944 4427 3106 4496 τέχνῃ

1920 4512 2073 4564 Ῥυέν
2102 4529 2161 4563 τε
2194 4511 2382 4583 ῥυθμῷ
2408 4511 2542 4581 πρὸς
2577 4512 2716 4582 μέρη
2742 4529 2801 4564 τε
2833 4512 2926 4564 καὶ
2951 4514 3085 4582 μέλη

1917 4665 2106 4732 glaciei
2140 4666 2305 4734 rigor,
2333 4665 2420 4719 his
2454 4679 2652 4735 corpus
2693 4667 2796 4718 mei
2830 4667 3029 4719 domini
3071 4666 3280 4735 ellinge.
3327 4668 3453 4722 Dure

327 4759 412 4812 Nc
451 4758 721 4810 coloribus
752 4756 976 4823 efﬁgiem
998 4757 1194 4808 domini
1220 4759 1414 4820 varies,
1435 4759 1522 4809 sed
1555 4758 1811 4809 adaman-
1834 4788 1887 4846 D
1913 4767 2092 4811 autem
2131 4771 2321 4809 manus
2354 4765 2589 4809 extensa:
2617 4757 2976 4824 porrigantur.
3017 4756 3213 4812 Versus
3261 4759 3453 4810 orien—

257 4856 630 4904 tem,anrum,
653 4850 953 4910 argentum,
985 4842 1320 4910 lapidem,:ns
1343 4853 1394 4895 et
1420 4843 1618 4897 ferrum
1650 4847 1810 4898 simul

257 4934 561 5002 conjunge.
591 4930 752 4996 Finge
803 4941 977 4983 autem
1019 4946 1258 4996 corpus:
1317 4946 1410 4983 cor
1456 4933 1666 5000 quidem
1715 4950 1814 4986 au-

259 5010 424 5078 reum
461 5021 634 5089 primo
655 5019 897 5081 cﬂ‘orma,
932 5031 1115 5087 pectus
1140 5037 1169 5073 e
1193 5021 1407 5088 fulgenti
1434 5033 1670 5090 argento,
1703 5038 1816 5075 ma-

263 5129 376 5166 nus
427 5121 602 5164 autem
631 5119 684 5162 ct
738 5109 911 5162 valida
966 5111 1186 5163 brachia
1217 5124 1280 5162 ex
1325 5124 1451 5174 aere,
1503 5112 1714 5165 lumbos
1746 5129 1809 5166 ex

257 5205 581 5262 adamante,
608 5198 770 5266 pedes
800 5213 828 5250 e
870 5198 1060 5265 lapide,
1092 5213 1269 5260 crura,
1313 5207 1454 5267 terga
1513 5207 1563 5251 ct
1600 5201 1809 5254 lirmum

256 5299 454 5360 caput,
494 5287 668 5340 omnia
691 5301 719 5340 e
749 5285 909 5340 ferro.
962 5287 1220 5340 Omnibus
1263 5289 1432 5342 mistis
1455 5298 1506 5341 et
1547 5298 1658 5342 arte
1688 5292 1812 5343 ada-

258 5383 460 5453 ptatis,
505 5386 733 5431 statuam
777 5390 991 5438 novam,
1025 5378 1261 5444 undique
1291 5378 1557 5442 collatam,
1587 5382 1809 5443 variam,

258 5475 403 5524 siste
436 5467 503 5520 ad
542 5467 733 5526 lucem,
778 5463 863 5516 ubi
919 5465 1077 5516 ardor
1109 5467 1235 5517 solis
1259 5474 1360 5527 est,
1389 5467 1498 5530 nix,
1532 5469 1732 5536 grando
1762 5481 1811 5523 et

331 5650 350 5677 ¹
384 5645 721 5768 Nicephorus
764 5641 938 5698 lrenes
989 5657 1267 5698 successor
1303 5645 1519 5699 ineunte
1547 5661 1667 5701 saec.
1699 5663 1768 5700 Ix.

331 5733 398 5768 υς
436 5732 500 5768 C0
543 5754 558 5768 .

259 5733 398 5780 νους
436 5732 558 5769 cou.

1871 5649 1890 5678 '
1925 5646 2118 5699 δεσπόυ
2155 5646 2251 5699 cod
2338 5660 2457 5699 cum
2486 5663 2516 5697 τ
2547 5662 2707 5716 super
2768 5649 3033 5716 imposito.

1916 4857 2018 4900 tem
2055 4847 2237 4899 dextra
2263 4845 2539 4897 victoriam
2568 4861 2776 4913 gerens,
2809 4846 2871 4897 ad
2913 4846 3076 4898 solem
3139 4861 3266 4898 vero
3309 4851 3451 4900 oeci-

1912 4939 2124 4991 dentem
2193 4935 2405 4987 sinistra
2428 4975 2443 4996 ,
2479 4943 2634 4986 terrae
2677 4935 3040 4987 extremitates
3071 4935 3302 4988 indicent
3350 4955 3361 5000 ;
3395 4947 3451 4989 ut

1912 5029 2268 5082 Ausoniorum
2316 5041 2422 5078 non
2452 5033 2928 5092 contemporaneos
2951 5029 3187 5109 eittcndit
3215 5031 3453 5099 quinque

1913 5118 2107 5170 limites
2140 5157 2152 5178 ,
2186 5116 2266 5168 his
2309 5116 2476 5182 ﬁgura
2526 5129 2722 5181 corpus
2766 5115 2986 5168 domini.
3029 5118 3231 5172 Animzn
3272 5131 3448 5173 autem

1914 5207 2384 5279 pulchritudinem,
2428 5213 2479 5256 et
2509 5204 2861 5270 prudentiam,
2889 5217 2939 5258 et
2970 5223 3166 5272 mores,
3206 5225 3300 5261 nec
3333 5227 3415 5260 ma
3439 5238 3451 5247 -

1917 5299 2064 5351 terim:
2093 5297 2341 5362 pretium,
2360 5309 2458 5346 nec
2483 5294 2654 5346 forma
2683 5309 2742 5347 ex
2765 5304 2895 5356 arte,
2931 5298 3021 5349 sed
3045 5298 3087 5350 si
3114 5298 3450 5365 pulchritudo

1917 5396 1969 5439 et
2001 5383 2283 5436 multitudo
2337 5389 2605 5433 astrorum
2628 5382 2678 5432 in
2739 5398 2902 5434 unum
2950 5385 3189 5445 collecta,
3225 5393 3276 5435 et
3338 5395 3451 5435 arte

1919 5473 2225 5540 conjuncta,
2261 5478 2312 5523 et
2346 5471 2444 5522 rite
2471 5469 2643 5523 infusa
2676 5486 2770 5538 per
2801 5480 2976 5540 partes
3007 5482 3058 5524 et
3114 5474 3345 5525 membra
3396 5473 3446 5524 in

3144 5649 3162 5678 ³
3195 5650 3290 5701 σὺν
3324 5649 3448 5718 χρεῖ-
