4120 6340
216 377 326 440 €03

232 485 472 548 Ἱ-Ῑλικτδς
496 484 638 554 ἄρτι,
666 483 930 550 νεκρικῶς
958 483 1283 552 ἐσταλμένος
1305 498 1320 513 ⁶

231 581 292 632 '0
324 580 448 639 δοὺς
476 578 532 631 δὲ
563 577 716 638 νίκας
745 579 845 640 τὰς
868 577 1002 646 ἐμὰς
1034 576 1173 644 ᾠδάς
1207 574 1415 645 λύραις,

215 669 337 722 Νῦν
369 669 639 734 παίγνιον,
674 669 810 736 φεῦί
848 667 1104 734 κωμικῶν
1141 665 1492 734 ἀθυρμάτων.

231 761 414 828 Ἐμῶν
447 760 502 811 δὲ
535 760 732 828 χειρῶν
766 761 798 828 ἡ
829 759 996 829 πυρὸς
1026 759 1154 827 πρὶν
1183 757 1398 824 ὀξύτης.

217 850 466 919 Στέρνων
498 865 554 899 τε
585 850 788 900 τούτων
820 849 1105 917 θυμοειδὴς
1133 846 1449 917 στερρότης,

215 935 424 1004 Ψυχρά
453 935 601 995 κόνις
635 935 728 988 νῦν
757 938 851 988 καὶ
885 937 1069 1005 σαπρὰ
1097 935 1344 987 δυσωδία.

220 1024 454 1085 Ἀνθους
484 1024 529 1075 δ’
557 1025 734 1076 ἐκεῖνο
762 1026 854 1076 καὶ
887 1025 947 1075 τὸ
979 1024 1171 1086 κάλλος
1205 1023 1396 1094 ἐρρύη.

219 1112 420 1163 Στολαὶ
446 1111 500 1163 δὲ
527 1111 776 1180 λαμπραὶ
808 1112 992 1180 σχῆμα
1026 1112 1219 1180 σεμνὸν
1245 1110 1338 1163 τοῦ
1365 1111 1620 1180 κράτους,

216 1202 333 1254 Καὶ
361 1202 636 1271 σκῆπτρον
678 1202 856 1253 καὶτὸ
887 1203 1103 1270 στέμμα
1144 1202 1240 1254 καὶ
1279 1201 1514 1271 χρυσοῦς
1559 1200 1743 1269 θρόνος
1767 1213 1783 1227 ⁶

221 1290 416 1360 Ἐῥρει
440 1292 507 1342 τὰ
535 1290 709 1343 πάντα
733 1307 746 1319 ·
775 1290 840 1360 σὴ
870 1290 924 1342 δὲ
951 1291 1151 1359 φρικτή
1182 1307 1269 1359 μοι
1304 1290 1440 1360 μόνη

212 1380 449 1449 Φρικτή,
480 1380 710 1434 δικαστά
743 1381 837 1434 καὶ
868 1380 1088 1450 βασιλεῦ
1115 1399 1238 1451 μου,
1269 1381 1441 1451 μένει,

221 1468 368 1535 Πρὸς
399 1470 529 1522 πᾶσι
558 1470 791 1536 τούτοις,
820 1471 899 1540 τῷ
929 1471 1244 1542 κατακρίτῳ
1267 1471 1470 1541 κρίσις.

230 1556 374 1608 Ἀλλ’
399 1557 555 1611 ἵλεων
590 1576 681 1627 μοι
712 1560 1019 1628 σπλάγχνον
1047 1562 1104 1612 ὲν
1133 1560 1262 1630 δίκῃ
1289 1561 1503 1629 νέμοις·

216 1645 335 1698 Καὶ
361 1649 468 1716 γὰρ
498 1648 788 1717 Μανασσῆ,
821 1643 920 1701 κᾶν
949 1648 1009 1699 τὸ
1041 1648 1244 1717 πλῆθος
1282 1648 1613 1716 σφαλμάτων

222 1734 368 1804 Nam;
391 1735 450 1787 τὸ
483 1736 682 1807 πλῆθος
713 1738 978 1807 ἀστέρων,
1009 1740 1112 1791 κᾶν
1139 1738 1237 1808 τὴν
1267 1739 1516 1808 ψάμμον,

216 1826 322 1877 Σδν
355 1826 574 1896 πλάσμα
602 1827 775 1896 κάγὼ,
806 1829 1027 1898 πλάσμα
1062 1831 1154 1882 καὶ
1180 1830 1286 1884 σῶν
1308 1829 1609 1882 δακτύλων.

973 1926 1041 1987 γ’.

287 2005 514 2077 Θρηνῶν
545 2008 606 2060 τὸ
635 2008 812 2061 κοινὸν
835 2008 943 2061 τῶν
970 2009 1174 2077 βροτῶν
1198 2009 1369 2073 τέλος,
1417 2010 1556 2073 ξένε,

217 2094 422 2148 Καινόν
445 2113 497 2148 τι
529 2097 847 2165 δυστύχημα
875 2097 1062 2166 θρήνει
1093 2099 1187 2149 καὶ
1217 2098 1410 2160 πάθος,

216 2184 478 2252 Κρύπτον
504 2186 710 2238 παλαιά
730 2186 1156 2253 δυστυχημάτων
1183 2187 1326 2255 πάθη
1351 2202 1365 2216 ·

215 2275 420 2344 Μήτηρ
442 2273 691 2337 θανοῦσα,
715 2274 878 2327 παῐδα
909 2274 1003 2327 νῦν
1027 2275 1328 2342 τεθνηκότα
1360 2337 1363 2339 _

221 2362 324 2412 ’ον
360 2362 591 2430 γαστρὸς
615 2360 762 2413 ἔνδον
793 2361 1052 2431 ἐξέθρεψε
1093 2363 1222 2430 πρὶν
1252 2362 1470 2430 βρέφος,

220 2453 324 2504 Ὃν
348 2454 564 2521 ικράτει
594 2453 721 2522 πρὶν
753 2454 1047 2522 μητρικαῖς
1077 2454 1134 2504 ὲν
1159 2452 1406 2517 ὠλέναις,

221 2543 384 2611 Ἔχει
411 2541 646 2596 λαθοῦσα
672 2543 865 2611 νεκρὸν
893 2543 951 2595 ὲν
975 2546 1092 2604 ταῖς
1119 2543 1405 2610 ἀγκάλαις.

217 2625 320 2693 Εἷς
348 2631 547 2701 τύμδος
578 2632 758 2695 αὐτοῖς
796 2632 990 2695 κοινὸς,
1021 2631 1095 2695 ὡς
1117 2633 1328 2703 γαστὴρ
1353 2633 1473 2703 μία.

219 2722 392 2790 Κοινὴ
418 2722 471 2773 δὲ
500 2723 701 2791 μήτηρ,
733 2722 932 2792 μητρὸς
964 2722 996 2792 ἡ
1023 2723 1093 2790 γῆ
1129 2723 1222 2774 καὶ
1250 2725 1441 2776 τέκνου
1463 2741 1479 2754 ο

215 2809 410 2879 Ἀρκεῖ
444 2809 677 2878 μαλάξαι
701 2812 790 2869 καὶ
821 2811 984 2864 λίθων
1018 2811 1260 2880 σκληρὰν
1285 2810 1445 2879 φύσιν

215 2897 330 2950 Καὶ
356 2896 524 2950 ταῦτα
557 2899 772 2961 πάντως
801 2915 814 2928 ·
849 2897 987 2967 πλὴν
1017 2899 1077 2949 τὸ
1106 2900 1300 2967 πικρὸν
1329 2897 1422 2951 τοῦ
1454 2897 1658 2961 πάθους

215 2987 387 3040 Οὔπω
421 2987 685 3054 λέλεκται,
720 2989 822 3042 κάν
850 3006 931 3051 τις
968 2989 1051 3059 ἴδῃ
1076 2989 1307 3060 δακρύῃ.

225 3079 296 3128 'll
331 3077 428 3145 μὲν
454 3079 559 3148 γὰρ
585 3079 738 3148 ἀνδρὶ
761 3079 1054 3146 συζυγεῖσα
1084 3079 1217 3149 πρὸς
1245 3079 1441 3148 γάμον,
1535 3080 1539 3085 ’

215 3161 404 3237 υῦπερ
427 3167 486 3219 τὸ
517 3165 708 3230 κάλλος
748 3168 925 3220 πᾶσαν
963 3168 1122 3236 ἥδυνε
1145 3167 1335 3236 φρένα,

1530 371 1876 432 (ΖΑΒΜῙΝᾹ
1913 372 2162 433 VARIA.

1813 493 1854 545 Α
1886 484 2135 552 Κράτους
2169 482 2225 533 δὲ
2250 481 2405 551 φήμη
2445 480 2622 531 πᾶσαν
2652 477 2888 546 ἐπλήρου
2923 473 3108 542 χθόνα,

1895 573 2095 641 Ἔργον
2125 571 2393 640 μαχαίρας
2418 564 2558 620 εἶδεν
2589 567 2750 620 αὑτὸν
2778 567 2869 618 καὶ
2897 565 3101 630 ξίφους.

1889 661 2150 714 Τοσοῦτον
2176 663 2196 694 ⁹
2225 661 2506 727 συζήσασα
2536 657 2612 726 τῷ
2642 656 2955 724 πεφιλμένῳ

1891 752 2051 804 Ὅσον
2082 751 2279 820 φυῆναι
2319 749 2763 820 πρωτογέννητον
2787 747 2997 808 κλάδον,

1889 843 1998 896 Καὶ
2034 845 2130 893 σὺν
2167 843 2490 909 στεναγμοῖς
2525 839 2974 908 προσϐλέπουσαν
3007 839 3085 907 τῷ
3111 838 3283 908 τέκνῳ

1889 935 2120 1002 Μνήμην
2150 935 2357 986 ἐκείνου
2383 933 2474 985 τοῦ
2508 933 2828 1000 παθήματος
2855 930 3042 999 φέρειν
3069 946 3081 958 ·

1893 1025 1955 1076 Ἀ
1967 1041 2091 1093 μφω
2119 1024 2551 1077 καταστένουσαν
2577 1024 2638 1074 ἐκ
2672 1021 3032 1090 θρηνημάτων
3055 1037 3068 1052 ·

1889 1114 1972 1180 Πῆ
2005 1113 2103 1180 μὲν
2127 1114 2187 1164 τὸ
2217 1115 2404 1166 τέκνον
2432 1114 2637 1182 πατρὸς
2659 1109 3091 1180 ὼρφανισμένον,

1891 1205 1970 1272 Πῆ
2004 1205 2047 1256 δ’
2081 1201 2145 1256 αὖ
2172 1205 2222 1270 γ’
2257 1205 2452 1272 ἑαυτὴν
2485 1203 2675 1272 ἀνδρὸς
2705 1202 3092 1270 ἐστερημένην.

1901 1293 1956 1341 't)
1985 1292 2029 1343 δ’
2060 1294 2230 1360 ὲκφὺς
2254 1293 2389 1362 αὐτῇ
2419 1293 2653 1361 πρῶτος,
2679 1292 2710 1360 ἢ
2751 1290 2947 1360 μᾶλλον
2985 1291 3162 1358 μόνος,

1892 1381 2243 1450 Ἀναδραμὼν
2269 1381 2344 1443 ὡς
2377 1381 2528 1451 ἔρνος
2555 1381 2754 1449 ὡραῖος
2782 1379 2920 1442 νέος,

1900 1473 2049 1524 Ἐπεὶ
2081 1473 2215 1541 πρὸς
2245 1471 2392 1542 ὦραν
2419 1467 2550 1542 ἧκεν
2577 1471 2756 1538 άκμῆς
2779 1471 2870 1522 καὶ
2894 1470 3095 1539 γάμου,

1887 1555 2030 1629 Ἧψε
2059 1560 2114 1612 δὲ
2133 1560 2390 1629 λαμπρὰς
2414 1557 2701 1626 λαμπάδας
2731 1557 3055 1625 γαμηλίους,

1890 1649 2062 1712 Εὐθὺς
2095 1651 2191 1719 μὲν
2230 1649 2489 1717 ἐστέρητο
2511 1648 2604 1699 καὶ
2631 1646 2724 1699 τοῦ
2754 1647 2987 1712 συζύγου

1891 1740 2026 1807 Μηδ“
2057 1739 2571 1806 ὲκφυέντος-παιδὸς
2601 1737 2723 1790 ἀντὶ
2756 1738 3009 1806 μητέρος.

1822 1826 1866 1882 Β
1897 1831 2074 1894 Ζήσας
2095 1828 2150 1879 δὲ
2171 1828 2356 1879 λοιπὸν
2388 1825 2584 1896 μικρὸν
2611 1826 2808 1894 ἄζυγος
2838 1827 3047 1896 χρόνον,

1889 1919 2041 1983 Ἐπεὶ
2070 1920 2184 1986 μετ’
2215 1917 2423 1986 ἀνδρῶν
2448 1918 3028 1986 συγκατηριθμημένος

1883 2007 2128 2076 Ιίρὼτοις
2157 2007 2350 2068 ἰούλοις
2381 2008 2599 2069 ἐσκίαζε
2620 2008 2718 2074 τὴν
2739 2008 2920 2073 γένυν,

1885 2096 1993 2147 Καὶ
2025 2096 2219 2156 κάλλος
2254 2096 2428 2164 ήνθει,
2453 2097 2547 2146 καὶ
2577 2096 2864 2162 προσώπου
2892 2097 3195 2165 τερπνότης

1887 2181 2078 2250 Ἥριζε
2110 2183 2420 2251 φαιδρότητι
2454 2185 2520 2252 τῇ
2542 2184 2652 2234 τῶν
2681 2184 2943 2252 ἀστέρων,

1887 2272 2073 2337 ’Λφνω
2107 2271 2297 2340 βαρείᾳ
2323 2272 2414 2323 καὶ
2437 2271 2750 2341 δυσαντήτῳ
2780 2273 2920 2342 νόσῳ

1886 2359 2010 2410 Ἐπὶ
2034 2359 2188 2428 ξένης
2210 2363 2310 2428 γῆς
2336 2363 2656 2415 ἐκκόπτεται
2683 2364 2795 2432 βίου
2824 2381 2839 2395 ·

1887 2449 2120 2518 ’Δωρος,
2153 2453 2332 2519 οἵμοιί
2368 2455 2460 2505 καὶ
2485 2453 2588 2523 πρὸ
2615 2454 2806 2523 καιροῦ
2829 2458 2925 2523 τῆς
2952 2457 3183 2528 τρύγης·

1885 2538 1995 2589 Καὶ
2033 2541 2200 2607 μητρὶ
2231 2543 2407 2594 κοινὸν
2440 2543 2833 2614 συγκατῴκησε
2859 2547 3045 2612 τάφον·

1883 2627 2114 2681 Διπλοῦν
2141 2630 2202 2681 τὸ
2229 2631 2420 2695 πένθος
2452 2633 2560 2684 τῶν
2584 2635 2900 2702 στεναγμῶν
2932 2641 3024 2689 καὶ
3053 2639 3193 2704 γόων

1884 2720 1961 2787 Ἰῇ
1999 2722 2164 2790 μητρὶ
2192 2723 2396 2792 μητρὸς
2425 2727 2516 2776 καὶ
2540 2724 2728 2788 διπλᾶς
2759 2726 2926 2778 λιπὼν
2955 2729 3180 2796 φλόγας,

1885 2808 2041 2870 "litt;
2067 2809 2126 2860 τὸ
2150 2811 2337 2862 τέκνον
2369 2815 2460 2864 καὶ
2487 2814 2547 2865 τὸ
2569 2813 2660 2866 τοῦ
2688 2816 2873 2868 τέκνου
2902 2819 3090 2870 τέκνον

1898 2897 2098 2949 Ἰδοῦσα
2128 2901 2289 2968 κοινῷ
2315 2902 2411 2953 νῦν
2436 2901 2566 2971 λίθῳ
2594 2907 2971 2974 κεκρυμμένα,

1889 2987 2084 3057 Ἀλλης
2119 2991 2318 3059 Νιόϐης
2349 2993 2641 3062 δυστυχοῦς
2673 2996 2816 3049 ἓλκει
2859 2998 2992 3066 βίον,

1887 3078 2107 3146 Μικρὸν,
2134 3081 2578 3146 πολυστένακτον,
2608 3086 2870 3139 άντλοῦσα
2894 3091 3103 3156 χρόνον.

1898 3170 2054 3231 Ἀλλ’,
2075 3164 2118 3221 ὦ
2142 3171 2382 3225 κάτοικοι
2415 3173 2567 3225 τοῦδε
2600 3176 2691 3227 τοῦ
2727 3177 2976 3248 λαμπροῦ
3009 3182 3192 3249 δόμου,

216 3360 379 3403 antea
435 3347 619 3403 aureis
647 3345 939 3401 decorabat
980 3345 1270 3415 panOpliis,
1333 3362 1455 3400 mox
1518 3347 1785 3402 involutus
1810 3368 1854 3428 ρ
1891 3350 2017 3403 loris
2046 3365 2168 3418 pars
2197 3353 2442 3406 acerbior
2477 3356 2714 3408 nondum
2775 3360 3014 3426 exposita
3038 3372 3138 3424 est,
3195 3367 3439 3430 quann‘is

216 3445 559 3489 nummorum
587 3445 813 3488 ornatus
841 3448 992 3502 gero,
1042 3436 1132 3501 qui
1158 3433 1278 3486 dedi
1332 3450 1481 3488 meas
1531 3436 1784 3486 victorias
1884 3445 1974 3509 qui
2006 3444 2196 3496 viderit
2221 3447 2566 3514 lacrymetur.
2592 3446 2724 3501 Nam
2756 3451 2870 3505 viro
2896 3453 3200 3520 nuptiarum
3237 3455 3439 3512 [ωιιι-ιη

215 3527 572 3581 celebrandas
596 3527 727 3596 lyra,
762 3540 907 3580 nunc
935 3525 1250 3591 ludibrium,
1273 3526 1374 3579 heu
1400 3527 1413 3577 l
1439 3526 1774 3578 theatralium

1881 3536 2090 3601 juncta,
2131 3535 2288 3604 cujus
2336 3540 2946 3610 pulebritudojomuetn
2997 3546 3230 3598 animam
3293 3548 3442 3603 dele-

217 3621 496 3672 ludorum.
538 3618 780 3671 Mearum
835 3630 1094 3668 manuum
1161 3615 1353 3683 igneus
1410 3632 1583 3686 nuper
1613 3617 1780 3684 vigor,

214 3708 451 3777 pectoris
480 3707 635 3762 istius
662 3708 967 3760 animosum
1005 3706 1192 3766 robur.
1225 3721 1369 3760 nunc
1407 3705 1633 3774 frigidus
1662 3707 1781 3772 pul-

226 3802 316 3852 vis
346 3808 398 3852 et
419 3798 638 3865 putidus
676 3796 875 3849 luatur:
925 3795 1073 3847 ﬂoris
1124 3797 1472 3862 pulchritudo
1523 3797 1623 3848 ista
1655 3811 1781 3848 eva-

214 3889 358 3943 nuit.
414 3886 701 3955 Fulgentes
725 3896 879 3951 togae,
903 3886 1151 3953 egregius
1203 3884 1411 3950 imperii
1471 3893 1778 3951 apparatus,

214 3987 514 4046 sceptrum.
552 3975 822 4037 diadema,
853 3989 1055 4026 aureus
1117 3973 1368 4035 thronus,
1429 3975 1611 4025 omnia
1651 3988 1778 4025 evu-

215 4078 476 4124 nuerunt.
510 4067 686 4120 Tuum
718 4081 842 4118 vere
897 4065 1232 4118 tremendum
1292 4063 1424 4116 mihi
1470 4064 1642 4117 solum
1669 4073 1776 4116 tre-

214 4160 496 4224 mendum,
563 4172 597 4212 ο
624 4157 789 4226 judex
818 4166 876 4210 et
910 4172 1001 4210 rex
1037 4173 1211 4221 meus,
1269 4167 1470 4219 manet,
1506 4165 1629 4225 post
1665 4157 1778 4210 haec

213 4252 423 4311 omnia,
449 4251 561 4318 jam
611 4249 993 4310 condemnato,
1028 4248 1315 4316 judicium.
1358 4246 1463 4300 Sed
1491 4247 1776 4317 miseratus

213 4343 348 4395 mibi
384 4342 583 4395 viscera
629 4340 680 4393 in
711 4339 916 4408 judicio
939 4340 1134 4394 exhibe
1164 4355 1178 4401 ;
1211 4349 1266 4392 ut
1326 4340 1574 4391 Manasse
1625 4337 1774 4404 regi;

211 4435 341 4487 licet
363 4433 652 4486 multitudo
676 4433 937 4486 scelerum
985 4440 1202 4498 superet
1229 4430 1506 4483 stellarum
1532 4428 1776 4481 multitu-

210 4525 396 4578 dinem
453 4533 508 4576 et
535 4539 728 4576 arenas
769 4524 956 4584 maris,
989 4531 1139 4574 tuum
1194 4536 1328 4589 opus
1381 4535 1479 4587 ego
1536 4532 1774 4586 quoque,

210 4631 459 4685 opusque
490 4616 780 4685 digitorum
817 4625 1056 4669 tuorum.

990 4709 1044 4760 5.

286 4797 497 4850 Dellens
525 4812 866 4851 communem
888 4798 1194 4852 mortalium
1224 4798 1408 4858 linem,
1445 4797 1639 4860 viator,
1675 4813 1769 4850 no-

210 4903 342 4942 vum
370 4887 640 4955 quoddam
680 4887 1033 4941 infortunium
1074 4897 1127 4942 et
1154 4888 1396 4939 dolorem
1428 4885 1584 4947 delle,
1625 4895 1771 4940 vete-

216 4995 341 5032 rum
371 4976 795 5031 infortuniorum
823 4979 1038 5032 dolores
1069 4980 1393 5032 vincentem.
1443 4977 1606 5030 Mater
1627 4993 1771 5030 mor-

210 5081 330 5135 tua,
368 5070 534 5122 lilium
577 5087 720 5122 nunc
755 5082 1052 5137 mortuum,
1084 5087 1244 5141 quem
1285 5079 1440 5124 antea
1473 5071 1611 5122 intra
1654 5079 1770 5122 ute-

211 5177 334 5216 rum
362 5159 620 5211 infantem
640 5160 792 5220 aluit,
820 5178 978 5228 quem
1011 5172 1167 5216 antea
1193 5165 1454 5215 maternis
1482 5161 1625 5212 ulnis
1673 5174 1766 5228 ge-

211 5253 416 5309 stabat.
443 5258 590 5302 tenet
644 5257 917 5302 mortuum
946 5253 1182 5306 brachiis
1232 5253 1587 5320 amplectens.
1622 5248 1770 5302 Unus

213 5347 300 5398 his
316 5340 622 5397 communis
653 5341 916 5403 tumulus,
942 5353 1000 5394 ut
1033 5354 1216 5396 venter
1237 5359 1377 5396 unus
1400 5385 1413 5407 ,
1441 5341 1770 5394 communis-

210 5451 322 5505 que
347 5444 536 5493 mater,
571 5431 757 5483 matris
790 5443 840 5482 et
875 5430 966 5483 lilii
1013 5444 1153 5485 terra
1187 5453 1198 5486 :
1234 5435 1348 5486 lucc
1393 5433 1573 5486 omnia
1628 5431 1773 5484 suni-

209 5524 620 5594 ciuntlapidum
653 5522 1115 5575 duram'naturam
1145 5525 1389 5589 mollire;
1417 5524 1649 5577 attamen
1675 5522 1772 5575 tlo-

287 5711 308 5740 ³
339 5707 558 5760 τοσοῦτο
585 5703 704 5756 cod.

533 5801 797 5858 Pn‘uOL.
835 5796 877 5853 (ἶ
892 5813 950 5850 n.
986 5791 1130 5849 CVI.

1885 3628 2081 3692 enabat,
2154 3629 2504 3682 victoriarum
2563 3632 2702 3684 fama
2791 3642 2960 3685 totum
3056 3636 3291 3703 replebat
3351 3654 3442 3693 or-
3519 3692 3533 3706 _

1888 3717 2027 3779 bcm,
2057 3718 2329 3770 victimam
2355 3721 2514 3785 gladii
2541 3722 2673 3773 vidit
2707 3723 2854 3774 illum
2901 3735 2950 3776 et
2982 3725 3127 3778 ensis
3168 3743 3181 3789 ;
3231 3735 3436 3782 tantum

1886 3808 2093 3859 vixerat
2118 3825 2238 3859 eum
2265 3821 2446 3861 amato
2488 3812 2718 3877 conjuge
2751 3822 2805 3861 ut
2861 3813 3279 3881 primogenitum
3327 3835 3449 3869 sur-

1881 3893 2063 3945 culum
2093 3897 2434 3958 produceret.
2471 3897 2530 3946 Et
2559 3912 2678 3947 cum
2725 3899 3011 3963 gemitibus
3071 3910 3252 3954 natum
3293 3921 3435 3970 aspi-

1880 3983 2132 4041 cientem.
2153 3984 2292 4037 ferre
2309 3987 2590 4050 oportebat
2618 3987 2776 4050 hujus
2795 3986 3071 4040 infortunii
3096 3995 3433 4058 memoriam,

1881 4078 2068 4129 ambos
2101 4077 2351 4145 Iacrymis
2399 4078 2787 4146 deplorantem.
2841 4078 2939 4132 llic
2989 4083 3203 4148 quidem
3226 4099 3432 4151 mttunt,

1880 4181 2032 4239 patre
2070 4171 2340 4233 orbatum,
2385 4171 2492 4224 illic
2530 4186 2657 4223 vero
2699 4172 2928 4239 seipsam
2971 4173 3087 4225 viro
3140 4176 3431 4234 viduatam.

1884 4263 1975 4314 Ille
2021 4273 2199 4314 autem
2235 4279 2396 4330 quem
2443 4263 2673 4331 primum
2716 4264 2942 4332 peperit,
2993 4274 3083 4317 aut
3112 4269 3286 4334 potius
3318 4273 3437 4324 uui-

1879 4372 2022 4416 cum.
2052 4371 2302 4409 crescens
2333 4366 2389 4409 ut
2417 4356 2637 4424 pulchra
2675 4365 2727 4408 et
2759 4363 2940 4409 tenera
2981 4358 3179 4423 planta,
3213 4376 3334 4412 eum
3368 4363 3434 4415 ad

1878 4457 2088 4502 atatem
2115 4449 2260 4502 venit
2283 4448 2659 4502 adolescentiae
2692 4459 2741 4502 et
2776 4450 3112 4516 nuptiarum,
3161 4455 3433 4506 accendit-

1879 4550 1986 4604 que
2017 4535 2286 4602 fulgentes
2316 4535 2578 4604 hymenaei
2621 4535 2808 4598 laedas,
2837 4537 3018 4588 statim
3082 4541 3328 4593 viduatus
3353 4551 3436 4594 est

1877 4627 2127 4694 conjuge,
2149 4626 2294 4678 nullo
2312 4627 2500 4679 relicto
2519 4641 2615 4694 pro
2639 4636 2806 4678 matre
2826 4641 3012 4691 puero.
3047 4625 3238 4681 Vivens
3255 4641 3429 4684 autem

1801 4738 1854 4797 D
1882 4727 2064 4786 postea
2097 4716 2311 4767 brevem
2345 4716 2460 4767 sine
2481 4715 2732 4781 conjugio
2753 4713 2936 4777 vitam,
2974 4731 3094 4767 cum
3139 4719 3250 4782 junt
3303 4719 3430 4771 viris

1877 4815 2264 4860 annumeratus
2307 4803 2494 4870 primis
2537 4802 2884 4854 admnbraret
2951 4804 3071 4869 pilis
3137 4822 3323 4869 genas,
3376 4817 3429 4856 et

1875 4900 2041 4950 [urina
2077 4896 2290 4948 ﬂoreret
2339 4903 2393 4946 et
2426 4893 2605 4946 vultus
2630 4892 2819 4961 gratia,
2849 4893 3127 4960 nitorequc
3159 4905 3427 4949 astrorum

1873 4992 2099 5042 trituretur
2122 4987 2377 5047 vinceret,
2399 4993 2614 5052 repetite
2644 4985 2789 5051 gravi
2810 4993 2862 5036 et
2886 4984 3208 5037 intolerabili
3239 4988 3429 5036 morbo

1873 5083 1922 5134 iu
1956 5093 2095 5132 terra
2122 5080 2291 5130 aliena
2310 5091 2338 5127 e
2356 5076 2460 5128 vita
2490 5075 2714 5137 tollitur,
2735 5085 2858 5127 ante
2883 5075 3048 5137 (liam,
3077 5075 3198 5127 heu!
3223 5086 3273 5127 ct
3295 5087 3429 5126 tem-

1871 5185 1973 5238 pus
2014 5162 2637 5225 maturitatis,cttnalris
2654 5177 2941 5215 commune
2976 5162 3425 5225 babitavitsepul-

1871 5256 2326 5322 crum.l)up|icem
2345 5255 2704 5322 lacrymarum
2721 5253 3075 5319 etgcniituum
3093 5251 3426 5316 luctumjma-

1873 5364 1908 5405 tt
1926 5355 1970 5405 is
1990 5350 2144 5403 matri
2171 5347 2512 5415 linquebatet
2531 5346 2795 5412 duplicent
2819 5343 3216 5407 dolorem,qu:c
3256 5342 3422 5392 lilium

1871 5451 1924 5494 et
1957 5439 2047 5491 lilii
2083 5437 2248 5488 ﬁlium
2276 5436 2460 5489 videns
2489 5432 2764 5486 communi
2802 5444 2944 5482 nunc
2974 5429 3146 5495 lapide
3177 5427 3423 5479 recondi-

1875 5547 1977 5600 tos,
2008 5531 2231 5585 alterius
2254 5529 2450 5584 Niobes
2480 5530 2734 5582 miseram
2766 5525 2923 5576 vitam
2950 5523 3130 5585 trahit,
3151 5537 3420 5587 amarmu,

3063 5765 3176 5829 29.
