4120 6340
741 151 844 211 901
1994 157 2309 220 JOANNIS
2347 162 2771 228 GEOMETRE.

737 258 907 327 Χορὸς
939 259 1213 326 φιλὰγνων
1242 261 1489 313 πανθέων
1520 262 1561 293 ⁸⁸
1602 263 2002 334 σεμνοτρὸπων,

748 350 806 401 ὐ
837 350 935 418 μὲν
958 350 1232 419 τεθνηκὼς
1267 350 1533 415 δεξιοῦται
1573 353 1846 415 πλουσίοις

739 440 916 510 ’Υμᾶς
949 442 1251 505 ταλάντοις,
1286 443 1359 506 ὡς
1384 443 1450 496 ἂν
1474 444 1637 495 αὐτοῦ
1668 445 1758 496 τὸν
1785 445 1954 511 τάφον

728 532 956 601 Συχναίς
984 533 1400 586 ἑπισκέπτοισθε
1428 534 1466 565 ’⁸
1504 533 1951 603 λαμπαδουχίαις.

741 622 925 691 ’Υμῶν
952 623 1009 675 δὲ
1041 625 1201 693 μήτις
1227 626 1374 677 τόνδε
1407 626 1619 695 κινήσοι
1646 626 1810 691 λίθον,

723 712 872 781 Μηδὲ
904 714 1159 783 φθονήσοι
1183 715 1343 786 τῆσδε
1364 716 1463 783 τῆς
1496 715 1809 783 συσκηνίας.

723 805 929 866 Μόνους
949 804 1007 857 δὲ
1047 805 1277 874 κρύπτοι
1307 806 1465 859 παῖδα
1493 806 1585 857 καὶ
1611 804 1709 874 τὴν
1739 803 1949 873 μητέρα
1970 820 1982 832 ·

732 895 817 955 Ὡς
848 894 913 946 ἂν
940 894 1119 957 καθὼς
1149 896 1259 947 πᾶν
1280 894 1435 962 ἔσχεν
1465 896 1497 962 ὴ
1530 893 1708 962 μήτηρ
1735 893 1851 957 νέα,

717 982 871 1034 οὕτω
903 984 1063 1034 πάλιν
1090 983 1346 1047 θανοῦσα,
1379 983 1632 1054 συμμένῃ
1669 983 1834 1050 μόνῳ.

720 1075 777 1123 El
808 1073 862 1124 δὲ
893 1075 1027 1141 πρὸς
1058 1074 1208 1126 οὐδὲν
1236 1075 1384 1125 τόνδε
1412 1074 1523 1135 θείς
1554 1090 1635 1135 τις
1678 1074 1719 1102 ’⁸
1745 1073 1835 1123 τὸν
1865 1072 2049 1139 νόμον,

715 1164 898 1215 Κινεῖν
927 1164 1100 1215 ἓλοιτο
1122 1164 1269 1214 τόνδε
1302 1163 1395 1214 τὸν
1428 1163 1606 1214 κοινὸν
1633 1151 1828 1227 λίθον,’

716 1251 787 1300 Τὸ
808 1251 906 1317 τῆς
942 1249 1199 1318 Προνοίας
1220 1249 1372 1318 ὄμμα
1401 1250 1641 1317 τιμωρὸν
1661 1248 1836 1310 λάϐοι,

714 1339 825 1389 Καὶ
852 1337 961 1405 πῦρ
995 1338 1239 1405 γεέννης,
1275 1337 1365 1388 καὶ
1397 1336 1457 1387 τὸ
1480 1337 1575 1403 τῆς
1603 1336 1757 1401 δίκης
1790 1334 1961 1401 ξίφος.

922 1449 984 1503 δ’.
1013 1450 1114 1511 είς
1147 1448 1261 1514 τὴν
1303 1447 1584 1513 κοίμησιν
1614 1446 1722 1512 τῆς
1752 1446 2063 1497 Θεοτόκου.
2132 1452 2135 1453 ⁷

712 1562 837 1623 Σαῖς
863 1558 1162 1627 ὴγκαλίζου
1187 1558 1318 1628 πρίν
1348 1574 1412 1625 με
1445 1556 1621 1625 χερσὶ,
1663 1557 1927 1625 Παρθένε,

710 1650 886 1719 θηλῆς
921 1650 977 1701 δὲ
1013 1650 1109 1716 σῆς
1134 1647 1345 1699 ἐσπασα
1382 1646 1645 1717 μητρικὺν
1670 1644 1829 1711 γάλα.

711 1740 783 1792 Τὸ
812 1739 1026 1808 πνεῦμά
1061 1756 1152 1790 σου
1186 1736 1280 1789 νῦν
1309 1735 1468 1798 αὐτὸς
1497 1734 1918 1804 ἠγκαλισμένος,

708 1832 782 1884 Τὸ
822 1831 978 1897 σῶμα
1008 1828 1208 1897 πέμπω
1238 1827 1375 1896 πρὸς
1400 1826 1608 1895 τρυφῆς
1640 1824 1699 1875 τὸ
1723 1823 1937 1893 χωρίον.

1120 1939 1183 1996 ε’.
1223 1940 1324 2004 Ek
1358 1938 1472 2003 τὴν
1502 1937 1868 1991 ἀπόστασιν.

706 2053 840 2117 Νῦν,
872 2053 1087 2121 ούρανε,
1115 2049 1377 2113 στάλαξον
1407 2048 1645 2119 δμδρους
1673 2046 1922 2116 αἱμάτων
1944 2060 1956 2075 ⁸

717 2144 867 2213 ’Δὴρ,
906 2141 1227 2210 ὲπενδύθητι
1261 2140 1521 2210 πένθιμον
1554 2140 1739 2200 σκότος
1760 2153 1777 2169 ο

716 2235 777 2286 ’Π
803 2234 896 2302 γῆ,
928 2230 1293 2300 καταξάνθητι
1319 2230 1414 2282 καὶ
1448 2228 1649 2298 primo:
1673 2246 1787 2298 μοι,

707 2324 883 2392 Κόψον
911 2322 977 2376 τὰ
1003 2322 1217 2391 δένδρα,
1246 2321 1404 2391 ῥίψον
1422 2316 1511 2373 οἷα
1539 2320 1890 2389 βοστρύχους,

706 2414 874 2482 Ὀλην
912 2411 1102 2480 στολὴν
1138 2411 1396 2480 μέλαιναν
1422 2408 1544 2462 ἀντὶ
1574 2409 1675 2477 τῆς
1707 2408 1893 2478 χλόηςν

703 2506 775 2557 Τὸ
811 2505 900 2556 σὺν
930 2504 1220 2573 πρόσωπον
1259 2501 1598 2570 ἀμφιέσασα,
1635 2501 1810 2552 στένε.

702 2596 776 2649 τὸ
804 2596 1058 2663 συγγενὲς
1086 2593 1185 2662 μὲν
1206 2586 1344 2661 αἷμα
1378 2594 1557 2643 πᾶσαν
1591 2590 1687 2659 τὴν
1717 2590 1837 2641 Ἕω

705 2688 923 2757 Πρῶτον
954 2686 1125 2754 μένει.
1164 2685 1255 2736 καὶ
1298 2682 1575 2751 μερίζεται
1606 2682 1756 2748 ξίφος

702 2781 781 2830 Τὰ
814 2777 1054 2845 συμφυῆ,
1082 2775 1182 2840 φεῦ
1210 2777 1223 2828 l
1254 2774 1346 2826 καὶ
1374 2774 1503 2841 γένη
1531 2789 1588 2824 τε
1616 2773 1711 2825 καὶ
1732 2770 1888 2841 μέλη.

2325 284 2367 337 Α
2400 276 2506 327 Καὶ
2530 276 2706 341 δεξιὰν
2732 280 2859 341 παῖς
2885 280 3133 351 πατρικῷ
3164 282 3371 352 χραίνει
3396 282 3538 351 φόνῳ
3564 297 3574 309 ·

2396 366 2545 433 Λῖρει
2567 366 2623 419 δὲ
2658 368 2748 419 καὶ
2775 369 3073 438 μάχαιραν,
3099 371 3144 423 ὥ
3170 371 3368 441 πικροῦ
3401 372 3636 435 πάθουςῐ

2406 454 2567 523 Ἀνὴρ
2592 456 2813 523 ἀδελφὸς
2844 461 2922 521 είς
2949 459 3178 527 ἀδελφοῦ
3204 461 3428 532 καρδίαν
3450 478 3464 491 ·

2406 545 2465 594 'll
2496 548 2563 615 γῆ
2596 547 2651 598 δὲ
2689 547 2901 611 πολλοῖς
2932 552 3372 620 συσπαραχθεῐσα
3393 555 3632 623 τρόμοις,

2392 635 2555 686 Κάτω
2578 636 2828 703 δονεῖται,
2853 640 2947 691 καὶ
2972 642 3252 709 κεραυνῶν
3280 644 3338 694 αἱ
3366 624 3557 711 φλόγες

2396 726 2634 777 ΙἈνωθεν
2666 729 2834 799 αὐτὴν
2859 731 3179 801 ἐκτεφροῦσι
3205 731 3302 802 τὴν
3328 734 3493 787 κόνιν.

2389 817 2575 880 Πόλεις
2597 818 2652 871 δὲ
2681 819 2874 889 ῥώμης
2899 822 2997 884 τὰς
3020 823 3269 887 ἐπάλξεις
3301 823 3374 886 ὡς
3397 826 3569 894 κόμας

2389 906 2529 973 Πρὸς
2558 908 2657 975 γῆν
2690 909 2949 978 βαλοῦσαι
2989 911 3083 964 καὶ
3112 915 3655 983 κατεσπαραγμέναι,

2384 996 2687 1063 θρηνοῦσαι
2725 999 2941 1067 πικρὸν,
2961 997 3047 1052 οἷα
3080 1000 3327 1069 πένθιμοι
3356 1001 3532 1072 κόραι.

2384 1085 2447 1133 tli
2480 1084 2578 1153 τῆς
2606 1087 2781 1155 Ἀγαρ
2813 1089 3102 1156 κρατοῦσιν
3121 1106 3135 1119 ·
3166 1091 3221 1142 αἱ
3249 1090 3414 1143 πάλαι
3440 1090 3622 1154 πόλεις

2380 1173 2577 1239 Φόρους
2608 1172 2875 1236 τελοῦσαι,
2905 1176 3013 1227 τῶν
3033 1176 3151 1228 καθ’
3178 1176 3333 1245 ἡμῶν
3364 1175 3459 1228 νῦν
3490 1175 3668 1243 φόνων

2382 1260 2599 1312 Λίτοῦσι
2630 1262 2850 1339 μισθους
2888 1266 2978 1315 καὶ
3008 1265 3288 1332 χορεύουσι
3316 1266 3477 1333 μέγα.

2381 1349 2488 1401 Καὶ
2516 1349 2684 1401 ταῦτα
2719 1350 2816 1419 μὲν
2849 1352 2913 1421 δὴ
2936 1352 3105 1405 ταῦτα
3133 1353 3267 1423 πρὸς
3295 1354 3393 1423 τὴν
3421 1354 3555 1406 Ἕω.

2379 1437 2458 1487 Τὰ
2486 1439 2619 1505 πρὸς
2647 1436 2806 1489 Δύσιν
2835 1437 2911 1503 δὲ,
2940 1442 3089 1501 ⁴ιιοῖος
3112 1438 3312 1503 ἐξείποι
3334 1439 3486 1507 λόγος
3509 1456 3525 1503 ;

2379 1526 2603 1577 Σκυθῶν
2631 1526 2727 1595 μὲν
2762 1528 2930 1596 αὐτὴν
2960 1528 3179 1596 πλῆθος.
3211 1529 3299 1591 ὡς’
3320 1529 3419 1599 μὲν
3451 1528 3685 1599 πατρίδα

2309 1600 2350 1653 Β
2379 1612 2659 1680 Διατρέχει
2686 1627 2744 1662 τε
2776 1614 2869 1664 καὶ
2894 1614 3200 1683 περιτρέχει
3222 1614 3406 1683 κύκλῳ
3430 1632 3471 1672 ⁸.

2388 1699 2475 1761 Ὠς
2502 1700 2603 1769 γῆν
2631 1699 2685 1751 δὲ
2715 1700 3110 1768 βλαστάνουσαν
3139 1703 3374 1768 εὐγενεῖς
3398 1703 3621 1766 κλάδους

2376 1787 2608 1856 Ἀνδρῶν
2638 1789 2920 1858 ἁτρέπτων
2945 1789 3039 1842 καὶ
3073 1788 3327 1857 σιδηρέαν
3357 1790 3516 1857 φύσιν

2374 1876 2676 1946 Πρόρριζον
2704 1878 3046 1945 ὲκτέμνουσι,
3078 1877 3173 1930 καὶ
3212 1877 3424 1947 βρεφῶν
3449 1878 3582 1949 γένη

2370 1968 2533 2033 Ξίφος
2562 1968 2770 2037 μερίζει
2790 1984 2804 1997 °
2838 1972 2932 2020 καὶ
2958 1969 3027 2020 τὰ
3059 1969 3157 2037 μὲν
3182 1972 3362 2037 μήτηρ
3391 1969 3526 2038 ἔχει,

2370 2051 2447 2103 Τὰ
2468 2052 2512 2103 δ’
2541 2052 2730 2121 ἐχθρὸς
2758 2051 3021 2115 ἐξέσπασε
3055 2054 3163 2107 τῶν
3193 2054 3360 2124 βελῶν
3389 2055 3501 2125 βίᾳ.

2368 2138 2431 2188 Al
2461 2137 2517 2188 δὲ
2544 2141 2799 2207 κραταιαὶ
2821 2141 2949 2204 πρὶν
2977 2140 3177 2207 πόλεις,
3218 2142 3385 2212 λεπτὴ
3417 2143 3583 2206 κόνις.

2380 2229 2763 2299 Ἰπποτρόφους
2791 2232 2847 2284 δὲ
2882 2232 2981 2295 τὰς
3013 2235 3143 2303 πρὶν
3173 2236 3680 2307 ἀνθρωποτρόφους,

2367 2318 2527 2386 Οἴμοι
2553 2320 2565 2371 !
2600 2320 2809 2387 βλέπων
2840 2320 2932 2373 νῦν
2955 2322 3071 2384 πῶς
3101 2324 3379 2393 παύσομαι
3407 2325 3695 2395 δακρύων;

2366 2410 2555 2478 Χῶραι
2585 2411 2683 2479 μὲν
2711 2412 2853 2464 οὓτω
2877 2413 3395 2483 πυρπολοῦνται-καὶ
3428 2416 3584 2469 τόποι

2366 2502 2438 2553 Σὺ
2467 2501 2543 2563 δ’,
2570 2503 2600 2569 ὴ
2628 2500 2831 2569 βασιλὶς
2853 2502 2946 2553 τοῦ
2981 2503 3246 2566 Βύζαντος
3268 2506 3446 2568 ἑστία,

2365 2588 2475 2639 Ποῦ
2504 2604 2593 2655 μοι
2620 2588 2787 2657 τύχης
2808 2588 3067 2657 ἕστηκας,
3100 2592 3220 2644 εἰπέ
3245 2596 3371 2660 μοι,’
3399 2592 3573 2655 πόλις,

2364 2678 2526 2739 Πόλις
2554 2680 2739 2740 κακοῖς
2765 2679 3060 2748 κρατοῦσα,
3086 2684 3196 2743 τοῖς
3229 2682 3411 2746 καλοῖς
3443 2684 3568 2737 ὅσον

2362 2768 2587 2822 Νικῶσα
2616 2770 2674 2821 τὸ
2700 2771 2863 2840 πρίν;
2894 2770 2970 2825 Οὐ
3011 2771 3175 2843 κλονῇ
3202 2774 3244 2804 ¹³
3272 2774 3391 2827 καθ’
3420 2777 3669 2845 ἡμέραν,

701 2869 891 2935 Πατὴρ
933 2866 1030 2935 μὲν
1062 2866 1202 2933 όργᾷ
1228 2865 1363 2932 πρὸς
1404 2862 1617 2932 σφαγὴν
1649 2862 1757 2914 τῶν
1792 2861 2093 2930 φιλτάτωνο
2364 2858 2439 2911 Ui)
2472 2858 2647 2929 βάθρα
2676 2860 2863 2915 πίπτει
2890 2862 2983 2914 καὶ⁵
3006 2863 3383 2933 σπαράσσεται
3412 2866 3634 2935 τρόμῳ;

703 3044 1046 3112 lacrymahile
1068 3050 1281 3111 tempus
1310 3043 1605 3096 sustinens.
1632 3037 1757 3099 Sed,
1782 3052 1948 3099 ovos,
1967 3036 2057 3104 qui
2082 3036 2261 3104 splen-
2286 3046 2329 3104 ο
2368 3036 2619 3105 inquinat
2651 3053 2780 3091 nece
2828 3056 2843 3091 :
2873 3039 2984 3108 ﬁgit
3038 3048 3217 3093 autem
3268 3038 3529 3107 gladium,
3564 3054 3596 3092 ο
3654 3040 3914 3094 acerbum

708 3134 888 3185 didam
925 3132 1063 3185 hanc
1088 3133 1308 3183 domum
1340 3130 1595 3192 incolitis,
1631 3136 1906 3181 castorum
1934 3138 1987 3181 et
2032 3136 2256 3181 sancto-
2362 3126 2641 3180 dolorem!
2694 3128 2857 3180 frater
2910 3130 2963 3180 in
3021 3128 3204 3183 fratris
3271 3139 3478 3197 pectus.
3512 3127 3678 3183 Terra
3728 3131 3912 3185 multis

708 3238 824 3275 rum
866 3222 1408 3280 illustriumcaterva,
1436 3228 1682 3270 mortuus
1713 3231 1813 3269 vos
1836 3216 2094 3270 divitibus
2126 3231 2247 3271 cum
2362 3216 2558 3284 agitata
2608 3218 2933 3271 tremoribus
2986 3218 3239 3271 deorsum
3300 3218 3489 3280 fertur,
3518 3225 3571 3274 et
3613 3219 3911 3272 tonitruum

707 3312 977 3366 thesauris
1006 3311 1137 3370 adit,
1188 3318 1247 3361 ut
1281 3307 1425 3359 illius
1447 3305 1753 3374 sepulcrum
1781 3306 2088 3359 numerosis
2118 3320 2259 3359 con-
2363 3303 2514 3371 ignes
2569 3304 2854 3359 desursum
2905 3309 3079 3372 ipsum
3137 3305 3439 3358 incineraut
3475 3305 3771 3373 pulverem.
3812 3308 3911 3363 Ur-

711 3402 905 3471 tegatis
950 3399 1304 3467 lampadibus.
1369 3396 1614 3449 Vestrum
1669 3408 1847 3448 autem
1901 3396 2081 3451 nullus
2115 3398 2259 3453 hunc
2362 3392 2458 3447 bes
2476 3400 2652 3447 autem
2694 3394 2901 3450 roboris
2942 3395 3291 3448 munimentis
3329 3403 3386 3448 ut
3414 3396 3584 3449 comis
3634 3398 3697 3449 ad
3731 3398 3912 3451 solum

706 3501 916 3547 Itlt)\'cal
942 3492 1188 3558 lapidem,
1240 3502 1410 3556 neque
1454 3487 1526 3539 illi
1583 3484 1819 3538 invideat
1867 3488 2253 3555 contubernio;
2363 3483 2585 3551 deiectis
2617 3494 2669 3538 et
2706 3484 2921 3548 dirutis,
2942 3500 3123 3540 amare
3150 3484 3511 3555 lacrymantur
3547 3498 3602 3540 ut
3629 3487 3915 3542 luctuariae

704 3587 848 3638 solos
877 3592 1053 3635 autem
1074 3581 1326 3634 recondat
1351 3579 1516 3631 lilium
1536 3587 1585 3630 et
1603 3586 1863 3629 matrem:
1894 3585 1970 3641 ut,
1997 3579 2138 3632 sicut
2162 3594 2259 3648 pro
2361 3578 2615 3647 virgines.
2650 3577 2771 3631 Filii
2810 3580 2952 3647 Agar
2979 3579 3236 3643 vincunt;
3264 3594 3385 3647 qua:
3441 3580 3568 3633 olim
3604 3580 3766 3633 urbes
3812 3582 3912 3634 tri-

703 3686 816 3729 toto
845 3690 965 3727 eum
1018 3672 1201 3726 habuit
1225 3684 1413 3724 recens
1458 3679 1655 3731 mater,
1681 3669 1753 3720 ita
1814 3676 2028 3720 mortua
2060 3667 2254 3723 iterum
2362 3668 2487 3721 lima
2520 3668 2822 3729 solvebant,
2844 3682 2985 3723 nunc
3014 3678 3202 3722 contra
3235 3682 3333 3722 nos
3350 3668 3576 3722 caedium
3605 3670 3909 3721 mercedem

701 3784 823 3819 cum
855 3766 970 3819 solo
1014 3772 1249 3816 maneat.
1281 3762 1335 3813 Si
1371 3759 1493 3829 quis
1518 3769 1696 3812 autem
1725 3771 1821 3827 pro
1866 3758 2033 3810 nihilo
2084 3759 2253 3829 legem
2360 3768 2549 3826 rogant
2606 3768 2661 3813 et
2724 3761 2921 3829 gaudio
2964 3762 3260 3815 exsultant.
3294 3757 3358 3814 Et
3394 3760 3505 3813 haec
3565 3759 3780 3827 quidem
3839 3761 3905 3813 ad

704 3860 842 3910 hanc
875 3864 1152 3923 reputans,
1180 3868 1393 3905 movere
1426 3852 1723 3917 susceperit
1746 3864 2085 3903 communem
2110 3848 2254 3904 hunc
2357 3850 2651 3903 Orientem.
2688 3849 2789 3903 Sed
2823 3866 2943 3918 qua:
2982 3853 3045 3903 ad
3069 3850 3429 3913 Occidentem,
3474 3865 3715 3919 quanam
3763 3851 3910 3905 dicet

700 3948 950 4015 lapidem,
986 3946 1200 3997 oeulum
1238 3942 1595 3996 Providentia:
1626 3939 1888 3992 vindicem
1939 3938 2042 3992 sibi
2093 3953 2252 3993 assu-
2359 3941 2570 3993 oratio?
2609 3940 2928 4008 Scytharum
2988 3940 3275 3993 multitudo
3326 3940 3464 3994 hanc
3524 3940 3797 4009 regionem
3848 3951 3910 3993 ut

701 4046 832 4098 mat,
856 4035 1102 4103 etignem
1146 4037 1422 4101 gehennae,
1457 4030 1749 4097 etjustitia:
1784 4028 2041 4095 gladium.
2357 4046 2509 4082 suam
2554 4032 2782 4099 patriam
2820 4030 3110 4099 perlustrat
3153 4036 3207 4083 et
3254 4028 3553 4083 circulatim
3610 4030 3910 4083 circumlu-

1057 4129 1109 4180 4.
1145 4128 1209 4178 In
1242 4121 1599 4173 dormitione":
1647 4118 1905 4184 Deiparw.
2354 4128 2493 4171 strat
2514 4135 2529 4181 ;
2552 4128 2610 4171 ut
2638 4128 2834 4172 terram
2868 4119 3251 4186 producentem
3294 4117 3499 4171 nobiles
3530 4116 3773 4171 surculos
3801 4118 3907 4172 ho-

772 4223 903 4275 Tuis
952 4212 1361 4285 amplectebaris
1409 4225 1494 4263 me
1546 4209 1695 4276 prius
1751 4206 2022 4269 manibus,
2069 4204 2251 4276 Virgo,
2357 4211 2565 4263 minum
2631 4210 2949 4284 invictarum
2991 4216 3043 4261 ει
3084 4208 3310 4261 ferream
3354 4217 3597 4259 “almam
3644 4207 3908 4263 radicitus

700 4332 763 4368 ex
816 4315 981 4366 uhcre
1021 4317 1200 4361 autem
1230 4313 1323 4357 tuo
1353 4311 1655 4354 maternum
1677 4298 1756 4351 lac
1789 4299 2063 4367 sugebam.
2101 4296 2255 4351 Nunc
2288 4361 2322 4368 __
2364 4299 2621 4361 avelluut,
2663 4308 2715 4351 et
2755 4297 3041 4351 infantium
3077 4306 3285 4349 aetatem
3330 4296 3538 4365 gladius
3570 4296 3707 4350 tollit
3741 4316 3755 4351 :
3800 4297 3910 4353 hos

959 4361 1111 4454 tuam
1148 4398 1263 4465 ipso
1289 4393 1594 4462 amplexus,
1619 4403 1817 4458 corpus
1863 4392 2019 4444 mitto
2058 4388 2123 4441 ad
2163 4403 2252 4441 se-
2288 4361 2330 4414 Β
2360 4390 2579 4457 quidem
2616 4396 2787 4439 mater
2822 4386 3002 4449 habet,
3029 4387 3147 4439 illos
3172 4395 3351 4439 autem
3388 4386 3563 4439 hostis
3582 4387 3780 4456 eripuit
3811 4404 3905 4443 sa-

698 4498 818 4549 «ιω
850 4492 1183 4547 deliciarum.
2352 4480 2495 4547 gittis
2524 4480 2629 4531 vim
2663 4476 2919 4530 inferens.
2949 4474 3075 4541 Quae
3110 4476 3233 4528 olim
3267 4484 3508 4544 potentes
3539 4477 3694 4530 urbes
3721 4489 3905 4542 erant,

1220 4578 1272 4630 5.
1311 4576 1375 4631 In
1413 4574 1728 4643 apostasim.
2354 4570 2652 4623 uunc'kwis
2680 4569 2854 4636 pulvis
2889 4586 2902 4620 :
2938 4566 3057 4621 illas
3092 4581 3211 4636 qua:
3249 4573 3356 4618 tam
3412 4568 3607 4621 multos
3638 4584 3811 4637 equos
3847 4579 3905 4622 et

771 4671 946 4731 Nunc,
980 4670 1199 4730 emlum,
1224 4668 1395 4719 irrora
1423 4664 1645 4717 imbrem
1680 4660 1978 4729 sanguinis,
2039 4673 2132 4712 aer
2172 4659 2254 4713 lu-
2356 4667 2437 4712 tot
2498 4661 2745 4714 homines
2804 4658 3021 4713 alebant
3065 4658 3237 4725 prius,
3287 4657 3390 4711 heu
3424 4658 3590 4713 mihi!
3626 4662 3908 4729 quomodo

701 4772 821 4817 ctus
858 4760 975 4811 velo
1006 4756 1379 4815 obnubiletur,
1415 4753 1572 4807 tellus
1611 4752 1881 4820 aperiatur
1903 4760 1955 4805 et
1993 4750 2126 4803 mihi
2158 4752 2248 4803 de-
2361 4765 2506 4804 nunc
2555 4750 2771 4804 intuens
2831 4748 3057 4801 cessabo
3101 4762 3128 4799 a
3163 4748 3541 4815 lacrymisllta
3568 4751 3784 4819 quidem
3822 4767 3906 4803 re-

701 4857 892 4908 hiscat.
926 4848 1160 4900 Arbores
1200 4858 1345 4903 seca.
1381 4857 1590 4895 comam
1623 4841 1781 4894 simul
1814 4841 2243 4902 lacera,omnem
2356 4842 2542 4906 giones
2570 4850 2622 4893 et
2646 4840 2747 4893 loci
2789 4841 2910 4908 igne
2942 4847 3269 4891 cremantur.
3300 4838 3377 4891 Tu
3402 4856 3554 4907 vero,
3587 4842 3769 4910 regina
3796 4842 3905 4912 By-

702 4941 955 4996 vestitum
1036 4936 1251 5002 nigrum
1326 4946 1423 4998 pro
1501 4929 1658 4981 viridi
1691 4968 1709 4993 ,
1763 4928 2061 4996 faciemque
2130 4944 2255 4995 ope-
2358 4931 2516 4983 zantii
2539 4930 2712 4988 sedes,
2746 4930 2798 4981 in
2826 4942 2934 4995 quo
2962 4926 3185 4981 fortunae
3213 4928 3337 4981 mihi
3365 4929 3597 4992 sisteris,
3628 4932 3714 4985 die
3738 4932 3902 4997 mihi,

696 5035 863 5093 tiens,
898 5042 1069 5097 gente.
1090 5027 1364 5091 Cognatus
1387 5018 1603 5087 quidem
1624 5018 1843 5086 sanguis
1868 5018 2253 5083 totumAOrien-
2352 5034 2384 5072 o
2414 5021 2652 5073 civitas?
2697 5019 2900 5073 Civitas
2951 5017 3105 5071 malis
3130 5017 3383 5085 obnoxia,
3419 5021 3574 5075 bonis
3626 5035 3898 5091 quantum

701 5134 805 5177 tem
848 5119 1082 5190 primum
1114 5120 1413 5182 exspectat,
1444 5118 1497 5175 et
1535 5108 1724 5161 dividit
1781 5108 1990 5175 gladius
2022 5122 2248 5161 (-onsan-
2345 5112 2597 5164 vincebas
2644 5125 2833 5178 nuper,
2872 5124 3048 5162 nonne
3097 5112 3333 5178 quotidie
3360 5113 3668 5167 excuteris?
3716 5130 3902 5168 nonin:

696 5214 912 5281 gniuea,
934 5210 1033 5262 heu
1062 5208 1072 5259 ί
1109 5218 1302 5275 genera
1331 5213 1379 5255 et
1404 5199 1665 5252 membra.
1697 5196 1853 5249 Pater
1892 5198 2107 5263 quidem
2138 5198 2242 5248 ira—
2346 5200 2693 5254 fundamenta
2735 5202 2933 5253 cadunt
2964 5211 3015 5253 ct
3054 5203 3286 5257 motibus
3316 5204 3676 5272 dejiciuntur?
3706 5218 3891 5257 nonne

692 5302 859 5353 suitur
882 5298 947 5350 ad
985 5297 1182 5351 caedem
1209 5306 1453 5355 suorum,
1485 5300 1536 5342 et
1576 5289 1819 5342 dextram
1880 5295 2032 5341 natus
2068 5288 2238 5353 patria
2340 5307 2475 5357 quos
2510 5292 2810 5358 produxisti
2844 5305 3019 5345 ramos
3056 5292 3106 5347 in
3128 5292 3499 5360 bracltiistuis,
3522 5294 3699 5348 vidisti
3734 5294 3901 5362 gladii

764 5471 805 5500 ³³
830 5469 962 5523 Dub.
998 5484 1099 5522 scr.
1130 5477 1208 5523 est
1240 5468 1352 5521 haec
1384 5480 1504 5519 vox.
1552 5465 1589 5493 “
1625 5464 1711 5516 Sic
1745 5461 1864 5515 cod.
1946 5463 1984 5489 ”
2012 5461 2154 5512 τῖσον
2179 5462 2298 5515 cod.
2378 5464 2391 5492 ¹

1130 5477 1208 5523 est
1240 5468 1352 5521 haec
1384 5480 1504 5519 vox.
1552 5465 1589 5493 ¹¹
1625 5464 1711 5516 Sic
1745 5461 1864 5515 Cod.
1946 5463 1984 5489 ”
2012 5461 2154 5512 τῖσον
2179 5462 2298 5515 cod.
2378 5464 2419 5494 ¹³
2448 5464 2605 5515 κλονᾶ
2632 5458 2749 5516 cod.
