4120 6340
351 235 461 301 909

350 352 429 404 Οὐ
455 347 581 410 τοὺς
608 345 839 415 φυέντας
864 343 1126 413 ἀγκάλαις
1145 344 1263 406 ταῖς
1298 342 1414 404 σαῖς
1440 339 1684 402 κλάδους,

351 441 492 502 Τοὺς
523 435 622 508 μὲν
656 435 929 506 μαχαίρας
955 432 1115 505 ἔργον
1135 427 1272 496 εῐδες
1300 431 1358 484 ἐν
1388 430 1587 500 μάχαις

365 531 462 583 Ἐκ
488 527 765 596 συγγενῶν
798 526 1116 588 πίπτοντας,
1147 523 1292 592 οἴμοι
1319 520 1414 576 τοῦ
1437 521 1673 581 πάθουςί

354 621 494 682 Τοὺς
524 618 568 671 δ’
602 618 722 671 ἀντὶ
742 615 1008 685 λαμπρῶν
1027 616 1121 668 καὶ
1143 612 1321 666 καλῶν
1353 610 1664 679 ἀνακτόρων

354 711 568 777 Νήσονς
593 709 827 778 ἐρήμους
853 706 948 760 καὶ
980 706 1260 775 φάραγγας
1284 703 1375 756 καὶ
1405 701 1631 770 πέτρας,

356 799 662 870 Κριθέντας
691 799 878 861 οἰκεῖν,
910 799 1010 865 τὴν
1039 797 1206 864 πνοὴν
1231 793 1626 863 μετρουμένους
1650 806 1666 855 ;

354 892 468 943 Kal.
502 888 693 954 ταῦτα,
720 888 822 957 φεῦ
845 887 857 940 i
890 887 1190 955 πάσχοντες
1219 883 1284 948 (ῶ
1305 884 1414 937 τῶν
1433 882 1715 952 χριμάτων

356 981 478 1032 Τῶν
509 981 633 1044 σῶν,
673 979 958 1043 δικαστάί)
983 976 1081 1046 τὴν
1113 975 1310 1045 λιθώδη
1333 973 1560 1044 καρδίαν

355 1071 545 1132 Οὐδεὶς
580 1070 864 1139 μαλάσσει,
898 1068 1178 1123 σπένδεται
1213 1066 1293 1136 τῷ
1325 1064 1571 1136 πλησίον,

356 1163 468 1215 Καὶ
503 1162 736 1233 δάκρυον
763 1163 848 1230 χεῖ
879 1161 1172 1231 φάρμακον
1198 1160 1494 1228 σωτηρίας.

370 1253 509 1305 Ἀλλ’
533 1253 679 1322 ἥλιος
718 1253 815 1321 μὲν
843 1253 923 1314 είς
949 1251 1136 1314 σκότος
1160 1249 1534 1320 μετεστράφη.

358 1345 468 1395 Καὶ
495 1345 592 1414 τῆς
619 1344 847 1413 σελήνης
874 1344 1073 1412 φέγγος
1097 1341 1465 1413 ἑξαπικρύόηο

360 1433 469 1486 Καὶ
497 1431 674 1496 καινὸς
705 1432 878 1502 ἀστὴρ
913 1431 1094 1502 θαῦμα
1130 1432 1364 1495 πίστεως
1388 1429 1538 1495 ξένον

360 1523 568 1592 Καινῆς
592 1522 636 1576 δ’
667 1523 901 1593 ἀνήφθης
927 1523 1027 1592 τῆς
1056 1523 1100 1576 δ’
1129 1515 1272 1593 ἒμῆς
1294 1521 1567 1593 ῥᾳθυμίας

357 1612 632 1682 Λογισμδς
662 1613 856 1677 οὐδεὶς,
889 1613 1010 1667 οὐδὲ
1043 1613 1149 1667 τῶν
1181 1613 1564 1683 ἐγκλημάτων.

371 1703 509 1755 ’Δλλ’
538 1703 695 1756 ἴλεών
731 1721 822 1774 μοι
847 1702 1038 1770 δεῖξον,
1075 1705 1250 1769 ῐλεων,
1277 1704 1439 1772 Λόγε,
1466 1732 1474 1742 ~

357 1794 459 1846 Σδν
477 1794 628 1864 ὗμμα
647 1795 902 1865 χρηστὸν,
935 1794 1143 1849 παῦσον
1169 1794 1601 1865 άλληλοφθόρους

357 1885 599 1953 Σφαγὰς,
625 1884 855 1950 ἁλώσεις
881 1886 1153 1956 δεσμίους,
1183 1885 1383 1956 μάχας,
1410 1885 1646 1946 στάσεις.

357 1975 560 2041 Φυγὰς,
583 1974 813 2041 διώξεις,
839 1976 1114 2046 ἁρπαγὰς,
1154 1976 1363 2041 ποινὰς,
1400 1975 1608 2043 κρίσεις
1630 1990 1644 2005 ·

363 2067 676 2135 ’ῼκτειρας,
703 2063 843 2128 οἶδα,
875 2067 969 2119 καὶ
997 2066 1184 2119 Νινευϊ
1204 2066 1306 2162 τὴν,
1328 2065 1501 2131 πόλιν,

361 2155 473 2207 Καὶ
497 2155 623 2208 λαὸν
651 2155 886 2225 ἠλέησας
917 2155 1313 2225 ήμαρτηκότα⁷ο

360 2246 461 2297 Σὺν
492 2246 740 2312 ποίμνιον
761 2248 888 2315 γὰρ,
915 2247 1074 2299 ῶνιον
1102 2247 1212 2298 σῶν
1235 2247 1500 2316 αἱμάτων.

361 2333 438 2401 Σὴ
467 2333 675 2403 μάνδρα
704 2334 877 2401 κάγὼ,
903 2333 1104 2404 Χριστέ
1123 2349 1137 2363 ·
1172 2334 1343 2386 ταῦτα
1372 2331 1438 2402 σὴ
1466 2331 1622 2393 πόλις

362 2425 492 2494 Βοᾷ,
522 2425 678 2486 πόλις
701 2425 791 2493 σὴ,
822 2428 896 2493 μὴ
936 2425 1281 2494 παραῦλέψῃ,
1315 2424 1530 2493 βλέπων

361 2514 566 2567 Κακῶν
601 2512 867 2578 ἀϐύσσους
890 2530 904 2544 ·
939 2513 1099 2584 μέχρι
1122 2514 1231 2583 γάρ
1253 2515 1398 2577 τίνος
1428 2513 1617 2578 πόνοις

366 2649 440 2704 ς’.
469 2645 573 2709 Εἰς
601 2661 744 2709 τους
782 2645 990 2714 ἁγίους
995 2643 1616 2779 σέῗὶῗτὲὑστράτιον
1647 2645 1745 2699 καὶ
1787 2644 1925 2710 τοὺς

368 2849 570 2917 Εἴληφε
605 2849 810 2911 πεντὰς
837 2849 1129 2918 μαρτύρων
1163 2850 1323 2902 πέντε
1354 2849 1542 2916 στέφη.

379 2941 436 2993 '0
469 2941 512 2993 δ’
546 2940 872 3008 Εὑστράτιος
901 2941 1060 2993 πέντε
1082 2939 1370 3009 λαμϐάνει.
1397 2937 1571 3001 Μόνος

377 3031 692 3099 Ἑλληνικὴν
719 3031 910 3101 ῆλεγξε
942 3030 1372 3099 μυθοπλαστίαν·

371 3123 674 3190 Ἥγρευσεν
704 3123 979 3188 Εὑγένιον,
1005 3122 1210 3192 ἤσκησε
1237 3104 1405 3190 στόμα

369 3322 606 3390 praedam
627 3325 678 3376 in
703 3323 938 3393 pugnisa
961 3324 1205 3394 cognatis
1234 3324 1466 3379 cadere?
1497 3325 1629 3395 proh
1653 3324 1924 3379 dolorem!

370 3427 470 3480 pro
505 3413 808 3482 magniﬁcis
848 3423 902 3468 et
934 3415 1102 3470 vastis
1135 3415 1374 3482 palatiis,
1410 3416 1614 3470 insulas
1657 3416 1926 3478 desertas,

371 3504 636 3572 gurgites,
675 3513 876 3572 petras;
919 3506 1310 3562 condemnatos
1360 3507 1626 3570 habitare,
1678 3507 1928 3576 spiritum

372 3594 455 3646 vel
482 3594 744 3648 habentes
772 3596 1188 3648 mensuratum?
1223 3606 1280 3648 et
1324 3597 1437 3649 haec
1473 3597 1760 3664 patientes,
1791 3597 1924 3650 heul

373 3682 763 3735 sententiarum
788 3691 1024 3744 tuarum,
1048 3684 1235 3750 judex,
1273 3698 1496 3738 saxeum
1538 3686 1770 3753 rigorem
1800 3685 1924 3738 nul-

371 3772 458 3825 lus
481 3771 694 3824 mollire
726 3780 937 3840 potest;
964 3773 1213 3841 proximo
1235 3761 1636 3837 reconciliatur,
1658 3783 1711 3826 et
1743 3772 1923 3825 ﬂetum

375 3861 553 3914 fundit
587 3860 776 3915 salutis
812 3862 1135 3917 remedium.
1176 3861 1284 3916 Sed
1318 3863 1401 3917 sol
1434 3863 1648 3932 quidem
1685 3863 1740 3916 in
1776 3872 1926 3915 tene-

375 3953 500 4006 bras
527 3965 824 4006 conversus
869 3961 972 4016 est,
1015 3962 1068 4007 et
1112 3952 1253 4008 lunae
1290 3954 1465 4023 fulgor
1498 3955 1705 4007 velatus
1745 3961 1846 4019 est,
1873 3965 1928 4008 et

375 4059 576 4099 novum
630 4052 861 4109 astrum,
905 4044 1030 4099 ﬁdei
1085 4061 1237 4100 novat
1266 4045 1543 4100 insolitum
1599 4045 1925 4114 prodigium,

373 4134 613 4200 eﬂ'ulsit;
663 4150 797 4190 mere
859 4146 1039 4190 autem
1088 4137 1355 4192 socordia:
1411 4138 1551 4190 ratio
1605 4136 1772 4199 nulla,
1831 4151 1925 4191 ne-

374 4242 479 4294 que
510 4226 814 4295 culparum.
849 4226 955 4281 Sed
996 4227 1282 4282 miseratus
1311 4228 1442 4281 mihi
1490 4227 1732 4290 ostende,
1761 4226 1924 4279 mise-

377 4315 553 4371 ricors
609 4316 864 4382 Verbum,
914 4329 1062 4372 tuum
1117 4319 1433 4374 clementem
1477 4320 1709 4383 oculum,
1766 4318 1922 4371 tinem
1963 4354 2004 4408 υ

377 4406 595 4472 impone
623 4408 825 4460 mutuis
852 4409 1087 4462 caulibus
1117 4408 1363 4476 publicis,
1399 4407 1586 4470 ruinis,
1609 4407 1822 4476 pugnis,
1844 4421 1928 4458 se-

376 4495 698 4559 ditionibus,
755 4497 921 4566 iugis,
962 4499 1450 4566 persecutionibus,
1481 4499 1773 4560 violentiis,
1801 4511 1930 4565 sup-

380 4586 580 4655 pliciis,
629 4586 872 4653 iudiciis.
943 4588 1200 4644 Misertus
1230 4605 1310 4654 es,
1344 4590 1478 4651 scio,
1511 4589 1719 4642 Ninivzr
1758 4589 1926 4653 urbis,

377 4687 435 4730 et
472 4675 670 4743 p0pulo
709 4679 996 4745 pepercisti
1060 4681 1353 4746 peccatori;
1391 4689 1541 4733 tuum
1586 4682 1727 4733 enim
1768 4681 1926 4744 ovile,

379 4766 612 4835 pretium
653 4765 727 4816 tui
770 4767 1068 4834 sanguinis,
1100 4769 1308 4822 mansio
1330 4778 1413 4821 tua
1445 4777 1499 4821 et
1534 4784 1652 4836 ego,
1684 4769 1928 4835 Christe;

383 4859 499 4910 haec
539 4864 630 4908 tua
661 4855 854 4908 civitas
895 4857 1118 4921 clamat,
1152 4868 1241 4910 tua
1296 4867 1378 4911 est
1422 4858 1633 4919 civitas,
1683 4875 1748 4911 ne
1786 4859 1928 4911 illaut

379 4944 648 5012 despicias
671 4957 900 4996 cernens
927 4945 1190 4998 malorum
1225 4946 1465 5013 abyssos.
1498 4944 1630 4999 Nam
1659 4963 1764 5014 quo
1807 4963 1930 5016 pro-

377 5047 562 5103 gressa
594 5041 718 5086 sunt
745 5031 1074 5086 infortunia?

380 5169 436 5226 6.
468 5166 536 5222 In
569 5177 774 5221 sanctos
803 5168 1046 5236 quinque,
1082 5167 1410 5221 Eustratium
1432 5180 1478 5222 et
1515 5171 1648 5224 alios
1669 5189 1783 5224 cum
1816 5173 1927 5226 illo.

453 5301 792 5372 Receperunt
814 5299 1052 5368 quinque
1083 5307 1347 5370 martyres
1403 5315 1634 5354 coronas
1671 5303 1930 5371 quinque.

385 5392 694 5446 Eustratius
730 5401 906 5445 autem
948 5392 1186 5458 quinque
1209 5389 1430 5456 recipit;
1467 5391 1618 5444 solus
1660 5391 1933 5446 llellenica

370 5481 568 5554 .arguit
596 5492 932 5549 commenta;
980 5482 1278 5551 Eugenium
1308 5492 1527 5536 venatus
1552 5495 1650 5546 est,
1689 5501 1750 5538 os
1795 5483 1936 5537 Mar-

385 5575 525 5630 darii
579 5577 833 5630 instruxit
891 5584 1076 5630 contra
1140 5573 1374 5642 judicent
1415 5574 1662 5638 valentis;
1704 5577 1936 5630 tirmavit

1639 225 1981 287 CARMINA
2013 222 2266 285 γΑιιιΑ.

1929 339 1978 397 Α
2000 337 2073 388 τὸ
2103 331 2417 404 Μαρδαρίου
2445 329 2582 400 πρὸς
2601 328 2862 398 δικαστὴν
2885 327 3049 392 ὀξέως
3067 341 3081 355 ·

3449 211 3552 274 9ίῦ

2008 424 2253 495 Ἔρρωσε
2286 420 2345 474 τὸ
2373 419 2627 489 φρόνημα
2657 419 2865 488 κάμνον
2905 418 3156 486 Ὀρέστου

2005 513 2149 582 Πρὸς
2182 510 2276 580 τὴν
2312 510 2540 581 ῥέουσαν
2569 508 2663 563 καὶ
2683 507 2937 579 σιδηρέαν
2968 505 3164 576 φλόγα.

2004 603 2117 656 Καὶ
2140 602 2310 654 ταῦτα
2335 599 2564 670 πράξας,
2590 599 2690 652 καὶ
2716 598 2846 671 παρ’
2877 599 3092 670 ἐχθροῖς
3114 601 3370 670 τυγχάνει

2006 692 2198 754 Διδοῦς
2219 691 2478 752 δικλεινός
2501 706 2516 719 ·
2546 690 2678 745 ἀλλὰ
2703 691 2802 759 τῆς
2831 689 3137 760 προθυμίας
3361 709 3366 712 -

2011 785 2242 838 Ἀκοντα
2274 783 2366 841 ἣν
2394 783 2653 852 τύραννον
2679 781 2826 834 ἕλκει
2850 780 3129 844 ποικίλως,

2009 875 2120 945 Τὴν
2145 876 2320 945 ψῆφον
2346 874 2491 942 αὐτῷ
2525 873 2620 942 τὴν
2640 872 2900 926 δοκοῦσαν
2935 872 3206 924 θεσπίσαι.

2010 969 2117 1020 Καὶ
2143 971 2277 1036 πρὸς
2305 967 2366 1019 τὸ
2411 964 2523 1034 πῦρ
2574 966 2836 1016 ἔσπευσεν
2868 964 2944 1026 ὡς
2980 963 3229 1031 πέμπτον
3272 962 3464 1033 στέφος

2011 1060 2082 1112 Σὺ
2108 1058 2209 1128 μὲν
2245 1059 2414 1123 κάτω,
2446 1057 2697 1126 τύραννε,
2734 1055 2829 1125 τὴν
2863 1055 3134 1124 σιδηρέαν,

2014 1151 2160 1202 Ἀνω
2185 1148 2241 1202 δὲ
2272 1150 2502 1215 Χριστὸς
2528 1149 2760 1218 χρυσέαν
2804 1147 2944 1199 τιθεῖ
2971 1146 3182 1216 κλίνην,

2011 1239 2086 1292 Τὸ
2111 1239 2224 1306 φῶς
2245 1237 2684 1306 άπαυγάζουσαν,
2714 1238 2788 1299 ὡς
2817 1235 2957 1306 αὕτη
2982 1235 3175 1304 φλόγα.

2250 1369 2318 1433 ζ’.
2347 1373 2449 1436 Εἰς
2468 1370 2583 1438 τὴν·
2615 1368 2733 1423 τῶν
2781 1369 3079 1436 Ῥωμαίων
3104 1369 3331 1436 μάχην.

2029 1504 2297 1573 Δνῆκενὴ
2324 1503 2394 1571 γῆ
2424 1501 2519 1555 τοῦ
2551 1501 2841 1574 δράκοντος
2869 1500 2964 1553 atat
2993 1499 3154 1551 πάλιν

2013 1592 2297 1662 Σπαρτοὺς
2315 1593 2575 1660 γίγαντας
2599 1591 2797 1660 ἄνδρας
2826 1589 3255 1660 άλληλοφθόρους
3277 1607 3294 1623 ⁸

1944 1661 1987 1718 Β
2013 1661 2203 1751 Θέαμα
2221 1661 2440 1746 καινὸν,
2464 1683 2694 1751 πρᾶγμα
2721 1681 2957 1744 πίστεως
2986 1680 3154 1746 ξένον.

2017 1773 2331 1842 Πάνχαλκος
2354 1773 2495 1841 δψις,
2523 1773 2851 1842 πανσίδηρος
2870 1776 2903 1842 ἠ
2943 1774 3122 1840 φύσις,

2016 1865 2287 1932 ’Ὀρμημα
2313 1861 2515 1933 θηρῶν,
2548 1863 2762 1931 βλέμμα
2795 1862 2965 1914 δεινὸν
2993 1862 3288 1931 γοργόνων.

2017 1954 2114 2017 Τίς
2137 1953 2181 2005 δ’
2207 1947 2273 2006 αὖ
2304 1953 2508 2013 ἐκείνος
2540 1951 2649 2002 τῶν
2683 1951 2955 2026 γιγάντων
2976 1953 3258 2019 ἐνστάτης,

2027 2042 2088 2094 '0
2114 2040 2284 2102 δεινὸς
2313 2035 2466 2102 οὗτος
2491 2041 2654 2092 πᾶσιν
2683 2040 2970 2107 ἐμπίπτων
2999 2041 3158 2110 μόνος

2035 2131 2119 2192 Ὦς
2143 2130 2480 2200 άλλόμορφος
2511 2130 2603 2183 καὶ
2633 2130 3163 2200 παρεξηλλαγμένος,

2019 2221 2268 2292 Χρυσοῦς
2295 2223 2356 2274 τὸ
2386 2220 2580 2284 κάλλος
2607 2223 2699 2274 καὶ
2729 2222 2976 2291 σιδηροῦς
3004 2221 3102 2292 τὴν
3133 2223 3324 2294 φύσιν;

2021 2310 2373 2381 Κινούμενος,
2405 2312 2536 2382 πύρ,
2560 2312 2977 2381 ἐκκαλούμενος,
3015 2313 3171 2379 λέων,

2036 2400 2260 2468 Ἑστὼς,
2294 2403 2504 2471 ἀδάμας
2525 2419 2540 2433 °
2573 2404 2759 2472 ἄργος,
2790 2404 2847 2455 ἐν
2867 2403 3049 2474 κύκλῳ
3070 2403 3302 2473 βλέπων,

2026 2492 2248 2546 Βλέπων
2274 2497 2553 2564 κεραυνὸς,
2583 2491 2722 2564 αἷμα
2740 2497 2834 2549 καὶ
2860 2496 3017 2564 φόνον
3037 2497 3214 2551 πνέων
3238 2514 3251 2526 ·

2025 2584 2140 2637 Οὐκ
2161 2583 2374 2652 ἀδάμας
2406 2603 2508 2650 τις,
2539 2586 2598 2638 ού
2632 2585 2869 2654 σίδηρος,
2893 2587 2954 2639 ού
2991 2586 3159 2652 λίθος,

2026 2673 2167 2725 Ἀλλ’
2196 2674 2315 2726 οὑδέ
2343 2674 2594 2744 χρυσοῦς,
2624 2675 2744 2728 οὐδὲ
2769 2679 2834 2746 τῇ
2868 2675 3026 2744 φύσει
3051 2675 3235 2745 γίγας,

2025 2760 2167 2815 ’Δλλ’
2189 2760 2220 2830 ἢ
2246 2762 2402 2831 τριὰς
2425 2764 2684 2833 κραθεῖσα
2708 2763 2814 2816 τῶν
2836 2763 3137 2834 ἐρασμίων,

2027 2851 2317 2920 Εὑανδρία,
2345 2852 2621 2922 φρόνησις,
2659 2853 2796 2924 ἀλκὴ
2833 2857 2967 2925 πρὸς
2989 2857 3202 2922 πόνους,

2030 2940 2252 3003 Ἔνυλος
2278 2941 2465 3011 ὥσπερ
2493 2943 2868 3012 ωμπλακεῖσα
2903 2945 3036 3016 πρὸς
3061 2948 3246 3017 μάχην

2028 3031 2142 3098 Τῆς
2167 3034 2365 3103 ἀρετῆς
2391 3034 2624 3087 δείκνυσι
2649 3034 2744 3104 τὴν
2777 3037 2925 3105 ἰσχὺν
2958 3039 3100 3108 πόση
3121 3054 3136 3068 ⁸

2029 3122 2153 3187 Πῶς
2181 3124 2274 3177 καὶ
2294 3124 2559 3192 γιγάντων
2590 3127 2684 3178 καὶ
2708 3127 2938 3181 τιτάνων
2962 3131 3020 3181 ἐν
3052 3130 3250 3200 μάχαις

2027 3325 2360 3381 deiicientem
2386 3324 2562 3380 Oresti
2587 3327 2828 3381 animum
2876 3337 3062 3384 contra
3095 3331 3478 3389 circumfusam
3528 3340 3584 3391 et

2029 3414 2259 3468 ferream
2313 3415 2608 3469 ﬂamntam.
2648 3416 2713 3470 Et
2763 3418 2877 3470 haec
2922 3435 3046 3474 cum
3076 3421 3274 3490 egisset
3304 3424 3385 3478 vel
3439 3428 3579 3494 apud

2028 3505 2281 3560 inimicos
2305 3507 2575 3560 invenitur
2602 3508 2806 3562 honore
2838 3509 3100 3575 famosus,
3141 3514 3232 3567 sed
3279 3530 3373 3583 per
3427 3516 3579 3571 forti-

2028 3596 2269 3650 tudinem
2296 3598 2520 3651 invitum
2559 3609 2846 3668 tyrannum
2898 3601 3108 3656 diverso
3149 3606 3309 3658 modo
3347 3607 3582 3672 adducit

2033 3686 2098 3736 ad
2135 3690 2457 3740 sententiam
2491 3689 2944 3752 pronuntiamlam
2979 3694 3137 3759 quale
3187 3694 3302 3762 ipse
3335 3699 3578 3762 volebat;

2032 3782 2085 3825 et
2140 3775 2204 3826 ad
2270 3775 2441 3842 ignem
2503 3777 2700 3828 volavit
2754 3787 2810 3828 ιιι
2852 3780 2917 3829 ad
2988 3780 3231 3846 quintam
3297 3799 3579 3840 coronam.

2032 3864 2113 3918 'l‘u
2155 3867 2370 3933 quidem
2419 3868 2697 3929 deorsum,
2746 3878 2992 3937 tyranne,
3043 3869 3293 3935 ferream,
3361 3889 3578 3930 sursum

2034 3966 2215 4009 autem
2247 3958 2498 4012 Christus
2529 3975 2746 4011 auream
2771 3962 2864 4013 dat
2885 3960 3151 4040 lectigam,
3190 3962 3308 4017 luce
3338 3968 3570 4035 resplen-

2031 4047 2265 4116 dentem,
2307 4061 2365 4104 ut
2403 4051 2507 4104 ista
2538 4049 2774 4105 ﬂamma.

2383 4181 2432 4235 7.
2469 4183 2529 4236 In
2558 4182 2911 4238 Romanorum
2955 4201 3201 4253 pugnam.

2105 4317 2365 4372 Produxit
2391 4328 2530 4370 terra
2565 4332 2594 4370 e
2628 4317 2861 4370 dracone
2913 4320 3102 4371 iterum
3161 4319 3452 4374 seminatos
3495 4322 3577 4390 gi-

2033 4416 2224 4476 gantes
2279 4408 2526 4460 homines
2585 4417 2771 4459 mutue
2821 4408 3154 4472 homicidas;
3207 4411 3574 4475 spectaculum

2040 4514 2264 4562 novum,
2300 4512 2386 4550 res
2413 4513 2441 4548 a
2479 4497 2578 4550 ﬁde
2627 4499 2840 4560 aliena;
2872 4514 3010 4550 terea
3048 4498 3233 4561 facies,
3260 4499 3429 4550 ferrea
3481 4517 3576 4552 na-

2035 4598 2177 4651 tura,
2216 4587 2446 4640 ferarum
2497 4585 2747 4653 impetus,
2779 4593 3101 4651 conspectus
3129 4585 3382 4638 terribilis
3438 4585 3575 4638 Cor-

2031 4694 2250 4748 gouutn;
2271 4679 2390 4745 quis
2408 4686 2582 4728 autem
2617 4676 2715 4728 iste
2746 4677 3018 4742 gigantum
3033 4674 3397 4738 adversarius,
3428 4674 3576 4730 ferus

2032 4770 2134 4824 iste
2185 4769 2262 4819 vir
2300 4767 2445 4820 solus
2483 4766 2534 4817 in
2586 4779 2770 4816 omnes
2826 4764 3056 4827 irruens.
3101 4773 3354 4833 tanquam
3405 4765 3575 4820 forma

2037 4857 2339 4921 dissimilis,
2373 4868 2568 4908 aureus
2591 4852 3011 4921 pulchritudine,
3044 4863 3097 4906 et
3116 4851 3326 4908 ferreus
3348 4855 3578 4907 natura?

2031 4947 2171 5001 Motu
2193 4947 2348 5014 ignis,
2370 4947 2586 4998 nomine
2605 4943 2710 5007 leo,
2729 4943 2979 4998 ﬁrmitate
2997 4945 3238 5009 adamas,
3263 4946 3440 5004 albus,
3460 4946 3569 4998 cir-

2032 5038 2395 5096 cnmintuens,
2429 5033 2688 5087 fulmineo
2717 5044 2958 5102 aspectu,
2997 5036 3312 5103 sanguinem
3353 5044 3407 5086 et
3430 5049 3575 5088 mor-

2034 5137 2138 5181 tem
2170 5125 2417 5194 spirans?
2461 5123 2574 5177 Non
2607 5124 2854 5187 adamas,
2883 5141 2988 5178 non
3023 5127 3245 5186 ferrum,
3274 5139 3376 5176 non
3412 5123 3570 5189 lapis,

2033 5229 2085 5272 et
2113 5233 2284 5285 neque
2331 5230 2545 5279 aureus,
2584 5232 2755 5284 neque
2802 5229 2990 5269 natura
3045 5217 3224 5284 gigas;
3294 5213 3385 5266 sed
3439 5213 3574 5268 trias

2033 5309 2366 5378 egregiarum
2404 5324 2580 5360 rerum
2608 5309 2914 5368 commista,
2950 5307 3228 5368 fortitudo,
3264 5304 3571 5370 prudentia,

2036 5400 2088 5452 in
2118 5398 2386 5451 laboribus
2414 5401 2736 5459 constantia,
2762 5410 3014 5464 tanquam
3058 5396 3352 5449 tuaterialis
3395 5382 3575 5448 esten-

2037 5489 2112 5541 dit
2144 5487 2353 5539 virtutis
2385 5502 2492 5539 sua:
2527 5488 2689 5538 robur
2728 5492 2985 5553 quantum
3021 5486 3089 5537 sit
3127 5485 3191 5536 ad
3225 5499 3455 5551 pugnam
3481 5499 3581 5549 ap-

2040 5588 2175 5631 tum.
2221 5575 2288 5629 Ut
2320 5577 2371 5630 in
2435 5579 2631 5645 przeliis
2688 5579 2960 5644 gigantum
3018 5583 3070 5629 et
3127 5574 3402 5629 Titanum.
3472 5584 3577 5625 stat
