4120 6340
553 273 649 336 9η
1799 279 2114 343 ΙΟΑΝΝΙς
2145 282 2180 343 G

2145 282 2570 345 GEOMETR/E
3630 288 3742 355 9Ιὲ

546 389 754 458 Κρατεϊ
781 386 902 440 καθ’
929 387 1106 441 αὐτῶν
1138 389 1232 442 καὶ
1260 391 1415 460 χορδς
1443 389 1551 443 τῶν
1573 391 1839 464 ἀστέρων.
2125 403 2170 460 Α
2203 396 2270 446 Ἦ
2305 397 2397 450 καὶ
2423 397 2664 467 τραπῶσι
2687 397 2819 468 πρὸς
2843 397 3021 462 λίθους
3041 399 3089 452 oi
3116 398 3351 454 ναυτίλοι
3374 415 3391 431 ο

546 476 732 530 Ταῦτα
756 477 967 545 βλέπων
997 477 1206 546 καθῆκε
1231 477 1422 542 κάλλος
1460 479 1676 550 ὑψόθεν,
2199 488 2266 538 Ἢ
2293 488 2468 539 πάντα
2501 487 2720 557 μᾶλλον,
2746 490 2795 540 εί
2817 489 2884 540 τὰ
2922 490 3188 560 Σειρήνων
3210 491 3403 553 θέλοις.

545 568 656 630 Τὰς
687 565 885 637 ἀρετὰς
914 566 1171 621 κάλλιστα
1195 569 1314 631 ταῖς
1344 569 1517 633 νίκαις
1549 573 1778 641 στέφων.
2202 579 2401 645 ’Ἄμφω
2429 578 2535 645 γάρ
2559 578 2719 640 αὐτὸς
2740 580 2833 633 καὶ
2870 579 3046 641 λίθους
3072 581 3420 650 κινουμένους

951 679 1019 752 η’,
1051 681 1157 747 εις
1195 698 1327 736 τινα
1358 684 1678 751 μουσικόν,
2207 662 2296 725 Ὠς
2321 665 2342 713 ὲ
2352 664 2585 732 μπνόους
2612 665 2868 732 δείκνυσι,
2893 669 2985 719 καὶ
3021 668 3144 728 τοὺς
3173 668 3439 736 ὲμπνόους

555 792 781 862 Ὀρφεύς
806 810 888 854 τις
912 792 944 861 ἢ
975 791 1221 862 Θάμυρις
1255 794 1288 862 ἦ
1328 795 1420 846 καὶ
1443 795 1683 865 κινύρας
2197 753 2301 817 Οὓς
2324 756 2389 807 ἂν
2419 755 2667 825 θελήσῃς,
2689 755 2827 826 πρὸς
2855 754 3031 819 λίθους
3058 756 3434 825 πηγνυμένους
3466 756 3526 813 ⁸⁸.

546 881 799 948 Ἐθελγον
824 882 987 952 ᾠδαῖς
1007 882 1216 951 δένδρα,
1247 882 1418 951 θῆρας
1451 883 1545 935 καὶ
1577 883 1758 945 λίθους
1779 898 1794 913 ο
2931 867 2975 920 θ’

540 972 660 1025 Τῶν
685 971 792 1026 σῶν
825 973 878 1024 δὲ
905 972 1149 1039 τερπνῶν
1179 972 1433 1041 ἐμμελῶν
1457 974 1808 1042 λιγυσμάτων
2194 978 2263 1031 Τί
2287 979 2444 1032 τοῦτο
2468 980 2661 1044 κάλλος
2687 995 2702 1044 ;
2730 980 2813 1043 τίς
2839 981 2998 1034 πάλιν
3024 983 3183 1052 καινὴ
3212 982 3422 1048 κτίσις;

543 1062 828 1114 Ἀθελκτον
861 1061 1033 1125 οὐδὲν,
1063 1061 1196 1114 ἀλλὰ
1230 1065 1324 1115 καὶ
1355 1063 1681 1125 θαλασσίους
1705 1085 1712 1107 ι
2196 1073 2266 1122 Ἦ
2293 1072 2373 1133 τίς
2399 1071 2593 1140 μετῆξε
2618 1072 2716 1140 τῆς
2738 1072 2896 1141 Ἐδὲμ
2920 1073 2981 1124 τὸ
3003 1074 3234 1145 χωρίον;

539 1154 768 1222 Πέτρας.
798 1152 939 1205 δοκῶ
968 1169 1080 1222 μοι,
1112 1153 1207 1205 καὶ
1237 1153 1512 1205 θάλασσαν
1543 1153 1744 1221 ἀγρίαν
2195 1161 2307 1213 Οὐκ
2330 1163 2518 1230 ἀρεταὶ
2543 1164 2663 1232 γῆς,
2693 1162 2828 1217 ἀλλὰ
2850 1163 3062 1216 πάντων
3095 1163 3428 1231 κτισμάτων,

537 1244 712 1312 Αὐτὴν
742 1241 1126 1304 κατευνάζουσι
1149 1243 1243 1295 καὶ
1272 1242 1448 1295 πνοῶν
1482 1242 1624 1310 βίας.
2194 1251 2456 1317 Συνῆλθον
2479 1244 2600 1303 ὦδε.
2623 1251 2920 1320 Μέμφομαι
2949 1253 3040 1304 καὶ
3073 1255 3139 1323 τῇ
3170 1252 3348 1320 φύσει.

547 1332 706 1399 Ὁρᾷς
729 1330 835 1398 γὰρ
864 1328 938 1391 ὡς
967 1329 1197 1395 ἤκουσεν
1223 1329 1385 1392 εὐθὺς
1403 1328 1499 1381 τοῦ
1530 1327 1762 1397 μέλους.»
2193 1337 2258 1387 Τί
2284 1353 2373 1405 μοι
2395 1336 2502 1405 γὰρ
2529 1336 2848 1406 ἀρκέσουσιν
2872 1338 3134 1408 ὀφθαλμοὶ
3165 1340 3276 1404 δύο,

536 1417 704 1469 Παύει
737 1418 835 1486 μὲν
859 1417 1022 1486 αίθὴρ
1050 1419 1358 1486 συστροφὰς
1380 1417 1717 1480 ἀντιπνόους,
2192 1424 2376 1492 Κάλλη
2406 1425 2636 1477 τοσαῦτα
2657 1426 2926 1494 πανταχοῦ
2951 1427 3294 1496 περιϐλέπειν
3315 1445 3330 1492 ;

544 1508 762 1574 Ῥήσσει
791 1506 848 1558 δὲ
875 1507 1084 1569 πυκνὰς
1111 1507 1218 1558 τῶν
1243 1507 1419 1573 νεφῶν
1451 1508 1812 1568 ἀντιστάσεις.
2193 1514 2256 1565 Τί
2288 1531 2377 1583 μοι
2400 1514 2456 1566 δὲ
2486 1516 2579 1567 καὶ
2607 1514 2747 1588 νοῦς,
2771 1517 2865 1568 καὶ
2889 1516 3122 1582 γλῶττα,
3147 1518 3240 1569 καὶ
3264 1518 3412 1588 φωνὴ
3439 1519 3539 1587 μία

538 1596 678 1665 Ὅρα
699 1593 776 1657 δὲ,
809 1594 1034 1684 φαιδρὸν
1057 1594 1332 1663 προσγελᾷ
1361 1593 1460 1663 τὴν
1483 1593 1698 1684 αἰθρίαν
1715 1611 1730 1626 ·
2193 1603 2380 1673 Πλήθη
2406 1603 2639 1656 τοσαῦτα
2660 1587 2948 1673 θαυμάτων
2974 1608 3132 1670 νοεῖν,
3169 1607 3343 1674 λέγειν
3364 1625 3381 1672 ;

537 1685 701 1775 Κάτω
727 1684 900 1775 δὲκαὶ
929 1683 1170 1775 θάλασσα
1197 1684 1600 1775 κυματουμένη,
2122 1720 2165 1775 Β
2191 1692 2392 1762 Χρόνος
2419 1693 2476 1745 δὲ
2504 1695 2651 1755 ποῖος
2684 1694 2894 1764 ἡμέρας
2929 1695 3268 1766 περιτρέχειν

532 1773 906 1840 Ἰιῖξυπτιοῦται
937 1773 1032 1827 νῦν
1061 1774 1530 1845 κατεστορεσμένη
1551 1792 1567 1806 ·
1902 1829 1905 1831 .
2124 1773 2147 1775 ”
2193 1784 2338 1835 Ἀνω
2370 1784 2518 1835 κάτω
2549 1784 2618 1834 τά
2644 1783 2820 1835 πάντα
2843 1783 2937 1835 καὶ
2967 1785 3361 1854 περιγράφειν;

530 1866 643 1935 Τὴν
676 1863 830 1934 ὖόριν
857 1862 1167 1928 ἐξέπτυσεν,
1194 1864 1267 1926 ὡς
1292 1865 1484 1932 φονεὺς
1519 1865 1670 1934 ξίφος
2189 1871 2354 1924 Κάτω
2381 1871 2478 1940 μὲν
2506 1874 2538 1941 ὴ
2569 1872 2642 1940 τῆ
2668 1873 2948 1941 νυμφικῶς
2981 1873 3300 1943 ισταλμένη,

531 1955 792 2025 Ἕρῤιψεν
821 1954 902 2017 είς
935 1953 1059 2023 γῆν,
1084 1955 1193 2007 πᾶν
1222 1954 1532 2019 κατηύνασε
1563 1955 1760 2023 θράσος
1784 1975 1800 1991 ο
2189 1964 2297 2014 Καὶ
2333 1963 2528 2032 μικρὸν
2554 1965 2618 2016 ὲκ
2641 1964 2741 2031 γῆς
2760 1963 2945 2033 ὥσπερ
2969 1962 3099 2033 ὕψος
3125 1967 3359 2034 ἠρμένη,

528 2047 805 2099 Διίσταται
830 2044 1097 2115 χαίρουσα
1120 2045 1254 2111 πρὸς
1275 2043 1334 2095 τὺ
1370 2043 1460 2095 σὺν
1494 2043 1674 2112 μέλος.
1915 2052 1918 2054 ⁷
2187 2055 2406 2122 Πρόεισι
2437 2053 2633 2123 φαιδρὰ
2656 2054 2820 2104 πᾶσιν
2853 2053 3232 2123 ἑξεσταλμένη,

527 2138 666 2209 Γελᾷ
686 2136 924 2207 γαλήνην
949 2151 964 2165 ·
993 2135 1156 2199 λεῖον,
1183 2135 1282 2205 ἡδὺ
1310 2134 1663 2203 προσϐλέπει.
2184 2143 2441 2210 Δάφναις,
2469 2144 2672 2210 φυτοῖς,
2699 2140 2908 2203 θαλλοῖς
2927 2158 3008 2205 τε,
3034 2144 3275 2208 θάμνοις,
3309 2142 3597 2211 ἀμπέλοις,

529 2228 850 2297 Σκαίρουσιν
885 2224 1036 2295 ίχθῦς
1055 2239 1070 2254 ⁸
1103 2224 1392 2294 προσλαλεῖ
1417 2242 1497 2278 σοι
1529 2225 1606 2294 τῷ
1634 2224 1784 2295 μέλει
2184 2235 2422 2296 Κιττοῖς,
2450 2232 2767 2302 κορύμϐοις,
2797 2234 3032 2300 δένδρεσι
3066 2234 3459 2303 καρποτρόφοις
3484 2249 3498 2263 ο

523 2316 752 2385 ψιλῳδδς
783 2316 1112 2384 ἀντίμολπον
1140 2315 1354 2367 ἁλκυὼν
1386 2315 1544 2383 μέλος
1563 2331 1580 2345 '
2185 2325 2384 2393 Πηγαὶ,
2416 2324 2581 2386 σκιαὶ,
2607 2323 2850 2388 δόνακες,
2879 2325 3036 2392 ἄλση,
3062 2324 3292 2386 λιϐάδες,

517 2404 718 2472 Δελφὶς
747 2401 1022 2472 παραπλεί
1048 2403 1139 2454 καὶ
1173 2402 1428 2468 περιπλεῖ
1454 2403 1552 2471 τὴν
1579 2401 1768 2472 λύραν.
2183 2416 2337 2476 Πεςαι⁹
2364 2415 2548 2483 νομαὶ,
2575 2414 2875 2483 φάραγγες,
2908 2414 3094 2483 ἄκρων
3127 2414 3392 2473 κοιλάδες,

526 2494 734 2562 Σκάρος
759 2492 814 2543 δὲ
841 2493 1029 2558 φωνεῖ,
1063 2491 1354 2559 προτρέχει
1375 2491 1432 2544 δὲ
1463 2491 1730 2554 ναυτίλος·
2182 2504 2468 2574 Δρυμῶνες
2506 2503 2539 2572 ἢ
2568 2504 2850 2573 λειιιμῖηες⁹
2881 2506 3049 2574 ἄντρα
3081 2506 3170 2556 καὶ
3194 2505 3386 2565 νάπαιν

527 2581 800 2652 Προσπλεῖ
830 2581 886 2633 δὲ
913 2583 1106 2650 μικρὸν
1137 2581 1230 2633 καὶ
1263 2581 1579 2650 προπέμπει
1605 2583 1892 2652 πομπίλος.
2185 2595 2351 2662 Ἀνθη
2380 2593 2450 2646 τὰ
2475 2593 2672 2659 πάντα,
2695 2595 2872 2648 πάντα
2895 2595 3087 2662 κάλλη,
3110 2596 3217 2646 πᾶν
3242 2593 3434 2664 μῦρον,

553 2672 673 2724 Δλλ’
701 2672 968 2724 ὲνδέδοικα
995 2672 1071 2740 μὴ
1102 2670 1358 2740 χορεῦσαι
1383 2671 1517 2740 πρὸς
1545 2671 1725 2741 μέλος.
2181 2682 2295 2733 Πᾶν
2323 2682 2538 2750 χρῶμα,
2574 2681 2788 2749 βύσσος,
2821 2681 3096 2750 πορφύρα,
3129 2683 3348 2750 χρυσὸς,
3373 2683 3535 2749 γάλα.

522 2766 630 2818 Καὶ
658 2763 756 2834 τὴν
783 2764 1050 2832 φέρουσαν
1081 2762 1254 2816 πάντα
1293 2762 1480 2827 θέλξας
1511 2764 1728 2828 ὁλκάδα,
2194 2772 2490 2835 Ῥοδωνιαὶ,
2522 2773 2802 2841 κρινῶνες,
2832 2772 3079 2842 ὀδμητῶν
3107 2772 3221 2832 των,

527 2859 672 2908 Ἀνω
695 2855 841 2908 κάτω
864 2855 930 2908 τὰ
959 2856 1134 2908 πάντα
1158 2855 1463 2925 συστρέψῃς
1495 2855 1605 2926 βίᾳ,
2181 2862 2540 2932 Χρυσάνθεον,
2573 2864 2861 2933 νάρκισσος
2892 2864 3016 2932 ἡδὺς
3055 2863 3145 2916 καὶ
3173 2863 3389 2932 κρόκος,

525 2949 594 3000 ’Ἡ
618 2950 710 3001 καὶ
742 2949 874 3018 πρὸς
903 2948 1069 3018 αὐτὴν
1090 2946 1281 3017 θῆρας,
1309 2946 1506 3016 ὄρνεις,
1543 2947 1730 3018 ἰχθύας
1964 2936 1968 2940 λ
2191 2954 2249 3006 'O
2283 2953 2628 3023 πορφυρίζων
2658 2953 2905 3016 ὑάκινθος
2937 2954 3118 3021 ἡδίων,

520 3039 704 3109 ιῐηδᾷν
734 3040 890 3109 βιάστι
924 3040 1018 3093 καὶ
1045 3039 1403 3109 κατασπάσῃς
1428 3040 1602 3093 κάτω.
2106 3060 2150 3118 c
2192 3042 2251 3094 '0
2274 3041 2332 3095 δὲ
2359 3041 2625 3110 φλογίζων
2652 3043 3084 3113 ἐκπρεπέστερος
3112 3042 3290 3095 πλέον.

522 3223 710 3267 contra
742 3214 860 3265 illos
889 3213 1169 3267 stellarum
1202 3211 1490 3265 multitudo
1519 3230 1532 3264 :
1566 3211 1679 3263 haec
1708 3212 1924 3265 intuens
1953 3212 2076 3280 pul-
2181 3213 2281 3272 tili,
2307 3211 2573 3264 autetiam
2595 3211 2788 3279 magis,
2813 3213 2857 3265 si
2880 3212 3098 3266 Sirenes
3119 3211 3318 3266 imitari
3333 3213 3485 3266 velis.
3504 3212 3730 3266 Utrum-

522 3305 880 3357 chritudincm
926 3319 956 3356 c
987 3303 1236 3369 supernis
1266 3303 1568 3365 arcessivit,
1598 3303 1827 3355 virtutes
1877 3302 2079 3369 optime
2175 3318 2281 3368 que
2313 3302 2453 3353 enim
2486 3305 2599 3368 ipse
2636 3312 2689 3355 et
2721 3303 2916 3369 agitata
2946 3317 3073 3355 saxa
3107 3303 3262 3369 quasi
3313 3304 3605 3356 animantia
3633 3317 3726 3356 os-

522 3392 763 3446 victoriis
779 3406 1072 3444 coronans.
2181 3385 2372 3448 turdis,
2407 3393 2461 3438 et
2475 3387 2792 3449 animantia,
2821 3402 2940 3454 quae
2970 3389 3226 3452 volueris,
3259 3389 3406 3442 saxis
3429 3390 3726 3443 adhaerere.

913 3501 968 3554 8.
1001 3499 1076 3552 ln’
1091 3499 1346 3553 musicum
1376 3501 1672 3571 quemdam.
2925 3497 2976 3550 9.

594 3610 839 3679 Orpheus
870 3609 1089 3678 quidam
1119 3609 1201 3662 vel
1221 3608 1504 3679 Thamyris
1526 3610 1605 3663 vel
1635 3609 1862 3678 Cinyras
1886 3609 2072 3664 incan-
2241 3604 2375 3670 Quis
2394 3615 2475 3660 est
2501 3601 2599 3659 istc
2617 3607 2776 3659 decor
2799 3607 2822 3659 ἲ
2850 3621 2968 3674 qua:
2985 3621 3120 3658 nova
3148 3607 3341 3660 iterum
3361 3608 3563 3660 creatio
3583 3607 3605 3659 l
3629 3616 3727 3660 aut

522 3704 706 3754 tahnnt
727 3701 967 3764 arbores,
999 3701 1137 3754 feras
1161 3708 1214 3752 et
1241 3715 1370 3752 saxa
1420 3700 1686 3756 cantihus.
1721 3698 1850 3752 Tuis
1890 3709 2069 3753 autem
2170 3697 2292 3765 quis
2325 3698 2427 3750 huc
2482 3698 2763 3749 transtulit
2808 3697 3003 3749 Edonis
3035 3696 3254 3749 sedem?
3284 3697 3398 3750 Non
3434 3707 3587 3750 teme
3611 3697 3722 3749 vir-

522 3792 779 3846 suavihus
818 3789 1064 3843 melodiis
1102 3789 1236 3842 nihil
1263 3789 1405 3858 quod
1451 3803 1555 3843 non
1588 3790 1918 3843 incantatum
1962 3790 2068 3852 sit;
2173 3797 2331 3852 tutes,
2368 3787 2458 3842 sed
2491 3788 2730 3842 omnium
2761 3798 3129 3841 creaturarum
3164 3788 3268 3840 huc
3315 3797 3721 3850 convenerunt;
3779 3809 3784 3813 ·

519 3881 607 3933 sed
639 3888 691 3932 ct
726 3880 930 3932 marina
950 3892 1102 3941 saxa,
1129 3888 1187 3932 ut
1221 3877 1351 3931 mihi
1386 3877 1619 3942 videtur,
1656 3885 1709 3930 et
1739 3893 1941 3932 saevum
1986 3861 2070 3946 ip—
2169 3887 2225 3931 et
2255 3885 2500 3930 naturam
2532 3878 2743 3930 incuso.
2775 3875 3059 3940 Quomodo
3084 3877 3226 3929 enim
3289 3876 3420 3929 mihi
3459 3876 3724 3930 sullicient

518 3986 637 4025 sum
669 3987 817 4024 mare
853 3979 906 4023 et
939 3959 1224 4023 ventorum
1253 3970 1364 4021 vim
1391 3968 1603 4024 sedant.
1641 3967 1798 4023 Vides
1820 3969 1964 4022 enim
2013 3979 2072 4023 ut
2171 3966 2312 4019 oculi
2338 3967 2467 4029 duo,
2503 3967 2565 4018 ad
2593 3965 3140 4032 circumspiciendum
3167 3966 3364 4032 ubique
3395 3974 3570 4018 tantas
3599 3966 3722 4032 pul-

520 4058 697 4112 statim
736 4059 1037 4111 audiverint
1066 4057 1376 4110 melodiam.
1410 4057 1564 4110 Sistit
1594 4058 1765 4110 aether
1786 4066 2070 4110 ventorum
2163 4056 2541 4110 chriludines?
2568 4055 2837 4124 quomodo
2867 4056 2995 4106 mihi
3031 4070 3202 4116 meus,
3243 4055 3444 4122 lingua,
3472 4069 3569 4105 vox
3592 4069 3721 4117 una,

519 4149 819 4201 contra-ins
853 4149 1104 4214 impetus,
1147 4145 1705 4213 comprimitnubium
1727 4161 1923 4213 opacas
1949 4161 2067 4199 mo-
2161 4147 2527 4214 prodigiorum
2581 4155 2782 4199 tantam
2838 4145 3235 4196 multitudinem
3280 4144 3344 4196 ad
3377 4145 3719 4211 cogitandum

520 4241 627 4301 les;
656 4239 865 4291 videtur
891 4236 1224 4298 lux.arridet
1281 4236 1547 4289 serenitas
1583 4252 1596 4287 :
1629 4236 1884 4288 deorsum
1926 4249 2064 4303 quo-
2100 4292 2136 4303 _
2172 4237 2251 4286 vel
2301 4233 2584 4287 dicendum
2610 4234 2632 4284 ?
2660 4232 2797 4296 Quid
2822 4241 2906 4284 est
2933 4230 3035 4283 diei
3068 4239 3276 4296 tempus
3307 4231 3370 4282 ad
3401 4245 3718 4299 percurren-

517 4341 622 4394 quc
655 4339 802 4377 mare
845 4337 1103 4390 spumans
1136 4337 1278 4376 nunc
1317 4323 1497 4375 sedata
1554 4321 1881 4382 inclinatur;
1929 4321 2067 4389 inju-
2100 4292 2144 4346 Β
2173 4325 2299 4377 dum
2325 4325 2505 4376 omnia
2529 4334 2583 4376 et
2605 4323 2668 4374 ad
2693 4320 3138 4386 describendum?
3166 4319 3307 4372 Infra
3326 4321 3467 4372 enim
3493 4321 3722 4374 tellnsnt

518 4416 655 4466 riam
691 4411 1140 4478 exi-ussit,quam
1170 4419 1229 4463 ut
1280 4410 1610 4463 homicidum
1655 4423 1838 4462 ensem
1872 4409 1923 4461 in
1967 4416 2072 4461 ter-
2171 4427 2370 4482 sponsa
2416 4420 2626 4474 ornata,
2655 4419 2708 4464 ct
2761 4409 3037 4478 paululum
3086 4423 3117 4460 a
3174 4416 3318 4460 terra
3369 4409 3514 4462 velut
3559 4410 3720 4464 collis

517 4518 635 4556 ram
660 4501 922 4563 mitte-hat,
954 4516 1168 4553 omnem
1202 4500 1480 4553 audaciam
1515 4499 1788 4569 placavit;
1830 4509 2070 4567 apertum
2170 4503 2431 4564 elevatus,
2513 4501 2690 4569 prodit
2767 4497 3049 4568 splendide
3130 4497 3383 4551 omnibus
3459 4499 3718 4553 adornata

523 4603 605 4646 est
633 4592 872 4661 gaudens
904 4592 969 4645 ad
999 4602 1145 4647 tuam
1193 4591 1480 4646 mclodiam
1517 4606 1532 4644 :
1569 4589 1858 4646 serenitate
1913 4591 2068 4654 ridet,
2169 4593 2356 4656 lauris,
2410 4591 2625 4661 plantis,
2685 4590 2874 4654 ramis,
2923 4589 3182 4653 arbustis,
3224 4589 3416 4653 vineis,
3481 4588 3718 4655 hederis,

518 4681 807 4750 tranquillo
855 4690 908 4734 et
951 4681 1192 4750 jucuudo
1243 4691 1483 4751 aspectu.
1515 4679 1699 4734 Pisces
1756 4679 2065 4744 exsultant;
2166 4685 2456 4754 corymbis,
2501 4682 2786 4737 arboribus
2837 4679 3168 4749 frugiferis:
3224 4680 3425 4744 fontes,
3483 4680 3713 4742 umlme,

517 4770 806 4838 respondet
856 4780 957 4823 tua-
1007 4770 1250 4824 melodize
1307 4780 1560 4824 cantuum
1604 4773 1814 4825 amicus
1886 4770 2072 4840 alcyon
2171 4777 2388 4841 calami,
2447 4776 2573 4841 luci,
2618 4787 2881 4843 aquarum
2934 4772 3136 4840 jactus,
3192 4772 3456 4838 gramina,
3493 4786 3718 4839 pascua,

518 4863 726 4914 alterna
748 4860 1010 4926 melodia;
1039 4861 1328 4928 delphinus
1365 4863 1518 4930 juxta
1548 4863 1714 4933 lyram
1759 4872 1814 4917 et
1864 4862 2068 4915 circum
2169 4869 2424 4939 gurgites,
2461 4868 2643 4931 colles,
2692 4865 2878 4929 valles,
2927 4863 3091 4931 sylva:
3122 4873 3214 4915 aut
3246 4873 3424 4930 prata,
3457 4873 3610 4916 antra
3666 4872 3720 4914 et

516 4957 684 5024 lyram
753 4961 929 5014 natat;
967 4965 1155 5004 scarus
1214 4961 1392 5004 autem
1444 4955 1607 5017 canit,
1659 4954 1891 5006 nautilus
1940 4966 2068 5012 vero
2169 4975 2410 5023 nemora,
2463 4959 2727 5024 ﬂoresque
2771 4969 2982 5017 omnes,
3025 4968 3214 5008 omnes
3267 4952 3715 5022 pulchritudines.

514 5042 832 5114 praecurrit;
900 5041 1166 5108 pompilus
1216 5041 1436 5094 adnatat
1491 5042 1652 5108 paulo
1689 5050 1743 5094 et
1791 5042 2060 5110 praecedit.
2164 5065 2352 5104 omnes
2386 5050 2600 5111 od0res,
2629 5045 3059 5109 omnescolores,
3095 5045 3368 5113 byssinus,
3388 5057 3716 5114 purpureus,

516 5136 619 5189 Sed
655 5135 820 5188 timeo
851 5147 917 5185 ne
940 5133 1005 5184 ad
1033 5129 1340 5184 saltandum
1405 5146 1528 5184 cum
1587 5133 1819 5185 melodia
1875 5146 2062 5200 geren-

2167 5157 2388 5206 aureus,
2418 5141 2661 5200 lacteus;
2705 5136 2933 5199 rosaria,
2969 5136 3079 5189 lilia
3111 5137 3466 5190 odorantibus
3494 5133 3716 5203 iaculis,

513 5235 618 5281 tem
662 5226 843 5280 omnia
879 5236 1067 5277 navem
1119 5221 1422 5288 incantans,
1484 5222 1750 5290 susdeque
1780 5223 1961 5277 omnia
2010 5223 2059 5276 vi
2124 5238 2128 5241 ·
2167 5230 2606 5298 chrysantheum,
2643 5228 2917 5281 narcissus
2948 5227 3223 5295 jucundus
3268 5237 3322 5282 et
3342 5241 3557 5288 crocus,
3577 5226 3717 5294 hya~

509 5318 812 5386 perturbes,
847 5327 941 5369 aut
964 5315 1028 5369 ad
1065 5313 1211 5368 illam
1252 5314 1416 5375 feras,
1455 5327 1602 5378 aves,
1644 5314 1818 5381 pisces
1871 5328 2059 5369 asceu—
2165 5322 2379 5378 cinthus
2423 5333 2725 5389 purpureus
2759 5318 3070 5386 jucundior,
3102 5329 3154 5375 et
3183 5318 3465 5373 flammeus
3495 5316 3721 5383 conspi-

507 5410 633 5463 dere
680 5422 842 5477 cogas
885 5416 938 5462 et
1004 5405 1269 5468 attrahas,
1292 5413 1387 5459 aut
1411 5404 1476 5459 ad
1507 5419 1635 5460 saxa
1687 5406 2058 5462 tendantnau~
2165 5428 2300 5469 cuus
2323 5413 2513 5481 magis.
2544 5407 3726 5484 Nihilabesteorququzeadessesatiusest;.

577 5579 619 5612 “
648 5579 804 5634 Nulla
841 5588 923 5633 est
947 5580 1137 5634 divisio
1167 5579 1220 5632 in
1254 5580 1374 5634 cod.
