4120 6340
320 275 429 339 913

330 388 588 437 Ἀπεστιν
619 382 787 447 οὐδὲν,
814 375 891 434 ὧν
919 396 1168 450 παρειναι
1197 378 1418 448 βέλτιον,

328 476 595 542 Πάρεστιν
620 472 773 524 οὐδὲν
804 466 883 525 ὦν
909 473 1157 541 παρεῖναι
1190 472 1233 502 ⁸⁸
1269 468 1556 537 συμφέρον.

327 566 408 616 Τὰ
432 562 637 632 ῥεῖθρα,
667 565 795 614 ποῖα
825 562 1011 631 ῥεῖθρα
1035 562 1143 613 τῶν
1168 560 1336 627 λόγων
1360 559 1553 629 φράσοι
1576 574 1592 619 ;

330 653 544 720 Χρυσᾶ,
573 650 761 718 διειδῆ,
790 650 995 718 ψυχρὰ,
1022 648 1217 714 κοῦφα,
1246 647 1435 716 μυρία,

332 740 469 791 Μέλι
504 740 710 807 πέτρας
738 738 948 806 ῥέοντα,
982 734 1197 803 τερπνῷ
1226 735 1321 786 σὺν
1354 733 1523 801 μέλει.

335 832 404 881 ‘ll
432 830 627 896 λουτρά
657 827 825 880 ταῦτα
847 827 953 878 τῶν
986 826 1238 895 χαρίτων,
1263 824 1337 886 ὡς
1368 823 1546 891 λόγος,

334 923 405 972 Ἥ
434 920 629 990 μᾶλλον
650 918 787 971 αὐτὰ
814 917 908 969 καὶ
929 918 1144 985 χάριτες
1172 917 1251 978 είς
1280 914 1454 985 χύσιν.

335 1013 411 1062 Οὐ
446 1014 590 1079 τρεῖς
614 1011 828 1079 ῥέουσαι
865 1007 1084 1076 μᾶλλον,
1113 1006 1246 1060 ἀλλὰ
1276 1006 1484 1075 μυρίαι.

338 1101 409 1150 "H
433 1098 695 1166 τέσσαρες
730 1096 941 1164 ῥέοντες
964 1094 1024 1159 ἐξ
1044 1095 1205 1163 Ἐδὲμ
1227 1093 1392 1147 πάλαι

339 1191 572 1261 Κρουνοὶ
604 1189 1020 1259 καταρδεύουσιν
1043 1182 1205 1258 Ἐὃὲμ
1228 1189 1325 1257 τὴν
1353 1188 1500 1241 νέαν.

344 1281 577 1349 Κρῆναι,
602 1281 805 1348 λῖμναι,
840 1280 1020 1350 τέχναι
1057 1278 1112 1332 δὲ
1140 1278 1342 1332 τούτων
1366 1279 1555 1348 μυρίαι

341 1370 454 1430 Τὰς
485 1370 674 1437 ἡδονάς
700 1368 947 1437 βλύζουσι
975 1368 1081 1420 τῶν
1112 1367 1339 1437 ῥείθρων
1368 1367 1548 1420 πλέον.

341 1460 603 1525 Θέλγουτι
628 1457 801 1510 ταῦτα
832 1459 924 1509 καὶ
949 1457 1128 1519 λίθους
1152 1458 1243 1508 καὶ
1268 1456 1451 1524 θηρία.

358 1549 519 1617 Ὁρᾷς
542 1549 609 1600 τὰ
644 1547 842 1615 πλήθη.
874 1546 1065 1613 θῆρας,
1094 1546 1292 1614 δρνειςν
1331 1544 1558 1615 ίκθύαίί

347 1636 500 1688 Δοκῶ
528 1636 751 1686 λιπόντα
782 1636 957 1687 πάντα
987 1634 1077 1687 τοῦ
1112 1634 1315 1703 κόσμου
1340 1635 1504 1688 τόπον
1643 1631 1651 1637 ’

356 1726 449 1786 Ὠς
485 1720 632 1777 οἷκον
658 1718 812 1791 εὗρον
835 1724 1012 1775 κοινὸν
1043 1716 1142 1776 ὧδε
1168 1725 1257 1775 τὸν
1288 1725 1473 1787 τόπον,

354 1818 425 1867 ‘ll
461 1814 595 1884 πρὸς
626 1814 685 1866 τὺ
707 1816 897 1877 κάλλος
926 1816 1297 1885 συνδραμόντα
1323 1816 1605 1878 δεσπότου,

362 1903 449 1964 Ὠς
477 1902 611 1971 πρὸς
642 1903 801 1972 μέλος
826 1902 1045 1971 μένουσι
1068 1904 1129 1955 τὸ
1160 1904 1286 1971 πρὶν
1328 1904 1585 1971 Ὀρφέως.

354 1991 626 2059 ἰλδουσιν,
663 1990 993 2059 ἀπᾴδουσιν,
1034 1990 1231 2058 ἀηδὼν,
1262 1990 1475 2052 κύκνος,

352 2076 561 2142 Τέττιξ,
593 2078 832 2146 χελιδών.
874 2079 938 2131 Ἦ
966 2077 1188 2149 τρυγὼν
1218 2079 1405 2147 τρύζει
1442 2079 1605 2147 μέγα,

355 2167 549 2236 Πέρδιξ
579 2166 811 2230 κελαδεῖ,
842 2166 1230 2238 λαμπροφωνεί
1263 2168 1540 2237 στρουθία,

356 2258 525 2320 ιΙὶτυς
556 2255 783 2325 μελίζει,
809 2258 1020 2328 ῥεῖθρον
1047 2260 1168 2327 ἠχεῖ
1194 2258 1508 2328 βλυστάνον,

356 2348 553 2417 Τρέχει
582 2348 782 2415 λαγὼς,
817 2350 1075 2417 σκιρτῶσι
1110 2349 1293 2419 θῆρες,
1322 2350 1599 2420 δορκάδες,

358 2435 552 2506 Χαίριι
575 2436 653 2491 τά
690 2437 888 2503 πάντα,
912 2440 1086 2492 πάντα
1112 2440 1221 2492 τῶν
1248 2442 1466 2509 μουσῶν
1496 2443 1631 2509 γένη

360 2523 588 2591 Τέρπει,
621 2526 689 2578 τὰ
718 2527 894 2579 πάντα
921 2527 1201 2594 τέρπεται,
1236 2528 1311 2597 τῷ
1346 2528 1577 2598 δεσπότῃ

360 2614 571 2667 Μέλπει
608 2616 674 2668 τά
696 2616 872 2669 πάντα
894 2619 1008 2679 καὶ,
1043 2617 1203 2682 δοκῶ,
1230 2619 1318 2671 τὸν
1338 2619 1621 2689 δεσπότην.

368 2703 473 2758 1ιοῦ
505 2706 862 2774 Πραξιτέλους
887 2706 1021 2776 ἔργα
1047 2723 1060 2768 ;
1092 2707 1193 2759 ποῦ
1234 2708 1289 2760 δὲ
1317 2709 1523 2759 Φειδίου
1549 2726 1563 2773 ;

367 2796 473 2845 Καὶ
500 2794 601 2846 ποῦ
634 2795 917 2847 Λυσίππου
940 2812 955 2860 ;
990 2797 1093 2847 ποῦ
1117 2796 1173 2847 δὲ
1203 2798 1294 2849 καὶ⁵
1318 2797 1673 2851 Πολυκλείτου
1700 2841 1717 2865 ,

366 2885 528 2949 Λέγει
556 2882 621 2934 τά
651 2882 863 2949 γλυπτά
892 2882 1061 2936 ταῦτα
1084 2900 1098 2914 ·
1126 2884 1220 2939 καὶ
1252 2882 1358 2952 γάρ
1382 2884 1472 2935 καὶ
1496 2884 1630 2936 λάλα
1652 2899 1668 2913 ’

368 2972 485 3026 Κᾶν
521 2973 596 3041 μὴ
623 2974 776 3039 λάλα,
800 2973 1060 3044 κράζουσι
1088 2977 1207 3038 ταῖς
1233 2976 1444 3045 τέχναις
1466 2976 1633 3045 ὅμως.

1592 269 1928 329 CARMINA
1960 265 2205 327 VARIA.

1895 380 1939 436 Λ
1969 373 2122 435 Τίνος
2147 372 2253 439 γάρ
2282 368 2438 421 ἄλλου
2466 366 2637 420 ταῦτα
2662 384 2676 432 ;
2707 365 2789 429 τίς
2822 366 2987 434 πνοὴν
3012 363 3204 433 γλΰφει

1968 464 2064 524 Τίς
2094 461 2275 530 σχῆμα
2302 460 2397 512 καὶ
2424 458 2503 521 τίς
2528 452 2658 528 ἦθος
2688 458 2722 526 ἢ
2745 457 2825 519 τίς
2852 456 2945 508 καὶ
2977 455 3169 523 λόγους

1970 554 2073 605 Τὸν
2098 551 2239 603 ἔνδον
2277 545 2368 620 ᾇδι
2395 548 2614 617 κόσμον,
2643 547 2764 599 ὶλθὶ
2794 546 2928 615 πρὸς
2957 544 3152 611 δόμους
3176 559 3192 574 ·

3408 240 3506 303 ιιι

1972 643 2067 704 Τίς
2095 640 2359 709 Βεσελεὴλ
2388 637 2719 707 δημιουργὸς
2748 635 2855 687 τῶν
2889 635 3105 701 δόμων;

1977 734 2041 784 Ὢ
2066 731 2242 802 χειρὸς
2280 731 2434 801 ῑργα,
2464 727 2665 798 χειρὸς,
2698 726 2811 777 ἀλλ’
2844 725 2982 792 ὑπὲρ
3013 722 3247 792 τέχνηνι

1976 825 2043 875 Ὃ
2068 822 2159 875 νοῦ
2189 821 2294 893 πρὸ
2316 805 2671 881 πάντων,’νοῦ
2700 817 2835 869 νόων
2866 813 3189 882 ὑπερτέρου,

1980 913 2090 966 Νοῦ
2117 911 2465 983 κοσμοποιοῦ,
2488 908 2580 962 νοῦ
2604 904 3029 977 βασιλικωτάτου
3059 905 3072 956 ι

1985 1005 2153 1071 ’Δφες
2185 1001 2255 1055 τὰ
2271 1002 2369 1071 τῆς
2390 1000 2517 1069 τῆς,
2542 1000 2638 1052 καὶ
2664 997 2732 1051 τὰ
2754 996 2861 1051 τῶν
2891 996 3003 1049 ἂνω
3035 993 3255 1048 σκόπει·

1982 1096 2047 1146 Ὢ
2068 1092 2289 1161 φαιδρὸς
2310 1091 2437 1159 ἀὴρ,
2476 1088 2671 1159 μικρὸν
2700 1088 2912 1156 άφωτος
2944 1084 3101 1156 χύσις
3128 1085 3143 1137 ι

1986 1185 2050 1234 Ὢ
2078 1183 2268 1252 κρᾶσις
2292 1179 2482 1249 ὠρῶνί
2513 1178 2559 1231 ὦ
2596 1178 2881 1247 θεαμάτων
2922 1174 3144 1245 βλύσιςῑ

1987 1272 2180 1339 Ὕλης,
2208 1271 2422 1339 τέχνης,
2448 1270 2573 1338 γῆς,
2599 1269 2781 1338 ἀέρος,
2808 1267 3007 1336 φωτὸς,
3042 1262 3223 1316 πόλου.

1990 1362 2084 1423 Τίς
2110 1360 2355 1430 Σολομὼν
2384 1361 2592 1430 ησκησε
2621 1359 2777 1429 τήνδε
2807 1357 2904 1427 τὴν
2935 1358 3147 1419 κτίσινς

1991 1453 2086 1514 Τίς
2112 1454 2205 1515 τὰς
2234 1451 2421 1521 φύσεις
2451 1448 2679 1519 συνῆξεν
2708 1450 2787 1511 είς
2824 1448 2951 1517 μίαν
2980 1446 3164 1511 θέσιν;

1994 1545 2089 1605 Τίς
2109 1545 2205 1605 τὰς
2240 1542 2431 1610 φύσεις
2464 1540 2661 1610 μετῆξε
2693 1540 2891 1609 μᾶλλον
2923 1540 2986 1591 ὲκ
3013 1539 3208 1607 τέχνης
3232 1579 3245 1602 ,

1996 1634 2326 1702 Σοφὴ,’σοφὴ
2355 1632 2518 1702 φρὴν,
2546 1633 2581 1701 ἡ
2611 1631 2878 1700 βασίλειος
2912 1630 3093 1698 φύσις,

1928 1692 1969 1745 Β
1995 1692 2278 1791 τδόἇῡμαὶ
2303 1692 2409 1790 τῆς.
2428 1692 2848 1790 ίῆᾲόστέφων
2888 1692 2979 1773 καὶ
3009 1692 3314 1787 το-στέφος.

1999 1814 2222 1866 Πάντων
2248 1813 2525 1881 κρατήσας
2556 1810 2842 1881 βαρϐάρων
2868 1810 3199 1883 τυραννίδος,

2002 1902 2215 1965 Παθῶν,
2242 1901 2516 1968 ἀναγκῶν,
2552 1900 2805 1969 γαστρὸς,
2830 1900 3021 1964 ὖπνου,
3057 1898 3375 1967 φροντίδων,

2002 1990 2161 2044 Ζὼων
2186 2008 2243 2042 τε
2272 1989 2508 2052 πάντων,
2540 1990 2745 2042 ὑδάτων
2782 1990 2877 2042 καὶ
2908 1988 3134 2057 θηρίων,

2004 2084 2111 2135 Καὶ
2138 2083 2247 2133 τῶν
2278 2080 2471 2147 λόγων,
2501 2078 2597 2133 νῦν
2620 2080 2693 2144 ὼς
2724 2078 2853 2149 ὁρῶ,
2889 2080 2982 2132 καὶ
3008 2078 3116 2130 τῶν
3142 2079 3337 2148 νόμων,

2004 2172 2085 2225 Τά
2111 2172 2286 2223 πάντα
2315 2171 2519 2239 φαίνων
2542 2170 2692 2241 ἣλιος
2716 2172 2808 2224 καὶ
2832 2170 3111 2223 καλλύνων

2007 2264 2303 2317 Κάλλιστον
2336 2262 2496 2325 αὑτός
2530 2265 2644 2315 ἐστι
2670 2262 2857 2331 χρῆμα
2880 2260 2975 2315 τοῦ
3006 2262 3142 2329 βίου.

2008 2356 2118 2407 Καὶ
2147 2355 2322 2408 πάντα
2345 2353 2514 2423 κάλλη
2552 2353 2822 2420 συλλέγων
2842 2355 2870 2406 ό
2896 2353 3160 2422 δεσπότης

2008 2447 2083 2498 Τδ
2103 2448 2345 2514 κρεῖττον
2374 2443 2534 2506 αὑτός
2562 2444 2679 2496 ἑστι
2704 2444 2897 2504 κάλλος
2922 2443 3017 2496 τοῦ
3052 2444 3219 2495 τόπου

2011 2535 2217 2597 Κάλλος
2238 2534 2293 2587 δὲ
2325 2534 2525 2603 μᾶλλον
2558 2532 2779 2587 κάλλεσι
2807 2536 2920 2596 τοῖς
2953 2536 3009 2585 ὲν
3038 2534 3186 2601 τόπῳ

2012 2624 2301 2690 Δάμπουσι
2326 2622 2603 2693 λαμπτὴρ,
2627 2624 3005 2693 τερπνοτήτων
3034 2622 3351 2691 τερπνότης.

2014 2708 2214 2762 Τοῦτον
2241 2709 2381 2762 δοκῶ
2410 2727 2501 2778 μοι
2530 2711 2620 2764 τδν
2646 2711 2810 2764 τόπον
2842 2711 2937 2763 καί⁵
2963 2710 3254 2779 Φωσφόρος

2016 2799 2233 2869 Πρῶτος
2268 2798 2476 2867 βλέπων
2508 2800 2686 2867 ἵστησι
2714 2802 2802 2853 τὸν
2832 2798 3065 2867 χρυσοῦν
3094 2798 3304 2867 δίφρον.

2028 2885 2229 2938 ὐκνῶν
2254 2884 2526 2948 ἀπελθεῖν,
2561 2887 2653 2938 καὶ
2674 2888 2901 2954 δραμεῖν
2933 2887 3067 2953 πρὸς
3097 2886 3357 2955 ἑσπέραν.

2018 2974 2139 3028 Οὐδ’
2173 2976 2215 3006 ¹⁶
2245 2972 2551 3045 ἀντιλάμψῃ
2578 2975 2863 3045 δεσπότης,
2892 2974 3192 3045 ἡττημένος

368 3149 501 3202 nihil
524 3147 674 3202 adest
695 3164 883 3204 eorum
917 3163 1035 3218 quae
1091 3150 1279 3204 abesse
1323 3148 1494 3204 decet.
1521 3149 1706 3215 llivm,
1738 3151 1914 3219 qualia
1944 3153 1987 3211 C
2021 3149 2262 3213 lebra,tn
2288 3149 2480 3204 domos
2504 3148 2803 3218 ingredere.
2822 3148 2955 3214 Quis
2979 3148 3216 3202 Bczclecl
3242 3149 3572 3204 architectus

374 3245 516 3295 rivos
548 3242 709 3295 verba
744 3241 961 3295 dicent?
993 3256 1211 3307 aureos,
1244 3241 1515 3309 limpidos,
1552 3241 1798 3310 frigidos,
1832 3258 1916 3294 ra-

374 3334 555 3400 pidos,
601 3349 943 3394 numerosos.
978 3334 1132 3387 melle
1184 3342 1463 3388 manantes
1514 3350 1545 3389 e
1592 3332 1759 3398 satis,
1796 3317 1917 3387 cum

367 3424 611 3491 jncundo
641 3438 811 3489 sono;
853 3424 936 3477 vel
974 3423 1161 3477 balnea
1196 3424 1297 3478 ista
1329 3422 1667 3490 Gratiarum,
1704 3434 1763 3478 ut
1784 3424 1921 3477 dici-

368 3528 481 3575 tur,
507 3515 586 3567 vel
620 3514 801 3582 potius
850 3514 940 3567 illa
971 3512 1170 3568 Gratis:
1200 3515 1327 3582 ipsa:
1350 3515 1403 3568 in
1450 3515 1787 3580 eﬂusionem,
1812 3529 1918 3569 non

372 3613 489 3655 tres
540 3612 747 3655 tantum
802 3602 1139 3657 emtndentes
1206 3605 1299 3657 sed
1353 3605 1518 3668 mille,
1566 3606 1648 3659 vel
1690 3614 1924 3671 quatuor

374 3696 599 3744 ﬂuentes
642 3706 707 3743 ex
742 3690 883 3743 Eden
925 3690 1052 3743 olim
1109 3692 1208 3743 rivl
1250 3692 1476 3759 irrigant
1509 3694 1652 3747 Edeu
1698 3708 1921 3747 novum.

380 3780 601 3842 Fontes,
632 3779 842 3842 fistulae,
878 3792 1021 3833 artes
1053 3781 1265 3844 illonuttt
1297 3780 1517 3833 inﬁnita:
1558 3781 1727 3850 magis
1780 3782 1924 3834 rivo-

380 3887 497 3924 rum
526 3870 748 3924 delicias
777 3870 1059 3923 ell‘undunt
1088 3888 1102 3923 :
1135 3872 1412 3923 incautant
1438 3870 1521 3924 vel
1556 3871 1695 3926 feras
1721 3883 1772 3927 et
1796 3888 1925 3926 saxa

378 3962 514 4029 ipsa.
580 3960 741 4014 Vides
792 3960 1231 4023 multitudinem,
1279 3959 1445 4025 feras,
1496 3976 1645 4027 aves,
1702 3962 1929 4031 pisces?

377 4051 509 4105 Mihi
545 4051 793 4104 videmur
826 4051 1049 4118 liquisse
1096 4066 1313 4105 omnem
1370 4052 1557 4107 mundi
1610 4061 1840 4121 partem,
1873 4061 1931 4106 ut

378 4143 452 4195 ibi
478 4142 579 4195 hoc
616 4142 734 4194 loco
765 4143 944 4195 sedem
978 4142 1315 4207 invenirent;
1350 4144 1433 4196 vel
1463 4144 1526 4197 ad
1572 4144 1926 4212 pulchritudi-

382 4249 506 4285 nem
537 4234 747 4287 Domini
819 4236 1181 4299 concurrisse,
1214 4244 1274 4289 ut
1320 4235 1387 4288 ad
1413 4244 1629 4289 cantum
1664 4236 1789 4288 olim
1837 4234 1933 4289 0r-

2016 3242 2299 3297 domorum
2325 3243 2338 3295 l
2374 3240 2417 3295 Ο
2446 3256 2639 3295 manus
2659 3256 2818 3311 opus,
2849 3256 3061 3305 manus,
3085 3241 3178 3295 sed
3214 3250 3381 3293 artem
3409 3256 3573 3310 supc-

2019 3334 2171 3386 ransl
2204 3348 2237 3386 o
2274 3340 2506 3387 mentem
2549 3332 2977 3401 praestantiorem
3032 3332 3308 3393 omnibus,
3341 3340 3572 3385 mentem

2026 3423 2299 3477 mentibus
2320 3422 2677 3491 superiorem,
2698 3429 2935 3476 mentem
2971 3422 3317 3486 creatricem,
3343 3430 3573 3477 mentem

2024 3513 2305 3582 reginam?
2328 3513 2538 3581 Linque
2570 3513 2869 3575 terrestria,
2892 3527 3123 3580 superna
3164 3512 3404 3578 intuere;
3445 3528 3477 3565 ο
3500 3512 3550 3562 Ιιι
3568 3537 3580 3547 -

2024 3604 2204 3658 cidum
2277 3618 2479 3666 aerem,
2524 3618 2744 3671 parvam
2822 3602 3093 3655 non-lucis
3155 3600 3507 3655 cllusionem!
3548 3620 3581 3651 υ

2025 3702 2399 3760 tempestatum
2432 3694 2741 3761 temperiem
2767 3695 2781 3746 !
2815 3709 2847 3745 0
2871 3694 3301 3760 Spectaculorum
3341 3694 3539 3744 fontem
3564 3696 3577 3744 ί

2027 3783 2285 3845 materiae,
2304 3782 2455 3843 artis,
2471 3791 2645 3844 terrae,
2659 3783 2819 3845 aeris,
2840 3782 3125 3843 lucis,ca:li
3147 3798 3160 3845 ;
3182 3783 3304 3851 quis
3322 3782 3581 3835 Salomon

2029 3870 2299 3924 ordinavit
2356 3871 2496 3924 hanc
2527 3870 2899 3924 creationem?
2933 3870 3067 3935 Quis
3097 3880 3318 3924 naturas
3376 3871 3573 3923 coactu—

2033 3962 2179 4015 navit
2212 3962 2266 4015 in
2294 3976 2462 4014 unum
2507 3960 2682 4028 Opus?
2713 3949 2847 4025 Quis
2884 3971 3104 4015 naturas
3156 3961 3335 4031 potius
3366 3976 3457 4027 per
3496 3977 3586 4012 ar—

2032 4062 2137 4107 tem
2190 4050 2606 4107 transmutavit?
2636 4052 2896 4121 Sapiens,
2922 4052 3140 4121 sapiens
3191 4066 3365 4113 mens,
3392 4052 3588 4120 regalis

2035 4152 2262 4209 natura,
2303 4153 2458 4196 terra:
2520 4142 2865 4205 miraculum,
2929 4155 3201 4195 coronans
3256 4149 3310 4193 et
3362 4154 3585 4203 corona,

2032 4236 2276 4288 omnium
2308 4236 2657 4288 barbarorum
2694 4234 3033 4303 tyrannidem
3062 4234 3308 4297 vincens,
3340 4232 3581 4293 dolores,

379 4322 503 4391 phei
544 4322 920 4389 properabant.
948 4325 1203 4391 Cautant,
1245 4334 1299 4377 et
1332 4327 1583 4379 cantibus
1608 4327 1935 4393 respondent
2037 4328 2413 4391 necessitates,
2471 4334 2738 4390 ventrem,
2800 4341 3075 4389 somnum,
3133 4340 3312 4387 curas,
3348 4324 3587 4375 animan-

380 4410 632 4470 luscinia,
666 4424 889 4479 cycnus,
922 4410 1128 4475 cicada,
1161 4412 1420 4465 hirundo.
1449 4412 1652 4465 Turtur
1702 4413 1929 4462 multum
1966 4475 1999 4485 ,ι
2038 4416 2217 4481 tiaque
2252 4427 2465 4477 cuncta,
2493 4432 2662 4485 aquas
2686 4425 2739 4469 ct
2768 4417 2993 4474 belluas.
3028 4426 3080 4467 et
3101 4428 3377 4466 sermones
3409 4426 3573 4473 nunc,

382 4503 567 4569 gemit,
611 4475 793 4570 perdix
858 4501 1117 4564 clamitat,
1143 4502 1308 4568 garrit
1344 4516 1551 4567 passer,
1606 4503 1774 4568 pinus
1827 4500 1929 4551 mel
1966 4475 2007 4524 Ι)
2036 4515 2092 4554 ιιι
2122 4475 2297 4567 video,
2327 4512 2381 4555 et
2407 4475 2578 4571 leges:
2603 4504 2786 4555 omnia
2814 4504 3089 4556 illustrans
3119 4503 3197 4555 sol
3224 4511 3276 4554 et
3305 4502 3586 4563 decorans,

383 4592 571 4656 stillat,
642 4590 788 4643 rivus
836 4597 1177 4650 murmurat,
1240 4588 1389 4655 lepus
1443 4592 1650 4649 currit,
1730 4588 1931 4640 saliunt
2037 4593 2122 4645 hic
2144 4602 2224 4645 cst
2267 4592 2691 4660 pulcherrimum
2735 4591 2918 4643 mundi
2987 4590 3209 4643 bonum.
3274 4588 3339 4642 Et
3398 4604 3588 4643 omnes

386 4685 535 4745 ferae,
586 4692 637 4735 et
680 4681 863 4749 capri;
899 4681 1075 4733 omnia
1126 4679 1376 4746 gaudent,
1426 4678 1605 4729 omnia
1659 4692 1931 4730 musarum
2034 4681 2464 4751 pulchritudines
2502 4678 2843 4749 congregans
2880 4679 3157 4743 dominus,
3192 4682 3307 4750 ipse
3344 4681 3588 4750 pulchri-

386 4790 581 4840 genera
604 4775 1088 4837 deleetant,onmia
1114 4774 1477 4833 delectantur;
1509 4768 1725 4821 domino
1754 4771 1931 4823 omnia
2032 4774 2160 4828 tudo
2209 4772 2440 4826 maxima
2495 4781 2577 4826 est
2651 4771 2794 4838 loci;
2838 4772 3185 4841 pulchritudo
3239 4772 3422 4841 potius
3474 4773 3590 4839 pul-

384 4874 605 4915 cantant
626 4874 699 4927 et,
722 4877 777 4918 ιιι
799 4866 1013 4931 opinor,
1040 4865 1342 4918 dominum.
1375 4860 1475 4914 Ubi
1503 4858 1785 4912 Praxitelis
1807 4876 1934 4927 ope-
2031 4866 2425 4920 cltritudinibus
2451 4865 2504 4918 in
2533 4864 2650 4919 loco
2680 4864 3086 4932 splendentibus
3138 4865 3477 4934 splendorem
3512 4862 3588 4912 fe-

388 4954 486 5008 ra?
507 4952 601 5006 Ubi
620 4954 856 5008 Phidiae?
879 4954 974 5009 Ubi
1000 4955 1245 5026 Lysippi?
1270 4948 1367 5007 Ubi
1385 4952 1665 5023 Polycletis
1683 4953 1935 5019 quoque?
2038 4974 2185 5021 rens,
2209 4957 2465 5010 decorum
2488 4956 2671 5011 decor.
2708 4955 2880 5020 Ilunc,
2923 4965 2979 5009 ut
3011 4957 3142 5008 mihi
3164 4954 3392 5014 videtur,
3412 4951 3585 5001 locum

390 5046 713 5110 Ιιοίιυυιιιιυ
762 5048 943 5098 omnia
983 5048 1095 5101 II‘BC
1128 5046 1427 5113 exsculpla.
1460 5058 1579 5097 nam
1618 5052 1672 5095 θι
1742 5043 1931 5109 loqua-
2044 5046 2260 5100 Lucifer
2292 5046 2499 5114 primus
2536 5046 2724 5099 videns
2756 5042 2896 5098 sistit
2916 5059 3136 5097 aureum
3166 5054 3407 5099 currum,
3443 5037 3588 5091 abire

389 5137 474 5186 τίει
536 5133 736 5196 θῑίεηιν
786 5144 835 5187 οι
893 5136 1016 5189 licet
1062 5154 1165 5190 non
1225 5136 1466 5206 IOQItacia
1524 5132 1763 5195 fuerint.
1828 5142 1941 5183 arte
2042 5151 2308 5200 metuens,
2345 5146 2397 5190 ct
2434 5137 2499 5190 ad
2560 5134 2902 5189 Occidentem
2949 5148 3187 5202 pergere.
3224 5128 3312 5181 Vix
3370 5127 3589 5181 emicuit

389 5228 628 5277 clamant
659 5233 860 5276 tamen.
916 5226 1210 5293 Cujusnam
1258 5228 1399 5280 enim
1457 5225 1593 5279 alius
1635 5224 1746 5276 lucc
1776 5222 1944 5275 sunt"
2041 5230 2309 5293 dominus,
2340 5230 2513 5281 victus
2555 5229 2738 5281 statim
2797 5226 2926 5289 abit,
2974 5235 3024 5278 ct
3063 5224 3187 5291 ejus
3228 5219 3586 5288 pulchritudi-

392 5319 516 5385 ιμήν
564 5316 806 5385 spiritum
840 5316 1071 5382 sculpit?
1096 5318 1229 5380 Quis
1259 5319 1527 5383 vestitum,
1572 5315 1694 5385 quis
1744 5328 1942 5375 mores,
2046 5333 2166 5372 nem
2201 5333 2305 5372 non
2338 5319 2589 5373 sustinet.

394 5412 519 5480 quis
553 5421 848 5461 sermonem
874 5406 1034 5458 etiam
1054 5409 1184 5461 dat?
1232 5410 1543 5463 luteriorctn
1578 5414 1826 5462 ornatum
1857 5418 1945 5459 cc-

474 5592 513 5623 "
545 5590 657 5644 Vid.
694 5590 792 5658 leg.
824 5583 895 5641 ὧν
924 5590 1152 5642 ἀπεῖναι.
1232 5593 1271 5623 ¹⁶
1302 5591 1429 5663 Leg.
1459 5591 1619 5647 credo
1656 5593 1703 5644 εἱ
1734 5590 1802 5644 δ’.
