4120 6340
487 279 592 341 915

494 386 740 440 ’Λπεισιν
767 388 948 455 εὐθὺς,
983 390 1077 444 καὶ
1107 394 1165 445 τὸ
1199 392 1387 457 κάλλος
1414 396 1476 448 οὐ
1508 396 1683 466 φέρει.

1227 494 1280 541 ι’.

561 571 743 625 ’Δλλοι
777 576 1197 629 κατοικείτωσαν
1226 581 1306 641 εἰς
1334 581 1436 649 γῆν
1461 580 1536 643 ὡς
1568 580 1732 649 μῦεςο

498 659 585 723 '0;
616 665 859 734 ἑρπετῶν
886 669 1130 737 χείριστα
1160 670 1385 723 καὶτῶν
1416 674 1722 738 κνωδάλων,

487 748 764 818 Τρώγλας,
799 754 1103 823 χαράδρας·
1138 757 1201 809 οὗ
1234 758 1339 827 γάρ
1367 758 1542 820 οἰκίας
1565 760 1707 834 λόγῳ
1737 764 1783 795 ⁸⁷

486 841 729 911 Σπήλαια
766 846 858 898 καὶ
887 847 1225 918 σήραγγαςῆ
1259 851 1519 917 μυωξίας,

488 933 554 984 Ἤ
583 935 752 1004 σαθρά
784 937 877 989 καὶ
907 938 1175 1007 τρέμοντα
1207 940 1431 1007 παίγνια
1461 941 1653 1008 ξῧλων,

488 1022 743 1093 Ἀθυρμα
773 1027 998 1093 παίδων,
1025 1028 1161 1098 ἔργα
1197 1032 1290 1082 ml.
1320 1032 1497 1100 πάσης
1521 1033 1662 1101 βίας,

486 1116 763 1186 Ὀμὸρων,
793 1116 982 1188 πυρὸς,
1015 1121 1255 1190 σεισμῶν
1281 1138 1340 1174 τε
1368 1122 1649 1193 βρασμῶν,
1686 1125 2029 1194 πνευμάτων.

492 1207 653 1276 Ἡμῖν
681 1209 811 1269 Θεὸς
840 1210 1036 1287 δέδωκε
1071 1210 1276 1277 πύργον
1303 1214 1502 1281 ἰσχύος,

482 1296 695 1366 Πύργον
729 1298 967 1367 βεϐαίου,
994 1301 1202 1368 πύργον
1229 1304 1506 1372 ἀρῤήκτου
1546 1303 1683 1373 βίου,
1712 1301 1717 1306 ’

482 1384 700 1436 Πά·ιτων
727 1386 1035 1454 κρατοῦντα
1056 1388 1163 1439 τῶν
1192 1390 1380 1447 παθῶν
1408 1390 1514 1441 τῶν
1551 1390 1645 1442 τοῦ
1668 1392 1809 1461 βίου,

483 1474 589 1524 Καὶ
611 1474 900 1543 βαρϐάρων
930 1477 1129 1545 χειρῶν
1154 1494 1213 1528 τε
1243 1479 1338 1530 καὶ
1360 1480 1771 1547 τεχνασμάτων,

412 1628 417 1639 ί
484 1561 703 1614 Πάντων
731 1561 909 1614 καλῶν
939 1564 1176 1630 γέμοντα
1207 1567 1299 1617 καὶ
1334 1566 1657 1636 θεαμάτων*

406 1652 409 1655 ,
484 1648 759 1718 [πύργωμα
786 1650 1036 1717 κάλλους,
1064 1652 1273 1722 πύργον
1300 1655 1576 1723 ἁφράστου
1606 1658 1825 1723 γάνους.

492 1740 586 1793 Ἐκ
622 1745 748 1811 γῆς,
776 1742 1064 1811 θαλάττης,
1091 1744 1272 1812 ἀέρος,
1305 1746 1500 1814 φωτὸς,
1524 1747 1686 1799 πόλου
1709 1764 1722 1777 ’

483 1829 721 1889 Κάλλους
749 1831 805 1883 δὲ
833 1833 1031 1899 μᾶλλον
1062 1835 1251 1902 κρᾶμα
1277 1834 1385 1885 τῶν
1404 1834 1582 1904 ὡρῶν,
1609 1836 1735 1905 ὅρον

483 1919 585 1989 Γῆς
615 1920 707 1971 καὶ
730 1920 1001 1989 θαλάττης
1032 1923 1229 1991 δεσμός
1256 1926 1393 1984 ὲστι,
1417 1924 1520 1977 κᾶν
1558 1920 1681 1993 ὄρος

480 2010 664 2062 Συνδεί
692 2012 813 2064 κατ’
846 2012 975 2067 αὐτὸ
1007 2014 1097 2065 καὶ
1127 2014 1352 2083 διείργει
1383 2017 1479 2078 τὰς
1505 2018 1695 2085 φύσεις
1715 2035 1733 2049 σ

480 2099 649 2169 ’Ὕψος
674 2101 944 2164 κολοσσὸς,
976 2106 1069 2156 καὶ
1099 2106 1308 2173 τέμνων
1334 2108 1424 2158 τὸν
1449 2109 1585 2177 ἀέρα
1607 2126 1621 2140 ο

482 2189 731 2253 Βιάζεταί
756 2210 870 2253 πως
903 2193 996 2244 καὶ
1026 2194 1161 2263 πρὸς
1189 2196 1380 2268 αἰθέρα
1409 2198 1628 2264 φθάσαι.

478 2281 550 2332 Τὸ
574 2280 618 2333 δ’
646 2278 802 2349 εὖρος
832 2284 1015 2351 εὐρὺς,
1042 2285 1134 2335 καὶ
1165 2285 1225 2336 τὸ
1262 2287 1437 2353 μῆκός
1466 2304 1518 2339 τι
1543 2288 1723 2343 πλέον.

477 2367 705 2438 ’.λὶμφοῖν
735 2372 789 2423 δὲ
815 2374 1027 2424 τούτοιν
1058 2374 1269 2437 κάλλος,
1297 2376 1412 2430 ἀλλ’
1440 2378 1564 2429 ὅσον
1590 2379 1771 2433 πλέον.

481 2461 687 2528 Κοσμεῖ
705 2461 883 2523 λίθους
909 2465 969 2513 τὸ
993 2464 1178 2531 σχῆμα
1202 2468 1536 2534 τετραγωνία

491 2550 732 2613 Ἐξαισία
765 2568 845 2613 τις
874 2553 1090 2622 ἁρμογὴ
1117 2555 1209 2605 καὶ
1240 2556 1375 2623 πρὸς
1400 2556 1562 2626 τρίχα

479 2640 553 2691 Τὸ
587 2639 768 2709 σχῆμα
801 2640 1030 2709 πύργου,
1058 2643 1242 2712 σχῆμα
1266 2644 1463 2698 λεπτοῦ
1492 2648 1690 2717 κηρίου

480 2732 552 2782 τδ
584 2732 770 2800 σχῆμα
799 2732 1081 2785 κάλλιστον
1112 2735 1381 2802 έξαγωνία

480 2818 678 2892 Ἦρται
709 2824 842 2892 πρὸς
871 2825 1067 2893 άστρα,
1100 2826 1192 2877 καὶ
1216 2828 1284 2881 τὰ
1320 2829 1487 2898 κάλλη
1521 2827 1616 2883 τοῦ
1655 2830 1838 2883 πόλου.

478 2913 564 2981 Μή
598 2930 685 2979 μοι
716 2914 949 2967 παλαιάν
975 2914 1147 2985 φράξε
1178 2919 1539 2987 πυργοποιίαν
1570 2935 1586 2949 ·

485 3000 719 3065 Ἐκεῖνος
743 3002 893 3056 οὔπω
922 3006 1148 3079 πύργος.
1195 3009 1309 3061 ἀλλ’
1340 3007 1451 3079 εἶχε
1487 3011 1637 3073 τέλος
1661 3028 1677 3041 ·

1155 3181 1240 3235 i0.

546 3266 648 3319 Alii
697 3267 941 3321 habitent
974 3270 1026 3321 in
1053 3282 1192 3323 terra
1223 3282 1280 3325 ut
1320 3288 1525 3335 mures,
1574 3281 1633 3325 ut
1688 3273 2019 3340 serpentium

480 3357 710 3423 pessima
753 3366 805 3409 et
836 3358 1095 3423 ferarum,
1128 3370 1281 3413 antra
1314 3372 1369 3414 et
1412 3377 1687 3427 concava;
1739 3378 1845 3416 non
1878 3366 2021 3415 enim

480 3448 671 3500 domos
697 3447 837 3507 dico,
868 3449 1152 3515 speluncas
1178 3459 1230 3503 et
1254 3465 1513 3503 cavernas
1536 3459 1590 3503 et
1617 3434 1915 3512 cuniculos,
1942 3450 2021 3503 vel

478 3538 679 3589 caduca
712 3546 763 3589 et
803 3538 1084 3592 trementia
1125 3554 1153 3592 e
1220 3540 1378 3608 lignis
1428 3541 1673 3618 :editicia,
1734 3556 2022 3608 puerorum

478 3628 728 3687 ludibria,
754 3628 959 3693 praedas
980 3629 1265 3698 cujuslibet
1318 3633 1608 3696 violentire,
1637 3633 2023 3699 procellarum.

478 3717 813 3785 iguis,tcrr:c
846 3724 1113 3780 motuum,
1137 3730 1441 3774 ventorum.
1491 3719 1654 3775 Nobis
1693 3724 1829 3777 Drus
1880 3720 2026 3775 dedit

479 3810 665 3863 turrim
723 3809 1069 3872 fortitudinis,
1131 3812 1321 3865 turrim
1357 3812 1646 3876 firmitatis,
1706 3812 1896 3867 turrim
1944 3813 2025 3866 in-

479 3900 657 3955 fractzc
683 3902 837 3965 vitm;
873 3917 1060 3955 omnes
1101 3903 1315 3958 dolores
1341 3906 1643 3959 vincentem
1674 3905 1795 3957 vitae
1844 3905 2022 3971 hujus,

474 4002 528 4045 ct
556 3992 810 4046 barbaras
838 4008 1031 4046 manus
1072 4002 1125 4047 et
1172 3995 1392 4047 artiticia
1420 4010 1434 4059 ;
1473 3986 1725 4049 omnibus
1755 3995 1910 4048 bonis
1944 4010 2028 4047 rc-

479 4080 668 4135 fertam
700 4090 751 4131 et
782 4081 1087 4148 aspectibus
1113 4102 1123 4136 :
1147 4084 1336 4135 turrim
1364 4082 1801 4151 pulchritudinis,
1835 4083 2023 4137 turrim

479 4173 762 4225 incffabilis
805 4173 1126 4231 serenitatis,
1171 4174 1222 4223 in
1270 4183 1433 4236 terra,
1489 4174 1644 4231 mari.
1706 4189 1847 4232 acre,
1886 4173 2027 4233 lucc.

477 4264 659 4315 (αξιοι
713 4263 1130 4327 pulchritudinis
1191 4274 1367 4315 autem
1428 4266 1607 4330 potius
1652 4273 2026 4327 tempestatum

478 4351 809 4408 commistio.
843 4357 996 4400 terrm
1022 4358 1075 4399 et
1100 4350 1264 4401 maris
1294 4350 1346 4401 in
1376 4349 1547 4404 limite
1594 4352 1868 4405 vinculum
1918 4362 2027 4417 est,

1728 290 1763 349 Ι
1766 291 1913 352 ΟΑΝ
1919 292 1968 351 Ν
1973 292 2045 351 IS
2094 293 2519 354 GEOMETRIE

2068 402 2115 461 Α
2144 404 2410 471 Μέγιστος
2448 394 2601 464 οὗτος
2637 399 2730 454 καὶ
2752 396 3126 469 πεπύργωται,
3157 399 3316 468 μόνος

3575 289 3692 355 916

2147 492 2407 560 Ἔστηκεν
2434 492 2617 555 αὐτὸς,
2649 491 2743 544 καὶ
2785 489 3040 559 φυλάττει
3072 488 3170 557 τὴν
3201 489 3376 543 πόλιν.

2142 584 2343 653 Τέρπει
2363 584 2417 635 δὲ
2454 583 2652 652 μᾶλλον
2685 583 2866 634 πᾶσαν
2893 580 3015 646 Mm;
3046 579 3143 632 καὶ
3172 580 3348 644 πόλιν,

2140 672 2259 724 Τῶν
2287 672 2575 741 θαυμάτων
2600 689 2680 736 τις
2712 671 2910 741 χῶρος,
2947 670 3107 741 ἀέρος
3142 671 3305 738 μέσον

2140 763 2262 815 Τῶν
2293 763 2613 831 πνευμάτων
2640 779 2722 824 τις
2747 762 2795 793 ¹⁸
2815 760 3030 824 κόλπος,
3056 755 3201 821 οἶκος
3230 759 3419 813 Αἰόλου
3440 776 3458 793 ο

2141 855 2249 906 Καὶ
2282 852 2471 916 κάλλος
2500 854 2679 916 αὐτὸς,
2715 854 2823 904 πᾶν
2848 851 2905 904 δὲ
2938 850 3131 913 κάλλος
3161 848 3359 917 ὑψόθεν

2138 944 2359 1013 Κόσμου
2398 944 2636 1011 θεωρῶν,
2666 943 2866 1009 κόσμος
2896 940 3043 993 ἐστὶν
3070 939 3352 1009 ὀμμάτων.
3410 1009 3413 1011 γ

2150 1032 2242 1084 Ἐκ
2275 1032 2376 1101 γῆς
2406 1033 2505 1101 μὲν
2529 1033 2686 1101 ἄνθη,
2721 1032 2931 1097 δένδρα,
2964 1029 3245 1100 λειμῶνες,
3280 1028 3453 1097 χλόαι,

2137 1121 2371 1189 Κρῆναι,
2396 1121 2695 1190 δρυμῶνες,
2719 1120 2944 1189 ὀργάδες
2980 1120 3072 1173 καὶ
3100 1117 3310 1183 λιϐάδες
3331 1134 3347 1149 ο

2146 1209 2212 1261 Ἦ
2238 1210 2283 1261 δ’
2316 1208 2556 1279 ἄμπελος
2590 1209 2845 1278 βρίθουσα
2878 1208 3074 1278 καρπῷ
3103 1209 3304 1278 μυρίῳ,

2135 1296 2311 1366 Πολλὴ
2346 1298 2441 1365 μιν
2468 1299 2627 1360 εὐθὺς
2660 1299 2854 1367 ἡμερὶς
2882 1298 3240 1368 μεθυτρόφος,

2137 1385 2310 1455 Πολλὴ
2343 1385 2400 1438 δὲ
2424 1386 2516 1437 καὶ
2548 1386 2805 1455 δενδρῖτις
2835 1386 3208 1456 ὼραιοτρόφος
3234 1402 3246 1415 ’

2138 1475 2292 1529 ἐστι
2315 1474 2362 1529 δ’
2386 1476 2521 1529 ὅπου
2550 1478 2643 1529 καὶ
2672 1477 2814 1544 μίξις
2844 1476 3211 1546 ὼραιουμένη.

2143 1565 2209 1618 Ἦ
2234 1565 2455 1635 δενδράς
2484 1564 2630 1619 ἔστιν
2656 1565 2897 1634 ἄμπελος
2922 1564 3273 1636 πυργουμένη

2136 1654 2338 1707 κλάδοι
2366 1654 2484 1707 κατ’
2510 1654 2640 1708 αὐτὸ
2666 1655 2758 1706 καὶ
2778 1654 2941 1706 καλαὶ
2970 1652 3298 1723 κληματίδες
3322 1667 3339 1683 ο

2063 1726 2106 1781 Β
2137 1741 2351 1810 Καρποὶ
2380 1740 2500 1793 κατ’
2526 1740 2677 1804 αὐτὸ,
2706 1740 2797 1792 καί
2825 1742 2989 1808 ράγες
3013 1741 3107 1792 καὶ
3144 1740 3205 1794 τὸ
3230 1738 3417 1803 πλέον,

2133 1832 2327 1895 Στιϐάς
2350 1849 2409 1884 τε
2448 1831 2680 1897 φύλλων,
2711 1831 2805 1882 καὶ⁵
2834 1830 2983 1881 στοαί
3010 1846 3069 1881 τε
3100 1831 3192 1880 καὶ
3218 1829 3431 1894 στέγαι.

2131 1924 2317 1986 Θέλεις
2340 1924 2400 1975 τὸ
2424 1922 2636 1991 πύργου
2668 1922 2773 1974 πᾶν
2797 1919 3088 1989 πρόσωπον
3111 1918 3436 1989 μανθάνειν;

2130 2011 2262 2087 Αἶρε
2285 2015 2418 2084 πρὸς
2444 2015 2600 2083 ὀρθὸν
2628 2015 2802 2082 ὄμμα,
2835 2011 3033 2080 βλέψον
3052 2009 3285 2078 ἐγγύθεν

2131 2105 2243 2167 Τάς
2264 2105 2461 2173 ἀρετὰς
2486 2104 2587 2173 γῆς
2611 2121 2626 2134 ·
2664 2100 2790 2171 εὖγε
2812 2101 2905 2154 τοῦ
2942 2100 3268 2169 κεκληκότος

2131 2195 2491 2266 Προφητικῶς
2517 2193 2783 2262 φύσαντος
2816 2194 2916 2246 οὐκ
2943 2188 3082 2262 ἦσαν
3108 2191 3396 2246 πάλαι.....

2536 2291 2623 2338 ια’.
2656 2286 2759 2349 Εἰς
2789 2282 3003 2337 ἑαυτοῦ
3032 2282 3273 2347 πατέρα.

2143 2374 2237 2427 Ἕκ
2268 2375 2491 2442 γενετῆς
2519 2372 2857 2443 πολύμοχθος
2878 2374 2934 2434 ἐς
2956 2370 3183 2440 ἔσχατον
3211 2370 3388 2440 ῆλασα
3415 2367 3612 2438 γῆρας,

2211 2464 2469 2533 Ὀτρηρὸς
2493 2463 2764 2531 θεράπων,
2796 2462 3076 2531 κοιρανίης
3100 2460 3381 2528 στέφανος.
3480 2464 3481 2469 “

2131 2547 2265 2605 Αἶαν
2294 2552 2527 2621 ἐπῆλθον
2554 2554 2705 2621 ὅσην,
2746 2550 3021 2604 ’Δσιάτιδα
3051 2550 3096 2599 δ’
3126 2549 3331 2602 ὕστατα
3364 2549 3539 2618 ἔσχον,

2201 2642 2392 2711 11όρρω
2420 2641 2741 2707 συγγενέων,
2772 2638 2897 2707 τῆλε
2920 2640 3079 2706 φίλης
3111 2637 3326 2705 ἀλόχου.

2142 2730 2300 2782 Ἀλλά
2334 2746 2401 2799 με
2431 2729 2635 2782 τέκνων
2664 2726 2855 2794 ζεῦγος
2886 2728 2943 2789 ἐς
2984 2728 3127 2795 ἱερὸν
3148 2728 3354 2796 ἤγαγεν
3386 2726 3542 2791 ἂστυ,

2200 2816 2363 2878 Αὖθις
2397 2823 2488 2872 καὶ
2512 2819 2668 2889 χερσὶ
2702 2818 2872 2887 θῆκαν
2893 2818 3277 2887 άριστολόχοις.

2128 2912 2304 2978 Είξατ’
2334 2910 2483 2979 ἐμῶν
2512 2910 2714 2962 τεκέων
2747 2907 3168 2969 δυάδι,“Κλέο6ίς
3192 2924 3251 2959 τε
3289 2908 3462 2960 Βίτων
3488 2922 3571 2975 τε,

2198 3007 2263 3060 υἱ
2301 3005 2489 3076 μικρώ¹
2526 3003 2757 3066 σταδίοις
2788 3003 2947 3073 ἤγετε
2977 2999 3323 3070 γειναμένην.

2056 3190 2097 3245 c
2130 3184 2314 3237 stodit.
2394 3180 2629 3232 Delectat
2692 3186 2872 3231 autem
2940 3175 3110 3244 magis
3154 3182 3434 3242 aspectum
3488 3179 3543 3224 et
3588 3183 3683 3223 ur-

2129 3271 2270 3332 bem,
2302 3270 2666 3336 prodigiorum
2695 3266 2940 3333 quaedam
2978 3264 3157 3326 sedes,
3220 3262 3274 3314 in
3322 3262 3462 3315 aeris
3503 3260 3684 3313 medio

2128 3359 2301 3411 ventis
2330 3357 2550 3426 quidam
2583 3364 2798 3421 apertus
2827 3355 3001 3413 sinus,
3032 3352 3171 3406 .ἘοΙί
3206 3352 3422 3405 domus.
3466 3350 3532 3403 Et
3562 3349 3683 3417 pul—

2127 3449 2252 3497 chra
2321 3447 2480 3512 ipsa,
2554 3458 2877 3509 omnemque
2938 3439 3391 3508 pulchritudinem
3461 3437 3683 3505 superni

2130 3534 2312 3587 tnuudi
2341 3534 2576 3592 intuens.
2610 3531 2840 3585 mundus
2879 3526 2975 3583 est
2996 3529 3189 3582 oculis.
3224 3527 3265 3581 E
3296 3540 3437 3581 terra
3463 3528 3682 3596 quidem

2130 3626 2309 3687 ﬂoros.
2327 3625 2571 3687 arbores,
2603 3624 2820 3688 calami,
2846 3623 3101 3691 cespites,
3126 3619 3323 3679 fontes.
3346 3619 3529 3690 sylva.
3552 3622 3681 3673 arv‘a

2126 3730 2179 3773 et
2207 3718 2397 3780 rivuli;
2433 3719 2586 3771 vinea
2617 3726 2794 3771 autem
2830 3716 3129 3769 innumeris
3160 3713 3411 3783 frugibus
3432 3722 3633 3767 onusta
3659 3727 3676 3777 ;

2128 3810 2293 3863 multa
2333 3807 2550 3878 quidem
2581 3808 2745 3862 etiam
2771 3807 2953 3861 suavis
2970 3816 3022 3859 et
3045 3805 3319 3876 inebrians
3364 3818 3509 3865 esca,
3547 3802 3685 3856 mul-

2128 3911 2287 3969 taque
2321 3899 2585 3953 frondium
2620 3897 2856 3966 jucunda
2891 3897 3041 3965 capia
3077 3912 3091 3950 :
3124 3902 3207 3949 est
3245 3902 3423 3949 autem
3450 3892 3520 3947 ibi
3554 3907 3681 3946 con-

2122 3991 2334 4058 junctio
2379 3992 2623 4057 quadam
2657 3998 2906 4041 aet-urata
2946 4008 2957 4039 :
3009 3989 3162 4040 \‘inca
3200 3987 3419 4041 arbores
3450 3987 3682 4040 circum-

2127 4081 2384 4142 flectitur,
2414 4079 2547 4131 rami
2570 4078 2733 4131 simul
2756 4087 2809 4129 et
2843 4078 3067 4143 pulchra
3119 4086 3428 4139 sarmenta;
3472 4076 3681 4129 fructus

2128 4166 2364 4220 simulet
2393 4166 2588 4220 racemi
2645 4174 2697 4218 ct
2759 4164 2863 4217 alia
2916 4163 3092 4231 plura,
3157 4162 3433 4216 frondium
3482 4163 3679 4225 cubile,

2129 4256 2370 4323 porticus
2398 4264 2451 4310 et
2485 4264 2642 4311 tecta.
2672 4254 2765 4309 Vis
2792 4254 2956 4309 turris
2993 4254 3183 4307 faciem
3238 4264 3403 4307 totam
3434 4253 3687 4308 discere?

2129 4346 2277 4400 eleva
2310 4348 2361 4400 in
2393 4348 2562 4401 altum
2588 4346 2799 4409 oculos,
2835 4347 3018 4415 aspice
3048 4346 3269 4415 propius
3315 4354 3469 4399 terra:
3515 4344 3686 4399 virtu-

478 4438 724 4506 quamvis
751 4437 906 4491 limes
930 4437 1104 4506 jungit
1140 4439 1371 4492 simulet
1393 4440 1581 4496 dividit
1607 4453 1826 4496 naturas
1856 4461 1870 4496 :
1900 4444 2030 4498 sub—
2132 4440 2559 4509 tes;eugc.eius
2594 4456 2716 4509 qua:
2780 4440 3090 4509 prophetice
3130 4438 3312 4491 inﬂata
3353 4447 3538 4491 νυοειδ
3584 4436 3686 4490 fuit

480 4530 622 4581 limis
685 4528 956 4589 colossus,
1032 4545 1205 4582 aerem
1271 4542 1576 4599 penetrans.
1634 4533 1822 4588 nititur
1897 4523 2237 4605 (μισ-[⁸11οη
2270 4531 2571 4585 ρτειηὶοιίιι)
2614 4572 2627 4584 .
2706 4568 2721 4583 ο
2798 4570 2813 4583 ο
2893 4569 2905 4583 ι
2974 4568 2988 4582 ο
3070 4570 3083 4584 ο
3149 4568 3164 4581 ο
3246 4570 3259 4581 ι
3322 4568 3337 4581 ο
3402 4568 3415 4580 ο
3500 4566 3514 4579 -
3590 4566 3605 4579 -

479 4620 767 4673 dammodo
798 4620 861 4672 ad
893 4620 1093 4673 :ethera
1114 4623 1382 4690 progredi.
1432 4624 1619 4693 Ampla
1672 4636 1852 4678 autem
1910 4625 2025 4679 lati-

481 4710 631 4773 tudo,
664 4719 717 4762 et
756 4710 1032 4779 longitudo
1062 4713 1263 4780 aliquid
1313 4713 1526 4781 majus;
1573 4714 1836 4770 ambobus
1902 4717 2023 4770 istis

480 4798 847 4863 pulchritudo,
897 4801 987 4852 sed
1038 4812 1241 4869 quanto
1323 4802 1514 4868 major.
1568 4802 2023 4872 Quadrangularis

478 4890 650 4942 forma
671 4888 870 4956 lapides
889 4900 1069 4956 ornat,
1092 4892 1425 4944 admirabilis
1448 4891 1735 4959 dispositio
1753 4901 1807 4945 et
1821 4893 1885 4946 ad
1918 4909 2020 4946 un-

478 4992 633 5041 guem
655 4977 901 5044 adaptato
927 4990 1269 5045 conspectum
1291 4990 1448 5032 ornat
1473 4981 1656 5039 turris,
1680 4993 2022 5047 conspectum

474 5068 651 5135 exigui
684 5067 889 5119 alveoli.
924 5066 1112 5119 Forma
1146 5071 1501 5134 pulcherrima
1539 5070 1913 5137 hcxangularis
1955 5074 2021 5127 ad

476 5169 622 5211 astra
700 5157 959 5211 attollitur
1052 5166 1103 5210 et
1181 5158 1244 5209 ad
1320 5161 1451 5213 cadi.
1542 5161 2016 5229 pulchritudinem.

476 5246 552 5301 Ne
612 5248 741 5300 mihi
822 5258 1055 5302 veterem
1142 5262 1408 5301 memores
1465 5252 1629 5303 turris
1698 5248 1953 5302 fabricam
2004 5268 2017 5315 ;

478 5338 589 5391 lucc
656 5340 888 5393 nondum
952 5341 1116 5389 turris
1175 5346 1289 5389 erat
1336 5348 1389 5392 et
1440 5342 1596 5394 ﬁnem
1664 5340 1869 5393 habuit.
1913 5340 2019 5395 lsta

480 5430 707 5483 maxima
750 5432 1007 5485 a-diﬁcata
1064 5439 1164 5491 est,
1204 5431 1313 5484 sola
1389 5442 1513 5495 stat,
1575 5447 1626 5487 et
1686 5433 1867 5485 urbem
1928 5447 2020 5484 cu-

545 5607 583 5639 ”
612 5605 763 5662 Fors.
801 5610 957 5671 λέγω.
1041 5612 1079 5642 ¹⁸
1106 5610 1207 5663 τῶν
1242 5609 1468 5674 mro-3:1;
1505 5612 1648 5681 (sic).

2584 4621 2669 4674 Η.
2752 4619 2818 4673 In
2854 4629 3053 4687 patrem
3082 4636 3258 4673 suum.

2200 4710 2271 4765 Ex
2306 4721 2425 4765 ortu
2464 4712 2529 4765 ad
2584 4711 2881 4766 senectutis
2909 4718 3146 4764 extrema
3174 4709 3444 4762 laboribus
3497 4708 3685 4776 plenus

2130 4804 2367 4871 perveni.
2402 4814 2681 4873 promptus
2724 4804 2993 4865 minister,
3024 4799 3239 4869 imperii
3269 4800 3454 4854 decus.

2201 4892 2467 4956 Quantam
2497 4892 2736 4958 percurri
2763 4902 2982 4951 terram,
3020 4891 3267 4958 Asiaeque
3290 4899 3530 4943 extrema
3550 4887 3682 4952 vidi,

2128 4982 2314 5051 procul
2344 4996 2369 5031 a
2396 4982 2665 5049 cognatis,
2705 4983 2862 5049 longe
2886 4996 2915 5033 a
2944 4981 3136 5033 dilecta
3168 4980 3430 5049 conjuge!

2198 5072 2299 5126 Sed
2330 5087 2412 5125 me
2432 5072 2661 5125 filiorum
2692 5073 2851 5139 parin
2883 5086 3091 5125 sacram
3120 5072 3273 5124 duxit
3305 5060 3514 5135 urbEm,
3560 5087 3683 5126 rur-

2128 5179 2354 5231 sumque
2384 5162 2633 5215 manibus
2666 5165 2845 5231 posuit
2880 5162 3174 5217 nobilibus.

2195 5254 2379 5307 Cedite
2409 5268 2647 5305 meorum
2674 5254 2903 5307 filiorum
2934 5253 3067 5320 pari,
3090 5252 3304 5308 Cleobis
3320 5265 3372 5307 et
3397 5254 3569 5314 Biton,
3590 5248 3682 5317 qui

2131 5344 2276 5413 parvi
2297 5343 2486 5397 stadiis
2518 5354 2744 5397 matrem
2779 5344 2985 5413 egistis.

2202 5431 2453 5496 Blandus,
2492 5432 2911 5502 suavcloquens,
2948 5447 3117 5487 canus
3150 5443 3312 5503 caput
3346 5443 3398 5487 et
3439 5429 3675 5498 superci'
