4120 6340
614 274 719 337 Ωἷι
1402 330 1410 337 ,
1877 266 2195 331 JOANNIS
2233 276 2241 323 t

2233 267 2437 332 GEOM
2448 271 2661 332 ΕΤΒλΕ
3725 273 3824 339 924

615 380 851 452 Χριστοῦ
880 382 935 436 δὲ
966 381 1061 436 τοῦ
1096 382 1189 447 σοῦ
1221 382 1399 449 δεξιᾶς
1426 379 1786 451 ἑστεμμένης,
2201 379 2245 435 Δ
2341 377 2551 447 Λεπρδς
2584 378 2651 441 ’⁷,
2680 377 2899 457 τυφλὸς,
2932 378 3172 447 πέφυκα,
3204 376 3413 447 νεκρὸς,
3452 378 3657 448 Χριστέ
3698 397 3820 451 μου,

615 474 702 523 Σοὶ
732 473 838 533 πᾶς
872 474 1173 541 προσάπτει
1202 473 1308 527 τῶν
1336 470 1713 542 προτροπαίων
1742 470 1842 543 τὴν
1876 472 2055 543 χάριν.
2264 469 2465 536 Ὤμους
2497 466 2768 536 κεκυφὼς,
2804 468 3051 539 καρδίαν,
3081 468 3223 533 νοῦν,
3256 468 3351 521 καὶ
3376 469 3555 536 λόγον.

2262 556 2477 629 Ἔγειρε
2508 561 2704 626 πάντα,
2745 559 2829 611 σο)⁵
2859 558 3003 629 μόνῳ
3028 558 3124 622 ζῶ,
3150 558 3239 619 ab;
3269 557 3315 610 δ’
3340 556 3491 626 ἔφυν.

3071 648 3180 702 ὅλος
3207 647 3249 696 τ’
3269 647 3371 703 ιδυς
3390 646 3551 711 ἄγριον
3580 648 3725 711 οἶδμα

2260 740 2407 809 Θυμὶ
2427 740 2612 803 τάλας,
2650 740 2703 793 τί
2745 738 3045 802 πέπονθαςς
3074 739 3169 792 καὶ
3202 739 3302 792 ὅσα
3347 739 3440 792 καὶ
3487 741 3609 794 ὅσον
3654 735 3817 808 οῐδμα

2329 832 2420 892 El;
2450 831 2640 901 χρόνον
2667 830 2726 893 ἐξ
2754 830 2893 900 ἥϐης
2924 832 2980 893 ές
3005 830 3201 898 βιότοιο
3217 829 3368 882 δύσιν
3391 830 3404 882 ί
3468 827 3740 901 [μόγησας
3765 829 3813 860 ’⁸

2172 904 2177 909 ’
2262 921 2448 972 Ὠλετο
2477 922 2575 989 μέν
2597 936 2679 973 σοι
2718 922 2812 973 καὶ
2844 920 2998 989 φάος,
3022 920 3188 973 ὤλετο
3214 920 3307 974 καὶ
3339 920 3497 990 μένος
3530 920 3741 984 suam,

611 985 707 1048 λζ’·
731 988 833 1051 Εἷς
860 986 966 1039 τὸν
998 986 1168 1055 ἅγιον
1207 985 1484 1049 Ἰωάννην
1510 985 1618 1037 τὸν
1661 981 2064 1049 Ῥοδανδήτην
2091 982 2157 1034 ’δ’
2330 981 2518 1062 "eius
2544 1010 2588 1062 δ’
2627 1010 2832 1079 ἡλικίη,
2856 981 2992 1079 ’χεὶρ
3013 1010 3070 1062 δὲ
3093 1009 3306 1062 λέλοιπε
3336 981 3556 1079 πράτος.

864 580 971 645 λς’.
998 583 1099 648 Ε’ὶς
1125 582 1241 650 τὴν
1262 584 1465 635 εἰκόνα
1494 579 1599 635 τοῦ
1627 578 1915 649 Σωτῆρος.

614 693 755 757 Νοῦς
780 694 855 747 ὢν
887 695 1151 764 μέγιστος,
1190 712 1255 747 σα
1264 695 1387 763 ρκδς
1410 694 1635 762 εἴληφας
1657 693 1825 762 πάχος
1852 707 1867 723 ⁶

615 784 828 853 Ταύτην
850 785 1042 853 γράφω
1071 786 1186 849 νύν,
1218 787 1316 854 την
1346 785 1389 838 δ’
1415 785 1526 838 ἀνω
1559 784 1718 852 φύσιν
1745 780 1911 845 σέϐω,

612 876 686 926 Οὐ
720 876 871 945 χερσὶ
900 876 1158 945 γραπτὸν,
1190 876 1249 927 ού
1291 874 1662 945 περιγραπτδν
1692 873 1861 943 τόπῳ.

607 1093 715 1150 Ἦν
747 1097 958 1163 λευκὸν,
986 1099 1060 1160 ὡς
1090 1100 1294 1166 ἔφησαν
1326 1098 1371 1128 ’⁵
1401 1095 1658 1165 Ἕλληνες
1676 1096 1864 1157 πάλαι.
2258 1101 2445 1153 Πᾶσαν
2468 1100 2512 1152 δ’
2544 1101 2879 1170 ἀμφοτέραις
2915 1099 3143 1169 άρύουσι
3173 1102 3471 1172 κακεργέες
3499 1100 3673 1164 ἀστοὶ,

613 1188 678 1238 Ὅ
706 1188 799 1239 νῦν
829 1188 1055 1257 ἐρυθρὸν
1075 1186 1297 1255 ,Κύπρις
1327 1187 1511 1255 ἧνθισε
1541 1186 1710 1256 ῥόδον.
2327 1188 2592 1253 Γείτονες,
2622 1188 2679 1251 ὃς
2709 1190 2760 1240 κ’
2795 1187 2967 1240 ἐθέλοι
2998 1190 3191 1257 κτῆσιν
3223 1186 3355 1257 ἐμοῦ
3390 1187 3590 1256 βιότου.

606 1269 731 1337 Ἦν,
773 1270 839 1343 ἦν
878 1274 1156 1343 ροδανδοῦς
1183 1276 1255 1337 ’⁸,
1290 1275 1382 1325 καί
1414 1274 1572 1325 πάλιν
1601 1272 1789 1323 λευκὸν
1820 1270 1965 1340 ῥόδον
2258 1275 2446 1343 Πάσης
2473 1276 2530 1327 δὲ
2565 1274 2763 1336 σκοπός
2793 1276 2909 1342 ειμι
2935 1274 3111 1341 κακῆς
3140 1274 3389 1343 γλώσσης
3414 1289 3429 1304 ·
3478 1273 3659 1337 θάνον,
3682 1273 3732 1324 oi.
3751 1272 3803 1324 δὲ

619 1362 866 1430 Ἰωάννης
889 1364 949 1415 τὸ
980 1364 1161 1432 θαῦμα
1187 1364 1283 1430 τῆς
1309 1362 1649 1431 οἰκουμένης.
2329 1364 2420 1427 El;
2448 1364 2522 1417 ἔτ’
2552 1363 2692 1433 ἐμὴν
2720 1362 2943 1433 κραδίην
2978 1362 3260 1415 ίοσολοῦσι.
3286 1362 3495 1423 Τάλαςι

603 1452 725 1503 Οὐδ’
764 1448 829 1520 ἦν
862 1452 1091 1520 ἐρυθρὸν
1121 1454 1374 1518 φοινίκων
1414 1448 1473 1513 ἐξ
1502 1452 1766 1517 αἱμάτων.
2256 1456 2375 1509 Τῶν
2403 1454 2637 1517 πάντων,
2661 1454 2722 1507 οὐ
2746 1452 2936 1505 τόσσον
2964 1452 3245 1522 ὀδύρομαι,
3275 1452 3432 1505 ὅσσον
3458 1450 3574 1513 ἑνός
3603 1467 3709 1519 περ

606 1540 727 1590 Οὐδ’
761 1537 904 1608 εἶχεν
942 1540 1108 1609 ὀδμὴν
1147 1538 1453 1608 ὀρθοδοξίας
1495 1538 1682 1605 μύρον.
2325 1545 2502 1597 Αξῶνα
2523 1543 2738 1613 τρομέω
2759 1543 3331 1612 ἀμφιπαρερχόμενον.

620 1629 754 1681 Ἀλλ’
784 1626 852 1699 ἦν
876 1630 1141 1701 δυσώδους
1171 1632 1229 1680 ἐν
1263 1630 1410 1697 μέσῳ
1438 1628 1593 1696 ῥιφὲν
1629 1628 1816 1690 τόπου,
2255 1634 2329 1685 Ob
2354 1632 2465 1685 δέτί
2493 1649 2584 1699 μοι
2611 1631 2940 1699 περίκειται,
2972 1630 3233 1699 μαψιδίως
3259 1630 3303 1682 δ’
3332 1630 3630 1698 ἀλάλημαι,

618 1719 704 1779 Ὠς
729 1720 794 1771 ἐκ
825 1720 1083 1787 ροδωνιᾶς
1112 1736 1215 1790 περ
1241 1721 1303 1771 ὲκ
1332 1721 1429 1786 τῆς
1470 1717 1739 1786 πατρίδος,
2187 1714 2229 1766 Β
2331 1718 2534 1787 Ἀλγεά
2559 1734 2619 1770 τε
2642 1720 2924 1786 στοναχάς,
2960 1719 3127 1788 κήδεα
3165 1717 3333 1785 μοῦνα
3367 1719 3567 1785 φέρων.

605 1808 849 1878 Λίσχρῶς
877 1810 1094 1877 βιασθὲν
1123 1811 1277 1877 χερσὶ
1314 1810 1411 1876 τῆς
1436 1808 1627 1877 δούλης
1654 1810 1851 1877 Ἅγαρ.
2273 1808 2620 1879 ’Δμπλακιῶν
2645 1809 2693 1861 τ’
2721 1809 2812 1859 ἐπὶ
2836 1810 2948 1869 τοῖς
2978 1809 3171 1877 φόρτον
3205 1807 3484 1859 πολυειδέα
3503 1807 3665 1877 ἄχθη,

604 1898 676 1949 Τὸ
708 1900 750 1949 δ’
784 1899 942 1960 ἄνθος
982 1900 1131 1968 mea
1162 1900 1256 1951 καὶ
1290 1896 1784 1967 βεϐορσορωμένον.
2327 1898 2422 1964 Οἷς
2458 1900 2636 1970 μόνοις
2664 1898 2877 1951 πλουτῶ
2914 1898 3139 1950 πλοῦτον
3166 1898 3493 1967 ἀπειρέσιον.

616 1988 777 2052 Ἀλλ’,
807 1984 851 2041 ὧ
888 1990 1153 2058 φυτουργὲ
1183 1990 1274 2042 καὶ
1303 1987 1513 2059 γραφεῦ
1548 1988 1653 2039 τῶν
1686 1987 1907 2048 ἀνθέων,
2257 1994 2363 2062 Σήν
2389 2008 2447 2044 τε
2474 1991 2628 2060 δίκην
2663 1988 2880 2058 τρομέω
2898 1987 2992 2040 καὶ
3016 1988 3285 2058 τάρταρον
3309 1986 3591 2057 ἠερόεντα,

599 2078 673 2128 Ί“ὸ
711 2078 905 2140 κάλλος
933 2080 1031 2131 οὐκ
1063 2080 1294 2149 ῆνεγκας
1325 2079 1688 2149 ἠρημωμένον
1706 2094 1722 2109 ⁶
2325 2082 2434 2135 Καὶ
2462 2080 2636 2150 φλόγα
2664 2080 2763 2149 τὴν
2795 2078 3012 2147 σκοτίην
3050 2080 3144 2133 καὶ
3172 2078 3345 2146 ὀφέων
3368 2076 3641 2145 δαπάνην·

600 2168 792 2230 Νεύεις
819 2169 894 2230 δὲ,
929 2170 1019 2220 καὶ
1050 2169 1139 2231 σὸς
1174 2164 1283 2238 εἶχε
1308 2168 1509 2237 λειμὼν
1538 2168 1634 2237 τὴν
1661 2167 1839 2236 χάριν.
2262 2173 2480 2241 Ἐγγύθι
2504 2174 2602 2240 τῆς
2628 2170 2864 2241 Σκύλλης
2880 2171 2925 2203 ’³
2947 2169 3157 2241 χαλεπὴ
3182 2168 3487 2239 παρέστηκε
3504 2166 3796 2237 Χάρυϐδις.

603 2258 707 2309 Καὶ
734 2258 797 2327 δὴ
827 2257 1073 2326 μυρίζεις
1108 2258 1341 2319 πίστεώς
1376 2275 1465 2309 σου
1505 2257 1579 2325 τῷ
1607 2258 1781 2327 μύρῳ,
2332 2263 2638 2332 Ἀμφότερα
2662 2263 2894 2331 τρομέω,
2918 2261 3013 2313 καὶ
3038 2259 3150 2329 βίον
3170 2259 3244 2322 ὠς
3280 2258 3530 2313 θάνατον.

602 2347 711 2397 Καὶ
743 2348 1115 2415 φοινικόκρουν
1142 2348 1402 2408 δεικνύεις
1433 2348 1558 2414 παρ’
1587 2347 1794 2410 ἐλπίδα.
2261 2352 2422 2406 Ἀλλά
2446 2352 2524 2422 μ’,
2551 2350 2702 2414 ἄναξ,
2725 2349 2958 2419 ἐλέαιρε,
2991 2350 3085 2403 καὶ
3112 2347 3472 2419 άμφωτέρωθι
3504 2348 3730 2411 σάωσον,

613 2436 701 2500 Ἓξ
721 2436 965 2504 αἱμάτων
998 2436 1059 2487 τὸ
1093 2436 1309 2505 χρῶμα,
1348 2436 1481 2504 πλὴν
1512 2437 1875 2506 αύτορῤύτων.
2322 2442 2511 2494 Ἔνθεν
2550 2442 2856 2510 ἀναστήσας
2875 2439 3046 2493 εὖδιον
3071 2441 3151 2503 είς
3173 2439 3385 2509 λιμένα.

602 2527 861 2594 Κρεῖττον
890 2527 1081 2595 χρόνου
1106 2526 1165 2577 τὸ
1196 2526 1387 2593 βάμμα
1416 2526 1611 2587 παντὸς
1634 2527 1726 2578 καὶ
1755 2528 1978 2595 πάθους,
2255 2534 2328 2584 "ll
2360 2548 2425 2597 με
2464 2531 2651 2599 φέρειν
2689 2530 2947 2598 φορέοντα
2979 2528 3207 2593 δίδαξον,
3247 2530 3353 2598 δπη
3391 2527 3451 2579 τέ
3492 2543 3555 2593 γε
3597 2526 3796 2594 βούλει,

613 2615 781 2682 Ὀδμὴ
810 2615 1003 2683 ῥέουσα
1027 2615 1149 2685 μηδ’
1183 2615 1527 2685 ἀπορρέουσά
1551 2633 1655 2668 πω.
2330 2620 2564 2688 Ῥήματι
2597 2618 2772 2671 πάντα
2801 2617 3003 2687 φέρων,
3021 2618 3196 2671 πάντα
3222 2616 3414 2685 χαλινά
3443 2616 3654 2686 φέροις.

600 2704 771 2758 Τοῦτο
805 2706 1015 2775 βλέπων
1047 2707 1260 2776 ἥρπασε
1292 2704 1456 2773 γῆθεν
1484 2705 1574 2757 καὶ
1606 2704 1784 2768 πόλος.
2249 2708 2398 2777 θυμὲ
2424 2708 2611 2772 τάλαν,
2647 2705 2700 2758 τί
2736 2705 3005 2769 πέπονθας
3034 2722 3050 2770 ;
3106 2706 3355 2776 ἀνέγριο,
3398 2710 3471 2775 μή
3504 2722 3561 2758 σε
3591 2704 3798 2775 χαλέψῃ

610 2796 669 2846 '0
700 2795 801 2861 γῆς
828 2795 884 2847 δὲ
914 2795 1113 2864 μᾶλλον
1147 2796 1417 2862 Δεσπότης
1452 2795 1513 2847 σὺ
1548 2795 1643 2847 καὶ
1674 2797 1859 2861 πόλου,
2317 2796 2532 2865 Δαίμων
2559 2798 2586 2849 ό
2619 2795 2761 2865 ζωῆς
2795 2794 3057 2864 βάσκανος
3085 2792 3356 2862 ἡμετέρης
3379 2807 3394 2823 ο

598 2889 736 2959 Παρ’
766 2890 926 2943 αὐτὸν
953 2893 1103 2955 ἱστὰς
1133 2893 1224 2945 τὸν
1258 2894 1472 2961 φαεινόν
1498 2912 1591 2949 σου
1624 2898 1832 2966 θρόνον.
2244 2887 2335 2958 Μή
2368 2886 2414 2939 σ’
2445 2885 2733 2952 ὑπνώοντι,
2766 2885 3020 2949 ζιζανίων
3045 2884 3244 2949 σπόρον
3266 2880 3643 2953 ἐγκαταμίξῃ,-

599 3063 726 3102 vero
756 3048 832 3103 tui
863 3048 1079 3104 dextera
1114 3062 1391 3117 coronata,
1435 3050 1531 3105 tibi
1561 3066 1750 3106 omnes
1775 3050 2005 3106 alterunt
2064 3050 2147 3105 vi-
2172 3056 2215 3114 c
2253 3047 2497 3102 humeris
2529 3046 2841 3109 inclinatus,
2866 3042 3048 3107 corde,
3087 3049 3266 3097 mente
3291 3050 3345 3096 et
3384 3057 3655 3096 sermone.
3691 3038 3793 3097 Ex-

596 3139 889 3192 ctoriarum
921 3140 1170 3207 gratiam.
2248 3140 2351 3193 cita
2383 3139 2587 3199 omnia.
2627 3138 2723 3191 tibi
2755 3135 2854 3190 soli
2885 3136 3026 3199 vivo,
3054 3146 3179 3190 tnus
3206 3149 3415 3203 quoque
3440 3134 3528 3188 lio.

940 3228 1028 3281 56.
1070 3229 1135 3282 1η
1164 3231 1442 3298 imaginem
1474 3229 1793 3284 Saluatoris.
2316 3229 2479 3283 Miser
2510 3229 2709 3291 anime,
2739 3227 2868 3296 quid
2900 3242 3091 3294 passus
3115 3239 3173 3280 es
3203 3234 3258 3279 et
3282 3235 3515 3295 quanta,
3553 3236 3608 3280 et
3635 3225 3793 3295 quale

664 3313 814 3368 Mens
848 3320 1084 3369 maxima
1108 3334 1230 3371 eum
1262 3321 1360 3382 sis,
1389 3322 1570 3373 carnis
1596 3319 1875 3388 sumpsisti
1907 3320 2100 3372 molem
2129 3336 2142 3371 :
2246 3316 2400 3369 ulcus
2432 3317 2665 3369 habuisti
2694 3316 2747 3368 in
2773 3324 3011 3382 tempore
3033 3329 3096 3366 ex
3138 3314 3421 3381 juventuto
3463 3315 3527 3367 ad
3570 3317 3694 3367 vitae
3732 3317 3793 3367 li-

607 3402 747 3455 hanc
800 3418 944 3456 nunc
1010 3404 1351 3467 describam,
1408 3405 1500 3460 sed
1557 3421 1844 3474 supernam
1897 3418 2143 3458 naturam
2244 3407 2395 3457 nem!

596 3492 780 3552 adoro,
817 3506 922 3543 non
967 3492 1216 3545 manibus
1262 3492 1692 3561 describendam,
1734 3497 1839 3549 non
1889 3494 2005 3547 loco
2039 3495 2145 3547 cir-
2314 3493 2474 3548 Periit
2503 3492 2717 3561 quidem
2757 3492 2851 3545 tibi
2906 3493 3069 3555 nitor,
3131 3492 3291 3559 periit
3330 3492 3541 3562 egregia
3596 3491 3789 3555 virtus,

596 3578 1087 3633 cutnsrribendam.
1304 3615 1321 3626 ι
2252 3581 2410 3651 periit
2434 3591 2584 3644 aetas,
2626 3597 2818 3636 manus
2847 3591 3060 3649 quoque
3082 3580 3249 3633 robur
3301 3580 3551 3648 perdidit.

737 3668 826 3720 37.
868 3668 933 3720 In
962 3677 1200 3720 sanctum
1227 3668 1486 3723 Joannem
1517 3684 1999 3741 rosam-gerentem.
2175 3746 2178 3747 ν
2302 3672 2527 3727 Omnem
2575 3682 2754 3727 autem
2802 3681 3029 3741 utraque
3063 3686 3226 3725 manu
3275 3671 3534 3725 hauriunt
3561 3673 3788 3740 improbi

664 3759 794 3812 Alba
838 3768 973 3820 erat,
1026 3770 1082 3812 ut
1117 3760 1367 3814 dixerunt
1399 3762 1524 3815 olim
1565 3762 1733 3818 Graeci
1756 3802 1771 3828 ,
1802 3780 1965 3833 quam
1997 3748 2170 3821 nunc'
2236 3764 2402 3829 cives,
2419 3763 2602 3826 vicini,
2632 3762 2933 3832 utquisque
2963 3762 3092 3824 vult.
3116 3762 3234 3815 vita:
3260 3777 3388 3815 mea:
3412 3762 3787 3816 substantiam.

592 3851 808 3902 rubram
839 3850 1025 3919 Cypris
1064 3867 1239 3905 rosam
1290 3852 1481 3908 ﬂorere
1522 3854 1663 3908 fecit.
1696 3854 1834 3910 Ecce
1882 3867 1997 3910 erat
2049 3873 2137 3911 ro-
2310 3857 2500 3909 Omnis
2525 3864 2704 3909 autem
2742 3854 2893 3907 mala:
2917 3854 3110 3923 linguae
3138 3868 3334 3921 scopus
3362 3869 3503 3909 sum.
3547 3853 3786 3910 Mortuus

592 3957 951 4011 sam-gerens,
987 3952 1039 3994 et
1074 3958 1261 3996 rursus
1296 3945 1414 3997 alba
1442 3959 1561 3999 rosa
1587 3957 1703 4000 erat
1730 3945 1964 4001 Joannes
1987 3948 2135 4001 orbis
2238 3961 2381 4004 sum,
2406 3953 2459 3997 et
2482 3942 2569 3995 isti
2595 3942 2648 3994 in
2679 3951 2863 4009 peetus
2893 3937 3091 4003 meum,
3128 3940 3228 3992 heu
3254 3942 3267 3991 l
3297 3942 3398 3993 tela
3425 3941 3649 4009 iaciunt.

591 4032 893 4085 admiratio.
942 4032 1052 4083 Non
1102 4042 1217 4085 erat
1258 4035 1420 4087 rubra
1452 4049 1481 4087 e
1519 4037 1679 4087 rubro
1708 4039 1989 4105 sanguine,
2023 4052 2131 4089 non
2306 4031 2571 4085 Omnibus
2601 4044 2705 4080 non
2735 4036 2938 4079 tantum
2959 4028 3193 4090 crucior,
3224 4038 3483 4095 quantum
3516 4030 3673 4084 unius
3722 4031 3790 4083 ti-

590 4120 817 4173 huhebat
852 4121 1069 4173 odorem
1108 4122 1443 4174 orthodoxiae
1482 4137 1725 4176 suavem.
1769 4124 1871 4176 Sed
1903 4135 2017 4176 erat
2052 4125 2131 4177 [ευ
2235 4135 2356 4173 meo
2376 4118 2726 4172 aeternitatem
2761 4130 2847 4169 me
2872 4126 3196 4169 manentem.

592 4210 680 4261 tidi
709 4210 896 4261 avulsa
933 4210 984 4260 in
1011 4210 1187 4261 medio
1217 4209 1340 4269 loci,
1366 4219 1422 4259 ut
1451 4224 1480 4261 e
1508 4214 1733 4273 rosario,
1758 4226 1945 4278 nempe
1978 4228 2005 4263 e
2033 4227 2128 4265 sua
2300 4209 2440 4263 Nihil
2462 4209 2589 4262 mihi
2618 4216 2883 4277 superest,
2910 4206 3109 4260 frustra
3132 4207 3345 4271 oberro,
3367 4207 3602 4273 dolores,
3624 4210 3791 4277 gemi-

589 4300 778 4363 patria,
816 4297 1044 4361 turpiter
1085 4305 1265 4362 erepta
1297 4298 1545 4351 manibus
1595 4314 1761 4352 serva:
1800 4301 1962 4368 Agar.
2002 4301 2126 4354 Flos
2230 4309 2335 4360 tus,
2370 4309 2425 4353 et
2448 4314 2604 4354 curas
2636 4300 2808 4354 solum
2848 4298 3070 4352 habens.

586 4398 766 4436 amem
800 4382 1023 4435 ﬂorebat
1053 4384 1135 4435 vel
1162 4399 1317 4438 emno
1352 4385 1659 4442 immersus.
1696 4386 1821 4453 Sed,
1854 4405 1884 4441 ο
1917 4404 2129 4445 creator
2155 4374 2206 4433 Ῐ)
2300 4389 2585 4457 Culparum
2614 4391 2677 4441 ad
2699 4388 2808 4442 haec
2836 4403 2996 4451 onus,
3030 4387 3348 4458 multiplices
3371 4402 3619 4459 angores,
3656 4390 3785 4459 qui-

587 4486 638 4527 et
669 4475 841 4538 pictor
860 4470 1071 4538 ﬂorum,
1099 4474 1555 4542 pulchritudinem
1582 4494 1686 4532 non
1722 4481 2023 4534 sustinuisti
2052 4481 2123 4534 ita
2234 4482 2333 4534 bus
2367 4481 2497 4533 solis
2528 4481 2842 4534 immensam
2863 4481 3069 4547 copiam
3092 4481 3360 4550 possideo.

588 4564 933 4630 deperditam.
962 4563 1146 4626 Jubes.
1176 4575 1229 4618 ct
1263 4576 1384 4621 tuus
1411 4567 1597 4622 habuit
1650 4570 1838 4624 hortus
1863 4571 2123 4639 gratiam;
2309 4569 2484 4623 Tuam
2519 4586 2645 4625 vero
2667 4571 2983 4624 sententiam
3020 4572 3185 4625 timeo
3220 4581 3274 4625 et
3333 4581 3589 4625 tartarum
3641 4582 3789 4626 tene-

586 4664 636 4704 et
678 4652 916 4720 ﬂagrare
959 4654 1091 4709 facis
1131 4657 1250 4710 lidei
1284 4659 1486 4722 odore,
1520 4668 1574 4713 et
1622 4662 1842 4714 rubrum
1890 4662 2123 4715 colorem
2239 4660 2539 4724 brosum,et
2556 4659 2823 4714 ﬂammam
2843 4661 3153 4726 obscuram,
3180 4670 3233 4716 et
3256 4664 3587 4731 serpentium
3611 4664 3789 4717 abun-

587 4758 680 4808 per
715 4759 859 4807 Spem
908 4756 1148 4809 prmstas,
1192 4762 1221 4799 e
1267 4749 1530 4815 sanguine
1578 4751 1834 4814 colorem,
1889 4751 1970 4803 vel
2017 4766 2119 4804 non
2232 4751 2493 4804 dautiam.

588 4842 778 4899 Sponte
823 4832 1039 4896 ﬂuenti;
1070 4836 1328 4902 liquorem
1361 4850 1568 4903 tempus
1603 4858 1764 4896 omne
1793 4854 1847 4897 et
1882 4842 2119 4895 dolorem
2296 4838 2447 4892 Juxta
2484 4840 2713 4910 Scyllam
2752 4839 2960 4892 funesta
2990 4839 3169 4893 adstat
3203 4838 3541 4910 Charybdis;
3578 4855 3785 4897 utram-

587 4925 913 4985 vincentem,
947 4936 1273 4987 unguentum
1304 4929 1470 4982 ﬂuens
1498 4940 1551 4983 et
1578 4933 1813 4984 nondum
1845 4933 2115 4985 dililuens.
2227 4948 2325 5000 que
2356 4935 2534 4997 timeo,
2568 4942 2620 4986 et
2652 4933 2808 4986 vitam
2837 4932 3232 4985 velutmortem.

592 5014 704 5065 lloc
729 5026 952 5065 cernens
978 5013 1172 5064 emlum
1219 5028 1247 5065 e
1278 5022 1416 5066 terra
1458 5018 1651 5085 eripuit
1678 5033 1691 5081 ;
1729 5026 1781 5070 et
1826 5027 1877 5069 tu
1924 5017 2045 5070 coeli
2080 5026 2133 5069 et
2314 5018 2413 5072 Sed
2444 5022 2571 5083 mei,
2602 5035 2633 5073 ο
2664 5036 2776 5085 rex,
2807 5020 3084 5083 miserere,
3116 5028 3168 5072 et
3204 5018 3461 5087 utrinque
3493 5034 3580 5074 me
3609 5018 3787 5082 salva,

592 5115 747 5155 terrm
780 5103 1059 5167 Dominus,
1099 5104 1252 5171 juxta
1298 5104 1681 5173 splendentem
1710 5109 1943 5161 statuisti
1982 5118 2127 5159 tuum
2240 5110 2361 5161 inde
2401 5111 2669 5164 adducens
2697 5110 2749 5163 in
2781 5110 3130 5179 tranquillum
3163 5120 3400 5178 portum.

589 5199 866 5248 thronum.
1135 5257 1137 5259 ι
2310 5199 2397 5251 \‘el
2423 5216 2506 5254 me
2546 5202 2901 5255 sustinentem
2940 5200 3205 5256 sustinere
3245 5200 3398 5264 doce,
3456 5202 3598 5255 sicut
3654 5200 3785 5265 vis;

658 5287 943 5355 Leprosns,
1002 5304 1197 5350 cmeus,
1253 5296 1495 5339 mortuus
1551 5304 1719 5351 eram,
1778 5291 1993 5344 Christe
2030 5289 2125 5351 mi,
2234 5289 2393 5342 verbo
2430 5294 2610 5345 omnia
2641 5290 2839 5355 ferens,
2868 5290 3019 5346 frena
3044 5302 3237 5347 cuncta
3272 5292 3436 5347 feras.

669 5440 713 5470 "’
749 5438 878 5509 Leg.
904 5441 1009 5493 vid.
1041 5442 1385 5513 doBavﬂrﬁtnv.
1411 5510 1421 5513 _
1464 5440 1506 5469 ⁸³
1536 5438 1691 5513 Prius
1725 5453 1837 5495 erat
1867 5442 2082 5513 ἔφησεν.
2157 5441 2201 5470 ’δ
2232 5440 2296 5513 Lf

2157 5441 2201 5470 ’δ
2232 5440 2373 5513 Ιλςεξ
2394 5442 2496 5513 vid.
2538 5440 2847 5513 ροδανθοῦς.
2924 5444 2975 5513 ⁸⁷7
2998 5444 3222 5512 λεπτρὸς
3251 5444 3397 5513 (sic).
3430 5446 3474 5475 "'
3496 5445 3559 5513 in
3609 5456 3781 5513 marg.

582 5512 658 5561 ri:
689 5507 871 5563 ἑαυτόν
928 5516 994 5562 Ὦ
1016 5507 1179 5572 tium;
1204 5507 1512 5576 ἀργαλέοις
1542 5511 1783 5577 strideat)"
1810 5507 2205 5580 ἁνισὶίὶμενον

588 5594 796 5646 γησας.
872 5581 917 5612 ²⁹
956 5580 1086 5639 Cod.
1117 5582 1332 5649 σκύλης.

2161 5527 2205 5563 ’ν
2239 5507 2344 5563 olo“
2378 5510 2413 5561 ίῖ
2473 5507 2776 5577 πέπονθας
2810 5513 2906 5565 καὶ
2945 5512 3062 5565 ὅσα
3094 5507 3189 5566 καί
3253 5507 3403 5567 ὅσον
3460 5508 3631 5581 οἶδμα
3677 5507 3788 5579 μδ-

588 5594 796 5646 rimae.
874 5594 917 5612 "
956 5594 1086 5639 υυα,
1117 5594 1332 5646 σκυλης.
