4120 6340
567 389 676 450 S35

577 497 777 560 Κλύζω
799 493 852 544 δὲ
882 493 979 560 τὴν
1009 491 1132 558 γῆν,
1158 488 1290 542 ἀλλὰ
1321 486 1413 538 νῦν
1444 485 1628 554 βάπτω
1659 484 1853 552 κάραν,

572 588 679 638 Καὶ
710 582 1027 652 συμϐυθίζω
1053 579 1147 632 τοῦ
1181 579 1466 646 δράκοντος
1491 575 1588 644 τὴν
1618 575 1821 642 κάραν·

575 675 750 726 Κλίνω
773 674 829 724 δὲ
850 671 1019 739 δούλῳ
1054 669 1314 735 δεσπότης
1344 670 1430 718 τὸν
1461 667 1680 734 αὐχένα,

573 766 678 818 Καὶ
702 764 926 830 πλάσμα
959 759 1157 825 τούμὸν
1193 758 1440 826 ἑξανυψῶ
1465 756 1598 827 πρὸς
1635 754 1817 806 πόλον.

628 850 722 914 εἴ.
770 847 989 916 Ἠρῷον
1020 852 1104 914 εις
1127 851 1233 900 τὸν
1273 847 1603 914 μοὶγιιστρω⁴
1633 843 1930 909 Θεόδωρον
1959 842 2062 893 τὸν

1172 918 1532 971 Δεκαπότην.

577 1010 842 1079 Παρθένον
866 1007 1192 1077 αὶγλήεσσαν
1218 1007 1327 1059 ἀπὸ
1358 1005 1547 1076 χθονὸς
1581 1004 1771 1074 αἰθέρα
1803 1002 1993 1071 pacm,

575 1100 678 1148 ’Ἠν
700 1115 756 1149 τε
786 1097 940 1165 δίκην
969 1097 1254 1149 καλέουσιν
1281 1096 1376 1148 ἀπ’
1409 1095 1664 1162 αἰθερίων
1696 1092 1854 1145 πάλιν
1879 1090 2025 1158 ἠθῶν

587 1188 844 1254 Ίθυδῐκης
875 1186 1145 1255 Θεόδωρος
1169 1186 1258 1236 ἐπὶ
1288 1185 1450 1253 χθόνα
1472 1183 1720 1251 δεύτερον
1750 1177 1903 1242 αὖθις

579 1278 842 1342 Ἥγαγεν,
874 1274 1206 1342 ἰδμοσύναισι
1237 1275 1414 1342 νόμων
1443 1273 1537 1326 καὶ
1570 1274 1723 1341 ἦθεσι
1757 1271 2028 1340 χρηστοῖς.

573 1365 665 1434 Τῷ
699 1367 753 1418 δὲ
783 1365 1128 1432 παρεζομένη
1160 1363 1335 1414 λαοῖσι
1371 1363 1557 1426 δίκαζε
1586 1360 1814 1429 τάληθῆ,

591 1456 680 1514 Ὠς
707 1454 892 1521 νύμφη
918 1453 1188 1513 ἀλίαστος,
1215 1452 1476 1520 παρθένος
1497 1449 1727 1518 ἄφθορος
1754 1445 1860 1499 οἷα.

589 1545 726 1595 Ἀλλ’
761 1544 848 1594 ὅτε
886 1543 1026 1611 μοῖρ’
1057 1542 1187 1610 ὀλοὴ
1207 1542 1302 1593 καὶ
1323 1541 1471 1592 τόνδε
1506 1541 1662 1607 φίλης
1701 1538 1890 1596 αἰῶνος

590 1633 902 1698 Ἐκτέμνειν
931 1631 1213 1698 ἠϐούλετο,
1239 1630 1356 1682 λῖνα
1385 1631 1439 1681 δὲ
1467 1630 1641 1681 πάντα
1670 1614 1936 1679 λελοίπει)

581 1725 701 1775 Οὐδ’
733 1722 903 1783 οῦτως
938 1721 1242 1774 ἀπάνευθεν
1262 1721 1542 1789 ἠϐούλετο,
1571 1718 1684 1771 ἀλλ’
1717 1719 1796 1771 lvi.
1823 1716 2012 1786 τύμϐῳ
2072 1699 2078 1712 ’

582 1811 730 1879 ἰ’ῷδε
762 1810 1102 1879 παρεζομένη
1136 1807 1437 1878 μινύρεται,
1478 1803 1541 1860 ﬁ!
1577 1808 1716 1876 μέγα
1757 1803 1955 1874 θαῦμα,

585 1901 757 1968 ’Λθρη
766 1918 854 1951 σον
885 1901 978 1952 καὶ
1005 1900 1236 1967 ἀστέρας
1265 1899 1500 1952 εἰδώλοιο
1529 1897 1785 1966 γυναικὸς

579 1990 780 2055 Φέγγος
814 1989 1250 2056 ἀμαυροτέοους,
1286 1991 1378 2040 καὶ
1409 1991 1465 2049 ὲς
1488 1987 1648 2039 πόλον
1677 1986 1822 2038 ἵκετο
1849 1981 2062 2044 πένθος.

596 2079 769 2139 ’Λλλὰ,
793 2079 967 2144 νόμοι,
1006 2078 1216 2144 γοάοιτε
1239 2077 1341 2129 δίχ’
1372 2077 1675 2130 ἀπάνευθεν
1705 2076 1904 2139 εόντες,

579 2168 671 2230 Τίς
708 2168 760 2219 δὲ
790 2169 944 2236 δίκης
979 2168 1310 2236 παράκοιτιν
1337 2167 1470 2237 ὁμοῦ
1501 2166 1740 2237 καθαρόν
1791 2182 1849 2218 τε
1879 2165 2096 2233 φυλάξοι
2121 2179 2137 2228 ς

827 2276 928 2348 ξη’.
963 2279 1064 2343 Εῑς
1097 2278 1238 2344 τοὺς
1259 2277 1464 2346 άγίους
1488 2279 1889 2344 ἀποστόλους.

579 2362 681 2420 ’ον
707 2370 800 2422 καὶ
821 2370 942 2421 καθ’
968 2364 1051 2431 εἷς
1079 2369 1280 2420 ἔσωσεν
1308 2369 1607 2438 ἀνθρώπιον
1633 2369 1804 2432 ἔθνος,

585 2457 696 2506 Νῦν
731 2458 929 2517 πάντες
949 2456 1010 2507 οὐ
1053 2455 1284 2507 σώσουσι
1309 2455 1521 2523 Μιχαὴλ
1557 2455 1732 2524 μόνον.

655 2545 750 2609 ξθ’.
776 2546 876 2609 Εἰς
912 2545 999 2609 τὸ,
1033 2561 1050 2595 ι
1095 2547 1509 2612 Διεμερίσαντο
1552 2545 1620 2597 τὰ
1654 2544 1850 2613 ιμάτιά
1870 2531 2006 2612 μου.
2041 2563 2060 2593 ο

588 2655 760 2724 ΙΙνοὴν
790 2655 1013 2723 μερίζω,
1045 2654 1236 2722 χόρτον
1268 2655 1432 2723 ἀγρὸν
1461 2655 1646 2716 ἑνδύω,

589 2747 695 2796 Καὶ
723 2746 813 2796 νῦν
846 2744 1104 2813 μεριστὴς
1135 2744 1242 2795 τῶν
1273 2745 1418 2812 ἐμῶν
1454 2746 1762 2814 ἐνδυμάτων
1915 2803 1918 2807 _

599 2835 735 2904 ‘I'Ipi'j
768 2837 922 2903 μερὶς
951 2835 1044 2886 καὶ
1068 2834 1265 2902 κλῆρος
1287 2850 1300 2863 °
1329 2835 1440 2886 ἀλλ’
1478 2835 1631 2902 ἄφες,
1674 2837 1871 2903 Πάτερ.

719 2923 778 2975 o'.
821 2927 924 2988 Εις
953 2923 1244 2976 Θεοτόκον
1270 2923 1574 2988 φέρουσαν
1608 2924 1713 2975 τὸν
1740 2925 2013 2990 Χριστόν.

590 3036 775 3104 “pst;
807 3037 866 3086 τὸ
901 3036 1005 3085 πᾶν
1034 3034 1118 3094 σὺ,
1149 3031 1247 3084 κᾶν
1278 3032 1417 3103 φέρῃ
1451 3047 1509 3084 σε
1541 3031 1822 3097 παρθένος.

589 3224 777 3278 ιιψιιις
812 3215 980 3279 tingo,
1011 3225 1062 3266 et
1087 3229 1190 3266 una
1225 3227 1406 3280 mergo
1431 3210 1682 3263 draconis
1707 3219 1862 3276 caput
1888 3226 1902 3271 ;
1937 3207 2135 3260 inclino
2160 3216 2204 3275 ρ

589 3320 744 3355 senm
772 3303 980 3356 Domini
1003 3304 1219 3366 collum,
1260 3312 1311 3356 et
1341 3311 1642 3356 creaturam
1697 3316 1865 3351 meam
1909 3298 2136 3352 sustollo

590 3397 655 3444 ad
694 3393 911 3445 cwlum.

665 3505 754 3557 (Π.
835 3503 1171 3570 Epitaphium
1234 3503 1285 3552 in
1355 3501 1665 3570 magistrum
1737 3495 2060 3551 Theodorum

1193 3570 1518 3633 Dempotem.

665 3678 938 3748 Virginem
963 3679 1292 3745 splendidam
1323 3694 1351 3731 e
1385 3688 1523 3731 terra
1559 3677 1622 3730 ad
1679 3677 1871 3731 cmlum
1933 3691 2143 3745 regres-

597 3788 734 3834 sam,
766 3786 926 3838 quam
969 3769 1237 3823 Justitiam
1273 3777 1485 3832 vocant,
1512 3783 1540 3820 e
1566 3768 1876 3822 cmlestibus
1925 3782 2141 3820 rursum

597 3860 818 3912 sedibus
852 3857 1194 3925 aequissimus
1226 3856 1541 3910 Theodorus
1575 3858 1626 3909 in
1668 3866 1862 3911 terram
1905 3856 2144 3910 secundo

597 3949 838 4010 adduxit,
912 3948 1043 4013 juris
1091 3947 1372 4015 prudentia
1417 3956 1468 4000 ct
1517 3948 1696 4015 probis
1753 3948 2011 4001 moribus.
2067 3947 2143 4000 Illi

597 4047 774 4089 autem
805 4033 1047 4088 assidens
1075 4034 1284 4102 populis
1344 4049 1463 4087 vera
1514 4035 1790 4102 judicabat
1837 4043 1896 4087 ιιι
1947 4049 2144 4102 sponsa

538 4175 543 4180 ,
598 4125 793 4187 lidelis,
838 4133 894 4175 nt
927 4124 1076 4188 virgo
1105 4123 1378 4175 inviolata.
1417 4123 1517 4174 Sed
1551 4124 1766 4190 quando
1797 4123 1964 4175 fatum
2001 4124 2150 4174 fune-

600 4226 738 4265 stum
786 4213 948 4278 hujus
981 4214 1267 4278 pretiosam
1301 4214 1459 4263 vitam
1511 4227 1692 4264 secare
1735 4212 1920 4273 voluit,
1978 4221 2029 4262 et
2063 4211 2147 4262 ﬁla

599 4303 778 4354 omnia
811 4303 976 4367 rupit,
1028 4316 1134 4352 non
1177 4301 1248 4352 ita
1290 4303 1522 4352 amoveri
1563 4302 1730 4353 voluit
1754 4301 1862 4358 illa.
1894 4302 1983 4352 sed
2043 4315 2150 4352 uno

601 4391 850 4457 :epulcro
881 4390 956 4441 illi
985 4389 1229 4442 assidens
1263 4390 1446 4455 gemit,
1476 4405 1508 4440 ο
1531 4405 1781 4458 maguum
1813 4389 2148 4457 prodigium!

601 4480 914 4547 contempla
941 4479 1118 4532 sidera
1147 4479 1386 4533 iuulieris
1433 4480 1661 4548 imagine
1713 4481 2050 4543 obscuriora,
2098 4481 2150 4534 in

603 4569 798 4621 «mlum
839 4582 1055 4636 quoque
1076 4568 1168 4619 ivit
1200 4570 1411 4633 luctus;
1480 4571 1594 4632 sed,
1629 4570 1790 4639 leges,
1846 4572 2067 4638 plorate,
2121 4587 2149 4623 a

600 4658 807 4724 jtl>lllia
832 4658 1024 4711 iterum
1047 4660 1299 4726 exsules;
1330 4661 1452 4729 quis
1493 4662 1634 4714 enim
1691 4662 1956 4731 justitiam
2022 4677 2152 4717 con-

602 4753 780 4817 jugem
811 4750 970 4802 simul
1000 4761 1052 4803 et
1084 4751 1394 4805 inviolatam
1417 4754 1692 4806 servabit?

985 4861 1066 4912 38.
1103 4863 1165 4916 In
1182 4876 1386 4916 sanctos
1410 4866 1703 4925 Apostolus.

679 4949 916 5012 Quorum
949 4967 1089 5003 unus
1116 4955 1320 5012 salvum
1360 4957 1574 5008 fecisset
1622 4957 1897 5010 hominum
1963 4973 2153 5024 genus.

611 5055 756 5091 nunc
817 5053 1006 5092 omnes
1055 5055 1160 5092 non
1225 5043 1397 5094 solum
1461 5043 1772 5096 Michaelem
1821 5047 2025 5099 salvum
2075 5046 2154 5098 la—

611 5134 771 5185 cient.

749 5223 834 5274 69.
868 5221 930 5274 In
949 5222 1082 5274 illud
1123 5242 1139 5273 ‹
1170 5223 1463 5275 Diviseruut
1496 5206 1795 5276 uestimenta
1823 5242 1987 5278 mea.)

682 5329 939 5399 Spiritum
1005 5333 1206 5394 divido,
1293 5332 1531 5400 gramine
1591 5347 1838 5398 campum
1893 5333 2082 5395 vestio,
2105 5346 2156 5387 et

615 5434 753 5471 nunc
805 5421 1254 5471 vestimentorum
1295 5433 1536 5471 meorum
1566 5418 1827 5471 divisores
1865 5427 1988 5472 sunt
2038 5434 2153 5472 mea

615 5511 787 5574 portio
812 5520 862 5562 et
891 5508 1209 5574 haereditas;
1246 5511 1336 5564 sed
1377 5509 1602 5576 dimitte,
1630 5507 1806 5563 Pater.

682 5678 726 5709 “
753 5679 879 5730 Cod.
925 5698 1048 5745 μρσ.

1827 375 2142 438 ΙΟᾹΝΝΙΞ
2174 372 2600 435 ΟΕΟΜΕΤΒΑΞ

3670 364 3778 432 938

2163 488 2207 541 Α
2237 481 2363 541 Υἱὸς
2386 480 2517 532 Θεοῦ
2550 480 2637 545 σὺ,
2667 479 2773 532 κᾶν
2805 476 2996 549 βροτοῦ
3030 478 3195 551 φαῖνῃ
3223 445 3429 532 τέκνον.

2238 568 2576 638 ’Λπανταχοῦ
2601 569 2688 633 σὺ,
2716 569 2818 622 κᾶν
2843 562 2944 623 ὧδε
2971 568 3184 637 βλέπεις
3213 568 3391 636 μόνον.

2701 708 2803 756 οα’.
2835 703 2937 766 Εἰς
2971 701 3077 754 τὸν
3111 699 3307 766 Ἰωήλ.

2238 815 2542 880 Ἐξίστατιι
2570 813 2778 884 βλέπων
2798 830 2881 876 τις
2909 813 3255 881 ἐξεστηκότα,

2227 905 2434 972 Θάμϐει
2461 905 2743 974 προφήτην
2775 903 3001 972 εἰσορῶν
3024 901 3313 972 τεθηπότα.

2230 995 2382 1047 Οῦτω
2407 994 2465 1045 τὸ
2491 993 2695 1061 θάμϐος
2733 994 2897 1062 μέχρι
2929 993 3021 1045 καὶ
3042 992 3148 1044 τῶν
3170 989 3476 1060 χρωμάτων

2229 1081 2472 1131 Δείκνυσι
2492 1079 2653 1148 τέχνη
2683 1080 2781 1150 τὴν
2813 1079 2972 1149 φύσιν
3005 1078 3337 1148 μιμουμένη.

2655 1195 2751 1263 οβ’.
2784 1196 2886 1260 Εις
2915 1194 3021 1247 τὸν
3047 1192 3368 1246 Musis-or.

2244 1326 2444 1388 Ῥύτις,
2472 1326 2708 1395 Μιχαὴλ.
2755 1319 2855 1379 ὧδε
2887 1325 2953 1394 σὴ
2980 1325 3074 1379 καὶ
3105 1325 3194 1386 σδς
3227 1322 3340 1392 βίος

2237 1418 2392 1484 Ἔριν
2422 1417 2633 1468 δικαίαν
2658 1410 2814 1486 εῦρον
2832 1431 2848 1446 ο
2875 1415 3102 1482 ἄγγελον
3127 1413 3260 1484 βίος,

2246 1507 2308 1558 'H
2335 1505 2380 1557 δ’
2410 1502 2477 1558 αὖ
2510 1507 2664 1574 ῥύσις
2693 1504 2882 1574 θνητόν
2907 1521 2964 1558 σε
2989 1505 3080 1557 καὶ
3108 1504 3294 1574 βροτὸν
3318 1502 3488 1560 λέγει.

2235 1597 2534 1665 Συνήγορον
2563 1594 2798 1646 λαϐοῦσα
2819 1595 3007 1646 τούτου
3029 1594 3119 1646 τὸν
3150 1594 3338 1660 τάφον.

2580 1731 2680 1792 ογ’.
2701 1727 2802 1789 Εἰς
2830 1725 2936 1777 τὸν
2973 1725 3440 1792 Εὑαηοσλισμόν.

2168 1832 2205 1885 υ
2237 1836 2387 1912 Δόκῶ
2426 1857 2746 1928 βροτοῦσθαι
2774 1859 2866 1911 καὶ
2897 1857 3055 1910 πάλιν
3082 1857 3171 1909 τδν
3206 1855 3481 1924 Δεσπότην

2233 1953 2451 2021 Χαίρων
2484 1953 2512 2004 ό
2558 1949 2845 2016 πεμφθεὶς,
2876 1949 2910 2016 ἡ
2937 1948 3088 2018 Κόρη
3116 1946 3484 2016 θαμϐουμένη.

2246 2043 2357 2093 Ὠσὶ
2386 2041 2445 2094 τδ
2475 2039 2721 2110 Πνεῦμα,
2748 2039 2959 2108 Πατρδς
2983 2042 3016 2108 ἡ
3049 2045 3169 2108 χεὶρ
3201 2036 3415 2102 ὑψόθεν,

2253 2135 2484 2204 Ἤκουσα
2514 2133 2731 2193 πάντως
2759 2131 2853 2182 καὶ
2884 2130 2965 2194 τὸ,
2998 2130 3242 2198 Χαίροις,
3277 2128 3506 2194 ἀγγέλου
3526 2140 3546 2161 ο

2239 2224 2301 2277 Εἰ
2334 2223 2409 2294 μὴ
2440 2223 2500 2275 τὸ
2525 2223 2758 2290 πρᾶγμα
2781 2221 2875 2272 καὶ
2906 2218 3067 2272 πάλιν
3095 2217 3278 2270 λαθεῖν
3304 2217 3430 2270 ἔδει.

2313 2313 2536 2381 Χαίροις
2560 2311 2629 2364 τὰ
2657 2311 2922 2380 μνῆστρα,
2959 2307 3129 2362 ταῦτα
3155 2309 3198 2361 δ’
3224 2308 3347 2360 ἕδνα
3372 2325 3473 2372 σοι,
3508 2308 3682 2377 Κόρη,

2243 2403 2423 2467 Χθὼν,
2457 2401 2703 2466 οὐρανὸς,
2738 2400 2998 2462 θάλασσα,
3036 2399 3296 2468 σύμπασα
3329 2400 3525 2461 κτίσις,

2245 2494 2453 2562 Βροτοὶ,
2488 2493 2627 2556 νόες,
2653 2493 2713 2542 τὸ
2749 2492 2961 2560 πρῶτον
2995 2489 3026 2558 ἢ
3061 2490 3276 2543 πάντων
3308 2489 3488 2551 πλέον,

2244 2585 2342 2645 Σδς
2371 2585 2526 2646 Παῖς,
2557 2581 2690 2633 Θεοῦ
2719 2582 2874 2643 Παῖς,
2903 2579 3201 2646 Δεσπότης,
3242 2579 3332 2641 σὸς
3364 2579 3615 2646 νυμφίος.

2327 2675 2383 2724 Ὀ
2413 2672 2554 2735 Νοῦς
2578 2673 2662 2735 τὸ,
2687 2672 2874 2741 Χαῖρε,
2908 2672 3000 2723 καὶ
3034 2671 3200 2737 Λόγος
3231 2671 3324 2722 σὺν
3348 2669 3424 2736 τῷ
3449 2669 3590 2737 λόγῳ

2249 2765 2420 2832 ’Υπὲρ
2442 2765 2626 2830 λόγρν,
2662 2763 2781 2832 σὴν,
2816 2764 3023 2830 Μῆτερ,
3057 2763 3192 2812 οἰκεῖ
3222 2761 3480 2828 γαστέρα.

2309 2854 2472 2922 Δέχου
2498 2853 2557 2904 τὸ
2588 2851 2697 2920 πῦρ
2726 2850 2987 2919 χαίρουσα
3021 2863 3035 2879 ⁶
3059 2849 3235 2918 χρυσᾶ
3261 2848 3449 2916 λυχνία

2237 2942 2429 3010 Φλέγει
2457 2940 2756 3010 Χερουϐὶμ,
2781 2940 2918 3007 πλήν
2949 2955 3005 2990 σε
3035 2937 3128 2991 καὶ
3158 2936 3366 3005 τέρψει,
3400 2937 3575 3008 Κόρη.

2305 3033 2362 3086 ὐ
2390 3033 2592 3102 μητρὸς
2623 3033 2668 3064 ⁸⁸
2700 3030 2852 3093 ἐκτὸς
2887 3030 2984 3100 σὴν
3014 3031 3331 3099 προμὴτορα
3363 3029 3589 3093 maca"

2453 3210 2540 3262 70.
2579 3207 2639 3260 In
2669 3208 2944 3276 Deiparam
2992 3209 3257 3262 Christum
3287 3206 3550 3272 ferentem.

2310 3317 2440 3372 Fers
2476 3319 2722 3370 universa
2751 3329 2826 3380 tu,
2854 3319 2975 3370 licet
3002 3328 3052 3371 te
3097 3318 3247 3385 virgo
3298 3315 3431 3367 ferat
3461 3331 3474 3376 ;
3508 3315 3671 3366 Filius
3710 3312 3809 3368 Dii

2245 3416 2320 3468 tu,
2355 3408 2477 3460 licet
2515 3409 2753 3460 mortalis
2781 3419 2938 3462 natus
2969 3407 3230 3469 videaris;
3259 3405 3454 3471 ubique
3471 3419 3528 3456 es
3564 3413 3641 3463 tu,
3675 3403 3806 3456 licet

2243 3498 2313 3552 ibi
2349 3507 2550 3549 tantum
2577 3498 2834 3548 ccrnaris.

2839 3588 2925 3640 7|.
2957 3584 3015 3637 1η
3044 3584 3181 3637 Joel.

2316 3676 2619 3730 Retrocedit
2640 3675 2729 3744 qui
2754 3675 3141 3730 cernitexstasi
3168 3675 3470 3740 abreptum,
3488 3681 3809 3739 stupctpro-

2247 3766 2460 3835 phetam
2488 3767 2576 3834 qui
2611 3766 2803 3834 aspicit
2847 3767 3111 3830 territum,
3145 3767 3224 3820 sic
3241 3775 3513 3833 stuporem
3539 3780 3710 3831 usque
3733 3762 3804 3814 ad

2245 3857 2451 3911 colores
2479 3857 2714 3911 ostendit
2740 3872 2832 3912 ars
2865 3867 3107 3910 naturam
3144 3856 3378 3910 imitata.

2773 3949 2859 4000 72.
2893 3945 2957 4001 In
2990 3947 3269 4002 Maliuum.

2316 4039 2454 4102 Tua,
2482 4039 2740 4105 Michael,
2780 4039 2926 4093 salus
2958 4055 3213 4107 praesens,
3246 4047 3300 4092 et
3327 4039 3432 4091 vita
3462 4048 3551 4091 tua
3601 4038 3712 4106 just
3750 4051 3806 4090 ιη

2248 4130 2686 4197 disceptationem
2729 4131 2940 4194 attulit;
2971 4130 3215 4196 angelum
3253 4129 3383 4191 vita,
3438 4129 3586 4181 salus
3619 4139 3803 4178 autem

2253 4218 2530 4269 mortalem
2590 4226 2639 4270 te
2675 4226 2728 4269 et
2791 4217 3066 4269 hominem
3089 4216 3239 4278 dicit,
3279 4223 3473 4268 testem
3526 4215 3684 4282 hujus
3713 4231 3810 4264 sc-

2253 4307 2503 4374 pulcrum
2532 4321 2771 4359 sumens.

2743 4412 2829 4466 73.
2876 4411 2939 4465 In
2966 4410 3321 4481 Evangelium.

2184 4532 2227 4585 ο
2323 4524 2446 4577 Mihi
2486 4524 2698 4576 videtur
2737 4523 3315 4576 mortalisﬁeriiterum
3376 4523 3665 4586 Dominus;
3718 4540 3814 4575 sa-

2259 4617 2437 4670 lutans
2497 4614 2742 4674 nuntius,
2781 4615 2932 4682 virgo
2984 4613 3218 4675 turbata,
3260 4615 3479 4668 auribus
3530 4614 3808 4682 spiritum.

2262 4704 2435 4758 Patris
2463 4707 2736 4758 dexteram
2773 4704 3041 4765 altissimi,
3069 4703 3248 4756 audivi
3302 4703 3591 4757 admodum
3628 4711 3681 4755 et
3704 4703 3817 4756 Are

2260 4795 2472 4861 angeli;
2507 4795 2551 4847 si
2591 4809 2696 4846 non
2731 4808 2842 4846 rem
2885 4793 3077 4845 iterum
3120 4801 3366 4861 oporteat
3399 4793 3586 4846 latere.

2332 4888 2460 4948 Ave.
2489 4885 2554 4938 de
2603 4885 2946 4953 sponsalibus
2966 4886 3162 4948 laetare,
3192 4885 3301 4938 haec
3329 4885 3419 4937 tibi
3448 4895 3595 4944 sunt,
3620 4882 3814 4951 Virga,

2265 4991 2505 5036 munera.
2543 4985 2705 5037 terra,
2743 4976 2958 5036 ccelum,
2984 4989 3153 5038 mare,
3177 4977 3380 5028 creatio
3412 4976 3611 5035 omnis,
3660 4987 3818 5024 mor-

2263 5068 2416 5128 tales,
2443 5067 2666 5134 spiritus
2699 5068 2842 5135 quod
2889 5069 3035 5134 prius
3069 5077 3123 5121 et
3175 5068 3350 5134 majus
3397 5067 3644 5119 omnibus
3703 5072 3815 5127 est,

2265 5156 2406 5207 {ilius
2435 5168 2578 5216 tuus,
2616 5155 2709 5209 Dei
2736 5155 2924 5222 Filius,
2954 5157 3211 5211 Dominus
3238 5167 3362 5212 tuus
3395 5172 3641 5225 sponsus.

2333 5244 2585 5312 Spiritus,
2617 5260 2735 5308 ave,
2773 5258 2825 5299 et
2846 5246 3076 5300 Verbum
3128 5263 3249 5300 cum
3291 5247 3453 5300 verbo
3471 5263 3628 5314 supra
3691 5259 3818 5295 vcr-

2260 5336 2406 5397 bmn,
2441 5344 2610 5396 tuum,
2646 5319 3076 5398 materfhabitat
3105 5347 3360 5391 ventrem.

2302 5425 2492 5492 Accipe
2525 5425 2698 5491 ignem
2735 5426 3038 5480 lastabunda
3068 5446 3080 5481 :
3115 5444 3305 5482 aureas
3331 5427 3491 5479 tardas
3517 5417 3820 5477 incendunt

2264 5514 2576 5581 Cherubim,
2611 5526 2663 5569 et
2695 5525 2872 5572 tamen
2905 5529 2955 5572 te
3008 5519 3297 5583 delectant,
3327 5517 3506 5586 Virgo.
3544 5512 3643 5577 Qui
3695 5511 3820 5565 sine
