4120 6340
811 338 912 400 918

814 445 916 496 Ἴθι
954 444 1228 513 πρόϐαινέ,
1255 445 1388 510 φωτὶ
1417 444 1526 511 φῶς
1561 445 2007 514 προσλαμϐάνων,

813 534 951 599 Πρὸς
981 534 1104 583 ναὸν
1135 534 1315 594 ἁγνὸν,
1355 532 1476 593 ναὸς
1505 533 1910 601 ἑμψυχωμένος.

882 627 968 685 Εἰς
1005 625 1060 675 ἓν
1086 627 1146 675 τά
1178 625 1338 692 κάλλη
1371 624 1475 676 τῶν
1515 626 1651 677 ὅλων
1690 627 2041 695 ἢθροισμένα,
2113 644 2116 646 ⁷

816 716 1080 782 Ἂστρων,
1115 715 1405 783 θαλάσσης,
1439 716 1619 786 ἀέρος,
1650 719 1769 785 γῆς,
1809 720 1901 768 καὶ
1935 720 2092 769 πόλου

813 800 934 856 Ὧδε
967 806 1194 872 βλέπων,
1243 807 1510 874 ἄνθρωπε,
1545 809 1618 876 μὴ
1655 809 1850 877 κάμοις
1882 811 2110 877 βλέπων.

877 897 935 945 Εἰ
967 896 1139 946 πάντα
1160 912 1189 944 κ
1207 896 1326 965 άλλη
1348 897 1449 965 γῆς
1470 896 1603 964 ὁμοῦ
1629 914 1686 948 τε
1723 899 1813 950 καὶ
1846 901 2008 950 πόλου

813 988 918 1037 Καὶ
946 988 1120 1037 πᾶσαν
1161 985 1290 1054 ὕλην
1319 987 1506 1056 τιμίαν
1539 987 1716 1050 ποθεῖς
1745 990 1985 1056 βλέπειν,

827 1079 1002 1142 ’Λφεὶς
1030 1077 1091 1127 τὰ
1129 1077 1294 1128 πολλὰ
1323 1078 1426 1144 γῆς
1461 1079 1801 1147 περιτρέχειν
1827 1080 2026 1148 πλάτη,

811 1167 994 1216 Λιπὼν
1027 1166 1093 1217 τὰ
1130 1169 1342 1236 μακρὰν
1367 1167 1594 1235 οὐρανοῦ
1623 1169 1803 1235 ζητεῖν
1835 1169 1992 1238 βάθη,

823 1258 1082 1310 Ἐνταῦθα
1114 1259 1287 1311 πάντα
1313 1260 1685 1330 συνδραμόντα
1719 1278 1805 1328 μοι
1839 1263 2048 1322 σκόπει,

811 1349 880 1398 Τὸ
906 1348 1012 1398 τῶν
1047 1348 1179 1400 ὅλων
1211 1349 1452 1418 μίμημα,
1484 1350 1574 1400 τὸν
1612 1353 1806 1419 μικρδν
1836 1352 2014 1418 δόμον.

821 1438 952 1504 ’Λὴρ
986 1439 1082 1504 μὲν
1103 1431 1277 1499 οὗτος,
1309 1437 1422 1488 ἀλλ’
1447 1439 1474 1488 ὁ
1509 1439 1673 1505 αἰθὴρ
1707 1440 1762 1490 ἐν
1795 1441 1938 1506 φάει.

815 1528 988 1578 Λίθων
1025 1527 1079 1579 δὲ
1103 1527 1306 1579 τούτων
1335 1529 1368 1594 ἡ
1398 1527 1623 1595 διαυγὴς
1649 1528 1856 1596 λειότης

813 1617 977 1685 ’Ἄλλη
1002 1618 1144 1669 δοκεῖ
1174 1618 1412 1670 θάλασσα
1447 1619 1706 1687 κυμάτων
1736 1621 1862 1672 ἄνευ

819 1708 906 1767 Ὠς
943 1707 997 1756 ὲν
1017 1706 1224 1775 γαλήνῃ
1255 1707 1349 1756 νῦν
1379 1708 1874 1773 κατεστορεσμὲνη.

808 1798 958 1865 asp]
982 1798 1035 1849 δὲ
1061 1798 1265 1850 τούτων
1304 1798 1495 1850 κιόνων
1531 1799 1623 1850 καὶ
1651 1799 1910 1866 λευκότης

811 1890 851 1938 Κ
864 1891 916 1938 αὶ
942 1887 1131 1954 συχνὸν
1157 1886 1546 1955 ἀστράπτουσα
1577 1887 1766 1954 χροιᾶς
1794 1885 2114 1955 τερπνότης,

820 1981 903 2039 Ὠς
926 1973 1013 2029 οἷα
1045 1977 1258 2046 ῥεῖθρον
1290 1977 1610 2044 ὲκτακεέσης
1639 1978 1814 2044 χιόνος

810 2068 1090 2136 Λαμπρὸν,
1120 2066 1328 2129 διειδὲς,
1358 2066 1595 2135 ἀψοφητί
1622 2085 1734 2126 πως
1770 2067 1909 2136 ῥέον,

818 2159 900 2218 Ὠς
935 2156 1068 2224 πρὸς
1099 2156 1371 2209 θάλασσαν
1398 2155 1561 2225 ἄλλην
1582 2157 1626 2186 ⁵³
1657 2157 1912 2225 ἐμϐάλλει
1941 2156 2088 2210 κάτω

807 2251 930 2311 Τοῖς
952 2247 1426 2313 ἐξαποστίλὸουσιν
1451 2249 1507 2298 ὲν
1541 2249 1692 2317 πάτῳ
1724 2248 1908 2310 λίθοις.

803 2342 980 2409 Αὐτὴν
1013 2339 1190 2408 δὲτὴν
1213 2339 1316 2406 γῆν
1348 2339 1440 2390 καὶ
1466 2338 1534 2390 τὰ
1565 2341 1659 2406 τῆς
1686 2340 1809 2405 γῆς,
1851 2343 1897 2390 εξ
1938 2341 2129 2405 θέλοις,

805 2431 992 2482 Αὐτῶν
1020 2431 1208 2482 σκόπει
1238 2447 1324 2497 μοι
1365 2431 1670 2498 χρωμάτων
1699 2429 1757 2481 τὸ
1791 2431 2052 2490 ποικίλον,

809 2521 912 2571 Καὶ
942 2521 1046 2570 τῶν
1074 2521 1299 2588 γραφῶν
1343 2519 1401 2570 τὸ
1431 2520 1620 2579 κάλλος
1644 2535 1656 2546 ⁶
1685 2520 1842 2573 ἄλλον
1872 2521 2055 2574 ἐνθάδε

807 2609 1057 2674 Λειμῶνα
1082 2606 1350 2675 γραπτὸν,
1382 2609 1444 2657 ὲκ
1472 2607 1664 2675 τέχνης
1703 2608 2082 2676 εἰργασμένον,

808 2698 972 2765 "Aqu
1003 2697 1252 2764 κομῶντα
1282 2696 1356 2766 μὴ
1389 2695 1808 2764 παραραθοῦντα
1844 2698 1889 2727 ⁵⁸
1918 2699 2091 2766 χρόνῳ

811 2790 867 2847 EE
897 2789 950 2840 δὲ
986 2789 1117 2856 πρὸς
1147 2788 1342 2849 αὐτοὺς
1375 2787 1602 2856 οὐρανοῦ
1632 2790 1754 2849 τοὺς
1777 2789 2029 2857 ἀστέρας,

806 2883 873 2932 Ἥ
919 2884 1151 2950 σφαῖραν
1179 2879 1346 2948 αὐτὴν
1377 2878 1471 2931 τοῦ
1500 2880 1662 2931 πόλου
1695 2880 1878 2942 ποθεῖς
1915 2880 2149 2950 βλέπειν,

806 2972 990 3022 Τεἰνον
1025 2972 1113 3022 σὸν
1153 2971 1305 3039 ὄμμα
1327 2988 1338 2998 ·
1367 2972 1557 3039 τμῆμα
1587 2971 1641 3022 δὲ
1672 2971 1905 3041 σφαίρας
1938 2973 2100 3039 βλέπε

811 3061 1053 3112 Ἃνωθεν
1080 3061 1335 3129 χρυσοῦν,
1367 3062 1478 3127 νρῶς
1509 3061 1896 3130 ἀπαστράπτον
1924 3063 2064 3130 μέγα

2061 335 2375 396 IOANNIS
2410 335 2833 394 GEOMETILE

2393 451 2431 501 Λ
2465 437 2538 493 (li)
2570 440 2940 509 συνδραμοῦσα
2977 443 3122 494 πᾶτα
3156 438 3309 510 χροιᾶ
3339 437 3603 506 ψηφίδων,

2483 529 2566 592 Ὠς
2591 532 2647 584 ἓν
2677 530 2899 583 τελοῦσα
2931 532 3085 600 σῶμα
3113 530 3543 597 συντεθειμένον,

2476 623 2770 691 Ἐναστρον
2798 621 2828 688 ἢ
2863 621 3159 689 πάμφωτον
3189 619 3526 690 ᾑωρημένον,

2478 712 2564 771 Ὠς
2587 711 2738 778 εἴπερ
2762 709 2828 778 ἦν
2859 710 2920 761 τὸ
2957 711 3176 778 σύμπαν
3211 707 3439 776 οὐρανοῦ
3474 707 3672 767 πλάτος

2471 802 2753 868 ῐΙάγχρους
2773 816 2854 862 τις
2883 800 3056 868 ἀστὴρ
3084 793 3163 860 εἷς
3194 797 3498 866 διαυγάζων
3524 799 3703 864 μόνος.

2471 892 2682 957 Κόσμον
2716 889 2815 955 μὲν
2837 889 2977 941 οὕτω
3004 891 3111 942 πᾶν
3133 889 3294 942 καλὸν
3318 888 3516 957 τέρπου
3547 887 3760 956 βλέπων

2473 981 2534 1033 Εἰ
2561 982 2602 1032 δ’
2632 981 2928 1050 ὲξεκαύθης
2959 983 3038 1043 είς
3065 981 3242 1050 ἔρωτα
3275 979 3381 1032 τῶν
3409 980 3542 1039 ἄνω,

2473 1072 2578 1123 Καὶ
2604 1072 2692 1122 τὸν
2725 1072 2909 1140 νοητὸν
2933 1073 3134 1140 κόσμον
3159 1073 3216 1123 ὲν
3249 1072 3401 1140 τύπῳ
3425 1070 3605 1139 βλέπε.

2471 1162 2702 1228 Χριστὸς
2737 1163 2834 1229 μὲν
2865 1159 3045 1223 οὗτος,
3075 1156 3132 1213 οὗ
3165 1161 3350 1230 θρόνος
3385 1161 3629 1229 λαμπρδς
3664 1159 3846 1220 πόλος.

2471 1248 2618 1315 Αὕτη
2641 1249 2696 1299 δὲ
2728 1249 2944 1318 Μήτηρ,
2977 1244 3044 1319 ἦς
3074 1249 3241 1320 μόνης
3265 1249 3436 1317 ἁγνῆς
3459 1249 3647 1308 Τόηος.

2473 1336 2640 1403 Οὗτος
2666 1341 2721 1393 δὲ
2746 1340 2954 1410 λύχνος,
2983 1337 3041 1395 οὗ
3072 1342 3227 1410 λόγος
3256 1343 3391 1410 φῶς,
3424 1345 3512 1395 καὶ
3540 1345 3763 1412 τρόπος.

2472 1428 2629 1486 Οὗτοι
2665 1433 2720 1484 δὲ
2753 1432 2899 1500 φλὸξ,
2935 1433 3078 1496 νοῦς,
3117 1433 3353 1503 πνεῦμα,
3387 1435 3520 1504 φῶς,
3558 1435 3666 1500 πῦρ
3702 1435 3795 1485 καὶ
3854 1433 3898 1496 ξί

2485 1526 2585 1576 Ἒῶ
2614 1526 2858 1594 Σεραφὶμ
2890 1526 3141 1595 τάγματα
3174 1527 3589 1596 μυριομμάτων,

2484 1615 2586 1666 Ἐῶ
2623 1615 2898 1684 Χερουϐὶμ
2923 1616 3072 1683 ἅρμα
3099 1617 3206 1670 τῶν
3239 1617 3616 1684 φλογοτρόφων

2474 1705 2582 1757 Καὶ
2611 1701 2778 1758 τᾶλλα
2808 1707 3029 1773 φρικτὰ,
3064 1709 3154 1758 καὶ
3177 1707 3354 1773 λέγειν
3387 1723 3443 1756 τε
3469 1707 3558 1758 καὶ
3591 1705 3680 1772 βλέ
3697 1722 3827 1757 πειν.

2480 1793 2616 1844 Ἀλλ’
2655 1794 2809 1862 εἴπερ
2839 1790 2904 1863 ἦν
2935 1811 2984 1844 τι
3010 1796 3194 1862 κρᾶμα
3222 1794 3329 1844 τῶν
3357 1794 3607 1846 ἐναντίων

2473 1884 2691 1953 Κόσμου
2722 1903 2780 1935 τε
2812 1885 3008 1946 παντὸς
3038 1883 3131 1936 τοῦ
3156 1885 3302 1937 κάτω
3329 1885 3420 1936 καὶ
3446 1885 3554 1936 τῶν
3591 1884 3724 1942 ἅνω.

2475 1978 2686 2027 Ἐνεστι
2718 1977 2871 2029 τοῦτο
2891 1975 2984 2028 καὶ
3016 1975 3282 2028 καλείσθω
3310 1976 3402 2026 νῦν
3435 1976 3613 2043 μόνον,

2469 2068 2686 2137 Βροτοῖς
2720 2069 3038 2135 πρεπόντως
3066 2067 3172 2118 τῶν
3211 2067 3389 2120 καλῶν
3419 2067 3477 2118 τὸ
3504 2067 3718 2135 χωρίον.

2470 2159 2718 2211 nomn
2749 2159 2918 2228 πυρὸς
2946 2156 3163 2227 δηλοῦσι
3198 2158 3289 2211 καὶ
3312 2157 3540 2227 βροντῆς
3570 2157 3762 2226 κρότος

2479 2250 2568 2310 Ὠς
2597 2252 2775 2300 πᾶσαν
2802 2249 3140 2318 ὲμπλήσουσι
3165 2248 3263 2318 τὴν
3296 2248 3624 2317 οἰκουμένην

2470 2340 2590 2391 Τῶν
2622 2338 3003 2408 βροντοφώνων
3033 2341 3079 2391 oi
3113 2339 3434 2407 πυρίστομοι
3457 2339 3648 2406 λόγων.

2469 2523 2581 2574 Νῦν
2618 2523 2717 2589 μὲν
2747 2520 2973 2589 συνῆλθε
3003 2520 3078 2589 τῷ
3105 2519 3279 2570 λέοντι
3307 2518 3611 2588 φωσφόρος,

2470 2613 2576 2664 Καὶ
2609 2611 2869 2680 μουσικὸν
2895 2611 3137 2676 τέττιγες
3162 2611 3344 2679 ᾅδουσι
3377 2609 3555 2677 μέλος.

2470 2702 2576 2754 Νῦν
2611 2703 2703 2753 καὶ
2730 2701 2911 2771 πατὴρ
2949 2701 3179 2753 ἔσπευσε
3207 2700 3529 2768 συνδραμεῖν
3556 2699 3768 2761 τέκνον,

2471 2791 2580 2843 Καὶ
2614 2793 2903 2859 μουσικοὺς
2932 2789 3162 2858 ἔθαλψεν
3187 2790 3264 2852 εἰς
3298 2790 3437 2859 ᾠδὰς
3478 2789 3650 2849 νέους.

2485 2881 2598 2935 Νῦν
2621 2884 2712 2936 καὶ
2741 2885 2982 2952 γεωργὸς
3010 2885 3107 2945 τὰς
3131 2883 3380 2951 ἀπαρχὰς
3407 2881 3510 2934 τῶν
3541 2883 3719 2934 πόνων

2472 2975 2691 3044 Χαίρων
2716 2975 2832 3044 Θεῷ
2863 2975 3065 3039 δίδωσι,
3103 2975 3196 3028 καὶ
3225 2975 3410 3043 κροτεί
3441 2975 3600 3041 μέγα.

2473 3062 2586 3115 Νῦν
2611 3065 2666 3116 δὲ
2697 3063 2759 3116 σύ
2794 3083 2883 3132 μοι
2918 3064 3134 3134 φέροντι
3160 3067 3358 3127 ταύτας
3389 3066 3495 3119 τῶν
3522 3065 3694 3132 λόγων

809 3233 1049 3299 gredcrc,
1083 3233 1188 3298 luci
1225 3233 1395 3284 lucem
1441 3231 1704 3294 all‘et'ens,
1743 3233 1809 3285 ad
1843 3234 2100 3300 templum
2134 3249 2326 3301 purum
2351 3274 2366 3296 ,
2396 3242 2438 3297 C
2474 3245 2658 3291 natum
2689 3238 3003 3303 efﬁcientes,
3037 3242 3309 3295 stellatum
3332 3281 3348 3307 ,
3376 3241 3769 3304 illuminatum,
3803 3256 4024 3308 suspen-

809 3323 1092 3390 spirilualc
1121 3323 1401 3387 templum.

881 3413 935 3463 ln
973 3427 1136 3463 lllltllll
1169 3412 1542 3462 universorum
1581 3409 2012 3478 pulchritudines
2053 3412 2367 3464 coaduuatze

809 3516 1098 3562 astrorum,
1136 3499 1322 3559 maris,
1355 3499 1516 3560 aeris;
1557 3510 1712 3552 terrze
1739 3508 1792 3552 et
1826 3501 1968 3561 cwli,
2003 3501 2086 3552 hic
2117 3517 2364 3564 cernens,

814 3596 996 3652 homo,
1032 3608 1097 3643 ne
1130 3589 1400 3642 cernendo
1438 3589 1668 3642 labores.

882 3686 936 3736 Si
968 3698 1155 3737 onmes
1185 3681 1617 3749 pulchritudines
1651 3690 1806 3734 terra:
1840 3681 2000 3735 simul
2039 3696 2101 3734 ac
2131 3681 2284 3747 caeli,
2315 3691 2367 3734 et

807 3793 1023 3829 munem
1055 3775 1321 3845 egregiam
1355 3773 1634 3826 materiam
1669 3773 1934 3840 inspicere
1961 3774 2112 3841 cupis
2133 3815 2146 3835 ,
2182 3773 2365 3826 desine

809 3869 973 3921 multa
1009 3878 1164 3920 teri-2e
1191 3866 1519 3933 perlustrare
1543 3864 1840 3926 intervalla,
1871 3865 2048 3934 linque
2075 3864 2365 3916 immensos

809 3962 928 4013 rmli
955 3960 1236 4028 exquirere
1264 3959 1485 4025 abyssos
1510 3973 1524 4018 ;
1558 3959 1646 4009 hic
1673 3958 1852 4008 omnia
1885 3967 2204 4024 congregata
2234 3957 2362 4007 mihi

807 4051 1138 4118 contempla,
1187 4050 1560 4101 universorum
1616 4046 2118 4109 adumbrationem,
2175 4061 2367 4112 parvas

810 4143 904 4191 has
933 4139 1092 4190 sedes.
1121 4139 1224 4188 Aer
1255 4137 1470 4203 quidem
1507 4138 1629 4194 istc,
1657 4135 1746 4185 Sed
1783 4136 1953 4186 :ether
1978 4136 2029 4186 in
2057 4135 2258 4202 specie,
2294 4136 2367 4186 la-

810 4231 958 4295 p'des
1005 4228 1089 4280 isti
1130 4227 1390 4294 perlucidi
1439 4234 1492 4277 et
1544 4225 1790 4290 perpoliti
1842 4225 2069 4276 alterunt
2121 4225 2368 4276 videntur

811 4335 961 4371 mare
988 4319 1101 4372 sine
1125 4316 1376 4369 fluctibus
1403 4316 1548 4366 velut
1573 4315 1625 4365 in
1651 4313 1944 4379 tranquillo
1967 4328 2108 4367 nunc
2124 4314 2364 4382 planum.

811 4407 1096 4475 Fulgentes
1135 4417 1308 4459 autem
1338 4415 1387 4456 et
1421 4404 1555 4456 alba:
1585 4403 1848 4457 columna:
1871 4443 1884 4465 ,
1918 4411 1972 4456 et
1997 4402 2237 4471 jucundo
2272 4419 2369 4458 co-

812 4502 924 4552 lore
963 4499 1161 4563 passim
1195 4497 1498 4558 radiantes,
1536 4493 1711 4546 rivum
1757 4492 1999 4547 referunt
2046 4493 2370 4548 tabcscontis

2470 3340 2626 3389 sum;
2661 3327 2883 3394 perinde
2913 3342 2976 3379 ac
3010 3332 3052 3379 si
3082 3343 3243 3380 omne
3278 3329 3401 3381 cmli
3433 3329 3668 3395 spatium
3691 3369 3706 3389 ,
3733 3330 3910 3382 omnis
3941 3344 4024 3379 (:0-

2466 3411 2597 3468 loris
2652 3415 2805 3469 sidus
2862 3418 3038 3469 solum
3099 3419 3451 3471 illuminaret.
3499 3418 3757 3471 Mundum
3817 3420 4025 3487 quidem

2465 3522 2678 3560 onmem
2731 3507 2801 3559 ita
2844 3508 3128 3574 pulchrum
3180 3508 3412 3560 videndo
3453 3508 3742 3562 delectare.
3790 3509 3847 3561 Si
3901 3525 4021 3562 vero

2465 3599 2625 3651 ardes
2649 3598 2942 3665 cupiditate
2965 3597 3289 3658 caelestium.
3330 3597 3591 3650 mdndum
3623 3613 3844 3668 quoque
3882 3599 4029 3652 intel-

2465 3683 2745 3741 lectualem
2780 3686 2831 3738 in
2866 3687 3052 3755 ﬁguris
3075 3701 3254 3740 cerne.
3287 3687 3542 3742 Christus
3567 3687 3784 3756 quidem
3808 3687 3910 3742 iste
3930 3698 4027 3746 est,

2465 3778 2623 3844 cujus
2652 3777 2883 3830 thronus
2908 3777 3227 3846 magniﬁcus
3248 3778 3444 3832 coelum
3470 3790 3572 3841 est,
3603 3779 3703 3832 ista
3732 3788 3910 3832 autem
3931 3795 4028 3832 ma-

2465 3876 2565 3932 ter,
2586 3867 2740 3934 cujus
2753 3867 2923 3920 solius
2939 3867 3164 3935 virginis
3179 3876 3363 3935 partus
3379 3866 3496 3919 fuit.
3520 3865 3622 3921 Iste
3641 3868 3863 3921 lucerna
3880 3867 4030 3936 cujus

2464 3955 2684 4006 verbum
2711 3965 2822 4005 erat
2847 3954 2933 4006 lux
2958 3964 3010 4007 et
3031 3955 3223 4008 modus
3247 3971 3262 4018 ;
3287 3955 3374 4009 isti
3396 3964 3574 4008 autem
3601 3954 3841 4018 ﬂamma,
3861 3971 4028 4016 mens.

2467 4041 2726 4106 Spiritus,
2760 4043 2969 4104 lumen,
3004 4044 3144 4110 ignis
3178 4054 3232 4097 et
3275 4045 3509 4113 gladius.
3575 4043 3729 4098 Mitto
3763 4048 4029 4114 seraphin:

2468 4132 2613 4185 mille
2657 4135 2843 4186 oculos
2883 4135 3194 4188 habentium
3239 4135 3494 4198 ordines,
3551 4136 3708 4187 mitto
3751 4136 4029 4187 cherubim

2467 4237 2686 4276 currum
2731 4224 2975 4277 flairimas
3001 4225 3274 4278 edentium
3297 4263 3311 4286 ,
3342 4232 3396 4278 et
3429 4225 3533 4277 alia
3581 4225 3844 4291 stupenda
3895 4225 4030 4278 dictu

2471 4313 2630 4364 simul
2663 4324 2712 4364 et
2747 4314 2883 4366 visu.
2917 4314 3019 4366 Sed
3047 4315 3090 4366 si
3121 4313 3258 4366 foret
3280 4314 3459 4382 aliqua
3484 4315 3802 4383 coniunctio
3833 4327 4034 4370 contra-

2474 4403 2673 4454 riarum
2707 4419 2886 4456 rerum
2937 4404 3121 4457 mundi
3168 4403 3405 4457 universi
3458 4414 3570 4457 tum
3608 4404 3888 4460 inferioris
3919 4422 4033 4459 cum

2473 4493 2788 4562 superioris,
2816 4495 2924 4548 illic
2952 4496 3108 4556 inest,
3134 4504 3184 4547 et
3214 4510 3356 4548 nunc
3385 4504 3589 4547 tantum
3616 4506 3864 4563 voretur,
3899 4515 4036 4551 mor-

811 4592 947 4644 nivis
979 4590 1236 4642 nitentem
1257 4628 1270 4650 ,
1313 4587 1620 4654 limpidum,
1659 4587 1818 4639 tacite
1852 4596 2193 4647 currentem,
2223 4597 2275 4640 et
2313 4598 2369 4640 ιιι
2403 4588 2444 4642 D
2473 4584 2670 4636 talibus
2686 4585 3087 4638 acc0mmodata
3106 4585 3453 4654 pulchrorum
3479 4586 3650 4638 sedes.
3681 4585 3821 4654 Ignis
3845 4590 4038 4657 lingute

811 4683 875 4733 ad
907 4681 1130 4732 alterum
1164 4694 1310 4730 mare
1341 4693 1398 4729 se
1438 4686 1681 4743 agentem
1718 4677 1971 4728 deorsum
2022 4678 2073 4729 in
2109 4677 2376 4745 fulgentes

812 4771 1095 4835 pavimenti
1131 4770 1353 4834 Ιηῃίιξυε.
1390 4769 1562 4834 Ipsam
1598 4783 1722 4819 vero
1757 4777 1954 4820 terrain
1982 4779 2034 4821 et
2062 4770 2336 4823 terrestria
2361 4807 2374 4829 ,

813 4861 855 4913 si
891 4860 1044 4920 velis,
1081 4858 1385 4923 contempla
1415 4858 1649 4922 ipsorum
1682 4858 1920 4910 colorum
1957 4861 2293 4922 varietatem,
2317 4876 2378 4920 ct

811 4947 1233 5013 descriptionum
1289 4943 1785 5009 pulchritudinem;
1861 4949 2086 4998 alterum
2147 4947 2233 5000 hic
2287 4951 2378 5000 de-

811 5039 1066 5104 scriptum
1103 5037 1338 5094 hortum,
1362 5043 1475 5084 arte
1504 5034 1848 5095 tlt‘llllt‘nlllllt,
1875 5037 2028 5087 llorrs
2063 5041 2370 5104 expanden-

811 5141 916 5182 tcln
949 5144 1052 5180 non
1088 5141 1326 5191 tempore
1365 5135 1664 5175 muro-otes
1687 5165 1698 5185 ,
1736 5125 1778 5176 si
1820 5141 1943 5177 vero
1979 5128 2089 5191 ipsa
2122 5130 2240 5180 coeli
2289 5132 2363 5183 si-

809 5219 958 5275 dera.
995 5226 1084 5267 aut
1124 5217 1388 5282 Sphteram
1442 5214 1610 5280 ipsam
1670 5213 1790 5264 caeli
1841 5217 2155 5281 coitspicerc
2199 5219 2360 5282 velis,

810 5308 994 5359 oculos
1035 5305 1286 5368 intende;
1334 5305 1554 5372 sphatra:
1589 5302 1887 5369 portionem
1935 5306 2113 5371 aspice
2150 5323 2361 5361 sursum

813 5413 1052 5459 auream,
1078 5398 1246 5449 lucem
1276 5398 1602 5449 emittentem
1638 5408 1906 5461 magnam,
1947 5397 1996 5446 in
2029 5414 2132 5462 qua
2170 5415 2362 5452 conve-

815 5488 967 5539 niunt
989 5502 1173 5539 omnes
1201 5489 1500 5554 lapillorum
1523 5486 1732 5539 colores
1765 5500 1928 5536 unum
1949 5500 2142 5554 corpus
2166 5489 2364 5542 coadu-

886 5666 927 5692 ’³
966 5663 1086 5715 ἄλλη
1115 5665 1228 5718 cod.
1347 5680 1373 5694 ’·
1420 5670 1524 5726 Sir,
1577 5673 1696 5720 lort.
1734 5686 1828 5736 pro
1869 5670 2268 5736 παρανοοῦντα.

2476 4675 2766 4727 ostentluut
2803 4685 2854 4727 et
2887 4677 3183 4728 tonitruum
3218 4675 3399 4744 fragor
3430 4685 3488 4727 ut
3526 4692 3738 4729 omnem
3781 4679 4038 4749 impleant

2476 4765 2660 4816 orbem
2693 4766 3004 4818 tonantibus
3032 4767 3206 4818 verbis
3239 4765 3388 4832 ignea
3416 4765 3527 4817 lucc
3553 4780 3668 4819 ora.

3210 4855 3298 4907 97.

2549 4946 2702 5000 Nunc
2731 4949 2958 5000 accessit
2987 4949 3050 4998 ad
3079 4946 3284 4998 leonem
3314 4947 3522 5010 lucifer,
3549 4957 3601 5003 et
3634 4955 3884 5008 musicos
3914 4968 4036 5006 can-

2481 5049 2566 5091 tus
2613 5039 2810 5090 cicada:
2868 5047 3142 5105 promunt.
3198 5035 3350 5090 Nunc
3395 5049 3542 5106 pater
3588 5046 3800 5097 curavit
3860 5053 4038 5096 natum

2476 5131 2731 5182 accedere
2776 5138 2829 5181 et
2879 5128 3117 5180 musicos
3157 5130 3222 5179 ad
3268 5138 3457 5182 cantus
3497 5131 3722 5198 juvenes
3761 5134 4035 5187 excitavit.

2472 5219 2625 5272 Nunc
2658 5230 2709 5272 et
2737 5219 2972 5286 agricola
3008 5218 3271 5284 primitias
3309 5220 3549 5274 laborum
3594 5224 3781 5276 lzetaus
3825 5223 3938 5277 Deo
3967 5222 4038 5275 of-

2475 5311 2594 5373 fert,
2626 5319 2679 5363 et
2719 5310 2945 5361 multum
2975 5317 3171 5360 cantat.
3210 5308 3360 5362 Nunc
3389 5322 3566 5365 autem
3607 5323 3661 5365 tu
3695 5329 3778 5366 me
3808 5314 4038 5367 offeren-

2474 5412 2578 5453 tem
2619 5402 2714 5452 has
2748 5413 3057 5452 sermonum
3090 5414 3282 5467 parvas
3321 5403 3588 5469 primitias
3637 5405 3915 5473 prepitius
3955 5421 4040 5458 cx-

2474 5495 2610 5563 cipc.
2644 5493 2745 5544 Alii
2779 5491 2993 5560 quidem
3033 5501 3113 5545 est
3147 5493 3196 5544 in
3240 5494 3345 5547 vita
3387 5498 3658 5565 egregium
3695 5513 3907 5564 genus,
3955 5498 4036 5549 alii
