4120 6340
796 260 895 317 9n

1518 372 1617 441 r432

792 451 883 520 Μὴ
916 451 1025 521 πῦρ
1042 453 1269 525 άνάψῃς,
1296 460 1508 525 χρυσδς,
1536 462 1787 533 ἄργυρος,
1818 467 1950 520 λίθοι

788 538 1071 605 Φλέγουσιν
1097 544 1287 609 αὐγαῖς
1315 548 1475 616 χωρὶς
1502 550 1783 620 ἀνθράκων
1815 557 1981 625 μύρα.

866 628 1163 699 Ὀφθαλμὸν
1190 632 1305 702 ὕλῃ,
1330 636 1419 689 τὸν
1451 638 1703 709 λογισμὸν
1724 647 1788 714 τῇ
1816 648 1996 718 τέχνῃ,

785 716 994 786 Τέρπου
1025 719 1080 772 δὲ
1107 722 1206 791 τὴν
1229 724 1475 793 αἴσθησιν
1504 728 1638 801 ὀδμῇ
1667 732 1776 785 τῶν
1799 716 2002 806 μύρων.

1184 830 1284 898 ργ⁸.
1315 833 1417 896 Ε’ίς
1457 834 1567 901 τὴν
1598 839 1899 896 Θεοτόκον.

779 928 939 982 Οὐδὲν
964 930 1137 1001 ψυχῆς
1162 934 1405 1007 βέλτερον
1428 941 1646 1008 οὐρανὸς
1672 944 1856 1015 ἔλλαχε
1881 948 1980 1017 τῆς
2012 951 2110 1019 σῆς
2133 969 2146 980 ’

777 1016 939 1071 Οὐδὲν
970 1022 1175 1091 μορφῆς
1210 1025 1474 1093 παρθένου
1506 1030 1764 1099 φέρτερον
1790 1016 2012 1104 ἔδρακεν
2108 1040 2195 1107 γῆ.

776 1104 991 1159 Τοῦνεκ⁹
1020 1109 1129 1175 ἐγὼ
1172 1112 1269 1180 μὲν
1302 1115 1555 1184 ἀμεμφέα
1595 1117 1837 1188 σώματος
1875 1104 2299 1194 είκόνανμορφῶ,

772 1195 1214 1284 Πνευματόξσσαν
1250 1202 1295 1254 δ’
1337 1205 1623 1275 οὐρανόθεν
1658 1209 1814 1280 χάριν
1846 1214 1892 1265 εί
1923 1215 1985 1265 σὺ
2031 1216 2301 1284 κεράσεις,

774 1283 984 1348 Ὄλϐιος
1011 1280 1161 1352 οὗτος
1182 1291 1209 1343 ὁ
1232 1292 1399 1359 χῶρος
1425 1294 1481 1357 δς
1512 1298 1727 1367 αἰθέρος
1758 1300 1944 1369 ἔλλαχε
1974 1280 2165 1373 πρῶτα

770 1373 877 1425 Καὶ
899 1375 1084 1443 χθονὸς
1106 1380 1247 1433 ἔνδον
1270 1383 1408 1451 ἔχειν
1436 1385 1569 1453 γέρα
1590 1405 1603 1417 ο
1625 1389 1787 1442 τοῖσδ’
1820 1392 2117 1457 ἐπίνευσον,
2143 1397 2297 1464 κόρη.

1073 1484 1167 1553 ρδ’.
1198 1490 1300 1553 Εις
1328 1490 1431 1543 τὸν
1465 1492 1631 1560 ἅγιον
1670 1497 1987 1565 Στέφανον.

766 1586 1030 1652 Στέφανος
1058 1591 1222 1653 ὅντως
1243 1594 1271 1644 ὁ
1304 1597 1561 1662 στέφανος
1596 1602 1886 1673 μαρτύρων
1904 1622 1922 1640 ο

781 1673 943 1745 Ἀρχὴ
982 1680 1164 1733 παθῶν
1193 1683 1297 1751 γὰρ
1346 1687 1438 1738 καὶ
1459 1688 1634 1757 νόμων
1657 1691 1755 1760 ἔφυ
1784 1694 1954 1758 τέλος.

775 1764 860 1828 Ὠς
889 1769 979 1821 καὶ
1004 1776 1278 1839 φονευταῖς
1302 1778 1585 1849 συμπαθὴς
1623 1784 1685 1836 ἐκ
1714 1785 1958 1854 καρδίας.

845 1858 931 1920 Ὠς
958 1859 1199 1931 λαμπρὸν
1218 1868 1245 1919 ὁ
1270 1867 1531 1936 Στέφανος
1560 1872 1749 1938 ἔπλεξε
1776 1877 1967 1946 στέφος

759 1947 936 2012 Λίθοις
968 1956 1252 2019 (pom-nde},
1278 1960 1578 2030 μαργάροις
1609 1962 1713 2015 τῶν
1743 1964 2012 2035 δακρύων.

761 2035 931 2107 Ἀπερ
963 2041 1212 2113 κατέρρει
1238 2046 1359 2110 τοὺς
1386 2051 1645 2114 φονευτὰς
1674 2053 1940 2122 δακρύων.

755 2125 1017 2193 Στέφανος
1051 2125 1202 2195 οὗτος
1234 2136 1442 2204 ἀρετῶν
1480 2142 1568 2192 καὶ
1603 2144 1905 2214 μαρτύρων.

822 2216 882 2266 OE
921 2222 1091 2286 φωτὸς
1121 2223 1300 2293 ἐχθροὶ
1331 2226 1423 2278 τοῦ
1464 2230 1683 2294 σκότους
1710 2239 2078 2303 πρωτοστάται

751 2303 853 2354 Τὸν
880 2308 1155 2377 μάργαρον
1188 2312 1245 2364 σὲ
1278 2316 1571 2380 χωννύουσι
1594 2321 1704 2381 τοῖς
1732 2320 1919 2383 λίθοις.

752 2392 916 2456 Αὐτὸς
942 2396 995 2447 δὲ
1015 2399 1235 2463 τούτους
1257 2405 1572 2471 προσλαϐὼν
1600 2411 1679 2469 είς
1700 2411 1803 2462 πᾶν
1833 2412 2008 2479 μέλος,

750 2480 928 2548 θάψας
951 2487 1207 2557 ἐρυθροὺς
1231 2490 1411 2543 ἄνθεσι
1433 2494 1540 2546 τῶν
1573 2498 1836 2563 αἱμάτων,

750 2572 907 2634 ὐλος
941 2577 1197 2642 στέφανος
1226 2582 1289 2632 ἐκ
1317 2581 1477 2634 λίθων
1503 2586 1594 2637 καὶ
1620 2592 1915 2658 μαργάρων

746 2663 1005 2732 Λαμπρός
1034 2671 1308 2737 προήχθης
1336 2672 1497 2725 αὐτοῦ
1530 2676 1747 2730 καὶτῶν
1777 2683 2083 2750 μαρτύρων.

826 2752 911 2813 Ἐξ
929 2754 1167 2824 ὀύρανοῦ
1199 2758 1321 2826 χθὲς
1348 2763 1618 2831 Δετπότης
1644 2766 1775 2836 πρὸς
1804 2768 1902 2838 τὴν
1930 2771 2109 2841 χθόνα,

757 2840 847 2891 Ἐκ
875 2845 974 2911 γῆς
999 2848 1026 2897 ὁ
1057 2846 1238 2911 δοῦλος
1273 2851 1505 2921 σήμερον
1537 2855 1669 2926 πρὸς
1694 2857 1903 2928 αίθέρα,

748 2930 950 2983 Ἀνεισι
983 2935 1199 3005 φαιδρός
1226 2955 1238 2967 ·
1265 2939 1376 2990 ἀλλ’
1403 2942 1517 2993 ἐκεῖ
1541 2944 1629 2997 τὸν
1661 2948 1933 3018 Δεσπότην

1399 3159 1403 3163 ’
1446 3135 1568 3191 102.

811 3214 886 3267 Ne
927 3217 1097 3283 ignem
1141 3222 1411 3284 ineundas,
1458 3211 1671 3291 aurum,
1715 3240 2013 3298 argentum,
2067 3234 2267 3301 lapides

744 3300 1038 3371 fulgoribus
1062 3308 1394 3365 inflammant
1419 3312 1620 3381 absque
1654 3318 1840 3383 prunis
1872 3300 2159 3388 unguenta.

808 3390 1033 3445 Oculum
1091 3396 1336 3461 materia,
1398 3400 1658 3455 rationem
1708 3412 1845 3468 arte,
1909 3409 2265 3464 sensationetn

743 3481 905 3535 odore
930 3491 1317 3551 unguentorum
1350 3485 1569 3542 delecta.

1228 3591 1345 3647 £03.
1379 3591 1445 3646 In
1476 3594 1772 3665 Deiparam.

806 3715 945 3769 Nihil
994 3717 1170 3771 anima
1213 3726 1301 3773 tua
1345 3722 1537 3777 melius
1575 3724 1769 3780 cmlum
1819 3728 2080 3797 obtinuit;
2130 3734 2263 3788 nihil

735 3806 958 3875 virginis
989 3805 1155 3861 forma
1188 3812 1527 3878 praestantius
1554 3817 1692 3869 terra
1726 3819 1993 3886 produxit.
2024 3821 2147 3879 Ideo
2163 3841 2264 3895 ego

733 3897 947 3963 quidem
980 3897 1496 3967 irrcprebensibilem
1523 3908 1766 3973 corporis
1794 3908 2075 3979 imaginem
2099 3914 2259 3983 ﬁngo,

734 3987 822 4040 sed
854 3988 1181 4056 spiritualem
1221 4004 1251 4043 e
1290 3991 1428 4045 curio
1466 3995 1689 4062 gratiam
1726 3997 1773 4051 si
1813 3997 2071 4065 infundis,
2113 4003 2262 4057 dives

731 4079 832 4130 erit
860 4078 998 4131 istud
1029 4093 1165 4147 opus
1194 4080 1333 4147 quod
1366 4081 1487 4135 coeli
1513 4086 1700 4137 meruit
1734 4087 1933 4151 primas
1963 4099 2016 4143 et
2047 4090 2099 4143 in
2124 4102 2260 4144 terra

722 4169 971 4237 gobtinere
1004 4185 1017 4220 :
1055 4168 1139 4222 his
1169 4184 1365 4235 annue,
1400 4168 1578 4240 Virgo.

1075 4294 1193 4349 104.
1216 4294 1277 4349 In
1314 4310 1549 4351 sanctum
1579 4299 1913 4368 Stephanum.

807 4403 1105 4471 Stephanus
1173 4421 1295 4459 vere
1353 4420 1551 4461 corona
1609 4420 1691 4464 est
1746 4422 2057 4482 martyrum.
2126 4418 2255 4473 Nam

736 4490 1052 4560 principium
1084 4492 1391 4561 passionum
1430 4503 1479 4547 et
1508 4494 1637 4562 legis
1664 4496 1783 4551 ﬁnis
1812 4496 1930 4562 fuit,
1962 4510 2143 4569 utpote
2170 4505 2254 4557 in-

731 4578 1068 4635 terfectorum
1094 4597 1155 4636 ex
1185 4585 1344 4636 corde
1372 4583 1673 4640 miseratus.

803 4670 869 4723 lit
896 4674 1238 4741 conspicuam
1271 4675 1571 4742 Stephanus
1602 4679 1771 4732 texuit
1800 4693 2053 4735 coronam
2087 4682 2253 4737 inter-

732 4761 990 4813 fectorum
1041 4762 1322 4827 lapidibus.
1377 4764 1731 4833 lacrymarum
1762 4772 2082 4838 margaritis,
2114 4788 2250 4841 quas

728 4845 979 4898 fundebat
1007 4847 1373 4902 interfectores
1395 4851 1592 4905 deﬂens
1614 4872 1628 4917 ;
1650 4869 1847 4910 corona
1874 4858 1961 4911 ille
1982 4866 2065 4913 est
2090 4859 2251 4913 virtu-

728 4947 833 4987 tum
863 4944 915 4987 Cl
943 4944 1250 5003 martyrum.

794 5026 951 5081 Lucis
992 5026 1192 5080 inimici
1230 5029 1561 5082 tenebrarum
1598 5046 1859 5091 amatores
1906 5049 1954 5094 te
1992 5041 2247 5110 margari-

724 5129 827 5169 tam
857 5126 1081 5171 onerant
1116 5117 1399 5185 lapidibus.
1436 5120 1551 5185 Ipse
1580 5132 1753 5177 autem
1786 5129 1883 5182 hos
1918 5145 2007 5198 per
2035 5129 2242 5197 singula

721 5206 954 5256 membra
1023 5207 1299 5275 recipiens.
1350 5206 1644 5278 rubr'osquc
1707 5206 1914 5284 tingens
1970 5219 2247 5285 sanguinis

2016 277 2326 338 JOANNIS
2361 278 2782 341 ΟΕΟΜΕΤΙΜΞ

2349 389 2393 442 Δ
2423 385 2511 453 Τῷ
2541 386 2711 455 Πατρὶ
2737 386 3090 456 συγκάθεδρον
3120 386 3375 455 ενσαρκον
3408 389 3636 458 βλέπων,

2418 475 2615 545 Πληροί
2644 477 2750 546 πρὸ
2770 477 2983 530 πάντων
3004 478 3062 531 τὸ
3089 480 3245 549 χρέος
3267 479 3373 531 τῶν
3398 483 3451 532 αί
3458 482 3661 550 μάτων.

2483 564 2671 631 Λόγοις
2700 569 2727 618 ὁ
2753 566 2957 635 βάλλων
2986 569 3200 636 καρδίας
3229 572 3633 639 χριστοκτόνων,

2412 653 2582 726 Βάλλῃ
2614 654 2779 719 λίθοις
2807 657 2867 710 τὸ
2898 657 3055 728 σῶμα
3083 660 3524 727 μαρτυροκτὸνων
3550 676 3567 692 ο

2411 742 2607 811 Εὖχαϊς
2632 745 2833 815 ius“.
2858 747 2951 809 τὰς
2975 746 3130 816 βολάς
3161 747 3253 801 καὶ
3274 748 3524 819 δακρύοις
3546 764 3562 780 ·

2421 830 2559 884 ’Δνθ’
2583 826 2657 886 ὧν
2681 836 2870 907 στέφη,
2900 836 3155 905 Στιφινσ,
3180 838 3465 906 τρίπλοκον
3497 839 3692 908 στέφος

2406 917 2526 973 Τῶν
2550 921 2850 992 δογμάτων,
2882 924 3054 995 ιύχῶν
3078 942 3137 978 τι
3167 928 3261 980 καὶ
3298 928 3437 996 παθη
3448 928 3651 996 μάτων.

2716 1031 2810 1101 ps’.
2847 1032 2950 1100 Εις
2972 1032 3077 1087 τὸν
3110 1033 3278 1102 ἅγιον
3306 1034 3627 1103 Στέφανον.

2413 1138 2471 1189 '0
2497 1138 2867 1209 συμφονιυτὴς
2900 1143 3013 1202 τοϊς
3048 1143 3323 1207 φονευταῖς
3345 1143 3632 1212 Στεφάνου,

2401 1224 2513 1275 Νῦν
2540 1227 2901 1295 συγχορδυτὴς
2927 1229 3021 1281 καὶ
3046 1228 3301 1292 σύναθλος
3334 1230 3623 1297 Στεφάνου,

2403 1312 2577 1380 Ὠφθη
2601 1312 2807 1366 διώκων
2833 1317 2959 1379 τοὺς
2993 1319 3250 1385 φονευτάς
3274 1321 3563 1391 Στεφάνου.

2478 1400 2537 1453 ’0
2567 1401 2694 1470 πρὶν
2724 1401 2955 1473 διώκτης
2987 1406 3077 1459 καὶ
3102 1410 3358 1478 φονευτὴς
3385 1411 3680 1480 Στεφάνου,

2397 1489 2504 1541 Καὶ
2530 1489 2622 1543 νῦν
2651 1490 2860 1546 διώκων
2884 1495 2979 1563 τὴν
3019 1498 3229 1568 σφαγὴν
3258 1498 3351 1553 τοῦ
3377 1501 3672 1569 Στεφάνου,

2396 1577 2553 1648 Ζήλῳ
2574 1580 2629 1633 δὲ
2657 1582 2855 1650 ταύτης
2882 1588 2983 1655 γῆς
3016 1589 3348 1660 περιτρέχων
3381 1591 3575 1657 κύκλα,

2325 1701 2368 1760 Β
2398 1670 2591 1740 Είληφε
2615 1675 2817 1744 ταύτην
2843 1680 2933 1730 καὶ
2966 1681 3233 1748 Στεφάνου
3256 1683 3315 1735 τὸ
3336 1682 3551 1751 στέφος.

2457 1783 2569 1845 pg’.
2608 1780 2710 1844 Εἰς
2738 1781 2850 1849 τὴν
2881 1785 3157 1920 κοίμηχῖιν
3188 1787 3298 1867 τῆς
3335 1790 3618 1844 Θεοτόιιου
3646 1789 3716 1843 ἐκ
3761 1790 3870 1845 τοῦ

3108 1869 3296 1909 ιστου.

3108 1869 3296 1909 ιστου.

2387 1950 2495 2019 Γῆν
2522 1953 2587 2004 ἐκ
2622 1954 2780 2007 πόλου
2809 1973 2921 2026 μοι,
2959 1958 3063 2028 γῆς
3084 1960 3193 2028 ἐγώ
3223 1977 3304 2013 σοι
3328 1959 3465 2033 [τὸν]
3498 1960 3661 2029 ⁴ιξόλον

2398 2040 2525 2093 Ἰδοὺ
2548 2040 2705 2112 βατὺν
2726 2045 2935 2118 τίθημι,
2964 2049 3151 2119 Μῆτερ
3174 2050 3430 2120 παρθένε.

2454 2148 2553 2220 ρξ’.
2594 2153 2934 2226 Ἐπιτύμϐια
2986 2161 3072 2231 εις
3102 2160 3215 2231 τὸν
3257 2160 3624 2229 πατριάρχην
3675 2160 3871 2231 πυρὸν

2957 2229 3350 2282 Πολύευκτον.
3752 2229 3761 2231 ⁷
3804 2290 3814 2297 _

2382 2332 2536 2395 Τίνος
2562 2336 2647 2399 σὺ,
2671 2335 2881 2405 τύμϐες
2906 2337 3024 2389 Τῶν
3042 2335 3223 2400 καλῶν
3254 2338 3467 2402 πάντως
3491 2338 3682 2407 τάφος.

2381 2421 2454 2474 Τὸ
2488 2423 2647 2492 σῶμα
2672 2425 2787 2487 πῶς
2808 2425 2865 2478 δὲ
2894 2426 3154 2495 φροῦδον;
3198 2428 3287 2493 Ἐξ
3313 2430 3548 2492 ἀσιτίας.

2462 2512 2518 2565 '0
2538 2512 2741 2582 τύμϐος
2763 2509 2916 2578 οὗτος
2953 2517 3056 2578 σοὶ,
3080 2517 3405 2581 Πολύευκτε,
3426 2519 3649 2590 κλίμαξ,

2392 2598 2506 2667 Ἐφ’
2533 2596 2597 2669 ἦς
2620 2602 2684 2654 σὺ
2717 2602 2913 2671 βαίνων
2942 2604 3171 2675 ἔδραμες
3195 2608 3326 2676 πρὸς
3357 2608 3574 2679 αἰθέρα.

2390 2691 2447 2741 ’0
2475 2689 2596 2743 νοῦν
2622 2692 2863 2755 θεωθεὶς,
2889 2695 2963 2758 ὡς
2989 2695 3103 2765 ὄρει
3128 2696 3346 2765 κρυϐεὶς
3378 2697 3530 2768 λίθῳ,

2378 2778 2543 2843 Δόξαν
2573 2780 2781 2851 βροτῶν
2804 2785 3087 2853 πέφευγεν,
3114 2786 3174 2839 οὺ
3202 2786 3431 2859 τέθνηκέ
3458 2804 3559 2842 σοι.

2447 2868 2601 2931 Τίνος
2629 2871 2710 2938 σὺ,
2742 2871 2913 2942 τύμδι
2940 2890 2957 2939 ;
2984 2873 3073 2945 Μὴ
3096 2874 3307 2944 μάθοις,
3329 2877 3453 2931 ἐπεὶ
3488 2878 3718 2948 φράσεις
3740 2898 3757 2915 ·

2380 2960 2444 3011 Ὠ
2474 2962 2644 3027 ποῖος,
2668 2956 2815 3017 οίονῒ
2845 2963 2891 3016 ὢ
2920 2964 3102 3029 πόσος,
3129 2967 3355 3037 κρύπτει
3385 2969 3550 3023 πόσον
3575 2971 3588 3023 l

2297 3157 2343 3214 (ι
2374 3169 2500 3208 num
2540 3154 2715 3213 Patris
2757 3160 2823 3212 ad
2846 3161 3087 3216 dextram
3114 3162 3386 3220 sedentem
3419 3164 3473 3221 in
3514 3182 3679 3225 carne
3708 3171 3928 3238 videns,

2365 3246 2598 3311 complet
2625 3261 2733 3314 pra
2761 3250 2881 3303 aliis
2907 3254 3185 3319 sanguinis
3217 3256 3478 3312 debitum.

2433 3332 2536 3398 Qui
2604 3339 2945 3392 sermonibus
3008 3342 3219 3408 impetis
3277 3345 3441 3398 corda
3511 3346 3926 3402 interfectorum

2365 3419 2588 3485 Christi,
2619 3422 2891 3491 impcteris
2932 3427 2985 3479 in
3025 3442 3254 3496 corpore
3296 3432 3565 3499 lapidibus
3603 3435 3926 3489 interfecto-

2366 3523 2484 3562 rum
2512 3519 2807 3580 martyrum
2842 3530 2854 3566 :
2899 3515 3145 3581 precibus
3180 3527 3235 3569 et
3282 3517 3530 3588 lacrymis
3563 3521 3730 3589 jactui
3778 3524 3913 3592 lapi-

2364 3598 2491 3653 dum
2523 3601 2833 3670 respondes.
2889 3604 3129 3668 Quorum
3190 3608 3360 3674 gratia
3424 3612 3724 3673 coronaris,
3801 3614 3925 3668 Ste-

2365 3690 2561 3757 phane,
2624 3705 2821 3747 corona
2889 3694 3102 3763 triplici,
3158 3696 3490 3768 dogmatum,
3567 3717 3790 3771 precum
3867 3717 3923 3760 et

2362 3781 2714 3837 cruciatuum.

2706 3896 2826 3951 103.
2859 3900 2923 3951 In
2959 3910 3195 3952 sanctum
3218 3900 3556 3971 Stephanum.

2431 4003 2530 4067 Qui
2574 4007 2941 4060 consentiebat
2974 4009 3403 4067 interfectoribus
3433 4016 3707 4084 Stephani,
3757 4036 3917 4079 nunc

2363 4093 2541 4147 socius
2575 4104 2627 4146 et
2647 4098 2934 4149 commilito
2971 4092 3247 4166 Stephani,
3278 4102 3425 4157 visus
3464 4115 3545 4158 est
3574 4122 3915 4177 persequens

2364 4182 2620 4249 Stephani
2646 4182 3031 4239 interfectores.

2432 4269 2532 4335 Qui
2561 4270 2710 4338 prius
2731 4282 2845 4325 erat
2867 4284 3176 4342 persecutor
3194 4286 3247 4329 et
3274 4277 3584 4332 interfector
3610 4280 3908 4353 Step‘hani,

2364 4366 2414 4412 et
2458 4374 2601 4415 nunc
2642 4375 2967 4430 persequens
2992 4363 3243 4431 Stephani
3270 4355 3492 4430 caedem,
3527 4369 3640 4423 zelo
3672 4386 3909 4437 percur-

2288 4469 2330 4521 υ
2362 4463 2486 4502 rens
2510 4448 2672 4518 hujus
2703 4460 2855 4506 terra:
2876 4452 3134 4508 circuitus
3168 4457 3371 4525 accepit
3395 4472 3608 4527 quoqnc
3628 4459 3905 4529 Stephani

2356 4548 2629 4590 coronam.

2526 4643 2646 4699 106.
2680 4644 2745 4699 In
2770 4646 3130 4700 dormitionem
3161 4648 3394 4717 Πείρου-(ε
3424 4653 3683 4709 Christus.

2420 4750 2641 4807 Terram
2671 4768 2702 4808 e
2730 4755 2867 4809 ctelo
2906 4755 3035 4807 mihi
3067 4757 3247 4811 sedem
3276 4758 3488 4823 dedisti,
3522 4772 3574 4816 et
3599 4776 3750 4820 terra:
3794 4786 3903 4838 ego

2360 4839 2456 4894 tibi
2486 4842 2663 4909 polum
2692 4846 2869 4898 sedem
2901 4859 3025 4898 ecce
3054 4845 3145 4910 do,
3176 4846 3339 4901 Mater
3372 4848 3547 4920 Virgo.

2418 4948 2536 5003 107.
2578 4949 2853 5019 Epitaphia
2884 4954 2935 5003 in
2961 4954 3313 5019 patriarcham
3350 4955 3414 5009 υ.
3450 4958 3819 5029 I’olyeuctum.

2419 5039 2582 5106 Cujus
2621 5055 2701 5105 es,
2726 5041 3064 5109 sepulcrum?
3103 5041 3365 5097 Bonorum
3407 5048 3646 5102 omnium
3696 5054 3901 5120 sepul-

2351 5142 2517 5181 crum.
2556 5128 2763 5197 Corpus
2794 5134 3063 5198 quomodo
3091 5135 3338 5187 evanuit?
3375 5138 3733 5196 Abstinentia.

2418 5214 2729 5283 Sepulcrum
2770 5220 2909 5271 istud
2954 5219 3067 5281 tibi,
3102 5218 3406 5289 Polycucte,
3450 5227 3615 5291 scala,
3654 5229 3707 5282 in
3772 5246 3891 5299 qua

721 5294 973 5356 tioribus;
1006 5306 1147 5348 totus
1180 5312 1373 5349 corona
1402 5299 1691 5365 conspicua
1721 5302 1888 5358 factus
1917 5322 1947 5359 e
1979 5307 2243 5374 lapididus
2344 5313 2397 5356 tu
2423 5308 2684 5360 scandens
2714 5308 2776 5360 ad
2811 5308 3003 5359 cmlum
3037 5311 3338 5373 pervenisti.

718 5393 762 5432 el
795 5384 1088 5447 margaritis
1114 5385 1202 5436 tibi
1234 5386 1328 5453 ipsi
1359 5387 1623 5455 praticrris
1650 5400 1698 5442 et
1732 5396 2066 5463 martyribus.

2409 5397 2507 5458 Qui
2553 5408 2725 5451 mente
2757 5399 2969 5451 divinus
3008 5398 3199 5459 factus,
3238 5411 3295 5453 ut
3324 5412 3524 5464 monte.
3560 5405 3737 5472 lapide
3777 5410 3883 5463 ab-

789 5473 827 5521 Ε
855 5475 990 5525 melo
1035 5475 1145 5528 bcri
1192 5475 1446 5534 Dominus
1472 5481 1535 5533 ad
1576 5493 1790 5543 terram,
1829 5501 1856 5533 e
1898 5495 2034 5537 terra
2084 5486 2238 5539 hodie
2336 5487 2610 5539 sconditus
2645 5489 2850 5541 laudent
2894 5489 3191 5543 mortalium
3239 5490 3387 5561 fugit,
3428 5510 3531 5547 non
3577 5495 3668 5548 tibi
3720 5512 3879 5551 more

719 5570 899 5613 servus
941 5562 1005 5614 ad
1050 5564 1241 5616 ccelum
1285 5570 1603 5638 CUttSpiCttus
1642 5571 1799 5623 Subit.
1835 5572 1933 5623 Sed
1960 5574 2025 5625 ibi
2057 5573 2234 5625 Domi-

2335 5581 2451 5627 luu:
2480 5587 2578 5628 οδι.
