4120 6340
327 398 434 453 Καὶ
464 396 656 466 φθόνος
677 395 774 449 οὐκ
798 396 976 465 ὀλίγος
1014 396 1201 467 ἔρρεον
1240 397 1303 449 ἐκ
1339 399 1622 466 στομάτων
1650 415 1663 428 ·

254 490 346 550 Ὠς
384 487 538 557 μόνος
576 483 644 556 ἦν
678 486 868 556 σοφίης
894 485 1072 550 θάλος,
1094 481 1159 555 ἦν
1185 485 1229 536 δ’
1252 487 1442 555 Ἀρεος
1465 487 1672 556 πρόμος
1696 483 1805 551 οἷος

322 575 632 643 Εὐκραδίως
670 574 830 643 μίξας
859 574 981 627 νοῦν
1014 574 1172 640 σοφὸν
1201 573 1401 645 ἠνορέῃ
1424 591 1436 604 ·
1509 613 1513 616 .
1585 565 1590 570 ’

254 665 324 718 Ἤ
352 666 397 720 δ’
425 664 616 734 ἁρετὴ,
651 664 840 734 κακίη,
871 666 1025 732 γένος
1059 665 1257 728 ἄθλιον,
1285 658 1329 718 ὦ
1367 664 1521 732 γένος
1562 666 1807 736 αἰσχρὸν,

319 754 626 816 Οὑτιδανὺν,
660 753 941 823 φθονερὸν,
971 752 1264 806 ἀντίπαλον
1296 753 1510 822 σοφίης.
1752 767 1757 773 ·

242 846 322 896 ’Ἡ
348 845 584 913 μαλακὸν
605 823 764 912 σοφὸν
785 843 1038 914 ἔμμεναι,
1062 845 1094 913 ἢ
1121 845 1323 914 ἄρρενα
1343 843 1576 912 γνώσιος
1598 845 1810 917 ἐχθρὸν,

323 931 449 987 Ὧδε
486 935 702 987 κέλουσι
735 935 841 987 νέοι
876 934 1165 1004 νομοθέται
1199 935 1414 1004 κακίης.

247 1023 449 1080 Ἔνθεν
485 1025 665 1093 μωρὸς
688 1024 798 1091 ἐγὼ
838 1025 932 1076 καὶ
965 1024 1165 1095 πάτρια
1192 1024 1387 1095 θέσμια
1421 1025 1584 1091 λύων,

336 1115 425 1168 Ἐν
461 1117 662 1184 μωροῖς
689 1114 889 1183 μωρὸς,
931 1116 1329 1184 μαινομένοισιν
1357 1117 1568 1188 ἄφρων,

250 1205 430 1258 Πολλὰ
461 1206 692 1274 μόγησα,
726 1206 820 1257 καὶ⁵
846 1203 983 1275 αἷμα
1012 1206 1245 1270 κένωσα,
1273 1209 1465 1278 λύχνον
1491 1213 1535 1262 τ’
1565 1213 1654 1265 ἐπὶ
1675 1216 1812 1266 τοῖσι

335 1296 635 1366 Ἥμετέρου
668 1297 968 1367 προμαχῶν
1002 1299 1202 1366 πλῆθος
1227 1300 1271 1331 ⁶¹
1300 1303 1357 1354 ὲν
1396 1303 1673 1373 πολέμοις,

248 1385 542 1450 Θαύματος
584 1388 706 1439 ἀντὶ
745 1387 959 1453 γέλωτα
984 1390 1028 1442 δ’
1059 1391 1235 1460 δφλων
1272 1392 1364 1446 καὶ
1394 1395 1601 1448 ὀνείδεα
1627 1397 1813 1463 αἴνεον,

283 1488 302 1506 ⁶
328 1475 645 1547 Σκὼμματα
671 1479 716 1510 ⁶²
748 1478 1020 1550 εύλογίης,
1046 1480 1238 1552 ὕϐριας
1265 1483 1384 1534 ἀντὶ
1430 1485 1638 1549 κλέους.

637 1572 756 1681 ριδν.
799 1611 899 1678 Ὠς
919 1611 988 1666 ἐκ
1020 1614 1125 1668 τοῦ
1151 1614 1438 1685 Λαζάρου.

269 1717 600 1788 Ἒδάκρυσας
622 1737 637 1750 ο
670 1721 862 1794 βροτὸς
892 1724 1016 1795 γάρ,
1051 1726 1315 1797 Ἥγειρας
1336 1729 1504 1800 δέμας
1525 1747 1538 1766 .

255 1811 391 1872 Θεὸς
415 1815 523 1881 γὰρ
543 1813 701 1876 αὐτὸς
733 1815 826 1868 καὶ
862 1817 995 1887 πνοὴ
1036 1817 1246 1871 πάντων
1273 1820 1428 1888 ἔφυς.

330 1903 589 1968 Ἀπνους,
616 1904 886 1974 σεσηπὼς,
918 1909 1150 1978 κειρίαις
1189 1912 1534 1980 ὲσφιγμένος,

259 1990 560 2058 Ἐμπνους,
593 1992 818 2059 νεάζων,
849 1995 1064 2049 ἅλλεται
1091 2001 1241 2066 φωνῇ
1282 2002 1436 2069 μόνῃ.

331 2081 540 2153 Ἀπνῳ,
573 2084 804 2146 λυθέντι,
831 2087 1064 2155 κειρίαις
1095 2088 1428 2158 ὲσφιγμένῳ,

258 2171 434 2239 Λόγῳ,
474 2173 641 2243 πνοὴν
665 2174 829 2243 ρῶσίν
860 2193 918 2228 τε
946 2176 1041 2228 καὶ
1072 2177 1225 2230 λύσιν
1261 2178 1422 2243 δίδου,

260 2259 468 2324 Ὄντως
488 2261 658 2330 Λόγος
689 2264 773 2328 σὺ,
800 2266 889 2317 καὶ
917 2265 976 2318 τὺ
1009 2269 1115 2320 πᾶν
1138 2269 1334 2332 κτίζων
1365 2271 1526 2343 λόγῳ.

633 2379 766 2440 ρις¹.
789 2373 889 2438 Εἰς
907 2373 1132 2441 ῥάϐδον
1156 2376 1431 2444 σιδηρᾶν.

271 2475 493 2540 Ῥάδδος
530 2479 813 2550 προφήτης
837 2480 903 2550 ἣν
925 2479 1029 2551 ἔφη
1059 2483 1299 2554 σιδηρέα.

984 2574 1103 2643 ριζν.

266 2659 430 2727 Τρεῖς
467 2656 582 2714 οῐδα
612 2661 860 2733 πρώτους
885 2665 982 2734 τῆς
1011 2666 1320 2738 ἐπιστήμης
1351 2669 1573 2734 στύλους

275 2748 671 2822 Ἀριστοτέλην,
695 2755 973 2822 Πλάτωνα,
987 2757 1328 2828 Πυθαγόραν.

331 2883 411 2938 Ad
442 2886 578 2940 bella
619 2886 940 2955 praeferens;
990 2904 1242 2958 magnum
1295 2894 1436 2946 enim
1469 2903 1520 2946 ct
1564 2895 1808 2949 divinum

1541 288 1880 347 CARMINA
1916 287 2166 347 VARIA.

1834 404 1883 459 Α

3359 282 3464 346 954

2327 397 2449 467 ριη’.
2475 399 2573 462 Εἰς
2601 399 2715 465 τὴν
2748 401 3054 474 ﬂecto/(or.

1907 507 2018 572 Τὴν
2050 503 2316 573 παρθένον
2347 506 2439 556 καὶ
2469 506 2626 574 σῶμα
2656 507 2752 558 καὶ
2781 507 2878 576 τὴν
2908 525 2998 575 καί
3023 507 3137 560 ἶίαν

1918 593 1980 646 'O
2015 593 2172 659 σῶμα
2197 591 2291 644 καὶ
2315 591 2436 642 νοῦν
2472 595 2585 653 τοῖς
2618 593 2795 654 πόνοις
2822 594 3163 663 ἐφθαρμένος

1919 683 2170 750 Ἰωάννης
2206 681 2440 751 ἔγραψεν
2471 681 2637 750 ἄμφω
2666 682 2947 750 ρωννύειν.

1910 771 2145 842 Χρυσὺς,
2176 771 2312 823 λίθοι
2333 770 2509 840 γῆς-ἡ
2540 770 2596 822 δὲ
2618 771 2804 839 τέχνη,
2846 771 2962 834 σοῦ,
2993 773 3154 840 Λόγε.

2630 859 2753 928 ριθ’.

1916 954 2022 1022 Τῆς
2048 954 2148 1020 γῆς
2170 952 2237 1004 τὰ
2263 950 2472 1020 τερπνὰ
2508 952 2602 1004 καὶ
2631 952 2698 1003 τὰ
2725 950 2950 1020 λαμπρὰ
2973 951 3082 1004 τῶν
3111 951 3223 1005 ἄνω

1915 1047 2007 1108 Εἰς
2039 1043 2096 1096 ἓν
2125 1044 2381 1114 κεράσας,
2405 1042 2714 1112 Δημιουργὲ
2746 1043 2854 1094 τῶν
2882 1044 3018 1094 ὅλων

1916 1137 2009 1204 (Σὺ
2037 1137 2142 1204 γάρ
2173 1136 2301 1204 συνή
2314 1151 2458 1203 ργεις
2481 1134 2651 1186 ταῦτα
2670 1133 2746 1202 τῷ
2766 1134 2842 1202 σῷ
2865 1132 3123 1201 Νικήτᾳ),

1921 1228 2110 1279 Ἀλλον
2138 1227 2297 1278 πόλον
2321 1225 2567 1287 τέθεικας
2597 1228 2653 1278 ὲν
2683 1229 2752 1294 γῇ
2789 1226 2878 1277 τὸν
2909 1226 3091 1293 δόμον,

1928 1317 2016 1382 Ἐξ
2053 1317 2291 1384 ἀστέρων
2322 1315 2455 1384 φῶς,
2488 1317 2550 1367 ὲκ
2578 1315 2633 1367 δὲ
2663 1315 2762 1382 τῆς
2794 1315 2894 1383 γῆς
2930 1315 2976 1366 οἱ
3001 1315 3158 1365 λίθοι.

1987 1411 2050 1462 Τί
2084 1409 2174 1462 καὶ
2205 1411 2363 1462 τίνων
2393 1411 2616 1478 εἴληφας
2644 1411 2720 1472 είς
2755 1409 2948 1469 κάλλος
2988 1408 3150 1476 δόμεν
3175 1405 3218 1437 ⁸³

1931 1503 2026 1554 Ἐκ
2050 1501 2274 1570 γῆς’μὲν
2303 1501 2454 1571 ὓλην,
2479 1501 2538 1552 ὲκ
2570 1501 2624 1552 δὲ
2648 1499 2740 1552 τοῦ
2778 1499 2940 1552 πόλου
2974 1498 3194 1566 τέχνην.

1993 1594 2145 1655 Τίνος
2180 1611 2237 1646 σε
2265 1595 2384 1662 χεὶρ
2411 1595 2621 1664 ἡγειρε,
2655 1594 2748 1645 καὶ
2778 1592 2948 1663 δῶρον
2982 1591 3123 1654 τίνι;

1919 1683 2110 1747 Πόθος,
2147 1684 2380 1751 Νικὴτα,
2411 1683 2486 1752 τῷ
2509 1683 2794 1751 κρατοῦντι
2832 1681 2938 1733 τῶν
2963 1680 3122 1733 ὅλων.

1848 1749 1890 1802 Β
1990 1777 2063 1828 Οὐ
2099 1749 2680 1844 χεὶρ).ιθουργδς,νούδὲ
2719 1778 2899 1843 χεῖρες
2939 1771 3260 1841 ζωγράφου*

1918 1866 2014 1935 Σὴ,
2043 1866 2369 1934 Δημιουργὲ,
2402 1867 2521 1934 χεὶρ
2551 1867 2642 1916 καὶ
2673 1868 2737 1931 σὴ
2777 1865 2938 1932 τέχνη

1918 1955 2011 2016 Είς
2037 1954 2093 2005 ἓν
2123 1955 2189 2006 τὰ
2220 1955 2388 2020 κάλλη
2413 1955 2518 2005 τῶν
2550 1955 2683 2005 ὅλων
2716 1955 3023 2022 κεραννύει.

1917 2043 2093 2096 Λίθων
2123 2043 2219 2111 μὲν
2249 2044 2414 2112 αὐγὴ,
2443 2044 2558 2110 φῶς
2590 2044 2824 2096 δοκεῐται
2863 2045 3124 2109 ἀστέρων,

1929 2135 2082 2203 Ἀψὶς
2107 2136 2164 2187 δὲ
2194 2136 2391 2204 χρυσῆ,
2424 2134 2532 2204 πῦρ
2562 2135 2620 2186 τὸ
2642 2135 2893 2203 λαμπρὸν
2924 2135 3159 2203 αἰθέρῡςν

1915 2226 2103 2294 Ψηφὶς
2123 2226 2179 2278 δὲ
2201 2226 2406 2296 τερπνὴ
2439 2226 2530 2278 καὶ
2558 2226 2702 2295 βαφὴ
2728 2227 2834 2277 τῶν
2848 2225 3171 2295 χρωμάτων,

1919 2315 2138 2385 Λειμών
2168 2333 2250 2379 τις
2280 2317 2435 2379 ἄλλος
2457 2318 2696 2387 γραπτὸς
2730 2317 2912 2370 ἄνθεσι
2943 2314 3120 2384 βρύων

1931 2408 1994 2459 'll
2029 2407 2135 2461 τῶν
2160 2409 2338 2461 τόπων
2361 2409 2524 2478 τέχνη
2556 2410 2612 2461 δὲ
2643 2410 2767 2478 νικᾷ
2796 2408 2891 2477 τὴν
2926 2406 3107 2474 φύσιν,

1914 2499 2022 2551 Καὶ
2046 2499 2228 2568 σχῆμα
2255 2501 2349 2552 καὶ
2378 2500 2583 2569 κίνημα
2614 2501 2706 2552 καὶ
2742 2500 2958 2568 βλέμμα
2989 2498 3212 2566 γράφει,

1916 2591 2024 2642 Καὶ
2055 2591 2271 2660 πνεῦμα
2301 2595 2516 2662 μικροῦ,
2553 2594 2709 2646 τοῦτο
2735 2595 2777 2645 δ’
2802 2596 2898 2645 οὐκ
2928 2593 3037 2660 ἔχει
3081 2591 3240 2660 μόνον

1921 2683 2059 2751 Ὀρη
2093 2683 2320 2754 μεθιστᾷ.
2352 2686 2552 2749 πίστις,
2590 2687 2769 2752 ἔργοις
2799 2685 2891 2736 νῦν
2926 2686 3126 2753 βλέπω.

1917 2771 2148 2842 Σοὶγὰρ
2169 2774 2388 2844 λάτρου,
2419 2777 2651 2847 Νικήτα,
2681 2777 2898 2844 φίλτρον
2924 2777 3014 2828 καὶ
3046 2775 3227 2837 πόθος,

2638 2910 2756 2963 H7.

257 2976 530 3042 quoddam
564 2985 695 3031 tunc
727 2979 912 3031 multis
959 2979 1173 3033 invidiae
1207 2997 1369 3035 causa
1400 2985 1688 3038 admodum
1719 3001 1808 3055 ap-

1994 2996 2126 3052 Tres
2166 3000 2286 3051 novi
2314 3001 2519 3069 primas
2567 3002 2810 3054 seieutim
2854 3002 3154 3062 columnas,
3206 2999 3474 3054 Aristotc-

260 3065 538 3134 parebam.

332 3154 461 3209 lude
489 3156 628 3211 mala
658 3157 838 3226 lingua
873 3167 926 3211 et
969 3157 1216 3214 infensus
1271 3161 1467 3230 incepit
1503 3163 1737 3229 dromon,
1761 3173 1816 3219 et

257 3244 464 3300 invidia
493 3262 598 3300 non
626 3248 756 3302 levis
784 3264 848 3302 ex
877 3250 1063 3303 oribus
1092 3250 1318 3304 emuxit.

338 3338 406 3393 Ut
447 3339 593 3394 solus
622 3352 738 3394 erat
784 3342 1065 3410 sapientia:
1095 3361 1295 3408 ramus,
1341 3347 1441 3402 fuit
1471 3349 1633 3402 etiam
1667 3349 1815 3404 solus

258 3431 474 3484 militiae
509 3432 778 3501 princeps,
821 3443 944 3503 apte
972 3436 1206 3492 miscens
1240 3448 1470 3492 mentem
1516 3441 1814 3507 sapientem

255 3524 596 3578 fortitudine.

332 3612 522 3669 Virtus
553 3624 755 3677 autem,
788 3617 997 3679 vitium,
1025 3632 1193 3686 genus
1225 3619 1423 3678 nobile.
1453 3633 1623 3688 genus
1655 3620 1813 3675 inde-

248 3715 474 3765 corum,
508 3703 630 3764 vile,
671 3717 920 3765 exosum,
961 3707 1005 3757 si
1029 3706 1308 3773 sapientia:
1328 3707 1669 3761 adversatur.

334 3789 428 3843 Vel
455 3792 665 3844 mollem
707 3792 1005 3858 sapientem
1047 3806 1185 3854 esse,
1216 3793 1296 3845 vel
1319 3801 1600 3846 strenuum
1634 3795 1813 3848 scien—

251 3880 351 3931 τῖε
384 3879 684 3943 inimicum,
742 3879 829 3932 hic
865 3879 1053 3947 jubent
1093 3879 1216 3932 novi
1269 3880 1527 3947 nequitiae
1585 3881 1802 3949 legisla-

253 3980 427 4024 tores.

330 4061 462 4114 lude
490 4063 690 4118 stultus
723 4077 842 4132 ego,
874 4072 925 4118 et
955 4065 1126 4133 patria
1159 4065 1282 4134 jura
1316 4065 1556 4130 volvens,
1588 4064 1641 4118 in
1675 4074 1812 4120 stui-

253 4160 335 4212 tis
365 4160 579 4222 stultus,
608 4158 657 4209 in
699 4159 903 4211 insanis
945 4158 1193 4211 insanus.

331 4247 497 4301 Multa
547 4263 739 4316 passus
790 4259 932 4312 sum,
983 4251 1298 4318 sanguinein
1348 4253 1482 4320 fudi,
1526 4257 1611 4313 his
1640 4257 1810 4314 vitam

248 4352 463 4394 nostra:
499 4342 672 4407 gentis
703 4341 755 4392 in
792 4341 939 4394 bellis
963 4341 1294 4407 defendens;
1348 4372 1369 4394 ο

330 4430 437 4484 Ρι·ο
468 4430 823 4481 admiratione
853 4430 1020 4482 risum
1049 4431 1299 4486 obtinens
1337 4443 1391 4486 et
1426 4436 1654 4505 injurias
1683 4455 1807 4494 sor-

248 4520 412 4580 titus,
448 4529 544 4582 pro
589 4516 1057 4570 benedictionibus
1111 4518 1413 4585 irrisioues,
1462 4539 1560 4591 pro
1600 4526 1805 4582 honore

247 4606 670 4662 contumeliam.

747 4695 866 4747 115.
906 4694 973 4747 Ut
998 4709 1062 4747 ea:
1095 4694 1322 4751 Lazaro.

312 4780 559 4846 Flevisti,
580 4783 818 4836 mortalis
836 4779 978 4837 enim
1009 4798 1095 4848 es;
1128 4784 1402 4839 suscitasti
1430 4801 1650 4856 corpus,
1681 4807 1804 4846 nam

245 4876 404 4928 Deus
431 4873 540 4942 ipse
556 4880 612 4925 et
638 4875 878 4926 omnium
908 4875 1012 4926 vita
1049 4888 1129 4926 es.

329 4964 610 5027 lnanimis,
633 4964 991 5032 putrefactus,
1016 4965 1202 5021 fasciis
1235 4966 1550 5036 involutus;
1588 4969 1798 5034 vivens.

246 5053 690 5122 rejuvenescens,
717 5056 953 5109 exsultat
983 5071 1087 5109 una
1116 5071 1270 5112 voce.

329 5142 575 5204 lnanimi,
600 5142 884 5211 dissoluto,
916 5146 1096 5201 fasciis
1123 5147 1382 5212 involuto,
1412 5153 1576 5204 verbo
1612 5153 1801 5221 vitam,

245 5233 494 5304 vigorem
533 5244 582 5286 et
613 5234 917 5290 libertatem
951 5238 1112 5304 dona,
1141 5254 1266 5294 vero
1295 5241 1437 5294 enim
1481 5241 1713 5298 Verbum
1747 5262 1806 5302 cs

243 5333 311 5383 et
339 5323 517 5378 omnia
547 5325 707 5378 verbo
730 5341 943 5382 creans.

673 5418 795 5470 H6.
836 5419 898 5472 In
930 5421 1125 5490 virgam
1149 5425 1387 5492 ferream.

334 5508 493 5578 Virga
522 5523 681 5576 quam
715 5511 890 5579 inquit
919 5517 1196 5584 propheta,
1224 5517 1414 5572 ferrea.

335 5647 374 5678 ⁶¹
412 5645 632 5715 πλήθεος
658 5645 757 5714 leg.

837 5649 878 5677 ⁶²
907 5647 1038 5700 (Iud.
1080 5652 1384 5719 σκόμματα.
1464 5655 1504 5683 ⁶¹
1539 5657 1616 5706 Διὶ
1658 5655 1872 5723 δόμωνῒ

1921 3091 2050 3155 lem,
2081 3076 2380 3157 Platonem,
2423 3093 2803 3163 Pythagoram.

2426 3207 2541 3261 “8.
2578 3207 2637 3260 In
2666 3207 2964 3272 Dciparam.

1994 3315 2268 3384 Virginem
2299 3330 2526 3384 corpore
2569 3328 2621 3369 et
2655 3318 2835 3378 corde,
2871 3318 2961 3384 qui
2993 3325 3220 3367 montem
3270 3325 3321 3366 ct
3352 3329 3472 3365 cor--

1919 3426 2021 3480 pus
2057 3408 2338 3462 laboribus
2376 3418 2762 3476 consumptum
2799 3409 3030 3460 habebat
3061 3406 3296 3459 Joannes
3336 3408 3464 3457 scri—

1919 3503 2026 3572 psit
2055 3511 2284 3569 utroque
2335 3501 2542 3564 valere;
2575 3517 2789 3564 aurum,
2839 3511 2994 3570 terra:
3055 3500 3291 3568 lapides;
3337 3512 3470 3565 Opus

1922 3602 2101 3647 autem
2143 3603 2295 3646 tuum
2336 3602 2437 3656 est,
2472 3590 2728 3645 Verbum.

2643 3706 2764 3759 ΗΕ).

1977 3797 2172 3892 λῙέη-εε
2197 3799 2439 3864 jucunda
2483 3807 2535 3850 et
2587 3797 2709 3850 (mli
2767 3795 3048 3862 magniﬁca
3078 3795 3130 3847 in
3163 3808 3326 3845 unum
3367 3790 3466 3841 mi-

1917 3882 2130 3946 sciiisti,
2167 3888 2548 3939 universorum
2577 3885 2819 3937 Creator.
2853 3882 2984 3936 Nam
3021 3892 3074 3935 tu
3106 3884 3215 3933 luce
3248 3897 3472 3945 congre-

1915 3977 2051 4044 gasti
2090 3977 2140 4028 in
2174 3985 2268 4028 tuo
2298 3974 2502 4036 Niceta.
2539 3975 2693 4028 Aliud
2723 3975 2921 4026 cadum
2967 3972 3204 4027 statuisti
3234 3972 3284 4024 in
3333 3980 3473 4022 terra

1917 4068 2056 4120 hanc
2085 4067 2324 4131 domum,
2349 4085 2412 4121 cx
2434 4068 2598 4122 astris
2634 4067 2839 4130 lumen,
2880 4081 2910 4119 e
2950 4073 3092 4118 terra
3121 4073 3298 4116 autem
3332 4062 3469 4130 lupi.

1915 4161 2010 4215 des
2047 4170 2193 4215 sunt.

1991 4251 2127 4318 Quid
2172 4253 2507 4321 etequibus
2557 4251 2837 4319 sumpsisti
2888 4249 2953 4303 ad
3011 4245 3466 4318 pulchritudinem

1851 4330 1893 4385 Β
1919 4347 2149 4401 domus?
2177 4347 2215 4399 E
2247 4354 2392 4400 terra
2450 4345 2665 4414 quidem
2722 4341 3022 4403 materiam,
3067 4353 3096 4390 e
3122 4335 3259 4389 emit)
3293 4342 3470 4385 auten

1919 4449 2110 4491 artem.

1987 4525 2283 4592 Cujusnam
2334 4534 2385 4576 te
2414 4537 2606 4575 manus
2662 4519 2948 4579 exstruxit,
2997 4525 3051 4567 et
3099 4515 3186 4568 cui
3226 4513 3464 4566 donum?

1916 4622 2071 4669 a‘mor
2101 4613 2298 4666 Niceta:
2330 4614 2701 4666 universorum
2730 4607 3078 4661 dominatori.

1990 4704 2104 4757 Non
2148 4717 2340 4756 manus
2368 4702 2614 4770 lapidarii
2657 4715 2756 4753 nec
2804 4715 2997 4752 manus
3058 4699 3307 4766 pictoris;
3359 4708 3472 4758 tua,

1915 4795 2159 4857 Creator,
2188 4807 2383 4846 manus
2412 4803 2464 4844 et
2487 4808 2574 4845 ars
2606 4794 2657 4844 in
2692 4807 2861 4844 unum
2893 4792 3134 4844 omnium
3163 4791 3468 4859 pulchritu-

1912 4887 2066 4938 dines
2102 4885 2309 4938 miscet.
2343 4883 2604 4953 Lapidum
2639 4883 2855 4952 quidem
2889 4885 3074 4949 nitor“
3116 4884 3200 4934 lux
3253 4881 3462 4931 videtur

1909 4984 2222 5037 astrorum;
2271 4976 2483 5029 testudo
2530 4985 2713 5028 autem
2749 4989 2932 5038 aurea,
2991 4974 3130 5042 ignis
3176 4968 3468 5038 splendens

1915 5066 2160 5128 aztheris;
2203 5066 2439 5133 jucunda
2487 5067 2789 5136 lapillorum
2852 5068 3083 5119 varietas
3133 5073 3184 5114 et
3224 5059 3465 5110 colorum

1912 5160 2110 5230 “"80".
2141 5161 2330 5214 hOI‘lus
2379 5160 2599 5228 quidam
2656 5168 2739 5212 est
2778 5158 2942 5210 variis
2984 5151 3205 5206 ﬂoribus
3264 5148 3460 5213 pictus.

1923 5251 2245 5320 Figurarum
2284 5265 2374 5302 ars
2425 5260 2670 5302 naturam
2712 5248 2975 5306 vim-iuet
3028 5240 3289 5293 habitum.
3353 5252 3467 5288 mo-

1923 5350 2058 5402 tum,
2091 5351 2367 5409 aspectum
2402 5341 2581 5399 refert,
2620 5352 2668 5390 ιιι
2718 5338 2878 5388 vitam
2921 5332 3048 5391 fere,
3089 5329 3137 5379 id
3184 5344 3308 5378 vero
3357 5343 3465 5380 non

1921 5433 2093 5486 solum
2146 5432 2325 5484 habet.
2378 5430 2579 5482 Montes
2631 5423 2888 5477 transfert
2937 5421 3062 5471 fides
3095 5460 3107 5480 ,
3166 5433 3464 5484 11111100ρο-

1918 5523 2068 5576 ribus
2097 5523 2271 5575 video.
2305 5520 2402 5571 Tui
2452 5519 2590 5570 enim
2618 5513 2754 5567 servi
2803 5511 2995 5564 Nicone
3041 5527 3192 5562 amor
3244 5521 3288 5562 et
3328 5510 3463 5577 phil-
