4120 6340
461 313 558 375 961
1743 320 1782 376 C
1805 321 1936 375 lli}!

462 425 732 492 Σςαιξεῖσα
765 429 807 458 ⁸⁸
830 428 872 479 δ’
899 429 1034 497 αὕτη
1061 430 1190 499 πρὸς
1218 431 1400 496 νοητὸν
1427 430 1730 499 Φωσφόρον,

463 515 611 567 Ἀνω
645 519 775 587 πρὸς
802 521 960 571 αὑτὸν
988 521 1060 582 ὡς
1097 521 1289 590 σελήνη
1324 521 1453 588 πρὸς
1487 521 1664 580 πόλον,

461 605 534 655 Τὸ
573 608 682 674 φῶς
717 611 893 676 ἀφῆκε
919 629 930 640 ”
959 611 1095 680 πρὸς
1133 612 1304 680 δὲτὴν
1328 613 1487 679 χθόνα
1521 611 1701 679 βρίθον

460 694 655 748 Νεύειν
683 699 894 767 ἀνάγκη
929 701 988 752 τὸ
1017 701 1238 762 σκιῶδες
1280 701 1520 769 σαρκίον.

692 806 823 876 ρλβ’.
855 811 955 870 Εἰς
988 807 1098 873 τὴν
1125 810 1323 887 εἰκότα
1355 809 1457 860 τοῦ
1491 790 1778 875 Σωτῆρος.

463 914 636 965 Είκὼν
673 918 734 969 σὺ
762 919 988 986 Πατρὺς,
1029 921 1140 971 ἀλλ’
1175 922 1515 990 ἀμόρφωτος,
1551 922 1687 989 Λόγε
1713 940 1726 953 ·

458 1003 605 1072 Αὕτη
632 1006 684 1056 δὲ
713 1009 890 1077 μορφὴ
928 1010 1024 1077 τῆς
1058 1011 1194 1079 ἐμῆς
1233 1012 1444 1079 μορφῆς
1464 1013 1630 1074 τύπος
1655 1029 1669 1042 '

463 1090 671 1160 Ἧνπερ
702 1097 879 1162 φορῶν
902 1098 1127 1158 ἔσωσας.
1174 1099 1259 1160 Ὠς
1292 1099 1529 1164 διπλοῦν,
1563 1101 1724 1165 σέϐω,

457 1179 526 1230 Σὺ
559 1184 769 1252 πνεῦμα
802 1186 894 1236 καὶ
931 1189 990 1237 τὸ
1016 1188 1190 1254 σῶμα,
1219 1190 1455 1259 Μιχαὴλ,
1485 1191 1724 1253 σκέποις.

966 1294 1096 1364 ρλγ’.
1126 1300 1227 1361 Εἰς
1256 1299 1494 1364 τύμϐον.

455 1397 670 1468 Μήτηρ,
705 1401 960 1470 μαθηταὶ,
1003 1405 1292 1474 μάρτυρες,
1335 1406 1470 1471 νόες,
1505 1408 1670 1472 φίλοι,

457 1491 602 1543 ’Δνω
632 1493 888 1547 κυκλοῦσι
923 1496 1009 1547 τὸν
1041 1497 1225 1565 θρόνον
1259 1514 1371 1558 σου,
1404 1497 1649 1551 Δέσποτα
1674 1515 1688 1528 ⁸

454 1579 557 1630 Τὸν
581 1582 673 1632 τοῦ
707 1582 894 1652 θρόνου
929 1586 1094 1639 τύπον
1120 1587 1198 1649 δὲ,
1231 1589 1432 1639 τούτων
1453 1589 1501 1639 οἱ
1531 1579 1688 1640 τύποι

451 1669 778 1738 Φρουροῦσιν
813 1668 941 1726 ὧδε·
975 1678 1158 1743 χεῖρας
1195 1676 1493 1744 ἱκετηρίους

451 1759 671 1826 Λῖρουσι
703 1764 836 1831 πρὸς
868 1765 946 1816 σέ.
985 1766 1121 1817 [ἰᾶσι
1151 1765 1236 1828 δὸς
1273 1766 1398 1836 μίαν
1437 1767 1598 1835 χάριν

452 1847 650 1902 Τοῦτον
680 1853 930 1919 γενέσθαι
949 1855 1036 1907 τὸν
1065 1856 1332 1908 τυπούντα
1365 1859 1487 1917 τοὺς
1514 1856 1732 1919 τύπους.

831 1961 954 2030 ρλδ’.
985 1964 1079 2026 Είς
1115 1962 1226 2029 τὴν
1255 1964 1612 2029 σταύρωσιν.

461 2066 517 2116 ’0
549 2069 774 2136 σταυρὸς
802 2066 913 2137 εἶχε
948 2071 1126 2138 σῶμα,
1164 2069 1375 2140 πνεῦμα
1405 2069 1692 2128 Δεσπότου.

447 2154 557 2205 Καὶ
578 2156 860 2226 φωσφόρον
897 2158 1173 2226 λάμποντα
1203 2161 1294 2210 καὶ
1321 2159 1469 2209 θείαν
1497 2158 1656 2226 φύσιν
1685 2174 1697 2186 ο

445 2244 660 2297 Τούτων
692 2247 752 2297 τὸ
785 2248 989 2314 πάσχον
1018 2247 1074 2298 ἓν
1106 2249 1264 2316 μόνον
1295 2250 1400 2300 τῶν
1436 2249 1734 2319 τεσσάρων,

447 2334 518 2386 Τὸ
548 2335 722 2404 σῶμα,
748 2333 914 2389 τᾶλλα
951 2337 1043 2389 τοῦ
1082 2338 1283 2400 πάθους
1314 2337 1577 2408 ἀνώτερα.

755 2443 877 2511 ρλε’.
911 2446 1013 2509 Εἷς
1037 2444 1141 2496 τὸν
1181 2444 1670 2513 ἀρχιστράτηγον.

447 2546 568 2610 Πῶς
593 2549 746 2619 ὑλικὴ
775 2551 896 2619 χεὶρ
935 2551 1031 2620 τὴν
1069 2553 1257 2605 άῦλίαν
1288 2553 1486 2620 γράφει
1511 2569 1525 2616 ;

444 2639 546 2691 Τὸν
580 2641 699 2692 νοῦν
725 2643 752 2693 ὁ
785 2644 902 2704 νοῦς
928 2643 1182 2711 ἔγραψεν,
1212 2645 1243 2712 ὴ
1274 2644 1392 2714 χεὶρ
1424 2644 1513 2695 τὸν
1545 2642 1734 2695 τύπον.

479 2745 617 2814 ρλς’.
647 2749 750 2811 Είς
790 2749 902 2815 τὴν
925 2750 1163 2816 εὕρεσιν
1202 2749 1306 2813 τῆς
1337 2749 1603 2817 κεφαλῆς
1630 2749 1733 2801 τοῦ
1763 2751 1954 2816 τιμίου

1032 2819 1394 2885 ῘῘβΟδβόβιὶΊ).

441 2919 756 2988 Κρυφθεῖσα
785 2922 974 2992 φαίνῃσ
1008 2923 1102 2974 καὶ
1134 2923 1365 2975 θανοῦσα
1388 2923 1493 2992 γὰρ
1519 2923 1714 2989 λέγεις.

447 3010 640 3075 ’Ἄμφω
665 3012 914 3077 πέφυκας
942 3011 1132 3074 ταῦτα,
1159 3011 1307 3080 φωνὴ
1335 3011 1426 3063 καὶ
1464 3011 1671 3080 λύχνος.

441 3097 630 3164 Λέγεις
659 3097 910 3163 θανοῦσα,
951 3098 1042 3151 τοῦ
1075 3102 1244 3166 Λόγου
1281 3100 1451 3168 φωνὴ.
1486 3101 1616 3166 σύγε

1953 319 2075 376 ΝΑ
2113 321 2360 380 VARIA.

2042 438 2083 491 Α
2115 432 2277 500 duim
2303 429 2564 500 κρυδεῖσα
2591 429 2778 499 λύχνος
2799 429 2965 492 ὅντως
2988 430 3157 499 ἡλίου.

3558 314 3667 376 962

2118 520 2344 587 Πρώτην
2364 519 2423 572 τὸ
2450 519 2662 589 πρῶτον
2692 519 2783 570 τοῦ
2815 520 2946 571 Θεοῦ
2990 518 3292 588 παρουσίαν

2115 610 2236 668 Τοῖς
2265 609 2428 672 ζῶσιν
2456 611 2512 660 ὲν
2547 613 2638 679 γῇ.
2673 613 2782 670 τοῖς
2806 612 3016 677 νεκροῖς
3041 610 3190 661 κάτω
3219 609 3408 674 λέγεις

2125 699 2372 767 Ἀνῆλθες
2405 700 2578 764 αὖθις,
2609 702 2640 769 ἡ
2668 700 2826 763 λάλος
2852 701 2944 751 καὶ
2965 699 3060 750 νῦν
3090 700 3252 768 κάρα,

2112 787 2176 838 Τί
2210 788 2513 858 μηνύουσαῖ
2543 792 2810 858 Δευτέραν
2841 789 3166 860 παρουσίαν.

2423 898 2551 967 ρλζ’.
2589 901 2690 964 Εἰς
2720 901 2824 952 τὸν
2855 900 3070 952 ἑαυτοῦ
3105 898 3344 966 πατέρα.

2114 1003 2208 1064 Ὃς
2239 1004 2330 1055 καὶ
2362 1006 2619 1059 νοσοῦντα
2648 1007 2833 1074 χερσὶν
2861 1004 3267 1074 ὴγκαλιζζόμην⁴

2115 1093 2205 1154 Ὃς
2237 1094 2327 1145 καὶ
2359 1094 2581 1147 θανόντα
2613 1096 2710 1158 σὰς
2748 1094 3094 1167 περιστείλας
3123 1094 3308 1161 κόρας.

2113 1180 2343 1233 Ἔλουσα
2372 1183 2609 1253 λουτροῖς
2645 1185 2888 1252 ἐσχάτοις
2920 1184 2986 1234 τὰ
3014 1181 3218 1249 Θρεπτά
3255 1196 3357 1240 σοι.

2107 1270 2217 1323 Καὶ
2248 1272 2440 1341 φόρτον
2469 1274 2595 1342 ἡδὺν
2627 1276 2766 1344 μῆνα
2795 1274 3065 1342 βαστάσας
3091 1275 3228 1337 ὅλον,

2107 1361 2338 1430 Μακρᾶς
2360 1380 2418 1416 σε
2448 1367 2551 1432 γῆς
2575 1366 2779 1435 ἡνεγκα
2815 1367 3029 1434 μυρίοις
3062 1368 3244 1426 πόνοις
3269 1379 3281 1391 ⁶

2108 1452 2215 1503 Καὶ
2242 1451 2455 1522 συζύγῳ
2483 1455 2710 1519 δέδωκα,
2735 1458 2826 1508 καὶ
2855 1460 2917 1526 τῇ
2948 1457 3184 1526 πατρίδι,

2112 1543 2364 1612 ’Έκρυψα
2401 1547 2493 1598 καὶ
2520 1547 2709 1617 τύμϐῳ
2733 1549 2789 1599 δὲ
2822 1549 2914 1600 καὶ
2941 1551 3005 1616 τῇ
3039 1546 3258 1616 καρδίᾳ,

2118 1631 2389 1700 Ἰωάννης,
2425 1635 2531 1685 σῶν
2560 1637 2828 1702 φιλτάτων
2856 1637 3118 1698 νεώτατος
3142 1652 3157 1668 ·

2111 1722 2362 1791 Ἔγραψα
2395 1728 2487 1777 καὶ
2513 1726 2603 1780 νῦν
2626 1727 2759 1796 τῷδε
2785 1728 2860 1797 τῷ
2886 1729 3061 1798 τύπῳ,
3098 1729 3270 1797 πάτερ
3292 1744 3306 1756 ·

2109 1811 2287 1880 Πάτερ
2316 1813 2540 1878 γλυκεῖα
2572 1816 2782 1884 κλῆσις,
2806 1818 2924 1882 ὄψις
2945 1819 3106 1888 ἡδίων
3129 1804 3144 1851 έ

2105 1901 2314 1970 Μικρὸν
2339 1907 2708 1975 παρηγόρημα
2741 1907 2834 1959 τοῦ
2876 1908 3070 1960 πολλοῦ
3095 1910 3280 1962 πόθου.

2240 2092 2243 2093 ν
2348 2019 2482 2088 ρλην.
2513 2022 2616 2084 Εἰς
2644 2021 2747 2071 τὸν
2774 2021 2988 2074 ἑαυτοῦ
3014 2021 3403 2074 διδάσκαλον.

2101 2126 2409 2195 Καλλιόπης
2439 2126 2535 2194 μὲν
2576 2127 2816 2196 Ὀμήρῳ,
2857 2130 2939 2180 σοὶ
2971 2129 3026 2180 δέ
3053 2131 3099 2180 oi
3123 2129 3313 2181 ἔπλετο
3343 2129 3451 2180 αὐτ·

2214 2216 2431 2269 Γλῶττα
2467 2216 2564 2284 μὲν
2590 2217 2862 2287 Εὐτέρπη,
2899 2219 3132 2288 Οὐρανίη
3160 2219 3213 2270 δὲ
3243 2220 3406 2287 φρήν.

2359 2322 2490 2394 ρλθ’.
2518 2325 2620 2389 Είς
2651 2324 2848 2378 Θέωνα
2879 2326 2984 2378 τὸν
3014 2328 3372 2394 φιλόσοφον.

2097 2431 2316 2500 Τρέχων
2350 2432 2564 2495 ἁπάσας
2588 2433 2684 2497 τὰς
2711 2435 3017 2502 ἐπιστήμας
3046 2435 3215 2498 Θέων,

2097 2521 2204 2590 Τὴν
2239 2523 2430 2589 κλῆσιν
2459 2520 2581 2594 εὗρε
2621 2526 2872 2596 πράξεως
2897 2526 3146 2590 ἐπαξίαν.

2094 2613 2242 2665 Θέων
2271 2617 2297 2666 ὁ
2331 2614 2536 2678 κλεινὸς
2570 2617 2661 2669 καὶ
2689 2616 2943 2686 κέκληται
2981 2615 3318 2686 προσφόρως,

2106 2702 2192 2764 Ὠς
2222 2704 2287 2756 ἂν
2323 2707 2594 2774 πτερωτὸς
2619 2707 2710 2758 καὶ
2732 2707 2796 2758 δι’
2833 2706 3048 2774 αἰθέρος
3082 2705 3308 2775 τρέχων.

2430 2822 2536 2885 ρμ’.
2574 2818 2676 2881 Είς
2703 2814 2852 2868 ναὸν
2883 2815 2986 2866 τοῦ
3023 2812 3305 2877 Σωτῆρος.

2104 2922 2189 2983 Ὠς
2221 2922 2312 2975 τοῦ
2347 2923 2507 2974 πόλου
2538 2924 2761 2992 μίμημα
2791 2923 2881 2974 τὸν
2903 2922 3061 2990 δόμον
3088 2921 3297 2989 βλέπων

2093 3011 2138 3063 α’
2179 3013 2267 3077 Ἐξ
2303 3014 2530 3082 ούρανοῦ
2570 3014 2779 3064 κάτεισι
2805 3012 3036 3081 Χριστὸς
3057 3013 3152 3063 σὺν
3183 3011 3354 3078 φίλοις
3383 3027 3393 3039 ·

2093 3103 2138 3171 γ’
2168 3106 2354 3168 Πίστις
2386 3106 2440 3159 δὲ
2470 3105 2645 3158 πείθει
2669 3105 2837 3158 ταῦτα
2865 3106 3257 3174 σὺνΤεωργίῳ.

440 3299 546 3362 dit;
569 3298 660 3354 sed
699 3300 765 3351 ad
799 3308 998 3353 terram
1037 3301 1284 3355 inclinari
1320 3317 1536 3358 necesse
1569 3314 1651 3356 est
1681 3304 1890 3371 pondus
1918 3313 1994 3357 te-
2025 3310 2065 3369 (ζ
2102 3315 2373 3359 mortuum
2408 3320 2508 3359 vox
2527 3304 2717 3371 Verbi,
2750 3307 2985 3361 cerneris
3027 3304 3397 3378 absconditum
3422 3302 3640 3354 lucerna

440 3393 725 3447 nebrosum
763 3393 964 3447 carnis.

814 3497 935 3550 159..
967 3495 1031 3550 In
1060 3498 1267 3567 efﬁgiem
1300 3496 1614 3552 Salvator-is.

507 3581 715 3652 Elligies
742 3593 797 3637 tu
821 3584 1018 3646 Patris,
1050 3587 1141 3637 sed
1175 3585 1546 3653 inc0rporalis,
1573 3585 1803 3639 Verbum
1832 3603 1846 3651 ;
1881 3586 1990 3639 haec

437 3681 612 3724 autem
656 3672 826 3725 ferina
865 3688 994 3724 mea:
1016 3672 1203 3724 formae
1231 3683 1310 3724 est
1351 3675 1535 3741 ﬁgura,
1571 3669 1740 3740 quam’
1774 3685 1988 3740 gestans

435 3761 673 3813 sa'vasti.
705 3759 772 3812 Ut
817 3760 1079 3828 duplicem
1114 3761 1297 3823 adoro,
1329 3771 1382 3812 tu
1419 3762 1652 3814 animam
1700 3773 1752 3813 et
1784 3778 1981 3828 corpus

435 3849 655 3902 llichael
684 3860 947 3919 protegas.

934 3940 1048 3992 153.
1084 3938 1149 3991 In
1180 3939 1493 4006 sepulcrum.

505 4047 690 4112 Hater,
737 4047 1008 4116 discipuli,
1059 4057 1340 4117 martyres,
1401 4048 1639 4115 spiritus,
1692 4047 1874 4111 amici,
1928 4048 1979 4100 in

433 4143 571 4195 ratio
620 4150 769 4193 tuum
803 4141 1136 4194 circumdant.
1181 4141 1451 4201 thronum,
1503 4139 1724 4192 Domine
1756 4157 1768 4192 :
1802 4140 1981 4192 throni

430 4242 610 4285 autent
668 4233 914 4300 ﬁguram,
957 4231 1148 4282 horum
1196 4244 1410 4298 quoque
1443 4223 1624 4298 ﬁgurat
1658 4229 1744 4284 hic
1795 4239 1980 4282 custn-

428 4325 624 4386 diunt;
673 4337 864 4375 manus
916 4321 1184 4388 supplices
1243 4322 1434 4373 tollunt
1469 4320 1533 4372 ad
1583 4329 1632 4373 te
1671 4337 1684 4372 :
1723 4320 1978 4375 omnibus

431 4428 591 4465 unatn
645 4412 878 4465 concede
941 4412 1205 4478 gratiam,
1252 4411 1406 4463 talem
1478 4409 1589 4462 ﬁeri
1641 4410 1731 4478 qui
1776 4410 1975 4478 ﬁguras

429 4504 599 4555 ﬁnxit.

865 4585 980 4643 154.
1017 4586 1077 4638 In
1114 4586 1535 4652 Ct'uciﬁxionent.

494 4698 633 4749 Crux
668 4693 854 4746 habuit
883 4708 1100 4759 corpus,
1137 4694 1376 4758 spiritum
1413 4689 1642 4752 Domini,
1691 4698 1742 4742 et
1789 4689 1975 4740 lurife-

422 4805 540 4838 tum
566 4787 928 4852 splendentem
955 4795 1004 4836 et
1027 4785 1261 4836 divinam
1298 4793 1579 4832 naturain:
1617 4781 1803 4831 horum
1834 4796 1971 4846 qua-

420 4888 544 4926 lttnt‘
599 4892 760 4925 ιιιιιιιιι
806 4876 978 4927 solum
1032 4889 1225 4940 corpus
1271 4886 1507 4938 passum,
1569 4870 1670 4920 alia
1732 4871 1968 4935 passioni

417 4966 720 5030 superiora.

822 5050 940 5104 155.
977 5048 1041 5100 In
1076 5049 1329 5100 exercitus
1361 5047 1561 5099 ducent.

490 5139 773 5205 Quomodo
821 5139 1114 5191 materialis
1161 5151 1347 5188 manus
1399 5134 1806 5187 immaterialcm
1853 5134 1970 5203 pin-

419 5233 534 5302 git?
574 5240 806 5284 mentem
845 5242 998 5280 mens
1033 5228 1222 5294 pinxit,
1257 5241 1449 5279 manus
1476 5227 1593 5292 ﬁgu'
1617 5240 1722 5276 am.

421 5340 546 5395 156.
585 5337 647 5391 In
679 5335 1018 5388 inventionem
1057 5333 1244 5398 cupitis
1282 5331 1559 5382 venerandi
1597 5328 1965 5382 Prmcursoris.

492 5439 1154 5499 Absconditumcerncris,
1183 5435 1264 5488 vel
1297 5446 1563 5486 mortuum
1606 5433 1746 5485 cuitu
1787 5434 1966 5500 loque-

419 5540 519 5601 ris,
541 5547 827 5600 uirumque
852 5528 995 5582 fuisti
1035 5527 1181 5589 illud,
1218 5541 1312 5576 vos
1353 5536 1404 5576 et
1432 5526 1669 5576 lucerna.
1705 5522 1966 5591 Loqueris

497 5673 540 5701 ‘9
575 5667 827 5720 σταθεῖσα
870 5664 971 5715 κ’ἰιί.
1005 5663 1100 5729 leg.
1145 5659 1221 5712 \‘t-l
1264 5661 1506 5723 ταξεῖςα.

2097 3397 2204 3450 veri
2253 3397 2406 3450 solis.
2457 3397 2695 3450 Primum
2738 3399 2908 3466 prima
2952 3397 3041 3451 Dei
3080 3398 3364 3450 adventum
3415 3395 3640 3446 viventiv

2093 3487 2194 3540 bus
2247 3488 2298 3540 in
2355 3498 2515 3554 terra,
2550 3491 2777 3544 mortuis
2825 3490 2876 3541 in
2928 3487 3114 3542 inferis
3155 3485 3408 3556 loqueris.
3460 3485 3638 3552 Appa-

2092 3583 2247 3636 ruisti
2285 3599 2476 3638 rursus
2510 3592 2562 3636 et
2602 3599 2744 3637 nunc
2771 3592 2930 3651 caput
2970 3583 3214 3651 loquens,
3245 3580 3370 3648 quid
3397 3577 3643 3631 nuntiat?

2092 3670 2400 3724 Secundum
2426 3673 2737 3726 adventum.

2541 3766 2657 3817 157.
2689 3765 2752 3816 In
2786 3781 2934 3816 suum
2969 3774 3188 3830 patrem.

2155 3849 2255 3913 Qui
2288 3860 2635 3916 a‘grotantem
2674 3854 2918 3905 manibus
2945 3854 3259 3918 complexus
3283 3868 3424 3913 sum,
3458 3855 3548 3918 qui
3580 3862 3633 3906 ct

2089 3947 2357 3990 mul‘ltllllll
2407 3939 2637 4006 pupillas
2662 3947 2777 3991 tuas
2815 3954 3143 4007 componens
3168 3940 3371 3992 ultimis
3406 3939 3610 3992 ablutio

2085 4024 2239 4078 nibus
2263 4025 2383 4088 lavi,
2427 4026 2519 4078 lilii
2566 4026 2754 4080 olliciis
2798 4026 3046 4095 fungens,
3073 4037 3124 4079 et
3157 4042 3293 4081 onus
3330 4028 3627 4095 jucundum

2084 4130 2267 4169 mense
2303 4125 2411 4169 toto
2442 4124 2679 4184 gestans,
2713 4131 2742 4169 a
2771 4117 3056 4185 longinqua
3088 4127 3226 4168 terra
3262 4127 3312 4169 te
3336 4114 3454 4169 etﬁn
3489 4117 3631 4167 mitle

2081 4201 2355 4256 laboribus
2388 4203 2563 4265 retuli,
2590 4213 2642 4256 et
2673 4204 2888 4271 eonjugi
2914 4202 3030 4255 dedi
3062 4213 3112 4256 et
3137 4204 3341 4270 patrue,
3367 4202 3628 4256 occultavi

2083 4305 2298 4358 quoque
2329 4288 2380 4343 in
2421 4290 2628 4344 tumulo
2666 4297 2718 4342 et
2751 4289 2804 4342 in
2832 4289 3014 4353 corde,
3043 4287 3277 4343 Joannes
3302 4289 3628 4342 delectorum

2078 4389 2326 4433 natorum
2381 4392 2592 4434 tuorum
2653 4381 2998 4444 novissimus,
3049 4381 3238 4449 scripsi
3297 4395 3437 4433 nunc
3501 4380 3626 4432 huic
3680 4421 3687 4423 .

2076 4470 2285 4538 eﬂigiei,
2325 4480 2470 4537 pater
2512 4489 2524 4523 :
2564 4471 2729 4523 Dulce
2767 4485 2979 4533 nomen,
3019 4480 3188 4537 pater,
3222 4469 3429 4522 dulcior
3481 4484 3629 4536 asper

2078 4569 2228 4625 ctus;
2257 4570 2314 4610 ιιι
2342 4574 2558 4626 parvum
2595 4568 3002 4612 monumentum
3038 4562 3212 4625 magni
3253 4559 3470 4610 amoris.

2482 4647 2599 4699 1'58.
2638 4645 2699 4696 In
2729 4662 2876 4696 suum
2911 4642 3253 4712 magistrum.

2144 4736 2404 4801 Calliopes
2436 4715 2647 4798 quidem
2681 4735 2928 4795 Homero,
2959 4736 3047 4787 tibi
3078 4744 3252 4786 autem
3298 4735 3410 4802 ipsa
3445 4733 3620 4786 conti-

2073 4826 2146 4892 git
2179 4826 2355 4889 lingua
2384 4823 2657 4890 Euterpes,
2693 4822 2902 4875 Urania:
2940 4833 3112 4876 autem
3141 4839 3310 4877 mens.

2393 4914 2510 4966 l39.
2545 4912 2611 4965 In
2645 4913 2895 4967 Tlteonem
2929 4917 3305 4983 ρΙιξίοδορΙιωη.

2141 4999 2445 5054 Reeurrens
2476 5001 2661 5056 Theon
2712 5019 2901 5059 omnes
2931 5007 3204 5068 scientias,
3244 5021 3435 5059 nomen
3472 5007 3620 5058 inve-

2077 5087 2153 5139 nit
2183 5102 2341 5153 opera
2375 5090 2619 5158 dignum.
2662 5091 2844 5146 Theon
2887 5095 3113 5147 celebris
3159 5105 3376 5148 vocatur
3408 5096 3615 5156 merito,

2076 5186 2255 5244 utpote
2284 5178 2455 5232 alatus
2485 5193 2536 5232 et
2563 5197 2653 5248 per
2683 5185 2881 5236 aethera
2915 5200 3156 5237 currens.

2419 5265 2541 5320 ΗΟ.
2579 5265 2648 5325 In
2684 5271 2924 5334 templum
2961 5269 3266 5320 Saluatoris.

2143 5345 2209 5399 Ut
2250 5349 2368 5401 ςαξιί
2417 5350 2765 5405 imitationem
2798 5355 2960 5405 :edem
3004 5368 3248 5412 cernens,
3282 5367 3310 5404 e
3341 5354 3477 5405 coelo
3516 5355 3610 5406 de-

2072 5439 2546 5496 scenditChristus
2580 5458 2698 5495 eum
2735 5444 2941 5496 amicis.
2978 5444 3133 5495 Fides
3170 5453 3340 5495 autem
3389 5446 3613 5510 inspirat:

2072 5529 2170 5583 ista
2228 5547 2332 5584 una
2380 5548 2500 5586 cum
2554 5533 2811 5600 Georgio;
2863 5536 2905 5586 si
2959 5550 3085 5587 vero
3125 5536 3313 5587 eretum
3348 5537 3610 5589 exstruxit
