  <div class='ocr_page' id='page_1' title='image "/cluster/home/n/w/nwhite01/storage/ocr_20150623/106/pst.000005714162/526.png"; bbox 0 0 4120 6340; ppageno 0'>
   <div class='ocr_carea' id='block_1_1' title="bbox 356 400 1533 486">
    <p class='ocr_par' dir='ltr' id='par_1_1' title="bbox 356 400 1533 486">
     <span class='ocr_line' id='line_1_1' title="bbox 356 400 1533 486; baseline 0.001 -24"><span class='ocrx_word' id='word_1_1' title='bbox 356 407 525 486; x_wconf 67' lang='grc' dir='ltr'>Φύσει</span> <span class='ocrx_word' id='word_1_2' title='bbox 556 404 664 477; x_wconf 74' lang='grc' dir='ltr'><strong>γὰρ</strong></span> <span class='ocrx_word' id='word_1_3' title='bbox 688 400 847 462; x_wconf 72' lang='grc' dir='ltr'>αὗται</span> <span class='ocrx_word' id='word_1_4' title='bbox 874 407 1049 479; x_wconf 85' lang='grc' dir='ltr'>τίμιαι</span> <span class='ocrx_word' id='word_1_5' title='bbox 1077 409 1169 463; x_wconf 76' lang='grc' dir='ltr'><strong>καὶ</strong></span> <span class='ocrx_word' id='word_1_6' title='bbox 1200 410 1311 474; x_wconf 80' lang='grc' dir='ltr'>τοίς</span> <span class='ocrx_word' id='word_1_7' title='bbox 1341 408 1533 476; x_wconf 80' lang='grc' dir='ltr'>ξένοις,</span> 
     </span>
    </p>
   </div>
   <div class='ocr_carea' id='block_1_2' title="bbox 359 498 1565 572">
    <p class='ocr_par' dir='ltr' id='par_1_2' title="bbox 359 498 1565 572">
     <span class='ocr_line' id='line_1_2' title="bbox 359 498 1565 572; baseline 0.003 -22"><span class='ocrx_word' id='word_1_8' title='bbox 359 498 632 569; x_wconf 84' lang='grc' dir='ltr'>Θρηνοῦσι</span> <span class='ocrx_word' id='word_1_9' title='bbox 666 498 710 552; x_wconf 83' lang='grc' dir='ltr'>δ’</span> <span class='ocrx_word' id='word_1_10' title='bbox 740 500 908 571; x_wconf 78' lang='grc' dir='ltr'>αὐτὴν</span> <span class='ocrx_word' id='word_1_11' title='bbox 937 500 1034 572; x_wconf 79' lang='grc' dir='ltr'>τὴν</span> <span class='ocrx_word' id='word_1_12' title='bbox 1068 500 1336 571; x_wconf 80' lang='grc' dir='ltr'>βασϊλειον</span> <span class='ocrx_word' id='word_1_13' title='bbox 1365 501 1517 554; x_wconf 76' lang='grc' dir='ltr'>πόλιν</span> <span class='ocrx_word' id='word_1_14' title='bbox 1551 517 1565 532; x_wconf 88' lang='grc'><strong>·</strong></span> 
     </span>
    </p>
   </div>
   <div class='ocr_carea' id='block_1_3' title="bbox 362 590 1738 662">
    <p class='ocr_par' dir='ltr' id='par_1_3' title="bbox 362 590 1738 662">
     <span class='ocr_line' id='line_1_3' title="bbox 362 590 1738 662; baseline 0.004 -21"><span class='ocrx_word' id='word_1_15' title='bbox 362 590 471 643; x_wconf 83' lang='lat' dir='ltr'><strong>Kal</strong></span> <span class='ocrx_word' id='word_1_16' title='bbox 500 592 755 661; x_wconf 79' lang='grc' dir='ltr'>σκῆπτρα</span> <span class='ocrx_word' id='word_1_17' title='bbox 789 590 1010 661; x_wconf 84' lang='grc' dir='ltr'><strong>Ῥώμης</strong></span> <span class='ocrx_word' id='word_1_18' title='bbox 1036 593 1131 644; x_wconf 73' lang='grc' dir='ltr'>καὶ</span> <span class='ocrx_word' id='word_1_19' title='bbox 1159 594 1227 645; x_wconf 81' lang='grc' dir='ltr'>τὰ</span> <span class='ocrx_word' id='word_1_20' title='bbox 1264 592 1548 662; x_wconf 84' lang='grc' dir='ltr'>Ῥωμαίων</span> <span class='ocrx_word' id='word_1_21' title='bbox 1578 593 1738 657; x_wconf 83' lang='grc' dir='ltr'>καλά,</span> 
     </span>
    </p>
   </div>
   <div class='ocr_carea' id='block_1_4' title="bbox 374 679 1689 754">
    <p class='ocr_par' dir='ltr' id='par_1_4' title="bbox 374 679 1689 754">
     <span class='ocr_line' id='line_1_4' title="bbox 374 679 1689 754; baseline 0.003 -21"><span class='ocrx_word' id='word_1_22' title='bbox 374 679 599 735; x_wconf 82' lang='grc' dir='ltr'>Ῥυέντα</span> <span class='ocrx_word' id='word_1_23' title='bbox 628 682 765 753; x_wconf 81' lang='grc' dir='ltr'>πρὸς</span> <span class='ocrx_word' id='word_1_24' title='bbox 796 682 922 752; x_wconf 84' lang='grc' dir='ltr'>χοῦν</span> <span class='ocrx_word' id='word_1_25' title='bbox 958 682 1117 753; x_wconf 83' lang='grc' dir='ltr'>ἔργα,</span> <span class='ocrx_word' id='word_1_26' title='bbox 1143 683 1238 737; x_wconf 73' lang='grc' dir='ltr'><strong>καὶ</strong></span> <span class='ocrx_word' id='word_1_27' title='bbox 1267 684 1481 754; x_wconf 72' lang='grc' dir='ltr'>’σεμνάς</span> <span class='ocrx_word' id='word_1_28' title='bbox 1507 685 1689 748; x_wconf 73' lang='grc' dir='ltr'>πόλεις</span> 
     </span>
    </p>
   </div>
   <div class='ocr_carea' id='block_1_5' title="bbox 360 773 1577 844">
    <p class='ocr_par' dir='ltr' id='par_1_5' title="bbox 360 773 1577 844">
     <span class='ocr_line' id='line_1_5' title="bbox 360 773 1577 844; baseline 0.002 -17"><span class='ocrx_word' id='word_1_29' title='bbox 360 775 490 837; x_wconf 84' lang='grc' dir='ltr'><strong>Τοῖς</strong></span> <span class='ocrx_word' id='word_1_30' title='bbox 519 774 717 841; x_wconf 75' lang='grc' dir='ltr'>ἔθνεσι,</span> <span class='ocrx_word' id='word_1_31' title='bbox 750 774 848 844; x_wconf 83' lang='grc' dir='ltr'>φεῦ</span> <span class='ocrx_word' id='word_1_32' title='bbox 873 774 887 828; x_wconf 83' lang='grc' dir='ltr'><strong>ί</strong></span> <span class='ocrx_word' id='word_1_33' title='bbox 915 773 1159 838; x_wconf 81' lang='grc' dir='ltr'>έκτόπως</span> <span class='ocrx_word' id='word_1_34' title='bbox 1190 776 1536 842; x_wconf 86' lang='grc' dir='ltr'>πατουμένας</span> <span class='ocrx_word' id='word_1_35' title='bbox 1558 792 1577 806; x_wconf 63' lang='grc' dir='ltr'>θ</span> 
     </span>
    </p>
   </div>
   <div class='ocr_carea' id='block_1_6' title="bbox 362 862 1588 935">
    <p class='ocr_par' dir='ltr' id='par_1_6' title="bbox 362 862 1588 935">
     <span class='ocr_line' id='line_1_6' title="bbox 362 862 1588 935; baseline 0 -17"><span class='ocrx_word' id='word_1_36' title='bbox 362 865 475 918; x_wconf 87' lang='lat' dir='ltr'><strong>Kal</strong></span> <span class='ocrx_word' id='word_1_37' title='bbox 503 864 662 929; x_wconf 80' lang='grc' dir='ltr'>δόξαν</span> <span class='ocrx_word' id='word_1_38' title='bbox 692 863 1003 935; x_wconf 85' lang='grc' dir='ltr'>ἀνθήσασαν</span> <span class='ocrx_word' id='word_1_39' title='bbox 1028 864 1087 915; x_wconf 79' lang='grc' dir='ltr'>ὲν</span> <span class='ocrx_word' id='word_1_40' title='bbox 1121 862 1333 927; x_wconf 76' lang='grc' dir='ltr'><strong>πολλοῖς</strong></span> <span class='ocrx_word' id='word_1_41' title='bbox 1358 865 1588 935; x_wconf 82' lang='grc' dir='ltr'>χρόνοις,</span> 
     </span>
    </p>
   </div>
   <div class='ocr_carea' id='block_1_7' title="bbox 240 951 1690 1027">
    <p class='ocr_par' dir='ltr' id='par_1_7' title="bbox 240 951 1690 1027">
     <span class='ocr_line' id='line_1_7' title="bbox 240 951 1690 1027; baseline 0.002 -21"><span class='ocrx_word' id='word_1_42' title='bbox 240 960 251 975; x_wconf 89' lang='grc'><strong><em>⁸</em></strong></span> <span class='ocrx_word' id='word_1_43' title='bbox 364 954 475 1007; x_wconf 80' lang='grc' dir='ltr'><strong>Καὶ</strong></span> <span class='ocrx_word' id='word_1_44' title='bbox 500 954 594 1007; x_wconf 81' lang='grc' dir='ltr'><strong>τοῦ</strong></span> <span class='ocrx_word' id='word_1_45' title='bbox 631 951 938 1024; x_wconf 83' lang='grc' dir='ltr'>στρατηγοῦ</span> <span class='ocrx_word' id='word_1_46' title='bbox 968 952 1036 1005; x_wconf 81' lang='grc' dir='ltr'>τὰ</span> <span class='ocrx_word' id='word_1_47' title='bbox 1063 951 1228 1023; x_wconf 80' lang='grc' dir='ltr'>νεῦρα</span> <span class='ocrx_word' id='word_1_48' title='bbox 1251 954 1690 1027; x_wconf 66' lang='grc' dir='ltr'><strong>συγκεκομμένα.</strong></span> 
     </span>
    </p>
   </div>
   <div class='ocr_carea' id='block_1_8' title="bbox 361 1041 1613 1112">
    <p class='ocr_par' dir='ltr' id='par_1_8' title="bbox 361 1041 1613 1112">
     <span class='ocr_line' id='line_1_8' title="bbox 361 1041 1613 1112; baseline 0.001 -17"><span class='ocrx_word' id='word_1_49' title='bbox 361 1043 568 1097; x_wconf 79' lang='grc' dir='ltr'>Γελῶσι</span> <span class='ocrx_word' id='word_1_50' title='bbox 601 1043 647 1097; x_wconf 76' lang='grc' dir='ltr'>δ’</span> <span class='ocrx_word' id='word_1_51' title='bbox 678 1043 869 1105; x_wconf 77' lang='grc' dir='ltr'>αὐτοὺς</span> <span class='ocrx_word' id='word_1_52' title='bbox 901 1041 995 1095; x_wconf 78' lang='grc' dir='ltr'><strong>καὶ</strong></span> <span class='ocrx_word' id='word_1_53' title='bbox 1028 1043 1227 1112; x_wconf 79' lang='grc' dir='ltr'>σοφοὺς</span> <span class='ocrx_word' id='word_1_54' title='bbox 1247 1042 1542 1107; x_wconf 78' lang='grc' dir='ltr'>ὑποξύλονς</span> <span class='ocrx_word' id='word_1_55' title='bbox 1596 1069 1613 1076; x_wconf 81' lang='grc'><strong>-</strong></span> 
     </span>
    </p>
   </div>
   <div class='ocr_carea' id='block_1_9' title="bbox 364 1132 1745 1205">
    <p class='ocr_par' dir='ltr' id='par_1_9' title="bbox 364 1132 1745 1205">
     <span class='ocr_line' id='line_1_9' title="bbox 364 1132 1745 1205; baseline 0.003 -18"><span class='ocrx_word' id='word_1_56' title='bbox 364 1134 475 1188; x_wconf 83' lang='lat' dir='ltr'><strong>Kal</strong></span> <span class='ocrx_word' id='word_1_57' title='bbox 503 1135 626 1197; x_wconf 82' lang='grc' dir='ltr'>τοὺς</span> <span class='ocrx_word' id='word_1_58' title='bbox 657 1133 911 1195; x_wconf 77' lang='grc' dir='ltr'><strong>τεθέντας</strong></span> <span class='ocrx_word' id='word_1_59' title='bbox 932 1133 1040 1186; x_wconf 91' lang='grc' dir='ltr'><strong>τῶν</strong></span> <span class='ocrx_word' id='word_1_60' title='bbox 1074 1132 1209 1187; x_wconf 80' lang='grc' dir='ltr'>νέων</span> <span class='ocrx_word' id='word_1_61' title='bbox 1235 1132 1413 1203; x_wconf 82' lang='grc' dir='ltr'>σοφῶν</span> <span class='ocrx_word' id='word_1_62' title='bbox 1448 1135 1647 1205; x_wconf 81' lang='grc' dir='ltr'><strong>δόμους</strong></span> <span class='ocrx_word' id='word_1_63' title='bbox 1673 1134 1745 1192; x_wconf 84' lang='grc'><strong>⁸⁸.</strong></span> 
     </span>
    </p>
   </div>
   <div class='ocr_carea' id='block_1_10' title="bbox 360 1222 1584 1299">
    <p class='ocr_par' dir='ltr' id='par_1_10' title="bbox 360 1222 1584 1299">
     <span class='ocr_line' id='line_1_10' title="bbox 360 1222 1584 1299; baseline 0.015 -23"><span class='ocrx_word' id='word_1_64' title='bbox 360 1223 547 1286; x_wconf 80' lang='grc' dir='ltr'>Δειλός</span> <span class='ocrx_word' id='word_1_65' title='bbox 573 1241 657 1287; x_wconf 91' lang='grc' dir='ltr'><strong>τις</strong></span> <span class='ocrx_word' id='word_1_66' title='bbox 686 1222 829 1278; x_wconf 77' lang='grc' dir='ltr'>ιστω</span> <span class='ocrx_word' id='word_1_67' title='bbox 853 1224 963 1287; x_wconf 76' lang='grc' dir='ltr'>πᾶς</span> <span class='ocrx_word' id='word_1_68' title='bbox 989 1224 1170 1293; x_wconf 78' lang='grc' dir='ltr'>σοφὸς,</span> <span class='ocrx_word' id='word_1_69' title='bbox 1204 1224 1309 1279; x_wconf 69' lang='grc' dir='ltr'><strong>κᾶν</strong></span> <span class='ocrx_word' id='word_1_70' title='bbox 1337 1225 1413 1297; x_wconf 80' lang='grc' dir='ltr'>μὴ</span> <span class='ocrx_word' id='word_1_71' title='bbox 1434 1225 1584 1299; x_wconf 70' lang='grc' dir='ltr'>θέλῃ»</span> 
     </span>
    </p>
   </div>
   <div class='ocr_carea' id='block_1_11' title="bbox 362 1313 1652 1389">
    <p class='ocr_par' dir='ltr' id='par_1_11' title="bbox 362 1313 1652 1389">
     <span class='ocr_line' id='line_1_11' title="bbox 362 1313 1652 1389; baseline 0.003 -21"><span class='ocrx_word' id='word_1_72' title='bbox 362 1313 532 1381; x_wconf 83' lang='grc' dir='ltr'>Δαγῶ</span> <span class='ocrx_word' id='word_1_73' title='bbox 561 1313 675 1384; x_wconf 84' lang='grc' dir='ltr'>βίον</span> <span class='ocrx_word' id='word_1_74' title='bbox 698 1314 826 1382; x_wconf 78' lang='grc' dir='ltr'>ζῶν,</span> <span class='ocrx_word' id='word_1_75' title='bbox 860 1314 1077 1384; x_wconf 85' lang='grc' dir='ltr'>γλῶττα</span> <span class='ocrx_word' id='word_1_76' title='bbox 1108 1315 1205 1370; x_wconf 74' lang='grc' dir='ltr'><strong>καὶ</strong></span> <span class='ocrx_word' id='word_1_77' title='bbox 1229 1316 1438 1388; x_wconf 77' lang='grc' dir='ltr'>γαστὴρ</span> <span class='ocrx_word' id='word_1_78' title='bbox 1472 1318 1652 1389; x_wconf 82' lang='grc' dir='ltr'>μόνον.</span> 
     </span>
    </p>
   </div>
   <div class='ocr_carea' id='block_1_12' title="bbox 362 1405 1725 1481">
    <p class='ocr_par' dir='ltr' id='par_1_12' title="bbox 362 1405 1725 1481">
     <span class='ocr_line' id='line_1_12' title="bbox 362 1405 1725 1481; baseline 0.004 -22"><span class='ocrx_word' id='word_1_79' title='bbox 362 1406 658 1477; x_wconf 85' lang='grc' dir='ltr'>Πράκτωρ,</span> <span class='ocrx_word' id='word_1_80' title='bbox 689 1405 963 1477; x_wconf 76' lang='grc' dir='ltr'><strong>ὑπουργὸς</strong></span> <span class='ocrx_word' id='word_1_81' title='bbox 986 1408 1083 1462; x_wconf 76' lang='grc' dir='ltr'><strong>καὶ</strong></span> <span class='ocrx_word' id='word_1_82' title='bbox 1107 1410 1371 1481; x_wconf 79' lang='grc' dir='ltr'>ποριστὴς</span> <span class='ocrx_word' id='word_1_83' title='bbox 1399 1409 1692 1480; x_wconf 84' lang='grc' dir='ltr'>χρημάτων</span> <span class='ocrx_word' id='word_1_84' title='bbox 1710 1426 1725 1443; x_wconf 80' lang='grc' dir='ltr'><strong>ο</strong></span> 
     </span>
    </p>
   </div>
   <div class='ocr_carea' id='block_1_13' title="bbox 363 1496 1486 1569">
    <p class='ocr_par' dir='ltr' id='par_1_13' title="bbox 363 1496 1486 1569">
     <span class='ocr_line' id='line_1_13' title="bbox 363 1496 1486 1569; baseline 0.004 -20"><span class='ocrx_word' id='word_1_85' title='bbox 363 1496 475 1564; x_wconf 85' lang='grc' dir='ltr'><strong>Τῆς</strong></span> <span class='ocrx_word' id='word_1_86' title='bbox 498 1496 718 1567; x_wconf 84' lang='grc' dir='ltr'>ἀνδρίας</span> <span class='ocrx_word' id='word_1_87' title='bbox 752 1497 850 1566; x_wconf 68' lang='grc' dir='ltr'>μιν</span> <span class='ocrx_word' id='word_1_88' title='bbox 877 1499 936 1551; x_wconf 77' lang='grc' dir='ltr'><strong>έν</strong></span> <span class='ocrx_word' id='word_1_89' title='bbox 970 1498 1146 1567; x_wconf 87' lang='grc' dir='ltr'>λόγοις</span> <span class='ocrx_word' id='word_1_90' title='bbox 1171 1498 1486 1569; x_wconf 68' lang='grc' dir='ltr'>ἑπαινέτης,</span> 
     </span>
    </p>
   </div>
   <div class='ocr_carea' id='block_1_14' title="bbox 364 1587 1503 1661">
    <p class='ocr_par' dir='ltr' id='par_1_14' title="bbox 364 1587 1503 1661">
     <span class='ocr_line' id='line_1_14' title="bbox 364 1587 1503 1661; baseline 0.003 -20"><span class='ocrx_word' id='word_1_91' title='bbox 364 1587 475 1641; x_wconf 78' lang='lat' dir='ltr'><strong>Kal</strong></span> <span class='ocrx_word' id='word_1_92' title='bbox 506 1587 603 1657; x_wconf 76' lang='grc' dir='ltr'><strong>τῆς</strong></span> <span class='ocrx_word' id='word_1_93' title='bbox 636 1587 868 1651; x_wconf 77' lang='grc' dir='ltr'>παλαιᾶς</span> <span class='ocrx_word' id='word_1_94' title='bbox 890 1589 1091 1659; x_wconf 79' lang='grc' dir='ltr'>ἀρετῆς</span> <span class='ocrx_word' id='word_1_95' title='bbox 1123 1590 1466 1661; x_wconf 70' lang='grc' dir='ltr'>μεμνημένος</span> <span class='ocrx_word' id='word_1_96' title='bbox 1489 1607 1503 1622; x_wconf 77' lang='grc' dir='ltr'><strong>ο</strong></span> 
     </span>
    </p>
   </div>
   <div class='ocr_carea' id='block_1_15' title="bbox 367 1672 1574 1752">
    <p class='ocr_par' dir='ltr' id='par_1_15' title="bbox 367 1672 1574 1752">
     <span class='ocr_line' id='line_1_15' title="bbox 367 1672 1574 1752; baseline 0.003 -22"><span class='ocrx_word' id='word_1_97' title='bbox 367 1672 592 1749; x_wconf 80' lang='grc' dir='ltr'>Ἔργοις</span> <span class='ocrx_word' id='word_1_98' title='bbox 619 1679 676 1732; x_wconf 79' lang='grc' dir='ltr'>δὲ</span> <span class='ocrx_word' id='word_1_99' title='bbox 700 1679 905 1749; x_wconf 85' lang='grc' dir='ltr'>ταύτης</span> <span class='ocrx_word' id='word_1_100' title='bbox 931 1680 1030 1749; x_wconf 81' lang='grc' dir='ltr'>τὴν</span> <span class='ocrx_word' id='word_1_101' title='bbox 1060 1682 1308 1736; x_wconf 73' lang='grc' dir='ltr'>ἐναντίαν</span> <span class='ocrx_word' id='word_1_102' title='bbox 1335 1682 1541 1752; x_wconf 82' lang='grc' dir='ltr'><strong>τρέχων</strong></span> <span class='ocrx_word' id='word_1_103' title='bbox 1558 1699 1574 1714; x_wconf 79' lang='grc' dir='ltr'><strong>ο</strong></span> 
     </span>
    </p>
   </div>
   <div class='ocr_carea' id='block_1_16' title="bbox 363 1755 1539 1844">
    <p class='ocr_par' dir='ltr' id='par_1_16' title="bbox 363 1755 1539 1844">
     <span class='ocr_line' id='line_1_16' title="bbox 363 1755 1539 1844; baseline 0.004 -21"><span class='ocrx_word' id='word_1_104' title='bbox 363 1769 484 1823; x_wconf 77' lang='grc' dir='ltr'>Κᾶν</span> <span class='ocrx_word' id='word_1_105' title='bbox 519 1772 568 1824; x_wconf 86' lang='grc' dir='ltr'><strong>εί</strong></span> <span class='ocrx_word' id='word_1_106' title='bbox 593 1755 773 1839; x_wconf 80' lang='grc' dir='ltr'>σοφῶν</span> <span class='ocrx_word' id='word_1_107' title='bbox 799 1788 883 1835; x_wconf 90' lang='grc' dir='ltr'><strong>τις</strong></span> <span class='ocrx_word' id='word_1_108' title='bbox 906 1771 1064 1837; x_wconf 77' lang='grc' dir='ltr'>ἄλλος</span> <span class='ocrx_word' id='word_1_109' title='bbox 1102 1773 1324 1844; x_wconf 90' lang='grc' dir='ltr'>ἀνδρίαν</span> <span class='ocrx_word' id='word_1_110' title='bbox 1350 1773 1504 1829; x_wconf 76' lang='grc' dir='ltr'>λάϐοι</span> <span class='ocrx_word' id='word_1_111' title='bbox 1522 1789 1539 1805; x_wconf 80' lang='grc'>⁶</span> 
     </span>
    </p>
   </div>
   <div class='ocr_carea' id='block_1_17' title="bbox 362 1857 1588 1934">
    <p class='ocr_par' dir='ltr' id='par_1_17' title="bbox 362 1857 1588 1934">
     <span class='ocr_line' id='line_1_17' title="bbox 362 1857 1588 1934; baseline 0.006 -23"><span class='ocrx_word' id='word_1_112' title='bbox 362 1858 499 1913; x_wconf 86' lang='grc' dir='ltr'><strong>Θεοῦ</strong></span> <span class='ocrx_word' id='word_1_113' title='bbox 530 1860 638 1931; x_wconf 83' lang='grc' dir='ltr'><strong>γὰρ</strong></span> <span class='ocrx_word' id='word_1_114' title='bbox 667 1861 798 1915; x_wconf 73' lang='grc' dir='ltr'>αὐτὸ</span> <span class='ocrx_word' id='word_1_115' title='bbox 824 1861 996 1934; x_wconf 85' lang='grc' dir='ltr'>δῶρον</span> <span class='ocrx_word' id='word_1_116' title='bbox 1022 1857 1137 1917; x_wconf 76' lang='grc' dir='ltr'>οἶδα</span> <span class='ocrx_word' id='word_1_117' title='bbox 1170 1866 1263 1917; x_wconf 71' lang='grc' dir='ltr'><strong>καὶ</strong></span> <span class='ocrx_word' id='word_1_118' title='bbox 1295 1865 1474 1934; x_wconf 87' lang='grc' dir='ltr'>μόνον,</span> <span class='ocrx_word' id='word_1_119' title='bbox 1585 1904 1588 1906; x_wconf 48' lang='grc' dir='ltr'><strong>ν</strong></span> 
     </span>
    </p>
   </div>
   <div class='ocr_carea' id='block_1_18' title="bbox 366 1948 1625 2025">
    <p class='ocr_par' dir='ltr' id='par_1_18' title="bbox 366 1948 1625 2025">
     <span class='ocr_line' id='line_1_18' title="bbox 366 1948 1625 2025; baseline -0.001 -17"><span class='ocrx_word' id='word_1_120' title='bbox 366 1951 668 2018; x_wconf 79' lang='grc' dir='ltr'>Ἕκτακτος</span> <span class='ocrx_word' id='word_1_121' title='bbox 695 1948 869 2019; x_wconf 80' lang='grc' dir='ltr'>οὗτος,</span> <span class='ocrx_word' id='word_1_122' title='bbox 903 1954 998 2007; x_wconf 74' lang='grc' dir='ltr'><strong>καὶ</strong></span> <span class='ocrx_word' id='word_1_123' title='bbox 1028 1954 1206 2023; x_wconf 80' lang='grc' dir='ltr'>σοφῶν</span> <span class='ocrx_word' id='word_1_124' title='bbox 1238 1954 1379 2009; x_wconf 86' lang='grc' dir='ltr'><strong>λύων</strong></span> <span class='ocrx_word' id='word_1_125' title='bbox 1408 1954 1625 2025; x_wconf 86' lang='grc' dir='ltr'>νόμους.</span> 
     </span>
    </p>
   </div>
   <div class='ocr_carea' id='block_1_19' title="bbox 361 2043 1712 2115">
    <p class='ocr_par' dir='ltr' id='par_1_19' title="bbox 361 2043 1712 2115">
     <span class='ocr_line' id='line_1_19' title="bbox 361 2043 1712 2115; baseline 0.004 -19"><span class='ocrx_word' id='word_1_126' title='bbox 361 2043 467 2097; x_wconf 61' lang='lat' dir='ltr'><strong>tle?)</strong></span> <span class='ocrx_word' id='word_1_127' title='bbox 490 2043 592 2114; x_wconf 83' lang='grc' dir='ltr'>τῆς</span> <span class='ocrx_word' id='word_1_128' title='bbox 622 2045 844 2114; x_wconf 79' lang='grc' dir='ltr'>ἀγνοίας</span> <span class='ocrx_word' id='word_1_129' title='bbox 874 2046 887 2099; x_wconf 86' lang='lat' dir='ltr'><strong>i</strong></span> <span class='ocrx_word' id='word_1_130' title='bbox 923 2044 1024 2115; x_wconf 78' lang='grc' dir='ltr'><strong>φεῦ</strong></span> <span class='ocrx_word' id='word_1_131' title='bbox 1055 2044 1251 2115; x_wconf 82' lang='grc' dir='ltr'>φθόνου</span> <span class='ocrx_word' id='word_1_132' title='bbox 1278 2047 1292 2097; x_wconf 78' lang='grc' dir='ltr'><strong>ί</strong></span> <span class='ocrx_word' id='word_1_133' title='bbox 1322 2045 1424 2114; x_wconf 84' lang='grc' dir='ltr'>φεῦ</span> <span class='ocrx_word' id='word_1_134' title='bbox 1454 2045 1559 2098; x_wconf 90' lang='grc' dir='ltr'><strong>τῶν</strong></span> <span class='ocrx_word' id='word_1_135' title='bbox 1583 2045 1712 2101; x_wconf 73' lang='grc' dir='ltr'>δύοί</span> 
     </span>
    </p>
   </div>
   <div class='ocr_carea' id='block_1_20' title="bbox 363 2136 1557 2212">
    <p class='ocr_par' dir='ltr' id='par_1_20' title="bbox 363 2136 1557 2212">
     <span class='ocr_line' id='line_1_20' title="bbox 363 2136 1557 2212; baseline 0.005 -22"><span class='ocrx_word' id='word_1_136' title='bbox 363 2136 485 2191; x_wconf 77' lang='grc' dir='ltr'>Υίοὶ</span> <span class='ocrx_word' id='word_1_137' title='bbox 515 2138 723 2209; x_wconf 81' lang='grc' dir='ltr'>βροτῶν</span> <span class='ocrx_word' id='word_1_138' title='bbox 758 2139 1035 2209; x_wconf 79' lang='grc' dir='ltr'>μαίνοισθε</span> <span class='ocrx_word' id='word_1_139' title='bbox 1069 2140 1228 2212; x_wconf 84' lang='grc' dir='ltr'>μέχρι</span> <span class='ocrx_word' id='word_1_140' title='bbox 1262 2140 1357 2195; x_wconf 69' lang='grc' dir='ltr'><strong>καὶ</strong></span> <span class='ocrx_word' id='word_1_141' title='bbox 1383 2142 1557 2207; x_wconf 84' lang='grc' dir='ltr'>τίνος;</span> 
     </span>
    </p>
   </div>
   <div class='ocr_carea' id='block_1_21' title="bbox 367 2228 1617 2303">
    <p class='ocr_par' dir='ltr' id='par_1_21' title="bbox 367 2228 1617 2303">
     <span class='ocr_line' id='line_1_21' title="bbox 367 2228 1617 2303; baseline 0.002 -22"><span class='ocrx_word' id='word_1_142' title='bbox 367 2228 438 2281; x_wconf 84' lang='grc' dir='ltr'><strong>Ἢ</strong></span> <span class='ocrx_word' id='word_1_143' title='bbox 468 2228 576 2281; x_wconf 91' lang='grc' dir='ltr'><strong>τῶν</strong></span> <span class='ocrx_word' id='word_1_144' title='bbox 614 2228 793 2282; x_wconf 84' lang='grc' dir='ltr'>καλῶν</span> <span class='ocrx_word' id='word_1_145' title='bbox 821 2230 930 2299; x_wconf 85' lang='grc' dir='ltr'><strong>γὰρ</strong></span> <span class='ocrx_word' id='word_1_146' title='bbox 956 2228 1179 2301; x_wconf 78' lang='grc' dir='ltr'>ἀνδρίαν</span> <span class='ocrx_word' id='word_1_147' title='bbox 1203 2230 1265 2284; x_wconf 80' lang='grc' dir='ltr'>οὐ</span> <span class='ocrx_word' id='word_1_148' title='bbox 1289 2233 1584 2301; x_wconf 76' lang='grc' dir='ltr'>γραπτέον,</span> <span class='ocrx_word' id='word_1_149' title='bbox 1616 2300 1617 2303; x_wconf 15' lang='grc' dir='ltr'><strong>η</strong></span> 
     </span>
    </p>
   </div>
   <div class='ocr_carea' id='block_1_22' title="bbox 366 2318 1399 2389">
    <p class='ocr_par' dir='ltr' id='par_1_22' title="bbox 366 2318 1399 2389">
     <span class='ocr_line' id='line_1_22' title="bbox 366 2318 1399 2389; baseline 0.004 -18"><span class='ocrx_word' id='word_1_150' title='bbox 366 2318 440 2371; x_wconf 78' lang='grc' dir='ltr'>’Π</span> <span class='ocrx_word' id='word_1_151' title='bbox 469 2318 545 2389; x_wconf 77' lang='grc' dir='ltr'>μὴ</span> <span class='ocrx_word' id='word_1_152' title='bbox 583 2321 825 2388; x_wconf 78' lang='grc' dir='ltr'>μετεῖναι</span> <span class='ocrx_word' id='word_1_153' title='bbox 851 2318 957 2374; x_wconf 87' lang='grc' dir='ltr'><strong>τῶν</strong></span> <span class='ocrx_word' id='word_1_154' title='bbox 984 2320 1161 2381; x_wconf 74' lang='grc' dir='ltr'>καλῶν</span> <span class='ocrx_word' id='word_1_155' title='bbox 1192 2321 1399 2377; x_wconf 67' lang='grc' dir='ltr'>ἐατέον.</span> 
     </span>
    </p>
   </div>
   <div class='ocr_carea' id='block_1_23' title="bbox 364 2410 1505 2482">
    <p class='ocr_par' dir='ltr' id='par_1_23' title="bbox 364 2410 1505 2482">
     <span class='ocr_line' id='line_1_23' title="bbox 364 2410 1505 2482; baseline 0.006 -21"><span class='ocrx_word' id='word_1_156' title='bbox 364 2410 559 2479; x_wconf 77' lang='grc' dir='ltr'>Σοφοϊς</span> <span class='ocrx_word' id='word_1_157' title='bbox 582 2410 742 2477; x_wconf 78' lang='grc' dir='ltr'>σοφὸν</span> <span class='ocrx_word' id='word_1_158' title='bbox 780 2410 836 2463; x_wconf 76' lang='grc' dir='ltr'>δὲ</span> <span class='ocrx_word' id='word_1_159' title='bbox 856 2411 1029 2464; x_wconf 80' lang='grc' dir='ltr'>καὶτὸ</span> <span class='ocrx_word' id='word_1_160' title='bbox 1053 2411 1334 2482; x_wconf 85' lang='grc' dir='ltr'>βούλεσθαι</span> <span class='ocrx_word' id='word_1_161' title='bbox 1366 2415 1505 2479; x_wconf 80' lang='grc' dir='ltr'>τόδε,</span> 
     </span>
    </p>
   </div>
   <div class='ocr_carea' id='block_1_24' title="bbox 364 2497 1695 2576">
    <p class='ocr_par' dir='ltr' id='par_1_24' title="bbox 364 2497 1695 2576">
     <span class='ocr_line' id='line_1_24' title="bbox 364 2497 1695 2576; baseline -0.002 -14"><span class='ocrx_word' id='word_1_162' title='bbox 364 2497 480 2568; x_wconf 78' lang='grc' dir='ltr'><strong>Τῆς</strong></span> <span class='ocrx_word' id='word_1_163' title='bbox 513 2499 559 2551; x_wconf 78' lang='grc' dir='ltr'>δ’</span> <span class='ocrx_word' id='word_1_164' title='bbox 590 2500 791 2569; x_wconf 82' lang='grc' dir='ltr'>ἀρετῆς</span> <span class='ocrx_word' id='word_1_165' title='bbox 816 2502 1059 2574; x_wconf 54' lang='lat' dir='ltr'><strong>«appeal</strong></span> <span class='ocrx_word' id='word_1_166' title='bbox 1088 2504 1301 2557; x_wconf 81' lang='grc' dir='ltr'>κεῖσθαι</span> <span class='ocrx_word' id='word_1_167' title='bbox 1332 2506 1427 2569; x_wconf 79' lang='grc' dir='ltr'><strong>τὰς</strong></span> <span class='ocrx_word' id='word_1_168' title='bbox 1456 2506 1656 2576; x_wconf 82' lang='grc' dir='ltr'>φρένας</span> <span class='ocrx_word' id='word_1_169' title='bbox 1680 2524 1695 2539; x_wconf 77' lang='grc' dir='ltr'><strong>ο</strong></span> 
     </span>
    </p>
   </div>
   <div class='ocr_carea' id='block_1_25' title="bbox 366 2584 1443 2664">
    <p class='ocr_par' dir='ltr' id='par_1_25' title="bbox 366 2584 1443 2664">
     <span class='ocr_line' id='line_1_25' title="bbox 366 2584 1443 2664; baseline 0.006 -22"><span class='ocrx_word' id='word_1_170' title='bbox 366 2588 477 2659; x_wconf 83' lang='grc' dir='ltr'>Τὴν</span> <span class='ocrx_word' id='word_1_171' title='bbox 504 2588 550 2643; x_wconf 85' lang='grc' dir='ltr'>δ’</span> <span class='ocrx_word' id='word_1_172' title='bbox 584 2584 651 2643; x_wconf 88' lang='grc' dir='ltr'>αὖ</span> <span class='ocrx_word' id='word_1_173' title='bbox 672 2590 883 2645; x_wconf 85' lang='grc' dir='ltr'>τελείαν</span> <span class='ocrx_word' id='word_1_174' title='bbox 908 2593 1107 2663; x_wconf 83' lang='grc' dir='ltr'>ἀρετὴν</span> <span class='ocrx_word' id='word_1_175' title='bbox 1140 2594 1249 2662; x_wconf 75' lang='grc' dir='ltr'><strong>ἐγὼ</strong></span> <span class='ocrx_word' id='word_1_176' title='bbox 1282 2594 1443 2664; x_wconf 83' lang='grc' dir='ltr'>λέγω,</span> 
     </span>
    </p>
   </div>
   <div class='ocr_carea' id='block_1_26' title="bbox 366 2679 1505 2756">
    <p class='ocr_par' dir='ltr' id='par_1_26' title="bbox 366 2679 1505 2756">
     <span class='ocr_line' id='line_1_26' title="bbox 366 2679 1505 2756; baseline 0.008 -25"><span class='ocrx_word' id='word_1_177' title='bbox 366 2679 688 2749; x_wconf 79' lang='grc' dir='ltr'>Εὐανδρίαν,</span> <span class='ocrx_word' id='word_1_178' title='bbox 723 2681 1011 2755; x_wconf 88' lang='grc' dir='ltr'>φρόνησιν,</span> <span class='ocrx_word' id='word_1_179' title='bbox 1042 2684 1245 2755; x_wconf 70' lang='grc' dir='ltr'>ἡδονῶν</span> <span class='ocrx_word' id='word_1_180' title='bbox 1280 2686 1505 2756; x_wconf 82' lang='grc' dir='ltr'>κράτος.</span> 
     </span>
    </p>
   </div>
   <div class='ocr_carea' id='block_1_27' title="bbox 375 2766 1483 2844">
    <p class='ocr_par' dir='ltr' id='par_1_27' title="bbox 375 2766 1483 2844">
     <span class='ocr_line' id='line_1_27' title="bbox 375 2766 1483 2844; baseline 0.005 -22"><span class='ocrx_word' id='word_1_181' title='bbox 375 2766 441 2823; x_wconf 84' lang='grc' dir='ltr'><strong><em>Ἦ</em></strong></span> <span class='ocrx_word' id='word_1_182' title='bbox 468 2768 512 2822; x_wconf 87' lang='grc' dir='ltr'>δ’</span> <span class='ocrx_word' id='word_1_183' title='bbox 542 2769 721 2839; x_wconf 84' lang='grc' dir='ltr'>ἰσότης</span> <span class='ocrx_word' id='word_1_184' title='bbox 746 2770 800 2824; x_wconf 89' lang='grc' dir='ltr'><strong>τί</strong></span> <span class='ocrx_word' id='word_1_185' title='bbox 825 2788 840 2837; x_wconf 90' lang='grc'><strong>;</strong></span> <span class='ocrx_word' id='word_1_186' title='bbox 872 2772 1084 2843; x_wconf 79' lang='grc' dir='ltr'>Κρᾶσις</span> <span class='ocrx_word' id='word_1_187' title='bbox 1111 2772 1323 2844; x_wconf 80' lang='grc' dir='ltr'>ἀρετῶν</span> <span class='ocrx_word' id='word_1_188' title='bbox 1354 2775 1444 2843; x_wconf 76' lang='grc' dir='ltr'>ἴση</span> <span class='ocrx_word' id='word_1_189' title='bbox 1470 2791 1483 2807; x_wconf 88' lang='grc'><strong>·</strong></span> 
     </span>
    </p>
   </div>
   <div class='ocr_carea' id='block_1_28' title="bbox 367 2857 1688 2929">
    <p class='ocr_par' dir='ltr' id='par_1_28' title="bbox 367 2857 1688 2929">
     <span class='ocr_line' id='line_1_28' title="bbox 367 2857 1688 2929; baseline 0.003 -19"><span class='ocrx_word' id='word_1_190' title='bbox 367 2858 547 2929; x_wconf 83' lang='grc' dir='ltr'>Ὅπερ</span> <span class='ocrx_word' id='word_1_191' title='bbox 577 2857 783 2912; x_wconf 83' lang='grc' dir='ltr'>δίκαιον</span> <span class='ocrx_word' id='word_1_192' title='bbox 809 2857 924 2913; x_wconf 73' lang='grc' dir='ltr'>ἔστι</span> <span class='ocrx_word' id='word_1_193' title='bbox 958 2860 1052 2914; x_wconf 77' lang='grc' dir='ltr'><strong>καὶ</strong></span> <span class='ocrx_word' id='word_1_194' title='bbox 1079 2861 1327 2914; x_wconf 78' lang='grc' dir='ltr'>καλεῖται</span> <span class='ocrx_word' id='word_1_195' title='bbox 1359 2865 1471 2925; x_wconf 86' lang='grc' dir='ltr'>τοῖς</span> <span class='ocrx_word' id='word_1_196' title='bbox 1502 2862 1688 2915; x_wconf 79' lang='grc' dir='ltr'>πάλαι.</span> 
     </span>
    </p>
   </div>
   <div class='ocr_carea' id='block_1_29' title="bbox 365 2948 1526 3019">
    <p class='ocr_par' dir='ltr' id='par_1_29' title="bbox 365 2948 1526 3019">
     <span class='ocr_line' id='line_1_29' title="bbox 365 2948 1526 3019; baseline -0.002 -15"><span class='ocrx_word' id='word_1_197' title='bbox 365 2948 529 3005; x_wconf 79' lang='grc' dir='ltr'>Μισῶ</span> <span class='ocrx_word' id='word_1_198' title='bbox 564 2948 821 3019; x_wconf 81' lang='grc' dir='ltr'>σοφιστὴν</span> <span class='ocrx_word' id='word_1_199' title='bbox 848 2949 993 3011; x_wconf 79' lang='grc' dir='ltr'>ὅστις</span> <span class='ocrx_word' id='word_1_200' title='bbox 1017 2949 1115 3019; x_wconf 87' lang='grc' dir='ltr'><strong>οὐχ</strong></span> <span class='ocrx_word' id='word_1_201' title='bbox 1140 2949 1290 3018; x_wconf 83' lang='grc' dir='ltr'><strong>αὑτῷ</strong></span> <span class='ocrx_word' id='word_1_202' title='bbox 1325 2951 1486 3017; x_wconf 80' lang='grc' dir='ltr'>σοφός</span> <span class='ocrx_word' id='word_1_203' title='bbox 1512 2969 1526 2983; x_wconf 91' lang='grc'><strong>·</strong></span> 
     </span>
    </p>
   </div>
   <div class='ocr_carea' id='block_1_30' title="bbox 368 3032 1563 3112">
    <p class='ocr_par' dir='ltr' id='par_1_30' title="bbox 368 3032 1563 3112">
     <span class='ocr_line' id='line_1_30' title="bbox 368 3032 1563 3112; baseline -0.001 -17"><span class='ocrx_word' id='word_1_204' title='bbox 368 3039 492 3095; x_wconf 76' lang='grc' dir='ltr'><strong>Οὐδ’</strong></span> <span class='ocrx_word' id='word_1_205' title='bbox 521 3037 679 3109; x_wconf 75' lang='grc' dir='ltr'>ἔσχεν</span> <span class='ocrx_word' id='word_1_206' title='bbox 705 3032 899 3110; x_wconf 74' lang='grc' dir='ltr'>οἷσπερ</span> <span class='ocrx_word' id='word_1_207' title='bbox 922 3038 1016 3093; x_wconf 73' lang='grc' dir='ltr'><strong>καὶ</strong></span> <span class='ocrx_word' id='word_1_208' title='bbox 1040 3039 1201 3109; x_wconf 79' lang='grc' dir='ltr'>σοφὸς</span> <span class='ocrx_word' id='word_1_209' title='bbox 1219 3038 1563 3112; x_wconf 78' lang='grc' dir='ltr'>γνωρίζεται.</span> 
     </span>
    </p>
   </div>
   <div class='ocr_carea' id='block_1_31' title="bbox 1579 295 2855 358">
    <p class='ocr_par' dir='ltr' id='par_1_31' title="bbox 1579 295 2855 358">
     <span class='ocr_line' id='line_1_31' title="bbox 1579 295 2855 358; baseline 0 -1"><span class='ocrx_word' id='word_1_210' title='bbox 1579 299 1584 304; x_wconf 80' lang='grc'><em>’</em></span> <span class='ocrx_word' id='word_1_211' title='bbox 1648 295 1983 358; x_wconf 75' lang='lat' dir='ltr'><strong>CARMINA</strong></span> <span class='ocrx_word' id='word_1_212' title='bbox 2013 296 2265 357; x_wconf 73' lang='lat' dir='ltr'><strong>VARIA.</strong></span> <span class='ocrx_word' id='word_1_213' title='bbox 2850 338 2855 343; x_wconf 61' lang='grc' dir='ltr'>ς</span> 
     </span>
    </p>
   </div>
   <div class='ocr_carea' id='block_1_32' title="bbox 1937 407 3287 483">
    <p class='ocr_par' dir='ltr' id='par_1_32' title="bbox 1937 407 3287 483">
     <span class='ocr_line' id='line_1_32' title="bbox 1937 407 3287 483; baseline -0.007 -15"><span class='ocrx_word' id='word_1_214' title='bbox 1937 423 1982 478; x_wconf 72' lang='grc' dir='ltr'><strong>Α</strong></span> <span class='ocrx_word' id='word_1_215' title='bbox 2012 414 2073 468; x_wconf 87' lang='grc' dir='ltr'>Εί</span> <span class='ocrx_word' id='word_1_216' title='bbox 2096 407 2375 466; x_wconf 71' lang='grc' dir='ltr'>συλλαϐεῖν</span> <span class='ocrx_word' id='word_1_217' title='bbox 2397 412 2453 465; x_wconf 79' lang='grc' dir='ltr'>δὲ</span> <span class='ocrx_word' id='word_1_218' title='bbox 2484 411 2557 481; x_wconf 78' lang='grc' dir='ltr'>μὴ</span> <span class='ocrx_word' id='word_1_219' title='bbox 2589 410 2795 475; x_wconf 72' lang='grc' dir='ltr'>σθένεις</span> <span class='ocrx_word' id='word_1_220' title='bbox 2822 410 3027 481; x_wconf 86' lang='grc' dir='ltr'>τόλμαν</span> <span class='ocrx_word' id='word_1_221' title='bbox 3057 409 3220 479; x_wconf 81' lang='grc' dir='ltr'>λόγῳ,</span> <span class='ocrx_word' id='word_1_222' title='bbox 3284 482 3287 483; x_wconf 14' lang='grc' dir='ltr'><em>ν</em></span> 
     </span>
    </p>
   </div>
   <div class='ocr_carea' id='block_1_33' title="bbox 3463 293 3569 357">
    <p class='ocr_par' dir='ltr' id='par_1_33' title="bbox 3463 293 3569 357">
     <span class='ocr_line' id='line_1_33' title="bbox 3463 293 3569 357; baseline 0 0"><span class='ocrx_word' id='word_1_223' title='bbox 3463 293 3569 357; x_wconf 77' lang='lat'><strong>978</strong></span> 
     </span>
    </p>
   </div>
   <div class='ocr_carea' id='block_1_34' title="bbox 2017 502 3202 575">
    <p class='ocr_par' dir='ltr' id='par_1_34' title="bbox 2017 502 3202 575">
     <span class='ocr_line' id='line_1_34' title="bbox 2017 502 3202 575; baseline -0.006 -16"><span class='ocrx_word' id='word_1_224' title='bbox 2017 505 2083 559; x_wconf 84' lang='grc' dir='ltr'><strong>Τί</strong></span> <span class='ocrx_word' id='word_1_225' title='bbox 2110 504 2219 568; x_wconf 77' lang='grc' dir='ltr'>τοῖς</span> <span class='ocrx_word' id='word_1_226' title='bbox 2241 504 2420 575; x_wconf 71' lang='grc' dir='ltr'>έχουσι</span> <span class='ocrx_word' id='word_1_227' title='bbox 2443 502 2538 556; x_wconf 74' lang='grc' dir='ltr'><strong>καὶ</strong></span> <span class='ocrx_word' id='word_1_228' title='bbox 2566 502 2777 571; x_wconf 68' lang='grc' dir='ltr'>φθονεῖς</span> <span class='ocrx_word' id='word_1_229' title='bbox 2798 502 3119 566; x_wconf 75' lang='grc' dir='ltr'>ἀνενδότως;</span> <span class='ocrx_word' id='word_1_230' title='bbox 3198 539 3202 544; x_wconf 87' lang='grc'>.</span> 
     </span>
    </p>
   </div>
   <div class='ocr_carea' id='block_1_35' title="bbox 2017 590 3285 664">
    <p class='ocr_par' dir='ltr' id='par_1_35' title="bbox 2017 590 3285 664">
     <span class='ocr_line' id='line_1_35' title="bbox 2017 590 3285 664; baseline -0.004 -16"><span class='ocrx_word' id='word_1_231' title='bbox 2017 595 2086 649; x_wconf 85' lang='grc' dir='ltr'><strong>Τί</strong></span> <span class='ocrx_word' id='word_1_232' title='bbox 2122 594 2222 649; x_wconf 71' lang='grc' dir='ltr'><strong>καὶ</strong></span> <span class='ocrx_word' id='word_1_233' title='bbox 2252 594 2480 664; x_wconf 74' lang='grc' dir='ltr'>στερείς,</span> <span class='ocrx_word' id='word_1_234' title='bbox 2509 590 2786 662; x_wconf 74' lang='grc' dir='ltr'>ἄνθρωπε,</span> <span class='ocrx_word' id='word_1_235' title='bbox 2826 592 3028 661; x_wconf 87' lang='grc' dir='ltr'>γνῶσιν</span> <span class='ocrx_word' id='word_1_236' title='bbox 3070 590 3285 661; x_wconf 78' lang='grc' dir='ltr'>ίσχύοςς</span> 
     </span>
    </p>
   </div>
   <div class='ocr_carea' id='block_1_36' title="bbox 2017 681 3142 753">
    <p class='ocr_par' dir='ltr' id='par_1_36' title="bbox 2017 681 3142 753">
     <span class='ocr_line' id='line_1_36' title="bbox 2017 681 3142 753; baseline 0.012 -15"><span class='ocrx_word' id='word_1_237' title='bbox 2017 684 2086 739; x_wconf 84' lang='grc' dir='ltr'><strong>τι</strong></span> <span class='ocrx_word' id='word_1_238' title='bbox 2115 686 2228 750; x_wconf 71' lang='grc' dir='ltr'>τοις</span> <span class='ocrx_word' id='word_1_239' title='bbox 2254 682 2552 753; x_wconf 73' lang='grc' dir='ltr'>ἀγνώστοις</span> <span class='ocrx_word' id='word_1_240' title='bbox 2581 681 2908 751; x_wconf 69' lang='grc' dir='ltr'>ἐγχειρίζεις</span> <span class='ocrx_word' id='word_1_241' title='bbox 2943 682 3098 751; x_wconf 78' lang='grc' dir='ltr'>ἡνίας</span> <span class='ocrx_word' id='word_1_242' title='bbox 3127 697 3142 746; x_wconf 76' lang='grc' dir='ltr'>ς</span> 
     </span>
    </p>
   </div>
   <div class='ocr_carea' id='block_1_37' title="bbox 2018 772 3349 847">
    <p class='ocr_par' dir='ltr' id='par_1_37' title="bbox 2018 772 3349 847">
     <span class='ocr_line' id='line_1_37' title="bbox 2018 772 3349 847; baseline -0.028 3"><span class='ocrx_word' id='word_1_243' title='bbox 2018 773 2086 830; x_wconf 70' lang='grc' dir='ltr'><strong>Τί</strong></span> <span class='ocrx_word' id='word_1_244' title='bbox 2330 774 2501 837; x_wconf 81' lang='grc' dir='ltr'>ποιεῖς</span> <span class='ocrx_word' id='word_1_245' title='bbox 2530 775 2626 837; x_wconf 69' lang='grc' dir='ltr'><strong>τὰς</strong></span> <span class='ocrx_word' id='word_1_246' title='bbox 2656 772 2843 837; x_wconf 79' lang='grc' dir='ltr'>πόλεις</span> <span class='ocrx_word' id='word_1_247' title='bbox 2870 775 2983 835; x_wconf 79' lang='grc' dir='ltr'>τοῖς</span> <span class='ocrx_word' id='word_1_248' title='bbox 3009 772 3349 843; x_wconf 68' lang='grc' dir='ltr'>βαρϐάροιςς</span> 
     </span>
    </p>
   </div>
   <div class='ocr_carea' id='block_1_38' title="bbox 2020 862 3395 935">
    <p class='ocr_par' dir='ltr' id='par_1_38' title="bbox 2020 862 3395 935">
     <span class='ocr_line' id='line_1_38' title="bbox 2020 862 3395 935; baseline -0.004 -15"><span class='ocrx_word' id='word_1_249' title='bbox 2020 866 2085 920; x_wconf 81' lang='grc' dir='ltr'><strong>Τί</strong></span> <span class='ocrx_word' id='word_1_250' title='bbox 2115 864 2280 935; x_wconf 82' lang='grc' dir='ltr'>νεῦρα</span> <span class='ocrx_word' id='word_1_251' title='bbox 2306 864 2521 935; x_wconf 85' lang='grc' dir='ltr'>τέμνεις</span> <span class='ocrx_word' id='word_1_252' title='bbox 2545 863 2639 917; x_wconf 82' lang='grc' dir='ltr'><strong>τοῦ</strong></span> <span class='ocrx_word' id='word_1_253' title='bbox 2671 862 2905 934; x_wconf 70' lang='grc' dir='ltr'>στρατοῦ</span> <span class='ocrx_word' id='word_1_254' title='bbox 2933 863 3312 932; x_wconf 77' lang='grc' dir='ltr'>τεθραμμένα,</span> <span class='ocrx_word' id='word_1_255' title='bbox 3392 881 3395 887; x_wconf 94' lang='grc'>·</span> 
     </span>
    </p>
   </div>
   <div class='ocr_carea' id='block_1_39' title="bbox 2021 955 3255 1025">
    <p class='ocr_par' dir='ltr' id='par_1_39' title="bbox 2021 955 3255 1025">
     <span class='ocr_line' id='line_1_39' title="bbox 2021 955 3255 1025; baseline -0.006 -13"><span class='ocrx_word' id='word_1_256' title='bbox 2021 957 2247 1020; x_wconf 81' lang='grc' dir='ltr'>Πολλαϊς</span> <span class='ocrx_word' id='word_1_257' title='bbox 2277 956 2504 1011; x_wconf 88' lang='grc' dir='ltr'>παλαιοῦ</span> <span class='ocrx_word' id='word_1_258' title='bbox 2532 956 2627 1011; x_wconf 79' lang='grc' dir='ltr'><strong>καὶ</strong></span> <span class='ocrx_word' id='word_1_259' title='bbox 2656 955 2851 1019; x_wconf 81' lang='grc' dir='ltr'>καλαῖς</span> <span class='ocrx_word' id='word_1_260' title='bbox 2875 966 3255 1025; x_wconf 89' lang='grc' dir='ltr'>στρατηγιαις,</span> 
     </span>
    </p>
   </div>
   <div class='ocr_carea' id='block_1_40' title="bbox 2021 1043 3137 1117">
    <p class='ocr_par' dir='ltr' id='par_1_40' title="bbox 2021 1043 3137 1117">
     <span class='ocr_line' id='line_1_40' title="bbox 2021 1043 3137 1117; baseline -0.002 -19"><span class='ocrx_word' id='word_1_261' title='bbox 2021 1044 2304 1117; x_wconf 80' lang='grc' dir='ltr'>Εὑρήμασί</span> <span class='ocrx_word' id='word_1_262' title='bbox 2328 1061 2386 1098; x_wconf 82' lang='grc' dir='ltr'><strong>τε</strong></span> <span class='ocrx_word' id='word_1_263' title='bbox 2406 1044 2501 1098; x_wconf 73' lang='grc' dir='ltr'><strong>καὶ</strong></span> <span class='ocrx_word' id='word_1_264' title='bbox 2526 1043 2706 1114; x_wconf 83' lang='grc' dir='ltr'>σοφῶν</span> <span class='ocrx_word' id='word_1_265' title='bbox 2730 1044 3137 1115; x_wconf 76' lang='grc' dir='ltr'>τεχνουργίαιςς</span> 
     </span>
    </p>
   </div>
   <div class='ocr_carea' id='block_1_41' title="bbox 2022 1134 3275 1208">
    <p class='ocr_par' dir='ltr' id='par_1_41' title="bbox 2022 1134 3275 1208">
     <span class='ocr_line' id='line_1_41' title="bbox 2022 1134 3275 1208; baseline -0.002 -18"><span class='ocrx_word' id='word_1_266' title='bbox 2022 1136 2313 1207; x_wconf 79' lang='grc' dir='ltr'>Εὗριπὶδου</span> <span class='ocrx_word' id='word_1_267' title='bbox 2346 1136 2462 1200; x_wconf 77' lang='grc' dir='ltr'><strong>πῶς</strong></span> <span class='ocrx_word' id='word_1_268' title='bbox 2482 1136 2592 1190; x_wconf 92' lang='grc' dir='ltr'><strong>τῶν</strong></span> <span class='ocrx_word' id='word_1_269' title='bbox 2628 1135 2951 1208; x_wconf 87' lang='grc' dir='ltr'>στρατηγῶν</span> <span class='ocrx_word' id='word_1_270' title='bbox 2972 1136 3069 1205; x_wconf 83' lang='grc' dir='ltr'>τὴν</span> <span class='ocrx_word' id='word_1_271' title='bbox 3096 1134 3275 1205; x_wconf 82' lang='grc' dir='ltr'>κρίσιν</span> 
     </span>
    </p>
   </div>
   <div class='ocr_carea' id='block_1_42' title="bbox 2023 1227 3231 1300">
    <p class='ocr_par' dir='ltr' id='par_1_42' title="bbox 2023 1227 3231 1300">
     <span class='ocr_line' id='line_1_42' title="bbox 2023 1227 3231 1300; baseline -0.002 -18"><span class='ocrx_word' id='word_1_272' title='bbox 2023 1228 2188 1297; x_wconf 73' lang='grc' dir='ltr'>Σοφδς</span> <span class='ocrx_word' id='word_1_273' title='bbox 2222 1228 2413 1293; x_wconf 85' lang='grc' dir='ltr'>δοκῶν,</span> <span class='ocrx_word' id='word_1_274' title='bbox 2441 1228 2715 1300; x_wconf 71' lang='grc' dir='ltr'>ἄνθρωπε,</span> <span class='ocrx_word' id='word_1_275' title='bbox 2744 1227 2840 1281; x_wconf 82' lang='grc' dir='ltr'><strong>νῦν</strong></span> <span class='ocrx_word' id='word_1_276' title='bbox 2868 1227 3231 1298; x_wconf 75' lang='grc' dir='ltr'>παρατρέχεις</span> 
     </span>
    </p>
   </div>
   <div class='ocr_carea' id='block_1_43' title="bbox 2022 1317 3271 1393">
    <p class='ocr_par' dir='ltr' id='par_1_43' title="bbox 2022 1317 3271 1393">
     <span class='ocr_line' id='line_1_43' title="bbox 2022 1317 3271 1393; baseline -0.006 -18"><span class='ocrx_word' id='word_1_277' title='bbox 2022 1321 2225 1393; x_wconf 81' lang='grc' dir='ltr'>Θάρσει</span> <span class='ocrx_word' id='word_1_278' title='bbox 2250 1321 2547 1393; x_wconf 78' lang='grc' dir='ltr'>προκρίνας</span> <span class='ocrx_word' id='word_1_279' title='bbox 2568 1320 2682 1375; x_wconf 79' lang='grc' dir='ltr'><strong>τῶν</strong></span> <span class='ocrx_word' id='word_1_280' title='bbox 2713 1318 2933 1391; x_wconf 80' lang='grc' dir='ltr'>φρενῶν</span> <span class='ocrx_word' id='word_1_281' title='bbox 2958 1317 3271 1383; x_wconf 76' lang='grc' dir='ltr'>εὐϐουλίαν;</span> 
     </span>
    </p>
   </div>
   <div class='ocr_carea' id='block_1_44' title="bbox 2028 1404 3086 1484">
    <p class='ocr_par' dir='ltr' id='par_1_44' title="bbox 2028 1404 3086 1484">
     <span class='ocr_line' id='line_1_44' title="bbox 2028 1404 3086 1484; baseline -0.002 -19"><span class='ocrx_word' id='word_1_282' title='bbox 2028 1413 2125 1465; x_wconf 82' lang='grc' dir='ltr'>Ἓν</span> <span class='ocrx_word' id='word_1_283' title='bbox 2152 1411 2258 1484; x_wconf 80' lang='grc' dir='ltr'>γὰρ</span> <span class='ocrx_word' id='word_1_284' title='bbox 2278 1411 2430 1466; x_wconf 70' lang='grc' dir='ltr'>οὐδὲν</span> <span class='ocrx_word' id='word_1_285' title='bbox 2459 1404 2682 1483; x_wconf 84' lang='grc' dir='ltr'>θάτερον</span> <span class='ocrx_word' id='word_1_286' title='bbox 2715 1410 3086 1480; x_wconf 73' lang='grc' dir='ltr'>λελειμμένον.</span> 
     </span>
    </p>
   </div>
   <div class='ocr_carea' id='block_1_45' title="bbox 2025 1501 3176 1574">
    <p class='ocr_par' dir='ltr' id='par_1_45' title="bbox 2025 1501 3176 1574">
     <span class='ocr_line' id='line_1_45' title="bbox 2025 1501 3176 1574; baseline -0.004 -16"><span class='ocrx_word' id='word_1_287' title='bbox 2025 1505 2091 1559; x_wconf 88' lang='grc' dir='ltr'>Τί</span> <span class='ocrx_word' id='word_1_288' title='bbox 2117 1504 2213 1557; x_wconf 75' lang='grc' dir='ltr'>καὶ</span> <span class='ocrx_word' id='word_1_289' title='bbox 2240 1503 2466 1557; x_wconf 81' lang='grc' dir='ltr'>καλοῦσι</span> <span class='ocrx_word' id='word_1_290' title='bbox 2495 1501 2591 1574; x_wconf 80' lang='grc' dir='ltr'>τὴν</span> <span class='ocrx_word' id='word_1_291' title='bbox 2624 1502 2856 1574; x_wconf 79' lang='grc' dir='ltr'>Ἀθηνᾶν</span> <span class='ocrx_word' id='word_1_292' title='bbox 2894 1501 3137 1555; x_wconf 81' lang='grc' dir='ltr'>Παλλάδα</span> <span class='ocrx_word' id='word_1_293' title='bbox 3160 1515 3176 1563; x_wconf 92' lang='lat'><strong>;</strong></span> 
     </span>
    </p>
   </div>
   <div class='ocr_carea' id='block_1_46' title="bbox 2027 1590 3349 1663">
    <p class='ocr_par' dir='ltr' id='par_1_46' title="bbox 2027 1590 3349 1663">
     <span class='ocr_line' id='line_1_46' title="bbox 2027 1590 3349 1663; baseline -0.005 -14"><span class='ocrx_word' id='word_1_294' title='bbox 2027 1596 2094 1649; x_wconf 87' lang='grc' dir='ltr'><strong>Τί</strong></span> <span class='ocrx_word' id='word_1_295' title='bbox 2127 1596 2213 1661; x_wconf 85' lang='grc' dir='ltr'><strong>δ’;</strong></span> <span class='ocrx_word' id='word_1_296' title='bbox 2243 1594 2344 1648; x_wconf 81' lang='grc' dir='ltr'><strong>οὐκ</strong></span> <span class='ocrx_word' id='word_1_297' title='bbox 2380 1594 2653 1647; x_wconf 82' lang='grc' dir='ltr'>Ἀπόλλων</span> <span class='ocrx_word' id='word_1_298' title='bbox 2688 1592 2945 1663; x_wconf 79' lang='grc' dir='ltr'>μουσικὸς</span> <span class='ocrx_word' id='word_1_299' title='bbox 2971 1590 3066 1645; x_wconf 77' lang='grc' dir='ltr'><strong>καὶ</strong></span> <span class='ocrx_word' id='word_1_300' title='bbox 3100 1590 3349 1661; x_wconf 76' lang='grc' dir='ltr'>τοξότηςς</span> 
     </span>
    </p>
   </div>
   <div class='ocr_carea' id='block_1_47' title="bbox 1982 1681 3212 1756">
    <p class='ocr_par' dir='ltr' id='par_1_47' title="bbox 1982 1681 3212 1756">
     <span class='ocr_line' id='line_1_47' title="bbox 1982 1681 3212 1756; baseline -0.007 -16"><span class='ocrx_word' id='word_1_301' title='bbox 1982 1686 1994 1756; x_wconf 57' lang='grc' dir='ltr'>μ</span> <span class='ocrx_word' id='word_1_302' title='bbox 2028 1683 2093 1740; x_wconf 89' lang='grc' dir='ltr'><strong>Τί</strong></span> <span class='ocrx_word' id='word_1_303' title='bbox 2119 1685 2167 1739; x_wconf 79' lang='grc' dir='ltr'>δ’</span> <span class='ocrx_word' id='word_1_304' title='bbox 2200 1681 2269 1756; x_wconf 79' lang='grc' dir='ltr'>ἦν</span> <span class='ocrx_word' id='word_1_305' title='bbox 2314 1684 2631 1756; x_wconf 75' lang='grc' dir='ltr'>Ἀχιλλεύςς</span> <span class='ocrx_word' id='word_1_306' title='bbox 2666 1685 2879 1756; x_wconf 87' lang='grc' dir='ltr'>πρῶτος</span> <span class='ocrx_word' id='word_1_307' title='bbox 2901 1683 2961 1737; x_wconf 75' lang='grc' dir='ltr'>οὐ</span> <span class='ocrx_word' id='word_1_308' title='bbox 2988 1681 3212 1752; x_wconf 75' lang='grc' dir='ltr'>θεωρίᾳ,</span> 
     </span>
    </p>
   </div>
   <div class='ocr_carea' id='block_1_48' title="bbox 1954 1747 3361 1849">
    <p class='ocr_par' dir='ltr' id='par_1_48' title="bbox 1954 1747 3361 1849">
     <span class='ocr_line' id='line_1_48' title="bbox 1954 1747 3361 1849; baseline -0.004 -17"><span class='ocrx_word' id='word_1_309' title='bbox 1954 1747 2000 1803; x_wconf 68' lang='grc' dir='ltr'>Β</span> <span class='ocrx_word' id='word_1_310' title='bbox 2026 1778 2137 1833; x_wconf 78' lang='grc' dir='ltr'><strong>Καὶ</strong></span> <span class='ocrx_word' id='word_1_311' title='bbox 2176 1747 2432 1848; x_wconf 73' lang='grc' dir='ltr'>μουσικός</span> <span class='ocrx_word' id='word_1_312' title='bbox 2468 1794 2552 1842; x_wconf 92' lang='grc' dir='ltr'><strong>τις</strong></span> <span class='ocrx_word' id='word_1_313' title='bbox 2576 1747 2944 1849; x_wconf 66' lang='grc' dir='ltr'>ᾖδενάνδρῶν</span> <span class='ocrx_word' id='word_1_314' title='bbox 2972 1775 3040 1828; x_wconf 85' lang='grc' dir='ltr'><strong>τά</strong></span> <span class='ocrx_word' id='word_1_315' title='bbox 3069 1747 3237 1838; x_wconf 77' lang='grc' dir='ltr'><strong>κλέας</strong></span> 
     </span>
    </p>
   </div>
   <div class='ocr_carea' id='block_1_49' title="bbox 2032 1865 3241 1937">
    <p class='ocr_par' dir='ltr' id='par_1_49' title="bbox 2032 1865 3241 1937">
     <span class='ocr_line' id='line_1_49' title="bbox 2032 1865 3241 1937; baseline -0.004 -17"><span class='ocrx_word' id='word_1_316' title='bbox 2032 1868 2294 1937; x_wconf 63' lang='grc' dir='ltr'>Ἰατρικὸς</span> <span class='ocrx_word' id='word_1_317' title='bbox 2317 1867 2362 1920; x_wconf 86' lang='grc' dir='ltr'>δ’</span> <span class='ocrx_word' id='word_1_318' title='bbox 2383 1865 2468 1930; x_wconf 76' lang='grc' dir='ltr'>οὔ,</span> <span class='ocrx_word' id='word_1_319' title='bbox 2503 1869 2596 1920; x_wconf 82' lang='grc' dir='ltr'><strong>καὶ</strong></span> <span class='ocrx_word' id='word_1_320' title='bbox 2622 1865 2867 1937; x_wconf 74' lang='grc' dir='ltr'>μαθητὴς</span> <span class='ocrx_word' id='word_1_321' title='bbox 2892 1865 3241 1936; x_wconf 74' lang='lat' dir='ltr'><strong>Kewatipou;</strong></span> 
     </span>
    </p>
   </div>
   <div class='ocr_carea' id='block_1_50' title="bbox 2020 1942 3318 2028">
    <p class='ocr_par' dir='ltr' id='par_1_50' title="bbox 2020 1942 3318 2028">
     <span class='ocr_line' id='line_1_50' title="bbox 2020 1942 3318 2028; baseline -0.003 -17"><span class='ocrx_word' id='word_1_322' title='bbox 2020 1958 2087 2010; x_wconf 88' lang='grc' dir='ltr'><strong>Τί</strong></span> <span class='ocrx_word' id='word_1_323' title='bbox 2112 1958 2157 2011; x_wconf 82' lang='grc' dir='ltr'>δ’</span> <span class='ocrx_word' id='word_1_324' title='bbox 2182 1955 2249 2028; x_wconf 75' lang='grc' dir='ltr'>ἦν</span> <span class='ocrx_word' id='word_1_325' title='bbox 2286 1956 2607 2024; x_wconf 66' lang='grc' dir='ltr'>τοδνσσεύςς</span> <span class='ocrx_word' id='word_1_326' title='bbox 2636 1957 2696 2009; x_wconf 80' lang='grc' dir='ltr'>οὐ</span> <span class='ocrx_word' id='word_1_327' title='bbox 2727 1954 3117 2025; x_wconf 77' lang='grc' dir='ltr'>λόγοις“σοφοῐς</span> <span class='ocrx_word' id='word_1_328' title='bbox 3142 1942 3318 2023; x_wconf 80' lang='grc' dir='ltr'>ρἐν;</span> 
     </span>
    </p>
   </div>
   <div class='ocr_carea' id='block_1_51' title="bbox 2020 2047 3153 2119">
    <p class='ocr_par' dir='ltr' id='par_1_51' title="bbox 2020 2047 3153 2119">
     <span class='ocr_line' id='line_1_51' title="bbox 2020 2047 3153 2119; baseline 0 -18"><span class='ocrx_word' id='word_1_329' title='bbox 2020 2048 2095 2101; x_wconf 70' lang='lat' dir='ltr'><strong>To</strong></span> <span class='ocrx_word' id='word_1_330' title='bbox 2120 2048 2368 2103; x_wconf 83' lang='grc' dir='ltr'>σύντονον</span> <span class='ocrx_word' id='word_1_331' title='bbox 2402 2048 2457 2101; x_wconf 73' lang='grc' dir='ltr'>δὲ</span> <span class='ocrx_word' id='word_1_332' title='bbox 2495 2048 2575 2111; x_wconf 84' lang='grc' dir='ltr'><strong>τίς</strong></span> <span class='ocrx_word' id='word_1_333' title='bbox 2602 2047 2930 2119; x_wconf 79' lang='grc' dir='ltr'>κατώρθωσε</span> <span class='ocrx_word' id='word_1_334' title='bbox 2960 2049 3153 2113; x_wconf 83' lang='grc' dir='ltr'>π&gt;.έον;</span> 
     </span>
    </p>
   </div>
   <div class='ocr_carea' id='block_1_52' title="bbox 2035 2138 2927 2209">
    <p class='ocr_par' dir='ltr' id='par_1_52' title="bbox 2035 2138 2927 2209">
     <span class='ocr_line' id='line_1_52' title="bbox 2035 2138 2927 2209; baseline -0.002 -16"><span class='ocrx_word' id='word_1_335' title='bbox 2035 2139 2143 2193; x_wconf 80' lang='grc' dir='ltr'>Ἐῶ</span> <span class='ocrx_word' id='word_1_336' title='bbox 2172 2138 2369 2193; x_wconf 78' lang='grc' dir='ltr'>Πύλιον</span> <span class='ocrx_word' id='word_1_337' title='bbox 2400 2138 2496 2193; x_wconf 81' lang='grc' dir='ltr'><strong>τοῦ</strong></span> <span class='ocrx_word' id='word_1_338' title='bbox 2529 2138 2743 2209; x_wconf 82' lang='grc' dir='ltr'>μέλιτος</span> <span class='ocrx_word' id='word_1_339' title='bbox 2774 2138 2927 2207; x_wconf 74' lang='grc' dir='ltr'>ἡδίω,</span> 
     </span>
    </p>
   </div>
   <div class='ocr_carea' id='block_1_53' title="bbox 2021 2227 3259 2299">
    <p class='ocr_par' dir='ltr' id='par_1_53' title="bbox 2021 2227 3259 2299">
     <span class='ocr_line' id='line_1_53' title="bbox 2021 2227 3259 2299; baseline -0.002 -17"><span class='ocrx_word' id='word_1_340' title='bbox 2021 2228 2133 2283; x_wconf 89' lang='lat' dir='ltr'><strong>Kal</strong></span> <span class='ocrx_word' id='word_1_341' title='bbox 2162 2227 2261 2299; x_wconf 77' lang='grc' dir='ltr'><strong>τὴν</strong></span> <span class='ocrx_word' id='word_1_342' title='bbox 2303 2227 2573 2299; x_wconf 82' lang='grc' dir='ltr'>’Δτρειδου</span> <span class='ocrx_word' id='word_1_343' title='bbox 2609 2227 3052 2298; x_wconf 79' lang='grc' dir='ltr'>συντετμημένην</span> <span class='ocrx_word' id='word_1_344' title='bbox 3082 2227 3259 2297; x_wconf 80' lang='grc' dir='ltr'>φύσιν,</span> 
     </span>
    </p>
   </div>
   <div class='ocr_carea' id='block_1_54' title="bbox 2025 2316 3117 2391">
    <p class='ocr_par' dir='ltr' id='par_1_54' title="bbox 2025 2316 3117 2391">
     <span class='ocr_line' id='line_1_54' title="bbox 2025 2316 3117 2391; baseline 0 -20"><span class='ocrx_word' id='word_1_345' title='bbox 2025 2320 2249 2391; x_wconf 85' lang='grc' dir='ltr'>Ἥρωας</span> <span class='ocrx_word' id='word_1_346' title='bbox 2276 2318 2445 2390; x_wconf 80' lang='grc' dir='ltr'>ἄρδην</span> <span class='ocrx_word' id='word_1_347' title='bbox 2478 2317 2630 2372; x_wconf 75' lang='grc' dir='ltr'>ενθεν</span> <span class='ocrx_word' id='word_1_348' title='bbox 2655 2316 3077 2389; x_wconf 65' lang='grc' dir='ltr'>ὠνομασμένους</span> <span class='ocrx_word' id='word_1_349' title='bbox 3101 2334 3117 2348; x_wconf 76' lang='grc' dir='ltr'><strong>ο</strong></span> 
     </span>
    </p>
   </div>
   <div class='ocr_carea' id='block_1_55' title="bbox 2024 2407 3193 2481">
    <p class='ocr_par' dir='ltr' id='par_1_55' title="bbox 2024 2407 3193 2481">
     <span class='ocr_line' id='line_1_55' title="bbox 2024 2407 3193 2481; baseline -0.003 -18"><span class='ocrx_word' id='word_1_350' title='bbox 2024 2410 2284 2481; x_wconf 82' lang='grc' dir='ltr'>Εῐροντας</span> <span class='ocrx_word' id='word_1_351' title='bbox 2314 2409 2375 2463; x_wconf 78' lang='grc' dir='ltr'>εὖ</span> <span class='ocrx_word' id='word_1_352' title='bbox 2402 2426 2463 2463; x_wconf 81' lang='grc' dir='ltr'><strong>τε</strong></span> <span class='ocrx_word' id='word_1_353' title='bbox 2491 2411 2589 2463; x_wconf 69' lang='grc' dir='ltr'><strong>καὶ</strong></span> <span class='ocrx_word' id='word_1_354' title='bbox 2614 2407 2874 2477; x_wconf 78' lang='grc' dir='ltr'>λέγοντας</span> <span class='ocrx_word' id='word_1_355' title='bbox 2897 2408 3158 2478; x_wconf 76' lang='grc' dir='ltr'>έντέχνως</span> <span class='ocrx_word' id='word_1_356' title='bbox 3178 2424 3193 2442; x_wconf 74' lang='grc' dir='ltr'><strong>ι</strong></span> 
     </span>
    </p>
   </div>
   <div class='ocr_carea' id='block_1_56' title="bbox 2038 2490 3240 2573">
    <p class='ocr_par' dir='ltr' id='par_1_56' title="bbox 2038 2490 3240 2573">
     <span class='ocr_line' id='line_1_56' title="bbox 2038 2490 3240 2573; baseline -0.002 -17"><span class='ocrx_word' id='word_1_357' title='bbox 2038 2501 2271 2573; x_wconf 81' lang='grc' dir='ltr'>Ἀνδρῶν</span> <span class='ocrx_word' id='word_1_358' title='bbox 2296 2501 2550 2559; x_wconf 86' lang='grc' dir='ltr'>ἀπάντων</span> <span class='ocrx_word' id='word_1_359' title='bbox 2577 2502 2877 2573; x_wconf 71' lang='grc' dir='ltr'>Σωκράτης</span> <span class='ocrx_word' id='word_1_360' title='bbox 2903 2490 3240 2572; x_wconf 69' lang='grc' dir='ltr'>σοφιίηερος·</span> 
     </span>
    </p>
   </div>
   <div class='ocr_carea' id='block_1_57' title="bbox 2030 2592 3269 2664">
    <p class='ocr_par' dir='ltr' id='par_1_57' title="bbox 2030 2592 3269 2664">
     <span class='ocr_line' id='line_1_57' title="bbox 2030 2592 3269 2664; baseline 0 -19"><span class='ocrx_word' id='word_1_361' title='bbox 2030 2593 2202 2663; x_wconf 80' lang='grc' dir='ltr'>Ἔστη</span> <span class='ocrx_word' id='word_1_362' title='bbox 2237 2592 2281 2645; x_wconf 85' lang='grc' dir='ltr'>δ’</span> <span class='ocrx_word' id='word_1_363' title='bbox 2307 2592 2399 2645; x_wconf 69' lang='grc' dir='ltr'><strong>ἐπ’</strong></span> <span class='ocrx_word' id='word_1_364' title='bbox 2422 2592 2595 2663; x_wconf 76' lang='grc' dir='ltr'>αὐτὴν</span> <span class='ocrx_word' id='word_1_365' title='bbox 2618 2592 2880 2656; x_wconf 79' lang='grc' dir='ltr'>πολλάκις</span> <span class='ocrx_word' id='word_1_366' title='bbox 2904 2592 3003 2664; x_wconf 77' lang='grc' dir='ltr'><strong>τὴν</strong></span> <span class='ocrx_word' id='word_1_367' title='bbox 3030 2592 3231 2646; x_wconf 86' lang='grc' dir='ltr'>ἀσπίδα</span> <span class='ocrx_word' id='word_1_368' title='bbox 3251 2607 3269 2623; x_wconf 78' lang='grc' dir='ltr'><strong>ο</strong></span> 
     </span>
    </p>
   </div>
   <div class='ocr_carea' id='block_1_58' title="bbox 2027 2678 3152 2755">
    <p class='ocr_par' dir='ltr' id='par_1_58' title="bbox 2027 2678 3152 2755">
     <span class='ocr_line' id='line_1_58' title="bbox 2027 2678 3152 2755; baseline 0.002 -20"><span class='ocrx_word' id='word_1_369' title='bbox 2027 2684 2137 2736; x_wconf 87' lang='lat' dir='ltr'><strong>Kal</strong></span> <span class='ocrx_word' id='word_1_370' title='bbox 2165 2682 2379 2755; x_wconf 83' lang='grc' dir='ltr'>πρῶτος</span> <span class='ocrx_word' id='word_1_371' title='bbox 2408 2678 2510 2754; x_wconf 79' lang='grc' dir='ltr'>ἦρε</span> <span class='ocrx_word' id='word_1_372' title='bbox 2542 2682 2650 2736; x_wconf 88' lang='grc' dir='ltr'><strong>τῶν</strong></span> <span class='ocrx_word' id='word_1_373' title='bbox 2678 2683 2946 2755; x_wconf 83' lang='grc' dir='ltr'>ἀριστέων</span> <span class='ocrx_word' id='word_1_374' title='bbox 2974 2683 3152 2755; x_wconf 54' lang='grc' dir='ltr'>γέρα*</span> 
     </span>
    </p>
   </div>
   <div class='ocr_carea' id='block_1_59' title="bbox 2027 2771 3248 2845">
    <p class='ocr_par' dir='ltr' id='par_1_59' title="bbox 2027 2771 3248 2845">
     <span class='ocr_line' id='line_1_59' title="bbox 2027 2771 3248 2845; baseline 0.002 -21"><span class='ocrx_word' id='word_1_375' title='bbox 2027 2771 2255 2826; x_wconf 88' lang='grc' dir='ltr'>Πλάτων</span> <span class='ocrx_word' id='word_1_376' title='bbox 2283 2772 2544 2844; x_wconf 75' lang='grc' dir='ltr'>ἀθλητὴς,</span> <span class='ocrx_word' id='word_1_377' title='bbox 2571 2774 2665 2827; x_wconf 81' lang='grc' dir='ltr'><strong>καὶ</strong></span> <span class='ocrx_word' id='word_1_378' title='bbox 2700 2772 2947 2845; x_wconf 79' lang='grc' dir='ltr'>μαχητὴς</span> <span class='ocrx_word' id='word_1_379' title='bbox 2969 2773 3248 2845; x_wconf 78' lang='grc' dir='ltr'>Αἰσχύλος.</span> 
     </span>
    </p>
   </div>
   <div class='ocr_carea' id='block_1_60' title="bbox 2039 2859 3441 2936">
    <p class='ocr_par' dir='ltr' id='par_1_60' title="bbox 2039 2859 3441 2936">
     <span class='ocr_line' id='line_1_60' title="bbox 2039 2859 3441 2936; baseline 0.004 -22"><span class='ocrx_word' id='word_1_380' title='bbox 2039 2860 2099 2914; x_wconf 83' lang='grc'><strong>’0</strong></span> <span class='ocrx_word' id='word_1_381' title='bbox 2132 2861 2177 2915; x_wconf 87' lang='grc' dir='ltr'>δ’</span> <span class='ocrx_word' id='word_1_382' title='bbox 2203 2859 2296 2917; x_wconf 77' lang='grc' dir='ltr'>οὖν</span> <span class='ocrx_word' id='word_1_383' title='bbox 2325 2862 2645 2933; x_wconf 88' lang='grc' dir='ltr'>στρατηγῶν</span> <span class='ocrx_word' id='word_1_384' title='bbox 2668 2864 2884 2934; x_wconf 91' lang='grc' dir='ltr'>πρῶτος</span> <span class='ocrx_word' id='word_1_385' title='bbox 2903 2864 2965 2916; x_wconf 81' lang='grc' dir='ltr'>οὐ</span> <span class='ocrx_word' id='word_1_386' title='bbox 2994 2867 3090 2917; x_wconf 76' lang='grc' dir='ltr'><strong>καὶ</strong></span> <span class='ocrx_word' id='word_1_387' title='bbox 3124 2866 3366 2936; x_wconf 75' lang='grc' dir='ltr'>ρητόρων</span> <span class='ocrx_word' id='word_1_388' title='bbox 3394 2867 3441 2900; x_wconf 81' lang='grc'><strong>⁸⁸</strong></span> 
     </span>
    </p>
   </div>
   <div class='ocr_carea' id='block_1_61' title="bbox 2028 2948 3283 3025">
    <p class='ocr_par' dir='ltr' id='par_1_61' title="bbox 2028 2948 3283 3025">
     <span class='ocr_line' id='line_1_61' title="bbox 2028 2948 3283 3025; baseline 0.003 -20"><span class='ocrx_word' id='word_1_389' title='bbox 2028 2953 2214 3020; x_wconf 75' lang='grc' dir='ltr'>Σοφῶν</span> <span class='ocrx_word' id='word_1_390' title='bbox 2238 2953 2292 3006; x_wconf 80' lang='grc' dir='ltr'>δὲ</span> <span class='ocrx_word' id='word_1_391' title='bbox 2322 2954 2540 3023; x_wconf 74' lang='grc' dir='ltr'>μᾶλλον,</span> <span class='ocrx_word' id='word_1_392' title='bbox 2564 2954 2622 3017; x_wconf 80' lang='grc' dir='ltr'><strong>ὃς</strong></span> <span class='ocrx_word' id='word_1_393' title='bbox 2647 2948 2769 3009; x_wconf 72' lang='grc' dir='ltr'>λύει</span> <span class='ocrx_word' id='word_1_394' title='bbox 2794 2957 3076 3024; x_wconf 80' lang='grc' dir='ltr'>χρησμοὺς</span> <span class='ocrx_word' id='word_1_395' title='bbox 3104 2956 3283 3025; x_wconf 87' lang='grc' dir='ltr'>μόνος,</span> 
     </span>
    </p>
   </div>
   <div class='ocr_carea' id='block_1_62' title="bbox 2030 3044 3284 3119">
    <p class='ocr_par' dir='ltr' id='par_1_62' title="bbox 2030 3044 3284 3119">
     <span class='ocr_line' id='line_1_62' title="bbox 2030 3044 3284 3119; baseline 0.003 -22"><span class='ocrx_word' id='word_1_396' title='bbox 2030 3045 2253 3110; x_wconf 79' lang='grc' dir='ltr'>Βουλαῖς</span> <span class='ocrx_word' id='word_1_397' title='bbox 2272 3045 2328 3100; x_wconf 67' lang='grc' dir='ltr'>δὲ</span> <span class='ocrx_word' id='word_1_398' title='bbox 2359 3046 2485 3117; x_wconf 73' lang='grc' dir='ltr'>νικᾷ</span> <span class='ocrx_word' id='word_1_399' title='bbox 2508 3047 2603 3099; x_wconf 77' lang='grc' dir='ltr'><strong>καὶ</strong></span> <span class='ocrx_word' id='word_1_400' title='bbox 2638 3044 2840 3117; x_wconf 74' lang='grc' dir='ltr'>μάχαις</span> <span class='ocrx_word' id='word_1_401' title='bbox 2869 3046 2968 3117; x_wconf 78' lang='grc' dir='ltr'>τὴν</span> <span class='ocrx_word' id='word_1_402' title='bbox 2990 3047 3093 3119; x_wconf 83' lang='grc' dir='ltr'>γῆν</span> <span class='ocrx_word' id='word_1_403' title='bbox 3123 3048 3284 3117; x_wconf 73' lang='grc' dir='ltr'>ὃληνο</span> 
     </span>
    </p>
   </div>
   <div class='ocr_carea' id='block_1_63' title="bbox 366 3206 3591 3298">
    <p class='ocr_par' dir='ltr' id='par_1_63' title="bbox 366 3206 3591 3298">
     <span class='ocr_line' id='line_1_63' title="bbox 366 3206 3591 3298; baseline 0.002 -24"><span class='ocrx_word' id='word_1_404' title='bbox 366 3217 510 3292; x_wconf 81' lang='lat' dir='ltr'><strong>gulis</strong></span> <span class='ocrx_word' id='word_1_405' title='bbox 545 3206 732 3275; x_wconf 76' lang='lat' dir='ltr'><strong>tristes</strong></span> <span class='ocrx_word' id='word_1_406' title='bbox 749 3217 940 3275; x_wconf 89' lang='lat' dir='ltr'><strong>sedent</strong></span> <span class='ocrx_word' id='word_1_407' title='bbox 968 3226 1023 3274; x_wconf 93' lang='lat' dir='ltr'><strong>et</strong></span> <span class='ocrx_word' id='word_1_408' title='bbox 1044 3217 1320 3289; x_wconf 76' lang='lat' dir='ltr'><strong>neglectae,</strong></span> <span class='ocrx_word' id='word_1_409' title='bbox 1342 3217 1718 3273; x_wconf 74' lang='lat' dir='ltr'><strong>lamentantur</strong></span> <span class='ocrx_word' id='word_1_410' title='bbox 1746 3232 1929 3273; x_wconf 90' lang='lat' dir='ltr'><strong>amare</strong></span> <span class='ocrx_word' id='word_1_411' title='bbox 1956 3236 2001 3298; x_wconf 74' lang='grc' dir='ltr'><strong>ρ</strong></span> <span class='ocrx_word' id='word_1_412' title='bbox 2034 3219 2176 3289; x_wconf 88' lang='lat' dir='ltr'><strong>apud</strong></span> <span class='ocrx_word' id='word_1_413' title='bbox 2211 3230 2444 3277; x_wconf 88' lang='lat' dir='ltr'><strong>veteres.</strong></span> <span class='ocrx_word' id='word_1_414' title='bbox 2483 3220 2583 3277; x_wconf 89' lang='lat' dir='ltr'><strong>Odi</strong></span> <span class='ocrx_word' id='word_1_415' title='bbox 2612 3221 2911 3292; x_wconf 89' lang='lat' dir='ltr'><strong>sophistam</strong></span> <span class='ocrx_word' id='word_1_416' title='bbox 2939 3222 3034 3293; x_wconf 88' lang='lat' dir='ltr'><strong>qui</strong></span> <span class='ocrx_word' id='word_1_417' title='bbox 3078 3221 3183 3278; x_wconf 95' lang='lat' dir='ltr'><strong>sibi</strong></span> <span class='ocrx_word' id='word_1_418' title='bbox 3230 3236 3337 3276; x_wconf 91' lang='lat' dir='ltr'><strong>non</strong></span> <span class='ocrx_word' id='word_1_419' title='bbox 3372 3222 3591 3293; x_wconf 79' lang='lat' dir='ltr'><strong>sapiens</strong></span> 
     </span>
    </p>
   </div>
   <div class='ocr_carea' id='block_1_64' title="bbox 368 3310 1925 3375">
    <p class='ocr_par' dir='ltr' id='par_1_64' title="bbox 368 3310 1925 3375">
     <span class='ocr_line' id='line_1_64' title="bbox 368 3310 1925 3375; baseline -0.001 -9"><span class='ocrx_word' id='word_1_420' title='bbox 368 3326 479 3367; x_wconf 83' lang='lat' dir='ltr'><strong>non</strong></span> <span class='ocrx_word' id='word_1_421' title='bbox 509 3325 665 3366; x_wconf 89' lang='lat' dir='ltr'><strong>suam</strong></span> <span class='ocrx_word' id='word_1_422' title='bbox 698 3319 923 3375; x_wconf 89' lang='lat' dir='ltr'><strong>sortem,</strong></span> <span class='ocrx_word' id='word_1_423' title='bbox 960 3324 1085 3365; x_wconf 87' lang='lat' dir='ltr'><strong>nam</strong></span> <span class='ocrx_word' id='word_1_424' title='bbox 1132 3318 1329 3366; x_wconf 88' lang='lat' dir='ltr'><strong>natura</strong></span> <span class='ocrx_word' id='word_1_425' title='bbox 1357 3310 1685 3366; x_wconf 66' lang='lat' dir='ltr'><strong>honorandae</strong></span> <span class='ocrx_word' id='word_1_426' title='bbox 1717 3320 1845 3366; x_wconf 90' lang='lat' dir='ltr'><strong>sunt</strong></span> <span class='ocrx_word' id='word_1_427' title='bbox 1871 3320 1925 3365; x_wconf 92' lang='lat' dir='ltr'><strong>et</strong></span> 
     </span>
    </p>
   </div>
   <div class='ocr_carea' id='block_1_65' title="bbox 366 3400 1924 3473">
    <p class='ocr_par' dir='ltr' id='par_1_65' title="bbox 366 3400 1924 3473">
     <span class='ocr_line' id='line_1_65' title="bbox 366 3400 1924 3473; baseline 0.001 -18"><span class='ocrx_word' id='word_1_428' title='bbox 366 3400 439 3456; x_wconf 86' lang='lat' dir='ltr'><strong>ab</strong></span> <span class='ocrx_word' id='word_1_429' title='bbox 464 3401 667 3458; x_wconf 79' lang='lat' dir='ltr'><strong>exteris</strong></span> <span class='ocrx_word' id='word_1_430' title='bbox 714 3403 1078 3471; x_wconf 86' lang='lat' dir='ltr'><strong>honorantur,</strong></span> <span class='ocrx_word' id='word_1_431' title='bbox 1107 3404 1201 3459; x_wconf 91' lang='lat' dir='ltr'><strong>sed</strong></span> <span class='ocrx_word' id='word_1_432' title='bbox 1248 3404 1613 3459; x_wconf 88' lang='lat' dir='ltr'><strong>lamentantur</strong></span> <span class='ocrx_word' id='word_1_433' title='bbox 1642 3402 1811 3473; x_wconf 74' lang='lat' dir='ltr'><strong>ipsam</strong></span> <span class='ocrx_word' id='word_1_434' title='bbox 1837 3418 1924 3457; x_wconf 87' lang='lat' dir='ltr'><strong>re-</strong></span> 
     </span>
    </p>
   </div>
   <div class='ocr_carea' id='block_1_66' title="bbox 365 3489 1926 3563">
    <p class='ocr_par' dir='ltr' id='par_1_66' title="bbox 365 3489 1926 3563">
     <span class='ocr_line' id='line_1_66' title="bbox 365 3489 1926 3563; baseline 0 -18"><span class='ocrx_word' id='word_1_435' title='bbox 365 3489 511 3561; x_wconf 84' lang='lat' dir='ltr'><strong>giam</strong></span> <span class='ocrx_word' id='word_1_436' title='bbox 545 3489 758 3562; x_wconf 84' lang='lat' dir='ltr'><strong>urbem,</strong></span> <span class='ocrx_word' id='word_1_437' title='bbox 789 3502 843 3547; x_wconf 92' lang='lat' dir='ltr'><strong>et</strong></span> <span class='ocrx_word' id='word_1_438' title='bbox 873 3503 1085 3563; x_wconf 88' lang='lat' dir='ltr'><strong>sceptra</strong></span> <span class='ocrx_word' id='word_1_439' title='bbox 1112 3490 1297 3549; x_wconf 81' lang='lat' dir='ltr'><strong>Roma:</strong></span> <span class='ocrx_word' id='word_1_440' title='bbox 1333 3503 1389 3549; x_wconf 90' lang='lat' dir='ltr'><strong>et</strong></span> <span class='ocrx_word' id='word_1_441' title='bbox 1419 3491 1782 3547; x_wconf 80' lang='lat' dir='ltr'><strong>Romanorum</strong></span> <span class='ocrx_word' id='word_1_442' title='bbox 1813 3492 1926 3547; x_wconf 75' lang='lat' dir='ltr'><strong>eri-</strong></span> 
     </span>
    </p>
   </div>
   <div class='ocr_carea' id='block_1_67' title="bbox 367 3580 1927 3654">
    <p class='ocr_par' dir='ltr' id='par_1_67' title="bbox 367 3580 1927 3654">
     <span class='ocr_line' id='line_1_67' title="bbox 367 3580 1927 3654; baseline 0.004 -20"><span class='ocrx_word' id='word_1_443' title='bbox 367 3582 501 3647; x_wconf 88' lang='lat' dir='ltr'><strong>mia,</strong></span> <span class='ocrx_word' id='word_1_444' title='bbox 548 3580 737 3637; x_wconf 85' lang='lat' dir='ltr'><strong>diruta</strong></span> <span class='ocrx_word' id='word_1_445' title='bbox 766 3582 833 3637; x_wconf 89' lang='lat' dir='ltr'><strong>ad</strong></span> <span class='ocrx_word' id='word_1_446' title='bbox 880 3584 1058 3639; x_wconf 87' lang='lat' dir='ltr'><strong>solum</strong></span> <span class='ocrx_word' id='word_1_447' title='bbox 1115 3598 1312 3654; x_wconf 84' lang='lat' dir='ltr'><strong>opera,</strong></span> <span class='ocrx_word' id='word_1_448' title='bbox 1359 3592 1414 3639; x_wconf 92' lang='lat' dir='ltr'><strong>et</strong></span> <span class='ocrx_word' id='word_1_449' title='bbox 1456 3585 1666 3640; x_wconf 88' lang='lat' dir='ltr'><strong>nobiles</strong></span> <span class='ocrx_word' id='word_1_450' title='bbox 1712 3584 1927 3640; x_wconf 76' lang='lat' dir='ltr'><strong>urbesa</strong></span> 
     </span>
    </p>
   </div>
   <div class='ocr_carea' id='block_1_68' title="bbox 367 3670 1927 3743">
    <p class='ocr_par' dir='ltr' id='par_1_68' title="bbox 367 3670 1927 3743">
     <span class='ocr_line' id='line_1_68' title="bbox 367 3670 1927 3743; baseline 0.003 -18"><span class='ocrx_word' id='word_1_451' title='bbox 367 3670 628 3739; x_wconf 73' lang='lat' dir='ltr'><strong>gentibus</strong></span> <span class='ocrx_word' id='word_1_452' title='bbox 649 3672 753 3727; x_wconf 92' lang='lat' dir='ltr'><strong>heu</strong></span> <span class='ocrx_word' id='word_1_453' title='bbox 771 3674 789 3725; x_wconf 75' lang='grc' dir='ltr'><strong>ί</strong></span> <span class='ocrx_word' id='word_1_454' title='bbox 820 3673 1093 3729; x_wconf 90' lang='lat' dir='ltr'><strong>horrendo</strong></span> <span class='ocrx_word' id='word_1_455' title='bbox 1125 3675 1293 3729; x_wconf 85' lang='lat' dir='ltr'><strong>modo</strong></span> <span class='ocrx_word' id='word_1_456' title='bbox 1323 3674 1693 3741; x_wconf 83' lang='lat' dir='ltr'><strong>conculcatas,</strong></span> <span class='ocrx_word' id='word_1_457' title='bbox 1722 3683 1776 3730; x_wconf 92' lang='lat' dir='ltr'><strong>et</strong></span> <span class='ocrx_word' id='word_1_458' title='bbox 1804 3674 1927 3743; x_wconf 85' lang='lat' dir='ltr'><strong>glo-</strong></span> 
     </span>
    </p>
   </div>
   <div class='ocr_carea' id='block_1_69' title="bbox 365 3760 1925 3838">
    <p class='ocr_par' dir='ltr' id='par_1_69' title="bbox 365 3760 1925 3838">
     <span class='ocr_line' id='line_1_69' title="bbox 365 3760 1925 3838; baseline 0.002 -24"><span class='ocrx_word' id='word_1_459' title='bbox 365 3760 507 3815; x_wconf 85' lang='lat' dir='ltr'><strong>riam</strong></span> <span class='ocrx_word' id='word_1_460' title='bbox 543 3776 663 3830; x_wconf 71' lang='lat' dir='ltr'><strong>qute</strong></span> <span class='ocrx_word' id='word_1_461' title='bbox 689 3769 840 3816; x_wconf 83' lang='lat' dir='ltr'><strong>tanto</strong></span> <span class='ocrx_word' id='word_1_462' title='bbox 879 3771 1121 3832; x_wconf 83' lang='lat' dir='ltr'><strong>tempore</strong></span> <span class='ocrx_word' id='word_1_463' title='bbox 1153 3763 1355 3829; x_wconf 81' lang='lat' dir='ltr'><strong>llo’ruit,</strong></span> <span class='ocrx_word' id='word_1_464' title='bbox 1395 3772 1449 3817; x_wconf 92' lang='lat' dir='ltr'><strong>et</strong></span> <span class='ocrx_word' id='word_1_465' title='bbox 1494 3764 1649 3818; x_wconf 88' lang='lat' dir='ltr'><strong>ducis</strong></span> <span class='ocrx_word' id='word_1_466' title='bbox 1683 3763 1925 3838; x_wconf 86' lang='lat' dir='ltr'><strong>vigorem</strong></span> 
     </span>
    </p>
   </div>
   <div class='ocr_carea' id='block_1_70' title="bbox 366 3852 1925 3924">
    <p class='ocr_par' dir='ltr' id='par_1_70' title="bbox 366 3852 1925 3924">
     <span class='ocr_line' id='line_1_70' title="bbox 366 3852 1925 3924; baseline 0.001 -18"><span class='ocrx_word' id='word_1_467' title='bbox 366 3864 774 3924; x_wconf 82' lang='lat' dir='ltr'><strong>consumptum.</strong></span> <span class='ocrx_word' id='word_1_468' title='bbox 807 3852 1005 3909; x_wconf 81' lang='lat' dir='ltr'><strong>Rident</strong></span> <span class='ocrx_word' id='word_1_469' title='bbox 1047 3864 1226 3909; x_wconf 88' lang='lat' dir='ltr'><strong>autem</strong></span> <span class='ocrx_word' id='word_1_470' title='bbox 1268 3855 1390 3909; x_wconf 90' lang='lat' dir='ltr'><strong>illos</strong></span> <span class='ocrx_word' id='word_1_471' title='bbox 1433 3856 1707 3922; x_wconf 75' lang='lat' dir='ltr'><strong>sapientes</strong></span> <span class='ocrx_word' id='word_1_472' title='bbox 1756 3854 1925 3908; x_wconf 89' lang='lat' dir='ltr'><strong>subli-</strong></span> 
     </span>
    </p>
   </div>
   <div class='ocr_carea' id='block_1_71' title="bbox 367 3942 1925 4016">
    <p class='ocr_par' dir='ltr' id='par_1_71' title="bbox 367 3942 1925 4016">
     <span class='ocr_line' id='line_1_71' title="bbox 367 3942 1925 4016; baseline 0 -16"><span class='ocrx_word' id='word_1_473' title='bbox 367 3959 558 4015; x_wconf 84' lang='lat' dir='ltr'><strong>gneos,</strong></span> <span class='ocrx_word' id='word_1_474' title='bbox 585 3952 638 4000; x_wconf 93' lang='lat' dir='ltr'><strong>et</strong></span> <span class='ocrx_word' id='word_1_475' title='bbox 660 3945 759 4001; x_wconf 87' lang='lat' dir='ltr'><strong>has</strong></span> <span class='ocrx_word' id='word_1_476' title='bbox 785 3942 905 4016; x_wconf 70' lang='lat' dir='ltr'><strong>quae</strong></span> <span class='ocrx_word' id='word_1_477' title='bbox 927 3947 1114 4016; x_wconf 69' lang='lat' dir='ltr'><strong>posita:</strong></span> <span class='ocrx_word' id='word_1_478' title='bbox 1144 3954 1273 4001; x_wconf 88' lang='lat' dir='ltr'><strong>sunt</strong></span> <span class='ocrx_word' id='word_1_479' title='bbox 1304 3959 1569 3999; x_wconf 87' lang='lat' dir='ltr'><strong>novorum</strong></span> <span class='ocrx_word' id='word_1_480' title='bbox 1600 3945 1925 4015; x_wconf 89' lang='lat' dir='ltr'><strong>sapientium</strong></span> 
     </span>
    </p>
   </div>
   <div class='ocr_carea' id='block_1_72' title="bbox 364 4035 1921 4117">
    <p class='ocr_par' dir='ltr' id='par_1_72' title="bbox 364 4035 1921 4117">
     <span class='ocr_line' id='line_1_72' title="bbox 364 4035 1921 4117; baseline -0.001 -26"><span class='ocrx_word' id='word_1_481' title='bbox 364 4036 585 4093; x_wconf 86' lang='lat' dir='ltr'><strong>domos.</strong></span> <span class='ocrx_word' id='word_1_482' title='bbox 618 4035 816 4117; x_wconf 80' lang='lat' dir='ltr'><strong>Socors</strong></span> <span class='ocrx_word' id='word_1_483' title='bbox 840 4037 911 4093; x_wconf 91' lang='lat' dir='ltr'><strong>sit</strong></span> <span class='ocrx_word' id='word_1_484' title='bbox 948 4038 1123 4114; x_wconf 81' lang='lat' dir='ltr'><strong>omnis</strong></span> <span class='ocrx_word' id='word_1_485' title='bbox 1147 4036 1527 4106; x_wconf 81' lang='lat' dir='ltr'><strong>pitilosOphus,</strong></span> <span class='ocrx_word' id='word_1_486' title='bbox 1562 4036 1690 4091; x_wconf 89' lang='lat' dir='ltr'><strong>licet</strong></span> <span class='ocrx_word' id='word_1_487' title='bbox 1724 4036 1921 4090; x_wconf 89' lang='lat' dir='ltr'><strong>nolue-</strong></span> 
     </span>
    </p>
   </div>
   <div class='ocr_carea' id='block_1_73' title="bbox 366 4127 1925 4203">
    <p class='ocr_par' dir='ltr' id='par_1_73' title="bbox 366 4127 1925 4203">
     <span class='ocr_line' id='line_1_73' title="bbox 366 4127 1925 4203; baseline -0.001 -21"><span class='ocrx_word' id='word_1_488' title='bbox 366 4127 463 4192; x_wconf 89' lang='lat' dir='ltr'><strong>rit,</strong></span> <span class='ocrx_word' id='word_1_489' title='bbox 499 4127 699 4196; x_wconf 85' lang='lat' dir='ltr'><strong>leporis</strong></span> <span class='ocrx_word' id='word_1_490' title='bbox 729 4129 897 4184; x_wconf 89' lang='lat' dir='ltr'><strong>vitam</strong></span> <span class='ocrx_word' id='word_1_491' title='bbox 928 4130 1149 4194; x_wconf 84' lang='lat' dir='ltr'><strong>vivens;</strong></span> <span class='ocrx_word' id='word_1_492' title='bbox 1181 4128 1366 4200; x_wconf 83' lang='lat' dir='ltr'><strong>lingua</strong></span> <span class='ocrx_word' id='word_1_493' title='bbox 1394 4137 1603 4184; x_wconf 90' lang='lat' dir='ltr'><strong>tantum</strong></span> <span class='ocrx_word' id='word_1_494' title='bbox 1638 4137 1692 4184; x_wconf 89' lang='lat' dir='ltr'><strong>et</strong></span> <span class='ocrx_word' id='word_1_495' title='bbox 1718 4135 1925 4203; x_wconf 83' lang='lat' dir='ltr'><strong>venter,</strong></span> 
     </span>
    </p>
   </div>
   <div class='ocr_carea' id='block_1_74' title="bbox 368 4217 1928 4289">
    <p class='ocr_par' dir='ltr' id='par_1_74' title="bbox 368 4217 1928 4289">
     <span class='ocr_line' id='line_1_74' title="bbox 368 4217 1928 4289; baseline 0.001 -20"><span class='ocrx_word' id='word_1_496' title='bbox 368 4217 557 4272; x_wconf 82' lang='lat' dir='ltr'><strong>alacer</strong></span> <span class='ocrx_word' id='word_1_497' title='bbox 588 4217 658 4271; x_wconf 79' lang='lat' dir='ltr'><strong>ad</strong></span> <span class='ocrx_word' id='word_1_498' title='bbox 690 4217 980 4288; x_wconf 83' lang='lat' dir='ltr'><strong>agendum,</strong></span> <span class='ocrx_word' id='word_1_499' title='bbox 1012 4218 1392 4289; x_wconf 85' lang='lat' dir='ltr'><strong>obsequiosus,</strong></span> <span class='ocrx_word' id='word_1_500' title='bbox 1433 4219 1746 4275; x_wconf 79' lang='lat' dir='ltr'><strong>divitiarum</strong></span> <span class='ocrx_word' id='word_1_501' title='bbox 1774 4232 1928 4287; x_wconf 67' lang='lat' dir='ltr'><strong>quae-</strong></span> 
     </span>
    </p>
   </div>
   <div class='ocr_carea' id='block_1_75' title="bbox 364 4306 1925 4378">
    <p class='ocr_par' dir='ltr' id='par_1_75' title="bbox 364 4306 1925 4378">
     <span class='ocr_line' id='line_1_75' title="bbox 364 4306 1925 4378; baseline 0 -15"><span class='ocrx_word' id='word_1_502' title='bbox 364 4307 529 4373; x_wconf 83' lang='lat' dir='ltr'><strong>sitor,</strong></span> <span class='ocrx_word' id='word_1_503' title='bbox 582 4306 921 4375; x_wconf 74' lang='lat' dir='ltr'><strong>fortitudinis</strong></span> <span class='ocrx_word' id='word_1_504' title='bbox 964 4309 1017 4363; x_wconf 90' lang='lat' dir='ltr'><strong>in</strong></span> <span class='ocrx_word' id='word_1_505' title='bbox 1052 4310 1232 4365; x_wconf 88' lang='lat' dir='ltr'><strong>verbis</strong></span> <span class='ocrx_word' id='word_1_506' title='bbox 1254 4309 1525 4375; x_wconf 87' lang='lat' dir='ltr'><strong>laudator,</strong></span> <span class='ocrx_word' id='word_1_507' title='bbox 1552 4316 1608 4365; x_wconf 91' lang='lat' dir='ltr'><strong>et</strong></span> <span class='ocrx_word' id='word_1_508' title='bbox 1648 4309 1925 4378; x_wconf 87' lang='lat' dir='ltr'><strong>antiquam</strong></span> 
     </span>
    </p>
   </div>
   <div class='ocr_carea' id='block_1_76' title="bbox 365 4397 1926 4471">
    <p class='ocr_par' dir='ltr' id='par_1_76' title="bbox 365 4397 1926 4471">
     <span class='ocr_line' id='line_1_76' title="bbox 365 4397 1926 4471; baseline 0.001 -20"><span class='ocrx_word' id='word_1_509' title='bbox 365 4397 628 4453; x_wconf 76' lang='lat' dir='ltr'><strong>virtutem</strong></span> <span class='ocrx_word' id='word_1_510' title='bbox 686 4414 1017 4465; x_wconf 85' lang='lat' dir='ltr'><strong>memorans,</strong></span> <span class='ocrx_word' id='word_1_511' title='bbox 1068 4401 1326 4471; x_wconf 84' lang='lat' dir='ltr'><strong>operibus</strong></span> <span class='ocrx_word' id='word_1_512' title='bbox 1368 4406 1553 4456; x_wconf 86' lang='lat' dir='ltr'><strong>autem</strong></span> <span class='ocrx_word' id='word_1_513' title='bbox 1595 4400 1926 4455; x_wconf 83' lang='lat' dir='ltr'><strong>contrariam</strong></span> 
     </span>
    </p>
   </div>
   <div class='ocr_carea' id='block_1_77' title="bbox 364 4486 1929 4563">
    <p class='ocr_par' dir='ltr' id='par_1_77' title="bbox 364 4486 1929 4563">
     <span class='ocr_line' id='line_1_77' title="bbox 364 4486 1929 4563; baseline 0.003 -24"><span class='ocrx_word' id='word_1_514' title='bbox 364 4486 558 4540; x_wconf 81' lang='lat' dir='ltr'><strong>virtuti</strong></span> <span class='ocrx_word' id='word_1_515' title='bbox 587 4488 728 4541; x_wconf 88' lang='lat' dir='ltr'><strong>viam</strong></span> <span class='ocrx_word' id='word_1_516' title='bbox 759 4504 1010 4557; x_wconf 88' lang='lat' dir='ltr'><strong>sequens,</strong></span> <span class='ocrx_word' id='word_1_517' title='bbox 1045 4492 1295 4561; x_wconf 87' lang='lat' dir='ltr'><strong>quamvis</strong></span> <span class='ocrx_word' id='word_1_518' title='bbox 1328 4490 1528 4563; x_wconf 81' lang='lat' dir='ltr'><strong>aliquis</strong></span> <span class='ocrx_word' id='word_1_519' title='bbox 1556 4490 1697 4545; x_wconf 85' lang='lat' dir='ltr'><strong>alius</strong></span> <span class='ocrx_word' id='word_1_520' title='bbox 1745 4490 1929 4559; x_wconf 81' lang='lat' dir='ltr'><strong>philo-</strong></span> 
     </span>
    </p>
   </div>
   <div class='ocr_carea' id='block_1_78' title="bbox 2032 3312 3589 3384">
    <p class='ocr_par' dir='ltr' id='par_1_78' title="bbox 2032 3312 3589 3384">
     <span class='ocr_line' id='line_1_78' title="bbox 2032 3312 3589 3384; baseline 0 -17"><span class='ocrx_word' id='word_1_521' title='bbox 2032 3324 2134 3378; x_wconf 84' lang='lat' dir='ltr'><strong>est,</strong></span> <span class='ocrx_word' id='word_1_522' title='bbox 2162 3322 2217 3368; x_wconf 87' lang='lat' dir='ltr'><strong>et</strong></span> <span class='ocrx_word' id='word_1_523' title='bbox 2241 3328 2347 3367; x_wconf 90' lang='lat' dir='ltr'><strong>non</strong></span> <span class='ocrx_word' id='word_1_524' title='bbox 2375 3312 2537 3369; x_wconf 82' lang='lat' dir='ltr'><strong>habet</strong></span> <span class='ocrx_word' id='word_1_525' title='bbox 2562 3329 2626 3370; x_wconf 86' lang='lat' dir='ltr'><strong>ea</strong></span> <span class='ocrx_word' id='word_1_526' title='bbox 2655 3315 2860 3384; x_wconf 85' lang='lat' dir='ltr'><strong>quibus</strong></span> <span class='ocrx_word' id='word_1_527' title='bbox 2881 3314 3098 3384; x_wconf 86' lang='lat' dir='ltr'><strong>sapiens</strong></span> <span class='ocrx_word' id='word_1_528' title='bbox 3125 3314 3496 3384; x_wconf 75' lang='lat' dir='ltr'><strong>cognoscitur.</strong></span> <span class='ocrx_word' id='word_1_529' title='bbox 3530 3314 3589 3367; x_wconf 88' lang='lat' dir='ltr'><strong>Si</strong></span> 
     </span>
    </p>
   </div>
   <div class='ocr_carea' id='block_1_79' title="bbox 2033 3403 3585 3475">
    <p class='ocr_par' dir='ltr' id='par_1_79' title="bbox 2033 3403 3585 3475">
     <span class='ocr_line' id='line_1_79' title="bbox 2033 3403 3585 3475; baseline 0.002 -19"><span class='ocrx_word' id='word_1_530' title='bbox 2033 3418 2162 3458; x_wconf 83' lang='lat' dir='ltr'><strong>vero</strong></span> <span class='ocrx_word' id='word_1_531' title='bbox 2178 3403 2507 3475; x_wconf 77' lang='lat' dir='ltr'><strong>conjungere</strong></span> <span class='ocrx_word' id='word_1_532' title='bbox 2530 3420 2635 3460; x_wconf 89' lang='lat' dir='ltr'><strong>non</strong></span> <span class='ocrx_word' id='word_1_533' title='bbox 2658 3416 2809 3472; x_wconf 87' lang='lat' dir='ltr'><strong>potes</strong></span> <span class='ocrx_word' id='word_1_534' title='bbox 2833 3404 3205 3461; x_wconf 81' lang='lat' dir='ltr'><strong>fortitudinem</strong></span> <span class='ocrx_word' id='word_1_535' title='bbox 3224 3404 3441 3469; x_wconf 85' lang='lat' dir='ltr'><strong>rationi,</strong></span> <span class='ocrx_word' id='word_1_536' title='bbox 3457 3406 3585 3474; x_wconf 81' lang='lat' dir='ltr'><strong>quid</strong></span> 
     </span>
    </p>
   </div>
   <div class='ocr_carea' id='block_1_80' title="bbox 2035 3494 3585 3568">
    <p class='ocr_par' dir='ltr' id='par_1_80' title="bbox 2035 3494 3585 3568">
     <span class='ocr_line' id='line_1_80' title="bbox 2035 3494 3585 3568; baseline 0.001 -20"><span class='ocrx_word' id='word_1_537' title='bbox 2035 3494 2120 3551; x_wconf 88' lang='lat' dir='ltr'><strong>his</strong></span> <span class='ocrx_word' id='word_1_538' title='bbox 2140 3496 2231 3564; x_wconf 90' lang='lat' dir='ltr'><strong>qui</strong></span> <span class='ocrx_word' id='word_1_539' title='bbox 2256 3505 2544 3566; x_wconf 81' lang='lat' dir='ltr'><strong>utrumque</strong></span> <span class='ocrx_word' id='word_1_540' title='bbox 2566 3496 2765 3552; x_wconf 86' lang='lat' dir='ltr'><strong>habent</strong></span> <span class='ocrx_word' id='word_1_541' title='bbox 2787 3497 2999 3553; x_wconf 84' lang='lat' dir='ltr'><strong>invides</strong></span> <span class='ocrx_word' id='word_1_542' title='bbox 3025 3497 3423 3568; x_wconf 73' lang='lat' dir='ltr'><strong>pertinaciter?</strong></span> <span class='ocrx_word' id='word_1_543' title='bbox 3444 3496 3585 3562; x_wconf 87' lang='lat' dir='ltr'><strong>Quid</strong></span> 
     </span>
    </p>
   </div>
   <div class='ocr_carea' id='block_1_81' title="bbox 1998 3586 3588 3657">
    <p class='ocr_par' dir='ltr' id='par_1_81' title="bbox 1998 3586 3588 3657">
     <span class='ocr_line' id='line_1_81' title="bbox 1998 3586 3588 3657; baseline -0.001 -18"><span class='ocrx_word' id='word_1_544' title='bbox 1998 3586 2529 3656; x_wconf 68' lang='lat' dir='ltr'><strong>{privas,&#39;ohomo,</strong></span> <span class='ocrx_word' id='word_1_545' title='bbox 2583 3587 2867 3643; x_wconf 84' lang='lat' dir='ltr'><strong>scientiam</strong></span> <span class='ocrx_word' id='word_1_546' title='bbox 2920 3588 3166 3643; x_wconf 65' lang='lat' dir='ltr'><strong>robore?</strong></span> <span class='ocrx_word' id='word_1_547' title='bbox 3204 3587 3336 3657; x_wconf 87' lang='lat' dir='ltr'><strong>quid</strong></span> <span class='ocrx_word' id='word_1_548' title='bbox 3383 3586 3588 3656; x_wconf 86' lang='lat' dir='ltr'><strong>ignaris</strong></span> 
     </span>
    </p>
   </div>
   <div class='ocr_carea' id='block_1_82' title="bbox 2036 3675 3585 3747">
    <p class='ocr_par' dir='ltr' id='par_1_82' title="bbox 2036 3675 3585 3747">
     <span class='ocr_line' id='line_1_82' title="bbox 2036 3675 3585 3747; baseline -0.001 -17"><span class='ocrx_word' id='word_1_549' title='bbox 2036 3678 2150 3731; x_wconf 89' lang='lat' dir='ltr'><strong>lora</strong></span> <span class='ocrx_word' id='word_1_550' title='bbox 2172 3677 2436 3733; x_wconf 84' lang='lat' dir='ltr'><strong>remittis?</strong></span> <span class='ocrx_word' id='word_1_551' title='bbox 2458 3678 2587 3747; x_wconf 85' lang='lat' dir='ltr'><strong>quid</strong></span> <span class='ocrx_word' id='word_1_552' title='bbox 2617 3678 2780 3733; x_wconf 89' lang='lat' dir='ltr'><strong>urbes</strong></span> <span class='ocrx_word' id='word_1_553' title='bbox 2812 3683 3020 3747; x_wconf 63' lang='lat' dir='ltr'><strong>praebes</strong></span> <span class='ocrx_word' id='word_1_554' title='bbox 3048 3679 3297 3733; x_wconf 84' lang='lat' dir='ltr'><strong>barbaris</strong></span> <span class='ocrx_word' id='word_1_555' title='bbox 3318 3675 3585 3746; x_wconf 62' lang='lat' dir='ltr'><strong>praedam?</strong></span> 
     </span>
    </p>
   </div>
   <div class='ocr_carea' id='block_1_83' title="bbox 2035 3763 3595 3834">
    <p class='ocr_par' dir='ltr' id='par_1_83' title="bbox 2035 3763 3595 3834">
     <span class='ocr_line' id='line_1_83' title="bbox 2035 3763 3595 3834; baseline -0.001 -17"><span class='ocrx_word' id='word_1_556' title='bbox 2035 3765 2171 3833; x_wconf 90' lang='lat' dir='ltr'><strong>quid</strong></span> <span class='ocrx_word' id='word_1_557' title='bbox 2206 3780 2401 3819; x_wconf 87' lang='lat' dir='ltr'><strong>nervos</strong></span> <span class='ocrx_word' id='word_1_558' title='bbox 2432 3767 2642 3834; x_wconf 88' lang='lat' dir='ltr'><strong>rumpis</strong></span> <span class='ocrx_word' id='word_1_559' title='bbox 2685 3767 2959 3821; x_wconf 79' lang='lat' dir='ltr'><strong>exercitus</strong></span> <span class='ocrx_word' id='word_1_560' title='bbox 2992 3766 3169 3820; x_wconf 86' lang='lat' dir='ltr'><strong>edocti</strong></span> <span class='ocrx_word' id='word_1_561' title='bbox 3214 3766 3400 3819; x_wconf 85' lang='lat' dir='ltr'><strong>multis</strong></span> <span class='ocrx_word' id='word_1_562' title='bbox 3449 3763 3595 3817; x_wconf 90' lang='lat' dir='ltr'><strong>anti-</strong></span> 
     </span>
    </p>
   </div>
   <div class='ocr_carea' id='block_1_84' title="bbox 2035 3854 3593 3923">
    <p class='ocr_par' dir='ltr' id='par_1_84' title="bbox 2035 3854 3593 3923">
     <span class='ocr_line' id='line_1_84' title="bbox 2035 3854 3593 3923; baseline 0.003 -18"><span class='ocrx_word' id='word_1_563' title='bbox 2035 3854 2261 3921; x_wconf 89' lang='lat' dir='ltr'><strong>quitatis</strong></span> <span class='ocrx_word' id='word_1_564' title='bbox 2304 3862 2358 3907; x_wconf 92' lang='lat' dir='ltr'><strong>et</strong></span> <span class='ocrx_word' id='word_1_565' title='bbox 2398 3854 2645 3923; x_wconf 85' lang='lat' dir='ltr'><strong>pulchris</strong></span> <span class='ocrx_word' id='word_1_566' title='bbox 2682 3855 2961 3923; x_wconf 81' lang='lat' dir='ltr'><strong>strategiis</strong></span> <span class='ocrx_word' id='word_1_567' title='bbox 2986 3896 3002 3920; x_wconf 89' lang='lat'><strong>,</strong></span> <span class='ocrx_word' id='word_1_568' title='bbox 3070 3855 3593 3923; x_wconf 82' lang='lat' dir='ltr'><strong>inventionibusque</strong></span> 
     </span>
    </p>
   </div>
   <div class='ocr_carea' id='block_1_85' title="bbox 2034 3939 3595 4013">
    <p class='ocr_par' dir='ltr' id='par_1_85' title="bbox 2034 3939 3595 4013">
     <span class='ocr_line' id='line_1_85' title="bbox 2034 3939 3595 4013; baseline 0.001 -17"><span class='ocrx_word' id='word_1_569' title='bbox 2034 3948 2087 3996; x_wconf 91' lang='lat' dir='ltr'><strong>et</strong></span> <span class='ocrx_word' id='word_1_570' title='bbox 2114 3939 2400 4009; x_wconf 70' lang='lat' dir='ltr'><strong>praeceptis</strong></span> <span class='ocrx_word' id='word_1_571' title='bbox 2428 3941 2752 4008; x_wconf 86' lang='lat' dir='ltr'><strong>sapientium</strong></span> <span class='ocrx_word' id='word_1_572' title='bbox 2774 3942 2805 3994; x_wconf 62' lang='grc' dir='ltr'><strong>ἲ</strong></span> <span class='ocrx_word' id='word_1_573' title='bbox 2846 3942 3115 4013; x_wconf 86' lang='lat' dir='ltr'><strong>Euripidis</strong></span> <span class='ocrx_word' id='word_1_574' title='bbox 3165 3943 3364 3997; x_wconf 89' lang='lat' dir='ltr'><strong>ducum</strong></span> <span class='ocrx_word' id='word_1_575' title='bbox 3399 3942 3595 3997; x_wconf 78' lang='lat' dir='ltr'><strong>delini-</strong></span> 
     </span>
    </p>
   </div>
   <div class='ocr_carea' id='block_1_86' title="bbox 2008 4033 3596 4104">
    <p class='ocr_par' dir='ltr' id='par_1_86' title="bbox 2008 4033 3596 4104">
     <span class='ocr_line' id='line_1_86' title="bbox 2008 4033 3596 4104; baseline 0.002 -17"><span class='ocrx_word' id='word_1_576' title='bbox 2008 4035 2239 4088; x_wconf 80' lang='lat' dir='ltr'><strong>tionem</strong></span> <span class='ocrx_word' id='word_1_577' title='bbox 2278 4034 2551 4103; x_wconf 88' lang='lat' dir='ltr'><strong>sapienter</strong></span> <span class='ocrx_word' id='word_1_578' title='bbox 2593 4033 2870 4104; x_wconf 84' lang='lat' dir='ltr'><strong>judicans,</strong></span> <span class='ocrx_word' id='word_1_579' title='bbox 2908 4034 3093 4099; x_wconf 91' lang='lat' dir='ltr'><strong>homo,</strong></span> <span class='ocrx_word' id='word_1_580' title='bbox 3126 4033 3402 4104; x_wconf 89' lang='lat' dir='ltr'><strong>quomodo</strong></span> <span class='ocrx_word' id='word_1_581' title='bbox 3447 4048 3596 4090; x_wconf 84' lang='lat' dir='ltr'><strong>nunc</strong></span> 
     </span>
    </p>
   </div>
   <div class='ocr_carea' id='block_1_87' title="bbox 2035 4121 3601 4197">
    <p class='ocr_par' dir='ltr' id='par_1_87' title="bbox 2035 4121 3601 4197">
     <span class='ocr_line' id='line_1_87' title="bbox 2035 4121 3601 4197; baseline -0.001 -17"><span class='ocrx_word' id='word_1_582' title='bbox 2035 4124 2407 4196; x_wconf 69' lang='lat' dir='ltr'><strong>praetermittis</strong></span> <span class='ocrx_word' id='word_1_583' title='bbox 2456 4125 2762 4197; x_wconf 80' lang='lat' dir='ltr'><strong>fortitudini</strong></span> <span class='ocrx_word' id='word_1_584' title='bbox 2795 4121 3129 4196; x_wconf 80' lang='lat' dir='ltr'><strong>anteponens</strong></span> <span class='ocrx_word' id='word_1_585' title='bbox 3160 4126 3359 4181; x_wconf 82' lang='lat' dir='ltr'><strong>mentis</strong></span> <span class='ocrx_word' id='word_1_586' title='bbox 3384 4125 3601 4181; x_wconf 42' lang='lat' dir='ltr'><strong>instrui</strong></span> 
     </span>
    </p>
   </div>
   <div class='ocr_carea' id='block_1_88' title="bbox 2035 4215 3594 4283">
    <p class='ocr_par' dir='ltr' id='par_1_88' title="bbox 2035 4215 3594 4283">
     <span class='ocr_line' id='line_1_88' title="bbox 2035 4215 3594 4283; baseline -0.003 -9"><span class='ocrx_word' id='word_1_587' title='bbox 2035 4218 2265 4274; x_wconf 88' lang='lat' dir='ltr'><strong>ctionem</strong></span> <span class='ocrx_word' id='word_1_588' title='bbox 2287 4217 2315 4272; x_wconf 69' lang='grc' dir='ltr'><strong><em>τ</em></strong></span> <span class='ocrx_word' id='word_1_589' title='bbox 2337 4215 2513 4273; x_wconf 90' lang='lat' dir='ltr'><strong>Unum</strong></span> <span class='ocrx_word' id='word_1_590' title='bbox 2548 4219 2693 4273; x_wconf 88' lang='lat' dir='ltr'><strong>enim</strong></span> <span class='ocrx_word' id='word_1_591' title='bbox 2728 4234 2831 4273; x_wconf 86' lang='lat' dir='ltr'><strong>nec</strong></span> <span class='ocrx_word' id='word_1_592' title='bbox 2870 4218 3100 4273; x_wconf 87' lang='lat' dir='ltr'><strong>alterum</strong></span> <span class='ocrx_word' id='word_1_593' title='bbox 3134 4218 3409 4273; x_wconf 58' lang='lat' dir='ltr'><strong>relictum;</strong></span> <span class='ocrx_word' id='word_1_594' title='bbox 3454 4217 3594 4283; x_wconf 85' lang='lat' dir='ltr'><strong>Quid</strong></span> 
     </span>
    </p>
   </div>
   <div class='ocr_carea' id='block_1_89' title="bbox 2034 4303 3597 4377">
    <p class='ocr_par' dir='ltr' id='par_1_89' title="bbox 2034 4303 3597 4377">
     <span class='ocr_line' id='line_1_89' title="bbox 2034 4303 3597 4377; baseline -0.003 -13"><span class='ocrx_word' id='word_1_595' title='bbox 2034 4308 2178 4364; x_wconf 90' lang='lat' dir='ltr'><strong>enim</strong></span> <span class='ocrx_word' id='word_1_596' title='bbox 2231 4317 2428 4364; x_wconf 85' lang='lat' dir='ltr'><strong>vocant</strong></span> <span class='ocrx_word' id='word_1_597' title='bbox 2472 4307 2736 4363; x_wconf 80' lang='lat' dir='ltr'><strong>Athenam</strong></span> <span class='ocrx_word' id='word_1_598' title='bbox 2794 4306 3053 4363; x_wconf 68' lang='lat' dir='ltr'><strong>Pallada!</strong></span> <span class='ocrx_word' id='word_1_599' title='bbox 3106 4307 3283 4377; x_wconf 88' lang='lat' dir='ltr'><strong>quid,</strong></span> <span class='ocrx_word' id='word_1_600' title='bbox 3336 4322 3442 4361; x_wconf 91' lang='lat' dir='ltr'><strong>non</strong></span> <span class='ocrx_word' id='word_1_601' title='bbox 3492 4303 3597 4359; x_wconf 85' lang='lat' dir='ltr'><strong>fuit</strong></span> 
     </span>
    </p>
   </div>
   <div class='ocr_carea' id='block_1_90' title="bbox 2010 4392 3594 4479">
    <p class='ocr_par' dir='ltr' id='par_1_90' title="bbox 2010 4392 3594 4479">
     <span class='ocr_line' id='line_1_90' title="bbox 2010 4392 3594 4479; baseline -0.003 -28"><span class='ocrx_word' id='word_1_602' title='bbox 2010 4397 2229 4466; x_wconf 76' lang='lat' dir='ltr'><strong>‘Apollo</strong></span> <span class='ocrx_word' id='word_1_603' title='bbox 2260 4398 2504 4452; x_wconf 90' lang='lat' dir='ltr'><strong>musicus</strong></span> <span class='ocrx_word' id='word_1_604' title='bbox 2540 4404 2589 4453; x_wconf 88' lang='lat' dir='ltr'><strong>et</strong></span> <span class='ocrx_word' id='word_1_605' title='bbox 2622 4396 2967 4479; x_wconf 57' lang='lat' dir='ltr'><strong>arcitenens?</strong></span> <span class='ocrx_word' id='word_1_606' title='bbox 2992 4395 3123 4466; x_wconf 93' lang='lat' dir='ltr'><strong>quid</strong></span> <span class='ocrx_word' id='word_1_607' title='bbox 3173 4394 3277 4449; x_wconf 85' lang='lat' dir='ltr'><strong>fuit</strong></span> <span class='ocrx_word' id='word_1_608' title='bbox 3302 4393 3544 4448; x_wconf 80' lang='lat' dir='ltr'><strong>Achilles</strong></span> <span class='ocrx_word' id='word_1_609' title='bbox 3567 4392 3594 4446; x_wconf 72' lang='grc' dir='ltr'>τ</span> 
     </span>
    </p>
   </div>
   <div class='ocr_carea' id='block_1_91' title="bbox 2036 4479 3593 4558">
    <p class='ocr_par' dir='ltr' id='par_1_91' title="bbox 2036 4479 3593 4558">
     <span class='ocr_line' id='line_1_91' title="bbox 2036 4479 3593 4558; baseline -0.001 -17"><span class='ocrx_word' id='word_1_610' title='bbox 2036 4500 2221 4543; x_wconf 87' lang='lat' dir='ltr'><strong>nonne‘</strong></span> <span class='ocrx_word' id='word_1_611' title='bbox 2267 4479 2481 4558; x_wconf 74' lang='lat' dir='ltr'><strong>primus</strong></span> <span class='ocrx_word' id='word_1_612' title='bbox 2509 4489 2758 4553; x_wconf 83' lang='lat' dir='ltr'><strong>scientia,</strong></span> <span class='ocrx_word' id='word_1_613' title='bbox 2811 4496 2866 4542; x_wconf 88' lang='lat' dir='ltr'><strong>et</strong></span> <span class='ocrx_word' id='word_1_614' title='bbox 2915 4487 3160 4540; x_wconf 87' lang='lat' dir='ltr'><strong>musicus</strong></span> <span class='ocrx_word' id='word_1_615' title='bbox 3207 4499 3311 4537; x_wconf 92' lang='lat' dir='ltr'><strong>non</strong></span> <span class='ocrx_word' id='word_1_616' title='bbox 3358 4482 3460 4537; x_wconf 90' lang='lat' dir='ltr'><strong>fuit</strong></span> <span class='ocrx_word' id='word_1_617' title='bbox 3489 4483 3593 4539; x_wconf 84' lang='lat' dir='ltr'><strong>iste</strong></span> 
     </span>
    </p>
   </div>
   <div class='ocr_carea' id='block_1_92' title="bbox 365 4572 3592 4658">
    <p class='ocr_par' dir='ltr' id='par_1_92' title="bbox 365 4572 3592 4658">
     <span class='ocr_line' id='line_1_92' title="bbox 365 4572 3592 4658; baseline -0.004 -28"><span class='ocrx_word' id='word_1_618' title='bbox 365 4576 662 4645; x_wconf 80' lang='lat' dir='ltr'><strong>saphorum</strong></span> <span class='ocrx_word' id='word_1_619' title='bbox 703 4575 1073 4632; x_wconf 90' lang='lat' dir='ltr'><strong>fortitudinem</strong></span> <span class='ocrx_word' id='word_1_620' title='bbox 1123 4581 1417 4649; x_wconf 84' lang='lat' dir='ltr'><strong>acceperit,</strong></span> <span class='ocrx_word' id='word_1_621' title='bbox 1465 4580 1559 4634; x_wconf 85' lang='lat' dir='ltr'><strong>Dei</strong></span> <span class='ocrx_word' id='word_1_622' title='bbox 1601 4582 1745 4636; x_wconf 86' lang='lat' dir='ltr'><strong>enim</strong></span> <span class='ocrx_word' id='word_1_623' title='bbox 1794 4580 1927 4635; x_wconf 77' lang='lat' dir='ltr'><strong>illud</strong></span> <span class='ocrx_word' id='word_1_624' title='bbox 1959 4600 2007 4658; x_wconf 75' lang='grc' dir='ltr'>ο</span> <span class='ocrx_word' id='word_1_625' title='bbox 2031 4578 2275 4632; x_wconf 86' lang='lat' dir='ltr'><strong>virorum</strong></span> <span class='ocrx_word' id='word_1_626' title='bbox 2305 4578 2505 4633; x_wconf 73' lang='lat' dir='ltr'><strong>decus?</strong></span> <span class='ocrx_word' id='word_1_627' title='bbox 2537 4592 2717 4631; x_wconf 91' lang='lat' dir='ltr'><strong>nonne</strong></span> <span class='ocrx_word' id='word_1_628' title='bbox 2751 4575 3013 4639; x_wconf 89' lang='lat' dir='ltr'><strong>medicus,</strong></span> <span class='ocrx_word' id='word_1_629' title='bbox 3045 4582 3099 4627; x_wconf 92' lang='lat' dir='ltr'><strong>et</strong></span> <span class='ocrx_word' id='word_1_630' title='bbox 3128 4572 3429 4643; x_wconf 78' lang='lat' dir='ltr'><strong>discipulus</strong></span> <span class='ocrx_word' id='word_1_631' title='bbox 3452 4573 3592 4629; x_wconf 82' lang='lat' dir='ltr'><strong>Cen-</strong></span> 
     </span>
    </p>
   </div>
   <div class='ocr_carea' id='block_1_93' title="bbox 366 4662 3579 4747">
    <p class='ocr_par' dir='ltr' id='par_1_93' title="bbox 366 4662 3579 4747">
     <span class='ocr_line' id='line_1_93' title="bbox 366 4662 3579 4747; baseline -0.001 -27"><span class='ocrx_word' id='word_1_632' title='bbox 366 4665 573 4720; x_wconf 87' lang='lat' dir='ltr'><strong>donum</strong></span> <span class='ocrx_word' id='word_1_633' title='bbox 603 4666 773 4721; x_wconf 90' lang='lat' dir='ltr'><strong>solius</strong></span> <span class='ocrx_word' id='word_1_634' title='bbox 807 4666 930 4722; x_wconf 85' lang='lat' dir='ltr'><strong>esse</strong></span> <span class='ocrx_word' id='word_1_635' title='bbox 981 4668 1132 4733; x_wconf 88' lang='lat' dir='ltr'><strong>scio;</strong></span> <span class='ocrx_word' id='word_1_636' title='bbox 1168 4668 1271 4723; x_wconf 90' lang='lat' dir='ltr'><strong>iste</strong></span> <span class='ocrx_word' id='word_1_637' title='bbox 1315 4678 1467 4723; x_wconf 83' lang='lat' dir='ltr'><strong>extra</strong></span> <span class='ocrx_word' id='word_1_638' title='bbox 1499 4671 1744 4747; x_wconf 85' lang='lat' dir='ltr'><strong>ordinem</strong></span> <span class='ocrx_word' id='word_1_639' title='bbox 1770 4680 1853 4726; x_wconf 90' lang='lat' dir='ltr'><strong>est</strong></span> <span class='ocrx_word' id='word_1_640' title='bbox 1879 4682 1933 4726; x_wconf 91' lang='lat' dir='ltr'><strong>et</strong></span> <span class='ocrx_word' id='word_1_641' title='bbox 2037 4666 2215 4720; x_wconf 75' lang='lat' dir='ltr'><strong>tauri?</strong></span> <span class='ocrx_word' id='word_1_642' title='bbox 2259 4666 2389 4734; x_wconf 90' lang='lat' dir='ltr'><strong>quid</strong></span> <span class='ocrx_word' id='word_1_643' title='bbox 2435 4665 2538 4719; x_wconf 86' lang='lat' dir='ltr'><strong>fuit</strong></span> <span class='ocrx_word' id='word_1_644' title='bbox 2578 4663 2835 4733; x_wconf 76' lang='lat' dir='ltr'><strong>Uiysses?</strong></span> <span class='ocrx_word' id='word_1_645' title='bbox 2871 4677 3055 4717; x_wconf 89' lang='lat' dir='ltr'><strong>nonne</strong></span> <span class='ocrx_word' id='word_1_646' title='bbox 3094 4662 3428 4744; x_wconf 77' lang='lat' dir='ltr'><strong>sapientibus</strong></span> <span class='ocrx_word' id='word_1_647' title='bbox 3474 4679 3579 4720; x_wconf 71' lang='lat' dir='ltr'><strong>ser-</strong></span> 
     </span>
    </p>
   </div>
   <div class='ocr_carea' id='block_1_94' title="bbox 365 4756 1929 4830">
    <p class='ocr_par' dir='ltr' id='par_1_94' title="bbox 365 4756 1929 4830">
     <span class='ocr_line' id='line_1_94' title="bbox 365 4756 1929 4830; baseline 0.001 -17"><span class='ocrx_word' id='word_1_648' title='bbox 365 4757 820 4829; x_wconf 88' lang='lat' dir='ltr'><strong>philosophorum</strong></span> <span class='ocrx_word' id='word_1_649' title='bbox 851 4756 1104 4826; x_wconf 75' lang='lat' dir='ltr'><strong>frangens</strong></span> <span class='ocrx_word' id='word_1_650' title='bbox 1139 4758 1301 4829; x_wconf 89' lang='lat' dir='ltr'><strong>leges.</strong></span> <span class='ocrx_word' id='word_1_651' title='bbox 1330 4757 1475 4813; x_wconf 89' lang='lat' dir='ltr'><strong>Proh</strong></span> <span class='ocrx_word' id='word_1_652' title='bbox 1532 4760 1889 4830; x_wconf 85' lang='lat' dir='ltr'><strong>ignorantiam</strong></span> <span class='ocrx_word' id='word_1_653' title='bbox 1915 4762 1929 4814; x_wconf 76' lang='grc' dir='ltr'><strong>ί</strong></span> 
     </span>
    </p>
   </div>
   <div class='ocr_carea' id='block_1_95' title="bbox 364 4848 1927 4920">
    <p class='ocr_par' dir='ltr' id='par_1_95' title="bbox 364 4848 1927 4920">
     <span class='ocr_line' id='line_1_95' title="bbox 364 4848 1927 4920; baseline 0 -16"><span class='ocrx_word' id='word_1_654' title='bbox 364 4849 507 4919; x_wconf 86' lang='lat' dir='ltr'><strong>proh</strong></span> <span class='ocrx_word' id='word_1_655' title='bbox 568 4848 854 4904; x_wconf 84' lang='lat' dir='ltr'><strong>invidiam!</strong></span> <span class='ocrx_word' id='word_1_656' title='bbox 923 4849 1057 4920; x_wconf 83' lang='lat' dir='ltr'><strong>proh</strong></span> <span class='ocrx_word' id='word_1_657' title='bbox 1094 4850 1433 4919; x_wconf 75' lang='lat' dir='ltr'><strong>[utrumquel</strong></span> <span class='ocrx_word' id='word_1_658' title='bbox 1496 4849 1587 4902; x_wconf 83' lang='lat' dir='ltr'><strong>ﬁlii</strong></span> <span class='ocrx_word' id='word_1_659' title='bbox 1648 4850 1927 4904; x_wconf 83' lang='lat' dir='ltr'><strong>hominum</strong></span> 
     </span>
    </p>
   </div>
   <div class='ocr_carea' id='block_1_96' title="bbox 367 4937 1931 5009">
    <p class='ocr_par' dir='ltr' id='par_1_96' title="bbox 367 4937 1931 5009">
     <span class='ocr_line' id='line_1_96' title="bbox 367 4937 1931 5009; baseline 0.001 -17"><span class='ocrx_word' id='word_1_660' title='bbox 367 4953 661 5009; x_wconf 88' lang='lat' dir='ltr'><strong>usquequo</strong></span> <span class='ocrx_word' id='word_1_661' title='bbox 689 4940 838 4994; x_wconf 87' lang='lat' dir='ltr'><strong>stulti</strong></span> <span class='ocrx_word' id='word_1_662' title='bbox 866 4939 1057 4994; x_wconf 79' lang='lat' dir='ltr'><strong>eritis?</strong></span> <span class='ocrx_word' id='word_1_663' title='bbox 1092 4937 1189 4994; x_wconf 84' lang='lat' dir='ltr'><strong>Vel</strong></span> <span class='ocrx_word' id='word_1_664' title='bbox 1218 4939 1362 4994; x_wconf 90' lang='lat' dir='ltr'><strong>enim</strong></span> <span class='ocrx_word' id='word_1_665' title='bbox 1389 4937 1759 4994; x_wconf 86' lang='lat' dir='ltr'><strong>fortitudinem</strong></span> <span class='ocrx_word' id='word_1_666' title='bbox 1791 4939 1931 4994; x_wconf 89' lang='lat' dir='ltr'><strong>inter</strong></span> 
     </span>
    </p>
   </div>
   <div class='ocr_carea' id='block_1_97' title="bbox 366 5026 1929 5097">
    <p class='ocr_par' dir='ltr' id='par_1_97' title="bbox 366 5026 1929 5097">
     <span class='ocr_line' id='line_1_97' title="bbox 366 5026 1929 5097; baseline -0.001 -16"><span class='ocrx_word' id='word_1_667' title='bbox 366 5026 527 5081; x_wconf 86' lang='lat' dir='ltr'><strong>dotes</strong></span> <span class='ocrx_word' id='word_1_668' title='bbox 558 5028 804 5096; x_wconf 85' lang='lat' dir='ltr'><strong>egregias</strong></span> <span class='ocrx_word' id='word_1_669' title='bbox 849 5044 958 5082; x_wconf 89' lang='lat' dir='ltr'><strong>non</strong></span> <span class='ocrx_word' id='word_1_670' title='bbox 1003 5028 1297 5084; x_wconf 88' lang='lat' dir='ltr'><strong>inscribere</strong></span> <span class='ocrx_word' id='word_1_671' title='bbox 1328 5036 1558 5097; x_wconf 83' lang='lat' dir='ltr'><strong>oportet,</strong></span> <span class='ocrx_word' id='word_1_672' title='bbox 1592 5026 1673 5081; x_wconf 87' lang='lat' dir='ltr'><strong>vel</strong></span> <span class='ocrx_word' id='word_1_673' title='bbox 1701 5041 1730 5080; x_wconf 91' lang='lat' dir='ltr'><strong>a</strong></span> <span class='ocrx_word' id='word_1_674' title='bbox 1757 5026 1929 5081; x_wconf 90' lang='lat' dir='ltr'><strong>virtu-</strong></span> 
     </span>
    </p>
   </div>
   <div class='ocr_carea' id='block_1_98' title="bbox 368 5115 1923 5188">
    <p class='ocr_par' dir='ltr' id='par_1_98' title="bbox 368 5115 1923 5188">
     <span class='ocr_line' id='line_1_98' title="bbox 368 5115 1923 5188; baseline 0.001 -21"><span class='ocrx_word' id='word_1_675' title='bbox 368 5115 519 5168; x_wconf 87' lang='lat' dir='ltr'><strong>tibus</strong></span> <span class='ocrx_word' id='word_1_676' title='bbox 545 5116 781 5169; x_wconf 81' lang='lat' dir='ltr'><strong>eximere</strong></span> <span class='ocrx_word' id='word_1_677' title='bbox 813 5132 921 5171; x_wconf 88' lang='lat' dir='ltr'><strong>non</strong></span> <span class='ocrx_word' id='word_1_678' title='bbox 971 5118 1095 5172; x_wconf 90' lang='lat' dir='ltr'><strong>licet</strong></span> <span class='ocrx_word' id='word_1_679' title='bbox 1127 5137 1140 5173; x_wconf 91' lang='lat'><strong>:</strong></span> <span class='ocrx_word' id='word_1_680' title='bbox 1174 5117 1512 5187; x_wconf 84' lang='lat' dir='ltr'><strong>sapientibus</strong></span> <span class='ocrx_word' id='word_1_681' title='bbox 1542 5117 1762 5188; x_wconf 85' lang='lat' dir='ltr'><strong>sapiens</strong></span> <span class='ocrx_word' id='word_1_682' title='bbox 1789 5115 1923 5171; x_wconf 91' lang='lat' dir='ltr'><strong>illud</strong></span> 
     </span>
    </p>
   </div>
   <div class='ocr_carea' id='block_1_99' title="bbox 368 5201 1928 5278">
    <p class='ocr_par' dir='ltr' id='par_1_99' title="bbox 368 5201 1928 5278">
     <span class='ocr_line' id='line_1_99' title="bbox 368 5201 1928 5278; baseline 0.004 -25"><span class='ocrx_word' id='word_1_683' title='bbox 368 5202 532 5263; x_wconf 83' lang='lat' dir='ltr'><strong>velle,</strong></span> <span class='ocrx_word' id='word_1_684' title='bbox 574 5201 733 5271; x_wconf 88' lang='lat' dir='ltr'><strong>longe</strong></span> <span class='ocrx_word' id='word_1_685' title='bbox 755 5220 785 5259; x_wconf 92' lang='lat' dir='ltr'><strong>a</strong></span> <span class='ocrx_word' id='word_1_686' title='bbox 810 5208 1009 5261; x_wconf 87' lang='lat' dir='ltr'><strong>virtute</strong></span> <span class='ocrx_word' id='word_1_687' title='bbox 1034 5208 1216 5275; x_wconf 84' lang='lat' dir='ltr'><strong>jacere</strong></span> <span class='ocrx_word' id='word_1_688' title='bbox 1247 5216 1505 5269; x_wconf 83' lang='lat' dir='ltr'><strong>mentem.</strong></span> <span class='ocrx_word' id='word_1_689' title='bbox 1536 5202 1639 5264; x_wconf 83' lang='lat' dir='ltr'><strong>Sed</strong></span> <span class='ocrx_word' id='word_1_690' title='bbox 1669 5221 1771 5278; x_wconf 77' lang='lat' dir='ltr'><strong>ego</strong></span> <span class='ocrx_word' id='word_1_691' title='bbox 1801 5220 1928 5276; x_wconf 80' lang='lat' dir='ltr'><strong>per-</strong></span> 
     </span>
    </p>
   </div>
   <div class='ocr_carea' id='block_1_100' title="bbox 368 5292 1925 5368">
    <p class='ocr_par' dir='ltr' id='par_1_100' title="bbox 368 5292 1925 5368">
     <span class='ocr_line' id='line_1_100' title="bbox 368 5292 1925 5368; baseline 0.003 -21"><span class='ocrx_word' id='word_1_692' title='bbox 368 5294 573 5347; x_wconf 84' lang='lat' dir='ltr'><strong>fectam</strong></span> <span class='ocrx_word' id='word_1_693' title='bbox 623 5292 880 5348; x_wconf 89' lang='lat' dir='ltr'><strong>virtutem</strong></span> <span class='ocrx_word' id='word_1_694' title='bbox 910 5298 1054 5363; x_wconf 92' lang='lat' dir='ltr'><strong>dico,</strong></span> <span class='ocrx_word' id='word_1_695' title='bbox 1109 5293 1503 5364; x_wconf 86' lang='lat' dir='ltr'><strong>fortitudinem,</strong></span> <span class='ocrx_word' id='word_1_696' title='bbox 1567 5298 1925 5368; x_wconf 88' lang='lat' dir='ltr'><strong>prudentiam,</strong></span> 
     </span>
    </p>
   </div>
   <div class='ocr_carea' id='block_1_101' title="bbox 368 5384 1923 5460">
    <p class='ocr_par' dir='ltr' id='par_1_101' title="bbox 368 5384 1923 5460">
     <span class='ocr_line' id='line_1_101' title="bbox 368 5384 1923 5460; baseline 0.004 -20"><span class='ocrx_word' id='word_1_697' title='bbox 368 5386 711 5453; x_wconf 74' lang='lat' dir='ltr'><strong>voluptatum</strong></span> <span class='ocrx_word' id='word_1_698' title='bbox 750 5384 1048 5441; x_wconf 65' lang='lat' dir='ltr'><strong>victoriam.</strong></span> <span class='ocrx_word' id='word_1_699' title='bbox 1066 5389 1371 5458; x_wconf 62' lang='lat' dir='ltr'><strong>IEqunlitas</strong></span> <span class='ocrx_word' id='word_1_700' title='bbox 1397 5391 1528 5460; x_wconf 89' lang='lat' dir='ltr'><strong>quid</strong></span> <span class='ocrx_word' id='word_1_701' title='bbox 1550 5391 1672 5445; x_wconf 79' lang='lat' dir='ltr'><strong>est?</strong></span> <span class='ocrx_word' id='word_1_702' title='bbox 1698 5390 1923 5460; x_wconf 78' lang='lat' dir='ltr'><strong>:equalis</strong></span> 
     </span>
    </p>
   </div>
   <div class='ocr_carea' id='block_1_102' title="bbox 2037 4736 3582 4822">
    <p class='ocr_par' dir='ltr' id='par_1_102' title="bbox 2037 4736 3582 4822">
     <span class='ocr_line' id='line_1_102' title="bbox 2037 4736 3582 4822; baseline -0.001 -15"><span class='ocrx_word' id='word_1_703' title='bbox 2037 4754 2290 4807; x_wconf 83' lang='lat' dir='ltr'><strong>monibus</strong></span> <span class='ocrx_word' id='word_1_704' title='bbox 2343 4752 2653 4817; x_wconf 85' lang='lat' dir='ltr'><strong>abundans,</strong></span> <span class='ocrx_word' id='word_1_705' title='bbox 2712 4754 2906 4807; x_wconf 85' lang='lat' dir='ltr'><strong>robore</strong></span> <span class='ocrx_word' id='word_1_706' title='bbox 2949 4752 3123 4822; x_wconf 86' lang='lat' dir='ltr'><strong>magis</strong></span> <span class='ocrx_word' id='word_1_707' title='bbox 3172 4736 3408 4811; x_wconf 79' lang='lat' dir='ltr'><strong>illustris</strong></span> <span class='ocrx_word' id='word_1_708' title='bbox 3446 4752 3582 4812; x_wconf 75' lang='lat' dir='ltr'><strong>fuit?</strong></span> 
     </span>
    </p>
   </div>
   <div class='ocr_carea' id='block_1_103' title="bbox 2034 4841 3581 4912">
    <p class='ocr_par' dir='ltr' id='par_1_103' title="bbox 2034 4841 3581 4912">
     <span class='ocr_line' id='line_1_103' title="bbox 2034 4841 3581 4912; baseline 0.001 -16"><span class='ocrx_word' id='word_1_709' title='bbox 2034 4842 2187 4897; x_wconf 77' lang='lat' dir='ltr'><strong>Mitto</strong></span> <span class='ocrx_word' id='word_1_710' title='bbox 2241 4841 2522 4897; x_wconf 82' lang='lat' dir='ltr'><strong>Nestorem</strong></span> <span class='ocrx_word' id='word_1_711' title='bbox 2572 4842 2734 4899; x_wconf 88' lang='lat' dir='ltr'><strong>melle</strong></span> <span class='ocrx_word' id='word_1_712' title='bbox 2774 4844 3118 4912; x_wconf 86' lang='lat' dir='ltr'><strong>suaviorem,</strong></span> <span class='ocrx_word' id='word_1_713' title='bbox 3150 4852 3207 4900; x_wconf 92' lang='lat' dir='ltr'><strong>et</strong></span> <span class='ocrx_word' id='word_1_714' title='bbox 3248 4844 3441 4903; x_wconf 71' lang='lat' dir='ltr'><strong>Atrida:</strong></span> <span class='ocrx_word' id='word_1_715' title='bbox 3477 4845 3581 4898; x_wconf 85' lang='lat' dir='ltr'><strong>du-</strong></span> 
     </span>
    </p>
   </div>
   <div class='ocr_carea' id='block_1_104' title="bbox 2034 4933 3584 5003">
    <p class='ocr_par' dir='ltr' id='par_1_104' title="bbox 2034 4933 3584 5003">
     <span class='ocr_line' id='line_1_104' title="bbox 2034 4933 3584 5003; baseline -0.001 -17"><span class='ocrx_word' id='word_1_716' title='bbox 2034 4933 2227 5003; x_wconf 89' lang='lat' dir='ltr'><strong>plicem</strong></span> <span class='ocrx_word' id='word_1_717' title='bbox 2266 4940 2555 5000; x_wconf 89' lang='lat' dir='ltr'><strong>naturam;</strong></span> <span class='ocrx_word' id='word_1_718' title='bbox 2588 4933 2716 4989; x_wconf 90' lang='lat' dir='ltr'><strong>hinc</strong></span> <span class='ocrx_word' id='word_1_719' title='bbox 2766 4935 2885 4996; x_wconf 87' lang='lat' dir='ltr'><strong>sine</strong></span> <span class='ocrx_word' id='word_1_720' title='bbox 2912 4935 3080 4991; x_wconf 91' lang='lat' dir='ltr'><strong>dubio</strong></span> <span class='ocrx_word' id='word_1_721' title='bbox 3115 4936 3307 4993; x_wconf 80' lang='lat' dir='ltr'><strong>heroes</strong></span> <span class='ocrx_word' id='word_1_722' title='bbox 3343 4934 3584 4992; x_wconf 82' lang='lat' dir='ltr'><strong>nomina-</strong></span> 
     </span>
    </p>
   </div>
   <div class='ocr_carea' id='block_1_105' title="bbox 2034 5024 3579 5099">
    <p class='ocr_par' dir='ltr' id='par_1_105' title="bbox 2034 5024 3579 5099">
     <span class='ocr_line' id='line_1_105' title="bbox 2034 5024 3579 5099; baseline -0.004 -20"><span class='ocrx_word' id='word_1_723' title='bbox 2034 5034 2139 5090; x_wconf 88' lang='lat' dir='ltr'><strong>tos,</strong></span> <span class='ocrx_word' id='word_1_724' title='bbox 2186 5024 2469 5094; x_wconf 88' lang='lat' dir='ltr'><strong>loquentes</strong></span> <span class='ocrx_word' id='word_1_725' title='bbox 2513 5027 2677 5082; x_wconf 88' lang='lat' dir='ltr'><strong>simul</strong></span> <span class='ocrx_word' id='word_1_726' title='bbox 2709 5036 2763 5083; x_wconf 87' lang='lat' dir='ltr'><strong>et</strong></span> <span class='ocrx_word' id='word_1_727' title='bbox 2803 5028 3048 5085; x_wconf 86' lang='lat' dir='ltr'><strong>dicentes</strong></span> <span class='ocrx_word' id='word_1_728' title='bbox 3093 5028 3279 5099; x_wconf 89' lang='lat' dir='ltr'><strong>perite.</strong></span> <span class='ocrx_word' id='word_1_729' title='bbox 3335 5030 3579 5079; x_wconf 56' lang='lat' dir='ltr'><strong>Virorum</strong></span> 
     </span>
    </p>
   </div>
   <div class='ocr_carea' id='block_1_106' title="bbox 2034 5112 3587 5188">
    <p class='ocr_par' dir='ltr' id='par_1_106' title="bbox 2034 5112 3587 5188">
     <span class='ocr_line' id='line_1_106' title="bbox 2034 5112 3587 5188; baseline -0.005 -17"><span class='ocrx_word' id='word_1_730' title='bbox 2034 5116 2275 5171; x_wconf 91' lang='lat' dir='ltr'><strong>omnium</strong></span> <span class='ocrx_word' id='word_1_731' title='bbox 2293 5116 2544 5173; x_wconf 87' lang='lat' dir='ltr'><strong>Socrates</strong></span> <span class='ocrx_word' id='word_1_732' title='bbox 2561 5118 3015 5188; x_wconf 87' lang='lat' dir='ltr'><strong>sapientissimus,</strong></span> <span class='ocrx_word' id='word_1_733' title='bbox 3033 5133 3172 5186; x_wconf 70' lang='lat' dir='ltr'><strong>saepe</strong></span> <span class='ocrx_word' id='word_1_734' title='bbox 3189 5116 3254 5169; x_wconf 90' lang='lat' dir='ltr'><strong>ad</strong></span> <span class='ocrx_word' id='word_1_735' title='bbox 3283 5116 3449 5184; x_wconf 83' lang='lat' dir='ltr'><strong>ipsum</strong></span> <span class='ocrx_word' id='word_1_736' title='bbox 3470 5112 3587 5180; x_wconf 82' lang='lat' dir='ltr'><strong>cly-</strong></span> 
     </span>
    </p>
   </div>
   <div class='ocr_carea' id='block_1_107' title="bbox 2037 5199 3585 5277">
    <p class='ocr_par' dir='ltr' id='par_1_107' title="bbox 2037 5199 3585 5277">
     <span class='ocr_line' id='line_1_107' title="bbox 2037 5199 3585 5277; baseline -0.005 -17"><span class='ocrx_word' id='word_1_737' title='bbox 2037 5220 2195 5274; x_wconf 87' lang='lat' dir='ltr'><strong>peum</strong></span> <span class='ocrx_word' id='word_1_738' title='bbox 2228 5206 2394 5270; x_wconf 87' lang='lat' dir='ltr'><strong>stetit,</strong></span> <span class='ocrx_word' id='word_1_739' title='bbox 2426 5214 2480 5262; x_wconf 88' lang='lat' dir='ltr'><strong>et</strong></span> <span class='ocrx_word' id='word_1_740' title='bbox 2511 5208 2719 5277; x_wconf 87' lang='lat' dir='ltr'><strong>primus</strong></span> <span class='ocrx_word' id='word_1_741' title='bbox 2749 5210 2867 5262; x_wconf 90' lang='lat' dir='ltr'><strong>tulit</strong></span> <span class='ocrx_word' id='word_1_742' title='bbox 2897 5216 3234 5262; x_wconf 89' lang='lat' dir='ltr'><strong>strenuorum</strong></span> <span class='ocrx_word' id='word_1_743' title='bbox 3264 5199 3585 5257; x_wconf 88' lang='lat' dir='ltr'><strong>mercedem.</strong></span> 
     </span>
    </p>
   </div>
   <div class='ocr_carea' id='block_1_108' title="bbox 2037 5292 3593 5368">
    <p class='ocr_par' dir='ltr' id='par_1_108' title="bbox 2037 5292 3593 5368">
     <span class='ocr_line' id='line_1_108' title="bbox 2037 5292 3593 5368; baseline -0.004 -18"><span class='ocrx_word' id='word_1_744' title='bbox 2037 5295 2188 5350; x_wconf 87' lang='lat' dir='ltr'><strong>Plato</strong></span> <span class='ocrx_word' id='word_1_745' title='bbox 2238 5296 2457 5363; x_wconf 86' lang='lat' dir='ltr'><strong>athleta,</strong></span> <span class='ocrx_word' id='word_1_746' title='bbox 2501 5297 2791 5368; x_wconf 63' lang='lat' dir='ltr'><strong>Alschylus</strong></span> <span class='ocrx_word' id='word_1_747' title='bbox 2839 5296 3013 5351; x_wconf 82' lang='lat' dir='ltr'><strong>miles.</strong></span> <span class='ocrx_word' id='word_1_748' title='bbox 3058 5293 3245 5346; x_wconf 83' lang='lat' dir='ltr'><strong>Nonne</strong></span> <span class='ocrx_word' id='word_1_749' title='bbox 3294 5292 3451 5362; x_wconf 69' lang='lat' dir='ltr'><strong>igitur</strong></span> <span class='ocrx_word' id='word_1_750' title='bbox 3507 5295 3593 5343; x_wconf 85' lang='lat' dir='ltr'><strong>est</strong></span> 
     </span>
    </p>
   </div>
   <div class='ocr_carea' id='block_1_109' title="bbox 2042 5370 3588 5456">
    <p class='ocr_par' dir='ltr' id='par_1_109' title="bbox 2042 5370 3588 5456">
     <span class='ocr_line' id='line_1_109' title="bbox 2042 5370 3588 5456; baseline -0.001 -17"><span class='ocrx_word' id='word_1_751' title='bbox 2042 5370 2478 5456; x_wconf 78' lang='lat' dir='ltr'><strong>(Themistocles)</strong></span> <span class='ocrx_word' id='word_1_752' title='bbox 2497 5388 2694 5442; x_wconf 88' lang='lat' dir='ltr'><strong>ducum</strong></span> <span class='ocrx_word' id='word_1_753' title='bbox 2724 5389 2930 5455; x_wconf 90' lang='lat' dir='ltr'><strong>primus</strong></span> <span class='ocrx_word' id='word_1_754' title='bbox 2961 5390 3015 5436; x_wconf 92' lang='lat' dir='ltr'><strong>et</strong></span> <span class='ocrx_word' id='word_1_755' title='bbox 3031 5381 3345 5436; x_wconf 76' lang='lat' dir='ltr'><strong>rhetorum?</strong></span> <span class='ocrx_word' id='word_1_756' title='bbox 3373 5379 3588 5451; x_wconf 80' lang='lat' dir='ltr'><strong>sapien-</strong></span> 
     </span>
    </p>
   </div>
   <div class='ocr_carea' id='block_1_110' title="bbox 370 5474 3593 5551">
    <p class='ocr_par' dir='ltr' id='par_1_110' title="bbox 370 5474 3593 5551">
     <span class='ocr_line' id='line_1_110' title="bbox 370 5474 3593 5551; baseline 0.001 -22"><span class='ocrx_word' id='word_1_757' title='bbox 370 5478 639 5531; x_wconf 84' lang='lat' dir='ltr'><strong>virtutum</strong></span> <span class='ocrx_word' id='word_1_758' title='bbox 675 5477 1007 5541; x_wconf 71' lang='lat' dir='ltr'><strong>commistio,</strong></span> <span class='ocrx_word' id='word_1_759' title='bbox 1054 5480 1199 5547; x_wconf 85' lang='lat' dir='ltr'><strong>quod</strong></span> <span class='ocrx_word' id='word_1_760' title='bbox 1242 5480 1450 5548; x_wconf 86' lang='lat' dir='ltr'><strong>justum</strong></span> <span class='ocrx_word' id='word_1_761' title='bbox 1481 5490 1565 5535; x_wconf 91' lang='lat' dir='ltr'><strong>est</strong></span> <span class='ocrx_word' id='word_1_762' title='bbox 1610 5492 1663 5535; x_wconf 89' lang='lat' dir='ltr'><strong>et</strong></span> <span class='ocrx_word' id='word_1_763' title='bbox 1704 5490 1935 5536; x_wconf 88' lang='lat' dir='ltr'><strong>vocatur</strong></span> <span class='ocrx_word' id='word_1_764' title='bbox 2041 5481 2173 5535; x_wconf 89' lang='lat' dir='ltr'><strong>tium</strong></span> <span class='ocrx_word' id='word_1_765' title='bbox 2228 5485 2443 5551; x_wconf 88' lang='lat' dir='ltr'><strong>potius,</strong></span> <span class='ocrx_word' id='word_1_766' title='bbox 2506 5482 2600 5549; x_wconf 91' lang='lat' dir='ltr'><strong>qui</strong></span> <span class='ocrx_word' id='word_1_767' title='bbox 2644 5478 2793 5533; x_wconf 88' lang='lat' dir='ltr'><strong>solus</strong></span> <span class='ocrx_word' id='word_1_768' title='bbox 2860 5474 3144 5529; x_wconf 90' lang='lat' dir='ltr'><strong>oraculum</strong></span> <span class='ocrx_word' id='word_1_769' title='bbox 3208 5475 3593 5550; x_wconf 77' lang='lat' dir='ltr'><strong>interpretatus</strong></span> 
     </span>
    </p>
   </div>
   <div class='ocr_carea' id='block_1_111' title="bbox 444 5634 1886 5709">
    <p class='ocr_par' dir='ltr' id='par_1_111' title="bbox 444 5634 1886 5709">
     <span class='ocr_line' id='line_1_111' title="bbox 444 5634 1886 5709; baseline 0.003 -19"><span class='ocrx_word' id='word_1_770' title='bbox 444 5639 492 5675; x_wconf 78' lang='grc'><strong>⁸⁸</strong></span> <span class='ocrx_word' id='word_1_771' title='bbox 529 5635 686 5691; x_wconf 79' lang='lat' dir='ltr'><strong>Prius</strong></span> <span class='ocrx_word' id='word_1_772' title='bbox 720 5644 836 5691; x_wconf 87' lang='lat' dir='ltr'><strong>erat</strong></span> <span class='ocrx_word' id='word_1_773' title='bbox 859 5634 1073 5706; x_wconf 72' lang='grc' dir='ltr'>νόμους.</span> <span class='ocrx_word' id='word_1_774' title='bbox 1144 5638 1188 5668; x_wconf 64' lang='grc'><strong>³⁵</strong></span> <span class='ocrx_word' id='word_1_775' title='bbox 1221 5635 1275 5691; x_wconf 90' lang='lat' dir='ltr'><strong>In</strong></span> <span class='ocrx_word' id='word_1_776' title='bbox 1306 5653 1475 5707; x_wconf 84' lang='lat' dir='ltr'><strong>marg.</strong></span> <span class='ocrx_word' id='word_1_777' title='bbox 1502 5638 1886 5709; x_wconf 81' lang='grc' dir='ltr'>Θεμιστοκλῆς.</span> 
     </span>
    </p>
   </div>
  </div>
