4120 6340
546 393 724 460 Ιιείθει
755 407 813 442 τε
845 389 997 458 νικᾷν
1030 388 1103 456 μὴ
1128 386 1368 446 θέλοντας
1397 386 1519 446 τοὺς
1546 382 1725 452 φίλους
1752 401 1766 413 ·

550 479 753 547 Κρατεῖ
776 478 831 529 δὲ
859 463 1077 546 Περσῶν
1103 471 1445 543 δημιουργῶν
1475 472 1737 534 ἐκτόπως,

551 571 650 635 lii};
676 569 768 621 καὶ
795 567 1080 636 Θαλάττης,
1105 566 1211 618 πᾶν
1242 564 1410 633 εθνος,
1445 564 1622 616 πᾶσαν
1650 547 1806 614 ’πόλιν

547 658 730 728 Ψυχῆς
762 675 818 710 τε
848 657 1027 734 τόλμα
1045 657 1137 711 καὶ
1171 655 1380 726 φρενῶν
1413 652 1638 723 εὐλασίᾳ

544 750 706 800 Κάτω
734 748 934 817 τίθησι,
972 749 1064 800 καὶ
1093 747 1221 817 παρ’
1246 744 1450 816 ἐχθρῶν
1476 743 1729 812 τυγχάνει

543 838 724 901 Λίδυῦς
754 840 783 890 ό
808 838 1032 901 κλεινὸς,
1064 839 1324 893 θάπτεται
1352 836 1408 889 δὲ
1438 831 1708 903 καρδίαις.
1793 892 1803 905 ι

543 927 647 976 Καὶ
675 925 873 993 θαῦμα,
902 926 1015 989 πῶς
1045 926 1102 977 ἓν
1126 925 1281 993 σῶμα
1309 922 1567 992 καὶψυχὴ
1595 919 1694 990 μία

543 1017 813 1082 Κρείττων
851 1015 1060 1084 ὲδείχθη
1089 1015 1188 1082 τῆς
1221 1015 1347 1080 ὅλης
1375 1011 1716 1080 οἰκουμένης,

540 1108 736 1175 θάρσει
762 1124 819 1158 τε
847 1106 1040 1174 πολλῷ,
1067 1107 1155 1157 καὶ
1176 1104 1454 1175 φρονήσει,
1476 1105 1570 1156 καὶ
1597 1102 1766 1174 μάχῃ.

540 1197 602 1248 Τί
632 1199 726 1248 καὶ
757 1196 1023 1265 Περικλῆς
1064 1194 1406 1264 Ἀλκιϐιάδης
1439 1195 1530 1246 καὶ
1564 1194 1774 1262 Κίμων,

542 1285 601 1334 υἱ
629 1283 733 1335 τῶν
771 1282 1006 1352 Ἀθηνῶν
1034 1283 1289 1349 εὐπαγεῖς
1318 1282 1507 1350 χρυσοῖ
1534 1279 1733 1342 στύλοι,

543 1378 603 1428 Οί
628 1378 731 1428 τῶν
757 1378 925 1444 λόγων
953 1378 1226 1445 ἄρχοντες,
1255 1377 1303 1428 οἱ
1337 1376 1538 1444 ὸήτρας
1561 1375 1785 1443 πρόμοι,

543 1468 604 1518 Ol
628 1467 724 1535 τὴν
757 1467 914 1534 φύσιν
937 1467 1222 1534 βλέποντες
1248 1482 1262 1528 ;
1288 1466 1348 1517 Οἱ
1371 1462 1682 1533 γεωμέτραι

545 1557 890 1624 Ἦστραπτον
924 1553 1099 1620 ἔργοις
1129 1554 1221 1605 καὶ
1256 1553 1432 1619 λόγοις
1459 1551 1558 1620 τὴν
1603 1549 1846 1613 Ἐλλάδα,

544 1645 755 1705 Ἵπποις
789 1647 907 1696 κατ’
942 1644 1090 1704 αὐτὸ,
1123 1642 1300 1704 ναυσὶ,
1337 1643 1516 1702 πεςοῖς
1540 1641 1802 1708 ἐκράτουν
1828 1653 1841 1664 ·

547 1734 730 1801 Δόξης,
757 1731 1047 1800 τροπαίων,
1078 1729 1297 1800 ἀρετῆς,
1323 1736 1689 1797 σοφισμάτων,

549 1817 1045 1884 ΙΙᾶσανὍάλατταν,
1081 1823 1256 1873 πᾶσαν
1284 1821 1554 1890 ἐπλήρουν
1583 1819 1740 1882 χθόνα

549 1917 798 1984 Ἕλληνες
823 1906 966 1966 οὗτοι
987 1930 1001 1944 θ
1035 1913 1170 1982 πλὴν
1201 1911 1331 1964 Θεοῦ
1371 1914 1585 1974 πάντως
1628 1903 1784 1979 χάρις

546 2003 651 2056 ἾΙν
685 2006 777 2055 καὶ
805 2003 873 2055 τά
899 2002 1120 2066 τούτων,
1150 1993 1209 2053 οὗ
1247 2000 1523 2070 φρόνησις,
1551 2000 1610 2049 ob
1645 1999 1822 2063 λόγος,

546 2091 681 2159 Παρ’
709 2085 1057 2162 οὗπερίέσχον
1088 2089 1178 2141 καὶ
1207 2089 1274 2139 τὰ
1316 2088 1412 2156 τῆς
1443 2083 1741 2152 εὐανδρίας.

546 2183 614 2232 Σὺ
644 2181 712 2243 δ’,
745 2175 788 2233 ὦ
814 2179 1098 2246 Μακεδὼν,
1128 2177 1246 2238 πῶς
1271 2177 1429 2246 σοφὸς
1454 2179 1753 2248 κριθῇςετι

549 2273 638 2320 Ὧν
669 2270 762 2322 καὶ
793 2269 1071 2338 μαχητής;
1105 2266 1219 2328 πῶς
1250 2267 1458 2335 φθονεῖς
1483 2270 1538 2320 δὲ
1568 2269 1665 2334 τῆς
1697 2277 1879 2335 τέχνης

550 2362 784 2411 ’Λπασιν
808 2339 981 2418 ἄλλοις
1008 2376 1022 2423 ;
1048 2357 1164 2420 πῶς
1191 2357 1348 2427 μόνος
1383 2356 1552 2420 θέλεις
1582 2357 1726 2425 ἔχειν

561 2448 952 2517 ,Αριστπέλους
983 2449 1106 2510 τοὺς
1140 2449 1334 2515 σοφοὺς
1359 2445 1710 2516 λαϐυρίνθους
1734 2466 1747 2505 :

549 2537 796 2604 Μόναρχε
834 2535 1036 2604 πρῶτε,
1067 2534 1303 2604 Καίσαρ,
1337 2534 1497 2602 ἀρκεῖ
1520 2551 1599 2587 σοι
1622 2525 1780 2603 μόθον

550 2626 740 2691 Λέγειν
770 2639 829 2676 τε
858 2622 1066 2685 δεινῶς,
1103 2624 1473 2684 ἀντικάτωνας
1495 2623 1746 2693 γράφειν,

549 2714 758 2776 Βίϐλοις
786 2716 1039 2778 συνεῖναι,
1078 2713 1175 2782 τὴν
1205 2712 1366 2780 φύειν
1391 2711 1571 2781 ζητεῖν
1600 2713 1733 2764 ὅλων
1763 2729 1780 2777 ;

549 2805 615 2855 Τί
643 2804 734 2856 καὶ
764 2805 1084 2872 στρατηγεϊς
1116 2803 1208 2855 καὶ
1229 2801 1386 2871 βιάζῃ
1419 2802 1527 2854 πᾶν
1557 2801 1726 2865 ἔθνος,

549 2892 659 2946 Καὶ
683 2893 780 2956 τὰς
804 2893 1060 2964 ἀπείρους
1083 2894 1140 2945 ὲν
1170 2893 1360 2964 βραχεῖ
1385 2893 1563 2956 πόλεις
1586 2892 1748 2962 ἔχεις,

1781 271 1858 332 ῙΟ
1872 272 2008 331 ᾹΝΝ
2016 271 2085 333 IS
2120 268 2542 331 GEOMETRE

2105 381 2156 443 Α
2182 379 2376 452 Ὄρους
2397 380 2452 430 δὲ
2472 380 2698 446 πήσσεις
2733 379 2776 410 ⁸⁷
2799 379 2856 430 ὲν
2883 372 3162 444 Ταδείροις
3183 372 3429 426 Αὐσόνων
3451 386 3470 438 ;

2187 473 2252 522 Ἥ
2283 471 2406 534 τοὺς
2438 469 2694 530 ἀπίστους
2728 468 2851 531 τοὺς
2873 468 2928 520 δὲ
2960 466 3183 526 πιστοὺς
3211 463 3269 516 οὐ
3301 463 3418 514 δέον

2181 557 2404 609 Θάλλειν
2430 557 2612 620 καλοῖς
2645 557 2847 610 ἅπασιν
2881 557 3061 625 ἔργοις
3085 552 3178 605 καὶ
3210 551 3422 619 λόγοις;

2194 646 2332 698 Ἀλλ’
2358 645 2497 708 ἐλθὲ.
2533 647 2650 709 πῶς
2675 647 2858 718 ἔκρινε
2880 645 2975 700 καὶ
2994 644 3148 706 Θεὸς,
3175 642 3321 710 λέγε,

2182 736 2314 789 Τίνα
2347 738 2645 807 στρατηγὸν
2671 737 2769 807 τῆς
2796 737 2989 790 ἑαυτοῦ
3020 733 3254 788 δεικνύει

2183 826 2388 896 Μοίρας
2415 826 2682 896 κραταιᾶς
2712 826 2802 878 καὶ
2830 825 3059 893 στρατοῦ
3092 822 3425 892 ποθουμένου
3451 839 3466 886 ;

2182 918 2256 970 Οὐ
2299 918 2384 969 τὸν
2416 917 2692 985 γραφέντα
2718 920 2830 981 τοῖς
2857 917 3038 983 λόγοις
3078 913 3272 984 μακρῷ
3301 913 3497 984 χρόνῳ,

2184 1008 2292 1060 Καὶ
2327 1008 2655 1060 συλλαϐόντα
2689 1009 2864 1060 πᾶσαν
2901 1004 3311 1068 εὐπαιδευσίαν;

2184 1099 2494 1164 Αἰγυπτίοις
2523 1099 2746 1152 συνόντα
2778 1098 2982 1167 Μωσῆν
3012 1097 3102 1149 τὸν
3145 1095 3315 1165 μέγαν

2185 1189 2263 1241 Τά
2299 1190 2486 1258 πρῶτα
2514 1189 2606 1244 καὶ
2639 1189 2895 1243 κάλλιστα
2927 1189 3034 1239 τῶν
3067 1184 3421 1255 μαθημάτων,

2186 1280 2390 1346 Λόγους
2420 1280 2686 1349 ἀριθμῶν,
2719 1277 3038 1349 γραμμικὴν
3071 1276 3329 1345 θεωρίαν,

2191 1370 2434 1435 Ἀστρων
2464 1369 2737 1439 πολήσεις,
2767 1367 3044 1438 ῥυθμικῶν
3079 1365 3254 1434 μελῶν
3283 1365 3459 1432 ὅρους,

2192 1461 2256 1512 Ὃ
2283 1459 2472 1529 κρᾶσίς
2505 1461 2618 1511 ἐστι
2652 1461 2743 1512 καὶ
2767 1459 2914 1520 τέλος
2946 1457 3121 1510 καλῶν
3143 1456 3278 1508 ὅλων
3305 1471 3320 1518 ;

2190 1550 2399 1601 Παλαιὰ
2432 1549 2620 1609 ταῦτα,
2661 1551 2766 1602 πᾶν
2799 1549 2977 1613 καλὸν,
3018 1546 3170 1616 φασὶ,
3214 1545 3401 1604 πάλαι,

2194 1642 2301 1693 Καὶ
2324 1639 2502 1692 καινὸν
2522 1641 2671 1692 οὐδὲν
2701 1640 2809 1692 τῶν
2842 1639 3020 1692 καλῶν
3050 1640 3142 1692 καὶ
3166 1637 3359 1705 τιμίων
3381 1651 3395 1665 ⁸

2189 1729 2390 1800 Ζηλοῦν
2420 1729 2476 1782 δὲ
2505 1728 2675 1782 ταῦτα
2699 1729 2772 1797 μὴ
2795 1727 2977 1787 καλὸν,
3002 1728 3094 1778 καὶ
3121 1726 3203 1788 τίς
3237 1727 3426 1790 λόγοςς

2187 1821 2317 1873 Οὐδὲ
2342 1818 2569 1887 γράφειν
2597 1815 2770 1880 ἔξεστι
2793 1815 2977 1867 λοιπὸν
3005 1817 3079 1876 ὼς
3104 1814 3290 1875 πάλαι,

2187 1912 2348 1964 Οὐδὲν
2376 1909 2549 1975 λόγοις
2574 1909 2792 1978 ἄριστον
2814 1906 2888 1968 ὡς
2921 1906 3045 1974 πρλν
3072 1905 3379 1973 τυγχάνειν,

2187 2002 2308 2056 Οὐδ’
2339 2003 2395 2052 ὲν
2427 2001 2624 2069 μάχαις
2659 1998 2965 2068 βέλτιστον;
2996 1997 3296 2066 Ἐρρευσαν
3335 1996 3559 2065 τέχναι;

2188 2091 2362 2144 Πάλαι
2391 2090 2498 2158 γὰρ
2521 2085 2659 2158 ἦσαν
2680 2089 2791 2150 τοῖς
2815 2087 3022 2156 βροτοῖς
3050 2086 3368 2156 εὑρημέναι·

2188 2178 2260 2229 Τὸ
2295 2178 2588 2246 σωφρονεῖν
2617 2176 2724 2228 πᾶν
2747 2175 3018 2226 ἐκλέλοιπε
3051 2175 3141 2226 τὸν
3182 2174 3293 2243 βίον
3331 2191 3343 2232 ;

2185 2265 2295 2336 Τὴν
2326 2265 2523 2336 ἀρετὴν
2554 2265 2710 2318 δίωκε
2738 2266 2936 2324 πᾶσαν,
2964 2264 2997 2332 ἡ
3033 2264 3218 2329 πάλαιι

2185 2357 2415 2407 Φανεῖσα
2444 2354 2667 2416 πολλοὺς
2689 2351 2820 2423 ἦρεν
2851 2353 2929 2414 είς
2960 2352 3091 2422 ὕψος
3121 2354 3283 2422 μέγα,

2201 2445 2423 2511 ’Δφεῖσα
2448 2443 2668 2505 τούτους
2696 2443 2952 2512 ἀρχικοὺς
2983 2442 3169 2512 ῶσπερ
3199 2442 3419 2502 τύπους.

2190 2533 2330 2601 Πρὸς
2362 2532 2452 2593 οὓς
2477 2533 2682 2601 βλέπων
2708 2549 2813 2596 τις,
2839 2533 3030 2592 κάλλος
3060 2534 3107 2584 εί
3143 2533 3286 2583 θέλοι
3319 2532 3455 2599 βίου,

2203 2622 2439 2675 Ἐκεῖθεν
2468 2621 2633 2684 ἕλκει,
2667 2623 2768 2674 κᾶν
2799 2621 2867 2673 τὰ
2894 2621 3115 2688 δεύτερα
3148 2621 3351 2689 γράφῃ.
3514 2614 3516 2616 ⁷

2193 2714 2263 2765 Σὺ
2291 2712 2366 2776 δὲ,
2399 2717 2647 2781 προφῆτα
2677 2711 2768 2762 καὶ
2801 2710 3039 2779 βασιλεῦ,
3068 2711 3182 2770 πῶς
3214 2709 3371 2762 πλέον

2193 2803 2382 2870 Αὐχετς
2415 2802 2666 2855 ἁπάντων
2692 2802 2886 2868 γνῶσιν
2913 2817 2927 2865 ;
2961 2801 3058 2852 οὐκ
3087 2800 3352 2870 ἀριστέων

2106 2936 2108 2938 τ
2197 2893 2378 2961 Ἔχεις
2405 2892 2469 2946 τὰ
2507 2891 2734 2962 πρῶτα;
2766 2891 2885 2954 Πῶς
2916 2890 3104 2962 σοφίζῃ
3139 2891 3262 2954 τοὺς
3293 2890 3509 2960 νόμους,

550 3079 665 3135 est,
724 3070 964 3124 consiliis
1007 3074 1061 3122 et
1107 3067 1301 3137 pugnis
1365 3068 1529 3122 vincit
1588 3083 1804 3124 omnem
1855 3077 2087 3130 terram,
2121 3071 2162 3128 ε
2197 3076 2270 3120 tet
2307 3065 2546 3119 inlideles
2582 3076 2634 3120 et
2671 3065 2855 3120 ﬁdeles
2885 3065 3077 3118 ﬂorere
3124 3064 3374 3119 omnibus
3408 3063 3566 3119 bonis
3602 3078 3734 3133 ope-

552 3158 741 3212 snadet
771 3159 982 3211 vincere
1018 3157 1259 3210 nolentes
1288 3157 1512 3219 amicos,
1546 3165 1600 3210 ct
1633 3158 1893 3210 concione
1929 3155 2096 3208 vincit

554 3248 815 3314 stupende
838 3246 997 3298 modo
1030 3247 1241 3307 Persas,
1273 3245 1408 3297 mari
1441 3253 1494 3297 et
1529 3253 1934 3319 terratetnncm
1965 3259 2094 3311 gen-

554 3347 680 3390 tem.
719 3349 929 3386 omnem
976 3335 1182 3396 urbem,
1217 3333 1380 3385 animi
1425 3332 1648 3385 auzlacia
1686 3341 1739 3385 et
1779 3333 1970 3384 mentis
2011 3347 2098 3384 sa-

554 3422 752 3490 pientia
801 3419 1085 3483 submittit,
1124 3429 1178 3472 et
1218 3420 1286 3471 ab
1335 3419 1577 3472 hostibus
1619 3418 1826 3472 obtinet
1872 3419 2101 3487 inclytus

558 3513 814 3572 honores,
855 3518 908 3561 et
935 3508 988 3560 in
1023 3507 1276 3560 cordibus
1309 3521 1498 3560 eorum
1547 3506 1802 3573 sepelitur
1836 3515 2102 3576 :‘et'pro-

555 3601 759 3668 digium
789 3608 904 3664 est,
941 3597 1212 3667 quomodo
1247 3611 1443 3664 corpus
1468 3611 1634 3649 unum
1686 3605 1737 3649 et
1782 3596 1957 3649 anima
1993 3612 2098 3650 una

557 3691 837 3758 superiora
883 3689 993 3742 visa
1025 3690 1133 3741 sint
1168 3686 1420 3740 universo
1469 3686 1605 3749 orbi,
1642 3701 1828 3755 magna
1880 3686 2100 3740 fortitu-

557 3783 698 3842 dine,
754 3779 1034 3848 prudentia
1099 3785 1152 3832 et
1187 3777 1396 3848 pugnis.
1433 3775 1568 3841 Quid
1624 3777 1785 3831 etiam
1843 3777 2095 3845 Pericles,

556 3871 857 3924 Alcibiades
895 3879 948 3924 et
976 3869 1165 3923 Cimon
1187 3912 1200 3936 ,
1233 3869 1334 3922 illze
1371 3867 1697 3922 Athenarum
1730 3868 1895 3924 ﬁrma:
1922 3884 2098 3924 aurea:

557 3963 837 4023 columnre,
878 3961 926 4013 bi
982 3960 1282 4013 orationum
1337 3960 1606 4029 principes
1655 3969 1707 4013 et
1757 3961 2095 4028 eloquentia,

561 4055 613 4108 lii
646 4055 734 4122 qui
767 4062 1011 4106 naturam
1051 4053 1380 4114 noscebant;
1413 4051 1467 4105 hi
1489 4042 1775 4120 geometra:
1799 4052 1890 4119 qui
1924 4051 2099 4118 operi-

560 4145 661 4196 bus
694 4150 746 4193 et
773 4141 984 4208 scriptis
1018 4138 1274 4192 Graeciam
1301 4139 1663 4202 illustrabant,
1699 4139 1852 4205 equis
1911 4139 2096 4201 simul,

564 4231 809 4292 navibus,
835 4238 887 4280 et
922 4228 1142 4294 pedibus
1175 4227 1457 4279 vicerunt?
1478 4225 1667 4293 gloria,
1692 4226 1966 4293 trophaeis,
1986 4226 2097 4278 vir-

564 4328 698 4378 tute,
729 4316 1057 4382 sapientibus
1116 4315 1288 4376 libris,
1330 4328 1490 4367 omne
1538 4327 1706 4374 mare,
1741 4327 1956 4365 omnem
1993 4323 2100 4366 ter-

566 4423 681 4461 ram
713 4405 1066 4472 impleverunt
1103 4403 1270 4456 (ἔτωοί
1300 4402 1409 4456 isti.
1461 4403 1709 4456 Attamen
1745 4403 1835 4454 Dei
1882 4401 2099 4456 omnino

569 4497 679 4549 haec
703 4495 912 4548 illorum
936 4493 1071 4546 dona
1092 4494 1259 4562 gratia
1293 4499 1466 4554 erant,
1490 4492 1642 4560 cujus
1667 4499 1751 4546 est
1789 4491 2094 4559 prudentia,

566 4594 614 4638 et
673 4583 994 4651 eloquentia,
1035 4599 1062 4635 τι
1104 4599 1210 4651 quo
1251 4583 1410 4635 etiam
1445 4581 1714 4635 habebant
1767 4580 2100 4636 fortitudinis

566 4675 724 4728 dona.
750 4674 827 4726 Tu
864 4687 1010 4735 vero,
1035 4689 1063 4726 ο
1095 4673 1329 4738 Macedo,
1360 4672 1628 4740 quomodo
1655 4671 1864 4740 sapiens
1891 4670 2100 4739 judica-

569 4777 655 4818 tus
683 4767 777 4829 sis,
810 4766 1033 4818 bellator
1064 4780 1184 4817 cum
1218 4764 1419 4817 fueris?
1440 4762 1723 4827 Quomodo
1752 4772 1918 4816 artem
1965 4763 2103 4816 invi-

569 4860 660 4908 des
686 4856 800 4905 aliis
827 4854 1117 4906 omnibus?
1157 4855 1424 4920 quomodo
1455 4855 1600 4907 solus
1643 4854 1836 4908 habere
1866 4854 1945 4907 vis
1987 4853 2104 4906 Ari-

571 4945 773 4997 stotelis
792 4943 1058 5008 sapientes
1077 4944 1358 5008 ambages?
1377 4943 1554 4996 Prime
1576 4945 1882 5013 imperator,
1901 4945 2102 5008 Cmsar,

571 5034 758 5084 sutl‘ieit
823 5031 913 5082 tibi
974 5029 1146 5082 solum
1195 5031 1337 5097 loqui
1384 5032 1734 5096 mirabiliter,
1768 5035 2102 5087 anticatoncs

573 5124 822 5183 scribere,
863 5121 912 5172 in
942 5120 1090 5173 libris
1117 5121 1440 5182 conversari,
1464 5131 1703 5176 naturam
1731 5125 2103 5178 universorum

573 5211 888 5273 exquirere?
924 5209 1058 5271 Quid
1085 5209 1239 5260 etiam
1277 5207 1412 5259 bella
1444 5208 1580 5274 geris
1606 5221 1678 5274 et.
1701 5226 1885 5267 omnes
1917 5223 2100 5282 gentes

574 5294 792 5358 subigis.
826 5302 878 5344 et
902 5295 1205 5346 innumeras
1232 5293 1386 5347 urbes
1423 5295 1819 5362 brevitempore
1843 5313 2098 5368 occupas,

573 5383 935 5448 terminosque
952 5383 1199 5436 Ausonia:
1227 5385 1275 5437 in
1307 5383 1544 5438 Gadibus
1575 5384 1920 5454 ﬁgis?Nonnc
1945 5405 2103 5460 opor-

647 5557 688 5591 ⁸⁷
725 5559 947 5624 missu;
978 5556 1095 5610 cod.

2195 3157 2344 3209 ribus
2372 3164 2425 3210 et
2465 3156 2846 3208 sermonibus?
2877 3154 2981 3209 Sed
3013 3169 3131 3222 age,
3193 3155 3465 3223 quomodo
3508 3155 3743 3210 senserit

2197 3246 2357 3309 Deus,
2390 3246 2477 3299 dic
2511 3245 2685 3300 nobis.
2727 3246 2897 3310 Quem
2933 3246 3122 3300 ducem
3151 3261 3261 3299 sua:
3282 3245 3521 3299 ostendit
3548 3255 3742 3313 poten-

2195 3335 2263 3388 tis
2295 3333 2618 3388 htereditatis
2647 3341 2700 3387 et
2730 3334 2938 3388 dilectae
2969 3335 3176 3401 gentis?
3225 3348 3403 3386 nonne
3453 3333 3606 3386 illum
3643 3333 3740 3402 qui

2197 3422 2375 3476 verbis
2407 3422 2543 3490 longi
2581 3422 2834 3488 temporis
2853 3421 3134 3475 historiam
3167 3422 3478 3489 scripserat,
3509 3431 3562 3474 et
3586 3422 3641 3474 in
3677 3435 3740 3476 se

2199 3511 2484 3579 collegerat
2542 3523 2756 3564 omnem
2811 3510 3007 3564 bonam
3079 3509 3437 3564 doctrinam?
3504 3509 3745 3580 Moysem

2199 3615 2388 3669 nempe
2417 3615 2665 3668 magnum
2701 3615 2822 3653 cum
2881 3598 3144 3669 Aﬂgyptiis
3181 3607 3583 3664 conversatum,
3628 3600 3744 3668 pri-

2199 3690 2302 3744 mis
2331 3700 2379 3744 et
2405 3689 2777 3758 pulcherrimis
2819 3690 3078 3767 scientiis,
3116 3705 3460 3745 numerorum
3517 3691 3745 3745 rationi-

2199 3781 2318 3846 bus,
2350 3781 2643 3835 litterarum
2685 3781 2912 3847 theoria,
2950 3791 3220 3837 astrorum
3286 3783 3741 3847 revolutionibus,

2199 3871 2566 3940 rhythmorum
2611 3872 3035 3936 definitionibus,
3076 3874 3217 3942 quod
3266 3873 3497 3927 includit
3531 3880 3584 3926 et
3613 3887 3742 3941 per-

2199 3961 2308 4015 licit
2341 3962 2561 4028 pulchra
2591 3962 2810 4016 omnia?
2839 3962 3073 4030 Antiqua
3108 3963 3233 4028 ista,
3283 3962 3490 4026 dicunt,
3537 3970 3591 4016 et
3617 3961 3742 4030 pul-

2199 4053 2386 4106 chrum
2409 4062 2490 4106 est
2520 4053 2677 4106 omne
2705 4053 2844 4121 quod
2875 4061 2957 4106 est
2983 4055 3288 4121 antiquum,
3332 4055 3577 4122 nihilque
3609 4053 3738 4106 novi

2197 4140 2479 4209 pulchrum
2514 4151 2595 4194 est
2623 4151 2676 4194 et
2702 4143 2995 4210 egregium.
3053 4141 3250 4195 Verum
3285 4143 3388 4197 ista
3435 4142 3743 4211 deprimere

2203 4244 2310 4282 non
2342 4229 2511 4292 decet,
2543 4239 2594 4282 et
2640 4245 2873 4298 quanam
2921 4229 3164 4285 ratione?
3201 4245 3379 4285 nonne
3408 4233 3649 4286 scribere
3676 4231 3744 4283 li-

2204 4329 2288 4372 cet
2348 4319 2580 4381 tandem,
2645 4320 2772 4385 quia
2817 4320 3138 4389 antiquum;
3203 4335 3386 4375 nonne
3434 4320 3743 4389 eloquentia

2205 4409 2551 4476 conspicuum
2585 4422 2725 4473 esse,
2763 4411 2886 4479 quia
2930 4412 3079 4480 prius
3114 4411 3165 4465 id
3215 4412 3422 4476 evenit;
3470 4426 3647 4466 nonne
3685 4413 3743 4465 in

2202 4500 2391 4568 pugnis
2419 4500 2704 4553 eximium?
2754 4503 3026 4570 perierunt
3064 4503 3241 4556 artes?
3272 4503 3572 4570 antiquitus
3597 4502 3746 4557 enim

2203 4602 2356 4644 erant
2384 4591 2448 4643 ab
2481 4592 2782 4646 hominibus
2838 4593 3085 4649 inveniat.
3120 4594 3479 4650 Prudentiane
3523 4595 3747 4647 ommno

2203 4693 2234 4731 e
2265 4679 2370 4731 vita
2400 4681 2667 4735 excessit?
2692 4683 2946 4736 virtutem
2983 4698 3198 4738 omnem
3229 4684 3458 4752 expelle,
3492 4699 3612 4750 quae
3640 4698 3746 4736 an-
3828 4673 3832 4680 ’

2208 4767 2429 4835 tiquitus
2476 4771 2688 4839 cognita
2745 4773 2940 4827 multos
3006 4773 3070 4825 ad
3130 4788 3401 4826 summum
3471 4772 3746 4839 fastigium

2202 4859 2410 4924 ertulit,
2437 4875 2578 4913 nunc
2613 4861 2829 4928 reliquit
2862 4864 2978 4916 haec
3026 4863 3246 4930 antiqua
3277 4862 3425 4914 velut
3473 4861 3745 4928 exempla.

2205 4947 2282 5000 Ad
2309 4964 2426 5015 qua:
2458 4951 2670 5003 intuens
2719 4950 2933 5017 aliquis,
2989 4952 3032 5004 si
3064 4951 3186 5004 vitaz
3251 4951 3449 5004 bonum
3494 4951 3748 5013 voluerit,

2207 5037 2596 5103 inileextrabit,
2629 5041 2749 5094 licet
2779 5040 3012 5093 secundo
3029 5041 3223 5109 scripta
3255 5040 3450 5095 forent.
3484 5040 3563 5094 Tu
3591 5055 3747 5104 vero,

2204 5127 2458 5193 propheta
2503 5137 2556 5181 et
2613 5143 2727 5188 rex,
2789 5129 3058 5195 quomodo
3104 5131 3276 5199 magis
3317 5132 3589 5184 illuminas
3627 5145 3742 5184 om-

2208 5214 2353 5268 nium
2387 5217 2823 5286 intelligentiam?
2873 5233 3047 5274 nonne
3089 5223 3226 5276 inter
3261 5221 3588 5277 fortissimos
3631 5221 3737 5288 pri-

2208 5319 2323 5358 mas
2368 5306 2564 5360 habes?
2619 5308 2886 5375 quomodo
2925 5309 3292 5379 interpretaris
3357 5312 3500 5380 leges
3545 5310 3655 5371 Dei,
3695 5310 3745 5362 si

2191 5394 2312 5464 quis
2343 5393 2499 5460 alius,
2543 5406 2594 5450 et
2626 5396 2784 5450 verba
2811 5399 3050 5465 exquiris
3077 5409 3128 5454 et
3152 5401 3411 5469 exponis?
3437 5397 3738 5455 visibilium
