4120 6340
290 379 461 447 Εἴπερ
494 392 578 438 τις
604 373 780 441 ἀλλος,
805 373 899 429 τοῦ
928 375 1084 439 Θεοῦ,
1114 374 1355 440 καὶτοὺς
1384 376 1574 446 λόγους

287 466 747 537 Ζητεϊς,ὲρευνᾷς,
772 464 940 521 τῶνδε
970 465 1076 520 τῶν
1105 467 1419 538 ὁρωμένων,

291 559 550 629 Στρὲφεις
578 558 636 612 δὶ
674 557 873 620 πολλὰς
898 557 957 612 ιν
989 558 1150 628 φρεσὶ
1174 557 1405 629 θεωρίας
1431 574 1445 589 ο

292 650 475 710 Κινεῖς
501 648 559 701 δὲ
589 646 839 717 γλῶσσαν
862 647 1073 713 νυκτὸς,
1110 646 1322 719 ἡμέρας
1351 647 1499 718 ὅλης,

290 738 466 802 Θείοις
494 736 582 793 ἐπ’
608 737 788 808 Ξργοις
812 753 827 769 ο
863 738 1116 807 μουσικὸς
1143 738 1202 792 δὲ
1227 739 1530 808 τυγχάνεις,

290 829 402 881 Καὶ
433 829 702 900 ῥυθμικὴν
734 827 938 892 εδειξας
965 826 1352 898 εὐαρμοστίαν,

288 917 483 985 Δότοις
507 916 551 969 δ’
584 918 829 986 ἐφευρετν
854 917 948 970 καὶ
976 916 1111 987 βάθη
1139 916 1497 987 κεκρυμμένα

286 1008 422 1060 Θεοῦ
452 1025 511 1060 τε
540 1006 710 1060 πολλά
730 1007 823 1060 καὶ
852 1007 987 1060 Θεοῦ
1022 1007 1129 1061 τῶν
1160 1009 1495 1077 κτισμάτων;

289 1099 413 1160 Πῶς
444 1097 708 1159 συντιθείς
732 1096 789 1149 δὲ
822 1098 916 1149 καὶ
939 1097 1156 1167 μέλιτος
1182 1099 1374 1169 κηρίον

286 1173 499 1255 τρόπον
540 1187 799 1257 μελίσσης
826 1185 925 1257 τὴν
964 1189 1281 1259 σοφωτάτην
1308 1188 1491 1260 βίϐλον

296 1279 388 1343 Ἐξ
414 1272 692 1348 ἦς’ἂπασα
715 1278 933 1346 γνῶσις,
960 1279 1036 1343 ὡς
1057 1281 1242 1349 πηγῆς
1268 1281 1313 1313 ³⁸
1343 1282 1529 1351 βρύει·

282 1365 440 1429 Θεοῦ,
481 1366 781 1438 Χερουϐὶμ,
810 1368 1059 1437 ἀγγέλων
1085 1370 1153 1435 ⁸⁸,
1185 1371 1567 1441 ἀρχαγγέλων,

284 1455 440 1509 Νόων
466 1456 739 1524 ἁπάντων,
766 1458 931 1513 τῶνδε
954 1458 1061 1513 τῶν
1083 1460 1373 1530 ὁρωμένων

282 1546 535 1615 Τρόπων,
560 1549 854 1618 τροπαίων,
891 1549 1115 1621 ἀρετῆς,
1142 1552 1440 1622 ἁμαρτίας.

282 1639 485 1708 Τύχης,
520 1641 656 1704 νοὸς,
684 1640 831 1711 ζωῆς
849 1658 907 1693 τε
936 1641 1028 1694 καὶ
1051 1641 1260 1711 θνητῶν
1288 1643 1494 1709 τέλους,

280 1728 483 1791 Φωτὺς,
514 1730 733 1794 σκότους
763 1747 821 1784 τε
845 1730 1494 1802 δαιμόνων,παθημάτων,
1565 1730 1570 1737 ’

283 1820 492 1888 Καινῆς
529 1836 588 1873 τε
632 1822 765 1891 πρὸς
793 1822 893 1890 γῆν
922 1822 1170 1893 κράσεως
1196 1823 1290 1876 τοῦ
1316 1824 1611 1888 Δεσπότου,

282 1911 395 1963 Καὶ
420 1911 522 1979 σῆς
551 1913 816 1981 ἀχράντου
844 1913 1305 1984 Μητροπαρθένου
1337 1915 1542 1984 Κόρης,

285 2003 537 2071 Ἀῥρητα
564 2002 736 2056 ταῦτα
765 2005 859 2059 καὶ
887 2004 1059 2072 λόγων
1085 2003 1326 2074 ἀνώτερα
1349 2022 1365 2070 ;

293 2093 434 2143 ’Δλλ⁹
468 2093 711 2163 ἁρπαγαὶ
748 2094 841 2147 νῦν
878 2096 986 2157 τοῖς
1022 2097 1341 2166 στρατηγοῖς
1367 2095 1460 2148 καὶ
1484 2093 1668 2166 μέθαι,

280 2174 385 2233 Ὦν
411 2183 471 2233 ού
513 2185 752 2251 μετεῖναι
784 2186 895 2247 τοῖς
920 2184 1102 2246 καλοῖς
1132 2186 1323 2253 φήσεις
1349 2184 1486 2237 δέον.

228 2326 233 2331 ,
281 2273 348 2325 Τί
376 2274 547 2327 ταῦτα
568 2275 703 2344 πρὸς
729 2276 789 2328 τὸ
824 2277 1083 2346 πρᾶγμα;
1124 2278 1307 2348 Χωρὶς
1339 2280 1388 2331 οί
1426 2278 1591 2346 λόγοι.

285 2364 450 2418 ’Δλλο
481 2368 800 2435 στρατηγὸς,
829 2367 955 2421 ἀλλο
982 2368 1036 2421 δὲ
1079 2369 1400 2440 στρατηγία.

280 2454 466 2517 Κακός
495 2472 577 2518 τις
609 2450 761 2519 οὗτος
782 2473 794 2486 ·
822 2457 854 2527 ἡ
888 2457 931 2509 δ’
970 2458 1165 2529 ἀρίστη
1202 2462 1266 2529 τῇ
1308 2459 1488 2527 φύσει,

292 2546 532 2616 Ἰατρικὴ
572 2546 803 2619 σώτειρα
830 2565 844 2579 ·
876 2549 1133 2611 πολλάκις
1161 2551 1204 2601 δ’
1230 2549 1332 2619 έφυ

278 2639 477 2702 Φονεὺς
508 2639 687 2710 ίατρός
714 2657 726 2672 ·
760 2641 834 2711 μὴ
865 2641 1097 2712 κακίζῃς
1128 2642 1227 2713 τὴν
1254 2643 1470 2712 τέχνην.

278 2726 357 2778 Οὐ
394 2727 731 2795 πράγματος,
764 2727 901 2798 (πῶς
928 2728 966 2799 ς)
995 2730 1105 2782 τῶν
1129 2729 1433 2799 προσώπων
1455 2728 1497 2779 δ’
1526 2728 1557 2797 ἡ
1588 2725 1778 2795 βλάϐη.

282 2816 523 2886 Ἐϐλαψε
559 2819 741 2889 ῥήτωρ
770 2820 1025 2883 πολλάκις
1054 2836 1138 2882 τις
1169 2822 1292 2882 τοὺς
1324 2820 1519 2889 νόμους
1543 2833 1557 2848 ·

277 2906 373 2975 Μὴ
399 2907 494 2959 καὶ⁵
527 2907 757 2978 κακίζῃς
780 2908 1056 2976 δεινότητα
1083 2909 1191 2962 τῶν
1225 2910 1416 2976 λόγων.

282 2997 495 3061 Ἄλλως
517 3013 578 3049 τε
610 3000 735 3060 τοὺς
763 2999 967 3061 κακοὺς
997 2999 1096 3069 μὲν
1118 2999 1193 3062 ὡς
1216 3000 1384 3062 κακὸς
1406 2996 1574 3053 σύνοι.

1575 265 1909 327 CARMINA
1950 266 2203 328 VAR‘IA.

1869 411 1915 469 Α
1956 381 2096 451 Ἐγὼ
2131 380 2177 435 δ’
2205 379 2423 451 ἀριθμῶ
2456 379 2577 442 τοὺς
2600 378 2799 442 καλοὺς
2821 375 2913 439 οῦς
2942 374 3037 469 καὶ
3063 372 3257 442 μόνους

3384 252 3494 319 982

1944 470 2073 527 Οἶδα
2098 471 2433 543 στρατηγοὺς
2454 470 2531 533 ὡς
2554 469 2770 539 ἔχοντας
2808 475 2907 538 τὴν
2940 466 3127 535 τέχνην
3145 479 3161 495 ·

1945 563 2055 617 Καὶ
2083 560 2373 632 μουσικοὺς
2402 558 2511 631 γὰρ
2536 560 2625 612 καὶ
2654 556 2989 629 κρατοῦντας
3017 555 3117 626 τὴν
3141 552 3326 624 λύραν,

1909 677 1912 680 ’
1944 653 2083 716 τοὺς
2102 648 2159 706 εὖ
2188 650 2245 703 δὲ
2275 649 2475 720 ταύτην
2501 648 2706 711 είδότας
2737 647 2964 717 κροῦσαι
3006 646 3185 717 μόνον,

1945 741 2055 794 Καὶ
2078 740 2205 804 τοὺς
2232 739 2467 801 διδόντας
2491 737 2581 791 τὸν
2612 736 2768 801 λόγον
2794 735 2903 789 τῶν
2939 737 3288 807 κρουμάτων,

1945 835 2055 888 Καὶ
2079 833 2156 904 μὴ
2193 833 2395 903 φέρωσι
2421 832 2605 902 χερσὶν
2633 822 2777 881 οὗτοι
2814 827 2909 899 τὴν
2936 826 3127 898 λύραν.

1956 926 2045 988 Ὠς
2074 925 2329 987 ίππικοὺς
2354 922 2429 988 δὲ,
2458 920 2824 991 γραμμικοὺς,
2858 918 3037 971 πᾶσαν
3076 919 3289 989 τέχνην,

1958 1013 2488 1085 ’Ᾱγαλματουργοὺς,
2518 1014 2797 1075 τέκτονας,
2830 1008 3124 1073 λιθοξόους,

1948 1105 2239 1169 Ἔκαστον,
2261 1098 2321 1158 οὗ
2332 1119 2431 1172 περ
2464 1101 2586 1171 ἔσχε
2610 1098 2708 1169 τὴν
2733 1098 2933 1166 γνῶσιν
2969 1096 3149 1165 μόνον.

1944 1196 2054 1248 Καὶ
2080 1192 2255 1247 ταῦτα
2286 1193 2385 1263 μὲν
2405 1191 2469 1263 δὴ
2495 1189 2616 1254 νοῦς
2644 1188 2888 1254 ἐτόξευσε
2918 1188 3111 1258 μάτην.

1943 1287 2156 1342 Μᾶλλον
2184 1286 2232 1338 δ’
2249 1286 2452 1347 ἐκεῖνος
2476 1282 2623 1349 edim
2637 1282 2839 1343 ώτατος
2868 1280 3047 1347 λόγος,

1955 1378 2044 1441 Ὦς
2076 1376 2236 1439 αὑτός
2264 1378 2378 1429 ἐστι
2408 1372 2666 1427 δεικνύων
2699 1374 2727 1425 ό
2758 1371 2847 1435 σδς
2881 1370 3057 1439 λόγος,

1945 1470 2035 1539 Μὴ
2058 1454 2441 1538 συμφερόντως
2470 1465 2582 1527 τοῖς
2610 1463 2780 1530 ξένοις
2811 1459 3145 1523 παιδεύσεως

1949 1561 2129 1631 Ἐχειν
2158 1557 2324 1611 tam»
2354 1573 2413 1609 τε
2443 1557 2537 1609 καὶ
2568 1552 2797 1623 στρατοῦ
2825 1552 2923 1615 τὰς
2946 1550 3123 1623 ἡνίας.

1944 1653 2006 1705 Εἰ
2034 1651 2141 1721 γὰρ
2163 1649 2505 1720 κρατούντων
2531 1646 2725 1711 τῶνδε,
2761 1646 2868 1699 πᾶν
2896 1643 3067 1697 δεινὸν
3092 1643 3303 1715 κρατεῖ,

1872 1752 1916 1807 Β
1943 1742 2119 1811 Μέθη,
2157 1740 2431 1810 τυραννὶς,
2464 1736 2729 1819 ἀρπαγαὶ,
2765 1735 2987 1804 σφαγαὶ,
3019 1732 3155 1804 βίαι,

1948 1827 2166 1898 Ἧττσι,
2203 1831 2429 1899 σφαγαὶ,
2459 1827 2759 1897 κάθειρξις,
2788 1825 3158 1895 αίχμαλωσίαι
3183 1839 3195 1868 ο

1943 1922 2135 1990 Δῆλον,
2168 1920 2512 1990 κρατούντων
2534 1918 2710 1969 τοῖσδε
2732 1914 2841 1968 τῶν
2869 1916 3150 1978 ἐναντίων,

1947 2010 2135 2080 Ἀρξει
2166 2009 2325 2061 καλὸν
2355 2009 2481 2072 πᾶν,
2508 1993 2822 2075 ἐγκράτεια,
2852 2004 3178 2073 χρηστότης,

1944 2102 2230 2171 Εὑανδρία,
2255 2100 2536 2170 φρόνησις,
2565 2096 2705 2167 ἀλκὴ
2738 2095 2875 2166 πρὸς
2900 2096 3114 2159 πόνους,

1943 2194 2142 2263 Τέχναι
2168 2192 2289 2245 κατ’
2317 2189 2545 2261 ἐχθρῶν,
2564 2188 2769 2252 τάξεων
2799 2184 3066 2252 εὐταξίαι,

1944 2286 2129 2348 Νῖκαι,
2160 2283 2417 2353 τρόπαια,
2443 2278 2588 2345 δόξα,
2626 2278 2906 2350 Ῥωμαίων
2933 2277 3153 2346 κράτοςο

1943 2372 2078 2425 Θεοῦ
2111 2374 2219 2442 πρὸ
2253 2373 2470 2425 πάντων
2498 2369 2753 2439 εὐμένεια
2776 2369 2886 2431 τοῖς
2914 2367 3077 2431 ὅλοις,

1950 2462 2046 2523 Ὃς
2080 2463 2173 2513 καὶ
2201 2459 2436 2529 σφραγίς
2472 2476 2561 2527 μοι
2597 2456 2760 2510 τῶνδε
2803 2454 2912 2509 τῶν
2948 2454 3330 2525 ψελλισμάτων

1948 2550 2117 2603 Ἐσω.
2149 2550 2230 2601 Τὰ
2253 2548 2298 2601 δ’
2328 2548 2462 2602 ἀλλα
2493 2548 2605 2609 τοῖς
2632 2545 2911 2613 σοφισταῖς
2939 2544 3201 2613 μελλέτω.

2402 2632 2679 2705 ρξα’-ρξβ’.
2706 2635 2807 2696 Είς
2827 2632 2891 2685 τὸ
2921 2634 3046 2700 ἔαρ.

1943 2728 2144 2799 Χριστὲ
2173 2725 2325 2790 ἄναξ,
2361 2726 2419 2789 ὃς
2444 2726 2541 2796 ἔαρ
2570 2724 2788 2778 θαλέθον
2814 2723 3156 2795 πολυήρατον
3187 2726 3310 2794 ἄρτι

1902 2868 1907 2871 ν
1956 2826 2050 2877 Ἐκ
2076 2820 2307 2890 ζοφεροῦ
2338 2820 2604 2888 χειμῶνος
2632 2818 2961 2887 ἀπηύγασας
2988 2818 3151 2887 ὥριον
3181 2820 3361 2882 ἄνθος.

1944 2910 2126 2962 Πάντα
2154 2910 2198 2961 δ’
2225 2908 2423 2977 ἀνῆκεν
2454 2905 2558 2959 ὑπὸ
2582 2904 2768 2973 χθονὸς
2795 2900 2882 2958 οἷά
2910 2922 2968 2957 τε
3002 2906 3211 2974 τύμϐου

1943 3000 2201 3071 Δεύτερον
2240 3001 2296 3061 ἐς
2325 2996 2590 3066 φαέθοντα
2610 2995 2946 3065 παλίμπνοος
2976 2996 3101 3067 ἄρτι
3133 2998 3379 3068 μολόντες
3401 3015 3419 3031 ο

276 3183 499 3238 quoque
541 3168 736 3221 multas
772 3168 1051 3225 meditaris
1103 3167 1157 3223 in
1199 3180 1382 3226 mente
1410 3171 1829 3229 demonstratio-
1856 3177 1901 3236 ϐ
1934 3172 2148 3242 pulsare
2181 3180 2391 3227 tantum
2428 3170 2643 3236 sciunt;
2676 3179 2731 3225 et
2768 3170 3032 3225 rationem
3062 3169 3316 3226 docentes
3337 3171 3498 3242 hujus

276 3260 413 3313 nes?
462 3257 808 3327 linguamque
860 3273 1081 3314 exerces
1132 3268 1290 3315 nocte
1339 3261 1534 3331 dieque
1580 3274 1714 3327 tota,
1778 3264 1835 3319 in

275 3350 482 3406 divinis
547 3350 859 3420 operibus?
910 3352 1155 3407 musicus
1224 3361 1405 3408 autem
1464 3356 1724 3423 exsistis,
1784 3366 1839 3411 et

278 3443 643 3513 rliytlunicam
681 3441 976 3497 exhibuisti
1019 3443 1385 3510 harmoniam,
1425 3447 1604 3502 verbis
1651 3448 1838 3516 explo-

276 3533 455 3586 rando
519 3532 832 3588 abscondita
888 3532 1153 3601 profunda
1208 3533 1297 3589 Dei
1362 3536 1567 3601 multa,
1637 3536 1840 3607 Deique

278 3622 692 3675 creaturarum?
761 3623 1037 3690 quomodo
1092 3624 1468 3697 composuisti,
1527 3625 1675 3679 velut
1722 3628 1838 3696 apis

276 3710 461 3764 mellis
500 3709 701 3773 favum,
732 3712 1198 3779 sapientissimum
1234 3714 1453 3780 librum,
1475 3730 1506 3768 e
1525 3730 1634 3784 quo
1656 3719 1835 3772 omnis

278 3798 534 3862 scientia,
560 3808 619 3852 ut
656 3797 822 3863 fonte,
846 3799 982 3863 ﬂuit,
1008 3800 1122 3866 Dei,
1153 3801 1471 3867 Cherubim,
1495 3785 1835 3872 angelorum,

277 3888 747 3959 archangelorum,
774 3891 1060 3959 spirituum
1089 3892 1355 3954 omnium,
1395 3892 1694 3949 visibilium
1729 3896 1839 3949 for-

278 3995 515 4043 marum,
566 3981 948 4045 mutationum,
1003 3980 1241 4045 virtutis,
1293 3982 1526 4051 peccati,
1584 3983 1836 4050 fortuna},

279 4072 504 4137 mentis,
547 4072 675 4127 vitae
715 4081 769 4127 et
826 4072 949 4128 finis
1000 4073 1333 4139 mortalium,
1366 4073 1529 4140 lucis,
1581 4076 1838 4131 tenebra-

281 4180 520 4234 rumque
561 4166 891 4230 daemonum,
941 4165 1278 4236 passionum,
1319 4166 1580 4241 miranda:
1626 4168 1692 4221 ad
1727 4178 1838 4223 ter-

278 4271 406 4311 ram
438 4255 649 4311 Domini
679 4256 916 4321 un‘ionis,
951 4267 1005 4310 et
1050 4256 1406 4311 immaculata:
1462 4256 1693 4327 Virginis
1722 4258 1837 4313 Ma-

279 4348 410 4412 tris,
439 4345 723 4402 ineﬂ’abilia
749 4348 951 4411 omnia,
974 4357 1028 4402 et
1080 4348 1259 4402 verbis
1306 4348 1497 4402 altiora
1522 4349 1545 4402 ?
1577 4350 1681 4404 Sed
1715 4352 1834 4405 vio-

278 4437 465 4490 lentiae
542 4450 685 4489 nunc
756 4436 1071 4490 bellatorum
1128 4444 1183 4491 et
1251 4438 1579 4501 ebrietates,
1636 4441 1835 4507 quibus

281 4523 608 4593 participare
654 4523 802 4577 dices
856 4525 1098 4579 honestis
1150 4518 1465 4581 indecorum
1511 4502 1668 4593 esse,
1700 4531 1831 4597 quid
1865 4502 1908 4555 θ

282 4614 407 4665 haec
437 4612 502 4664 ad
530 4611 689 4665 rem?
718 4609 848 4663 foris
878 4618 1006 4664 sunt
1045 4611 1253 4665 litterae.
1280 4612 1439 4666 Aliud
1473 4614 1653 4679 miles,
1687 4615 1833 4668 aliud

280 4702 513 4769 militia;
552 4703 640 4758 hic
661 4702 854 4772 aliquis
878 4703 1073 4767 malus,
1108 4702 1222 4758 hac
1260 4704 1461 4773 optima
1499 4716 1696 4759 natura
1728 4716 1830 4760 est.

281 4794 550 4849 Medicina
593 4795 884 4860 salutaris;
933 4808 1074 4863 saepe
1114 4803 1292 4848 autem
1333 4794 1531 4848 accidit
1564 4796 1831 4849 medicum

282 4886 611 4941 homicidam
661 4900 799 4947 esse,
835 4900 902 4940 ne
948 4893 1117 4939 artem
1181 4882 1550 4938 calumnieris.
1591 4884 1707 4938 Non
1752 4886 1830 4939 rei

281 4992 548 5043 unquam,
578 4977 671 5031 sed
716 4992 1066 5045 personarum
1106 4976 1259 5045 culpa
1287 4983 1384 5029 est.
1432 4973 1648 5043 lnfregit
1688 4976 1829 5043 leges

283 5056 487 5131 aliQuis
524 5066 705 5121 rhetor
736 5068 951 5136 saepius,
990 5083 1055 5122 ne
1105 5068 1323 5123 incuses
1369 5066 1684 5135 eloquentia:
1715 5083 1835 5135 per-

282 5153 642 5207 versitatem:
699 5156 851 5209 aliter
886 5157 1042 5212 malis
1098 5158 1313 5224 quidem
1370 5165 1622 5225 tanquam
1656 5157 1834 5211 malus

282 5228 757 5296 annumeraretur.
789 5244 899 5312 Ego
914 5254 1093 5301 autem
1117 5248 1289 5302 bonos
1340 5255 1549 5315 reputo,
1578 5261 1715 5315 quos
1744 5262 1834 5300 so-

286 5334 405 5385 lum
440 5331 722 5386 bellatores
747 5347 866 5387 esse
893 5336 1026 5399 scio,
1066 5346 1125 5391 ut
1160 5348 1326 5391 artem
1365 5354 1514 5391 suam
1546 5340 1835 5407 possiden-

280 5435 409 5485 tes;
445 5431 501 5475 et
550 5421 788 5476 musicos
825 5424 995 5490 lyram
1030 5429 1327 5495 pulsantes,
1386 5430 1478 5497 qui
1513 5431 1648 5487 bene
1699 5433 1839 5488 hanc

357 5574 404 5606 ³⁸
440 5550 726 5629 Corrector
749 5574 916 5643 πηγή.
992 5576 1037 5607 ⁵⁹
1070 5576 1197 5633 Erat
1222 5579 1489 5646 ἁργέλων.

1937 3263 2090 3326 artis,
2115 3261 2215 3316 etsi
2249 3276 2525 3331 nunquam
2552 3258 2804 3314 manibus
2837 3259 3011 3330 lyram
3051 3268 3309 3329 tangant;
3343 3261 3496 3316 simi—

1938 3353 2057 3409 liter
2091 3354 2321 3423 equites,
2346 3352 2661 3420 scriptores,
2685 3363 2876 3405 omnes
2900 3349 3154 3415 artiﬁces,
3182 3350 3493 3413 statuarios,

1938 3444 2275 3514 lignifahros,
2313 3444 2626 3513 lapidarius,
2652 3456 2946 3514 quemque,
2989 3441 3082 3511 qui
3112 3441 3244 3496 artis
3287 3448 3495 3497 tantum

1938 3536 2221 3591 scientiam
2253 3536 2432 3591 habet.
2467 3537 2532 3590 Et
2554 3539 2667 3593 hac
2700 3535 2917 3608 quidem
2946 3548 3079 3587 sane
3103 3547 3255 3586 mens
3294 3531 3495 3583 frustra

1939 3628 2153 3698 obiecit.
2212 3628 2397 3684 Potius
2428 3637 2510 3684 est
2569 3628 2673 3684 ista
2712 3625 3013 3697 justissima
3072 3623 3239 3686 ratio,
3271 3629 3331 3674 ut
3381 3621 3496 3689 ipse

1940 3728 2065 3774 tuus
2115 3731 2298 3774 sermo
2354 3720 2613 3783 ostendit,
2672 3732 2741 3774 ne
2802 3714 3191 3772 convenienter
3236 3709 3495 3765 doctrina:

1936 3812 2245 3879 expertibus
2279 3810 2687 3862 committantur
2744 3806 2985 3875 gentium
3046 3813 3100 3856 et
3156 3800 3494 3855 exercituum

1937 3898 2322 3969 gubernacula.
2354 3898 2413 3951 Si
2448 3898 2590 3951 enim
2627 3896 2713 3950 his
2738 3892 3154 3962 imperantibus,
3182 3904 3344 3944 omne
3370 3903 3491 3942 ma-

1937 3991 2048 4046 lum
2073 3991 2327 4059 imperat,
2354 3987 2609 4051 ebrietas,
2656 3984 2923 4055 tyrannis,
2952 3980 3245 4045 violentim,
3291 3978 3489 4040 cardes,

1936 4080 2286 4146 vastationes,
2320 4078 2524 4141 clades,
2552 4074 2931 4139 incarceratio,
2951 4070 3282 4143 captivitas;
3320 4076 3489 4139 patet,

1938 4173 2329 4245 imperantibus
2364 4172 2589 4228 istorum
2616 4166 2925 4232 contrariis,
2953 4165 3343 4235 imperaturum
3372 4174 3492 4217 esse

1938 4281 2100 4321 omne
2131 4266 2356 4329 bonum,
2412 4262 2844 4333 temperantiam,
2878 4257 3222 4329 probitatem,
3271 4252 3487 4307 fortitu-

1936 4358 2141 4419 dinem,
2174 4355 2537 4423 prudentiam,
2574 4352 2746 4406 robur
2782 4349 2847 4403 ad
2883 4348 3121 4407 labores,
3169 4350 3357 4397 contra
3384 4340 3485 4394 lto-

1938 4457 2046 4503 stes
2073 4444 2496 4515 peritiam,aciei
2521 4444 2716 4498 bonam
2748 4439 3177 4508 dispositionem,
3206 4430 3487 4492 victorias,

1938 4537 2259 4604 triumphos,
2295 4535 2545 4603 gloriam,
2596 4532 2966 4584 Romanorum
3020 4522 3326 4591 imperium,
3388 4517 3483 4571 Dei

1934 4634 2058 4679 ante
2090 4625 2195 4677 alia
2241 4624 2295 4675 in
2346 4636 2536 4675 omnes
2594 4615 3054 4675 benevolentiam;
3094 4611 3186 4679 qui
3222 4609 3484 4663 horumce

1931 4712 2233 4767 carminum
2283 4709 2491 4778 sigillus
2539 4706 2670 4760 mihi
2700 4706 2820 4760 erit.
2848 4704 3053 4757 Caetera
3083 4699 3345 4771 sophistis
3372 4713 3485 4755 ser-

1932 4810 2144 4856 ventur.

2472 4929 2726 4985 161-162.
2767 4928 2834 4983 In
2865 4944 2967 4983 ver.

2004 5066 2114 5120 Rex
2144 5067 2377 5131 Christe,
2403 5075 2456 5120 tu
2482 5082 2570 5121 ver
2596 5065 2840 5119 ﬂoridum
2869 5062 3011 5118 votis
3049 5067 3297 5113 vocatum
3323 5054 3482 5106 modo

1932 5177 1964 5217 e
2002 5162 2280 5217 tenebrosa
2336 5170 2651 5230 tempestate
2706 5158 2985 5227 splendere
3031 5149 3226 5210 fecisti,
3254 5148 3475 5213 conspi-

1933 5268 2093 5306 cuum
2118 5251 2323 5305 ﬂorem.
2344 5251 2535 5305 Omnia
2556 5265 2585 5304 e
2614 5259 2753 5303 terra
2779 5248 3099 5309 exsurgunt.
3134 5247 3191 5289 υι
3218 5252 3246 5290 C
3268 5236 3478 5289 ῑυηιῑιιο

1934 5345 2027 5412 qui
2079 5344 2144 5397 ad
2206 5342 2495 5397 secundam
2560 5341 2726 5392 vitam
2788 5333 2923 5387 redit
2968 5328 3262 5387 redivivus,
3312 5327 3474 5381 modo

1936 5443 2207 5501 crescunt;
2251 5433 2430 5489 omnia
2456 5434 2800 5490 exornantur,
2838 5430 2891 5475 ct
2919 5425 3109 5474 ornatu
3149 5416 3475 5471 floretmun-
