4120 6340
165 371 337 443 Πατὴρ
363 371 478 441 ἐρεῖ
499 387 579 425 σοι
611 371 803 438 ταῦτα,
827 372 1136 445 πρεσϐύτης
1160 373 1335 443 γέρων
1354 389 1369 406 ο

177 461 333 531 ’Δδὰμ
356 460 416 514 τὸ
443 462 660 531 πρῶτον
681 462 758 526 ὡς
788 463 1059 533 διέσπειρε
1088 463 1298 530 γόνους,

163 552 396 620 Ἐνιιμεν
419 550 566 621 ἔθνη,
591 551 685 606 καὶ
714 555 943 606 καθίστα
975 555 1095 615 τοὺς
1117 553 1272 622 ὄρους
1295 570 1309 582 ’

161 639 369 704 Ἀλλόυς
392 641 491 710 μιν
518 641 698 706 ἄλλοις
727 643 993 711 ἀγγέλοις,
1028 644 1341 706 ἐπιστάταις
1365 659 1379 674 ο

157 730 314 792 Αὐτὸς
343 730 388 781 δ’
425 730 604 803 ἐαυτῷ
640 732 839 803 κλῆρον
867 734 1046 800 εἴληχε
1083 733 1248 802 μόνῳ,

156 821 250 872 Τὸν
285 822 495 891 Ἰσραὴλ
524 825 828 893 σχοίνισμα,
857 825 982 885 τοὺς
1018 823 1349 892 Ἀὁραμίδαε
1371 839 1388 855 ο

168 909 453 981 Ὀφθαλμὺς
481 908 546 981 ἦν
574 912 846 981 ἄγρυπνος
885 911 1033 977 αὐτῷ
1060 912 1411 982 προσϐλέπων
1433 927 1449 942 ο

158 1001 329 1072 Πηγὴν
359 1003 585 1070 ῥέουσαν
609 1003 706 1073 τὴν
733 1004 955 1072 ἄνυδρον
992 1002 1223 1055 δεικνύει
1246 1019 1258 1032 ’

158 1090 516 1160 Παρεμσαλὼν
539 1092 766 1161 ἕστηκεν
796 1095 874 1155 εἰς
900 1094 1142 1163 φρουρὰν
1169 1093 1350 1160 κύκλῳ
1373 1109 1385 1120 ο

167 1182 249 1244 Ὦς
273 1181 506 1250 δμματός
530 1199 613 1244 τις
642 1183 934 1252 ἐξετήρησε
969 1183 1172 1252 κόρην⁹

166 1274 248 1334 Ὧς
271 1272 418 1334 ἀετὸς
437 1273 692 1342 πτέρυξιν
718 1269 777 1326 εὖ
805 1275 1149 1344 ὴπλωμὲναις

158 1363 390 1430 Συνεῖχεν
419 1363 636 1426 αὐτοὺς,
666 1359 777 1432 εἶχε
807 1366 898 1419 καὶ
925 1366 1274 1435 μεταφρὲνων

157 1452 383 1522 ’Υπερθε
421 1453 654 1523 χρυσῶν,
681 1455 754 1518 ὼς
785 1457 1031 1520 νεοσσοὺς
1059 1458 1245 1526 ἠγάπα
1272 1475 1285 1488 ·

167 1542 371 1606 Ἀνῆξεν
398 1545 475 1606 εἰς
503 1545 604 1614 γῆν
635 1547 813 1615 ἰσχύος
849 1547 1234 1618 πεπλησμένην
1259 1565 1273 1580 ο

157 1630 358 1682 Πολλῶν
383 1631 612 1702 ἔπλησεν
640 1633 840 1703 ἡδονῶν
862 1635 1052 1705 πικρὸν
1084 1635 1278 1704 στόμα.

159 1721 364 1774 Ἐλαιον
390 1721 678 1792 ἐξέῤῥευσε
713 1725 807 1777 καὶ
832 1725 952 1793 μέλι
988 1725 1191 1796 πέτρας
1215 1741 1229 1756 ⁸

155 1811 292 1862 Βοῶν
321 1813 476 1864 καλὸν
507 1812 754 1884 τύρωμα,
791 1814 1118 1885 θρεμμάτων
1143 1817 1304 1885 γάλα,

165 1903 375 1971 ’Λρνῶν,
401 1905 624 1974 ἐρίφων,
657 1908 818 1976 στέαρ
849 1909 913 1960 ἐκ
949 1909 1163 1977 μόσχων
1188 1910 1342 1963 νέων.

150 1987 292 2059 Αἷμα
318 1995 582 2063 σταφυλῆς
610 1996 725 2066 ἡδὺ,
755 1996 850 2049 τοῦ
877 1997 1046 2066 πυροῦ
1075 1999 1272 2068 κράτος

161 2085 246 2146 Ὠς
266 2085 448 2154 χόρτον
475 2081 638 2155 εἶχον,
677 2088 851 2140 πάντα
887 2090 1046 2142 πᾶσιν
1067 2087 1336 2158 ἐτρύφων.

154 2174 405 2240 Πλησθεὶς
449 2175 638 2229 Ἰακὼϐ
669 2177 973 2241 ἐξελάκτισε
1015 2177 1155 2248 μέγα
1183 2195 1197 2209 ·

164 2261 244 2325 Ὠς
275 2265 545 2335 εὐτραφής
574 2283 674 2329 τις,
707 2267 1013 2330 ὡςπλατύς
1034 2286 1091 2320 τε
1123 2269 1216 2322 καὶ
1251 2269 1447 2338 μέγας,

161 2353 243 2414 Ὠς
273 2354 442 2417 πῶλος
479 2355 652 2407 ἇττων
678 2356 769 2408 τοῦ
794 2356 926 2409 Θεοῦ
952 2358 1274 2428 παρετράπη
1304 2377 1316 2388 ’

154 2445 430 2512 Κρημνοὺς
466 2445 520 2496 δὲ
557 2447 646 2497 καὶ
677 2445 961 2513 φάραγγας
992 2441 1102 2516 εἶχε
1132 2449 1223 2500 καὶ
1249 2449 1449 2517 πέτρας
1474 2462 1488 2478 ’

157 2531 340 2583 Ἐθυσε
380 2536 610 2602 μικροῖς,
647 2535 746 2603 φεῦ
772 2537 784 2587 !
826 2536 984 2599 θεοῖς,
1013 2538 1104 2589 καὶ
1129 2539 1480 2606 προσφάτοις,

153 2620 295 2682 Θεοῖς
323 2621 645 2690 βδελυκτοίς,
672 2624 764 2687 οὓς
791 2625 1028 2693 ἔγνωσαν
1056 2627 1287 2681 οὐδέπω.

153 2711 326 2764 Λιπὼν
354 2713 415 2766 σὺ
447 2715 536 2767 τὸν
564 2717 787 2770 τεκόντα
823 2720 914 2770 καὶ
945 2718 1183 2784 σώζοντα
1214 2738 1271 2772 σε

153 2803 306 2866 Θεοὺς
329 2804 530 2868 ἐποίεις
560 2807 683 2869 τοὺς
710 2808 966 2873 τεκόντας
989 2811 1085 2880 τὴν
1114 2810 1338 2880 πλάνην.

153 2887 262 2945 Εἷδε
295 2895 352 2954 τὸ
381 2895 604 2965 φρικτὸν
633 2897 784 2966 ὄμμα
808 2900 902 2952 καὶ
935 2899 1087 2968 ζηλοῖ
1116 2902 1254 2968 μέγα
1275 2919 1287 2930 ·

152 2983 321 3054 Θυμοῦ
348 2987 625 3055 γεμισθέν,
663 2984 814 3041 εἶπεν
838 3006 851 3018 ·
899 2990 1307 3060 Ἑξαποστρέιιω

1433 267 1634 327 CARM
1647 267 1770 326 [NA
1799 267 2045 328 VARIA.

1714 386 1757 440 Α
1790 375 2080 444 Πρόσωπον
2113 374 2244 436 ἰδοὺ,
2277 376 2390 436 τοῖς
2422 370 2703 442 στραφεῖσι
2726 367 2824 432 τὰς
2851 365 3058 438 φρένας
3082 381 3096 396 ·

3245 257 3351 320 990

1801 464 1915 532 ιΙῦρ
1941 465 2287 526 ἐκκέκαυται,
2322 462 2489 532 θυμὸς
2520 464 2563 493 ¹⁶
2589 450 2733 532 ἤρθη
2769 459 2869 513 καὶ
2904 457 3079 529 φλέγει

1799 556 1910 610 Καὶ
1937 555 2038 624 γῆν
2061 554 2226 626 φάγῃ,
2254 553 2498 622 καρπούς
2524 569 2581 605 τε
2613 553 2706 606 καὶ
2736 550 2804 604 τὰ
2841 550 2943 620 γῆς
2984 547 3145 618 βάθη,

1797 646 1907 698 Καὶ
1931 647 2035 696 πᾶν
2068 644 2277 708 συνάξω
2302 643 2470 695 δεινὸν
2510 643 2588 705 εἰς
2622 641 2817 702 αὐτοὺς
2845 639 3040 708 τάχος·

1800 736 1915 790 Πᾶν
1943 733 2249 794 ἐκκενώσας
2275 733 2373 801 τῆς
2409 731 2686 801 φαρέτρας
2713 747 2817 799 μου
2850 728 3000 799 βέλος
3029 728 3070 758 η
3096 765 3112 790 ν

1798 826 1955 896 Λιμῷ
1977 827 2209 896 τακήσῃ.
2245 824 2443 894 βρῶσις
2472 823 2670 890 ὀρνέων
2700 821 2830 891 ἔσῃ·

1801 918 1958 979 Γένος
1987 917 2238 985 πονηρὸν,
2271 915 2475 984 πλῆρες
2508 913 2587 965 ἰοῦ
2617 913 2825 981 θηρίον,

1802 1010 2026 1075 Πικραῖς
2058 1006 2360 1075 τεμνόντων
2394 1003 2803 1072 συντελεσθεεσῃ
2831 1003 3029 1064 πάθαις
3062 1002 3126 1046 ¹¹ο

1805 1097 1980 1150 Στελῶ
2013 1099 2130 1149 κατ’
2158 1097 2333 1148 αὐτῶν
2363 1094 2532 1164 θῆρας
2577 1094 2970 1162 ἠγριωμένους,

1805 1190 1948 1253 Ἕξω
1978 1188 2268 1258 μαχαίρας,
2298 1189 2356 1239 ἐν
2385 1185 2628 1256 ταμείοις
2652 1185 2777 1246 τοὺς
2812 1184 3029 1252 φόδους,

1809 1281 1974 1351 Ὁμοῦ
1998 1281 2053 1332 δέ
2079 1281 2271 1343 πάντα,
2299 1259 2547 1348 π’ὰρθένῳ
2573 1277 2804 1339 νεανίας,

1799 1371 1906 1422 Καὶ
1937 1369 2032 1421 σὺν
2070 1367 2286 1436 γέροντι
2319 1364 2519 1435 μαστὸν
2546 1363 2700 1415 ἕλκον
2726 1362 2948 1415 παιδίον.

1799 1457 1988 1522 Εἶπον,
2023 1456 2314 1527 Διασπερῶ
2349 1473 2427 1519 σε,
2462 1455 2610 1522 θήσω
2631 1455 2929 1521 νωνύμους,

1798 1552 1860 1603 El
1887 1551 1961 1622 μὴ
1989 1549 2053 1602 δι’
2085 1547 2253 1620 ὀργὴν
2278 1547 2563 1620 βαρϐάρων
2595 1545 2974 1615 παραφρόνων,

1799 1641 2349 1712 Μακροχρονούντων,
2381 1640 2455 1711 μὴ
2485 1637 2875 1708 συνεκτρὶψωσί
2909 1652 2989 1700 σε,

1721 1731 1770 1789 Β
1799 1734 1906 1787 Καὶ
1937 1733 2281 1801 κομπάσωσι,
2310 1732 2402 1784 καὶ
2432 1731 2704 1798 λαλήσωσι
2740 1730 2879 1798 μέγα
2902 1743 2920 1758 ⁸

1811 1823 1995 1892 Ἠμῶν
2017 1822 2204 1890 ἔδρασε
2233 1820 2403 1875 ταῦτα
2440 1821 2577 1890 χεὶρ,
2609 1821 2668 1872 οὐ
2707 1820 2905 1887 Κυρίου
2932 1834 2945 1848 ο

1800 1911 1989 1973 Ἕονος
2025 1912 2132 1980 γὰρ
2171 1911 2340 1980 ἄφρον
2366 1909 2461 1961 καὶ
2487 1905 3068 1976 παρεκτετραμμὲνον·

1810 2003 2124 2070 Ἐσύστερον
2150 2002 2206 2053 δὲ
2228 2000 2398 2052 ταῦτα
2425 2000 2743 2066 γενήσονται
2789 1998 2929 2065 τάχα

1794 2086 2050 2149 Διὼξεται
2089 2089 2196 2156 γὰρ
2223 2080 2302 2147 εἷς
2338 2087 2495 2154 μόνος
2526 2084 2641 2143 πῶς
2672 2083 2897 2152 χιλίους,

1796 2180 1901 2231 Καὶ
1927 2178 2147 2248 μυρίους
2176 2175 2412 2228 κλινοῦσι
2445 2174 2557 2236 πῶς
2592 2175 2740 2243 μόνοι
2764 2172 2855 2224 δύο
2884 2188 2898 2235 ;

1795 2269 1858 2322 Εἰ
1890 2269 1963 2339 μὴ
1995 2269 2125 2331 Θεὸς
2155 2268 2436 2337 πέπρακεν
2467 2267 2665 2327 αὐτοὺς
2705 2265 2784 2327 εἰς
2824 2265 3034 2332 φθόνον,

1793 2360 1906 2414 Καὶ
1933 2360 2117 2428 χερσὶν
2149 2359 2410 2412 ἐκδέδωκε
2438 2360 2554 2420 ταῖς
2581 2356 2857 2409 ἐναντίων.

1792 2451 1919 2506 Θεοὶ
1953 2453 2060 2521 γὰρ
2097 2451 2272 2504 αὐτῶν
2298 2451 2447 2504 οὐδὲν
2476 2449 2581 2504 Ῑσοι
2621 2449 2697 2519 τῷ
2728 2449 2889 2518 μόνῳ.

1796 2545 2143 2613 Παραφρονῇ,
2175 2543 2438 2611 μέμηνας,
2470 2541 2594 2610 ἔθνη
2627 2541 2691 2592 τὰ
2723 2540 2868 2605 ξένα,

1792 2632 1889 2699 οἷς
1920 2634 2161 2704 ἄμπελος
2193 2635 2288 2702 μὲν
2319 2632 2564 2701 Σοδόμων
2596 2633 2689 2684 καὶ
2717 2633 3020 2701 Γομόρρας,

1793 2722 1968 2789 Χολῆς
1992 2721 2255 2790 σταφυλὴ,
2299 2721 2520 2790 πικρίας
2549 2721 2761 2788 πλήρης
2791 2718 3002 2788 βότρυς.

1793 2810 1971 2880 Θυμδς
1996 2811 2298 2879 δρακόντων
2330 2807 2514 2888 οἴνοςη
2531 2809 2604 2870 ἰὸς
2626 2808 2863 2860 ἀσπίδων

1792 2903 1866 2954 Οὐ
1907 2895 2256 2971 συμφορήσας
2286 2902 2592 2970 ἐσφράγισα
2619 2897 2790 2950 ταῦτά
2822 2913 2932 2966 μοι,

1791 2993 1898 3046 Καὶ
1931 2993 2104 3045 πάντα
2149 2994 2320 3044 κεῖται
2354 2990 2446 3042 νῦν
2469 2988 2976 3058 τεθησαυρισμένα;

151 3167 197 3211 et
223 3160 426 3214 intuere
450 3170 650 3230 quanta
679 3162 787 3216 tuis
813 3160 1040 3216 dederit.
1068 3160 1225 3216 Pater
1252 3163 1392 3216 dicet
1421 3165 1547 3220 illud
1575 3168 1688 3229 tibi,
1720 3170 1760 3225 C
1794 3176 1847 3220 et
1884 3165 2234 3227 inflammata,
2268 3172 2321 3217 et
2366 3172 2564 3216 terram
2603 3162 2898 3225 devoravit,
2950 3160 3264 3231 fluetusque
3295 3172 3349 3217 et

151 3251 290 3305 senio
316 3251 595 3306 confectus
630 3269 643 3306 :
679 3253 870 3306 Adami
902 3254 1132 3322 primum
1169 3263 1227 3308 ut
1257 3255 1693 3312 disseminaverit

153 3344 295 3408 filios,
338 3343 582 3398 diviserit
630 3353 850 3414 gentes,
899 3354 952 3400 et
1003 3345 1264 3400 terminos
1313 3348 1690 3414 constituerit;

152 3433 273 3488 alios
305 3433 521 3501 quidem
556 3433 676 3487 aliis
700 3433 904 3503 angelis
929 3434 1254 3502 presidibus
1276 3477 1288 3500 ,
1320 3436 1412 3490 sed
1448 3437 1562 3504 ipse
1591 3435 1692 3490 sibi

151 3524 436 3596 portionem
479 3525 579 3581 soli
626 3526 862 3581 servavit
905 3525 1120 3582 lsraelis
1157 3526 1490 3593 funiculum,
1524 3528 1696 3582 Abra—

155 3616 340 3670 midutn
369 3631 558 3687 genus.
582 3615 786 3672 Oculus
811 3617 910 3676 fuit
941 3619 1172 3688 vigilans
1198 3619 1322 3674 illos
1342 3620 1691 3685 custodiens;

153 3705 339 3758 fontem
406 3705 659 3760 ﬂuentem
725 3707 936 3768 aridum
1001 3708 1273 3772 ostendit;
1331 3709 1693 3763 circumduxit

152 3806 195 3849 et
231 3795 414 3848 statuit
444 3794 498 3848 in
534 3795 854 3858 cuswdiam,
886 3803 944 3862 ut
978 3796 1178 3864 aliquis
1220 3797 1512 3850 custodivit
1547 3799 1690 3852 oculi

151 3884 393 3952 pupillam
427 3901 443 3936 :
492 3891 550 3935 ut
595 3883 774 3950 aquila
807 3884 908 3943 alis
944 3885 1198 3951 expansis
1229 3887 1524 3954 assumpsit
1571 3902 1688 3951 eos,

151 3977 366 4044 tulitque
400 3990 564 4044 super
597 3989 795 4030 aureos
830 3974 1102 4038 humeros,
1143 3983 1200 4027 ιιι
1233 3975 1409 4043 pullos
1437 3978 1640 4029 amavit
1674 3995 1687 4030 :

151 4067 362 4120 adduxit
403 4081 497 4122 eos
549 4067 606 4121 in
649 4077 846 4121 terram
904 4066 1098 4121 robore
1154 4066 1457 4121 refertam:
1507 4068 1689 4124 multis

151 4159 376 4228 implevit
409 4159 620 4214 deliciis
650 4174 712 4213 os
738 4174 1005 4214 amarum.
1038 4157 1226 4213 Oleum
1259 4168 1312 4214 et
1346 4159 1448 4214 mel
1479 4175 1509 4214 e
1541 4171 1690 4229 petra

151 4253 352 4314 eduxit;
379 4251 633 4320 butyrum
665 4266 695 4304 e
723 4250 900 4305 vaccis
939 4251 1160 4314 bonum,
1192 4253 1276 4304 lac
1308 4266 1338 4305 e
1367 4251 1686 4320 pecudibus,

151 4357 202 4396 ex
232 4343 404 4410 agnis,
440 4343 700 4396 arietibus
729 4351 782 4396 et
817 4342 1016 4397 teneris
1042 4343 1226 4397 vitulis
1267 4344 1497 4412 adipem.
1547 4345 1686 4397 San-

150 4435 352 4499 guinem
389 4449 503 4485 uva:
531 4433 850 4497 jucundum,
894 4433 1051 4486 tritici
1084 4433 1370 4487 medullam
1415 4435 1467 4487 in
1499 4435 1678 4488 cibum

1795 3258 2018 3325 abyssos
2059 3267 2234 3318 terrae,
2263 3264 2316 3308 et
2344 3271 2504 3308 omne
2536 3257 2728 3307 malum
2764 3255 2814 3306 in
2849 3270 2942 3306 eos
2976 3255 3088 3325 rcito
3123 3269 3349 3323 congre-

1795 3350 1951 3416 gabo.
1987 3346 2212 3403 Omnem
2240 3348 2540 3420 exhausisti
2576 3347 2842 3415 pharetra:
2879 3324 3011 3422 mea:
3055 3347 3345 3413 sagittam;

1797 3440 1936 3495 fame
1965 3439 2324 3500 consumeris,
2357 3453 2480 3494 esca
2507 3439 2686 3491 avium
2730 3437 2858 3500 eris,
2889 3453 3056 3505 genus
3101 3452 3346 3506 pravum,

1796 3533 1950 3600 plena
1979 3544 2188 3586 veneno
2237 3530 2447 3594 bellua,
2487 3529 2698 3584 acerbis
2738 3528 3134 3581 vulnerantium
3172 3538 3351 3580 vasta-

1794 3621 1938 3676 beris
1978 3620 2191 3691 gladiis.
2223 3618 2429 3672 Mittam
2467 3620 2518 3672 in
2551 3633 2643 3672 eos
2682 3617 2885 3672 bestias
2911 3617 3181 3676 eﬂ‘eratas,
3221 3615 3352 3668 foe-is

1793 3725 1975 3771 enses,
2007 3712 2058 3762 in
2087 3708 2352 3764 cubiculis
2378 3717 2652 3770 terrores;
2685 3708 2952 3774 simulque
2976 3721 3097 3760 cum
3142 3706 3348 3773 virgine

1787 3801 2051 3866 juvenes,
2093 3814 2216 3852 cum
2270 3813 2398 3851 sene
2445 3800 2728 3851 lactentem
2784 3797 3064 3864 parvulum
3098 3807 3346 3848 vastave-

1793 3897 1938 3941 runt.
1976 3887 2116 3951 Dixi,
2141 3887 2456 3957 Dispergam
2497 3895 2568 3949 te,
2615 3887 2900 3954 inglorium
2934 3895 3189 3946 statuam,
3240 3884 3345 3939 nisi

1793 3987 2012 4047 propter
2047 3979 2182 4031 iram
2225 3977 2438 4031 barbari
2468 3978 2786 4045 insipientes
2809 3985 3102 4046 et_tetnpus
3138 3975 3342 4044 produ-

1794 4082 2012 4134 centes,
2060 4083 2167 4121 non
2220 4077 2271 4121 te
2309 4067 2712 4133 destruxerint,
2753 4076 2806 4120 et
2859 4065 3070 4134 gloriati
3130 4067 3238 4120 sint
3291 4071 3354 4118 et.

1792 4177 1986 4232 magna
2037 4161 2102 4215 de
2151 4176 2208 4216 se
2256 4160 2422 4214 locuti
2475 4160 2675 4213 fuerint
2729 4177 2741 4212 :
2799 4159 2995 4213 Nostra
3050 4158 3176 4213 fecit
3231 4159 3351 4213 haec

1792 4267 2005 4316 manus,
2045 4261 2097 4306 et
2122 4268 2225 4307 non
2259 4267 2453 4310 manus
2485 4251 2719 4305 Domini.
2749 4251 2893 4305 Gens
2924 4251 3069 4304 enim
3102 4251 3262 4304 stulta
3294 4259 3347 4304 et

1795 4359 2044 4413 perversa
2080 4353 2180 4398 est.
2225 4341 2283 4397 In
2339 4352 2612 4412 posterum
2651 4352 2829 4396 autem
2879 4342 2993 4396 haec
3039 4340 3169 4394 ﬂent
3217 4342 3344 4394 cito.

1799 4436 2080 4502 Quomodo
2125 4437 2266 4489 enim
2321 4445 2674 4502 persequetur
2722 4449 2862 4488 unus
2924 4433 3098 4494 mille,
3146 4440 3199 4484 et
3238 4432 3344 4483 duo

152 4523 469 4583 habuerunt,
520 4523 773 4575 omnibus
812 4525 984 4577 modis
1024 4525 1258 4578 deliciati
1293 4535 1438 4578 sunt.
1479 4527 1679 4594 ltnpin-
1711 4507 1760 4565 D
1788 4536 1994 4579 tantum
2039 4525 2222 4578 decem
2258 4524 2425 4576 millia
2477 4523 2781 4591 fugabuntt
2827 4521 2928 4574 nisi
2972 4521 3111 4572 Deus
3153 4520 3343 4570 vendi-

151 4621 328 4679 guatus
377 4611 541 4666 Jacob
595 4613 822 4665 multum
859 4614 1243 4678 recalcitravit,
1278 4616 1420 4668 velut
1461 4618 1680 4684 quidam

151 4702 486 4764 incrassattts,
519 4699 776 4753 dilatatus
805 4709 857 4752 et
883 4701 1146 4762 elevatus,
1178 4711 1235 4753 ut
1266 4717 1439 4768 equus
1470 4702 1682 4758 fervens

151 4807 171 4844 a
208 4792 317 4845 Deo
357 4805 580 4846 aversus
613 4799 714 4844 est.
752 4789 889 4843 Loca
928 4791 1151 4857 abrupta
1175 4830 1188 4851 ,
1228 4791 1411 4844 fauces
1439 4800 1491 4844 et
1524 4808 1680 4860 rupes

151 4883 353 4948 habuit;
389 4881 690 4936 immolavit
729 4883 945 4946 vilibus,
1006 4882 1149 4934 heu!
1199 4881 1300 4934 diis
1345 4890 1398 4934 et
1442 4881 1680 4935 recenti-

149 4973 234 5026 bus
263 5013 277 5036 ,
306 4973 408 5026 diis
445 4973 940 5043 contemptibilibus
979 4985 1115 5040 quos
1159 4984 1432 5038 nunquam
1483 4983 1680 5038 cogno-

149 5074 342 5117 verant.
376 5064 766 5133 Derelinquens
801 5080 924 5120 eum
959 5063 1048 5131 qui
1095 5073 1146 5117 te
1173 5063 1358 5132 genuit
1390 5070 1444 5115 et
1471 5062 1678 5115 salvum

151 5155 287 5218 fecit,
336 5154 464 5207 deos
515 5155 689 5210 fecisti
738 5157 832 5226 qui
885 5171 1123 5210 errorem
1166 5165 1478 5224 genuerant.
1537 5152 1682 5207 Vidit

150 5243 443 5299 tremendus
475 5245 666 5299 oculus
701 5255 755 5300 et
789 5247 961 5302 iratus
1003 5255 1086 5301 est
1129 5246 1314 5310 valde,
1350 5245 1534 5313 iraque
1564 5245 1678 5314 ple-

1786 4616 1952 4669 disset
1977 4629 2071 4668 eos
2095 4615 2146 4667 in
2185 4607 2496 4680 opprobria,
2532 4619 2586 4664 et
2615 4610 2864 4662 manibus
2907 4607 3220 4660 tradidisset
3249 4608 3343 4659 ad-

1784 4705 2164 4758 versariorum.
2195 4703 2276 4754 Dii
2297 4704 2438 4755 enim
2463 4715 2650 4754 eorum
2683 4715 2789 4752 non
2817 4701 2917 4752 soli
2954 4699 3061 4752 Deo
3084 4701 3340 4768 mquales.

1784 4793 2099 4860 lusipientes
2131 4792 2426 4852 furebatis,
2461 4790 2650 4843 alienat
2685 4800 2901 4857 gentes,
2945 4791 3142 4859 quibus
3188 4793 3342 4845 vinea

1781 4891 1897 4936 erat
1948 4881 2314 4933 Sodomorum
2350 4891 2403 4934 et
2435 4880 2774 4943 Gomorrhm,
2809 4897 2911 4935 uva
2955 4881 3112 4946 fellis,
3153 4884 3343 4935 hotrus

1785 4973 2141 5025 amaritudine
2192 4971 2406 5040 plenus,
2459 4971 2527 5026 fel
2574 4974 2869 5028 draconum
2923 4976 3146 5036 vinum,
3183 4991 3342 5027 vene-

1783 5079 1906 5115 num
1950 5064 2218 5132 aspidum.
2273 5063 2464 5119 Nonne
2499 5080 2801 5134 congerens
2857 5067 2954 5120 ista
3003 5066 3132 5117 mihi
3189 5064 3335 5115 obsi-

1781 5155 1958 5222 gnavi,
2000 5165 2054 5209 et
2086 5156 2268 5209 omnia
2297 5164 2516 5210 exstant
2553 5172 2694 5209 nunc
2727 5154 3130 5211 thesaurizata?
3166 5153 3214 5202 in
3254 5151 3340 5203 die

1781 5245 2002 5301 ultionis
2053 5247 2168 5301 haec
2222 5248 2454 5301 solvent.
2505 5246 2740 5315 Tempus
2790 5261 2954 5313 prope
3004 5253 3101 5298 est.
3147 5252 3339 5294 acutus

151 5353 236 5390 nus
266 5336 398 5389 dixit
430 5351 442 5386 :
477 5335 614 5389 Ecce
650 5337 837 5391 faciem
866 5348 1099 5392 avertam
1128 5340 1194 5393 ab
1222 5339 1304 5392 his
1339 5337 1431 5406 qui
1459 5353 1676 5392 aversas
1776 5345 1859 5390 est
1909 5337 2086 5401 ensis,
2143 5353 2328 5391 arcum
2372 5338 2609 5399 tetendi,
2669 5337 2719 5387 in
2763 5348 2927 5388 nervo
2982 5341 3065 5384 est
3117 5332 3332 5399 sagitta.

150 5425 333 5480 habent
371 5432 597 5477 mentes.
638 5423 781 5494 Ignis
825 5442 1120 5483 succensus
1165 5436 1280 5493 est,
1314 5428 1391 5482 ira
1426 5428 1565 5482 elata
1594 5435 1678 5482 est
1776 5426 2048 5482 Judicabit
2095 5442 2190 5482 eos
2228 5427 2524 5490 Dominus,
2559 5435 2614 5478 et
2668 5426 2840 5478 servis
2886 5424 3103 5478 oculum
3154 5425 3335 5492 propi-

208 5605 249 5636 ιο
279 5602 404 5671 ch.
442 5599 632 5668 Θυμός.
710 5600 746 5631 ¹¹
792 5601 879 5656 Sic
913 5618 1094 5673 supra,
1131 5606 1224 5661 sed
1253 5605 1307 5661 in
1343 5612 1488 5662 textu
1516 5605 1660 5677 λόγε.

1741 5609 1781 5640 ¹²
1806 5607 1928 5676 ch.
1967 5603 2360 5675 συντελεσθὴσῃ
2396 5605 2647 5670 σπάθαις.
