4120 6340
722 267 820 333 991
1627 277 1637 289 '
1958 269 2195 332 JOANN
2201 270 2270 330 IS
2305 270 2730 335 ϐΕΟΜΕΤΒιΕ

742 386 824 436 Ἐν
856 381 1036 452 ἡμέρᾳ
1059 381 1265 436 τίσουσι
1290 381 1456 437 ταῦτα
1478 383 1575 452 τῆς
1605 383 1778 452 δίκης.

739 472 795 524 '0
825 474 1007 540 καιρὸς
1038 475 1222 540 ἐγγυς,
1250 476 1502 544 ἡκόνηται
1539 476 1599 527 τδ
1624 473 1789 541 ξίφος,

730 562 803 613 Τὸ
830 561 978 624 τόξον
1005 563 1277 629 ὲντέτακα,
1400 566 1562 634 νευρᾷ
1594 564 1766 632 βέλος.

733 653 918 719 Κρινεῖ
945 653 1134 714 αὐτοὺς
1164 653 1382 724 Κύριος,
1414 655 1506 708 καὶ
1531 657 1639 718 τοῖς
1671 655 1893 725 λάτραι,

741 741 1040 812 Ὀφθαλμὸν
1073 746 1199 814 ἡδὺν
1227 744 1452 810 ἐμϐαλεῖ
1474 745 1814 814 πεφρικόσιν.

732 827 852 891 Εἴθε,
874 834 980 900 γὰρ
1001 834 1215 895 αὐτοὺς.
1243 834 1484 896 ἐκτόπως
1522 834 1886 904 παρειμένους

741 919 1204 990 Ἑξηπορημένους
1231 938 1289 974 τε
1319 923 1411 975 καὶ
1442 923 1753 984 λελοιπότας

738 1007 900 1070 Ἰδὼν,
925 1010 1121 1079 {quant
1140 1026 1153 1040 '
1189 1012 1254 1066 Ol
1284 1013 1393 1065 θεοὶ
1423 1014 1522 1065 ποῦ
1556 1014 1648 1065 καὶ
1681 1013 1825 1080 φίλοι

739 1098 851 1166 Ἐφ’
881 1096 961 1161 οἷς
1000 1102 1280 1171 ἐθάρρουν,
1321 1103 1692 1173 ἑξεκόμπαζον
1735 1103 1915 1172 μέγας

731 1181 828 1249 Ὧν
856 1188 1054 1241 Θυσιῶν
1087 1191 1145 1242 τὺ
1182 1192 1365 1260 στέαρ,
1399 1187 1471 1245 ὧν
1504 1193 1710 1245 σποδῶν
1750 1192 1903 1260 ῥύσιν

735 1279 827 1341 Είς
849 1281 1051 1348 πλῆρες
1083 1278 1226 1350 εἶχον
1264 1283 1360 1350 ἡδὺ
1391 1283 1585 1352 βρῶμα
1611 1286 1704 1336 καὶ
1737 1287 1889 1352 πόμα
1914 1300 1930 1315 ο

731 1366 887 1425 Οὗτοι
920 1374 1188 1443 γενέσθων
1229 1373 1502 1442 σύμμαχοι
1529 1375 1622 1426 κτλ.
1654 1375 1991 1443 προστάται⁶
2052 1407 2060 1413 -

733 1459 847 1511 Οὐκ
877 1459 1014 1518 ἔστι,
1042 1463 1234 1525 γνῶτε,
1269 1461 1401 1529 πλὴν
1427 1462 1560 1528 ἐμοῦ
1591 1461 1721 1523 Θεὸς
1765 1462 1948 1530 μόνο;’

735 1549 842 1600 Οὐκ
875 1550 986 1602 ἔστι
1017 1551 1116 1601 κᾶν
1144 1552 1387 1619 δραμητε
1422 1552 1526 1619 γῆν
1548 1568 1606 1603 τε
1631 1553 1725 1604 καὶ
1754 1552 1936 1606 πόλον.

744 1639 882 1705 Ἐγὼ
909 1640 1160 1709 τελευτῆς
1192 1641 1286 1694 καὶ¹
1313 1644 1476 1711 πνοῆς
1503 1645 1530 1695 ὁ
1550 1644 1749 1710 ταμίας
1775 1658 1788 1672 ⁸

746 1729 885 1797 Ἐγὼ
916 1732 1175 1784 πατάσσω
1197 1748 1210 1760 ·
1248 1734 1531 1803 φάρμακον
1559 1733 1612 1786 δὲ
1652 1735 1977 1804 τραυμάτων

747 1819 886 1887 Ἐγὼ
916 1822 1100 1891 τίθημι
1125 1843 1135 1853 ·
1161 1825 1242 1884 τίς
1280 1840 1335 1875 σε
1362 1825 1553 1892 χειρῶν
1584 1824 1751 1887 ἐξέλοι

747 1910 925 1977 Ἐμῶν
956 1914 1267 1980 κρατουσῶν
1300 1917 1419 1984 γῆς,
1453 1915 1613 1967 πόλου
1651 1916 1744 1967 καὶ
1769 1914 1876 1966 τῶν
1903 1913 2052 1967 κάτω
2077 1928 2096 1979 ;

739 2001 881 2068 Αίρω
911 2003 1042 2070 πρὸς
1079 2002 1208 2069 ὕψος
1234 2007 1408 2072 χεῖρα,
1438 2004 1593 2056 τοῦτο
1619 2005 1663 2056 δ’
1694 2004 1938 2074 ὀμνύωνι

739 2089 843 2154 Ζῶ,
878 2101 967 2143 καὶ
997 2093 1226 2161 χρονίςω
1256 2097 1500 2162 κρεῖττον
1529 2093 1742 2147 αἰώνων
1767 2094 1902 2148 ὅλων
1923 2111 1937 2126 ⁸

740 2183 857 2247 Ζωὴ
893 2184 948 2232 δὲ
973 2184 1171 2250 μᾶλλον
1203 2185 1295 2236 καὶ
1334 2187 1470 2255 πνοὴ
1497 2185 1714 2237 πάντων
1748 2186 1900 2252 ἔφυν.
2005 2175 2012 2181 ’

752 2271 917 2340 Ἐμὴν
947 2275 1213 2341 μάχαιραν
1249 2275 1533 2343 ἀστραπῆς
1563 2275 1697 2326 τιθῶ
1729 2274 1902 2342 φλόγα
1925 2287 1941 2304 ⁸

753 2360 1051 2424 ἈνθέξετΑ
1080 2363 1136 2414 δὲ
1169 2365 1285 2431 χεὶρ
1320 2364 1424 2433 ἐμὴ
1458 2366 1557 2416 τῶν
1590 2364 1908 2434 χριμάτωνο

747 2449 1045 2510 Καταξανῶ
1078 2451 1294 2516 μάστιξι
1325 2453 1449 2515 τοὺς
1474 2454 1812 2514 ἀποστάτας*

747 2537 880 2604 Βέλη
917 2537 1133 2604 μεθύσω
1166 2540 1274 2591 τῶν
1301 2539 1554 2609 βροτείων
1593 2532 1857 2611 αἱμάτων,

748 2633 856 2683 Καὶ
885 2633 979 2699 τὴν
1010 2634 1145 2702 ἐμὴν
1177 2635 1449 2704 μάχαιραν
1473 2637 1536 2687 ἐκ
1569 2635 1677 2688 τῶν
1715 2635 2000 2706 σωμάτων.

749 2721 903 2774 υῦτω
936 2726 1406 2794 στρατηγήσαντος
1435 2727 1559 2793 ἄρτι
1609 2726 1816 2797 Κυρίου

750 2812 951 2881 Σκιρτᾷ
977 2815 1072 2880 μὲν
1095 2815 1276 2885 αἰθὴρ,
1302 2816 1526 2884 οὐρανὸς
1551 2817 1647 2870 σὺν
1676 2816 1948 2886 ἀγγέλοις,

753 2908 860 2957 Καὶ
890 2912 1239 2975 προσκυνεῖτε
1272 2911 1313 2941 ¹³
1341 2911 1484 2962 πᾶσα
1514 2909 1588 2980 τῷ
1614 2911 1819 2982 Κτίστῃ
1850 2910 2054 2975 κτίσις’

757 2998 940 3065 Ἴίθνη.
970 2999 1191 3068 χάρητε,
1219 3000 1434 3070 κλῆρος,
1463 3002 1566 3053 υἱοὶ
1596 3000 1824 3071 Κυρίου.

1313 3091 1459 3159 ρξε’.
1497 3091 1616 3162 mi,
1655 3093 1729 3145 r'.

759 3169 848 3233 Ὦς
891 3175 934 3205 ⁸⁸
955 3177 1294 3248 ἀκρατύνθην
1329 3182 1515 3249 Κυρίῳ
1539 3182 1635 3248 τὴν
1661 3179 1907 3249 καρδίαν²

763 3313 894 3365 tium
936 3290 1181 3365 immitt'ct
1214 3316 1584 3368 trementibus.
1621 3316 1762 3370 Vidit
1791 3317 1934 3369 enim
1963 3330 2058 3371 eos
2089 3316 2310 3371 insolite
2412 3317 2558 3370 ullus
2603 3315 2861 3370 Dominus
2910 3324 3110 3384 praeter
3148 3325 3198 3369 te
3230 3316 3424 3380 solum,
3463 3316 3643 3370 nullus
3669 3318 3863 3384 justus,
3903 3326 3957 3372 ut

765 3400 1070 3454 (Ιωὺίιὶιηιυε
1093 3418 1105 3463 ;
1135 3403 1446 3469 desperatos
1472 3412 1525 3456 et
1545 3405 1855 3459 deﬁcientes
1882 3420 2111 3460 cernens
2133 3406 2269 3460 dixit
2297 3426 2310 3459 :

2299 389 2344 442 Α
2375 387 2551 458 "fiqu
2591 388 2758 457 κέρας
2787 402 2888 458 μου
2916 385 2990 456 τῷ
3009 385 3150 458 Θεῷ.
3174 383 3269 439 καὶ
3292 382 3353 438 τὺ
3383 380 3556 452 στόμα

2387 478 2798 548 Ἐξεπλατύνθη,
2830 478 2922 531 καὶ
2950 478 3070 531 κατ’
3092 474 3299 546 ἐχθρῶν
3331 475 3523 544 ἰσχύει.

2375 569 2487 623 Οὐκ
2509 568 2652 621 ἔστιν
2685 569 2854 630 οὐδεὶς
2878 567 3078 632 Κύριος
3109 561 3244 632 πλὴν
3279 562 3370 616 σοῦ
3399 562 3593 632 μόνου·

2375 652 2590 716 Δίκαιος
2624 653 2817 717 οὐδεὶς,
2848 653 2923 715 ὼς
2949 651 3013 704 σύ
3043 669 3133 721 μοι
3167 650 3297 712 Θεὸς
3331 650 3508 719 μόνος.

2376 739 2537 793 Ταῦτ’
2567 737 2659 794 οὖν
2686 743 2937 810 ὁρῶντες,
2965 741 3089 801 τοὺς
3118 739 3501 808 ὕπερκόμπους
3528 734 3724 805 λόγους

2389 828 2708 884 Ἐκκλινέτω
2729 831 2856 894 πᾶς,
2884 831 3016 900 μηδὲ
3046 827 3267 900 χειλέων
3290 828 3433 899 πρόῃ
3456 829 3526 892 ³³,

2378 920 2516 990 Μηδ⁹
2540 920 2701 988 ὄγκον
2721 921 2846 993 ἄρῃ,
2877 921 2948 989 μὴ
2984 921 3164 988 φρεσὶ,
3203 918 3275 988 μὴ
3304 918 3514 989 καρδίᾳ.

2380 1009 2509 1073 Θεὸς
2537 1012 2645 1078 γὰρ
2674 1006 2825 1072 οὗτος
2857 1010 3106 1076 γνώτεων
3131 1010 3158 1061 ό
3191 1006 3487 1075 Δεσπότης,

2381 1100 2577 1169 Τέχναι
2602 1101 2647 1154 δ’
2675 1099 2882 1167 ῑτοιμοι
2910 1101 2986 1168 τῷ
3013 1097 3319 1169 τεχνουργῷ
3345 1097 3455 1151 τῶν
3479 1096 3640 1153 ὅλων.

2383 1190 2546 1255 Τόξον
2572 1192 2843 1261 κραταιῶν
2870 1192 3164 1260 ἠσθένησεν
3200 1192 3277 1252 είς
3305 1189 3456 1252 τέλος
3475 1204 3491 1221 ·

2384 1277 2447 1330 Oi
2475 1275 2504 1329 δ
2550 1275 2899 1341 ἀσθενοῦντες
2926 1277 3248 1340 ζωννύονται
3281 1277 3341 1330 τδ
3368 1277 3588 1347 κράτος.

2385 1367 2570 1420 Τίκτει
2612 1366 2711 1437 μὲν
2735 1368 2874 1421 ἑπτὰ
2906 1368 3079 1425 κοιλία
3120 1369 3468 1439 στειρουμένη
3495 1381 3510 1396 ’

2389 1457 2554 1528 Ἀλλη
2579 1457 2623 1510 δ’
2648 1459 2890 1522 ἄτεκνος,
2913 1460 2946 1529 ὴ
2981 1462 3109 1531 πρὶν
3129 1460 3546 1530 εὑτεκνουμένη.

2387 1550 2650 1604 Πεινῶσιν
2686 1553 2882 1619 ἄρτων,
2908 1553 2956 1603 oi
2982 1551 3110 1620 πρὶν
3143 1551 3601 1623 ὶμπεπλησμένοι.

2389 1642 2760 1705 Πεινῶντεςοί
2792 1646 2942 1711 πρὶν,
2968 1647 3072 1713 γῆν
3098 1644 3351 1713 παρῆκαν
3390 1645 3454 1697 ὲκ
3486 1644 3672 1716 κόρου.

2318 1709 2360 1765 Β
2388 1731 2516 1792 Θεδς
2547 1733 2776 1801 χορηγὸς
2804 1709 2894 1785 καὶ
2917 1709 3286 1802 τελευτῆς-καὶ
3308 1735 3472 1804 πνοῆς
3500 1752 3516 1768 ⁶

2390 1821 2583 1874 nam;
2610 1822 2730 1874 καθ’
2761 1821 2911 1893 ᾅδου.
2943 1824 3078 1893 πρὸς
3115 1824 3174 1876 τὸ
3201 1825 3316 1893 φῶς
3342 1825 3489 1878 ἕλκει
3513 1825 3708 1880 πάλινο

2401 1910 2575 1980 ’Υψσῐ,
2604 1915 2864 1974 ταπεινοῖ.
2895 1915 3169 1984 πτωχίσας
3194 1916 3285 1968 καὶ
3311 1915 3601 1982 πλουτίσας
3620 1932 3636 1946 '

2246 2052 2252 2057 .
2330 2071 2333 2074 γ
2390 2002 2634 2073 Πένητας
2656 2005 2720 2057 ἐκ
2747 2005 2847 2073 γῆς
2882 2004 3135 2078 ὲξανιστᾷ
3165 2007 3430 2076 κοπρίας·

2394 2092 2646 2163 Πτωχοὺς
2669 2092 2891 2163 ἐγείρει,
2925 2094 3193 2157 κυκλικῶς
3219 2094 3394 2149 πάντα
3421 2096 3641 2167 στρέφει
3658 2115 3675 2132 ο

2392 2182 2610 2253 Θρόνοις
2638 2183 2910 2237 δυναστῶν
2944 2183 3220 2252 ἐγκαθίζει
3254 2187 3378 2250 τοὺς
3405 2189 3554 2241 κάτω
3575 2202 3595 2222 ο

2394 2274 2570 2343 Εὐχάς
2591 2291 2648 2327 τε
2673 2274 2869 2344 πληροῖ
2901 2277 2990 2328 καὶ
3017 2275 3238 2331 δικαίων
3263 2279 3385 2342 τοὺς
3415 2280 3642 2350 χρόνους

2407 2364 2735 2434 Ἐπευλογεῖ,
2759 2366 2966 2420 δίδωσιν
2994 2367 3299 2438 εὐετηρίαν.

2409 2453 2645 2525 ’Ῑσχυρὸς
2679 2456 2815 2525 ἀνὴρ
2845 2457 2942 2510 οὐκ
2964 2457 3199 2526 ἐνισχύει
3227 2457 3442 2512 σθένει·

2396 2545 2530 2608 Θεὸς
2557 2547 2613 2598 δὲ
2631 2546 2819 2621 τούτου
2848 2544 3119 2616 συμπατεῖ
3140 2549 3229 2601 τὸν
3259 2551 3546 2618 ένστάτην.

2401 2635 2602 2705 Μηδεὶς
2627 2637 2786 2706 φρεσὶ
2809 2635 2936 2702 γοῦν
2966 2637 3098 2706 μηδὲ
3130 2637 3338 2706 πλούτῳ
3369 2639 3443 2708 μὴ
3472 2639 3580 2709 βίᾳ,

2401 2725 2589 2794 Σοφός,
2624 2726 2902 2797 κραταιὸς,
2934 2725 3206 2792 πλούσιος,
3237 2715 3436 2781 σθένων
3462 2730 3625 2798 μέγα,

2401 2818 2559 2885 Μέγα
2581 2817 2845 2888 φρονείτω
2871 2831 2884 2844 ·
2915 2817 3090 2871 πάντα
3120 2819 3223 2888 ρετ,
3251 2819 3425 2882 πάντα
3452 2820 3675 2893 στρέφει
3693 2834 3709 2850 ·

2401 2907 2567 2971 Φόϐος
2599 2907 2753 2971 Θεοῦ,
2779 2905 2992 2976 βέϐαιον
3022 2908 3080 2959 ὲν
3108 2907 3207 2978 βίῳ
3242 2909 3399 2978 μόνον
3425 2926 3438 2940 ο

2329 3040 2375 3101 c
2406 2998 2516 3067 Τῆς
2545 2998 2742 3068 ἀρετῆς
2771 2999 2802 3067 ἠ
2833 2999 3022 3068 κτῆσις
3046 2999 3104 3050 οὑ
3137 2998 3354 3067 θνήσκει
3384 2999 3557 3071 χρόνῳ

2412 3088 2503 3148 Et;
2527 3086 2787 3154 οὐρανοὺς
2810 3086 3006 3154 ἀνῆλθε
3038 3087 3260 3158 Κύριος,
3283 3088 3487 3160 ’βροντᾷ
3519 3090 3682 3160 μέγα,

2423 3177 2514 3241 Ἐξ
2540 3177 2760 3247 ὑστέρου
2791 3176 2892 3244 γῆς
2919 3177 3061 3247 ἄκρα
3087 3179 3259 3249 κρήνη
3284 3179 3379 3232 σὺν
3402 3179 3545 3251 δίκῃ.

2414 3416 2469 3460 tu
2509 3406 2638 3460 mibi
2674 3405 2824 3459 solus
2853 3404 3017 3459 Deus.
3049 3403 3169 3457 llaec
3197 3405 3360 3473 igitur
3404 3414 3709 3470 cernentes,
3740 3407 3957 3475 quisque

770 3487 866 3540 Ubi
917 3496 1041 3541 sunt
1092 3489 1166 3542 dii
1216 3497 1270 3542 et
1326 3491 1482 3544 amici
1533 3491 1586 3544 in
1621 3492 1815 3560 quibus
1851 3484 2219 3557 conﬁdebant,
2264 3501 2318 3546 et
2415 3497 2677 3565 gloriosos
2721 3509 3001 3550 sermones
3038 3497 3198 3550 evitet
3235 3510 3410 3565 neque
3449 3511 3480 3549 e
3519 3495 3678 3552 labiis
3733 3498 3956 3559 educat,

769 3587 974 3630 tmtum
1018 3580 1434 3647 superbiebant?
1482 3596 1711 3650 quorum
1767 3583 2152 3638 sacriﬁciorum
2197 3583 2315 3638 adi-
2419 3592 2590 3655 neque
2624 3584 2840 3641 inﬂetur
2873 3594 3053 3639 mente
3089 3600 3261 3654 neque
3289 3586 3472 3640 corde.
3509 3584 3655 3641 Deus
3698 3586 3837 3640 enim
3868 3586 3960 3639 iste

775 3685 914 3737 pem,
939 3687 1165 3738 quorum
1190 3671 1502 3726 libationum
1528 3674 1709 3728 vinum
1738 3675 1790 3728 in
1815 3676 2031 3744 plenum
2057 3685 2110 3730 et
2126 3675 2320 3744 jncun-
2417 3678 2762 3733 scientiarum
2793 3675 3054 3732 Dominus
3075 3685 3189 3740 est;
3220 3686 3363 3731 artes
3391 3685 3569 3732 autem
3595 3677 3958 3731 universorum

773 3762 899 3815 dum
935 3763 1198 3817 habebant
1228 3765 1402 3818 cibum
1434 3774 1487 3820 et
1512 3776 1716 3835 potum.
1748 3766 1903 3821 Fiant
1933 3767 2007 3822 illi
2029 3768 2315 3822 auxiliato-
2417 3771 2610 3824 artiﬁci
2645 3780 2770 3825 sunt
2820 3783 3038 3837 paratae.
3080 3769 3275 3824 Arcum
3324 3768 3543 3823 fortium
3575 3768 3870 3824 debilitavit
3911 3766 3958 3820 in

772 3869 857 3906 res
882 3864 934 3907 et
964 3863 1325 3922 protectores;
1353 3871 1458 3910 non
1483 3865 1585 3923 est,
1611 3858 1826 3923 scitote,
1851 3867 2042 3929 praeter
2073 3874 2157 3915 me
2179 3858 2318 3913 Deus
2419 3864 2610 3924 linem,
2668 3860 2862 3914 intirmi
2918 3869 3097 3914 autem
3151 3861 3503 3930 accinguntur
3552 3860 3764 3915 robore.
3823 3857 3961 3912 Parit

769 3946 936 4010 alius;
971 3962 1075 3999 non
1111 3956 1212 4012 est,
1246 3950 1343 4001 etsi
1381 3951 1757 4017 percurreritis
1789 3959 1986 4005 terram
2019 3961 2072 4005 et
2092 3952 2311 4005 coelum.
2418 3955 2636 4022 quidem
2674 3961 2878 4021 septem
2912 3959 3099 4005 venter
3149 3951 3386 4013 sterilis,
3431 3951 3600 4004 altera
3640 3959 3818 4004 autem
3854 3945 3960 4005 sine

773 4039 880 4107 Ego
898 4041 1084 4093 mortis
1108 4047 1161 4092 et
1177 4039 1300 4092 vita:
1321 4039 1811 4110 dispensator;ego
1837 4042 2117 4109 percutio;
2146 4055 2320 4094 reme-
2420 4043 2604 4095 liberis
2625 4080 2639 4104 ,
2693 4055 2814 4106 quae
2865 4040 3012 4107 prius
3044 4039 3242 4092 multos
3274 4038 3551 4092 habuerat.
3603 4037 3802 4092 Panem
3842 4053 3960 4092 esu-

771 4131 917 4182 dium
946 4139 1124 4182 autem
1151 4131 1429 4182 vulnerum
1461 4145 1559 4197 ego
1586 4145 1746 4197 pono.
1768 4131 1901 4194 Quis
1930 4141 1981 4185 te
2009 4146 2039 4184 e
2072 4131 2321 4183 manibus
2425 4129 2569 4182 riunt
2618 4129 2710 4197 qui
2765 4129 2915 4196 prius
2957 4128 3158 4196 impleti
3213 4135 3397 4191 erant;
3446 4127 3538 4194 qui
3590 4137 3767 4180 autem
3823 4129 3962 4195 prius

777 4222 912 4274 meis
959 4231 1111 4272 eruet
1163 4227 1385 4277 terram.
1417 4219 1611 4271 caelum
1655 4229 1710 4271 et
1752 4218 1956 4273 inferos
2002 4219 2324 4272 continenti-
2423 4214 2746 4274 esuriebant,
2787 4222 2986 4266 terram
3019 4228 3126 4279 prae
3159 4212 3401 4267 satietate
3445 4214 3799 4282 reliquerunt.
3834 4215 3963 4269 Deus

778 4310 879 4361 bus
894 4308 922 4378 ?‘
948 4306 1160 4359 Levabo
1190 4306 1241 4358 in
1272 4307 1436 4358 altum
1469 4321 1710 4368 manum,
1737 4307 1867 4360 illud
1899 4307 2089 4374 jurans
2121 4326 2133 4362 :
2168 4307 2322 4371 Vivo,
2425 4317 2620 4371 praeses
2661 4311 2743 4356 est
2784 4301 2973 4354 mortis
2999 4308 3054 4353 et
3079 4299 3217 4362 vitae,
3255 4300 3320 4353 ad
3364 4299 3568 4354 inferos
3598 4301 3766 4364 ducit,
3798 4310 3853 4354 et
3879 4300 3987 4382 ite-_

778 4407 833 4450 et
872 4397 1008 4449 duro
1054 4395 1424 4467 magisquam
1464 4411 1653 4452 omnes
1690 4398 2053 4464 acternitates;
2089 4400 2195 4452 vita
2231 4415 2326 4453 au-
2429 4410 2547 4448 rum
2571 4394 2638 4448 ad
2675 4393 2848 4447 lucem
2876 4391 3086 4457 educit;
3120 4390 3343 4455 exaltat,
3383 4391 3648 4457 humiliat,
3687 4405 3962 4461 pauperem

783 4498 885 4540 tem
911 4489 1084 4555 potius
1111 4497 1158 4541 et
1184 4488 1361 4541 anima
1385 4488 1624 4543 omnium
1650 4490 1873 4545 exsisto.
1892 4491 2063 4546 Meum
2088 4492 2319 4560 gladium
2359 4486 2363 4490 ’
2430 4483 2557 4538 fac“
2609 4492 2663 4538 el
2711 4483 2866 4538 dilal.
2913 4483 3151 4552 Egellum
3200 4498 3229 4537 θ
3274 4482 3528 4539 εοΐάίὺιη
3575 4491 3729 4537 terra
3781 4483 3965 4544 elevat.

783 4588 841 4630 ut
868 4578 1132 4631 ﬂammam
1168 4579 1392 4647 fulguris
1422 4595 1636 4648 ponam,
1669 4579 1886 4650 arripiet
1923 4592 2102 4637 autem
2130 4598 2321 4637 manus
2349 4560 2400 4618 Ῐ)
2428 4590 2686 4644 pauperes
2744 4575 3001 4640 suscitat,
3038 4573 3340 4643 omniaque
3378 4574 3431 4627 in
3483 4572 3743 4628 circulum
3789 4585 3967 4643 gyrare

786 4683 899 4721 mea
944 4669 1160 4733 indicia,
1199 4652 1504 4745 dilacerabo
1543 4669 1763 4740 ﬂagellis
1805 4672 2051 4736 rebelles,
2097 4674 2322 4742 sagittas
2427 4665 2571 4734 (acii.
2612 4664 2918 4734 Principum
2965 4665 3171 4719 thronis
3211 4665 3441 4718 collocat
3471 4662 3744 4730 deiectos;
3795 4674 3968 4731 prece?)

787 4760 1063 4814 inebriubo
1111 4763 1409 4816 mortalium
1447 4765 1739 4831 sanguine,
1786 4773 1838 4817 et
1867 4764 2099 4833 gladium
2147 4780 2324 4819 meum
2428 4756 2644 4812 exaudit
2702 4767 2755 4811 et
2805 4757 3073 4826 iustorum
3127 4762 3366 4821 tempera
3424 4752 3724 4816 benedicil.
3785 4763 3842 4805 el
3890 4751 3969 4806 δεῖ

787 4849 1057 4901 carnibus.
1088 4848 1162 4901 Ita
1193 4851 1419 4905 bellante
1447 4855 1601 4907 modo
1641 4852 1885 4919 Domino,
1911 4855 2077 4909 aether
2110 4855 2324 4923 quidem
2429 4850 2856 4918 prosperitatem.
2894 4847 2984 4900 Vir
3019 4845 3274 4899 robustus
3301 4859 3407 4895 non
3445 4843 3498 4895 in
3530 4840 3849 4896 fortitudine
3892 4855 3970 4894 ro-

788 4937 1107 5000 exsultat,ct
1131 4937 1322 4991 caelum
1354 4955 1473 4992 cum
1505 4943 1706 5010 angelis
1743 4961 1755 4996 :
1790 4955 1844 4997 et
1874 4943 2113 5004 adorate,
2145 4958 2332 4997 omnes
2433 4939 2676 5004 hor-Itur;
2716 4937 2854 4993 Deus
2887 4945 3064 4996 autem
3099 4936 3243 4988 illius
3268 4933 3644 4987 adversarium
3671 4932 3968 4987 οοηθυλαι-

789 5036 1072 5090 creaturae,
1109 5026 1454 5103 Creatorem;
1487 5042 1690 5099 gentes,
1730 5032 2040 5096 hazreditas,
2081 5033 2172 5086 filii
2226 5034 2333 5087 Do-
2431 5030 2598 5087 Nemo
2637 5033 2795 5103 igitur
2827 5041 3024 5094 mente,
3068 5029 3292 5092 divitiis,
3332 5043 3435 5082 nec
3472 5027 3704 5092 viribus,
3747 5029 3971 5098 sapiens,

790 5117 1220 5187 mini,'gandetet
1451 5101 1454 5106 ’
1565 5182 1568 5184 γ
2437 5101 2863 5192 ροιυηεξόίνεε,
2901 5123 3125 5174 multum
3171 5119 3398 5187 pollens,
3435 5118 3746 5187 superbiat;
3811 5115 3975 5170 omnia

1277 5209 1395 5262 165.
1433 5209 1706 5267 Canticum
1747 5214 1833 5268 lll.
2437 5215 2637 5278 ﬂuunt,
2675 5215 2854 5269 omnia
2891 5221 3185 5265 mutantur.
3222 5211 3405 5265 Timor
3438 5211 3529 5264 Dei
3573 5209 3723 5265 solus
3752 5218 3841 5264 est
3871 5208 3975 5260 vita:

859 5300 1032 5364 Quam
1093 5299 1358 5352 firmatum
1409 5308 1491 5352 est
1538 5302 1587 5353 in
1639 5303 1864 5358 Domino
1900 5319 1992 5359 cor
2042 5319 2253 5367 meum,
2287 5315 2340 5356 et
2439 5305 2694 5367 firmitas;
2757 5301 2970 5355 virtutis
3004 5300 3274 5368 possessio
3319 5316 3422 5352 non
3466 5309 3708 5366 tempore
3748 5292 3975 5350 absumi-

798 5394 1092 5444 cxaliatum
1144 5403 1224 5444 est
1256 5407 1422 5444 cornu
1467 5406 1643 5446 meum
1698 5396 1749 5448 in
1784 5395 1927 5458 Deo,
1961 5406 2014 5450 et
2055 5396 2335 5450 dilatatum
2441 5406 2545 5449 tur.
2583 5395 2637 5448 lu
2675 5396 2868 5449 omium
2925 5392 3169 5445 ascendit
3214 5391 3494 5454 Dominus,
3537 5390 3764 5444 multum
3810 5392 3975 5444 tonat;

797 5491 880 5536 est
903 5497 963 5534 os
988 5497 1161 5534 meum
1198 5492 1248 5535 et
1277 5493 1462 5537 contra
1502 5482 1746 5538 inimicos
1778 5487 2056 5554 praevaluit
2079 5489 2090 5540 !
2116 5485 2230 5539 Non
2260 5495 2340 5539 est
2438 5502 2502 5539 ex
2537 5485 2793 5540 extremis
2835 5494 2990 5536 terrae
3024 5497 3270 5536 summus
3301 5482 3421 5535 fons
3462 5496 3586 5535 cum
3633 5478 3864 5541 ultione,
3903 5473 3978 5529 ille

882 5594 924 5627 “
955 5595 1079 5664 [σε.
1124 5597 1228 5651 vid.
1262 5599 1662 5668 προσκυνεῖται.
1743 5599 1785 5632 ”
1820 5600 1874 5656 In
1912 5618 2072 5672 marg.
2120 5604 2315 5664 ’Ἄννας
2356 5600 2509 5668 Σαμοη

1869 5622 1874 5655 ι
1912 5618 2072 5672 marg.
2120 5604 2315 5664 ’Ἄννας
2356 5600 2606 5670 Σαμουὴλ
2636 5599 2837 5672 μητρὸς
2861 5599 3223 5670 εὐχαριστίας.
3315 5600 3356 5630 ’⁵
3392 5598 3496 5653 Sic.
