4120 6340
161 336 269 400 993
374 395 382 401 .

160 443 331 512 Οὗτος
360 448 582 519 παρέξει
611 452 722 514 τοῖς
748 452 1005 522 κρατοῦσι
1038 450 1098 505 τὸ
1119 451 1339 522 κράτος.

162 540 347 611 Κόρας
370 541 428 594 δὲ
458 542 693 611 χριστῶν
718 541 944 613 οὐρανοῦ
978 543 1128 613 θήσει
1161 543 1342 614 μέχρι.

163 650 308 720 ρξςθ.
345 651 467 724 ᾮδὴ
497 650 569 708 Δ’.
593 681 662 694 -
692 654 802 709 Τοῦ
831 656 1133 709 Δεσπότου
1168 652 1474 722 σάρκωσιν
1510 655 1719 719 Ἀμσα-

794 724 943 793 κοὺμ
968 724 1103 792 ἔφη.

160 831 351 903 Φήμης
390 850 458 903 με
489 834 587 904 τῆς
619 838 718 907 σῆς
750 836 895 905 ἔσχε,
920 835 1124 905 Κύριε,
1155 836 1355 905 τρόμος
1377 848 1393 866 ⁶

164 922 384 990 Ἔργων
404 922 469 991 δὲ,
491 923 598 978 τῶν
624 926 731 978 σῶν
772 925 975 995 θάμϐος
1005 925 1261 994 ἑξέστησέ
1302 940 1402 994 με·

171 1010 259 1075 Ὠς
283 1014 522 1078 γνωστὸς
552 1017 683 1084 ἡμῖν
713 1018 768 1067 έν
798 1015 913 1068 δυσὶ
938 1017 1101 1079 ζωαῖς
1130 1015 1231 1088 ἔσῃ
1249 1031 1261 1045 ·

172 1102 263 1164 Ὠς
288 1104 530 1174 ἐκφανὴς
555 1104 611 1157 δὲ
633 1105 741 1158 τῶν
770 1106 973 1176 χρόνων
1002 1106 1087 1157 ἐπ’
1110 1108 1353 1177 ἐσχάτων
1382 1122 1397 1139 ·

164 1192 355 1263 Καιρῷ
378 1193 434 1245 δὲ
462 1193 694 1269 λάμψιις
724 1196 816 1248 καὶ
846 1195 995 1263 φόϐῳ
1024 1196 1350 1269 πεφρικότος

163 1282 357 1337 Οἴκτου
384 1284 449 1336 σὺ
477 1267 656 1359 μνήσῃ
688 1286 780 1340 καὶ
802 1267 1155 1361 καταστείλῃς
1182 1288 1296 1354 δέος
1321 1304 1337 1322 ο

171 1371 261 1434 Ὠς
292 1372 589 1444 ἑξανίσχεις
615 1376 718 1445 γῆς
748 1375 902 1447 ἑῴαξ
918 1362 1223 1449 φωσφόρος.

164 1463 314 1544 Λέων
343 1464 637 1538 καθώσπερ
658 1466 722 1532 ἒξ
748 1467 905 1538 ὅρους
931 1470 1250 1526 κατασκίου.

164 1553 270 1622 Σῆς
305 1554 501 1625 ἀρετῆς
530 1556 766 1629 ἔκρυψεν
795 1560 1054 1629 οὐρανοὺς
1089 1560 1289 1624 πλάτος
1319 1579 1333 1592 ·

168 1644 409 1717 Ἐπλησε
438 1647 595 1719 δόξης
625 1650 724 1720 τὴν
753 1651 879 1721 ὅλην
906 1654 1248 1723 οἰκουμένην,

166 1730 239 1790 Oi:
278 1737 477 1806 φέγγος
497 1739 573 1802 ὼς
608 1742 741 1809 φῶς,
777 1746 962 1813 χερσὶν
997 1745 1173 1814 ἰσχύος
1203 1748 1390 1816 κέρας,

161 1828 447 1895 Φὶλκτρον,
480 1834 761 1905 κραταιὸν,
788 1833 959 1899 οἶκτος
993 1838 1091 1891 οὐκ
1120 1839 1255 1907 ἔχων
1283 1839 1455 1908 πέρας
1476 1855 1494 1872 ο

164 1910 237 1969 Οὗ
268 1920 375 1991 πρὸ
402 1923 711 1993 προσώπων
741 1927 1129 1998 ἐκπορεὺσεται
1159 1929 1316 1996 φόνος
1342 1944 1357 1961 ο

169 2010 494 2087 Παιδευτικὴ
530 2018 791 2089 μάχαιρα,
830 2020 1077 2089 δίστομον
1101 2020 1271 2088 559:0;-

171 2102 391 2172 Ἔστης,
426 2107 652 2178 ὲπείσθη
689 2110 731 2140 ¹⁶
766 2110 929 2179 χθὼν,
970 2112 1197 2174 ὲπεῑδες,
1226 2112 1447 2180 τήκεται

171 2194 336 2263 Ἔονη
374 2200 611 2266 κραταιά
633 2216 645 2230 ·
681 2204 745 2270 τῇ
774 2202 862 2271 βία
891 2201 1148 2272 διεθρὺὀη

172 2285 332 2375 ἒΟρη,
367 2289 665 2375 πετρῶνεε
698 2291 997 2361 σκληρότης
1024 2292 1306 2361 διερῤἁγη.

172 2373 282 2436 Πᾶς
305 2376 539 2447 ἐπτοήθη
574 2373 817 2449 Μαδιάμ,
850 2382 955 2443 πᾶς
985 2382 1197 2448 Αἰθίοψ.

174 2465 309 2517 Καθ’
343 2467 548 2521 ὑδάτων
588 2470 850 2533 στείλειας
880 2472 1065 2541 ὀργήν.
1097 2472 1187 2544 Μὴ
1218 2473 1367 2542 σύγε,

174 2554 349 2624 Θυμδς
379 2556 435 2609 δὲ
461 2560 573 2621 τοῖς
600 2561 780 2630 ῥέουσι
810 2562 885 2633 μὴ
917 2562 1006 2624 σὸς
1034 2564 1284 2632 ἐμπέσοι,

174 2645 311 2715 Μηδ’
347 2647 407 2698 ὲν
429 2647 665 2719 θαλάσσῃ
702 2651 768 2720 σὴ
796 2654 1164 2723 παρόρμησις,
1187 2653 1381 2710 Μέδον.

178 2734 347 2806 Ἕσης
367 2736 451 2805 ἐφ’
480 2739 709 2805 ἵππους,
729 2742 936 2814 ίππάσῃ
965 2744 1237 2814 σωτηρίαν
1255 2760 1270 2777 ·

175 2825 355 2890 Τινεῖς
391 2827 452 2880 τὸ
473 2830 644 2894 τόξον,
671 2834 760 2886 καὶ
792 2834 929 2887 κατὰ
962 2837 1258 2907 σκήπτρων
1288 2837 1499 2907 Balari,"

183 2913 505 2987 Ῥαγὴσεται
534 2920 603 2992 γῆ
643 2924 895 2991 ναμάτων
921 2924 1242 2995 άειρῤύτων.

184 3005 320 3070 Ὡδὶς
343 3007 559 3063 ἐπέλθοι
590 3015 702 3075 τοῖς
733 3013 983 3081 βλέπουσι
1015 3013 1121 3085 σὴν
1140 3016 1299 3087 χάριν
1319 3032 1333 3048 ο

175 3095 280 3148 Καὶ
309 3102 662 3172 συνταράξεις
697 3105 903 3158 ὑδάτων
929 3105 1024 3169 τὰς
1046 3107 1382 3180 πλημμύρας
1402 3122 1417 3138 '

171 3186 353 3258 Φωνὴν
378 3190 612 3258 ἄϐυσσος
640 3190 795 3265 ἦρεν,
830 3196 1015 3267 ὑψώθη
1039 3196 1179 3268 μέγα
1198 3212 1211 3225 ·

171 3327 445 3393 praestabit
512 3330 856 3387 vincentibus
930 3334 1256 3403 imperium,
1306 3347 1477 3391 cornu
1546 3342 1724 3392 autem

173 3417 497 3474 christorutn
527 3438 696 3494 usque
724 3424 791 3479 ad
825 3426 1016 3481 coelum
1049 3428 1286 3483 extollet.

174 3528 293 3584 166.
332 3531 615 3591 Canticum
656 3538 742 3593 IV.
781 3569 845 3579 —
896 3540 1107 3594 Domini
1150 3542 1564 3597 incarnationem
1609 3539 1729 3597 Ha-

742 3610 901 3662 bacuc
938 3613 1165 3663 nuntiat.

244 3690 506 3759 Domine,
551 3696 841 3750 auditionis
891 3706 995 3751 tua:
1032 3707 1235 3751 tremor
1278 3714 1365 3753 me
1404 3697 1727 3768 occupavit;

177 3793 395 3849 operum
429 3790 611 3838 autem
646 3794 859 3839 tuorum
903 3795 1092 3854 stupor
1121 3802 1206 3841 me
1236 3786 1435 3850 aﬂ‘ecit,
1467 3790 1594 3854 quia
1625 3800 1728 3841 no-

177 3878 255 3923 tus
295 3871 453 3925 nobis
484 3872 537 3924 in
572 3874 787 3927 duobus
832 3875 954 3929 vitis
993 3875 1099 3929 eris
1130 3911 1144 3935 ,
1189 3874 1315 3942 quia
1373 3874 1638 3927 videberis
1672 3874 1727 3925 in

178 3961 509 4029 temporibus
551 3964 882 4018 novissimis.
929 3964 1190 4034 Tempore
1244 3974 1422 4019 autem
1473 3963 1725 4032 fulgebis,

177 4057 225 4102 et
252 4050 449 4104 timore
474 4055 753 4106 trementis
782 4052 962 4107 ﬂetum
995 4052 1369 4107 recordaberis
1391 4060 1443 4105 et
1476 4053 1724 4105 timorem

178 4140 408 4213 eximes;
462 4145 589 4213 quia
642 4144 902 4199 attolleris
931 4159 1093 4213 super
1142 4151 1343 4197 terram
1396 4123 1619 4197 orientis
1668 4150 1730 4197 ut

180 4231 287 4297 sol,
327 4246 383 4287 ct
416 4243 672 4303 tanquam
730 4236 811 4290 leo
858 4250 923 4290 cx
965 4236 1222 4289 umbroso
1256 4242 1458 4289 monte.
1500 4231 1730 4288 Virtutis

181 4330 277 4375 tum
313 4324 657 4379 immensitas
689 4326 854 4379 cados
890 4324 1196 4389 occultavit,
1231 4333 1357 4379 tuus
1386 4324 1637 4394 splendor
1673 4332 1730 4377 ut

181 4414 379 4481 lux,‘in
418 4417 665 4471 manibus
701 4418 912 4472 roboris
942 4433 1132 4481 cornu,
1168 4417 1491 4487 pretiosum,
1514 4423 1725 4486 potens,

181 4497 545 4561 misericordia
588 4522 693 4560 non
738 4509 942 4563 habens
993 4510 1245 4574 limitem;
1301 4520 1445 4563 tuam
1493 4517 1617 4562 ante
1648 4507 1728 4562 fa-

1450 342 1788 407 CARMINA
1819 323 2067 410 vitam.
2114 352 2118 356 ‘

1745 466 1789 522 Α
1832 460 1891 515 '0
1921 461 2095 531 φωτὸς
2125 461 2311 535 ἄρχων
2337 465 2416 529 ὡς
2437 465 2787 536 παρίππιυσε
2812 468 3016 525 κάτων

3264 364 3372 431 994
3408 388 3411 391 '

1829 552 1997 624 Ἕστη
2028 552 2165 623 πρὸς
2193 554 2367 624 αὐτὰς
2391 557 2426 628 η
2456 558 2650 629 σελήνη
2689 556 2785 612 τοῦ
2808 560 2995 616 πόλου.

1823 644 1898 715 Σὴ
1921 644 2014 698 καὶ
2045 644 2192 715 βολίς
2228 645 2366 714 φῶς,
2396 646 2680 718 ἀστραπῆς
2704 649 2759 701 δὲ
2793 650 2904 719 πῦρ
2936 652 3098 705 ὅπλον
3120 667 3135 683 ·

1822 734 1933 804 Γῆν
1963 734 2252 805 ὲξερημοῖς
2274 738 2394 799 σαῖς
2421 736 2689 803 ἀπειλαῖς,
2720 738 2796 809 σῷ
2826 741 2966 810 χόλῳ

1825 823 1994 895 Ἐθνη
2027 824 2289 890 κατάξαις
2313 841 2343 856 ⁸·
2362 822 2523 897 ἦλθες
2553 830 2632 892 είς
2661 833 2931 901 σωτηρίαν

1822 914 1967 969 Λαοῦ
1991 931 2052 968 τε
2074 916 2169 969 τοῦ
2198 915 2291 969 σοῦ
2314 916 2422 970 τῶν
2451 934 2507 969 τε
2537 917 2618 969 σοὶ
2650 920 3023 989 κεχρισμένων
3047 937 3063 954 ο

1822 1002 2044 1067 Βάλλεις
2066 1004 2187 1058 κατ’
2214 1005 2424 1076 ἐχθρῶν
2452 1006 2890 1077 δυσμενεστάτων
2927 1010 3109 1081 μόρον.

1822 1096 2051 1167 Δεσμοῖς
2084 1097 2408 1168 τραχήλους,
2450 1098 2753 1169 συντρίϐεις
2776 1101 2900 1164 τοὺς
2930 1101 3164 1170 αὐχένας
3184 1117 3199 1134 ο

1823 1186 2006 1259 Κέρας
2032 1188 2308 1242 δυναστῶν
2340 1186 2624 1259 ὲκτέμνεις
2658 1191 2715 1243 ὲν
2743 1191 2995 1244 ἐκστάσει
3018 1208 3033 1224 ο

1823 1279 1933 1333 Καὶ
1956 1280 2176 1351 σεισμὸς
2204 1281 2397 1343 αὐτοὺς
2422 1280 2648 1351 λήψεται
2672 1280 2769 1351 τῆς
2792 1282 3032 1350 καρδίας.

1823 1369 2121 1422 Χαυνοῦσιν
2147 1364 2233 1431 οἷα
2268 1370 2479 1441 πτωχὸς
2502 1371 2695 1425 ἐσθίων
2731 1372 2902 1441 λάθρα
2936 1385 2953 1401 ⁸

1824 1461 2055 1525 Ἵππους
2078 1461 2135 1514 δὲ
2156 1462 2282 1525 τοὺς
2309 1464 2434 1527 σοὺς
2456 1463 2733 1534 εὐδρομεῐν
2761 1464 2883 1518 καθ’
2911 1464 3115 1535 ὑδάτων

1826 1551 2073 1615 Δέδωκας
2097 1553 2262 1623 ὑγρὸν
2294 1554 2753 1624 συνταράττοντας
2783 1554 2961 1619 κύτος.

1827 1643 2216 1713 Κατεπλάγην,
2242 1643 2458 1714 ἔφριξα,
2488 1645 2579 1697 καὶ
2601 1645 2926 1715 συνεστάλην
2948 1662 2962 1675 ⁸

1831 1728 1925 1795 Οἷς
1958 1732 2237 1803 θεσπιῳδῶ
2267 1735 2361 1787 καὶ
2391 1734 2451 1787 τὸ
2481 1733 2671 1805 μέλλον
2704 1735 2993 1805 προϐλέπω
3014 1750 3029 1766 °

1755 1808 1796 1862 Β
1830 1820 2088 1895 Εἷσῆλθεν
2119 1825 2296 1877 αὑτῶν
2327 1824 2519 1895 μέχρις
2544 1825 2743 1877 ὀστέων
2772 1825 2968 1894 τρόμος
2988 1843 3002 1857 ·

1830 1912 2231 1983 Συνεκλονήθην
2256 1914 2347 1965 καὶ
2376 1913 2539 1982 βάθος
2569 1912 2667 1981 τῆς
2697 1912 2895 1981 ἰσχύος.

1828 2004 2149 2072 Χοαρήσομαι
2175 2002 2237 2055 τὸ
2272 2003 2509 2071 πνεῦμα,
2548 2002 2722 2072 καιρῷ
2750 2004 2858 2055 τῶν
2888 2004 3063 2058 πόνων

1828 2095 1921 2155 Εἰς
1942 2093 2067 2147 λαδν
2096 2092 2235 2146 ἔλθω
2260 2092 2359 2163 τῆς
2388 2094 2524 2161 ἐμῆς
2554 2093 2861 2163 παροικίας.

1828 2182 1905 2233 Δι’
1926 2174 1999 2234 ὦν
2022 2183 2160 2253 συκῆ
2189 2181 2414 2249 γλυκεῖα
2441 2182 2636 2251 καρπῷ
2666 2182 2739 2251 μὴ
2775 2182 2971 2251 βρίσει,

1827 2272 1965 2341 Μηδ⁹
1998 2274 2289 2343 εὐφορήσει
2319 2272 2512 2344 βότρυς
2546 2274 2604 2326 ἐν
2636 2277 2755 2337 ταῖς
2784 2274 3077 2343 ἀμπέλοιςο

1826 2360 2213 2433 Ψευσθήσομαι
2239 2362 2295 2415 δὲ
2321 2365 2439 2426 ταῖς
2464 2362 2671 2426 ἐλαίαις
2700 2362 3075 2433 προσὸλέπων,

1828 2454 1933 2506 Καὶ
1957 2454 2055 2521 τῆς
2087 2454 2324 2525 ἀρούρας
2353 2454 2552 2525 βρῶσις
2583 2455 2641 2507 οὑ
2667 2455 2863 2523 πλήσει
2888 2454 3097 2524 στόμασ
3170 2454 3173 2459 ”

1829 2544 1939 2594 Καὶ
1962 2544 2292 2614 θρεμμάτων
2318 2544 2378 2597 τδ
2402 2543 2602 2614 πλῆθος
2625 2544 2902 2597 ὲκλέλοιπέ
2933 2560 3021 2612 μοι

1824 2633 1984 2704 Λιμῷ
2013 2634 2305 2699 τακέντων,
2328 2635 2421 2688 καὶ
2442 2634 2579 2704 βοῶν
2605 2633 2731 2705 κενὴ
2758 2639 2958 2705 φάτνηο

1839 2724 1992 2793 Ἐμοὶ
2020 2722 2075 2776 δὲ
2104 2724 2231 2788 δόξα
2253 2723 2455 2796 Κύριος
2486 2725 2647 2795 χαρὰ,
2680 2725 2885 2788 σθένος,

1826 2813 1919 2875 Εἰς
1955 2814 2259 2866 συντέλειαν
2286 2815 2392 2868 τῶν
2416 2816 2590 2868 καλῶν
2611 2812 2820 2869 τάττων
2847 2814 3029 2880 πόδας,

1825 2904 2006 2968 Τιθεὶς
2028 2906 2163 2975 πρὸς
2190 2904 2323 2975 ὕψος
2347 2904 2485 2959 ὥστε
2510 2889 2664 2977 νικᾷν
2692 2907 2749 2959 ὲν
2776 2904 2947 2974 μέλει.

1828 3057 1937 3128 ρξζ⁷
1946 3095 1959 3111 .
1976 3058 2097 3129 ᾮδὴ
2123 3056 2272 3112 E'.-—
2287 3055 2535 3115 Ἡσαΐου
2551 3057 2779 3129 πρόρῤη
2786 3074 2904 3127 σις,
2923 3059 3072 3130 εὐχὴ
3086 3061 3151 3115 τό
3166 3066 3377 3121 πλέον.

1751 3190 1795 3247 α
1838 3194 1935 3248 Ἐκ
1960 3191 2153 3254 νυκτὸς
2182 3191 2355 3262 αὐγὴν
2378 3190 2483 3244 εἶδε
2512 3188 2613 3269 σὴν
2633 3188 2696 3244 τὺ
2716 3190 2932 3261 πνεῦμά
2962 3210 3061 3264 μου
3082 3208 3098 3227 ·

1826 3332 1990 3398 tavit;
2029 3332 2173 3386 stetit
2212 3333 2275 3385 ad
2308 3330 2652 3401 splendorem
2679 3334 2801 3402 ejus
2834 3332 2962 3387 luna
2994 3331 3138 3387 coeli.
3175 3332 3382 3404 Sagitta

1826 3432 1918 3478 tua
1959 3422 2071 3486 lux,
2114 3430 2166 3476 et
2198 3421 2430 3492 fulguris
2474 3423 2611 3493 ignis
2644 3422 2831 3478 telum.
2876 3422 3099 3477 Terram
3136 3424 3383 3478 devastes

1828 3514 1992 3570 minis
2026 3514 2150 3577 tuis,
2179 3514 2261 3569 ira
2291 3522 2379 3569 tua
2407 3524 2593 3585 gentes
2624 3514 2902 3585 percellas,
2932 3514 3121 3569 venisti
3154 3515 3205 3567 in
3232 3514 3383 3569 salu-

1829 3614 1933 3660 tem
1983 3604 2167 3675 populi
2230 3604 2309 3659 tui
2372 3612 2427 3660 ct
2480 3604 2810 3659 cbristorum
2880 3612 3134 3666 tuorum;
3195 3613 3381 3657 contra

1829 3692 2078 3748 inimicos
2118 3693 2386 3762 pessimos
2445 3701 2674 3748 mortem
2728 3692 2943 3758 misisti,
2999 3693 3137 3747 colla
3189 3693 3381 3759 vincis,

1827 3780 2063 3834 conteris
2096 3773 2361 3843 cervices,
2397 3781 2572 3848 capita
2608 3782 2910 3848 potentium
2956 3796 3171 3836 reseca;
3217 3783 3269 3835 iu
3298 3782 3381 3835 in-

1826 3882 1982 3932 rore;
2016 3877 2071 3921 et
2110 3870 2291 3922 cordis
2333 3869 2619 3936 trepidatio
2656 3870 2776 3922 illos
2820 3871 3127 3937 occupabit.
3177 3871 3380 3939 Super-

1827 3958 1982 4013 biunt
2033 3967 2091 4012 ut
2134 3974 2335 4028 pauper
2374 3960 2429 4011 in
2483 3959 2805 4013 abscondito
2844 3960 3150 4013 comedens.
3204 3962 3382 4028 Equos

1830 4058 2007 4102 autem
2042 4056 2161 4103 tuos
2189 4063 2411 4104 currere
2441 4058 2626 4103 contra
2654 4063 2826 4119 aquas
2854 4049 3060 4117 jnssisti
3102 4049 3381 4104 humidum

1828 4134 2204 4205 perturbantes
2248 4136 2483 4191 alveum.
2518 4135 2815 4192 Percussus
2858 4152 3000 4201 sum,
3050 4141 3376 4204 contremui,

1829 4237 1881 4282 et
1913 4226 2194 4297 obstupui,
2236 4242 2360 4281 cum
2402 4228 2626 4284 oraculo
2671 4228 2915 4285 futurum
2964 4230 3251 4299 praevideo.
3293 4230 3382 4301 In-

1832 4334 2048 4390 gressus
2088 4329 2174 4377 est
2220 4336 2389 4391 usque
2437 4322 2503 4375 ad
2550 4337 2674 4376 ossa
2719 4323 2831 4391 ipsa
2880 4330 3100 4387 tremor,
3151 4324 3386 4392 agitatus

1833 4429 1952 4470 sum
1995 4415 2187 4471 robore
2236 4417 2289 4470 in
2335 4416 2466 4471 imo.
2502 4416 2745 4471 Laztabor
2790 4416 3017 4484 spiritu,
3062 4416 3113 4468 in
3148 4424 3387 4482 tempore

1833 4505 2078 4560 laborum
2105 4506 2316 4560 intrabo
2345 4508 2398 4559 in
2430 4507 2684 4575 p0pnlum
2711 4522 2837 4560 mea;
2872 4506 3236 4559 habitationis.
3262 4504 3384 4558 ideo

182 4599 311 4651 ciem
359 4597 650 4671 ibitgmors
697 4602 971 4669 castigans
1016 4600 1259 4669 gladius,
1315 4599 1507 4667 duplex
1556 4599 1727 4653 ensis.
1764 4617 1807 4671 ι)
1834 4597 1967 4652 licus
2001 4598 2180 4651 suavis
2213 4596 2387 4651 fructu
2426 4612 2530 4650 non
2565 4597 2954 4659 incurvabitur,
2998 4611 3169 4663 neque
3212 4597 3386 4648 abun-

184 4685 421 4751 Stetisti,
480 4688 719 4742 obcdivit
771 4698 950 4754 terra;
1006 4690 1301 4758 aspexisti,
1362 4689 1734 4743 dissolvuntur

182 4788 359 4847 gentes
386 4788 651 4847 potentes.
686 4778 800 4834 Tua
832 4782 881 4834 vi
907 4780 1121 4834 contriti
1151 4789 1275 4835 sunt
1307 4788 1540 4845 montes,
1573 4795 1733 4834 saxo-

184 4886 294 4923 rum
326 4872 593 4939 asperitas
619 4872 886 4941 perfracta
914 4882 1015 4927 est.
1036 4872 1223 4926 Omnis
1248 4871 1529 4939 obstupuit
1553 4869 1728 4937 Moab,

182 4962 354 5015 omnis
385 4960 660 5030 £thiops.
691 4963 887 5016 Contra
922 4978 1088 5031 aquas
1118 4963 1251 5015 iram
1291 4960 1517 5026 misisti;
1548 4976 1615 5016 ne
1650 4970 1728 5027 tu,

184 5069 273 5106 nec
327 5054 478 5105 furor
516 5062 640 5107 tuus
669 5054 721 5125 in
764 5054 984 5106 ﬂumina
1043 5054 1231 5113 irruat,
1266 5067 1441 5119 neque
1484 5052 1537 5105 in
1583 5068 1730 5107 mare

186 5144 475 5211 indignatio
513 5152 626 5205 tua,
662 5158 693 5196 ο
719 5159 832 5197 rex.
868 5142 1045 5209 Equos
1077 5141 1461 5206 conscendisti,
1495 5141 1726 5195 salutem

186 5232 465 5285 advenisti.
504 5230 713 5285 'l‘endes
769 5246 987 5295 arcum,
1033 5239 1084 5283 et
1116 5237 1303 5281 contra
1339 5240 1551 5297 sceptra
1597 5230 1729 5282 diri-

191 5342 305 5395 gcs;
336 5325 606 5378 scinde-tur
631 5334 769 5376 terra
799 5322 969 5374 ﬂuviis
990 5336 1201 5389 semper
1227 5321 1539 5375 ﬂuentibus.
1570 5320 1732 5373 Dolor

190 5420 403 5472 invadat
440 5417 538 5468 hos
571 5415 660 5483 qui
696 5415 921 5483 gratiam
970 5424 1113 5465 tuam
1158 5412 1379 5475 vident;
1425 5419 1475 5465 et
1510 5423 1731 5464 contur-

190 5512 334 5564 hahis
360 5524 620 5578 aquarum
652 5508 877 5559 lluxtun.
910 5504 1106 5557 Vocem
1145 5504 1288 5556 dedit
1321 5505 1569 5572 ahyssus,
1602 5504 1738 5557 mul-

193 5611 294 5655 tum
337 5603 538 5655 elevata
572 5608 652 5652 est
681 5617 693 5663 ;
728 5600 817 5651 ubi
853 5598 985 5650 lucis
1020 5596 1271 5664 princeps
1304 5594 1553 5648 deorsum
1588 5594 1739 5663 equi-

194 5719 231 5751 “
258 5723 404 5778 Fcrs.
440 5720 651 5787 ἐπείσθη

1834 4691 1984 4747 dabit
2010 4692 2197 4751 botrus
2240 4691 2291 4742 in
2326 4690 2498 4743 vineis
2526 4704 2539 4753 ;
2572 4689 2817 4755 decipiar
2852 4688 3023 4741 olivos
3069 4687 3381 4754 inspiciens,

1832 4791 1885 4837 et
1933 4795 2185 4835 arvorum
2236 4794 2359 4833 esca
2414 4792 2516 4831 non
2567 4792 2628 4831 os
2683 4777 2965 4847 implebit;
3018 4786 3072 4831 et
3119 4779 3383 4845 pecudum

1835 4873 2119 4928 multitudo
2177 4870 2356 4925 deﬁcit
2411 4869 2541 4922 mihi
2604 4869 2741 4922 fame
2793 4877 3274 4938 consumptarnm,
3332 4877 3388 4924 et

1834 4966 1993 5019 boum
2038 4976 2270 5031 praesepe
2302 4974 2553 5013 vacuum.
2598 4959 2725 5013 Mihi
2758 4970 2934 5013 autem
2971 4959 3231 5014 Dominus
3270 4961 3386 5029 glo-

1832 5056 1933 5115 ria,
1982 5051 2271 5123 gaudium,
2325 5051 2513 5116 robur,
2574 5050 2627 5104 in
2689 5050 3068 5119 perfectionem
3123 5053 3383 5103 honorum

1837 5148 1998 5215 pedes
2047 5145 2370 5213 dislioncns,
2433 5143 2484 5195 in
2541 5143 2866 5197 sublimibus
2924 5151 3166 5196 statuens
3206 5145 3275 5191 ita
3328 5146 3386 5191 nt

1835 5239 2043 5291 vincam
2076 5239 2124 5289 in
2155 5237 2426 5290 cantibus.

1839 5396 1960 5448 167.
1993 5394 2273 5447 Canticum
2316 5392 2378 5447 ν.
2414 5423 2480 5433 ——
2526 5392 2685 5446 Isaia:
2714 5389 3016 5472 prophetia,
3066 5394 3111 5437 ct
3156 5385 3384 5448 plerum—

2450 5481 2541 5533 que
2584 5474 2773 5514 oratio.

1912 5596 1951 5648 Ε
1989 5606 2142 5651 nocte
2195 5596 2532 5664 splendorem
2587 5607 2731 5648 tuum
2780 5593 2905 5643 \idit
2945 5592 3164 5658 spiritus
3213 5606 3383 5649 uicus.
