4120 6340
220 356 324 423 997

915 524 1086 579 νέων.

227 647 319 710 Ὦς
345 641 658 714 εὐλογητὸς,
682 638 910 705 αίνετὸς,
935 636 1092 707 δόξης
1129 633 1310 704 γέμων

215 738 352 801 Θεὸς
382 735 652 802 πέφυκας,
683 734 712 787 ὀ
740 733 869 802 πρὶν
895 730 1079 800 ὀφθεὶς
1105 725 1364 795 πατράσι,

214 828 352 888 Θεὸς
377 825 657 897 κραταιὸς,
683 822 928 894 φρικτὸς,
961 817 1258 888 οἰκτίρμων
1291 814 1501 884 γέμων.

219 916 444 977 Δίκαιος
473 909 525 966 εί
552 912 621 966 τὰ
644 912 838 976 πάντα,
874 909 968 962 καὶ
992 908 1162 960 πᾶσαι
1190 903 1400 974 κρίσεις

212 1008 286 1058 Δί
326 1006 418 1058 σαὶ
442 1005 660 1067 δίκαιοι,
688 1003 838 1055 πάσα
867 998 912 1051 δ’
939 997 1122 1051 εὐθεῖα
1143 995 1347 1064 τρίϐος,

187 1095 330 1148 ’Καὶ
361 1092 736 1163 πᾶσαπράξις
765 1093 844 1153 είς
867 1087 1123 1157 ἀλήθειαν
1154 1087 1357 1156 βλέπει.

214 1187 330 1240 Καὶ
360 1185 536 1238 πάντα
560 1183 653 1236 νῦν
687 1179 892 1249 ὲπῆξας
922 1180 1052 1249 ἡμῖν
1085 1179 1180 1230 σὺν
1214 1177 1362 1248 δίκῃ»

228 1276 392 1346 Ἦμῐν
422 1291 482 1327 τε
511 1274 608 1327 καὶ
635 1269 728 1325 σοῦ
750 1272 816 1341 τῇ
846 1268 1116 1337 πανολδίῳ
1140 1266 1292 1319 πόλει
1311 1280 1324 1294 ·

213 1365 378 1417 Πόλει
413 1361 651 1432 κραταιᾷ
677 1359 946 1428 φιλτάτων
977 1374 1068 1410 σου
1093 1356 1331 1426 πατρίδι.

215 1451 426 1514 Πολλὰς
453 1450 611 1514 δίκας
647 1466 729 1503 σοι
757 1451 974 1518 τίνομεν
1005 1448 1048 1480 ⁸⁸
1081 1447 1470 1515 τολμημάτων,

224 1541 319 1605 Ὧς
351 1538 862 1611 έξαπεστράφημεν,
903 1537 976 1600 ὡς
999 1535 1300 1588 ἀποστάται

215 1629 508 1698 Ὠφθτιμεν
542 1629 606 1682 lx
630 1626 746 1692 σοῦ,
779 1627 904 1690 τοὺς
929 1625 1179 1687 τεθέντας
1209 1641 1292 1676 σοι
1310 1624 1507 1692 νόμους

216 1717 531 1780 Πατοῦντες
555 1717 656 1771 οὐκ
686 1717 932 1787 ιγνωμεν
950 1731 964 1745 ’
993 1715 1055 1767 ού
1090 1713 1524 1785 προσταγμάτων

211 1806 342 1859 Τῶν
374 1805 483 1860 σῶν
504 1805 947 1875 ιπιστράφημεν,
976 1802 1096 1856 οὐδὲ
1127 1800 1374 1871 καρδίαις

215 1894 648 1966 Κεκρυμμέναις
670 1891 980 1963 συνείδομεν
1006 1891 1074 1944 τά
1099 1889 1366 1961 πρακτέα.

211 1988 297 2040 Δι’
318 1979 394 2039 ὧν
423 1985 645 2048 δικαίως
683 1982 1032 2052 ὲξετόξευσας
1066 1980 1239 2051 βέλος.

215 2078 405 2130 ’Δπαν
433 2075 557 2131 καθ’
583 2074 756 2147 ἡμῶν,
789 2075 897 2129 πᾶν
921 2070 1126 2142 ἒπῆξας
1159 2068 1461 2140 σὺν’κρίσει
1484 2084 1498 2099 ·

218 2167 474 2227 Δέδωκας
513 2165 660 2235 ἡμᾶς
691 2163 847 2234 χερσὶ
872 2161 1327 2232 δυσμενεστάταις

229 2255 476 2325 Ἔχθρῶν
503 2254 767 2319 ἀπίστων,
803 2253 1070 2320 ἐκνόμων,
1104 2247 1438 2320 μιαιφόνωνο

213 2343 390 2412 Δεινῷ
421 2342 629 2413 βασιλεῖ
655 2343 748 2394 καὶ
771 2339 1244 2412 τυραννικωτάτῳ,

213 2435 460 2488 Νικῶντι
491 2435 668 2487 πᾶσαν
701 2433 758 2485 ὲν
793 2431 1026 2501 πονηρίᾳ
1052 2431 1218 2499 χθόνα
1244 2443 1259 2458 ⁸

213 2528 338 2580 Ούκ
358 2525 505 2578 ἔστιν
525 2526 656 2594 ἡμῖν
682 2522 773 2576 οὖν
802 2523 982 2591 διᾶραι
1014 2521 1073 2573 τὸ
1096 2519 1291 2588 στόμα,

214 2615 423 2684 Χλεύη,
453 2615 646 2682 γέλως,
673 2612 894 2676 ὄνειδος,
921 2609 1172 2680 αἰσχύνη,
1198 2609 1401 2681 κόπρος

219 2706 366 2758 [lict
396 2703 616 2765 δικαίως
659 2704 769 2764 σοῖς
796 2701 1138 2769 κατέστημεν
1166 2699 1408 2768 λάτραις.

216 2793 314 2860 Μὴ
339 2791 402 2862 δὴ
438 2789 693 2861 παραδῷς
718 2791 794 2853 είς
823 2787 974 2851 τέλος
998 2788 1289 2857 μαστιγίας
1313 2803 1327 2818 ο

221 2883 462 2952 Ὅρκους
489 2882 546 2934 δὲ
573 2883 698 2943 τοὺς
728 2880 854 2942 σοὺς
883 2876 1182 2948 σκορπίσῃς
1204 2880 1284 2938 είς
1317 2877 1472 2947 ἀέρα,

220 2968 420 3024 οῐκτόν
451 2987 513 3023 τε
533 2957 624 3022 τὸν
664 2969 755 3020 σὸν
780 2965 1148 3035 έξαποστὴσῃς
1172 2965 1326 3026 ὅλως.

217 3062 334 3130 Σὴν
365 3061 554 3130 κλῆσιν
583 3057 859 3126 αἰδέσθητι
879 3057 972 3109 καὶ
997 3055 1092 3125 τὴν
1121 3054 1217 3126 σὴν
1250 3054 1410 3124 φύσιν

217 3152 303 3205 Δι’
347 3150 626 3222 Ἁϐραάμ·
653 3149 713 3202 τὸ
735 3148 955 3218 φίλτρον
994 3145 1201 3208 Ἰσαὰκ,
1230 3145 1419 3215 λάτριν

222 3325 354 3385 169.
378 3325 674 3398 Canticuml
694 3322 1009 3448 Yth-7,1105
1033 3323 1282 3392 fornacis,
1321 3320 1478 3373 trium
1532 3320 1784 3390 juvenum

899 3409 1107 3448 umnns.

899 3409 1107 3465 ymnns.

294 3507 472 3574 Quam
498 3504 839 3571 benedictus,
867 3502 1173 3566 laudabilis,
1237 3501 1430 3572 plenus
1490 3481 1784 3568 gloria'es,

223 3593 393 3657 Deus,
425 3593 517 3663 qui
549 3592 698 3662 prius
720 3589 962 3661 patribus
991 3591 1136 3643 visus
1155 3603 1236 3654 es,
1265 3599 1452 3657 potens
1491 3583 1654 3649 Deus,
1675 3592 1784 3637 ter-

223 3683 425 3747 ribilis,
456 3681 952 3737 misericordiarum
989 3677 1402 3748 plenus.Justus
1434 3691 1492 3731 es
1531 3676 1582 3729 in
1611 3676 1788 3728 omni-

223 3773 356 3836 bus,
389 3780 442 3826 et
462 3754 663 3840 judicia
693 3779 786 3823 tua
809 3770 990 3822 omnia
1015 3769 1182 3836 jusla,
1218 3777 1270 3821 et
1303 3768 1480 3821 omnis
1510 3768 1593 3818 via
1618 3776 1783 3827 recta,

223 3872 282 3919 et
311 3876 471 3915 omne
488 3876 624 3929 opus
658 3859 709 3912 in
736 3860 1009 3913 veritatem
1033 3858 1304 3926 dirigitur.
1335 3857 1400 3908 Et
1431 3856 1610 3909 omnia
1643 3870 1786 3906 mmc

224 3953 390 4008 nobis
421 3952 676 4006 induxisti
708 3967 828 4005 cum
856 3950 1065 4017 justitia
1090 3967 1102 4013 ;
1126 3949 1281 4002 nobis
1306 3957 1357 4000 et
1380 3956 1482 3999 tua:
1503 3946 1786 3998 fortunatae

225 4043 436 4102 civitati
461 4061 476 4108 ;
501 4042 702 4097 civitati
743 4042 940 4111 potenti
989 4040 1306 4094 dilectarum
1333 4047 1544 4090 tuorum
1576 4036 1782 4103 patrire.

226 4135 429 4191 Multas
462 4148 648 4203 patrias
683 4131 776 4184 tibi
800 4131 1060 4184 solvimus
1119 4127 1442 4196 facinorum,
1495 4131 1618 4199 quia
1669 4146 1788 4198 pcr-

225 4228 377 4282 versi
411 4225 628 4290 fuimus,
667 4223 791 4292 quia
840 4223 1064 4278 rebelles
1097 4238 1126 4276 a
1159 4231 1210 4276 te
1261 4224 1602 4288 recessimus,
1647 4223 1789 4291 leges

228 4335 262 4374 a
309 4327 361 4372 te
385 4324 615 4372 statutas
665 4315 1047 4370 conculcantes
1117 4329 1224 4367 non
1281 4315 1635 4381 agnovimus;
1686 4330 1789 4367 non

229 4409 518 4482 praeceptis
554 4407 660 4462 tuis
686 4405 1197 4473 obtemperavimus,
1237 4421 1410 4476 neque
1433 4405 1611 4460 cordis
1661 4421 1781 4478 cum

232 4500 555 4556 abscondito
585 4499 889 4552 consentire
920 4511 1096 4565 opera:
1127 4497 1373 4551 fecimus.
1403 4497 1606 4551 Idcirco
1649 4498 1791 4566 juste

1437 400 1439 403 .
1505 341 1705 402 CARM
1719 341 1840 402 [NA
1880 340 2125 402 νΑιιιΑ.
2576 381 2582 387 .

221 467 356 539 pem
396 459 524 534 ᾯόὴ
557 438 1255 539 τ’..-Δρόσος’καμίνου,
1289 452 1405 505 τῶν
1425 448 1602 518 τριῶν
1621 444 1786 514 αἶνος
1815 457 1856 510 Α
1889 447 1985 539 Σὸν
2033 445 2260 539 Ἰσραὴλ,
2293 445 2489 516 τρὶς,ἠ
2523 445 2715 520 Τριάς,
2751 446 3008 515 πρέσϐεις
3040 445 3194 515 δέχου

3325 334 3464 398 998-

1889 530 1981 597 Οἷς
2018 535 2114 588 καὶ
2136 536 2433 604 προσεῖπας
2464 536 2688 605 σπέρμα
2714 535 2981 606 πληθῦναι
3015 536 3193 600 τόσον,

1888 623 2124 692 Ψάμμον
2151 622 2422 692 θαλάσσης
2452 620 2659 691 ὥσπερ,
2685 624 2860 694 ἄστρα
2893 624 2988 677 τοῦ
3014 624 3196 678 πόλου.

1886 715 1964 766 Δι’
1990 707 2084 776 ὧν,
2111 713 2356 777 Βασιλεῦ,
2398 713 2561 782 ἐσμὲν
2593 714 2952 785 ὴπορημένοι,

1797 880 1802 885 Ι
1888 804 2136 874 Σμικροὶ,
2166 805 2432 869 ταπεινοὶ,
2466 804 2770 873 δυστυχεῖς,
2816 804 3130 874 άπωσμένοι

1893 895 2117 955 Ἔθνους
2149 911 2207 946 τε
2237 895 2456 958 παντὸς,
2479 895 2580 963 γῆς
2609 894 2735 964 ὅλης
2764 894 3083 964 ὑϐρισμένοι

1890 983 2120 1046 Μάστιξι
2157 983 2394 1046 πολλαῖς,
2433 979 2517 1037 οἷα
2550 986 2668 1044 ταῖς
2699 985 2996 1053 ἁμαρτίαις
3021 999 3036 1014 '

1889 1077 2002 1127 Οὐκ
2029 1075 2173 1127 ἔστιν
2204 1074 2406 1145 ἄρχων,
2435 1075 2494 1127 ού
2538 1077 2841 1144 προφήτης,
2873 1074 2993 1126 οὐδέ
3023 1091 3106 1136 τις

1896 1165 2123 1234 Ποιμὴν,
2160 1164 2439 1234 δικαστὴς,
2478 1165 2678 1234 ἱερεὺς,
2711 1162 3116 1232 στρατηγέτης’

1889 1254 1964 1305 υύ
1999 1252 2241 1322 θυμίαμα
2268 1254 2552 1324 προσφορά
2581 1253 2674 1306 καὶ
2710 1254 2890 1316 θυσία,

1890 1343 1964 1394 υύ
2005 1346 2148 1407 ναὸς,
2180 1343 2298 1396 οὐδὲ
2329 1343 2530 1413 βωμὸς,
2561 1343 2698 1397 ὥστε
2722 1344 2814 1396 καὶ
2845 1342 3004 1395 θύσαι

1889 1433 2180 1502 Κάρπωμα
2208 1434 2416 1499 δεκτὸν,
2439 1435 2533 1486 καὶ
2560 1435 2687 1502 γόνυ
2715 1435 2890 1487 κλῖναι
2922 1433 3091 1500 κάτω,

1889 1525 1998 1576 Καὶ
2022 1525 2112 1576 τὸν
2141 1527 2231 1579 σὸν
2250 1523 2429 1578 οῖκτον
2457 1526 2679 1578 ἑλκύσαι
2715 1527 3044 1593 παραυτίκα.

1902 1617 2040 1668 Ἀλλ’
2065 1618 2185 1671 ἀντὶ
2209 1616 2417 1669 πολλῶν
2446 1616 2616 1670 ταῦτα
2651 1615 2903 1685 θυμάτων
2932 1615 3089 1684 δέχου

1890 1710 2080 1779 Ψυχὴν
2110 1708 2392 1777 ταπεινὴν,
2424 1708 2641 1777 πνεῦμα
2671 1708 3152 1775 συντετριμμένον,

1817 1777 1859 1832 Β
1889 1777 2078 1869 Πηγάς
2109 1798 2333 1868 ῥεούσας
2363 1798 2634 1868 δακρύων,
2668 1798 2727 1861 ἐξ
2751 1797 2999 1868 αἱμάτων

1887 1890 2116 1960 Ταύρων
2144 1891 2436 1960 καθώσπερ
2468 1890 2733 1960 μυριάδας
2760 1890 2851 1941 καὶ
2881 1889 3118 1960 τράγων,

1886 1982 2218 2049 Σκαίροντας
2247 1981 2463 2049 ἀρνοὺς,
2498 1979 2687 2040 πίονας
2719 1979 2952 2048 μόσχους
2985 1979 3140 2042 νέους
3163 1994 3181 2012 ο

1884 2067 2073 2128 Οὕτως
2101 2066 2230 2136 παρ’
2250 2065 2408 2134 ήμῶν
2437 2065 2534 2126 τὰς
2556 2066 2819 2135 άναίμους
2842 2067 3035 2128 θυσίας

1895 2157 1982 2218 Ὠς
2013 2155 2219 2226 τερπνά
2247 2155 2393 2224 δῶρα
2422 2155 2514 2208 καὶ
2538 2154 2693 2224 δέχου
2729 2155 2821 2207 καὶ
2844 2157 3164 2226 προσδέχου.

1883 2247 1958 2298 Οὐ
1991 2247 2099 2315 γὰρ
2127 2243 2359 2313 καλύψει
2391 2244 2450 2297 τὸ
2479 2245 2768 2313 πρόσωπον
2795 2245 3024 2315 αἰσχύνη

1884 2337 2005 2388 Τῶν
2038 2337 2120 2388 σοὶ
2149 2337 2208 2388 τὸ
2225 2335 2443 2415 ⁸θάρσος
2465 2334 2638 2386 εἰσαεὶ
2667 2333 3026 2402 τεθεικότωνᾼ

1887 2427 1997 2478 Καὶ
2021 2425 2117 2478 νῦν
2146 2424 2414 2493 ποθοῦμεν
2444 2423 2502 2486 ἐξ
2542 2424 2668 2491 ὅλης
2700 2439 2757 2475 σε
2790 2423 3017 2492 καρδίας

1887 2518 1997 2569 Καὶ
2022 2517 2320 2586 φρίσσομέν
2349 2532 2427 2578 σε,
2460 2516 2552 2566 καὶ
2577 2515 2702 2577 θέας
2731 2517 3026 2586 ἠρτημένοι

1883 2602 1995 2669 Τῆς
2025 2603 2122 2668 σῆς
2149 2602 2368 2654 ὄπισθεν
2395 2601 2582 2670 ὥσπερ
2605 2603 3061 2673 ἐκπεπληγμένοι,

1884 2693 2108 2761 Δριμεῖς
2137 2694 2359 2762 ἐρασταὶ
2384 2693 2468 2746 σοὶ
2500 2693 2710 2763 βοῶμεν
2741 2695 2804 2747 ὲκ
2843 2695 3036 2764 βάθους
3055 2711 3072 2726 ⁸

1893 2781 1983 2849 Μὴ
2009 2781 2074 2850 δὴ
2102 2781 2354 2851 παρόψει,
2387 2783 2460 2850 μὴ
2486 2782 2849 2854 καταισχύνῃς
2870 2785 3091 2854 λάτρεις,

1887 2870 2092 2939 Δράσον
2123 2870 2241 2940 μεθ’
2265 2872 2440 2941 ημῶν,
2472 2866 2557 2925 οἷα
2593 2875 2824 2943 χρηστὸς
2856 2876 2952 2944 τὴν
2987 2878 3164 2944 φύσιν,

1887 2962 2089 3030 Πρᾶος,
2121 2962 2423 3031 προσηνὴς,
2454 2961 2632 3027 ἵλεως,
2675 2965 2852 3017 οἴκτου
2891 2965 3098 3035 γέμων,

1887 3051 2205 3121 Θαυμαστὸς
2233 3051 2405 3121 ἰσχὺν,
2436 3053 2591 3119 δόξαν
2628 3056 3020 3123 ἠμφιεσμένος,

1811 3108 1853 3164 c
1888 3108 2412 3213 διετατραπείηττοῖς
2445 3108 2769 3214 κακούργοις
2793 3108 3002 3218 ὴιδίκη,

1888 3332 1921 3371 o
1951 3315 2209 3382 Trinitas,
2239 3317 2624 3373 intercessores
2681 3321 2886 3390 accipe,
2921 3323 3119 3392 quibus
3157 3326 3452 3395 promisisti

1891 3423 2071 3462 semen
2107 3409 2564 3477 multiplicandum
2600 3426 2720 3465 esse
2750 3427 3009 3480 quantum
3055 3431 3271 3470 arenam
3334 3437 3449 3472 ma-

1892 3501 2033 3554 riset
2060 3502 2398 3554 stellascmli.
2431 3502 2588 3567 Quia,
2628 3519 2659 3557 ο
2693 3521 2812 3569 rex,
2849 3509 3002 3574 egeni
3035 3524 3248 3574 sturnus,
3281 3513 3450 3580 parvi,

1895 3591 2144 3653 humiles,
2178 3593 2384 3656 miseri,
2419 3595 2627 3662 expulsi
2661 3595 2728 3648 ah
2755 3599 2900 3650 omni
2926 3609 3102 3667 gente,
3135 3609 3290 3654 terra:
3341 3605 3456 3654 uni-

1895 3695 2062 3736 versa:
2091 3683 2410 3750 opprobium
2445 3683 2568 3738 facti
2595 3686 2818 3754 ﬂagellis
2868 3688 2920 3741 in
2975 3690 3178 3751 multis,
3238 3703 3455 3759 propter

1895 3780 2131 3838 peccata.
2165 3771 2279 3823 Non
2321 3783 2402 3825 est
2429 3776 2677 3849 princeps
2717 3769 2890 3846 neque
2929 3781 3204 3847 propheta.
3242 3798 3345 3834 non
3372 3789 3455 3834 est

1896 3869 2098 3925 pastor,
2145 3860 2334 3926 judex,
2361 3863 2632 3925 sacerdos,
2664 3865 2768 3915 dux
2803 3868 3090 3927 exercitus,
3127 3884 3231 3920 non
3260 3879 3340 3921 est
3369 3871 3453 3922 in-

1896 3948 2356 4010 censum,oblatio
2391 3964 2485 4000 nec
2514 3951 2860 4014 sacriﬁcium,
2903 3971 3004 4006 non
3040 3957 3318 4023 templum,
3341 3975 3450 4011 non

1897 4041 2082 4104 altare,
2110 4040 2174 4092 ad
2203 4042 2613 4094 saettilicandum
2671 4043 2898 4096 hostiam
2951 4049 3356 4114 acceptabilem,
3397 4059 3451 4102 et

1900 4147 2034 4201 genu
2074 4130 2322 4184 deorsum
2385 4129 2725 4196 flet-tendum,
2776 4143 2828 4184 et
2867 4135 3239 4186 attrahendum
3302 4145 3448 4189 tuam

1895 4221 2320 4276 misericordiam
2349 4223 2398 4273 in
2421 4221 2800 4290 praesenti.Scd
2829 4239 2922 4292 pro
2949 4225 3130 4277 multis
3155 4226 3264 4278 hau:
3285 4229 3450 4279 sacri-

1899 4313 2031 4367 ficiis
2057 4314 2239 4382 accipe
2292 4316 2524 4365 animant
2558 4313 2835 4378 humilem,
2860 4315 3102 4381 Spiritum
3137 4317 3449 4380 contritum,

1898 4404 2072 4459 fontes
2121 4399 2477 4474 laet-ytnarum
2512 4418 2526 4455 :
2559 4405 2697 4457 sicut
2761 4406 2811 4457 in
2873 4407 3134 4473 sanguine
3178 4415 3452 4462 taurorum

1899 4498 2060 4549 millia
2081 4505 2133 4549 et
2164 4497 2458 4560 hircorum,
2486 4499 2744 4550 saltantes
2771 4512 2957 4565 agnos,
2999 4500 3220 4564 pingues
3271 4506 3323 4551 ct
3378 4511 3447 4552 te-

235 4593 347 4646 tela
376 4589 556 4642 omnia
605 4588 877 4642 immisisti
930 4595 1116 4641 contra
1152 4601 1270 4646 nos,
1330 4588 1507 4640 omnia
1541 4587 1794 4642 induxisti
1833 4584 1874 4638 Ι)
1906 4603 2064 4640 neros
2096 4589 2310 4649 vitulos,
2345 4588 2412 4639 ita
2439 4603 2467 4639 a
2493 4587 2972 4640 nobisincrnentas
3011 4590 3235 4649 hostias,
3289 4591 3450 4657 utju-

234 4696 364 4737 Cum
389 4679 620 4747 jnstitia.
668 4677 957 4731 Tradidisti
990 4691 1089 4731 nos
1113 4677 1361 4729 manibus
1422 4678 1667 4744 pessimis
1700 4678 1802 4730 ini-
1902 4680 2073 4731 cunda
2112 4677 2250 4728 dona
2286 4679 2466 4743 accipe
2491 4688 2543 4729 et
2573 4679 2925 4745 acceptabiles
2966 4679 3120 4729 habe.
3147 4676 3260 4730 Non
3309 4682 3450 4732 enim

235 4770 505 4825 micorum
585 4767 879 4821 infidelium
941 4767 1252 4834 iniquorum
1292 4803 1306 4827 ,
1357 4765 1745 4819 homicidarum
1786 4786 1798 4830 ;
1900 4767 2452 4820 occultabitconfusio
2494 4765 2686 4818 faciem
2733 4780 2920 4817 eorum
2967 4768 3056 4834 qui
3089 4771 3138 4818 in
3178 4777 3226 4820 te
3285 4770 3444 4820 robur

238 4857 356 4924 regi
385 4856 664 4908 tremendo
689 4863 741 4908 et
771 4854 1150 4922 injustissimo,
1179 4853 1412 4921 nequitia
1463 4864 1617 4907 terra:
1653 4858 1796 4909 omni
1898 4867 2221 4913 statuerunt.
2260 4855 2321 4908 Et
2363 4871 2504 4907 nunc
2528 4869 2774 4908 amamus
2799 4866 2847 4908 te
2877 4870 2939 4907 ex
3002 4858 3145 4907 omni
3191 4859 3350 4910 corde
3403 4872 3449 4912 ct

237 4955 553 5017 praestante.
584 4944 697 4998 Non
734 4945 857 5000 licet
879 4961 1007 5014 ergo
1072 4943 1228 4997 nobis
1254 4959 1314 4996 os
1348 4946 1554 5013 aperire
1585 4962 1598 5009 ;
1660 4945 1800 4998 deri-
1898 4949 2151 5001 timemus
2171 4957 2237 5009 te,
2273 4956 2324 4997 et
2353 4944 2659 5012 conspectui
2713 4954 2802 4997 tuo
2843 4945 3104 5000 htIEl'Cltlt‘S
3159 4957 3448 5001 retrorsum

241 5055 364 5103 sus,
393 5038 704 5102 ludibrium,
723 5037 1092 5106 opprobrium,
1118 5035 1386 5098 confusio,
1408 5035 1596 5091 sordes
1617 5038 1798 5090 omni-
1905 5039 2047 5092 velut
2069 5048 2285 5105 stupore
2317 5036 2579 5103 percussi,
2622 5036 2870 5091 ardentes
2897 5050 3166 5090 amatores
3203 5040 3293 5090 tibi
3344 5043 3440 5091 cla-

242 5134 351 5187 hus
371 5129 534 5197 iustis
566 5127 733 5180 servis
757 5128 860 5180 luis
893 5127 1161 5180 stetimus.
1189 5123 1263 5177 Ne
1292 5124 1452 5193 igitur
1500 5126 1677 5179 tradas
1707 5143 1801 5179 nos
1887 5146 2026 5184 mam
2043 5145 2100 5179 us
2129 5144 2157 5181 e
2181 5128 2484 5196 profundo:
2514 5126 2587 5180 Ne
2606 5109 2899 5197 despicias,
2931 5144 2995 5181 ne
3016 5130 3311 5180 confundas
3337 5145 3445 5179 ser-

241 5224 302 5278 in
335 5221 491 5274 linem
524 5217 897 5288 ﬂagellationis
931 5233 945 5280 ;
979 5230 1045 5268 ne
1097 5216 1324 5284 dissipes
1363 5216 1413 5268 in
1473 5231 1594 5268 aera
1649 5218 1801 5284 jura-
1901 5237 2014 5283 vos,
2051 5219 2131 5272 fac
2171 5219 2629 5282 nobiscum,sicut
2664 5228 2855 5271 natura
2915 5228 3245 5278 mansuetus,
3284 5217 3448 5282 mitis,

243 5322 436 5369 menta
471 5320 582 5372 tua,
643 5317 694 5362 et
729 5307 1158 5362 misericordiam
1199 5306 1420 5360 omnino
1451 5322 1517 5359 ne
1563 5308 1774 5361 auferas

1902 5312 2203 5376 indulgens,
2234 5311 2565 5370 misericors,
2606 5308 2964 5360 miserationis
2998 5308 3204 5372 plenus,
3251 5308 3443 5360 robore

244 5401 598 5461 lnvocatione
643 5409 732 5452 tua
780 5411 832 5452 et
868 5409 1058 5452 natura
1122 5408 1211 5452 tua
1262 5399 1650 5452 commovearis
1707 5416 1799 5467 per
1899 5401 2200 5462 mirandus,
2236 5399 2698 5466 gloriaindutus;
2744 5405 3083 5449 convcriatttr
3145 5398 3193 5446 in
3250 5397 3447 5447 malum

242 5497 545 5561 Abraham,
575 5493 824 5546 dilectum
852 5485 1018 5559 lSaac,
1047 5505 1260 5547 servum
1292 5500 1440 5545 tuum
1465 5488 1645 5555 Israel,
1666 5501 1793 5558 tres,
1896 5502 2174 5559 Operantes
2203 5491 2332 5543 ultio
2367 5499 2475 5552 tua,
2504 5487 2869 5543 confusionem
2893 5485 3155 5552 accipiant
3177 5486 3409 5539 audaces
3435 5500 3448 5548 ;

325 5671 370 5704 ¹⁸
406 5673 650 5726 niveum
682 5667 798 5725 cod.
