4120 6340
673 439 785 506 Τὴν
807 429 1073 502 ἐντροπὴν
1099 427 1311 506 λᾲϐοιεν
1347 425 1395 475 οἱ
1433 407 1735 488 τολμητίαι.

684 500 912 592 Δηψοιτο
933 522 1098 581 δεινὰ,
1121 504 1264 569 δεινὰ
1287 514 1409 574 τοὺς
1434 506 1819 578 εἰργασμένους
1846 500 1909 553 ¹⁹.

681 618 854 685 Λήψοι
883 613 940 666 τὸ
968 610 1252 680 πρόσωπον
1287 603 1464 655 αὐτῶν
1490 597 1715 666 αἰσχύνη
1739 610 1754 625 ο

684 709 866 773 Πὰσης
893 702 1104 754 πέσοιεν
1130 700 1193 750 ἐκ
1223 691 1549 769 δυναστικῆς
1581 688 1721 756 βίας,

685 795 790 846 Καὶ
815 789 1117 862 συντριϐείη
1149 787 1254 838 πᾶν
1284 785 1340 836 τὸ
1369 785 1462 851 τῆς
1489 779 1676 849 ῥώμης
1700 773 1913 844 κράτος.

608 881 613 899 ³
688 882 976 935 Γνώτωσαν
1013 879 1086 941 ὡς
1116 878 1178 930 σὺ
1215 874 1416 941 Κύριος
1443 871 1571 931 Θεὸς
1603 867 1778 936 μόνος,

688 973 811 1034 Θεὸς
843 968 1117 1040 κραταιὸς,
1146 966 1246 1034 γῆς
1271 963 1396 1030 ὅλης
1422 958 1576 1028 δόξης
1602 957 1737 1017 ὅλος.

689 1066 747 1114 Οί
779 1064 926 1131 τρεῖς
959 1060 1058 1128 μὲν
1090 1057 1260 1118 οὓτως
1289 1050 1530 1110 εὐσεϐεῖς
1557 1045 1780 1099 νεανίαι.

691 1152 750 1204 Ol
781 1150 826 1202 δ’
857 1153 879 1200 ὲ
891 1146 1187 1218 μϐαλόντες
1217 1145 1296 1204 είς
1328 1138 1554 1218 κάμινον
1584 1136 1706 1196 τοὺς
1732 1133 1901 1196 νέους,

692 1209 977 1297 Βάλλοντες
1005 1237 1102 1288 οὐκ
1132 1232 1343 1284 ἔλειπον
1369 1209 1561 1294 οἷσπερ
1589 1223 1686 1292 τὴν
1723 1221 1893 1290 φλόγα

692 1332 779 1392 Εἰς
811 1328 939 1396 ὕψος
969 1322 1123 1395 ἦρον,
1157 1325 1383 1381 ὲπτακις
1421 1313 1821 1384 πυργουμένην.

700 1416 789 1482 Ἐξ
815 1414 950 1468 ἑπτὰ
981 1410 1168 1480 πηχῶν
1193 1408 1392 1477 ἐὸρεμε
1420 1404 1477 1456 τὸ
1501 1402 1611 1470 πῦρ
1641 1401 1802 1468 μέγα,

632 1495 648 1505 ’
705 1505 770 1557 Ἦ
802 1504 932 1571 φλὸξ
963 1502 1156 1570 ἐχεῖτο,
1181 1497 1277 1550 καὶ
1297 1496 1538 1565 διέτρεχε
1566 1490 1768 1557 κύκλῳ.

693 1594 883 1660 Φλέγσι
909 1590 966 1643 δὲ
996 1588 1198 1648 πάντας
1227 1584 1413 1653 ὥσπερ
1445 1575 1570 1651 εὗρε
1600 1577 1694 1630 καλ⁵
1723 1573 1926 1642 κύκλῳ³

696 1679 878 1735 Δεινοῦ
906 1676 1168 1747 τυράννου
1197 1673 1424 1741 δημίους
1457 1667 1729 1738 ὑπηρέτας
1752 1679 1767 1694 ⁶

697 1769 806 1821 Καὶ
834 1765 1175 1834 ’συγκατῆλθε
1203 1762 1294 1816 τοῦ
1328 1759 1461 1814 Θεοῦ
1484 1756 1868 1827 παραστάτηςο

699 1854 862 1920 υύτος
893 1840 1108 1926 ῥαπίζει
1146 1854 1244 1924 τὴν
1272 1851 1499 1921 κάμινον
1538 1845 1793 1900 κυκλόθεν

699 1948 940 2016 Φαιδρὸς,
974 1947 1171 2014 ριφείσι
1196 1944 1306 2004 τοῖς
1333 1941 1470 2001 νέοις
1499 1938 1573 1999 είς
1612 1935 1698 2004 τὴν
1729 1931 1918 1999 φλόγα,
1952 1928 1966 1950 ⁸

703 2038 798 2097 Ὃς
828 2034 1134 2088 ἐκτινάσσει
1170 2030 1268 2099 τῆς
1292 2029 1520 2097 καμίνου
1553 2026 1648 2094 τὴν
1681 2023 1873 2093 φλόγα,

699 2129 876 2182 Μέσον
906 2124 962 2177 δὲ
992 2123 1206 2191 πνεῦμα
1237 2123 1334 2188 τῆς
1363 2117 1592 2186 καμίνου
1624 2116 1742 2166 πνεῖ
1764 2110 1949 2182 δρόσου

703 2216 881 2284 Ψύχον
910 2230 959 2264 τι
988 2213 1034 2242 ⁸⁸
1064 2210 1291 2280 τερπνὸν
1331 2211 1423 2260 καὶ
1459 2203 1670 2275 συρίζον
1701 2205 1901 2271 ἡρέμα.

703 2307 773 2358 Τὸ
800 2303 907 2372 πῦρ
936 2300 1188 2372 μερισθὲν
1215 2298 1330 2366 φῶς
1369 2298 1593 2364 παρεῖχε
1617 2294 1726 2354 τοῖς
1750 2291 1887 2350 νέοις
1913 2303 1928 2317 ·

707 2396 776 2448 Ϊὺ
804 2390 1094 2445 καυστικὴν
1128 2389 1180 2440 δὲ
1212 2390 1322 2449 τοῖς
1359 2385 1616 2454 ἀνάψουσι
1650 2381 1848 2452 μόνοις,

706 2486 951 2552 Συνεῐχεν
977 2481 1050 2544 ὡς
1077 2480 1316 2547 θάλαμος
1337 2477 1464 2547 ἡδὺς
1483 2475 1609 2537 τοὺς
1631 2474 1802 2535 νέους,

709 2571 968 2638 Ἐφλεξεν
999 2567 1174 2631 οὐδὲν,
1213 2568 1272 2620 οὐ
1312 2559 1702 2633 παρηνώχλησέ
1729 2575 1805 2623 τι,

710 2635 948 2728 Δεσμούς
981 2657 1198 2721 ἕκαυσε,
1229 2655 1332 2706 τῶν
1361 2651 1560 2722 τριχῶν
1596 2635 1878 2718 ἀπέσχετο.

720 2747 842 2799 Γότε
871 2745 1186 2816 κροτοῦντες
1219 2740 1452 2805 εὐσεϐῶς
1477 2741 1528 2792 οι
1555 2740 1699 2809 τρεῖς
1733 2737 1848 2806 αμα

711 2817 824 2906 Mlti
855 2854 912 2890 τε
941 2837 1159 2908 γλώσσῃ
1190 2835 1281 2888 καὶ
1314 2834 1412 2904 μιᾷ
1445 2829 1718 2902 προθυμίᾳ

714 2928 1007 3000 Πλέκοντες
1027 2921 1165 2995 ἦσαν
1191 2920 1358 2989 αἶνον,
1389 2923 1608 3000 ῦμνουν,
1641 2919 1914 2989 εὐλόγουν,

716 2997 871 3087 Εῐχον
901 3015 1136 3085 χορείαν,
1171 3012 1297 3087 ᾖδον
1327 2997 1695 3083 εὐχαριστίαν.

3726 250 3863 316 1300

2250 359 2307 474 Α.
2327 399 2432 450 Και
2464 383 2897 457 ταῦτα-τερπνῶν
2917 377 3213 449 ὲξεφὼνουν
3244 351 3463 445 χειλέων
3482 384 3498 401 ⁶

2338 486 2424 546 Ὠς
2456 477 2760 548 εὐλογητὸς.
2786 474 2861 537 ὼς
2887 469 3141 541 ὑμνητὸς,
3169 467 3244 529 ὡς
3271 464 3438 535 μέγας

2327 575 2456 636 Θεδς
2482 569 2757 638 κραταιὸς,
2783 566 2982 637 Κύριος
3011 557 3432 629 παντοκράτωρε

2327 665 2457 726 Θεὸς
2479 661 2701 721 παλαιὸς
2729 657 2835 710 τῶν
2870 654 3034 706 πάλαι
3061 648 3418 718 γεννητόρων,

2342 753 2593 825 ’Υψηλδς,
2625 750 2789 818 ὕψους
2813 745 3031 808 παντὸς,
3071 741 3278 794 αἰώνων
3300 737 3430 801 ἄνω,

2327 848 2440 900 Καὶ
2467 843 2652 912 κλῆσις
2678 841 2754 903 είς
2778 838 2999 907 ἄπειρον
3032 833 3241 886 αἰώνων
3263 829 3434 893 τέλος,

2335 933 2558 986 Νικῶσα
2588 927 2765 991 δόξαν,
2799 924 2986 994 ὕμνον,
3019 920 3150 989 ὕψος
3169 918 3264 971 καὶ
3289 917 3497 988 χρόνον.

2334 1022 2550 1074 Βλέπων
2578 1016 2782 1070 ἄνωθεν
2809 1017 2906 1084 τῆς
2942 1011 3177 1066 ἀϐύσσου
3207 1010 3313 1061 πᾶν
3352 1006 3512 1076 βάθος
3535 1018 3551 1034 ο

2314 1112 2518 1187 ,Θρόνῳ
2551 1106 2828 1179 Χερουϐὶμ
2858 1103 3230 1173 ἐγκαθήμενος
3259 1097 3493 1167 φλέγων,

2346 1201 2435 1264 Ὠς
2465 1197 2770 1267 εὐλογητὸς,
2799 1195 2873 1258 ὡς
2900 1191 3155 1264 ὑμνητὸς,
3184 1189 3259 1252 ὡς
3288 1186 3494 1256 μέγαςῑ

2343 1292 2440 1343 ’ον
2477 1285 2784 1354 εὐλογοῦσιν
2811 1282 3030 1354 οὐρανοὶ
3051 1281 3122 1350 γῆ
3153 1279 3247 1331 καί⁵
3273 1277 3394 1337 νόες
3411 1291 3427 1304 ·

2349 1382 2438 1444 Ὠς
2471 1377 2776 1447 εὐλογητὸς,
2798 1375 2871 1439 ὼς
2895 1375 3149 1445 ὑμνητὸς,
3174 1370 3249 1432 ὡς
3274 1366 3472 1439 μέγαςι
3510 1372 3514 1377 ’

2727 1491 2733 1496 ’
2917 1479 3014 1573 'po'.
3064 1503 3188 1574 ᾮδὴ
3221 1500 3304 1555 Ha
3367 1565 3376 1571 .

2339 1646 2420 1699 Τὰ
2457 1643 2668 1704 mm,
2697 1642 2787 1693 τδν
2815 1639 3072 1692 κτίσαντα
3096 1634 3331 1703 Χριστὸν
3361 1630 3598 1698 εὐλόγει,

2277 1760 2318 1816 Β
2356 1734 2601 1803 ’Υψοῦτε,
2629 1730 2916 1816 Magone,
2952 1727 3110 1796 μέχρι
3138 1722 3436 1792 τερμάτων.

2348 1829 2513 1887 Πόλος
2541 1822 2700 1888 Θεοῦ,
2734 1813 2848 1882 νόες
2873 1835 2952 1884 τε,
2976 1817 3066 1870 τὸν
3086 1813 3219 1867 Θεοῦ
3240 1812 3410 1880 Λόγον

2355 1915 2603 1984 ’Υψοῦτε,
2636 1912 2903 1976 δοξάζοιτε
2943 1907 3101 1977 μέχρι
3130 1903 3434 1973 τερμάτων.

2348 2009 2526 2059 Ἀπαν
2553 2004 2615 2056 τὸ
2640 2001 2880 2073 ρευστὸν,
2911 2000 3062 2051 πᾶσα
3091 1996 3197 2048 τῶν
3222 1996 3334 2049 ἄνω
3364 1992 3548 2062 φύσις,
3577 1990 3824 2064 [ὐψοῦτι]

2352 2098 2614 2164 Ἀστρων,
2641 2091 2868 2160 σελήνης
2895 2087 3107 2151 κάλλος,
3133 2085 3285 2155 ἡλίου
3309 2084 3462 2154 φάος,
3491 2080 3733 2155 ίύψοῦτε]

2349 2188 2463 2238 Πᾶν
2485 2183 2718 2251 πνεῦμα,
2741 2182 2834 2232 καὶ
2850 2180 2954 2240 πᾶς
2976 2176 3176 2246 ὄμϐρος
3196 2175 3228 2246 ἢ
3249 2175 3395 2227 πᾶσα
3419 2173 3627 2242 δρόσος,
3649 2169 3902 2244 [ὐψοῦτε]

2349 2269 2601 2330 Καύσων,
2625 2271 2812 2339 ψύχος,
2834 2267 2964 2337 πῦρ,
2996 2264 3181 2335 καῦμα
3200 2265 3292 2316 καὶ
3309 2262 3438 2331 φλὸξ
3459 2260 3630 2331 ἡλίου,
3652 2256 3906 2330 [ὑψοῦτε]

2349 2367 2466 2428 Φῶς
2503 2364 2591 2416 καὶ
2621 2363 2828 2424 σκότος,
2868 2359 2977 2428 πῦρ
3010 2357 3128 2426 ἡδὺ,
3165 2355 3363 2423 φέγγος
3391 2351 3623 2420 ἡμέρας,
3652 2344 3908 2419 [ὑψοῦτε]

2352 2456 2579 2523 Πάχναι,
2610 2449 2879 2521 κεραυνοὶ,
2909 2447 3104 2516 χιόνες,
3131 2444 3315 2509 πάγοι,
3349 2441 3505 2508 νέφη,
3530 2434 3773 2509 [ὑψοῦτει

2355 2546 2519 2614 Ὀρη,
2551 2543 2718 2607 λόφοι,
2746 2541 2814 2608 γῆ
2839 2540 3004 2602 πᾶσα,
3035 2537 3183 2589 πᾶσα
3209 2533 3312 2600 γῆς
3343 2530 3524 2599 φύσις,
3550 2525 3796 2600 [ὐψοῦτε]

2355 2613 2558 2704 Πηγαὶ,
2595 2631 2854 2692 Θάλασσα,
2884 2628 2983 2696 τῆς
3008 2627 3176 2696 ὑγρᾶς
3198 2625 3305 2678 πᾶν
3335 2621 3538 2689 θηρίον,
3571 2613 3817 2704 [ὑψοῦτε]

2357 2703 2543 2785 Θῦται,
2574 2718 2845 2790 προφῆται
2881 2717 2973 2768 καὶ
2999 2713 3214 2784 λάτραι,
3239 2711 3513 2780 νεωκόροι,
3540 2703 3806 2790 [ὑψοῦτε]

2358 2813 2542 2881 Ψυχαὶ
2567 2788 2808 2872 δικαίων,
2835 2809 2890 2860 αι
2920 2805 3079 2858 πνοαὶ
3100 2803 3207 2856 τῶν
3241 2799 3529 2869 κειμένων,
3555 2788 3798 2867 [ὑψοῦτὲ]

2361 2906 2423 2955 Οἱ
2450 2903 2645 2966 ζῶντες
2669 2897 2867 2964 ἁγνῶς,
2902 2897 2950 2947 οἱ
2980 2892 3227 2946 ταπεινοὶ
3255 2887 3470 2958 καρδίᾳ,
3495 2882 3735 2958 [ὑψοῦ-ιε]

2374 2990 2589 3044 ’Δνανία
2611 3005 2672 3040 τε
2703 2982 2939 3053 Μισαὴλ,
2982 2979 3221 3051 Ἀζαρία,
3249 2973 3489 3050 [ὐψοῦτε]

720 3192 857 3244 mala
881 3189 1135 3243 invadant
1163 3187 1298 3241 mala
1333 3194 1654 3256 opet'antcs;
1699 3181 1903 3251 operiat
1931 3176 2118 3230 faciem
2162 3187 2257 3226 eo-
2289 3178 2330 3237 c
2361 3181 2521 3237 quam
2539 3171 2855 3234 magnusest
2870 3161 3008 3215 Deus
3026 3165 3235 3229 potens,
3257 3155 3514 3210 Dominus
3529 3154 3915 3223 universorum

721 3294 838 3332 rum
863 3277 1152 3342 confusio;
1194 3278 1386 3349 cadant
1441 3274 1588 3326 omni
1642 3271 1891 3349 potentiae
1949 3276 2052 3321 tune
2075 3263 2147 3327 vi,
2209 3270 2264 3315 et

722 3375 1031 3418 conteratur
1061 3365 1270 3416 roboris
1317 3348 1526 3415 illorum
1580 3348 1991 3423 omnisivirtus.
2052 3353 2264 3420 Cogno-

725 3459 878 3503 scant
908 3450 1030 3517 quia
1057 3458 1111 3500 tu
1137 3447 1395 3500 Dominus
1447 3445 1584 3499 Deus
1646 3447 1813 3506 solus,
1880 3442 2015 3495 Deus
2055 3449 2264 3509 potens,

728 3541 1033 3593 universam
1063 3553 1156 3606 per
1187 3547 1386 3590 terram
1420 3537 1587 3607 gloria
1613 3517 1915 3588 universus.
1988 3542 1997 3595 |

799 3629 932 3682 Tres
953 3629 1163 3696 quidem
1193 3627 1414 3696 juvenes
1443 3627 1512 3679 ita
1557 3624 1642 3693 pie
1686 3623 1993 3676 cantabant.
2033 3621 2123 3690 qui
2174 3634 2269 3674 au-

689 3766 691 3768 .
732 3731 835 3774 ten:
872 3719 1163 3787 injecerant
1192 3719 1242 3770 in
1272 3717 1544 3770 fornacem
1573 3716 1819 3782 juvenes,
1850 3728 1953 3766 non
1989 3709 2270 3766 cessabant

733 3810 1019 3861 irnmittcre
1051 3808 1298 3860 materias
1328 3807 1523 3874 quibus
1558 3805 1768 3857 flamma
1807 3804 1859 3857 in
1910 3804 2074 3856 altum
2107 3817 2165 3856 se
2186 3810 2270 3856 at-

734 3899 975 3957 tollebat,
1000 3897 1195 3964 septies
1230 3905 1287 3948 ut
1337 3895 1502 3948 turris
1563 3909 1878 3962 exsurgens.
1927 3893 2272 3962 Septuaginta

734 3989 1033 4040 cubitorum
1058 3985 1194 4053 ignis
1218 3985 1356 4038 altus
1385 3984 1647 4052 rugiebat,
1674 3985 1887 4037 ﬂamma
1914 3984 2078 4037 eﬂ‘usa
2102 3990 2185 4035 est
2221 3977 2274 4033 et

735 4079 1080 4137 circumacta,
1100 4075 1364 4126 consumit
1390 4082 1568 4125 autem
1597 4087 1781 4125 omnes
1804 4088 1938 4141 quos
1958 4073 2160 4126 circum
2189 4072 2274 4122 in-

2362 3256 2472 3308 Rex
2499 3256 2512 3306 ι
2543 3254 2680 3306 Deus
2707 3251 2962 3318 antiquus
2992 3249 3336 3314 antiquorum
3357 3255 3565 3313 patrum
3591 3244 3918 3302 altiSsimus,

2363 3360 2525 3413 supra
2546 3344 2880 3397 altitudinent
2912 3354 3146 3403 omnem,
3170 3346 3222 3390 et
3250 3349 3410 3390 omne
3435 3333 3709 3393 smculum.
3733 3341 3787 3386 et
3818 3350 3922 3384 uo-

2367 3446 2486 3492 men
2512 3431 2628 3498 ejus
2659 3430 2712 3483 in
2741 3428 3000 3481 infinitam
3047 3423 3365 3477 saeculorum
3417 3422 3630 3483 seriem,
3687 3420 3923 3485 gloriam

2367 3498 2628 3589 superans
2682 3518 2890 3571 laudem
2951 3513 3284 3569 altitudinem
3313 3520 3364 3564 et
3411 3518 3639 3577 tempus.
3677 3505 3758 3558 Ex
3808 3509 3922 3561 altu

2369 3609 2608 3664 intuetur
2661 3606 2837 3676 abyssi
2885 3603 3319 3673 profunditatem,
3382 3598 3580 3652 throno
3633 3597 3924 3650 cherubim

2370 3699 2616 3753 flammeo
2637 3698 2850 3752 insidet.
2875 3693 3045 3761 Quam
3066 3692 3398 3753 benedictus,
3421 3703 3581 3758 quam
3606 3687 3924 3747 laudabilis,

2371 3775 2529 3862 quam
2552 3792 2804 3861 magnus!
2824 3805 2979 3859 quem
3003 3786 3327 3842 benedicunt
3344 3785 3486 3844 εαξη,
3505 3791 3642 3836 terra
3657 3791 3708 3835 et
3728 3795 3883 3833 mare
3907 3793 3921 3829 ι

2371 3897 2532 3952 quam
2567 3882 2906 3943 benedictus,
2947 3895 3106 3949 quam
3129 3876 3428 3937 laudabilis,
3459 3889 3617 3943 quam
3643 3887 3880 3941 inagttus
3909 3872 3925 3924 l

2847 3972 2967 4024 ΠΟ.
3004 3969 3287 4023 Canticum
3323 3965 3456 4021 Vlll.

2446 4061 2657 4116 Creata.
2676 4061 2985 4114 Creatorem
3017 4059 3290 4110 Christum
3312 4054 3629 4126 benedieite,
3644 4052 3930 4112 exaltate:

736 4168 902 4229 ven-it,
922 4166 1044 4216 εαξνὶ
1071 4163 1280 4232 tyranni
1313 4163 1554 4230 publicos
1589 4162 1865 4216 ministros
1891 4181 1903 4215 :
1932 4160 2278 4214 etdesceudit
2377 4148 2668 4215 Βιονίίῖείιιθ
2707 4163 2875 4215 us‘lue
2907 4147 2970 4199 ad
2995 4156 3258 4198 extrema.

740 4253 832 4305 Dei
892 4253 1154 4306 aSsistens
1213 4253 1476 4319 angelus;
1545 4250 1875 4318 percutitque
1926 4251 1979 4303 in
2018 4250 2276 4304 circulum

742 4343 1011 4396 fornacem
1041 4343 1388 4410 conspicuus,
1413 4340 1673 4395 immissis
1697 4324 1987 4408 juvenibus
2010 4341 2061 4392 in
2080 4342 2276 4407 ignem,

738 4441 794 4486 et
822 4433 1023 4484 excutit
1062 4432 1113 4484 in
1135 4430 1351 4484 fornace
1401 4430 1691 4496 flammam,
1725 4432 2062 4497 mediumque
2122 4430 2278 4498 spiri-
2308 4436 2343 4498 μ

2447 4238 2652 4292 Caelum
2680 4237 2789 4301 Dei,
2815 4236 3162 4304 spiritusque,
3197 4233 3361 4285 Deum
3399 4230 3630 4284 Verbum
3651 4231 3895 4286 exaltate
3913 4272 3926 4299 ,

2382 4328 2677 4396 glorificate
2708 4338 2874 4392 usque
2902 4324 2965 4375 ad
2990 4333 3250 4375 eXtrema.

2450 4417 2620 4470 Omne
2667 4415 2908 4474 fluidum,
2937 4411 3114 4466 omnis
3150 4423 3376 4478 superna
3415 4415 3625 4473 natura,
3655 4409 3934 4475 exaltate;

1063 4479 1349 4484 _________--
1725 4479 2059 4497 --πη-μνη
2122 4479 2247 4498 _r_,_

742 4531 852 4575 tum
888 4523 938 4574 in
970 4519 1192 4575 fornace
1217 4521 1388 4590 spirat
1421 4522 1573 4589 quasi
1623 4522 1760 4574 roris
1787 4520 2028 4588 Spiritum
2084 4520 2278 4588 jucun-
2308 4479 2356 4537 Β
2384 4514 2672 4566 θειτοΐυιην
2699 4506 2836 4558 “me
2869 4502 3224 4571 ΡυΙθιινίῑυάον
3259 4501 3388 4554 sons
3435 4500 3633 4565 lumen.
3656 4501 3932 4564 “male;

740 4615 864 4663 dum
899 4621 950 4664 et
979 4612 1167 4665 leniter
1201 4612 1528 4665 sibilantem.
1562 4610 1701 4679 Ignis
1731 4610 1915 4664 divisis
1973 4610 2141 4663 lucem
2196 4608 2282 4676 ju-

741 4703 964 4754 venibus
993 4703 1263 4766 praestitit,
1300 4702 1654 4769 ardoremque
1678 4701 1807 4754 solis
1838 4699 2278 4764 incendentibus;

2387 4596 2563 4649 omnis
2584 4595 2823 4662 spiritus,
2864 4591 3041 4645 omnis
3084 4590 3272 4650 imber,
3296 4589 3469 4643 omnis
3513 4603 3619 4654 ros,
3655 4590 3933 4655 exaltate;

2382 4701 2564 4751 aestus,
2598 4687 2782 4753 frigus,
2815 4681 3138 4754 ignis,calor
3166 4689 3214 4733 et
3241 4678 3447 4731 ﬂamma
3475 4678 3624 4744 solis,
3652 4679 3936 4744 exaltate',

743 4788 950 4854 excepit
989 4799 1043 4839 ut
1074 4789 1248 4841 mollis
1276 4788 1541 4841 thalamus
1564 4788 1807 4855 juvenes,
1840 4802 1944 4840 non
1979 4791 2072 4840 e05
2129 4801 2282 4840 com-
2382 4778 2470 4832 lux
2494 4771 3062 4840 ettenelira‘,jucunde
3084 4769 3639 4838 ignisdiei,splendor,
3662 4771 3936 4836 exaltatc;

747 4875 935 4936 bussit,
966 4891 1136 4942 neque
1158 4877 1451 4944 quidquam
1492 4880 1749 4930 molestia:
1805 4878 2012 4942 attulit;
2071 4877 2280 4930 vincula
2384 4865 3039 4940 glacies,fulmina,nives,
3058 4862 3193 4930 gelu,
3219 4853 3934 4927 nubes,eialtate;montes,

746 4967 1020 5030 cremavit,
1044 4968 1120 5032 ab
1151 4983 1334 5020 eorum
1395 4970 1601 5037 capillis
1652 4970 1930 5023 abstinuit.
1991 4969 2139 5022 Tunc
2199 4971 2283 5036 pie
2391 4961 2576 5024 colles,
2616 4956 2791 5011 omnis
2814 4965 2975 5020 terra,
3009 4951 3181 5004 omnis
3230 4959 3381 5004 teme
3404 4960 3625 5015 natura,
3659 4953 3940 5018 exaltate;

747 5058 1067 5128 plaudentes
1091 5067 1198 5110 tres
1221 5060 1378 5111 simul
1421 5059 1645 5125 juvenes
1697 5075 1802 5112 una
1856 5061 2032 5128 lingua
2081 5071 2133 5112 et
2181 5076 2286 5113 uno

2394 5050 2586 5109 fontes,
2623 5060 2787 5110 mare,
2817 5057 3075 5112 aquarum
3101 5042 3276 5095 omnia
3307 5043 3619 5106 animantia,
3652 5041 3896 5094 exaltate
3923 5060 3940 5105 ;

749 5151 942 5201 ardore
969 5147 1242 5215 conjuncti
1267 5158 1627 5205 cantaverunt
1651 5149 1879 5212 laudem,
1913 5151 2165 5218 hymnum
2197 5165 2285 5204 ce-
2396 5144 2727 5197 sacerdotes.
2761 5135 3031 5202 ρτοριιειω
3059 5139 3110 5186 ει
3146 5132 3349 5198 famuli,
3381 5132 3617 5195 neocori,
3648 5130 3897 5185 exaltate
3928 5147 3942 5195 ;

746 5242 1014 5297 cinernnt,
1044 5239 1446 5302 hencdixernnt,
1475 5240 1725 5292 choream
1752 5248 1989 5306 egerunt,
2026 5243 2287 5294 actionem
2396 5229 2589 5282 anima?
2641 5222 3502 5294 jUSlOWmoSPi'ilUSlatfenlium.
3538 5220 3812 5280 (51³113ιεὶ
3851 5221 3945 5288 qui

750 5331 1038 5397 gratiarum
1058 5337 1535 5397 exprompserunt;
1571 5335 1622 5379 et
1680 5328 1790 5380 haec
1838 5330 2091 5383 suavibus
2121 5345 2150 5384 e
2211 5331 2289 5385 la-
2392 5323 2571 5376 vivitis
2620 5328 2785 5382 caste,
2838 5318 2925 5387 qui
2971 5318 3129 5372 corde
3202 5319 3428 5373 humiles
3461 5317 3608 5382 catis,
3655 5312 3942 5377 exaltate;

752 5420 860 5474 bris
892 5420 1141 5474 dixerunt
1172 5439 1183 5474 :
1220 5419 1390 5484 Quam
1423 5417 1754 5481 benedictus,
1787 5434 1944 5486 quam
1987 5419 2288 5486 laudabilis,

2403 5408 2628 5477 Anania,
2654 5408 2856 5475 Misael,
2884 5408 3093 5473 Azaria,
3129 5410 3374 5466 exaltatc.

829 5594 865 5626 "
898 5597 1134 5664 ὴργασμ.
1167 5595 1285 5648 cod.
1364 5595 1407 5624 ²⁰
1441 5593 1664 5662 ψύχοντι
1695 5593 1806 5646 cod.
