4120 6340
277 304 422 367 1005

1231 315 1479 375 SERMO
1523 315 1597 374 IN
1625 316 1724 373 SS.
1756 315 2076 374 IOACHIM
2107 314 2197 372 ΕΤ
2232 313 2509 371 ANNAM.

3338 301 3471 362 1006

997 678 1292 792 ΤΟΥ
1354 677 2151 793 ΜΑΚΑΡΙΟΥ
2228 676 2771 792 ΚΟΣΜΑ

1572 912 1705 966 τΟΥ
1758 912 2202 967 ΒΕΣΤΗΤΟΡΟΣ

271 1093 408 1144 ΕΙΣ
449 1089 624 1143 ΤΟΥΣ
652 1089 925 1144 ΑΓΙΟΥΣ
947 1087 1257 1144 ιοΑκειΜ
1297 1088 1425 1141 ΚΑΙ
1454 1087 1693 1141 ANNAN
1736 1087 1911 1139 ῙὉΥΣ
1946 1085 2305 1140 ΕΝΔΟΞΟΥΣ
2341 1083 2605 1138 ΓΟΝΕἾΣ
2642 1083 2770 1138 ΊῊΣ
2809 1080 3191 1135 ΘΕΟΤΟΚΟΥ
3225 1079 3487 1138 ΜΑΡΙΑΣ

1677 1248 2064 1335 ΛΟΓΟΣ.

901 1601 1318 1712 BEATI
1401 1599 1911 1712 COSMZE
1998 1592 2859 1713 VESTITORIS

1775 1834 1837 1877 IN
1889 1834 1972 1878 88.

444 1979 906 2044 JOACHIMUM
949 1984 1049 2045 ET
1089 1985 1361 2046 ANNAM
1403 1982 1843 2044 GLORIOSOS
1888 1982 2018 2043 DEI
2077 1979 2517 2041 GENITRICIS
2561 1976 2830 2035 MARUE
2907 1969 3304 2031 ΡΛΒΕΝΤΕσ

266 2341 371 2404 (Ex
398 2340 563 2391 codice
594 2341 821 2391 Vaticano
855 2356 903 2391 n.
945 2342 1036 2393 455
1079 2341 1233 2404 edidit
1273 2341 1385 2404 Ant2
1430 2344 1677 2404 Βλεωιξιι
1718 2342 1767 2390 in
1804 2344 1839 2404 _S

1182 2402 1294 2453 lata
1323 2400 1539 2464 Virginis
1566 2399 1785 2462 Deipara:
1807 2401 1841 2451 it

766 2696 1091 2767 Εὐλόγησον,
1120 2697 1300 2766 Πάτερ
1312 2736 1324 2749 .

348 2810 424 2861 A'.
474 2808 538 2860 ἸΙ
574 2807 700 2876 χθὲς
732 2808 827 2877 τῆς
864 2808 1125 2862 Θεοτὸκου
1164 2808 1482 2878 γενεθλιακὴ
1519 2808 1825 2878 πανήγυρις

263 2902 376 2970 τῆς
404 2900 673 2970 κοσμικῆς
705 2902 879 2971 χαρᾶς
910 2903 1043 2970 ἡμῖν
1072 2901 1170 2969 τὴν
1215 2900 1405 2971 ἑορτὴν
1437 2900 1702 2970 εὐφήμοις
1737 2900 1824 2953 δε-

187 3034 197 3043 .
264 2990 623 3059 δοξολόγηκεν
672 2990 982 3059 ὑμνῳδίαις.
1034 2989 1095 3042 Ἠ
1142 2990 1199 3042 δὲ
1238 2991 1473 3060 σήμερον
1519 2989 1701 3059 ἡμέρα
1726 2989 1825 3057 τὴν

266 3079 624 3151 εὐχαριστίαν
664 3082 777 3143 τοῖς
821 3080 1138 3151 γεννήτορσι
1177 3081 1474 3150 προσφέρει
1500 3080 1597 3150 τῆς
1635 3080 1826 3132 Θεοτό-

271 3188 399 3225 κου·
446 3171 515 3224 δι’
546 3162 620 3225 ὧν
648 3170 868 3242 ἀπαρχὴ
894 3172 989 3241 τῆς
1023 3171 1236 3225 πάντων
1281 3171 1499 3237 γέγονεν
1530 3169 1822 3240 σωτηρίας.

265 3260 467 3315 τοίνυν
490 3262 589 3331 τῆς
616 3261 881 3332 θυγατρός
910 3263 1053 3314 ἐστιν
1077 3263 1109 3330 ἡ
1138 3261 1245 3314 τῶν
1273 3260 1472 3328 γονέων
1501 3262 1825 3329 πανήγυρις.

268 3349 485 3419 Ὠσπερ
528 3352 635 3420 γὰρ
662 3350 753 3402 ἐπὶ
791 3348 915 3420 δόξῃ
966 3349 1166 3419 μητρὸς
1200 3348 1574 3413 συνδοξάζεται
1617 3350 1823 3409 τέκνον,

263 3436 446 3501 οὕτως
468 3438 560 3489 καὶ⁵
600 3438 694 3491 ἰπὶ
722 3439 938 3508 εὐλογίᾳ
976 3439 1164 3493 τέκνου
1213 3438 1588 3503 συνῶξάζεται
1623 3440 1824 3509 μήτηρ.

263 3522 382 3579 *Ην
428 3527 584 3598 οὖνὴ
633 3528 758 3598 χθὲς
799 3530 980 3597 ἡμέρα
1027 3529 1337 3596 θαυμαστὴ
1384 3530 1453 3582 ἐν
1503 3529 1828 3597 ὀφθαλμοῖς

265 3617 465 3683 ἡμῶνΜ
496 3619 589 3669 καὶ
606 3621 639 3686 ἡ
668 3619 905 3687 σήμερον
926 3620 1232 3687 εὐφροσύνη
1258 3620 1446 3687 μνήμη
1470 3620 1689 3671 δικαίων
1712 3621 1826 3687 μετ’

269 3705 581 3774 ἐγκωμίων.

345 3878 418 3933 Β¹.
468 3880 712 3947 Ἐγένετο
744 3884 801 3934 ἐν
843 3886 950 3944 τοῖς
983 3882 1147 3936 πάλαι
1185 3884 1392 3947 καιροῖς
1436 3884 1574 3950 ἀνὴρ
1620 3883 1826 3944 δίκαιος

270 3968 339 4018 ὲκ
363 3966 531 4036 φυλῆς
570 3968 761 4032 Ἰούδα,
788 3962 829 4035 ᾧ
856 3969 1024 4038 ὄνομα
1062 3969 1334 4037 ἰωακείμ’
1375 3968 1510 4039 ἀνὴρ
1538 3968 1739 4034 ἔνδοξος
1768 3970 1826 4021 ὲν

1860 2724 1907 2783 Δ

1873 2340 1996 2404 (lege
2022 2338 2524 2404 monumentorwuﬂad
2568 2335 2845 2401 mysterfum
2882 2332 3206 2394 Couceptionis
3243 2330 3477 2385 intutam-

1879 2399 2162 2451 tstrandum.
2190 2403 2374 2460 Rome,
2403 2399 2534 2448 1856.

2473 2697 2724 2763 Benedic,
2755 2695 2933 2750 Pater.

2002 2810 2041 2864 l.
2080 2810 2339 2865 Hesterna
2392 2808 2481 2863 Dei
2536 2807 2827 2862 Geuitricis
2866 2807 3058 2861 natalis
3096 2806 3357 2862 festivitas
3388 2823 3479 2861 so-

1933 2902 2161 2955 lemnem
2210 2900 2349 2954 diem
2381 2898 2583 2969 gaudii,
2619 2899 2874 2951 universo
2920 2897 3123 2950 mundo
3155 2898 3477 2960 communis.

1933 2992 2279 3048 faustissimis
2333 2990 2584 3045 laudibus
2636 2988 2794 3045 nobis
2850 2989 3151 3043 coronavit.
3212 2987 3481 3043 Hodierna

1935 3101 2060 3139 vero
2087 3084 2201 3139 dies
2255 3085 2389 3155 grati
2436 3082 2602 3138 animi
2652 3083 2921 3137 canticum
2961 3081 3115 3136 oﬁ‘ert
3153 3082 3243 3135 Dei
3298 3082 3483 3136 Matris

1935 3174 2297 3242 genitoribus;
2326 3188 2419 3242 per
2469 3188 2606 3242 quos
2656 3173 2961 3243 communis
3014 3173 3254 3225 omnium
3292 3172 3483 3227 salutis

1936 3266 2186 3334 primitiae
2247 3266 2298 3319 in
2328 3266 2500 3319 lucem
2541 3264 2875 3334 prodierunt.
2911 3262 2977 3317 Et
3015 3264 3229 3333 quidem
3283 3263 3479 3317 festum

1937 3353 2057 3407 ﬁlia:
2087 3353 2280 3408 festum
2305 3362 2387 3408 est
2419 3363 2723 3423 parentum.
2754 3352 3212 3419 Quemadmodum
3242 3353 3384 3406 enim
3417 3366 3484 3406 ex

1936 3444 2104 3513 gloria
2165 3445 2353 3499 matris
2403 3428 2565 3499 simul
2601 3444 2933 3513 gloriﬁcatur
2964 3444 3162 3514 proles,
3199 3444 3278 3497 sic
3321 3451 3374 3497 et
3419 3458 3483 3498 ex

1936 3537 2101 3605 prolis
2132 3537 2439 3591 laudatione
2466 3536 2626 3591 simul
2658 3536 2984 3605 gloriﬁcatur
3015 3544 3206 3589 mater.
3233 3534 3357 3587 Fuit
3390 3535 3485 3602 igi-

1936 3635 2024 3677 tur
2064 3627 2312 3678 hesterua
2343 3626 2459 3678 dies
2500 3624 2758 3677 mirabilis
2788 3626 2843 3677 in
2891 3624 3055 3677 oculis
3092 3625 3285 3675 nostris
3320 3624 3357 3685 ί,
3384 3623 3484 3677 lto-

1935 3714 2118 3764 dierna
2147 3728 2272 3765 vero
2303 3713 2483 3767 laetitia
2520 3714 2835 3767 memoriam
2855 3713 3126 3780 justorum
3156 3728 3278 3766 cum
3328 3713 3485 3766 laude

1933 3800 2185 3852 celebrat.
2652 3798 2657 3803 ’

2003 3884 2069 3966 ῃ.
2098 3887 2219 3939 Fuit
2249 3886 2301 3939 in
2339 3887 2513 3954 prisca
2562 3886 2648 3939 illa
2683 3895 2838 3940 aetate
2877 3887 2958 3939 vir
3005 3887 3187 3953 justus
3216 3903 3278 3939 ex
3334 3889 3479 3941 tribu

1888 4010 1889 4013 η
1931 3976 2100 4040 Judac,
2125 3978 2212 4032 cui
2246 3992 2438 4032 nomen
2469 3976 2748 4042 Joachim;
2776 3977 2856 4029 vir
2883 3978 3168 4031 sanctitate
3193 3977 3479 4044 acjustitia

268 4058 506 4127 ὁσιότητι
536 4059 629 4111 καὶ
660 4060 993 4133 δικαιοσύνῃ·
1026 4062 1165 4131 ἀνὴρ
1200 4061 1467 4130 ἐπίσημος
1495 4064 1551 4113 ὲν
1580 4062 1823 4132 εὐγενείᾳ

1927 4068 2181 4135 celebris;
2211 4067 2293 4121 vir
2344 4068 2622 4121 nobilitate
2659 4075 2712 4122 et
2748 4067 2953 4121 divitiis
3004 4067 3257 4136 insignis;
3293 4068 3372 4119 vir
3425 4067 3478 4119 iu

270 4151 366 4202 καὶ
417 4151 647 4221 πλούτῳ
694 4152 831 4223 ἀνὴρ
878 4153 1181 4222 ἀπλόψυχος
1230 4153 1289 4205 ὲν
1322 4156 1706 4223 προσαγωγαῖς
1739 4153 1831 4205 θυ-

269 4242 421 4293 σιῶνο
457 4242 593 4312 ἀνὴρ
638 4245 694 4296 ὲν
723 4246 884 4296 πᾶσιν
922 4246 1213 4315 εὐάρεστος
1252 4246 1329 4314 τῷ
1368 4246 1503 4315 Θεῷ·
1538 4246 1675 4316 ἀνὴρ
1708 4249 1827 4299 ἐπι-

268 4331 509 4399 θυμειῶν
538 4334 646 4387 τῶν
670 4336 762 4387 τοῦ
793 4338 1126 4405 Πνεύματος·
1154 4339 1341 4408 ὅτιπερ
1370 4337 1590 4402 ἄτεκνος
1627 4337 1700 4390 ὢν
1740 4340 1830 4391 καὶ

267 4420 327 4469 ὲν
350 4420 616 4489 ἐπιθυμίᾳ
642 4422 769 4490 περὶ
794 4424 982 4476 τέκνου
1019 4426 1393 4494 συνεχόμενος,
1424 4427 1522 4496 τὴν
1555 4426 1646 4479 τοῦ
1670 4428 1826 4494 ἁγίου

267 4509 580 4577 Πνεύματος
628 4514 955 4582 γεγέννηκεν
1004 4516 1248 4586 νύμφηνο
1296 4518 1433 4587 ἀνὴρ
1480 4518 1554 4580 ὡς
1605 4520 1816 4588 ἀληθῶς

264 4601 659 4668 ἐπιτυγχάνων,
704 4604 895 4674 ὅτιπερ
933 4608 1248 4675 είσήκουσεν
1283 4610 1311 4660 ὁ
1344 4609 1474 4670 Θεὸς
1498 4610 1620 4661 τῶν
1652 4610 1825 4679 εὐχῶν

264 4689 450 4749 αὐτοῦ,
503 4690 889 4760 δωρησάμενος
933 4698 1107 4766 τούτῳ
1152 4699 1250 4767 τὴν
1295 4699 1445 4765 ὑπὲρ
1502 4701 1695 4753 πάντα
1755 4709 1824 4753 τὰ

1924 4158 2312 4214 sacriﬁciorum
2345 4160 2620 4213 oblatione
2652 4161 2862 4214 sincere
2892 4160 3049 4228 pius;
3081 4160 3159 4211 vir
3195 4159 3247 4211 in
3271 4159 3478 4213 cunctis

1924 4250 2144 4304 studens
2194 4249 2304 4305 Deo
2335 4251 2471 4305 bene
2519 4251 2865 4319 placere;vir
2913 4250 3327 4313 desideriorum,
3360 4265 3479 4318 qua:

1926 4350 2052 4394 sunt
2102 4354 2167 4396 ex
2219 4338 2468 4411 Spiritu:
2503 4340 2942 4409 quandoquidem
2998 4356 3119 4393 cum
3184 4340 3474 4393 liberorum

1924 4448 2113 4501 expers
2144 4441 2309 4498 esset,
2350 4448 2413 4486 ac
2461 4432 2731 4487 desiderio
2764 4429 2927 4499 prolis
2982 4441 3273 4493 teneretur,
3305 4431 3475 4484 sancti

1931 4524 2164 4592 Spiritus
2188 4537 2442 4591 sponsam
2481 4523 2683 4592 genuit,
2718 4524 2800 4575 vir
2828 4532 3075 4575 votorum
3112 4538 3331 4575 suorum
3366 4522 3476 4573 feli-

1924 4613 2139 4666 eissime
2190 4627 2431 4679 compos,
2481 4613 2736 4680 quoniam
2792 4628 2974 4680 preces
3032 4612 3149 4679 ejus
3208 4612 3477 4664 exaudivit

1923 4703 2085 4765 Deus,
2114 4704 2270 4772 eique
2321 4704 2465 4754 illam
2522 4702 2664 4754 dono
2704 4703 2868 4764 dedit,
2902 4718 3021 4769 qua:
3054 4712 3271 4769 prmstat
3321 4718 3475 4769 super

264 4779 625 4847 σκηνώματα
684 4784 891 4837 Ἰακὼὸο
943 4788 1119 4854 λέγειν
1167 4791 1223 4841 δὲ
1277 4791 1495 4859 μᾶλλον,
1528 4795 1625 4860 τὴν
1682 4794 1821 4863 ὑπὲρ

1924 4791 2093 4841 omnia
2150 4789 2484 4841 tabernacula
2550 4788 2714 4841 Iacob
2742 4792 2783 4853 ¹,
2816 4806 2906 4842 seu
2968 4792 3161 4845 melius
3220 4792 3471 4854 dixerim,

263 4872 359 4923 ὅλα
408 4874 475 4925 τὰ
525 4874 800 4942 ποιήματα
865 4878 971 4929 τῶν
1024 4882 1361 4949 ἐπουρανίων
1415 4884 1511 4935 καὶ
1565 4885 1819 4950 ἐπιγείων

263 4963 598 5031 ὑψηλοτέραν
622 4964 783 5027 ἀξίως
813 4966 1099 5039 Θυγατέρα.

336 5053 404 5109 l".
462 5055 572 5107 Καὶ
615 5056 749 5135 τῷδε
796 5053 863 5126 ἦν
910 5063 1044 5128 γυνὴ
1093 5062 1370 5133 Θεοσεὸής·
1426 5066 1595 5135 ὄνομα
1646 5067 1813 5133 αὐτῆς

268 5148 452 5209 Ἅννα,
484 5147 547 5198 ὲκ
570 5147 666 5213 τῆς
700 5147 979 5214 βασιλικῆς
1003 5153 1091 5202 καὶ
1126 5154 1262 5221 αὐτὴ
1296 5156 1463 5223 φυλῆς
1486 5158 1577 5208 τοῦ
1624 5158 1810 5219 Ἰούδα,

263 5237 297 5303 ἦ
326 5252 404 5287 τοι
428 5234 519 5286 τοῦ
545 5233 705 5286 Δαδδῒδ
734 5238 1096 5307 καταγομένη·
1118 5243 1251 5310 γυνῆ
1278 5246 1473 5307 παντὸς
1505 5246 1814 5315 ἀπεχομένη

264 5324 452 5375 κακοῦ·
489 5324 622 5393 γυνὴ
662 5324 865 5385 πιστῶς
911 5326 977 5376 τὰ
1027 5327 1157 5394 πρὸς
1180 5331 1271 5381 τὸν
1316 5333 1448 5385 Θεὸν
1498 5336 1815 5387 συνοικοῦσα

263 5414 337 5480 τῷ
362 5414 531 5482 ἀνδρί·
560 5413 694 5483 γυνὴ
718 5419 1060 5481 προσευχαῖς,
1086 5419 1177 5469 καὶ
1197 5422 1491 5489 νηστείαις,
1520 5426 1612 5475 καὶ
1647 5441 1809 5493 προσ-

1924 4880 2081 4931 ﬁliam
2111 4879 2423 4946 dedit.qua:
2478 4893 2640 4945 supra
2692 4880 2972 4932 universas
3028 4890 3303 4933 creaturas
3363 4894 3473 4934 caa-

1922 4971 2249 5037 lcstesjuxta
2282 4984 2345 5021 ac
2373 4976 2652 5021 terrestres
2683 4970 2872 5021 merito
2901 4971 3197 5022 extollitur.

1993 5060 2078 5113 lli.
2112 5060 2271 5127 Atqui
2304 5060 2377 5112 illi
2416 5060 2499 5128 pia
2532 5068 2647 5112 erat
2679 5076 2831 5124 uxor,
2864 5062 2947 5112 cui
2982 5076 3175 5113 nomen
3213 5060 3387 5121 Anna,
3416 5068 3470 5111 et

1925 5150 2036 5217 ipsa
2068 5164 2133 5202 ex
2167 5148 2311 5216 regia
2342 5146 2479 5199 tribu
2504 5144 2673 5206 ludar,
2704 5146 2900 5213 quippe
2935 5162 3053 5213 qua:
3079 5162 3107 5199 c
3136 5146 3333 5197 Dnvide
3360 5146 3467 5198 ori-

1923 5240 2097 5308 ginem
2152 5237 2408 5301 ducebat;
2444 5236 2637 5288 mulier
2669 5235 2735 5287 ab
2774 5236 2920 5287 omni
2975 5235 3115 5285 malo
3159 5234 3463 5297 abstinens;

1925 5330 2135 5393 mulier,
2169 5329 2220 5381 in
2254 5328 2319 5382 iis
2348 5344 2466 5397 qua:
2519 5328 2583 5379 ad
2623 5327 2711 5380 Dei
2766 5326 2969 5378 cultum
3012 5326 3296 5391 pertinent,
3328 5324 3463 5376 ﬁdeli

1923 5420 2037 5471 viro
2070 5436 2168 5472 suo
2199 5435 2409 5481 eomes;
2444 5419 2634 5471 mulier
2670 5417 2719 5469 in
2761 5417 3025 5484 precibus,
3062 5428 3113 5469 et
3144 5415 3385 5483 jejuniis,
3415 5424 3468 5468 et

266 5507 451 5573 φοραῖς
497 5503 904 5571 μεγαλοδώροις,
934 5506 1029 5556 σὺν
1058 5506 1132 5573 τῷ
1166 5508 1279 5575 ίδίῳ
1332 5511 1560 5581 συμϐίῳ,
1594 5514 1668 5581 τῷ
1700 5514 1809 5581 ναῷ

1924 5513 2209 5580 splendidis
2234 5514 2597 5569 oblationibus
2634 5528 2751 5565 cum
2779 5511 3003 5577 conjuge
3049 5524 3145 5562 suo
3174 5508 3225 5560 in
3267 5507 3465 5577 templo

329 5660 343 5687 ¹
379 5660 518 5714 Psal.
549 5660 821 5723 cxvuﬂf’).
902 5664 919 5693 ’
965 5661 1103 5714 Psal.
1132 5676 1346 5726 Lxxxvt,
1384 5664 1437 5716 2.
