4120 6340
675 257 808 320 10οῚ

1900 253 2158 315 COSME
2194 251 2633 315 VES‘I‘I‘I‘ORIS
2664 273 2667 276 ·

3715 250 3852 316 1008

673 369 760 419 De:
791 364 1044 428 assidua;
1079 362 1290 428 mulier,
1343 375 1460 428 qum
1515 375 1607 430 per
1654 361 1994 416 concordiam
2038 361 2258 422 animil

2305 359 2397 415 τοῦ
2429 360 2562 413 Θεοῦ
2608 361 3104 432 προσκαρτεροῦσα·
3154 360 3290 429 γυνὴ
3329 361 3384 412 ὲν
3422 359 3642 431 ὁμονοία
3668 360 3848 431 ψυχῆς

669 455 1022 522 corporisque
1077 450 1480 519 temperantiam
1527 451 1640 518 pari
1676 466 1889 519 semper
1917 467 2038 505 cutn
2088 451 2206 504 viro

2305 451 2398 502 καὶ
2441 450 2784 520 σωφροσύνης
2827 450 3074 520 σώματος
3119 451 3179 502 τὺ
3221 451 3548 520 μονότροπον
3606 451 3693 504 ἀεὶ
3748 452 3848 519 τῆς

667 556 766 593 suo
823 541 1080 609 sapientia
1111 539 1365 592 enitebat.
1404 538 1708 591 Secundum
1768 538 1910 592 enim
1955 539 2201 607 (primam

669 629 812 682 illam
849 627 1110 696 mulieris)
1142 627 1514 680 formationem
1550 642 1612 680 ex
1657 641 1742 691 eo,
1776 627 1866 694 qui
1903 627 2061 680 datus
2099 625 2201 692 ipsi

666 700 862 783 conjux
887 733 914 768 a
947 718 1052 770 Deo
1083 715 1201 780 fuit,
1229 732 1289 770 os
1322 717 1448 769 illud
1475 717 1572 769 viri
1604 716 1672 770 ab
1695 717 1840 771 omni
1867 717 2188 769 detrimento

666 807 895 860 servavit
953 808 1237 876 integrum,
1295 807 1632 875 eonjugalem
1700 820 1891 874 nempe
1939 807 2011 858 illi
2073 806 2202 858 alre-

662 902 807 946 etum
830 903 1042 962 propter
1065 907 1303 947 amorem
1335 891 1424 946 Dei
1448 901 1651 947 sartum
1680 900 1985 961 tectumque
2008 900 2192 947 custo-

662 986 835 1039 diens.
955 1054 957 1057 ι

731 1072 812 1126 lV.
842 1073 957 1128 Non
1010 1074 1152 1127 enim
1193 1074 1248 1126 in
1299 1073 1584 1142 perniciem
1637 1073 1759 1136 viri,
1790 1082 1846 1125 ut
1897 1073 2023 1127 olim
2071 1071 2199 1127 Eva.

661 1178 811 1215 versa
841 1173 956 1228 est;
988 1162 1079 1215 sed
1129 1162 1446 1231 adiutricem
1488 1177 1545 1217 se
1576 1164 1652 1215 illi
1673 1163 1921 1231 gpraebuit
1964 1171 2073 1214 tum
2109 1176 2202 1227 per

657 1253 834 1319 jugent
891 1254 1145 1304 virtutum
1201 1251 1672 1316 exercitationem,
1708 1261 1818 1306 tum
1877 1267 1968 1320 p‘.l'
2019 1265 2200 1318 preces

662 1340 902 1407 quotidie
945 1338 1010 1391 ad
1057 1338 1220 1391 Deum
1271 1339 1485 1393 effusas.
1522 1338 1651 1392 Nam
1695 1341 1805 1407 pari
1838 1338 2014 1392 studio
2042 1337 2200 1390 ambo

663 1430 735 1480 illi
763 1429 1016 1496 conjuges
1070 1428 1319 1495 precibus
1375 1443 1406 1482 e
1457 1429 1722 1482 desiderio
1770 1428 1936 1496 prolis
1986 1427 2199 1479 insiste-

663 1519 809 1582 bant,
839 1534 941 1572 non
974 1533 1127 1571 secus
1167 1527 1328 1584 atque
1379 1519 1610 1585 agricola
1658 1516 1816 1571 simul
1865 1531 1986 1569 cum
2037 1531 2200 1569 uxore

665 1622 758 1658 sua
783 1622 1026 1676 asperam
1059 1615 1251 1659 terram
1280 1605 1559 1672 diligenter
1593 1606 2056 1670 ~excolentes,dum
2073 1620 2198 1673 pro-

659 1697 854 1765 jiciunt
884 1711 1084 1760 semen,
1112 1695 1324 1748 uberem
1355 1693 1584 1748 fructum
1616 1704 1999 1748 consecuturos
2027 1710 2084 1747 se
2110 1710 2201 1762 per

664 1787 996 1854 precationes
1015 1794 1348 1853 exspectant.
1375 1785 1489 1837 Non
1519 1786 1688 1838 instar
1716 1787 1835 1839 Eva:
1865 1801 1986 1838 cum
2010 1785 2198 1846 Adam,

663 1876 978 1929 versabatur
1005 1890 1124 1928 cum
1161 1875 1275 1927 viro
1305 1889 1424 1936 suo,
1456 1873 1546 1926 sed
1584 1875 1744 1927 veluti
1787 1874 1883 1942 ipsi
1928 1889 2107 1929 comes
2147 1875 2200 1928 in

661 1967 910 2034 operibus
963 1964 1068 2019 Deo
1100 1964 1354 2032 acceptis,
1387 1979 1449 2017 ac
1498 1965 1656 2017 simul
1691 1979 1812 2018 cum
1843 1979 1909 2018 eo
1959 1965 2010 2017 in
2043 1965 2202 2017 bene-

659 2053 814 2107 factis
844 2052 1210 2122 spiritualibus
1235 2053 1572 2106 collaborans
1596 2071 1610 2117 ;
1636 2065 1794 2120 atque
1818 2062 1874 2105 ut
1894 2053 2072 2122 portio
2101 2053 2197 2105 viri

659 2159 883 2212 prorsus
915 2144 1075 2208 bona,
1105 2145 1351 2197 connubii
1387 2143 1618 2197 fructum
1649 2144 1750 2211 ipsi
1783 2144 2038 2196 eximium
2072 2159 2197 2212 pro-

658 2231 796 2285 tulit.
833 2232 897 2284 Et
938 2231 1174 2299 profecto
1198 2231 1304 2282 Eva
1335 2233 1547 2299 quidem
1592 2242 1805 2298 propter
1846 2233 2054 2286 arboris
2087 2231 2198 2284 fru-

657 2330 801 2372 ctum
830 2319 1083 2371 universo
1108 2318 1308 2370 mundo
1337 2331 1555 2370 causam
1588 2331 1644 2370 se
1667 2318 1914 2370 mteroris
1941 2316 2195 2383 prmbuit;

659 2417 713 2460 at
745 2409 940 2476 coniux
969 2406 1232 2461 Joachimi
1261 2408 1411 2460 Anna
1441 2423 1531 2476 per
1567 2407 1799 2462 fructum
1837 2408 1970 2460 uteri
2006 2406 2198 2476 gaudio

656 2497 894 2548 Creatori
925 2495 1046 2548 fuit.

725 2585 789 2639 γ.
821 2585 1081 2640 Omnibus
1136 2600 1299 2654 porro
1354 2586 1684 2655 exploratum
1729 2596 1828 2651 est,
1863 2589 2041 2644 Mariae
2098 2589 2192 2644 Dei

658 2678 913 2734 Genitrici
939 2676 1171 2730 faustum
1228 2677 1355 2729 illud
1391 2677 1637 2730 nuntium
1678 2677 1911 2732 delatum
1947 2679 2113 2735 fuisse
2143 2681 2193 2733 in

651 2767 867 2820 Galilaza
911 2766 1166 2834 gentium,
1199 2765 1250 2818 in
1310 2765 1470 2819 domo
1501 2764 1719 2835 Joseplti
1748 2767 1925 2827 Fabri,
1967 2769 2058 2836 qui
2126 2770 2190 2821 ad

651 2862 941 2915 eludendas
964 2860 1164 2914 diaboli
1190 2859 1612 2914 machinationes
1635 2861 1790 2914 datus
1804 2863 1966 2915 etiam
1989 2861 2191 2931 Virgini

650 2951 843 3016 conjnx
904 2950 1097 3003 fuerat.
1133 2949 1200 3001 At
1257 2965 1446 3004 rursus
1500 2959 1831 3018 compertum
1887 2960 1989 3014 est,
2021 2952 2188 3020 ipsam
2219 2977 2258 3030 ο

649 3039 921 3094 Christum
981 3039 1248 3108 peperisse
1303 3041 1356 3093 in
1417 3040 2188 3110 Bethleem;quandoquidem

652 3133 764 3184 hare
803 3132 915 3199 ipsa
952 3131 1103 3191 urbs,
1127 3131 1308 3205 habita
1345 3132 1532 3184 matris
1567 3131 1793 3193 ratione,
1819 3133 1976 3183 etiam
2018 3133 2190 3200 patria

652 3222 820 3288 ipsius
853 3233 983 3279 erat,
1020 3221 1191 3286 prouti
1244 3235 1424 3271 sermo
1481 3221 1705 3273 inferius
1763 3220 2188 3285 demonstrabit;

652 3325 775 3362 nam
831 3319 1044 3375 paterna
1085 3309 1202 3375 ejus
1233 3308 1438 3367 domus
1463 3306 1848 3377 Hierosolymis
1897 3317 2040 3370 erat,
2074 3325 2192 3376 qua:

652 3398 1104 3465 circumcingebat
1148 3397 1495 3465 probaticatn,
1522 3405 1581 3448 ut
1610 3397 1769 3465 vulgo
1802 3399 2189 3465 appellabatur,

653 3489 913 3557 piscinam
939 3486 1034 3553 (Ι),
1067 3486 1120 3538 in
1147 3501 1251 3554 qua
1289 3484 1538 3540 Christus
1566 3499 1630 3538 ac
1652 3484 1791 3539 Deus
1821 3495 1999 3540 noster
2032 3502 2191 3555 para-

651 3574 871 3642 lyticum
901 3590 927 3626 a
965 3573 1178 3641 triginta
1220 3577 1276 3625 et
1317 3578 1439 3625 octo
1465 3570 1623 3624 annis
1677 3571 1747 3623 ibi
1775 3571 2037 3638 iacentem
2070 3587 2189 3624 sur-

653 3678 774 3734 gere
817 3664 1012 3732 jubens
1054 3662 1300 3726 sanavit;
1329 3659 1466 3712 velut
1503 3658 1595 3726 qui
1648 3673 1710 3711 ex
1741 3659 1828 3712 illa
1879 3659 2037 3712 domo
2064 3660 2192 3714 alle-

651 3755 828 3823 gorice
866 3767 1177 3822 egressurus
1215 3759 1330 3804 erat
1383 3760 1564 3817 pastor
1600 3748 1779 3801 ovium
1825 3749 2186 3801 rationalium.

648 3844 847 3897 Deinde
873 3851 924 3895 et
972 3842 1025 3894 in
1058 3840 1199 3894 illius
1224 3854 1376 3907 aquae
1405 3839 1609 3907 piscina
1644 3838 1933 3907 symbolice
1967 3853 2186 3906 expres-

648 3948 760 3987 sam
807 3932 1052 3984 novimus
1083 3930 1328 3997 baptismi
1381 3927 1637 3996 gratiam;
1673 3943 1793 3980 nam
1843 3937 1895 3980 et
1948 3917 2189 3981 diuturni

648 4025 852 4079 erroris
903 4023 1182 4089 aegritudo,
1215 4036 1352 4087 quae,
1385 4036 1492 4072 non
1545 4036 1698 4074 secus
1734 4035 1796 4072 ac
1849 4021 1900 4072 in
1951 4021 2189 4086 corporis

649 4115 901 4167 membris
925 4112 1034 4165 lieri
1059 4112 1214 4171 solet,
1238 4111 1445 4160 animas
1475 4110 1748 4160 hominum
1775 4108 2002 4174 quadam
2025 4107 2187 4159 veluti

648 4196 875 4264 paralysi
899 4196 1292 4254 debilitaverat,
1317 4193 1632 4259 purilicante
1657 4194 1856 4259 Spiritu
1881 4208 1973 4259 per
1994 4208 2184 4257 aquam

651 4294 833 4338 sanata
855 4293 938 4337 est
957 4301 970 4346 ;
992 4284 1438 4350 quemadmodum
1460 4284 1618 4334 etiam
1651 4283 1701 4333 in
1732 4281 1895 4348 figura
1921 4282 2187 4335 Bethleem

649 4388 770 4426 eum
800 4373 1088 4433 Cernimus,
1115 4371 1204 4438 qui
1232 4370 1579 4422 fermentatus
1603 4378 1684 4421 est
1711 4369 2003 4436 spiritualis
2035 4371 2188 4437 panis

648 4462 785 4514 vitae.
824 4460 896 4513 lbi
946 4459 1190 4513 Christus
1236 4469 1288 4512 et
1335 4461 1433 4512 sub
1488 4459 1660 4527 angeli
1694 4458 1871 4526 specie
1903 4459 2048 4512 visus
2107 4469 2186 4513 est

647 4553 893 4614 Abralne,
931 4552 1018 4620 qui
1078 4552 1275 4618 pariter
1306 4551 1357 4602 in
1411 4550 1580 4602 forma
1616 4548 1786 4615 angeli
1836 4563 1954 4602 cum
1986 4546 2185 4603 Jacobo

647 4647 878 4696 luctatus
905 4654 1001 4695 est.
1040 4643 1156 4709 Ipse
1181 4651 1260 4694 est
1291 4633 1469 4702 enim,"
1489 4641 1576 4707 qui
1606 4642 1667 4691 ad
1707 4639 2182 4706 evangelizandum

718 4839 790 4906 (l)
829 4841 1108 4890 Paternam
1143 4839 1378 4904 Deipara:
1426 4840 1637 4892 domum
1669 4843 1851 4892 eodem
1898 4844 2053 4895 modo
2083 4843 2176 4896 de-

647 4908 1055 4978 signat‘etiam
1099 4907 1157 4978 S_.
1209 4906 1437 4978 Joannes
1508 4909 1887 4978 Damascenus,
1930 4912 2176 4978 inquiens

647 4975 743 5044 (De
799 4974 915 5027 Fid.
945 4973 1181 5046 0rthod._
1213 4973 1304 5025 lib.
1331 4989 1398 5029 Iv.
1443 4990 1565 5046 cap._
1600 4977 1682 5038 Η)
1714 4997 1746 5046 :_
1777 4976 1955 5044 Itaque
2004 4973 2174 5046 :qralia

647 5041 787 5111 (nam
824 5046 916 5096 hoc
965 5051 1116 5095 sonat
1151 5041 1313 5112 Annw
1352 5044 1673 5112 vocabulum)
1720 5041 2173 5112 Dominam’pnrit

645 5114 721 5176 (id
747 5114 877 5164 enim
909 5112 1090 5163 Maria?
1120 5111 1322 5163 nomine
1352 5110 1696 5176 significatur,
1732 5128 1842 5177 (μίαν
1872 5131 1981 5166 vere
2009 5110 2173 5169 omnis

645 5193 898 5233 creatura:
934 5181 1143 5231 domina
1169 5179 1309 5245 facta
1333 5180 1420 5239 sit,
1443 5195 1558 5229 cum
1607 5190 1767 5230 mater
1796 5181 2056 5237 Creatoris
2085 5203 2171 5237 ert:-

644 5250 838 5313 stitit);
869 5250 1102 5300 nascitur
1131 5258 1297 5315 autem
1328 5247 1381 5297 in
1416 5246 1566 5297 domo
1593 5248 1871 5313 probatis-iv
1913 5251 2171 5315 Joac/tim,

645 5326 799 5387 atque
823 5317 889 5368 ad
914 5316 1154 5387 templum
1189 5314 1765 5387 adducitur_(Tlxrerat
1803 5319 1863 5387 ,δὲ
1896 5322 1952 5370 ἐν
1978 5321 2050 5387 τῷ
2078 5314 2174 5387 τῆς

645 5384 1110 5457 προϐατικῆς-τοῦ
1149 5385 1399 5457 Ἰωακεὶμ
1435 5384 1599 5457 οἴκῳ,
1626 5387 1716 5436 καὶ
1747 5385 1820 5452 τῷ
1853 5389 1980 5455 ἱερῷ
2006 5384 2173 5457 προσ-

647 5451 883 5519 ᾴγεται).
927 5453 1005 5504 Ad
1044 5467 1202 5519 quem
1242 5452 1553 5504 Damasceni
1589 5453 1758 5505 locum
1796 5451 1912 5508 luce
1952 5451 2175 5512 adnotat

648 5517 936 5585 Lequinius
984 5517 1076 5589 (in
1101 5530 1211 5577 not.
1230 5520 1308 5573 :‘ad
1354 5520 1407 5574 ιι.
1447 5520 1544 5582 l.):
1588 5519 1838 5574 Nascitur
1895 5537 2065 5578 autem
2120 5528 2173 5578 in

2303 540 2553 608 γνώσεως
2585 540 2718 610 μετὰ
2738 541 2828 593 τοῦ
2853 541 3040 610 ἀνδρὸς
3064 542 3400 611 κτησαμένη.
3430 542 3581 593 Κατὰ
3611 542 3718 610 γὰρ
3748 541 3848 609 τὴν

2305 624 2497 678 πλάσιν
2522 627 2613 678 τοῦ
2660 626 3039 696 συζευχθέντος
3087 629 3224 697 αὐτῇ
3268 629 3418 697 παρὰ
3463 628 3553 680 τοῦ
3583 629 3739 690 Θεοῦ,
3785 630 3848 680 τὸ

2301 714 2486 767 ὀστοῦν
2511 716 2761 769 διέσωσεν
2786 719 3157 789 ἁσυντρίπτως
3180 720 3274 772 τοῦ
3307 718 3516 787 ἀνδρὸς,
3549 717 3637 770 διὰ
3667 719 3727 769 τὺ
3754 735 3846 785 φι-

2302 805 2480 858 λόθεον
2512 807 2569 860 τὸ
2620 808 2992 881 φιλάνθρωπον
3019 809 3167 879 αὐτῷ
3212 810 3705 879 παραφυλάττουσα
3747 809 3845 876 τῆς

2302 894 2600 966 ξυνωρίδος.

2366 1071 2438 1120 Δ’.
2474 1068 2547 1120 Οὐ
2592 1067 2698 1140 γὰρ
2746 1068 3072 1138 βλαπτικῶς,
3114 1069 3189 1132 ὡς
3236 1070 3266 1138 ἡ
3315 1064 3443 1133 Εὔα,
3489 1070 3844 1138 μετεποιήθη,

2299 1157 2429 1209 ἀλλὰ
2463 1157 2647 1227 βοηθὸς
2689 1158 2765 1227 τῷ
2803 1159 2955 1228 ἀνδρὶ
2984 1159 3328 1229 συνηρμόσθη
3365 1159 3455 1211 ὲπί
3500 1176 3557 1211 τε
3586 1163 3696 1220 τοῖς
3735 1160 3842 1209 τῶν

2300 1246 2502 1316 ἀρετῶν
2529 1247 2930 1317 πολιτεύμασιν,
2958 1241 3050 1299 ιπι
3078 1264 3136 1298 τε
3160 1251 3275 1309 ταῖς
3305 1247 3391 1298 διὰ
3414 1247 3513 1315 τὴν
3543 1247 3676 1314 πρὸς
3706 1246 3841 1297 Θεὸν

2301 1335 2546 1397 ἱκεσίαις.
2581 1335 2733 1398 Ἴσως
2764 1334 2869 1404 γὰρ
2896 1337 2944 1388 oi
2988 1335 3079 1389 δύο
3105 1337 3229 1404 περὶ
3259 1337 3356 1404 τὴν
3394 1337 3575 1403 δέησιν
3597 1336 3695 1403 τῆς
3721 1338 3810 1386 ἐπι
3829 1363 3844 1372 -

2300 1425 2493 1492 θυμίας
2518 1423 2795 1493 ἀπέκαμον
2820 1425 2910 1478 τοῦ
2951 1425 3160 1477 τέκνου·
3187 1427 3305 1478 καθ’
3332 1426 3391 1478 ὃν
3431 1428 3625 1494 τρόπον
3668 1442 3845 1494 γεωρ-

2297 1515 2390 1581 γὲς
2418 1516 2530 1583 ἅμα
2560 1515 2655 1582 τῆς
2690 1514 2853 1568 αὑτοῦ
2881 1509 3155 1582 γυναικὸς,
3192 1518 3373 1586 χώραν
3416 1516 3850 1585 καλλιεργήσαν-

2299 1622 2386 1666 τος
2413 1606 2622 1673 χέρσον,
2653 1604 2743 1656 τὸν
2786 1604 2986 1673 σπόρον
3032 1606 3514 1674 καταϐαλλόμενοι,
3551 1607 3648 1672 τὴν
3691 1606 3849 1672 εὐφο-

2303 1693 2421 1761 ρίαν
2446 1691 2552 1743 τῶν
2578 1692 2799 1761 καρπιῖιν
2830 1694 3104 1763 ἐπιτυχεῖν
3132 1695 3198 1745 δι’
3249 1696 3410 1763 εὐχῆς
3434 1695 3849 1763 ἀπεκδέχονται.

2300 1781 2409 1850 Ούχ
2441 1782 2513 1844 ὡς
2542 1783 2575 1848 ἡ
2607 1781 2716 1833 Εὔα
2750 1780 3027 1848 συζήσασα
3068 1782 3146 1849 τῷ
3191 1784 3381 1850 Ἀδὰμ,
3413 1783 3526 1834 ἀλλ’
3552 1785 3627 1844 ὡς
3657 1800 3852 1851 συνερ-

2298 1873 2392 1938 γὸς
2429 1870 2806 1940 εὐχαριστίας,
2849 1873 2941 1925 καὶ
2977 1871 3327 1941 συμπονοῦσα
3379 1874 3496 1941 μετ’
3530 1873 3692 1924 αὑτοῦ
3727 1876 3854 1934 ταῖς

2295 1961 2548 2030 ψυχικαῖς
2589 1963 2950 2031 εὐεργεσίαις
2983 1966 3076 2015 καὶ
3109 1950 3190 2024 ’ὡς
3225 1963 3446 2033 ἀληθῶς
3481 1963 3654 2032 ἀγαθὴ
3690 1964 3851 2032 μερὶς

2297 2053 2734 2121 τελεσφορήσασα
2774 2053 2871 2122 τὴν
2915 2053 3097 2123 κοίτην
3139 2054 3218 2122 τῷ
3263 2053 3436 2119 ἀνδρί.
3494 2052 3556 2105 Ἢ
3602 2054 3699 2121 μὲν
3737 2052 3847 2119 γὰρ

2296 2136 2408 2195 Εὖα
2429 2141 2513 2193 διὰ
2541 2140 2748 2209 καρπὸν
2777 2141 2942 2210 φυτοῦ
2964 2142 3040 2210 τῷ
3063 2143 3248 2213 κόσμῳ
3269 2143 3446 2212 λύπης
3477 2143 3690 2209 ἐγένετο
3717 2141 3851 2210 πρό-

2298 2230 2463 2294 ξενος·
2497 2231 2528 2298 ὴ
2559 2229 2612 2281 δὲ
2651 2228 2743 2281 τοῦ
2785 2228 3035 2299 Ἰωακεὶμ
3079 2231 3242 2283 Ι’Δννα
3281 2230 3367 2283 διὰ
3407 2230 3615 2302 καρπὸν
3642 2229 3849 2292 κοιλίας

2297 2320 2371 2390 τῷ
2400 2321 2604 2391 Κτίστῃ
2627 2321 3029 2390 κεχρημάτικεν
3055 2321 3216 2391 χαρά.

2366 2586 2437 2637 E'.
2470 2585 2644 2637 Πᾶσιν
2681 2584 2858 2652 μέντοι
2901 2583 3158 2652 γνωστὸν,
3184 2583 3259 2645 ὡς
3284 2583 3342 2636 ὲν
3365 2585 3432 2653 τῇ
3460 2582 3714 2654 Γαλιλαίᾳ
3738 2583 3849 2634 τῶν

2295 2674 2460 2726 ἐθνῶν
2507 2674 2538 2743 ἡ
2576 2673 2833 2733 Θεοτόκος
2868 2671 3224 2741 εὐηγγελίσθη
3269 2673 3455 2741 Μαρία
3488 2675 3545 2724 ὲν
3594 2672 3668 2741 τῷ
3713 2672 3848 2740 οίκῳ

2292 2765 2383 2818 τοῦ
2421 2765 2662 2827 τέκτονος
2708 2763 2923 2832 Ἰωσὴφ,
2954 2762 3044 2814 τοῦ
3074 2762 3164 2815 καὶ
3205 2764 3641 2832 χρηματίσαντος
3662 2801 3677 2823 ,
3707 2765 3850 2815 κατά

2295 2854 2644 2925 συναρπαγὴν
2688 2854 2779 2905 τοῦ
2821 2853 3065 2906 διαϐόλου
3136 2854 3365 2920 συζύγου
3415 2855 3511 2922 τῆς
3542 2853 3846 2923 Παρθένου.

2293 2945 2522 3014 Εὔδηλον
2569 2946 2625 2998 δὲ
2672 2945 2852 3005 πάλιν,
2901 2946 2980 2998 ὅτι
3011 2948 3068 2997 ὲν
3109 2943 3354 3014 Βηθλεὲμ
3384 2947 3710 3014 γεγέννηκεν
3752 2946 3848 2996 τόν

2293 3039 2544 3105 Χριστόν·
2571 3040 2651 3091 ὅτι
2681 3041 2777 3090 καὶ
2820 3041 3018 3107 πατρὶς
3050 3038 3216 3105 αὐτῆς
3257 3038 3392 3107 αὑτὴ
3423 3041 3455 3106 ἡ
3496 3039 3645 3099 πόλις
3683 3022 3847 3103 ὲτύγὲ

2293 3145 2452 3195 χανεν
2483 3129 2557 3189 ὡς
2602 3128 2707 3179 ἀπὸ
2757 3129 2979 3197 μητρὸς.
3035 3129 3176 3180 καθὰ
3225 3127 3577 3197 παρακατιὼν
3615 3129 3643 3180 δ
3687 3127 3848 3192 λόγος
3919 3173 3922 3176 .

2295 3218 2649 3283 παραστήσει.
2705 3217 2764 3269 '0
2791 3216 2898 3285 γὰρ
2943 3216 3204 3283 πατρικὸς
3247 3218 3414 3284 αὐτῆς
3464 3213 3630 3279 οἶκος,
3677 3217 3704 3267 ό
3743 3215 3847 3283 τὴν

2293 3303 2624 3371 προϐατικην
2648 3321 2710 3356 πε
2722 3304 2968 3371 ρικλείων
3000 3304 3057 3356 εν
3096 3303 3450 3372 Ἰερουσαλὴμ
3480 3304 3746 3371 ὑπῆρχεν,
3769 3303 3847 3366 ὡς

2290 3393 2446 3460 λόγος
2473 3396 2679 3457 sla:st
2715 3393 3119 3463 κολυμϐήθραν,
3170 3395 3228 3446 ἐν
3339 3394 3427 3446 τὸν
3459 3396 3516 3445 ἐν
3554 3395 3845 3461 τριάκοντα

2293 3483 2386 3535 καὶ
2411 3484 2554 3534 ὀκτὼ
2591 3484 2800 3551 χρόνοις
2842 3484 3231 3552 κατακείμενον
3267 3484 3631 3552 παραλυτικὸν
3656 3485 3684 3535 ό
3712 3485 3753 3535 Χ
3765 3500 3848 3553 ρι-

2294 3575 2414 3636 στὸς
2452 3573 2544 3626 καὶ
2577 3573 2705 3636 Θεὸς
2736 3574 2891 3642 ήμῶν
2920 3573 3283 3643 ἐθεράπευσεν
3331 3574 3639 3644 ἐξεγείρας,
3673 3575 3747 3634 ὡς
3784 3574 3845 3637 ἐξ

2291 3664 2498 3716 ἐκείνου
2537 3662 2741 3732 μέλλων
2769 3661 2862 3715 τοῦ
2898 3665 3046 3716 οίκου
3077 3662 3466 3733 ἐκπορεύεσθαι
3498 3664 3840 3733 συμϐολικῶς

2291 3753 2489 3823 ποιμὴν
2527 3754 2635 3806 τῶν
2680 3753 2912 3820 λογικῶν
2953 3753 3258 3821 προϐάτων.
3307 3750 3439 3806 Εἶτα
3479 3755 3575 3807 καὶ
3619 3755 3704 3806 διὰ
3741 3755 3840 3820 τῆς

2289 3845 2464 3896 ἐκεῖσε
2519 3841 2613 3896 τοῦ
2659 3842 2850 3905 ὕδατος
2888 3844 3270 3914 κολυμϐήθρας
3323 3843 3418 3896 τοῦ
3469 3843 3842 3912 βαπτίσματος

2289 3933 2707 4003 προτυπωθῆναι
2740 3936 2800 3986 τὸ
2829 3938 3089 4003 χάρισμα·
3123 3937 3213 3988 καὶ
3243 3935 3349 4003 γὰρ
3376 3936 3590 4004 χρονίας
3632 3936 3840 4001 πλάνης

2292 4025 2324 4091 ἡ
2371 4023 2522 4084 νόσος
2566 4022 2663 4084 τὰς
2699 4023 2808 4073 τῶν
2858 4024 3179 4092 ἀνθρώπων,
3210 4024 3284 4084 ὼς
3333 4026 3390 4075 ἔν
3435 4025 3584 4087 τάξει
3635 4022 3835 4091 μελῶν,

2294 4110 2652 4178 παραλύσασα
2694 4110 2908 4177 ψυχὰς,
2959 4112 3221 4178 καθάρσει
3270 4112 3364 4162 τοῦ
3411 4112 3716 4179 πνεύματος
3769 4112 3838 4162 δι’

2293 4197 2480 4258 ὓδατος
2511 4197 2732 4264 ὑγιὼθη·
2762 4189 2946 4266 ὥσπερ
2976 4201 3067 4249 καὶ
3094 4202 3147 4250 ὲν
3175 4200 3447 4267 προσώπῳ
3471 4201 3570 4267 τῆς
3597 4201 3838 4268 Βηθλεὲμ

2216 4257 2266 4314 D
2291 4289 2318 4338 ὁ
2358 4289 2512 4354 ἄρτος
2545 4257 2795 4355 έζυμῶθη
2838 4288 2866 4338 ὁ
2909 4257 3093 4356 νοητὸς
3131 4257 3230 4356 τῆς.
3266 4257 3429 4355 ζωῆς.
3468 4257 3632 4341 ’ένθα
3657 4257 3772 4340 ’καὶ
3800 4257 3838 4342 ’ὁ

2292 4377 2521 4446 Χριστὸς
2558 4377 2926 4446 ἀγγελοφανὴς
2958 4377 3242 4447 ὑπεδείχθη
3267 4378 3345 4447 τῷ
3384 4377 3654 4447 ’Δϐραὰμ,
3687 4380 3714 4430 ὀ
3739 4383 3836 4432 καὶ

2292 4467 2367 4532 τῷ
2402 4466 2594 4518 Ἰακὼϐ
2635 4467 3036 4536 προσπαλαίσας
3084 4468 3140 4518 ὲν
3170 4468 3399 4533 ἀγγέλου
3431 4471 3630 4536 μορφῇ.
3664 4469 3836 4531 Αὐτὸς

2292 4556 2398 4624 γάρ
2426 4557 2567 4607 ἔστιν
2606 4560 2633 4608 ό
2675 4557 2837 4607 ἐλθὼν
2871 4556 3317 4623 εὐαγγελίσασθαι
3349 4559 3455 4619 τοῖς
3499 4559 3710 4627 μακρὰν
3739 4561 3836 4612 καὶ

2288 4650 2399 4711 τοῖς
2426 4647 2606 4714 ἐγγύςο
2636 4648 2792 4710 αὑτός
2823 4649 2967 4700 ἐστιν
3009 4649 3068 4699 τὸ
3101 4646 3409 4715 εὐαγγέλιον
3430 4649 3529 4716 τῆς
3565 4648 3840 4703 δικαιοσύ-

2283 4847 2432 4897 domo
2463 4846 2739 4909 probation:
2770 4861 2780 4893 :
2820 4843 2915 4896 hoc
2943 4853 3018 4897 est
3051 4844 3102 4895 in
3131 4844 3326 4898 adibus
3378 4849 3652 4913 pecuariis.
3694 4847 3832 4902 Pro-

2282 4915 2464 4966 batica:
2498 4931 2680 4966 nomen
2709 4929 2934 4979 gra'cum
2977 4916 3173 4965 servavi
3202 4926 3406 4980 propter
3459 4919 3649 4970 celebre
3697 4931 3833 4971 tem-

2279 4985 2651 5053 plum_sancla:
2682 4982 2924 5040 civitatis,
2956 4981 3397 5053 quod_l’robatica
3432 4998 3751 5053 nuncupant,
3774 4991 3831 5042 in

2278 5069 2377 5119 quo
2414 5051 2761 5102 Damnscentts
2792 5065 3050 5119 sermones
3085 5051 3262 5103 habuit
3309 5055 3360 5106 in
3395 5054 3581 5108 Natali
3604 5051 3668 5107 B.
3708 5056 3830 5109 Vir-

2278 5117 2428 5191 ginis.
2452 5120 2647 5191 Ibidem
2674 5120 2842 5177 aiunt,
2859 5117 3178 5191 probaticqm
3200 5122 3344 5174 illam
3366 5127 3616 5187 piscinam
3638 5125 3824 5191 fuisse.

2278 5190 2344 5262 At
2391 5189 2590 5262 nullam
2615 5188 3064 5262 prorsus_dom_um
3115 5188 3490 5260 Hierosolymis
3517 5188 3645 5262 post
3680 5197 3829 5246 exci-

2277 5260 2418 5327 dium
2445 5258 2648 5307 stetisse
2667 5256 3110 5327 locupletissimus
3134 5269 3207 5310 est
3230 5256 3375 5313 testis
3406 5256 3682 5327 Iosephus,
3716 5272 3826 5316 etc.

2281 5324 2470 5398 {erum
2505 5340 2622 5398 qum
2665 5325 2825 5398 habet
2849 5324 3093 5398 gosmas,
3130 5329 3375 5392 suadent,
3407 5324 3826 5398 appellatimteut

2273 5395 2367 5464 τῆς
2397 5392 2723 5459 προϐατικῆς
2755 5392 2887 5444 nihil
2938 5395 3002 5446 ad
3059 5399 3313 5464 templum
3353 5392 3583 5464 Virginis
3613 5409 3705 5449 aut
3758 5401 3830 5453 ad

2271 5461 2510 5540 domum,
2542 5475 2666 5540 quae.
2691 5469 2964 5526 superstes
2990 5461 3247 5522 manserit
3270 5461 3481 5522 excidio
3517 5465 3832 5536 Hierosoly-

2271 5539 2494 5591 nlllaliO,
2539 5539 2822 5596 pertinere.
