4120 6340
670 347 797 412 10H

1214 346 1470 407 COSM/E
1501 344 1936 408 VESTITORIS
1962 343 2212 403 SERMO
2252 343 2330 401 IN
2371 342 2473 401 SS.
2509 340 2828 402 IOACHIM
2872 341 2967 400 ET
3002 338 3279 399 ANNAM.

3701 331 3837 398 1012

664 469 712 512 et
757 458 1030 518 exsultate,
1065 456 1305 524 quoniam
1344 470 1553 517 merces,
1588 454 1792 507 fructus
1841 452 1974 506 uteri
2009 450 2191 510 vestri,
2227 458 2261 511 Α

2304 448 2679 517 ἀγαλλιᾶσθε,
2709 450 2793 501 ὅτι
2823 452 2855 501 ό
2876 449 3091 516 μισθὸς
3117 448 3206 499 τοῦ
3241 445 3451 516 καρποῦ
3482 448 3579 513 τῆς
3606 447 3839 515 γαστρὸς

666 548 719 599 in
742 546 880 599 caelis
905 554 977 597 est
1001 546 1041 595 '.
1084 542 1191 596 Vos
1224 545 1363 596 enim
1398 543 1547 606 estis,
1574 543 1662 611 qui
1690 557 1807 594 cum
1826 542 1955 609 justi
1980 542 2192 607 essetis,

667 645 881 704 propter
911 634 1244 688 sterilitatem
1295 633 1595 701 Opprobriis
1639 632 1817 685 fuistis
1868 631 2111 699 impetiti,
2142 642 2193 684 et

666 725 848 791 iniqua
871 723 1146 776 adversum
1172 737 1264 776 vos
1289 714 1445 775 verba
1475 722 1770 776 audivistis.
1800 722 1865 773 At
1892 720 2049 788 paulo
2075 731 2195 787 post

666 813 933 865 laetissime
979 812 1044 866 de
1095 821 1338 880 suscepta
1374 812 1519 881 prole
1574 811 1740 881 gavisi
1804 809 1953 872 estis,
1979 818 2031 862 et
2064 809 2194 862 satis

663 912 743 954 est
794 902 944 955 vobis
974 901 1037 953 ad
1073 901 1301 965 laudem,
1337 901 1474 969 quod
1504 898 1722 951 Matrem
1764 898 1851 950 Dei
1879 896 2191 966 geuueritis.

730 988 955 1041 Prorsus
981 989 1119 1039 enim
1152 989 1330 1041 divino
1356 987 1737 1057 prtedeiinitum
1764 985 1936 1038 fuerat
1956 985 2189 1044 decreto,

665 1086 720 1128 ut
737 1076 862 1143 justi
889 1074 962 1127 illi
986 1075 1218 1144 Deiparae
1235 1076 1500 1144 genitores
1521 1074 1835 1142 cognatione
1853 1088 1969 1128 cum
1980 1072 2195 1128 Christo

663 1170 952 1223 secundum
986 1184 1199 1222 carnem
1228 1167 1625 1221 deviucirentur
1669 1174 1919 1232 tanquam
1950 1163 2114 1232 digni,
2142 1172 2193 1217 et

663 1260 955 1312 honerihus
995 1259 1474 1312 cohonestarentur
1506 1267 1759 1324 tanquam
1792 1255 2068 1308 nobilitate
2108 1268 2195 1323 ge-

663 1347 830 1409 neris,
847 1347 973 1415 regii
994 1361 1182 1414 nempe
1202 1354 1250 1398 et
1285 1344 1651 1405 sacerdotalis,
1671 1344 1927 1412 insignes.
1949 1342 2021 1395 Ex
2043 1354 2191 1396 utra-

664 1449 767 1501 que
805 1434 943 1486 enim
976 1434 1200 1487 duarum
1231 1434 1440 1485 illarum
1474 1434 1731 1493 tribuum,
1767 1447 1885 1499 quae
1913 1432 2022 1500 jam
2070 1432 2195 1485 inde

665 1525 731 1576 ah
766 1524 915 1576 initio
964 1522 1189 1576 diversis
1238 1522 1409 1575 modis
1458 1522 1724 1590 permistze
1762 1520 1992 1587 fuerant,
2026 1537 2195 1590 genus

666 1626 820 1662 suum
855 1609 1075 1676 Deipara
1104 1608 1268 1660 ducit.

741 1697 872 1749 VIII.
901 1696 1147 1749 Ceterum
1203 1696 1269 1748 de
1328 1695 1654 1763 genitoribus
1712 1696 1948 1764 Deiparae
1996 1707 2048 1751 et
2094 1699 2196 1751 ista

666 1788 752 1840 hic
808 1785 965 1855 adjici
1032 1795 1255 1854 possunt
1278 1785 1319 1839 ⁸.
1355 1784 1663 1845 Zacharias.
1692 1786 1912 1841 Joannis
1956 1789 2201 1856 Baptista:
2228 1778 2274 1835 Β

669 1883 837 1944 pater,
864 1876 1076 1928 fratrem
1098 1875 1533 1927 consacerdotem
1564 1874 1767 1936 habuit,
1793 1875 1966 1943 Aggaei
1992 1877 2202 1930 nomine

667 1966 1013 2034 appellatum,
1030 1965 1118 2033 qui
1146 1973 1197 2018 et
1222 1966 1320 2033 ipsi
1346 1974 1698 2032 praemonuus
1717 1973 1815 2019 est.
1838 1966 2005 2034 Hujus
2024 1967 2199 2036 Αεεωί

667 2052 825 2105 liliaui
873 2054 924 2105 in
970 2053 1350 2105 matrimouum
1385 2052 1533 2105 duxit
1564 2051 1761 2121 Joseph
1804 2052 1990 2118 faber;
2028 2071 2058 2109 e
2094 2072 2200 2124 qua

672 2153 902 2211 quatuor
927 2144 1157 2213 suscepit
1192 2144 1347 2205 filios,
1380 2159 1442 2198 ac
1458 2145 1592 2198 duas
1625 2145 1783 2207 tilias,
1810 2160 2033 2214 quorum
2064 2163 2203 2201 unus

668 2234 767 2287 fuit
798 2233 1049 2299 Iacobus,
1086 2234 1496 2302 cognominatus
1533 2233 1698 2286 frater
1755 2234 1977 2299 Christi,
2004 2237 2094 2303 qui
2150 2246 2203 2289 et

667 2326 871 2389 primus
894 2322 1097 2375 exstitit
1126 2320 1621 2389 Hierosolymorum
1661 2323 1974 2391 episcopus;
2007 2340 2201 2377 nomen

667 2422 843 2463 autem
882 2409 1064 2462 uxoris
1095 2410 1263 2477 ipsius
1288 2418 1402 2461 erat
1439 2409 1677 2475 Salome,
1703 2426 1806 2463 non
1855 2412 2069 2479 quidem
2102 2415 2204 2468 0b-

669 2500 879 2559 stt-trix,
914 2498 1003 2550 sed
1035 2498 1171 2551 alia.
1214 2498 1380 2551 Porro
1411 2508 1529 2566 post
1568 2498 1723 2567 hujus
1761 2514 1983 2554 mortem
2008 2501 2202 2570 Joseph

670 2599 921 2651 sponsam
962 2586 1167 2652 accepit
1226 2584 1446 2638 Mariam
1512 2585 1813 2655 Deiparam,
1847 2606 1963 2657 qua:
2016 2606 2206 2658 genere

668 2680 913 2725 materno
962 2672 1221 2741 originem
1282 2672 1533 2726 trahebat
1569 2690 1597 2727 e
1636 2674 1850 2729 Mathau
1905 2679 2204 2741 sacerdote,

670 2760 760 2829 qui
794 2770 846 2815 et
881 2760 992 2828 ipse
1022 2771 1135 2815 erat
1167 2777 1229 2815 ex
1258 2764 1424 2831 stirpe
1453 2762 1779 2828 Salomonis,
1813 2764 1903 2818 ﬁlii
1938 2766 2121 2828 David,
2151 2776 2208 2821 ut

671 2850 826 2905 habet
847 2849 1187 2919 Evangelium
1214 2850 1391 2916 Lucae,
1404 2852 1488 2907 ubi
1514 2854 1871 2925 genealogiam
1886 2856 2203 2911 dominicam

668 2942 941 3001 describit.
967 2944 1069 2996 Iste
1093 2943 1233 2995 enim
1262 2943 1473 2997 Matban
1502 2960 1563 2999 ex
1594 2944 1755 2999 Maria
1787 2962 1950 3001 uxore
1973 2964 2068 3003 sua
2099 2958 2206 3004 tres

673 3032 855 3087 habuit
901 3032 1057 3097 tilias,
1092 3048 1318 3101 quarum
1371 3036 1586 3088 nomina
1636 3046 1763 3090 sunt
1791 3037 1975 3101 Maria,
2006 3036 2202 3102 Sobbc,

670 3123 841 3174 Anna.
880 3121 1040 3174 Maria
1090 3122 1270 3190 itaque
1304 3123 1554 3178 Salomen
1594 3122 1943 3180 Obstetricem
1990 3128 2201 3195 genuit;

673 3206 845 3260 Sohhe
899 3208 1081 3275 genuit
1128 3206 1380 3273 Elisabet,
1412 3209 1635 3265 Joannis
1676 3212 1922 3281 Baptista:
1946 3224 2204 3281 matrem;

673 3302 824 3347 Anna
856 3311 988 3348 vero
1018 3297 1071 3349 in
1103 3296 1373 3366 Bethleem
1424 3302 1603 3368 genuit
1655 3301 1934 3369 Deiparam
1966 3303 2207 3367 Mariam,

673 3398 791 3448 quae
824 3400 886 3435 ex
917 3386 1130 3437 nomine
1162 3388 1294 3439 aviae
1324 3397 1378 3439 et
1426 3398 1722 3442 matertera:
1757 3390 1919 3443 Maria
1948 3394 2208 3459 appellata

674 3481 790 3535 est;
822 3473 953 3524 adeo
980 3484 1034 3525 ut
1060 3474 1311 3538 Elisahet,
1357 3477 1525 3529 Anna:
1550 3478 1764 3543 quidem
1794 3494 1854 3532 ex
1889 3495 2074 3532 sorore
2120 3498 2212 3532 nc-

677 3562 800 3629 ptis,
826 3560 1060 3629 Deiparze
1108 3578 1232 3617 vero
1251 3564 1572 3617 consobrina
1604 3566 1784 3621 fuerit.
1821 3568 1969 3630 Quod
1996 3571 2209 3637 quidem

678 3660 963 3719 utrumque
1003 3652 1284 3705 conﬁrmat
1318 3653 1690 3722 Evangelium,
1729 3656 1817 3709 ubi
1850 3656 1914 3709 ad
1968 3657 2212 3712 indican-

676 3740 800 3790 dum
832 3739 1032 3793 Christi
1089 3742 1384 3795 secundum
1432 3757 1647 3797 carnem
1688 3754 1968 3812 paternum
2023 3758 2209 3817 genus,

678 3828 835 3891 Erat,
873 3830 1062 3899 inquit,
1096 3830 1249 3887 Jews
1305 3834 1551 3900 incipiens
1604 3837 1752 3903 quasi
1805 3854 2061 3892 annorum
2113 3842 2211 3893 tri—

675 3921 838 3989 ginta,
873 3932 926 3974 ut
951 3922 1253 3989 putabatur,
1294 3925 1435 3991 ﬁlius
1458 3924 1673 3995 Joseph,
1703 3929 1790 3997 qui
1817 3929 1915 3995 fuit
1957 3930 2094 3995 Heli,
2124 3934 2212 3999 qui
2248 3910 2249 3913 Ἴ

678 4012 773 4079 fuit
804 4011 1018 4064 Mallum
1046 4014 1088 4075 °;
1114 4014 1180 4067 de
1216 4024 1458 4069 materno
1482 4024 1658 4070 autem
1710 4033 1922 4086 genere,
1954 4017 2102 4084 Ecce,
2132 4021 2212 4072 iu-

676 4103 809 4169 quit,
828 4111 873 4154 et
908 4100 1138 4155 Elisabet
1174 4114 1393 4170 cognata
1425 4107 1582 4173 tua].
1618 4106 1859 4177 Quorum
1886 4108 2075 4174 gratia,
2103 4109 2214 4175 glo-

678 4193 755 4244 ria
787 4192 857 4245 sit
888 4193 1288 4261 benignissima:
1328 4192 1418 4247 Dei
1460 4196 1711 4248 charitati
1751 4213 1891 4250 nunc
1916 4208 1967 4250 et
2001 4213 2212 4266 semper

679 4290 731 4333 et
769 4283 820 4334 in
845 4284 1039 4335 saecula
1077 4284 1414 4336 saeculorum.
1451 4286 1641 4337 Amen.

758 4456 778 4483 '
800 4453 985 4506 Matth.
1021 4453 1166 4537 μθ.
1238 4457 1258 4487 ⁸
1280 4454 1410 4510 Luc.
1453 4472 1529 4521 ιιι,
1558 4456 1645 4510 25.
1711 4459 1730 4489 ⁷
1756 4456 1882 4511 Luc.
1914 4475 1952 4525 ι,
1983 4459 2069 4512 56.

2300 538 2448 605 ὑμῶν
2482 538 2548 589 ἐν
2574 539 2694 602 τοῖς
2722 536 3017 604 οὐρανοῖς.
3062 537 3249 605 Ὑμεῖς
3270 536 3375 605 γάρ
3404 536 3523 587 ἐστε
3554 538 3601 588 oi
3629 536 3714 587 διὰ
3738 534 3838 603 τὴν

2297 628 2545 679 ἀτεκνίαν
2574 628 2952 689 ὀνειδισθέντες
2985 628 3146 694 ἆγιοι,
3174 627 3266 679 καὶ
3288 628 3545 696 ῥημάτων
3572 627 3839 679 ἀκούσαν-

2298 731 2386 775 τες
2416 714 2685 783 πονηρῶν.
2738 716 2879 767 Ἀλλ’
2913 714 3303 785 εὐφρανθέντες
3350 716 3467 785 μετ’
3517 716 3691 781 ὀλίγον
3741 716 3838 767 ἐπὶ

2295 804 2651 868 τεκνογονίαν,
2669 805 2761 856 καὶ
2786 804 2945 873 ἀρκεῖ
2971 804 3097 873 ὑμῖν
3126 802 3260 873 πρὸς
3288 801 3506 856 ἔπαινον
3530 805 3590 857 τὸ
3621 806 3838 874 μητέρα

2297 891 2428 943 Θεοῦ
2457 892 2858 959 γεγεννηκέναι.

2376 978 2610 1043 Ἀληθῶς
2644 979 2770 1046 γὰρ,
2797 979 2872 1039 ὡς
2914 976 3073 1040 ἄξιοι,
3118 975 3534 1046 προωρίσθησαν
3562 978 3610 1028 oi
3639 977 3837 1028 δίκαιοι

2295 1068 2393 1137 τῆς
2423 1070 2679 1120 Θεοτόκου
2706 1070 3042 1137 γεννήτορες,
3072 1069 3420 1135 συγγενιᾶσαι
3453 1068 3667 1136 Χριστῷ
3696 1068 3839 1119 κατὰ

2299 1158 2493 1228 σάρκα,
2531 1158 2624 1210 καὶ
2657 1158 2731 1219 ώς
2757 1158 3032 1225 ὲκ,γένους
3065 1158 3359 1225 ἐπισήμου,
3392 1155 3668 1225 βασιλικοῦ
3695 1155 3840 1219 λέγω
3888 1184 3891 1189 ι

2298 1250 2388 1302 καὶ
2419 1247 2708 1317 ἱερατικοῦ,
2737 1248 3047 1317 τιμηθῆναι.
3086 1246 3175 1310 Ἐξ
3190 1247 3355 1316 ἄμφω
3383 1246 3493 1317 γὰρ
3516 1246 3548 1314 ἡ
3579 1244 3841 1305 Θεοτόκος

2298 1339 2702 1406 γενεαλογεῖταισ
2728 1339 3029 1407 έπιμίκτων
3060 1337 3165 1388 τῶν
3202 1335 3299 1399 δύο,
3326 1336 3505 1405 φυλῶν
3537 1334 3630 1388 ἀπ’
3666 1334 3840 1403 ἀρχῆς

2298 1428 2437 1479 κατά
2466 1427 2753 1497 διαφόρους
2790 1428 3023 1496 τρόπους
3058 1424 3383 1493 γενομένων.

2372 1699 2453 1753 [ι’.
2484 1701 2652 1752 Ἔνθα
2688 1699 2870 1752 λοιπὸν
2906 1698 2999 1751 καὶ
3046 1682 3139 1751 έλπὶ
3183 1696 3291 1748 τῶν
3338 1694 3435 1762 τῆς
3464 1693 3721 1746 Θεοτόκου
3754 1708 3847 1757 γο-

2301 1792 2433 1844 νέων
2470 1788 2657 1857 οῦτως.
2693 1788 3028 1858 Ζαχαρίας,ὁ
3053 1785 3229 1855 πατὴρ
3263 1784 3508 1845 Ἰωάννου
3525 1782 3615 1834 τοῦ
3642 1783 3847 1833 Βαπτι-

2304 1879 2452 1945 στοῦ,
2477 1878 2885 1946 ἀδελφὺνέσχεν
2914 1875 3181 1944 συνιερέα,
3213 1871 3538 1941 καλούμενον
3569 1870 3845 1936 Ἀγγαίον,

2302 1970 2405 2039 πρὸ
2450 1968 2611 2021 αὑτοῦ
2660 1966 3107 2035 τετελευτηκότα.
3170 1962 3373 2016 Τούτου
3429 1960 3523 2012 τοῦ
3592 1961 3847 2027 ’Δγγαίου

2303 2061 2571 2129 θυγατέρα
2595 2059 2728 2131 πρὸς
2759 2058 2934 2127 γάμον
2964 2056 3169 2125 ἢγαγεν
3207 2045 3417 2123 Ἰωσὴφ
3447 2052 3476 2102 ὀ
3502 2050 3747 2104 τέκτων·
3786 2047 3849 2109 ὲξ

2300 2146 2367 2222 ἧς
2399 2151 2680 2221 ἐγέννησεν
2702 2149 2971 2217 τέσσαρας
3002 2145 3148 2206 υἱοὺς
3170 2143 3269 2197 ’καὶ
3292 2142 3385 2195 δύο
3413 2140 3714 2208 θυγατέρας
3732 2153 3748 2167 ·
3770 2131 3849 2225 div

2306 2239 2383 2306 εἷς
2415 2238 2482 2310 ἦν
2522 2240 2793 2302 Ἰάκωϐος,
2828 2240 2853 2289 ὁ
2876 2233 3185 2303 ἐπικληθεὶς
3224 2229 3445 2298 ἆδελφδς
3470 2227 3564 2281 τοῦ
3588 2224 3846 2295 Χριστοῦ,

2302 2335 2329 2386 ὁ
2358 2333 2449 2385 κοιλ¹
2470 2330 2679 2401 πρῶτος
2702 2329 2992 2387 ἐπίσκοπος
3031 2322 3290 2393 Ἰεροσολύ
3302 2336 3445 2390 μωνο
3478 2319 3575 2371 καὶ
3600 2318 3659 2369 τὸ
3679 2318 3849 2383 ὖνομα

2293 2415 2401 2490 ’τῆς
2424 2420 2674 2488 γυναικὸς
2699 2418 2862 2472 αὑτοῦ
2882 2415 3134 2485 Σαλώμη,
3160 2414 3256 2482 οὐχ
3285 2414 3318 2484 η
3339 2413 3507 2471 Μαῖα,
3524 2408 3635 2463 ἀλλ’
3660 2408 3844 2473 ἑτέρα.

2304 2510 2454 2563 Μετὰ
2493 2508 2717 2561 θάνατον
2757 2506 2815 2558 δὲ
2845 2504 3012 2572 αὐτῆς
3054 2497 3467 2571 μνηστεύεταιὸ
3511 2494 3707 2559 Ἰωσὴφ
3748 2490 3849 2556 τὴν

2307 2600 2564 2651 Θεοτόκον
2594 2596 2807 2659 Μαρίαν
2834 2595 2931 2661 τὴν
2964 2590 3102 2643 κατὰ
3130 2590 3191 2640 τὸ
3218 2585 3479 2656 μητρικὸν
3528 2582 3679 2648 γένος
3714 2595 3848 2630 κατ-

2307 2688 2575 2755 αγομένην
2606 2686 2710 2737 ἀπὸ
2744 2684 2971 2737 Ματθὰν
3011 2681 3103 2732 τοῦ
3132 2680 3354 2748 ἱερέως,
3396 2676 3489 2728 καὶ
3530 2670 3690 2725 αὑτοῦ
3739 2670 3849 2721 ἀπὸ

2307 2770 2662 2839 Σολομῶντος,
2697 2768 2796 2821 τοῦ.
2818 2766 2930 2818 υἱοῦ
2966 2765 3149 2823 Δαυῖδ,
3168 2763 3241 2826 ὥς
3271 2779 3434 2832 φησιν
3463 2761 3523 2812 τὸ
3548 2759 3688 2811 κατὰ
3714 2758 3849 2808 Λου-

2306 2862 2407 2915 κᾶν
2468 2858 2789 2927 Εὐαγγέλιον
2868 2854 3366 2924 γενεαλογούμενον.
3449 2845 3613 2913 Οὗτος
3671 2848 3779 2917 γὰρ
3820 2849 3851 2898 ὀ

2306 2951 2529 3005 Ματθὰν
2561 2952 2706 3019 τρεῖς
2745 2948 2898 3017 ἔσχεν
2942 2946 3260 3013 θυγατέρας,
3298 2945 3362 2995 ἐκ
3388 2940 3600 3013 Μαρίας
3632 2938 3727 3005 τῆς
3753 2952 3852 3001 γ-›-

2307 3042 2487 3104 ναικὸς
2515 3039 2675 3093 αὑτοῦ
2698 3056 2710 3068 ·
2748 3032 2821 3091 ὧν
2844 3037 3078 3106 ὀνόματα
3107 3034 3310 3104 Μαρία,
3333 3031 3527 3099 Σοὸὃὴ,
3562 3031 3747 3081 Ἀννα.
3788 3026 3851 3076 Ἡ

2305 3128 2396 3185 οῦν
2440 3131 2626 3201 Μαρία
2678 3132 2839 3200 γεννᾷ
2895 3127 3158 3196 Σαλώμην
3210 3125 3308 3194 τὴν
3354 3124 3565 3175 Μαῖαν·
3602 3121 3634 3189 ᾐ
3676 3117 3851 3184 Σοδὸὴ

2305 3223 2466 3290 γεννᾷ
2514 3220 2613 3289 τὴν
2668 3218 2940 3275 Ἑλισάϐετ
2966 3255 2981 3280 ,
3026 3216 3124 3284 τὴν
3188 3214 3397 3283 μητέρα
3456 3210 3697 3266 Ἰωάννου
3757 3205 3852 3257 τοῦ

2306 3308 2605 3362 Βαπτιστοῦ
2626 3325 2638 3337 °
2676 3310 2708 3376 ἡ
2742 3309 2799 3359 δὲ
2830 3310 2994 3359 "Av-2a
3024 3305 3186 3373 γεννᾷ
3216 3304 3309 3371 τὴν
3345 3303 3604 3353 Θεοτόκον
3634 3297 3854 3364 Μαρίαν

2309 3400 2364 3449 ὲν
2413 3396 2674 3463 Βηθλεὲμ,
2716 3397 2813 3462 τὴν
2856 3394 2996 3445 κατὰ
3043 3393 3100 3443 τὸ
3123 3392 3292 3457 ὄνομα
3338 3391 3436 3456 τῆς
3484 3388 3715 3455 μάμμης
3760 3385 3855 3434 καὶ

2310 3485 2455 3543 θείας
2488 3483 2866 3551 ἐπικληθεῖσαν
2900 3481 3113 3547 Μαρίαν
3134 3495 3146 3507 ο
3172 3479 3245 3537 ὡς
3270 3474 3406 3529 εἶναι
3440 3476 3536 3543 τὴν
3578 3473 3853 3524 Ἐλισάῦετ

2310 3572 2530 3637 ἀνεψιὰν
2562 3572 2657 3640 μὲν
2685 3571 2780 3638 τῆς
2808 3572 3021 3638 Ἀννης,
3049 3568 3338 3636 ὲξαδέλφην
3362 3566 3414 3617 δὲ
3436 3565 3535 3634 τῆς
3566 3566 3850 3615 Θεοτόκῖυ.

2311 3660 2611 3731 Κυροῦντος
2658 3662 2723 3713 τὰ
2754 3662 2985 3730 ἑκάτερα
3030 3658 3121 3711 τοῦ
3150 3656 3501 3723 Εὐαγγελίου,
3551 3654 3637 3707 διὰ
3665 3652 3723 3705 τὸ
3758 3654 3856 3722 μὲν

2314 3752 2559 3820 πατρῷον
2590 3751 2740 3817 γένος
2762 3752 2853 3803 καὶ
2886 3749 3139 3819 σαρκικὸν
3169 3746 3260 3799 τοῦ
3292 3744 3524 3817 Χριστοῦ
3544 3761 3558 3775 ο
3591 3740 3723 3806 Ἦν,
3746 3760 3855 3811 φη-

2312 3843 2412 3907 σὶν,
2450 3846 2480 3896 ὀ
2523 3842 2777 3909 Ἰησοῦς’
2811 3843 3136 3910 ἀρχόμενος
3182 3841 3260 3905 ὠς
3311 3838 3459 3891 ἐτῶν
3512 3835 3871 3904 τριάκοντα,

2309 3933 2436 3995 υίὸς
2468 3933 2546 3997 ὡς
2602 3931 2890 3999 ἐνομίῶτο
2927 3932 3030 3985 τοῦ
3114 3929 3352 3999 Ἰωσὴφ,
3377 3928 3481 3983 τοῦ
3546 3927 3673 3981 Ἠλὶ
3703 3966 3716 3990 ,
3749 3925 3855 3978 τοῦ

2310 4020 2553 4073 Ματθάν
2587 4037 2601 4050 '
2644 4020 2730 4072 διὰ
2778 4021 2832 4073 δὲ
2862 4021 2921 4073 τὸ
2970 4022 3232 4090 μητρικόν
3262 4036 3275 4050 ο
3317 4018 3493 4081 Ἰδοὺ,
3527 4016 3711 4085 φησὶν,
3753 4016 3853 4067 καὶ

2326 4110 2626 4161 Ἐλισὰϐετ
2658 4111 2694 4176 ἠ
2729 4108 3024 4177 συγγενής
3056 4124 3192 4161 σου.
3241 4105 3342 4159 ’Ὧν
3396 4109 3579 4159 ἕνεκεν
3617 4105 3741 4169 δόξα
3786 4106 3855 4173 τῇ

2316 4198 2709 4262 συγκαταϐάσει
2748 4196 2840 4248 τοῦ
2888 4197 3019 4248 Θεοῦ
3073 4197 3164 4248 νῦν
3198 4197 3291 4248 καὶ
3340 4196 3447 4257 ἀεὶ,
3500 4195 3591 4246 καὶ
3618 4196 3696 4254 εἰς
3728 4194 3857 4254 τοὺς

2316 4284 2509 4347 αἰῶνας
2531 4286 2637 4337 τῶν
2677 4284 2902 4338 αἰώνων.
2954 4285 3144 4353 Ἀμήν.

750 4614 799 4666 4.
841 4608 1046 4693 Nullius
1070 4626 1198 4693 sane
1232 4611 1398 4693 frugis
1420 4616 1707 4693 videbitur,
1730 4632 1811 4682 ea,
1836 4631 1954 4693 qua:
1978 4629 2207 4693 sequun-
2240 4618 2282 4672 ι)
2313 4612 2515 4667 llelvid.
2571 4628 2632 4693 _n.
2678 4613 2763 4693 ιιι)
2818 4614 3159 4693 re_futav_er_at.
3180 4616 3261 4693 _At_
3289 4629 3411 4669 cum
3437 4610 3857 4693 eamdemlhanc

682 4689 785 4767 tlur,
846 4683 1015 4767 oculis
1044 4681 1359 4762 subjecissé,
1390 4688 1679 4767 prasertim
1710 4681 1864 4767 quod
1896 4686 1947 4737 in
1972 4681 2202 4767 historia

682 4748 779 4799 hac
836 4748 1171 4819 genealogica
1217 4748 1437 4807 texendo
1490 4756 1555 4808 de
1610 4748 1911 4809 castissime
1971 4753 2204 4821 Deiparte

680 4830 876 4891 3.99"”
926 4834 984 4870 ea
1020 4832 1202 4891 διιεᾷοΓ
1235 4836 1633 4887 commemoret,
1667 4840 1783 4891 quae
1830 4823 2099 4877 communi
2140 4821 2201 4873 ﬁ-

2310 4682 2693 4751 paragraphum
2727 4683 2834 4750 jam
2869 4688 2918 4737 in
2968 4686 3125 4739 editis
3180 4686 3497 4738 haberemus
3528 4682 3666 4749 apud
3695 4682 3858 4735 Cote-

2308 4750 2497 4804 Ierium
2540 4750 2676 4815 '(PP.
2709 4754 2888 4819 Apost.
2934 4763 3061 4806 tom.
3099 4754 3149 4817 Ι,
3184 4768 3303 4821 pag.
3357 4751 3462 4805 Ι2⁸79
3503 4754 3556 4821 in
3616 4760 3726 4803 not.
3791 4753 3859 4801 ad

2308 4822 2394 4873 lib.
2451 4837 2507 4873 ιιι
2541 4837 2653 4881 cap.
2679 4822 2711 4873 6
2742 4822 2963 4875 Constit.
3002 4820 3226 4889 Apost.),
3260 4820 3411 4873 nulla
3460 4820 3644 4873 aderat
3697 4822 3861 4883 ratio,

682 4882 874 4936 delium
908 4890 1202 4959 sentcntiae,
1228 4893 1596 4959 adversantur.
1622 4882 1857 4959 quaeque
1878 4893 1984 4959 jam
2021 4892 2140 4943 inde
2170 4906 2199 4942 a
2306 4906 2401 4943 cur
2432 4905 2547 4943 eam
2596 4905 2716 4943 cum
2752 4890 2965 4943 homilia
2998 4882 3102 4944 non
3134 4882 3492 4957 vulgaremus.

682 4961 873 5018 quarto
920 4952 1162 5008 Ecclesia:
1188 4952 1199 4969 ⁵
1218 4961 1409 5014 saeculo
1468 4958 1525 5012 S.
1559 4952 1910 5029 Hieronymus
1963 4960 2195 5029 (Advers.
