4120 6340
263 329 398 393 1017

1542 331 1683 391 LEO
1725 319 2020 387 PATllICl
2033 327 2144 387 US.

3323 327 3456 393 10l8

253 452 364 498 τον,
397 435 603 502 κάρφος
636 437 902 507 φέρουσαν
935 440 1164 511 Χριστὸν
1196 442 1400 508 ἐλαίας,
1434 445 1621 507 Ἄννα,
1655 441 1798 510 ἡμᾶς
1831 447 1859 500 Α

1905 445 2146 491 assecuta
2195 450 2254 489 es
2303 433 2630 502 columbam,
2666 452 2786 505 quae
2836 452 3043 490 ramum
3088 437 3264 500 olivm,
3299 435 3453 490 Clu-i-

255 525 638 596 κατακλυσμοῦ
669 528 856 599 νοητοῦ
875 529 1276 600 ἐλευθεροῦντα.

904 758 1031 830 om
1064 764 1146 816 ιιι.

325 886 388 939 Τί
435 904 526 958 μοι
567 888 781 959 μήτραν
818 889 1136 958 ἀπειργάσω
1174 889 1521 955 άτεκνοῦσαν,
1567 890 1658 942 καὶ
1705 906 1805 957 μα-

249 982 408 1040 στοὺς
459 976 665 1047 ξεροὺς,
715 977 894 1041 καθὼς
945 979 1191 1048 προὲφης
1233 982 1289 1032 ἐν
1326 980 1654 1048 προφήταις,
1706 979 1804 1029 Δέ-

249 1072 456 1134 amca}
488 1069 682 1121 ἀνεϐόα
704 1070 869 1120 'Awa
898 1069 1048 1120 ποτέ.
1089 1069 1364 1129 Ἀτεκνίας
1390 1084 1488 1135 μου
1515 1071 1574 1120 τὸ
1605 1069 1803 1132 ὄνειδος

245 1159 518 1222 διάλυσον,
567 1162 659 1210 καὶ
694 1159 792 1219 -δός
830 1174 918 1226 μοι
972 1159 1204 1227 καρπὸν,
1260 1157 1377 1226 μεθ’
1407 1149 1466 1209 οῦ
1499 1159 1799 1228 βοήσομαι·

245 1238 553 1315 Εὖλογείτω
597 1249 629 1316 ή
673 1248 847 1310 κτίσις
885 1249 1033 1299 πᾶσα
1081 1248 1170 1300 τὸν
1220 1249 1444 1319 Κύριον,
1490 1249 1582 1302 καὶ
1630 1250 1801 1319 ὑπερ-

245 1338 443 1406 υψοῦτε
470 1339 548 1402 είς
580 1339 784 1401 πάντας
809 1340 933 1402 τοὺς
965 1340 1189 1403 αίῶνας.

329 1519 567 1587 ’Υπῆλθε
599 1518 696 1586 τὴν
723 1517 839 1589 σὴν,
876 1519 1064 1582 Ἀννα,
1102 1520 1311 1589 μήτραν
1339 1520 1548 1591 λυχνία,
1581 1522 1639 1573 τὸ
1667 1522 1805 1589 λαμ-

243 1610 455 1672 πάδιον,
489 1610 609 1678 ἥτις
635 1609 694 1660 τὸ
728 1609 866 1661 Θεῖον
893 1609 1169 1676 μυστικῶς
1197 1609 1441 1680 ἐχώρησε
1472 1611 1531 1663 τὸ
1562 1613 1803 1680 φωτίσαν

239 1702 423 1752 πᾶσαν
448 1701 614 1768 πνοὴν
643 1699 1014 1768 φρυκτωρίαις
1047 1701 1334 1766 μυστικαῖς
1363 1700 1460 1767 τῆς
1489 1699 1639 1761 Θείας
1667 1699 1803 1767 γνώ-
1833 1707 1842 1719 ’

1908 538 2047 581 stum
2078 541 2266 594 nempe
2294 541 2322 579 e
2347 526 2611 595 spirituali
2639 529 2966 598 catarlysmo
2996 543 3092 582 nos
3123 527 3457 594 liberantem,

1905 619 2058 688 gerit.
2577 627 2580 630 ‘

2528 761 2659 817 ODE
2695 759 2830 815 Vlll.

1975 893 2253 948 Clamabat
2301 892 2590 962 aliquando
2621 893 2771 945 Anna
2807 910 2818 943 :
2853 890 2990 956 Quid
3026 891 3177 954 mihi,
3208 891 3457 955 Domine,

1909 992 2118 1037 uterum
2171 983 2374 1038 sobolis
2428 982 2795 1044 infecundum,
2827 990 2984 1048 atque
3028 981 3235 1033 arentia
3284 980 3458 1032 fecisti

1906 1074 2095 1136 ubera,
2141 1075 2594 1142 quemadmodum
2660 1073 2714 1125 in
2788 1071 3061 1140 pt-Opbetis
3124 1070 3459 1138 praetlixisti‘?

1907 1161 2068 1219 Solve
2122 1163 2423 1218 sterilitatis
2501 1177 2631 1217 mea;
2692 1162 3064 1230 opprobrium,
3106 1170 3160 1212 et
3223 1159 3457 1212 fructum

1905 1252 2039 1305 mihi
2069 1252 2266 1314 tribue,
2288 1266 2410 1306 cum
2432 1267 2540 1320 quo
2568 1253 2813 1306 clamabo
2837 1269 2850 1303 :
2882 1251 3205 1304 Benedicant
3235 1250 3459 1302 Domino

1904 1350 2168 1395 creatura:
2221 1355 2432 1407 omnes,
2473 1352 2528 1397 et
2571 1342 2935 1412 superexaltat
2995 1355 3117 1395 eum
3165 1340 3218 1393 in
3271 1341 3454 1393 omnia

1907 1432 2129 1484 saecula.

1976 1521 2163 1573 Sinutn
2194 1531 2366 1583 tuum,
2396 1536 2428 1575 o
2471 1521 2644 1586 Anna,
2680 1522 3064 1576 candelabrum
3102 1522 3284 1585 subiit,
3312 1521 3459 1590 quod

1921 1611 2147 1679 mystice
2193 1612 2427 1664 divinam
2466 1611 2789 1678 lampadem,
2823 1612 2970 1664 omni
3004 1611 3216 1678 spiritui
3267 1610 3462 1662 divinm

1907 1701 2146 1756 scicntize
2175 1702 2354 1754 lumen
2392 1702 2631 1772 mysticis
2670 1701 2879 1754 facibus
2905 1701 3289 1765 aﬂ‘undentem,
3323 1703 3373 1753 in
3405 1717 3463 1754 se

242 1805 403 1850 σεωςο
451 1789 531 1840 διὸ
577 1787 893 1858 γηθοσύνως
940 1789 1370 1857 άνεκραύγαζες·
1422 1789 1725 1856 Εὐλογείτω
1768 1792 1800 1858 ή
1839 1779 1859 1831 Ῐ

1905 1795 2146 1862 excepit;
2193 1803 2477 1861 propterea
2528 1809 2650 1846 cum
2699 1793 2895 1862 gaudio
2945 1794 3261 1848 clamabas:
3299 1792 3464 1846 Bene-

238 1880 417 1941 κτίσις
449 1880 597 1932 πᾶσα
632 1879 721 1931 τὸν
748 1879 970 1950 Κύριον,
1003 1882 1095 1932 καὶ
1127 1877 1464 1949 ὑπερυψοῦτε
1499 1880 1577 1940 είς
1599 1878 1804 1940 πάντας

235 1971 367 2032 τοὺς
393 1969 618 2032 αἰῶνας.

309 2063 570 2130 Φέρουσιν
596 2061 672 2124 ὡς
716 2062 1044 2132 ὡραιότατον
1078 2061 1173 2114 νῦν
1213 2060 1408 2128 ζεῦγος
1440 2059 1590 2113 Θείαν
1626 2060 1802 2129 δάμα-

234 2150 341 2215 λιν,
385 2151 445 2212 ἐξ
472 2146 538 2220 ἦς
583 2149 609 2200 ό
641 2149 839 2219 μόσχος
881 2151 1080 2219 ὡραῖος
1109 2149 1369 2218 ἔλαμψεν,
1407 2151 1546 2218 ὑπὲρ
1584 2151 1802 2202 πάντων

237 2239 616 2307 σφαγιασθεὶς,
651 2241 678 2290 ό
702 2239 909 2301 κλεινὸς
953 2241 1207 2305 Ἰωακεὶμ
1243 2241 1336 2292 καὶ
1366 2241 1532 2293 Ἅννα
1568 2240 1801 2308 μέλπον-

235 2347 346 2391 τες·
380 2330 688 2396 Εὑλογείτω
709 2331 742 2399 ή
767 2329 938 2392 κτίσις
962 2331 1111 2383 πᾶσα
1140 2330 1229 2382 τὸν
1262 2333 1483 2400 Κύριον,
1515 2332 1607 2382 καὶ
1637 2331 1804 2401 ὑπερ-

235 2421 435 2489 υψοῦτε
465 2422 546 2483 εἰς
574 2420 782 2484 πάντας
807 2421 934 2482 τοὺς
956 2421 1179 2482 αἰῶνας.

902 2624 1032 2695 nan
1066 2622 1142 2678 θ’.
1188 2669 1196 2677 .

305 2748 642 2818 Χορεύσατε,
671 2750 840 2802 πᾶσαι
873 2749 1064 2818 ψυχαὶ,
1095 2749 1186 2802 καὶ
1215 2749 1540 2820 σκιρτήσατε
1561 2765 1573 2778 ·
1609 2751 1678 2818 γῆ
1709 2748 1802 2800 νῦν

237 2838 776 2908 πεπλαστούργηται,
805 2841 926 2909 ἥτις
957 2841 1284 2909 καρπογονεῖ
1304 2839 1579 2910 άνηρότως
1603 2839 1802 2906 στάχυν

235 2924 544 2994 ζωηφόρον,
594 2924 654 2988 ἐξ
704 2920 765 2979 οὗ
823 2929 1088 2994 φαγόντες
1137 2927 1196 2978 οὑ
1266 2927 1579 2980 πεινάσουσί
1634 2942 1798 2988 ποτε,

239 3014 640 3083 μεγαλύνοντες
672 3012 838 3068 αὑτοῦ
863 3015 960 3083 τὴν
989 3015 1321 3084 ἁγαθότητα.

303 3103 617 3173 1[δἀλτήριον
665 3103 804 3172 μετὰ
855 3103 1086 3172 κιθάρας
1125 3103 1382 3167 άνάλαόε,
1415 3101 1574 3156 Δαυῒδ
1597 3143 1611 3166 ,
1663 3102 1790 3172 μελ-
1824 3091 1868 3150 C

236 3194 470 3265 ᾠδησον·
493 3194 600 3247 ἰδοὺ
629 3194 854 3257 κιϐωτὸς
884 3193 1123 3264 ἀνεφάνη
1143 3194 1299 3256 Θεοῦ,
1330 3194 1394 3263 ήν
1427 3195 1667 3264 προὲφης
1704 3211 1799 3245 σα-

1920 1884 2104 1936 dicant
2151 1882 2382 1936 Domino
2437 1894 2697 1936 creaturae
2750 1899 2961 1947 omnes,
3007 1891 3060 1937 et
3098 1885 3465 1952 superexalta-

1907 1981 1955 2025 te
1978 1987 2099 2025 eum
2127 1974 2180 2023 in
2204 1972 2387 2024 omnia
2427 1973 2648 2025 saecula.

1975 2061 2207 2131 lnclytus
2233 2060 2547 2116 Joachimus
2579 2075 2698 2113 eum
2735 2061 2909 2122 Anna,
2945 2061 3141 2126 quippe
3170 2061 3459 2130 conjugunt

1904 2170 2000 2222 par
2032 2153 2455 2214 nobilissimum,
2492 2151 2727 2204 divinam
2761 2164 2908 2201 nunc
2947 2150 3168 2217 gignunt
3201 2150 3460 2216 iuvencu-

1904 2245 2031 2306 lam,
2066 2258 2096 2297 e
2136 2257 2238 2311 qua
2286 2253 2439 2297 ortus
2477 2249 2559 2295 est
2606 2241 2774 2293 Filius
2831 2240 2884 2292 in
2940 2242 3178 2291 omnium
3230 2240 3455 2291 saluti-tn

1903 2344 2208 2398 mactatus;
2238 2343 2398 2403 atque
2454 2333 2588 2386 adeo
2632 2321 2925 2385 concinunt
2954 2349 2965 2382 :
2999 2330 3320 2384 Benedicant
3353 2330 3458 2380 Du-

1904 2429 2053 2480 mino
2109 2437 2371 2481 creatur-te
2413 2440 2623 2490 omnes,
2679 2433 2730 2479 et
2781 2421 3181 2492 superexaltatc
3221 2438 3342 2474 eum
3408 2424 3459 2474 in

1903 2519 2089 2574 omnia
2125 2520 2349 2572 sawula.

2554 2624 2686 2681 ODE
2715 2624 2813 2679 lX.‘

1974 2753 2275 2816 chtamini,
2308 2767 2496 2807 omnes
2520 2753 2731 2812 animae,
2752 2760 2804 2804 et
2832 2749 3136 2815 exsultate;
3171 2765 3313 2801 nunc
3341 2765 3464 2803 con-

1902 2843 2012 2897 dita
2062 2843 2148 2895 illa
2195 2853 2277 2896 est
2321 2853 2483 2906 terra,
2518 2859 2638 2910 quae
2695 2842 2875 2893 nescia
2925 2841 3084 2891 aratri
3119 2839 3220 2891 fert
3259 2841 3460 2906 spicam

1905 2931 2022 2983 ritzc
2046 2946 2058 2992 ;
2082 2946 2110 2983 c
2133 2946 2236 2998 qua
2269 2940 2527 2998 quotquot
2560 2929 3026 2990 manducaverint,
3053 2929 3461 2997 magnificantcs

1905 3021 2199 3073 bonitatem
2233 3020 2351 3088 ejus
2382 3036 2487 3072 non
2522 3001 2763 3073 esu'riettt
2789 3018 3040 3088 amplius.

1979 3111 2164 3173 Sume,
2189 3125 2220 3163 ο
2256 3110 2440 3173 David,
2477 3110 2788 3178 psalterium
2822 3125 2944 3161 cum
2981 3110 3209 3172 cithara,
3241 3117 3293 3161 et
3333 3125 3464 3162 cou-

1900 3203 2216 3257 cinezecce
2267 3202 2516 3270 apparuit
2563 3217 2685 3254 arca
2738 3201 2852 3261 Dei,
2888 3216 3054 3268 quam
3113 3202 3347 3253 futuram
3407 3201 3458 3251 in

236 3285 353 3352 φῶς
401 3286 668 3355 ἐσομένην
712 3287 789 3348 είς
844 3284 1169 3351 ἀνάπλασιν,
1221 3284 1289 3337 δι’
1333 3281 1399 3355 ἦς
1438 3286 1802 3355 ἐξανέστημεν

1905 3292 2347 3346 restaurationem
2375 3292 2658 3360 perspicue
2684 3292 3006 3360 pranlixisti,
3042 3307 3135 3360 per
3167 3307 3330 3360 quam
3362 3307 3461 3346 nos

237 3382 400 3451 ήμεῖς
423 3380 515 3432 τοῦ
546 3380 1013 3450 παραπτώματος.

317 3471 407 3534 Ὦς
437 3472 681 3539 μέγιστοι
713 3470 805 3523 δύο
829 3471 1051 3539 ἀστέρες
1077 3471 1342 3540 ήνέγκατε
1373 3470 1470 3540 τὴν
1502 3471 1674 3540 αὐγὴν
1703 3470 1802 3538 τὴν

238 3559 561 3628 πάμφωτον·
614 3562 735 3630 ἥτις
778 3562 1091 3634 ὲξανατείλῃ
1138 3563 1227 3613 τὸν
1290 3562 1461 3630 μέγαν
1511 3561 1662 3630 ἥλιον
1722 3562 1798 3632 τῷ

238 3648 448 3716 κόσμῳ·
475 3648 555 3699 διὸ
593 3648 946 3717 εὐφημοῦμεν
979 3651 1074 3701 καὶ
1100 3649 1393 3720 δοξάζομεν
1438 3651 1602 3718 ὑμᾶς,
1647 3651 1795 3703 Ἰωα-

237 3735 370 3802 κεὶμ
396 3734 492 3784 καί⁷
528 3735 715 3797 Ἀννα,
748 3734 821 3796 ὡς
850 3736 1162 3804 Θεόφρονας.

1899 3397 1928 3436 c
1959 3382 2110 3450 lapsu
2140 3385 2562 3436 resurreximus.

1972 3468 2129 3524 Velut
2156 3470 2282 3523 bina
2314 3472 2544 3524 maxima
2568 3479 2713 3524 astra
2747 3486 2997 3524 auroram
3026 3481 3192 3525 totam
3227 3472 3458 3524 lucidam

1902 3563 2178 3624 attulistis,
2215 3578 2333 3630 qum
2363 3578 2614 3632 magnum
2651 3563 2852 3615 mundo
2883 3563 3049 3616 solem
3085 3563 3306 3626 afferat;
3337 3578 3461 3628 pro-

1908 3660 2087 3718 pterea
2116 3667 2226 3712 vos,
2245 3651 2487 3705 Joacltim
2510 3662 2564 3706 et
2583 3653 3049 3719 Anna,tamquam
3079 3652 3260 3704 divina
3287 3660 3460 3704 mente

1906 3741 2156 3808 p‘mditos
2189 3743 2523 3798 celebramus
2550 3753 2602 3795 et
2628 3743 3014 3812 gloriﬁcamus.

245 3936 3449 3981 mm

1524 4128 1696 4174 ANNO
1748 4128 1972 4174 DOMINI
2023 4129 2171 4173 CMX.

989 4311 1408 4487 [ΕΟ
1544 4307 2693 4490 PATBICIUS

1627 4766 2127 4905 NQTITIA

1226 4979 1339 5039 (MAI
1366 4977 1586 5027 Bibliot/z.
1623 4990 1732 5026 nov.
1759 4978 1920 5037 Patr.,
1959 4983 2072 5024 tom.
2097 4975 2178 5036 Vl,
2217 4990 2325 5040 pag.
2350 4977 2483 5038 διε.)

335 5146 532 5202 Leonis
566 5146 779 5200 Patricii
805 5155 982 5199 exstat
1004 5146 1055 5197 in
1082 5144 1405 5198 bibliotheca
1426 5144 1678 5197 Vaticana
1700 5145 1862 5198 codex
1888 5146 2158 5202 maximus
2186 5146 2478 5203 Bibliorum
2510 5151 2840 5218 Grmcorum,
2859 5155 3103 5222 plurimis
3128 5151 3452 5220 splendidis-

250 5255 357 5309 que
391 5237 456 5289 ad
490 5233 808 5286 miraculum
841 5232 1130 5284 decoratus
1157 5230 1405 5297 picturis,
1425 5245 1547 5282 cunt
1575 5230 1739 5297 ipsius
1769 5230 1965 5286 Leonis
1981 5232 2271 5304 fratrisque
2294 5236 2632 5292 Constantini
2664 5241 2914 5309 imagine.
2947 5239 3039 5291 llic
3064 5239 3316 5288 nimirum
3344 5237 3450 5290 Leu

252 5335 443 5382 auctor
468 5331 551 5374 est
579 5319 886 5386 eclogarum
911 5331 1065 5370 sacra
1096 5315 1262 5368 Biblia
1297 5316 1710 5382 illustrantium,
1743 5319 1886 5386 quod
1917 5335 2016 5375 nos
2047 5335 2182 5389 opus
2217 5321 2268 5374 in
2301 5324 2405 5376 alio
2439 5325 2558 5378 cod.
2589 5324 2706 5378 Vat.
2739 5325 3163 5378 observavimus.
3201 5322 3335 5375 Sunt
3356 5339 3454 5376 au-

253 5425 360 5467 tem
381 5410 580 5474 ecloga:
608 5403 1135 5457 Commentariorum
1171 5402 1222 5455 in
1259 5400 1674 5468 Octoteucltum,
1716 5404 1766 5456 in
1799 5404 1966 5459 libros
1999 5417 2232 5475 quatuor
2262 5405 2468 5476 Regum
2499 5419 2552 5463 et
2574 5410 2625 5462 in
2657 5412 2789 5463 duos
2810 5408 3292 5475 Paralipomenon;
3326 5409 3451 5461 item

253 5504 308 5556 in
335 5499 663 5554 Mattltmum,
698 5493 924 5555 Lucam,
943 5491 1203 5546 Joannem
1229 5502 1281 5545 et
1305 5493 1472 5546 Actus
1495 5492 1861 5561 apostolorum
1882 5509 1896 5557 ;
1921 5493 2152 5561 denique
2176 5495 2228 5546 in
2249 5494 2538 5563 Epistolas,
2569 5512 2727 5549 unam
2757 5495 2966 5554 Jacobi,
2995 5495 3130 5547 duas
3153 5494 3316 5560 Petri,
3340 5506 3448 5551 tres

251 5585 479 5639 Joannis
509 5583 526 5648 (
552 5594 779 5647 quarum
813 5580 864 5630 in
898 5580 1068 5646 prima
1094 5580 1243 5632 deest
1277 5578 1644 5632 testimonium
1675 5578 1945 5645 ctnlcste),
1975 5595 2136 5632 unam
2179 5578 2349 5633 Iudae.
2378 5581 2486 5635 Nos
2509 5581 2667 5648 bujus
2693 5580 2894 5647 cepiosi
2929 5581 3110 5648 operis
3151 5583 3453 5650 specimen,

252 5674 561 5740 eclogarum
591 5684 780 5736 nempe
815 5667 877 5720 ad
912 5667 1142 5734 primunt
1172 5667 1442 5722 Genescos
1470 5667 1788 5736 capitulum,
1822 5681 1967 5720 nunc
1999 5667 2050 5720 itt
2081 5665 2251 5721 lucem
2276 5667 2582 5721 cffcrcmus.
