  <div class='ocr_page' id='page_1' title='image "/cluster/home/n/w/nwhite01/storage/ocr_20150623/106/pst.000005714162/547.png"; bbox 0 0 4120 6340; ppageno 0'>
   <div class='ocr_carea' id='block_1_1' title="bbox 669 292 3846 398">
    <p class='ocr_par' dir='ltr' id='par_1_1' title="bbox 669 292 3846 398">
     <span class='ocr_line' id='line_1_1' title="bbox 669 292 3846 398; baseline -0.001 -27"><span class='ocrx_word' id='word_1_1' title='bbox 669 310 804 374; x_wconf 75' lang='lat'><strong>1319</strong></span> <span class='ocrx_word' id='word_1_2' title='bbox 1745 314 1887 373; x_wconf 88' lang='lat' dir='ltr'><strong>LEO</strong></span> <span class='ocrx_word' id='word_1_3' title='bbox 1920 315 2323 378; x_wconf 81' lang='lat' dir='ltr'><strong>PATRICIUS</strong></span> <span class='ocrx_word' id='word_1_4' title='bbox 2359 292 2443 376; x_wconf 78' lang='lat' dir='ltr'><strong>1N</strong></span> <span class='ocrx_word' id='word_1_5' title='bbox 2468 315 2740 398; x_wconf 66' lang='lat' dir='ltr'><strong>senss.</strong></span> <span class='ocrx_word' id='word_1_6' title='bbox 2843 370 2846 372; x_wconf 29' lang='grc' dir='ltr'><strong>ν</strong></span> <span class='ocrx_word' id='word_1_7' title='bbox 3708 306 3846 370; x_wconf 69' lang='lat'><strong>102&#39;)</strong></span> 
     </span>
    </p>
   </div>
   <div class='ocr_carea' id='block_1_2' title="bbox 677 468 1028 481">
    <p class='ocr_par' dir='ltr' id='par_1_2' title="bbox 677 468 1028 481">
     <span class='ocr_line' id='line_1_2' title="bbox 677 468 1028 481; baseline -0.003 -3"><span class='ocrx_word' id='word_1_8' title='bbox 677 468 1028 481; x_wconf 65' lang='lat'><strong>_——-—-—-</strong></span> 
     </span>
    </p>
   </div>
   <div class='ocr_carea' id='block_1_3' title="bbox 1422 615 3051 781">
    <p class='ocr_par' dir='ltr' id='par_1_3' title="bbox 1422 615 3051 781">
     <span class='ocr_line' id='line_1_3' title="bbox 1422 615 3051 781; baseline 0.001 -48"><span class='ocrx_word' id='word_1_9' title='bbox 1422 615 2145 739; x_wconf 80' lang='grc' dir='ltr'><strong>ΑΕΟΝΤΟΣ</strong></span> <span class='ocrx_word' id='word_1_10' title='bbox 2210 621 3051 781; x_wconf 82' lang='grc' dir='ltr'><strong>ΠΑΤΡΙΚΙΟΥ</strong></span> 
     </span>
    </p>
   </div>
   <div class='ocr_carea' id='block_1_4' title="bbox 2146 849 2363 886">
    <p class='ocr_par' dir='ltr' id='par_1_4' title="bbox 2146 849 2363 886">
     <span class='ocr_line' id='line_1_4' title="bbox 2146 849 2363 886; baseline 0 0"><span class='ocrx_word' id='word_1_11' title='bbox 2146 849 2363 886; x_wconf 77' lang='grc' dir='ltr'><strong>ιηιτοιιιι</strong></span> 
     </span>
    </p>
   </div>
   <div class='ocr_carea' id='block_1_5' title="bbox 1208 979 3290 1041">
    <p class='ocr_par' dir='ltr' id='par_1_5' title="bbox 1208 979 3290 1041">
     <span class='ocr_line' id='line_1_5' title="bbox 1208 979 3290 1041; baseline 0.001 -12"><span class='ocrx_word' id='word_1_12' title='bbox 1208 979 1642 1032; x_wconf 76' lang='grc' dir='ltr'><strong>ΕΡΜΙΙΝΕἾΛΣ</strong></span> <span class='ocrx_word' id='word_1_13' title='bbox 1667 979 1784 1031; x_wconf 79' lang='grc' dir='ltr'><strong>ΕΙΣ</strong></span> <span class='ocrx_word' id='word_1_14' title='bbox 1827 979 1965 1031; x_wconf 78' lang='grc' dir='ltr'><em>ΤΗΝ</em></span> <span class='ocrx_word' id='word_1_15' title='bbox 2002 980 2330 1032; x_wconf 80' lang='grc' dir='ltr'><strong>ΓΕΝΕΣΙΝ</strong></span> <span class='ocrx_word' id='word_1_16' title='bbox 2364 982 2512 1041; x_wconf 80' lang='grc' dir='ltr'><strong>ΔΠΟ</strong></span> <span class='ocrx_word' id='word_1_17' title='bbox 2544 980 2900 1034; x_wconf 78' lang='grc' dir='ltr'><strong>ΔΙΔΦΟΡΩΝ</strong></span> <span class='ocrx_word' id='word_1_18' title='bbox 2933 981 3028 1036; x_wconf 76' lang='grc' dir='ltr'><strong>ΠΛ</strong></span> <span class='ocrx_word' id='word_1_19' title='bbox 3042 979 3290 1035; x_wconf 81' lang='grc' dir='ltr'><strong>ΤΕΡΩΝ.</strong></span> 
     </span>
    </p>
   </div>
   <div class='ocr_carea' id='block_1_6' title="bbox 1006 1298 2774 1429">
    <p class='ocr_par' dir='ltr' id='par_1_6' title="bbox 1006 1298 2774 1429">
     <span class='ocr_line' id='line_1_6' title="bbox 1006 1298 2774 1429; baseline 0.004 -45"><span class='ocrx_word' id='word_1_20' title='bbox 1006 1424 1011 1429; x_wconf 16' lang='grc' dir='ltr'>ι</span> <span class='ocrx_word' id='word_1_21' title='bbox 1723 1298 2154 1393; x_wconf 85' lang='lat' dir='ltr'><strong>LEONIS</strong></span> <span class='ocrx_word' id='word_1_22' title='bbox 2247 1303 2774 1394; x_wconf 78' lang='lat' dir='ltr'><strong>PATRICII</strong></span> 
     </span>
    </p>
   </div>
   <div class='ocr_carea' id='block_1_7' title="bbox 951 1457 3538 1555">
    <p class='ocr_par' dir='ltr' id='par_1_7' title="bbox 951 1457 3538 1555">
     <span class='ocr_line' id='line_1_7' title="bbox 951 1457 3538 1555; baseline 0.004 -11"><span class='ocrx_word' id='word_1_23' title='bbox 951 1457 1306 1546; x_wconf 79' lang='lat' dir='ltr'><strong>EPITOME</strong></span> <span class='ocrx_word' id='word_1_24' title='bbox 1349 1488 2116 1549; x_wconf 75' lang='lat' dir='ltr'><strong>INTERPRETATIONIS</strong></span> <span class='ocrx_word' id='word_1_25' title='bbox 2166 1470 2246 1548; x_wconf 78' lang='lat' dir='ltr'><strong>1N</strong></span> <span class='ocrx_word' id='word_1_26' title='bbox 2282 1489 2616 1552; x_wconf 85' lang='lat' dir='ltr'><strong>GENESIN</strong></span> <span class='ocrx_word' id='word_1_27' title='bbox 2674 1492 2784 1552; x_wconf 81' lang='lat' dir='ltr'><strong>EX</strong></span> <span class='ocrx_word' id='word_1_28' title='bbox 2827 1483 3093 1554; x_wconf 69' lang='lat' dir='ltr'><strong>Vanus</strong></span> <span class='ocrx_word' id='word_1_29' title='bbox 3135 1493 3538 1555; x_wconf 70' lang='lat' dir='ltr'><strong>ruamus.</strong></span> 
     </span>
    </p>
   </div>
   <div class='ocr_carea' id='block_1_8' title="bbox 725 1790 2479 1875">
    <p class='ocr_par' dir='ltr' id='par_1_8' title="bbox 725 1790 2479 1865">
     <span class='ocr_line' id='line_1_8' title="bbox 725 1790 2479 1865; baseline 0.002 -20"><span class='ocrx_word' id='word_1_30' title='bbox 725 1793 930 1862; x_wconf 81' lang='lat' dir='ltr'><strong>Moyses</strong></span> <span class='ocrx_word' id='word_1_31' title='bbox 952 1791 1273 1862; x_wconf 72' lang='lat' dir='ltr'><strong>theologiam</strong></span> <span class='ocrx_word' id='word_1_32' title='bbox 1302 1805 1408 1846; x_wconf 92' lang='lat' dir='ltr'><strong>non</strong></span> <span class='ocrx_word' id='word_1_33' title='bbox 1433 1790 1662 1846; x_wconf 86' lang='lat' dir='ltr'><strong>instituit</strong></span> <span class='ocrx_word' id='word_1_34' title='bbox 1685 1803 1901 1863; x_wconf 76' lang='lat' dir='ltr'><strong>propter</strong></span> <span class='ocrx_word' id='word_1_35' title='bbox 1939 1795 2196 1865; x_wconf 87' lang='lat' dir='ltr'><strong>spiritua-</strong></span> <span class='ocrx_word' id='word_1_36' title='bbox 2223 1798 2273 1858; x_wconf 79' lang='grc' dir='ltr'>Α</span> <span class='ocrx_word' id='word_1_37' title='bbox 2365 1797 2439 1850; x_wconf 80' lang='grc' dir='ltr'><strong>οὐ</strong></span> <span class='ocrx_word' id='word_1_38' title='bbox 2463 1813 2479 1849; x_wconf 82' lang='lat'><strong>1</strong></span> 
     </span>
    </p>
   </div>
   <div class='ocr_carea' id='block_1_9' title="bbox 2283 1790 3915 1875">
    <p class='ocr_par' dir='ltr' id='par_1_9' title="bbox 2365 1797 3915 1875">
     <span class='ocr_line' id='line_1_9' title="bbox 2365 1797 3915 1875; baseline 0.006 -26"><span class='ocrx_word' id='word_1_39' title='bbox 2365 1797 2439 1850; x_wconf 85' lang='grc' dir='ltr'><strong>Οὑ</strong></span> <span class='ocrx_word' id='word_1_40' title='bbox 2463 1799 2755 1868; x_wconf 79' lang='grc' dir='ltr'><strong>προτέταχε</strong></span> <span class='ocrx_word' id='word_1_41' title='bbox 2775 1799 3049 1867; x_wconf 76' lang='grc' dir='ltr'><strong>θεολογῖαν</strong></span> <span class='ocrx_word' id='word_1_42' title='bbox 3063 1803 3091 1854; x_wconf 99' lang='lat'><strong>6</strong></span> <span class='ocrx_word' id='word_1_43' title='bbox 3107 1802 3306 1871; x_wconf 78' lang='grc' dir='ltr'><strong>Μωσῆς</strong></span> <span class='ocrx_word' id='word_1_44' title='bbox 3322 1802 3410 1855; x_wconf 83' lang='grc' dir='ltr'><strong>διὰ</strong></span> <span class='ocrx_word' id='word_1_45' title='bbox 3427 1803 3523 1874; x_wconf 78' lang='grc' dir='ltr'><strong>τὴν</strong></span> <span class='ocrx_word' id='word_1_46' title='bbox 3543 1807 3846 1875; x_wconf 80' lang='grc' dir='ltr'><strong>νηπιότητα</strong></span> <span class='ocrx_word' id='word_1_47' title='bbox 3907 1833 3915 1844; x_wconf 76' lang='grc' dir='ltr'><strong><em>ο</em></strong></span> 
     </span>
    </p>
   </div>
   <div class='ocr_carea' id='block_1_10' title="bbox 656 1882 2479 1962">
    <p class='ocr_par' dir='ltr' id='par_1_10' title="bbox 656 1882 2479 1951">
     <span class='ocr_line' id='line_1_10' title="bbox 656 1882 2479 1951; baseline 0.002 -14"><span class='ocrx_word' id='word_1_48' title='bbox 656 1886 756 1938; x_wconf 83' lang='lat' dir='ltr'><strong>lem</strong></span> <span class='ocrx_word' id='word_1_49' title='bbox 787 1899 970 1939; x_wconf 86' lang='lat' dir='ltr'><strong>eorum</strong></span> <span class='ocrx_word' id='word_1_50' title='bbox 996 1882 1297 1946; x_wconf 73' lang='lat' dir='ltr'><strong>infantiam,</strong></span> <span class='ocrx_word' id='word_1_51' title='bbox 1330 1882 1422 1938; x_wconf 90' lang='lat' dir='ltr'><strong>sed</strong></span> <span class='ocrx_word' id='word_1_52' title='bbox 1447 1883 1771 1938; x_wconf 76' lang='lat' dir='ltr'><strong>creationem</strong></span> <span class='ocrx_word' id='word_1_53' title='bbox 1803 1884 1880 1939; x_wconf 89' lang='lat' dir='ltr'><strong>ait</strong></span> <span class='ocrx_word' id='word_1_54' title='bbox 1911 1883 2104 1940; x_wconf 78' lang='lat' dir='ltr'><strong>factam</strong></span> <span class='ocrx_word' id='word_1_55' title='bbox 2128 1900 2195 1941; x_wconf 87' lang='lat' dir='ltr'><strong>ne</strong></span> <span class='ocrx_word' id='word_1_56' title='bbox 2295 1888 2479 1951; x_wconf 60' lang='grc' dir='ltr'><strong>αὐτῶν</strong></span> 
     </span>
    </p>
   </div>
   <div class='ocr_carea' id='block_1_11' title="bbox 2283 1882 3846 1962">
    <p class='ocr_par' dir='ltr' id='par_1_11' title="bbox 2295 1888 3846 1962">
     <span class='ocr_line' id='line_1_11' title="bbox 2295 1888 3846 1962; baseline 0.004 -21"><span class='ocrx_word' id='word_1_57' title='bbox 2295 1888 2491 1952; x_wconf 83' lang='grc' dir='ltr'><strong>αὐτῶν,</strong></span> <span class='ocrx_word' id='word_1_58' title='bbox 2519 1888 2651 1941; x_wconf 75' lang='grc' dir='ltr'><strong>ἀλλὰ</strong></span> <span class='ocrx_word' id='word_1_59' title='bbox 2669 1889 2768 1956; x_wconf 81' lang='grc' dir='ltr'><strong>τὴν</strong></span> <span class='ocrx_word' id='word_1_60' title='bbox 2799 1889 2973 1942; x_wconf 78' lang='grc' dir='ltr'><strong>κτίσιν</strong></span> <span class='ocrx_word' id='word_1_61' title='bbox 3004 1890 3148 1957; x_wconf 77' lang='grc' dir='ltr'><strong>λέγει</strong></span> <span class='ocrx_word' id='word_1_62' title='bbox 3172 1893 3423 1962; x_wconf 77' lang='grc' dir='ltr'><strong>γενητὴν,</strong></span> <span class='ocrx_word' id='word_1_63' title='bbox 3481 1894 3568 1946; x_wconf 78' lang='grc' dir='ltr'><strong>διὰ</strong></span> <span class='ocrx_word' id='word_1_64' title='bbox 3607 1896 3666 1947; x_wconf 72' lang='grc' dir='ltr'><strong>τὺ</strong></span> <span class='ocrx_word' id='word_1_65' title='bbox 3710 1896 3846 1947; x_wconf 79' lang='grc' dir='ltr'><strong>Θεὸν</strong></span> 
     </span>
    </p>
   </div>
   <div class='ocr_carea' id='block_1_12' title="bbox 611 1972 2479 2052">
    <p class='ocr_par' dir='ltr' id='par_1_12' title="bbox 611 1972 2459 2047">
     <span class='ocr_line' id='line_1_12' title="bbox 611 1972 2459 2047; baseline -0.001 -17"><span class='ocrx_word' id='word_1_66' title='bbox 611 1991 614 1994; x_wconf 73' lang='grc'><strong>’</strong></span> <span class='ocrx_word' id='word_1_67' title='bbox 654 1993 772 2031; x_wconf 88' lang='lat' dir='ltr'><strong>eam</strong></span> <span class='ocrx_word' id='word_1_68' title='bbox 807 1992 905 2046; x_wconf 92' lang='lat' dir='ltr'><strong>pro</strong></span> <span class='ocrx_word' id='word_1_69' title='bbox 936 1973 1042 2028; x_wconf 92' lang='lat' dir='ltr'><strong>Deo</strong></span> <span class='ocrx_word' id='word_1_70' title='bbox 1077 1975 1332 2028; x_wconf 79' lang='lat' dir='ltr'><strong>haberent</strong></span> <span class='ocrx_word' id='word_1_71' title='bbox 1384 1973 1651 2030; x_wconf 84' lang='lat' dir='ltr'><strong>homines.</strong></span> <span class='ocrx_word' id='word_1_72' title='bbox 1713 1972 1837 2030; x_wconf 87' lang='lat' dir='ltr'><strong>Ideo</strong></span> <span class='ocrx_word' id='word_1_73' title='bbox 1867 1975 1935 2030; x_wconf 87' lang='lat' dir='ltr'><strong>de</strong></span> <span class='ocrx_word' id='word_1_74' title='bbox 1982 1975 2196 2047; x_wconf 85' lang='lat' dir='ltr'><strong>angelo-</strong></span> <span class='ocrx_word' id='word_1_75' title='bbox 2295 1977 2459 2046; x_wconf 81' lang='grc' dir='ltr'><strong>αὐτὴν</strong></span> 
     </span>
    </p>
   </div>
   <div class='ocr_carea' id='block_1_13' title="bbox 2283 1972 3845 2052">
    <p class='ocr_par' dir='ltr' id='par_1_13' title="bbox 2295 1975 3845 2052">
     <span class='ocr_line' id='line_1_13' title="bbox 2295 1975 3845 2052; baseline 0.004 -23"><span class='ocrx_word' id='word_1_76' title='bbox 2295 1977 2459 2046; x_wconf 80' lang='grc' dir='ltr'><strong>αὐτὴν</strong></span> <span class='ocrx_word' id='word_1_77' title='bbox 2487 1976 2561 2047; x_wconf 80' lang='grc' dir='ltr'><strong>μὴ</strong></span> <span class='ocrx_word' id='word_1_78' title='bbox 2585 1976 2725 2046; x_wconf 77' lang='grc' dir='ltr'><strong>ἔχειν</strong></span> <span class='ocrx_word' id='word_1_79' title='bbox 2738 1977 2862 2040; x_wconf 81' lang='grc' dir='ltr'><strong>τοὺς</strong></span> <span class='ocrx_word' id='word_1_80' title='bbox 2881 1977 3215 2048; x_wconf 78' lang='grc' dir='ltr'><strong>ἀνθρώπους·</strong></span> <span class='ocrx_word' id='word_1_81' title='bbox 3237 1979 3323 2032; x_wconf 80' lang='grc' dir='ltr'><strong>διά</strong></span> <span class='ocrx_word' id='word_1_82' title='bbox 3345 1979 3498 2034; x_wconf 87' lang='grc' dir='ltr'><strong>τοῦτο</strong></span> <span class='ocrx_word' id='word_1_83' title='bbox 3526 1983 3650 2052; x_wconf 78' lang='grc' dir='ltr'><strong>περὶ</strong></span> <span class='ocrx_word' id='word_1_84' title='bbox 3673 1975 3845 2050; x_wconf 56' lang='lat' dir='ltr'><strong>ent;</strong></span> 
     </span>
    </p>
   </div>
   <div class='ocr_carea' id='block_1_14' title="bbox 654 2063 2479 2140">
    <p class='ocr_par' dir='ltr' id='par_1_14' title="bbox 654 2063 2477 2136">
     <span class='ocr_line' id='line_1_14' title="bbox 654 2063 2477 2136; baseline 0.001 -17"><span class='ocrx_word' id='word_1_85' title='bbox 654 2083 771 2121; x_wconf 89' lang='lat' dir='ltr'><strong>rum</strong></span> <span class='ocrx_word' id='word_1_86' title='bbox 803 2067 1075 2122; x_wconf 78' lang='lat' dir='ltr'><strong>creatione</strong></span> <span class='ocrx_word' id='word_1_87' title='bbox 1098 2065 1218 2119; x_wconf 86' lang='lat' dir='ltr'><strong>silet</strong></span> <span class='ocrx_word' id='word_1_88' title='bbox 1248 2078 1315 2117; x_wconf 91' lang='lat' dir='ltr'><strong>ne</strong></span> <span class='ocrx_word' id='word_1_89' title='bbox 1344 2063 1751 2130; x_wconf 80' lang='lat' dir='ltr'><strong>deiﬁcarentnr;</strong></span> <span class='ocrx_word' id='word_1_90' title='bbox 1779 2078 1880 2120; x_wconf 82' lang='lat' dir='ltr'><strong>nec</strong></span> <span class='ocrx_word' id='word_1_91' title='bbox 1900 2079 2073 2136; x_wconf 81' lang='lat' dir='ltr'><strong>usque</strong></span> <span class='ocrx_word' id='word_1_92' title='bbox 2126 2065 2192 2120; x_wconf 88' lang='lat' dir='ltr'><strong>ad</strong></span> <span class='ocrx_word' id='word_1_93' title='bbox 2293 2066 2399 2120; x_wconf 85' lang='grc' dir='ltr'><strong>λων</strong></span> <span class='ocrx_word' id='word_1_94' title='bbox 2418 2067 2477 2120; x_wconf 78' lang='grc' dir='ltr'><strong>οὐ</strong></span> 
     </span>
    </p>
   </div>
   <div class='ocr_carea' id='block_1_15' title="bbox 2283 2063 3842 2140">
    <p class='ocr_par' dir='ltr' id='par_1_15' title="bbox 2293 2063 3842 2140">
     <span class='ocr_line' id='line_1_15' title="bbox 2293 2063 3842 2140; baseline 0.005 -21"><span class='ocrx_word' id='word_1_95' title='bbox 2293 2066 2399 2120; x_wconf 85' lang='grc' dir='ltr'><strong>λων</strong></span> <span class='ocrx_word' id='word_1_96' title='bbox 2418 2067 2516 2121; x_wconf 84' lang='grc' dir='ltr'><strong>οὑκ</strong></span> <span class='ocrx_word' id='word_1_97' title='bbox 2542 2063 2661 2120; x_wconf 79' lang='grc' dir='ltr'><strong>εἷπε</strong></span> <span class='ocrx_word' id='word_1_98' title='bbox 2690 2068 2937 2132; x_wconf 82' lang='grc' dir='ltr'><strong>κτίσεως,</strong></span> <span class='ocrx_word' id='word_1_99' title='bbox 2961 2068 3044 2122; x_wconf 76' lang='grc' dir='ltr'><strong>ἴνα</strong></span> <span class='ocrx_word' id='word_1_100' title='bbox 3070 2069 3145 2140; x_wconf 78' lang='grc' dir='ltr'><strong>μὴ</strong></span> <span class='ocrx_word' id='word_1_101' title='bbox 3171 2070 3554 2139; x_wconf 82' lang='grc' dir='ltr'><strong>θεοποιηθῶσιν</strong></span> <span class='ocrx_word' id='word_1_102' title='bbox 3597 2073 3792 2136; x_wconf 81' lang='grc' dir='ltr'><strong>αὐτούς</strong></span> <span class='ocrx_word' id='word_1_103' title='bbox 3826 2089 3842 2106; x_wconf 99' lang='grc'><strong>⁸</strong></span> 
     </span>
    </p>
   </div>
   <div class='ocr_carea' id='block_1_16' title="bbox 653 2151 2479 2232">
    <p class='ocr_par' dir='ltr' id='par_1_16' title="bbox 653 2151 2479 2227">
     <span class='ocr_line' id='line_1_16' title="bbox 653 2151 2479 2227; baseline 0.001 -18"><span class='ocrx_word' id='word_1_104' title='bbox 653 2156 919 2210; x_wconf 80' lang='lat' dir='ltr'><strong>Abraham</strong></span> <span class='ocrx_word' id='word_1_105' title='bbox 938 2154 1099 2223; x_wconf 75' lang='lat' dir='ltr'><strong>leges</strong></span> <span class='ocrx_word' id='word_1_106' title='bbox 1126 2152 1372 2220; x_wconf 76' lang='lat' dir='ltr'><strong>angelum</strong></span> <span class='ocrx_word' id='word_1_107' title='bbox 1400 2151 1596 2206; x_wconf 80' lang='lat' dir='ltr'><strong>alicubi</strong></span> <span class='ocrx_word' id='word_1_108' title='bbox 1624 2151 1875 2208; x_wconf 78' lang='lat' dir='ltr'><strong>missum.</strong></span> <span class='ocrx_word' id='word_1_109' title='bbox 2293 2157 2412 2210; x_wconf 77' lang='grc' dir='ltr'><strong>οὐδὲ</strong></span> <span class='ocrx_word' id='word_1_110' title='bbox 2447 2175 2479 2227; x_wconf 82' lang='grc' dir='ltr'>μ</span> 
     </span>
    </p>
   </div>
   <div class='ocr_carea' id='block_1_17' title="bbox 2283 2151 3848 2232">
    <p class='ocr_par' dir='ltr' id='par_1_17' title="bbox 2293 2157 3848 2232">
     <span class='ocr_line' id='line_1_17' title="bbox 2293 2157 3848 2232; baseline 0.006 -23"><span class='ocrx_word' id='word_1_111' title='bbox 2293 2157 2412 2210; x_wconf 76' lang='grc' dir='ltr'><strong>οὐδὲ</strong></span> <span class='ocrx_word' id='word_1_112' title='bbox 2447 2158 2606 2228; x_wconf 70' lang='grc' dir='ltr'><strong>μέχρι</strong></span> <span class='ocrx_word' id='word_1_113' title='bbox 2626 2157 2720 2212; x_wconf 87' lang='grc' dir='ltr'><strong>τοῦ</strong></span> <span class='ocrx_word' id='word_1_114' title='bbox 2740 2157 2988 2230; x_wconf 70' lang='grc' dir='ltr'><strong>Ἁϐραάμ</strong></span> <span class='ocrx_word' id='word_1_115' title='bbox 3009 2159 3258 2230; x_wconf 75' lang='grc' dir='ltr'><strong>εὑρήσεις</strong></span> <span class='ocrx_word' id='word_1_116' title='bbox 3276 2160 3505 2230; x_wconf 82' lang='grc' dir='ltr'><strong>ἄγγελον</strong></span> <span class='ocrx_word' id='word_1_117' title='bbox 3527 2164 3848 2232; x_wconf 74' lang='grc' dir='ltr'><strong>πεμφθέντα</strong></span> 
     </span>
    </p>
   </div>
   <div class='ocr_carea' id='block_1_18' title="bbox 2294 2262 3012 2306">
    <p class='ocr_par' dir='ltr' id='par_1_18' title="bbox 2294 2262 3012 2306">
     <span class='ocr_line' id='line_1_18' title="bbox 2294 2262 3012 2306; baseline 0.011 -8"><span class='ocrx_word' id='word_1_118' title='bbox 2294 2262 2420 2301; x_wconf 88' lang='grc' dir='ltr'><strong>που.</strong></span> <span class='ocrx_word' id='word_1_119' title='bbox 3007 2299 3012 2306; x_wconf 90' lang='grc'>.</span> 
     </span>
    </p>
   </div>
   <div class='ocr_carea' id='block_1_19' title="bbox 719 2326 2479 2408">
    <p class='ocr_par' dir='ltr' id='par_1_19' title="bbox 719 2326 2479 2404">
     <span class='ocr_line' id='line_1_19' title="bbox 719 2326 2479 2404; baseline 0 -15"><span class='ocrx_word' id='word_1_120' title='bbox 719 2337 869 2403; x_wconf 82' lang='lat' dir='ltr'><strong>Quod</strong></span> <span class='ocrx_word' id='word_1_121' title='bbox 898 2335 1114 2404; x_wconf 87' lang='lat' dir='ltr'><strong>quidam</strong></span> <span class='ocrx_word' id='word_1_122' title='bbox 1143 2334 1360 2400; x_wconf 77' lang='lat' dir='ltr'><strong>angelos</strong></span> <span class='ocrx_word' id='word_1_123' title='bbox 1386 2326 1536 2385; x_wconf 81' lang='lat' dir='ltr'><strong>aiunt</strong></span> <span class='ocrx_word' id='word_1_124' title='bbox 1563 2331 1699 2386; x_wconf 66' lang='lat' dir='ltr'><strong>caelo</strong></span> <span class='ocrx_word' id='word_1_125' title='bbox 1729 2339 1783 2387; x_wconf 90' lang='lat' dir='ltr'><strong>et</strong></span> <span class='ocrx_word' id='word_1_126' title='bbox 1812 2340 1969 2387; x_wconf 66' lang='lat' dir='ltr'><strong>terra</strong></span> <span class='ocrx_word' id='word_1_127' title='bbox 1994 2346 2196 2401; x_wconf 67' lang='grc' dir='ltr'><strong>ιιι-ωει-</strong></span> <span class='ocrx_word' id='word_1_128' title='bbox 2364 2337 2479 2389; x_wconf 85' lang='grc' dir='ltr'><strong>Ὀτι</strong></span> 
     </span>
    </p>
   </div>
   <div class='ocr_carea' id='block_1_20' title="bbox 2283 2326 3847 2408">
    <p class='ocr_par' dir='ltr' id='par_1_20' title="bbox 2364 2335 3847 2408">
     <span class='ocr_line' id='line_1_20' title="bbox 2364 2335 3847 2408; baseline 0.001 -19"><span class='ocrx_word' id='word_1_129' title='bbox 2364 2337 2485 2389; x_wconf 84' lang='grc' dir='ltr'><strong>Ὀτι</strong></span> <span class='ocrx_word' id='word_1_130' title='bbox 2510 2337 2558 2389; x_wconf 75' lang='grc' dir='ltr'><strong>οἱ</strong></span> <span class='ocrx_word' id='word_1_131' title='bbox 2592 2335 2691 2405; x_wconf 77' lang='grc' dir='ltr'><strong>μὲν</strong></span> <span class='ocrx_word' id='word_1_132' title='bbox 2721 2336 3090 2408; x_wconf 78' lang='grc' dir='ltr'><strong>προϋπάρχειν</strong></span> <span class='ocrx_word' id='word_1_133' title='bbox 3113 2337 3360 2406; x_wconf 78' lang='grc' dir='ltr'><strong>λέγουσιν</strong></span> <span class='ocrx_word' id='word_1_134' title='bbox 3403 2337 3664 2406; x_wconf 78' lang='grc' dir='ltr'><strong>ἀγγέλους</strong></span> <span class='ocrx_word' id='word_1_135' title='bbox 3685 2338 3847 2408; x_wconf 80' lang='grc' dir='ltr'><strong>οὐρα-</strong></span> 
     </span>
    </p>
   </div>
   <div class='ocr_carea' id='block_1_21' title="bbox 653 2421 2479 2496">
    <p class='ocr_par' dir='ltr' id='par_1_21' title="bbox 653 2421 2479 2487">
     <span class='ocr_line' id='line_1_21' title="bbox 653 2421 2479 2487; baseline -0.004 -5"><span class='ocrx_word' id='word_1_136' title='bbox 653 2429 874 2487; x_wconf 76' lang='lat' dir='ltr'><strong>stitisse.</strong></span> <span class='ocrx_word' id='word_1_137' title='bbox 910 2425 1000 2478; x_wconf 89' lang='lat' dir='ltr'><strong>alii</strong></span> <span class='ocrx_word' id='word_1_138' title='bbox 1028 2439 1148 2477; x_wconf 88' lang='lat' dir='ltr'><strong>cum</strong></span> <span class='ocrx_word' id='word_1_139' title='bbox 1168 2421 1305 2475; x_wconf 77' lang='lat' dir='ltr'><strong>ctelo</strong></span> <span class='ocrx_word' id='word_1_140' title='bbox 1335 2430 1563 2486; x_wconf 86' lang='lat' dir='ltr'><strong>creatos,</strong></span> <span class='ocrx_word' id='word_1_141' title='bbox 1593 2436 1716 2476; x_wconf 90' lang='lat' dir='ltr'><strong>cum</strong></span> <span class='ocrx_word' id='word_1_142' title='bbox 1746 2421 1801 2474; x_wconf 89' lang='lat' dir='ltr'><strong>in</strong></span> <span class='ocrx_word' id='word_1_143' title='bbox 1849 2422 1969 2476; x_wconf 88' lang='lat' dir='ltr'><strong>loco</strong></span> <span class='ocrx_word' id='word_1_144' title='bbox 2021 2423 2128 2475; x_wconf 83' lang='lat' dir='ltr'><strong>sint</strong></span> <span class='ocrx_word' id='word_1_145' title='bbox 2143 2430 2197 2475; x_wconf 92' lang='lat' dir='ltr'><strong>et</strong></span> <span class='ocrx_word' id='word_1_146' title='bbox 2292 2422 2384 2475; x_wconf 88' lang='grc' dir='ltr'><strong>νοῦ</strong></span> <span class='ocrx_word' id='word_1_147' title='bbox 2407 2425 2479 2476; x_wconf 76' lang='grc' dir='ltr'><strong>κα</strong></span> 
     </span>
    </p>
   </div>
   <div class='ocr_carea' id='block_1_22' title="bbox 2283 2421 3848 2496">
    <p class='ocr_par' dir='ltr' id='par_1_22' title="bbox 2292 2422 3848 2496">
     <span class='ocr_line' id='line_1_22' title="bbox 2292 2422 3848 2496; baseline 0.001 -22"><span class='ocrx_word' id='word_1_148' title='bbox 2292 2422 2384 2475; x_wconf 91' lang='grc' dir='ltr'><strong>νοῦ</strong></span> <span class='ocrx_word' id='word_1_149' title='bbox 2407 2424 2499 2476; x_wconf 71' lang='grc' dir='ltr'><strong>καὶ</strong></span> <span class='ocrx_word' id='word_1_150' title='bbox 2530 2425 2632 2495; x_wconf 84' lang='grc' dir='ltr'><strong>γῆς</strong></span> <span class='ocrx_word' id='word_1_151' title='bbox 2654 2439 2666 2453; x_wconf 87' lang='grc'><strong>⁸</strong></span> <span class='ocrx_word' id='word_1_152' title='bbox 2691 2426 2739 2476; x_wconf 82' lang='lat' dir='ltr'><strong>oi</strong></span> <span class='ocrx_word' id='word_1_153' title='bbox 2764 2426 2820 2478; x_wconf 72' lang='grc' dir='ltr'><strong>δὲ</strong></span> <span class='ocrx_word' id='word_1_154' title='bbox 2848 2427 2942 2478; x_wconf 77' lang='grc' dir='ltr'><strong>σὺν</strong></span> <span class='ocrx_word' id='word_1_155' title='bbox 2969 2424 3116 2496; x_wconf 84' lang='grc' dir='ltr'><strong>αὑτῷ</strong></span> <span class='ocrx_word' id='word_1_156' title='bbox 3140 2424 3481 2493; x_wconf 81' lang='grc' dir='ltr'><strong>γεγενῆσθαι,</strong></span> <span class='ocrx_word' id='word_1_157' title='bbox 3507 2426 3627 2478; x_wconf 63' lang='grc' dir='ltr'><strong>επεὶ</strong></span> <span class='ocrx_word' id='word_1_158' title='bbox 3659 2425 3752 2476; x_wconf 84' lang='grc' dir='ltr'><strong>καὶ</strong></span> <span class='ocrx_word' id='word_1_159' title='bbox 3785 2425 3848 2476; x_wconf 74' lang='grc' dir='ltr'><strong>ἐν</strong></span> 
     </span>
    </p>
   </div>
   <div class='ocr_carea' id='block_1_23' title="bbox 654 2498 2479 2582">
    <p class='ocr_par' dir='ltr' id='par_1_23' title="bbox 654 2498 2479 2582">
     <span class='ocr_line' id='line_1_23' title="bbox 654 2498 2479 2582; baseline -0.002 -13"><span class='ocrx_word' id='word_1_160' title='bbox 654 2521 769 2570; x_wconf 82' lang='lat' dir='ltr'><strong>sine</strong></span> <span class='ocrx_word' id='word_1_161' title='bbox 803 2516 920 2567; x_wconf 90' lang='lat' dir='ltr'><strong>loco</strong></span> <span class='ocrx_word' id='word_1_162' title='bbox 972 2528 1090 2566; x_wconf 86' lang='lat' dir='ltr'><strong>esse</strong></span> <span class='ocrx_word' id='word_1_163' title='bbox 1140 2498 1493 2564; x_wconf 83' lang='lat' dir='ltr'><strong>demonstrari</strong></span> <span class='ocrx_word' id='word_1_164' title='bbox 1545 2525 1648 2563; x_wconf 90' lang='lat' dir='ltr'><strong>non</strong></span> <span class='ocrx_word' id='word_1_165' title='bbox 1715 2510 1906 2579; x_wconf 87' lang='lat' dir='ltr'><strong>possit,</strong></span> <span class='ocrx_word' id='word_1_166' title='bbox 1962 2511 2196 2564; x_wconf 81' lang='lat' dir='ltr'><strong>circum-</strong></span> <span class='ocrx_word' id='word_1_167' title='bbox 2293 2513 2479 2582; x_wconf 87' lang='grc' dir='ltr'><strong>τὸπῳε</strong></span> 
     </span>
    </p>
   </div>
   <div class='ocr_carea' id='block_1_24' title="bbox 2283 2498 3849 2582">
    <p class='ocr_par' dir='ltr' id='par_1_24' title="bbox 2293 2510 3849 2582">
     <span class='ocr_line' id='line_1_24' title="bbox 2293 2510 3849 2582; baseline 0.001 -18"><span class='ocrx_word' id='word_1_168' title='bbox 2293 2513 2439 2582; x_wconf 85' lang='grc' dir='ltr'><strong>τόπῳ</strong></span> <span class='ocrx_word' id='word_1_169' title='bbox 2461 2513 2565 2565; x_wconf 73' lang='grc' dir='ltr'><strong>εισι</strong></span> <span class='ocrx_word' id='word_1_170' title='bbox 2589 2528 2605 2545; x_wconf 91' lang='grc'><strong>⁸</strong></span> <span class='ocrx_word' id='word_1_171' title='bbox 2627 2515 2717 2566; x_wconf 71' lang='grc' dir='ltr'><strong>καὶ</strong></span> <span class='ocrx_word' id='word_1_172' title='bbox 2745 2516 2871 2567; x_wconf 76' lang='grc' dir='ltr'><strong>ἄνευ</strong></span> <span class='ocrx_word' id='word_1_173' title='bbox 2902 2517 3065 2567; x_wconf 71' lang='grc' dir='ltr'><strong>τόπου</strong></span> <span class='ocrx_word' id='word_1_174' title='bbox 3109 2510 3245 2567; x_wconf 81' lang='grc' dir='ltr'><strong>εῖναι</strong></span> <span class='ocrx_word' id='word_1_175' title='bbox 3273 2515 3491 2575; x_wconf 81' lang='grc' dir='ltr'><strong>τούτους</strong></span> <span class='ocrx_word' id='word_1_176' title='bbox 3525 2513 3623 2565; x_wconf 81' lang='grc' dir='ltr'><strong>οὐκ</strong></span> <span class='ocrx_word' id='word_1_177' title='bbox 3647 2513 3712 2565; x_wconf 72' lang='grc' dir='ltr'><strong>ἂν</strong></span> <span class='ocrx_word' id='word_1_178' title='bbox 3757 2514 3849 2565; x_wconf 66' lang='grc' dir='ltr'><strong>ὲν.</strong></span> 
     </span>
    </p>
   </div>
   <div class='ocr_carea' id='block_1_25' title="bbox 654 2601 2479 2674">
    <p class='ocr_par' dir='ltr' id='par_1_25' title="bbox 654 2601 2479 2674">
     <span class='ocr_line' id='line_1_25' title="bbox 654 2601 2479 2674; baseline -0.004 -16"><span class='ocrx_word' id='word_1_179' title='bbox 654 2605 837 2674; x_wconf 87' lang='lat' dir='ltr'><strong>scripti</strong></span> <span class='ocrx_word' id='word_1_180' title='bbox 868 2603 1008 2657; x_wconf 88' lang='lat' dir='ltr'><strong>enim</strong></span> <span class='ocrx_word' id='word_1_181' title='bbox 1037 2611 1182 2655; x_wconf 89' lang='lat' dir='ltr'><strong>sunt.</strong></span> <span class='ocrx_word' id='word_1_182' title='bbox 1747 2625 1750 2629; x_wconf 56' lang='grc' dir='ltr'><strong>ν</strong></span> <span class='ocrx_word' id='word_1_183' title='bbox 2098 2654 2103 2657; x_wconf 93' lang='lat'>_</span> <span class='ocrx_word' id='word_1_184' title='bbox 2293 2601 2479 2669; x_wconf 77' lang='grc' dir='ltr'><strong>δέχοιτι</strong></span> 
     </span>
    </p>
   </div>
   <div class='ocr_carea' id='block_1_26' title="bbox 2283 2601 3245 2674">
    <p class='ocr_par' dir='ltr' id='par_1_26' title="bbox 2293 2601 3245 2673">
     <span class='ocr_line' id='line_1_26' title="bbox 2293 2601 3245 2673; baseline 0.008 -22"><span class='ocrx_word' id='word_1_185' title='bbox 2293 2601 2498 2669; x_wconf 84' lang='grc' dir='ltr'><strong>δέχοιτο</strong></span> <span class='ocrx_word' id='word_1_186' title='bbox 2523 2617 2537 2632; x_wconf 95' lang='grc'><strong>⁸</strong></span> <span class='ocrx_word' id='word_1_187' title='bbox 2561 2606 2922 2671; x_wconf 72' lang='grc' dir='ltr'><strong>περιγραπτοὶ</strong></span> <span class='ocrx_word' id='word_1_188' title='bbox 2956 2605 3062 2673; x_wconf 87' lang='grc' dir='ltr'><strong>γάρ</strong></span> <span class='ocrx_word' id='word_1_189' title='bbox 3087 2606 3245 2659; x_wconf 75' lang='grc' dir='ltr'><strong>εἰσιν.</strong></span> 
     </span>
    </p>
   </div>
   <div class='ocr_carea' id='block_1_27' title="bbox 724 2686 2479 2760">
    <p class='ocr_par' dir='ltr' id='par_1_27' title="bbox 724 2686 2479 2759">
     <span class='ocr_line' id='line_1_27' title="bbox 724 2686 2479 2759; baseline -0.003 -13"><span class='ocrx_word' id='word_1_190' title='bbox 724 2692 877 2759; x_wconf 85' lang='lat' dir='ltr'><strong>Quod</strong></span> <span class='ocrx_word' id='word_1_191' title='bbox 902 2708 1003 2748; x_wconf 90' lang='lat' dir='ltr'><strong>non</strong></span> <span class='ocrx_word' id='word_1_192' title='bbox 1022 2692 1177 2745; x_wconf 87' lang='lat' dir='ltr'><strong>docet</strong></span> <span class='ocrx_word' id='word_1_193' title='bbox 1204 2689 1370 2744; x_wconf 90' lang='lat' dir='ltr'><strong>Deum</strong></span> <span class='ocrx_word' id='word_1_194' title='bbox 1402 2702 1570 2758; x_wconf 82' lang='lat' dir='ltr'><strong>aquas</strong></span> <span class='ocrx_word' id='word_1_195' title='bbox 1596 2694 1726 2743; x_wconf 85' lang='lat' dir='ltr'><strong>tunc</strong></span> <span class='ocrx_word' id='word_1_196' title='bbox 1760 2686 1980 2752; x_wconf 79' lang='lat' dir='ltr'><strong>fecisse;</strong></span> <span class='ocrx_word' id='word_1_197' title='bbox 2025 2686 2118 2748; x_wconf 86' lang='lat' dir='ltr'><strong>sed</strong></span> <span class='ocrx_word' id='word_1_198' title='bbox 2142 2688 2194 2740; x_wconf 88' lang='lat' dir='ltr'><strong>in</strong></span> <span class='ocrx_word' id='word_1_199' title='bbox 2364 2689 2479 2740; x_wconf 85' lang='grc' dir='ltr'><strong>’Ὁτι</strong></span> 
     </span>
    </p>
   </div>
   <div class='ocr_carea' id='block_1_28' title="bbox 2283 2686 3845 2760">
    <p class='ocr_par' dir='ltr' id='par_1_28' title="bbox 2364 2689 3845 2760">
     <span class='ocr_line' id='line_1_28' title="bbox 2364 2689 3845 2760; baseline 0.002 -20"><span class='ocrx_word' id='word_1_200' title='bbox 2364 2689 2484 2740; x_wconf 85' lang='grc' dir='ltr'><strong>’Ὁτι</strong></span> <span class='ocrx_word' id='word_1_201' title='bbox 2515 2689 2573 2741; x_wconf 85' lang='grc' dir='ltr'><strong>οὒ</strong></span> <span class='ocrx_word' id='word_1_202' title='bbox 2606 2689 2842 2742; x_wconf 81' lang='grc' dir='ltr'><strong>διδάσκει</strong></span> <span class='ocrx_word' id='word_1_203' title='bbox 2868 2690 2949 2742; x_wconf 82' lang='grc' dir='ltr'><strong>ὅτι</strong></span> <span class='ocrx_word' id='word_1_204' title='bbox 2978 2692 3157 2744; x_wconf 76' lang='grc' dir='ltr'><strong>καὶτὰ</strong></span> <span class='ocrx_word' id='word_1_205' title='bbox 3180 2691 3340 2744; x_wconf 79' lang='grc' dir='ltr'><strong>ὕδατα</strong></span> <span class='ocrx_word' id='word_1_206' title='bbox 3360 2691 3615 2760; x_wconf 72' lang='grc' dir='ltr'><strong>ἐποίησεν</strong></span> <span class='ocrx_word' id='word_1_207' title='bbox 3651 2693 3679 2745; x_wconf 92' lang='lat'><strong>6</strong></span> <span class='ocrx_word' id='word_1_208' title='bbox 3706 2691 3845 2756; x_wconf 79' lang='grc' dir='ltr'><strong>Θεὸς</strong></span> 
     </span>
    </p>
   </div>
   <div class='ocr_carea' id='block_1_29' title="bbox 655 2774 2479 2850">
    <p class='ocr_par' dir='ltr' id='par_1_29' title="bbox 655 2774 2479 2848">
     <span class='ocr_line' id='line_1_29' title="bbox 655 2774 2479 2848; baseline -0.004 -12"><span class='ocrx_word' id='word_1_209' title='bbox 655 2782 908 2843; x_wconf 70' lang='grc' dir='ltr'><strong>δοιὼῖιιο,</strong></span> <span class='ocrx_word' id='word_1_210' title='bbox 934 2778 1126 2848; x_wconf 84' lang='lat' dir='ltr'><strong>inquit,</strong></span> <span class='ocrx_word' id='word_1_211' title='bbox 1156 2778 1281 2847; x_wconf 86' lang='lat' dir='ltr'><strong>quia</strong></span> <span class='ocrx_word' id='word_1_212' title='bbox 1312 2778 1364 2831; x_wconf 90' lang='lat' dir='ltr'><strong>in</strong></span> <span class='ocrx_word' id='word_1_213' title='bbox 1400 2792 1494 2832; x_wconf 82' lang='lat' dir='ltr'><strong>sex</strong></span> <span class='ocrx_word' id='word_1_214' title='bbox 1531 2775 1720 2832; x_wconf 88' lang='lat' dir='ltr'><strong>diebus</strong></span> <span class='ocrx_word' id='word_1_215' title='bbox 1753 2774 2016 2831; x_wconf 66' lang='lat' dir='ltr'><strong>Dominus,</strong></span> <span class='ocrx_word' id='word_1_216' title='bbox 2056 2775 2196 2830; x_wconf 85' lang='lat' dir='ltr'><strong>Deus</strong></span> <span class='ocrx_word' id='word_1_217' title='bbox 2295 2775 2479 2830; x_wconf 74' lang='grc' dir='ltr'><strong>ὲνταῦθ</strong></span> 
     </span>
    </p>
   </div>
   <div class='ocr_carea' id='block_1_30' title="bbox 2283 2774 3846 2850">
    <p class='ocr_par' dir='ltr' id='par_1_30' title="bbox 2295 2775 3846 2850">
     <span class='ocr_line' id='line_1_30' title="bbox 2295 2775 3846 2850; baseline 0.004 -23"><span class='ocrx_word' id='word_1_218' title='bbox 2295 2775 2524 2830; x_wconf 69' lang='grc' dir='ltr'><strong>ἐνταῦθα</strong></span> <span class='ocrx_word' id='word_1_219' title='bbox 2551 2792 2566 2806; x_wconf 89' lang='grc'><strong>⁸</strong></span> <span class='ocrx_word' id='word_1_220' title='bbox 2596 2779 2653 2831; x_wconf 86' lang='grc' dir='ltr'><strong>ὲν</strong></span> <span class='ocrx_word' id='word_1_221' title='bbox 2678 2777 2734 2829; x_wconf 83' lang='grc' dir='ltr'><strong>δὲ</strong></span> <span class='ocrx_word' id='word_1_222' title='bbox 2756 2776 2832 2845; x_wconf 80' lang='grc' dir='ltr'><strong>τῷ</strong></span> <span class='ocrx_word' id='word_1_223' title='bbox 2864 2778 3148 2848; x_wconf 86' lang='grc' dir='ltr'><strong>Σαϐϐάτῳ,</strong></span> <span class='ocrx_word' id='word_1_224' title='bbox 3189 2781 3370 2850; x_wconf 82' lang='grc' dir='ltr'><strong>φησὶν,</strong></span> <span class='ocrx_word' id='word_1_225' title='bbox 3399 2780 3480 2832; x_wconf 84' lang='grc' dir='ltr'><strong>δτι</strong></span> <span class='ocrx_word' id='word_1_226' title='bbox 3505 2783 3562 2834; x_wconf 84' lang='grc' dir='ltr'><strong>ὲν</strong></span> <span class='ocrx_word' id='word_1_227' title='bbox 3601 2781 3658 2846; x_wconf 75' lang='grc' dir='ltr'><strong>ἓξ</strong></span> <span class='ocrx_word' id='word_1_228' title='bbox 3702 2782 3846 2850; x_wconf 69' lang='grc' dir='ltr'><strong>ἡμι-</strong></span> 
     </span>
    </p>
   </div>
   <div class='ocr_carea' id='block_1_31' title="bbox 657 2862 2479 2942">
    <p class='ocr_par' dir='ltr' id='par_1_31' title="bbox 657 2862 2479 2936">
     <span class='ocr_line' id='line_1_31' title="bbox 657 2862 2479 2936; baseline -0.003 -13"><span class='ocrx_word' id='word_1_229' title='bbox 657 2871 778 2924; x_wconf 79' lang='lat' dir='ltr'><strong>fecit</strong></span> <span class='ocrx_word' id='word_1_230' title='bbox 803 2867 999 2923; x_wconf 88' lang='lat' dir='ltr'><strong>coelum</strong></span> <span class='ocrx_word' id='word_1_231' title='bbox 1026 2862 1087 2921; x_wconf 80' lang='lat' dir='ltr'><strong>et</strong></span> <span class='ocrx_word' id='word_1_232' title='bbox 1114 2876 1314 2920; x_wconf 89' lang='lat' dir='ltr'><strong>terram</strong></span> <span class='ocrx_word' id='word_1_233' title='bbox 1345 2877 1398 2921; x_wconf 92' lang='lat' dir='ltr'><strong>et</strong></span> <span class='ocrx_word' id='word_1_234' title='bbox 1424 2880 1571 2920; x_wconf 87' lang='lat' dir='ltr'><strong>mare</strong></span> <span class='ocrx_word' id='word_1_235' title='bbox 1601 2875 1654 2920; x_wconf 91' lang='lat' dir='ltr'><strong>et</strong></span> <span class='ocrx_word' id='word_1_236' title='bbox 1678 2866 1856 2920; x_wconf 83' lang='lat' dir='ltr'><strong>omnia</strong></span> <span class='ocrx_word' id='word_1_237' title='bbox 1887 2879 2005 2936; x_wconf 63' lang='lat' dir='ltr'><strong>qua</strong></span> <span class='ocrx_word' id='word_1_238' title='bbox 2035 2865 2086 2918; x_wconf 94' lang='lat' dir='ltr'><strong>in</strong></span> <span class='ocrx_word' id='word_1_239' title='bbox 2115 2866 2194 2921; x_wconf 85' lang='lat' dir='ltr'><strong>eis</strong></span> <span class='ocrx_word' id='word_1_240' title='bbox 2297 2884 2412 2936; x_wconf 85' lang='grc' dir='ltr'><strong>ραις</strong></span> <span class='ocrx_word' id='word_1_241' title='bbox 2430 2869 2479 2918; x_wconf 70' lang='grc' dir='ltr'><strong>ἐς</strong></span> 
     </span>
    </p>
   </div>
   <div class='ocr_carea' id='block_1_32' title="bbox 2283 2862 3842 2942">
    <p class='ocr_par' dir='ltr' id='par_1_32' title="bbox 2297 2866 3842 2942">
     <span class='ocr_line' id='line_1_32' title="bbox 2297 2866 3842 2942; baseline 0.003 -24"><span class='ocrx_word' id='word_1_242' title='bbox 2297 2884 2412 2936; x_wconf 84' lang='grc' dir='ltr'><strong>ραις</strong></span> <span class='ocrx_word' id='word_1_243' title='bbox 2430 2866 2647 2937; x_wconf 83' lang='grc' dir='ltr'><strong>ἐποίησε</strong></span> <span class='ocrx_word' id='word_1_244' title='bbox 2669 2868 2868 2939; x_wconf 81' lang='grc' dir='ltr'><strong>Κύριος</strong></span> <span class='ocrx_word' id='word_1_245' title='bbox 2886 2871 2914 2923; x_wconf 92' lang='lat'><strong>6</strong></span> <span class='ocrx_word' id='word_1_246' title='bbox 2932 2869 3062 2932; x_wconf 77' lang='grc' dir='ltr'><strong>Θεὸς</strong></span> <span class='ocrx_word' id='word_1_247' title='bbox 3083 2869 3172 2922; x_wconf 82' lang='grc' dir='ltr'><strong>τὸν</strong></span> <span class='ocrx_word' id='word_1_248' title='bbox 3201 2871 3448 2941; x_wconf 80' lang='grc' dir='ltr'><strong>οὐρανὸν,</strong></span> <span class='ocrx_word' id='word_1_249' title='bbox 3466 2870 3559 2926; x_wconf 78' lang='grc' dir='ltr'><strong>καὶ</strong></span> <span class='ocrx_word' id='word_1_250' title='bbox 3585 2871 3683 2942; x_wconf 72' lang='grc' dir='ltr'><strong>τὴν</strong></span> <span class='ocrx_word' id='word_1_251' title='bbox 3710 2872 3842 2941; x_wconf 80' lang='grc' dir='ltr'><strong>γῆν,</strong></span> 
     </span>
    </p>
   </div>
   <div class='ocr_carea' id='block_1_33' title="bbox 653 2958 3558 3028">
    <p class='ocr_par' dir='ltr' id='par_1_33' title="bbox 653 2958 3558 3028">
     <span class='ocr_line' id='line_1_33' title="bbox 653 2958 3558 3028; baseline 0.002 -14"><span class='ocrx_word' id='word_1_252' title='bbox 653 2971 796 3015; x_wconf 85' lang='lat' dir='ltr'><strong>sunt.</strong></span> <span class='ocrx_word' id='word_1_253' title='bbox 2294 2961 2388 3012; x_wconf 80' lang='grc' dir='ltr'><strong>καὶ</strong></span> <span class='ocrx_word' id='word_1_254' title='bbox 2413 2958 2511 3028; x_wconf 74' lang='grc' dir='ltr'><strong>τὴν</strong></span> <span class='ocrx_word' id='word_1_255' title='bbox 2544 2958 2835 3027; x_wconf 73' lang='grc' dir='ltr'><strong>Θάλασσαν,</strong></span> <span class='ocrx_word' id='word_1_256' title='bbox 2854 2959 2948 3014; x_wconf 77' lang='grc' dir='ltr'><strong>καὶ</strong></span> <span class='ocrx_word' id='word_1_257' title='bbox 2981 2961 3154 3014; x_wconf 83' lang='grc' dir='ltr'><strong>πάντα</strong></span> <span class='ocrx_word' id='word_1_258' title='bbox 3181 2962 3248 3015; x_wconf 74' lang='grc' dir='ltr'><strong>τά</strong></span> <span class='ocrx_word' id='word_1_259' title='bbox 3269 2963 3326 3015; x_wconf 74' lang='grc' dir='ltr'><strong>ὲν</strong></span> <span class='ocrx_word' id='word_1_260' title='bbox 3355 2963 3558 3026; x_wconf 79' lang='grc' dir='ltr'><strong>αὐτοῖς.</strong></span> 
     </span>
    </p>
   </div>
   <div class='ocr_carea' id='block_1_34' title="bbox 703 3035 2479 3122">
    <p class='ocr_par' dir='ltr' id='par_1_34' title="bbox 703 3035 2479 3122">
     <span class='ocr_line' id='line_1_34' title="bbox 703 3035 2479 3122; baseline -0.002 -23"><span class='ocrx_word' id='word_1_261' title='bbox 703 3035 878 3113; x_wconf 64' lang='grc' dir='ltr'><strong>,ρωκὶ</strong></span> <span class='ocrx_word' id='word_1_262' title='bbox 905 3048 950 3103; x_wconf 88' lang='lat' dir='ltr'><strong>si</strong></span> <span class='ocrx_word' id='word_1_263' title='bbox 981 3046 1121 3100; x_wconf 86' lang='lat' dir='ltr'><strong>Deus</strong></span> <span class='ocrx_word' id='word_1_264' title='bbox 1151 3044 1324 3099; x_wconf 89' lang='lat' dir='ltr'><strong>lucem</strong></span> <span class='ocrx_word' id='word_1_265' title='bbox 1359 3041 1582 3109; x_wconf 81' lang='lat' dir='ltr'><strong>creavit,</strong></span> <span class='ocrx_word' id='word_1_266' title='bbox 1618 3056 1724 3097; x_wconf 85' lang='lat' dir='ltr'><strong>non</strong></span> <span class='ocrx_word' id='word_1_267' title='bbox 1751 3042 1874 3097; x_wconf 86' lang='lat' dir='ltr'><strong>item</strong></span> <span class='ocrx_word' id='word_1_268' title='bbox 1908 3042 2189 3098; x_wconf 85' lang='lat' dir='ltr'><strong>tenebras:</strong></span> <span class='ocrx_word' id='word_1_269' title='bbox 2226 3109 2263 3122; x_wconf 40' lang='lat' dir='ltr'><strong>ﬁ</strong></span> <span class='ocrx_word' id='word_1_270' title='bbox 2363 3049 2479 3102; x_wconf 78' lang='grc' dir='ltr'><strong>Ὅτι</strong></span> 
     </span>
    </p>
   </div>
   <div class='ocr_carea' id='block_1_35' title="bbox 2283 3035 3842 3122">
    <p class='ocr_par' dir='ltr' id='par_1_35' title="bbox 2363 3049 3842 3122">
     <span class='ocr_line' id='line_1_35' title="bbox 2363 3049 3842 3122; baseline 0.003 -20"><span class='ocrx_word' id='word_1_271' title='bbox 2363 3049 2484 3102; x_wconf 80' lang='grc' dir='ltr'><strong>Ὀτι</strong></span> <span class='ocrx_word' id='word_1_272' title='bbox 2508 3050 2555 3105; x_wconf 75' lang='grc' dir='ltr'><strong>εἰ</strong></span> <span class='ocrx_word' id='word_1_273' title='bbox 2574 3050 2632 3102; x_wconf 73' lang='grc' dir='ltr'><strong>τὸ</strong></span> <span class='ocrx_word' id='word_1_274' title='bbox 2658 3049 2770 3116; x_wconf 81' lang='grc' dir='ltr'><strong>φῶς</strong></span> <span class='ocrx_word' id='word_1_275' title='bbox 2800 3051 2827 3101; x_wconf 86' lang='lat'><strong>6</strong></span> <span class='ocrx_word' id='word_1_276' title='bbox 2865 3050 2993 3115; x_wconf 77' lang='grc' dir='ltr'><strong>Θεὸς</strong></span> <span class='ocrx_word' id='word_1_277' title='bbox 3045 3050 3493 3122; x_wconf 69' lang='grc' dir='ltr'><strong>ἐδημιούργησεν,</strong></span> <span class='ocrx_word' id='word_1_278' title='bbox 3553 3052 3652 3105; x_wconf 80' lang='grc' dir='ltr'><strong>οὑκ</strong></span> <span class='ocrx_word' id='word_1_279' title='bbox 3675 3052 3842 3116; x_wconf 70' lang='grc' dir='ltr'><strong>αὐτὸς</strong></span> 
     </span>
    </p>
   </div>
   <div class='ocr_carea' id='block_1_36' title="bbox 653 3109 2479 3210">
    <p class='ocr_par' dir='ltr' id='par_1_36' title="bbox 653 3109 2479 3198">
     <span class='ocr_line' id='line_1_36' title="bbox 653 3109 2479 3198; baseline -0.004 -8"><span class='ocrx_word' id='word_1_280' title='bbox 653 3138 923 3190; x_wconf 76' lang='lat' dir='ltr'><strong>contraria</strong></span> <span class='ocrx_word' id='word_1_281' title='bbox 968 3137 1110 3191; x_wconf 86' lang='lat' dir='ltr'><strong>enim</strong></span> <span class='ocrx_word' id='word_1_282' title='bbox 1151 3142 1309 3198; x_wconf 88' lang='lat' dir='ltr'><strong>sunt;</strong></span> <span class='ocrx_word' id='word_1_283' title='bbox 1341 3131 1610 3186; x_wconf 89' lang='lat' dir='ltr'><strong>contraria</strong></span> <span class='ocrx_word' id='word_1_284' title='bbox 1653 3140 1831 3184; x_wconf 84' lang='lat' dir='ltr'><strong>autem</strong></span> <span class='ocrx_word' id='word_1_285' title='bbox 1886 3147 1994 3184; x_wconf 89' lang='lat' dir='ltr'><strong>non</strong></span> <span class='ocrx_word' id='word_1_286' title='bbox 2040 3139 2188 3194; x_wconf 88' lang='lat' dir='ltr'><strong>sunt,</strong></span> <span class='ocrx_word' id='word_1_287' title='bbox 2226 3109 2265 3164; x_wconf 74' lang='grc' dir='ltr'><strong>Β</strong></span> <span class='ocrx_word' id='word_1_288' title='bbox 2293 3139 2479 3192; x_wconf 67' lang='grc' dir='ltr'><strong>τδσκόπ</strong></span> 
     </span>
    </p>
   </div>
   <div class='ocr_carea' id='block_1_37' title="bbox 2283 3109 3842 3210">
    <p class='ocr_par' dir='ltr' id='par_1_37' title="bbox 2293 3109 3842 3210">
     <span class='ocr_line' id='line_1_37' title="bbox 2293 3109 3842 3210; baseline 0.003 -19"><span class='ocrx_word' id='word_1_289' title='bbox 2293 3139 2354 3192; x_wconf 78' lang='grc' dir='ltr'><strong>τὸ</strong></span> <span class='ocrx_word' id='word_1_290' title='bbox 2369 3139 2555 3205; x_wconf 78' lang='grc' dir='ltr'><strong>σκότος</strong></span> <span class='ocrx_word' id='word_1_291' title='bbox 2584 3155 2597 3168; x_wconf 76' lang='grc'><strong>⁸</strong></span> <span class='ocrx_word' id='word_1_292' title='bbox 2641 3109 2856 3194; x_wconf 77' lang='grc' dir='ltr'><strong>ἐναντία</strong></span> <span class='ocrx_word' id='word_1_293' title='bbox 2872 3109 3155 3210; x_wconf 32' lang='grc' dir='ltr'><strong>γάρνοοῦιῖ</strong></span> <span class='ocrx_word' id='word_1_294' title='bbox 3187 3109 3385 3195; x_wconf 46' lang='lat' dir='ltr'><strong>East-6&#39;s</strong></span> <span class='ocrx_word' id='word_1_295' title='bbox 3424 3109 3661 3208; x_wconf 63' lang='grc' dir='ltr'><strong>ἐναντία,</strong></span> <span class='ocrx_word' id='word_1_296' title='bbox 3698 3109 3842 3196; x_wconf 69' lang='grc' dir='ltr'><strong>ἀλλά</strong></span> 
     </span>
    </p>
   </div>
   <div class='ocr_carea' id='block_1_38' title="bbox 652 3219 2479 3301">
    <p class='ocr_par' dir='ltr' id='par_1_38' title="bbox 652 3219 2479 3296">
     <span class='ocr_line' id='line_1_38' title="bbox 652 3219 2479 3296; baseline -0.008 -17"><span class='ocrx_word' id='word_1_297' title='bbox 652 3229 741 3280; x_wconf 88' lang='lat' dir='ltr'><strong>sed</strong></span> <span class='ocrx_word' id='word_1_298' title='bbox 783 3227 872 3279; x_wconf 82' lang='lat' dir='ltr'><strong>lux</strong></span> <span class='ocrx_word' id='word_1_299' title='bbox 938 3225 1152 3292; x_wconf 82' lang='lat' dir='ltr'><strong>quidem</strong></span> <span class='ocrx_word' id='word_1_300' title='bbox 1206 3221 1544 3283; x_wconf 85' lang='lat' dir='ltr'><strong>substantia,</strong></span> <span class='ocrx_word' id='word_1_301' title='bbox 1606 3219 1838 3274; x_wconf 62' lang='lat' dir='ltr'><strong>tenebrae</strong></span> <span class='ocrx_word' id='word_1_302' title='bbox 1897 3219 2191 3274; x_wconf 86' lang='lat' dir='ltr'><strong>ascititium</strong></span> <span class='ocrx_word' id='word_1_303' title='bbox 2293 3226 2352 3280; x_wconf 75' lang='grc' dir='ltr'><strong>τδ</strong></span> <span class='ocrx_word' id='word_1_304' title='bbox 2400 3227 2479 3296; x_wconf 62' lang='grc' dir='ltr'><strong>μι.</strong></span> 
     </span>
    </p>
   </div>
   <div class='ocr_carea' id='block_1_39' title="bbox 2283 3219 3840 3301">
    <p class='ocr_par' dir='ltr' id='par_1_39' title="bbox 2293 3226 3840 3301">
     <span class='ocr_line' id='line_1_39' title="bbox 2293 3226 3840 3301; baseline 0.003 -21"><span class='ocrx_word' id='word_1_305' title='bbox 2293 3226 2352 3280; x_wconf 77' lang='grc' dir='ltr'><strong>τὸ</strong></span> <span class='ocrx_word' id='word_1_306' title='bbox 2400 3227 2498 3296; x_wconf 68' lang='grc' dir='ltr'><strong>μὲν</strong></span> <span class='ocrx_word' id='word_1_307' title='bbox 2549 3229 2725 3292; x_wconf 81' lang='grc' dir='ltr'><strong>οὑσια,</strong></span> <span class='ocrx_word' id='word_1_308' title='bbox 2757 3229 2815 3281; x_wconf 82' lang='grc' dir='ltr'><strong>τὸ</strong></span> <span class='ocrx_word' id='word_1_309' title='bbox 2848 3229 2904 3282; x_wconf 78' lang='grc' dir='ltr'><strong>δὲ</strong></span> <span class='ocrx_word' id='word_1_310' title='bbox 2969 3229 3308 3300; x_wconf 80' lang='grc' dir='ltr'><strong>συμϐεϐηκός</strong></span> <span class='ocrx_word' id='word_1_311' title='bbox 3348 3232 3493 3283; x_wconf 64' lang='grc' dir='ltr'><strong>ἔστιν</strong></span> <span class='ocrx_word' id='word_1_312' title='bbox 3524 3244 3541 3262; x_wconf 97' lang='grc'><strong>⁸</strong></span> <span class='ocrx_word' id='word_1_313' title='bbox 3600 3231 3840 3301; x_wconf 80' lang='grc' dir='ltr'><strong>οὐρανοῦ</strong></span> 
     </span>
    </p>
   </div>
   <div class='ocr_carea' id='block_1_40' title="bbox 654 3309 2207 3382">
    <p class='ocr_par' dir='ltr' id='par_1_40' title="bbox 654 3309 2207 3382">
     <span class='ocr_line' id='line_1_40' title="bbox 654 3309 2207 3382; baseline -0.004 -16"><span class='ocrx_word' id='word_1_314' title='bbox 654 3317 821 3382; x_wconf 84' lang='lat' dir='ltr'><strong>quid;</strong></span> <span class='ocrx_word' id='word_1_315' title='bbox 852 3313 972 3367; x_wconf 89' lang='lat' dir='ltr'><strong>coeli</strong></span> <span class='ocrx_word' id='word_1_316' title='bbox 1003 3314 1147 3366; x_wconf 88' lang='lat' dir='ltr'><strong>enim</strong></span> <span class='ocrx_word' id='word_1_317' title='bbox 1164 3322 1216 3366; x_wconf 91' lang='lat' dir='ltr'><strong>et</strong></span> <span class='ocrx_word' id='word_1_318' title='bbox 1249 3324 1406 3365; x_wconf 76' lang='lat' dir='ltr'><strong>terra:</strong></span> <span class='ocrx_word' id='word_1_319' title='bbox 1437 3309 1781 3364; x_wconf 87' lang='lat' dir='ltr'><strong>obumbratio</strong></span> <span class='ocrx_word' id='word_1_320' title='bbox 1806 3315 1964 3374; x_wconf 86' lang='lat' dir='ltr'><strong>sunt;</strong></span> <span class='ocrx_word' id='word_1_321' title='bbox 1996 3322 2207 3362; x_wconf 25' lang='lat' dir='ltr'><strong>secun-r</strong></span> 
     </span>
    </p>
   </div>
   <div class='ocr_carea' id='block_1_41' title="bbox 653 3401 1475 3470">
    <p class='ocr_par' dir='ltr' id='par_1_41' title="bbox 653 3401 1475 3470">
     <span class='ocr_line' id='line_1_41' title="bbox 653 3401 1475 3470; baseline -0.009 -14"><span class='ocrx_word' id='word_1_322' title='bbox 653 3407 779 3456; x_wconf 87' lang='lat' dir='ltr'><strong>dum</strong></span> <span class='ocrx_word' id='word_1_323' title='bbox 816 3402 1059 3470; x_wconf 77' lang='lat' dir='ltr'><strong>gentiles,</strong></span> <span class='ocrx_word' id='word_1_324' title='bbox 1092 3401 1279 3452; x_wconf 89' lang='lat' dir='ltr'><strong>umbra</strong></span> <span class='ocrx_word' id='word_1_325' title='bbox 1299 3407 1475 3451; x_wconf 67' lang='lat' dir='ltr'><strong>terrae.</strong></span> 
     </span>
    </p>
   </div>
   <div class='ocr_carea' id='block_1_42' title="bbox 723 3481 2190 3557">
    <p class='ocr_par' dir='ltr' id='par_1_42' title="bbox 723 3481 2190 3557">
     <span class='ocr_line' id='line_1_42' title="bbox 723 3481 2190 3557; baseline -0.006 -14"><span class='ocrx_word' id='word_1_326' title='bbox 723 3491 876 3556; x_wconf 85' lang='lat' dir='ltr'><strong>Quod</strong></span> <span class='ocrx_word' id='word_1_327' title='bbox 907 3488 1135 3557; x_wconf 83' lang='lat' dir='ltr'><strong>Spiritus</strong></span> <span class='ocrx_word' id='word_1_328' title='bbox 1160 3488 1248 3556; x_wconf 85' lang='lat' dir='ltr'><strong>qui</strong></span> <span class='ocrx_word' id='word_1_329' title='bbox 1279 3486 1551 3538; x_wconf 79' lang='lat' dir='ltr'><strong>ferebatur</strong></span> <span class='ocrx_word' id='word_1_330' title='bbox 1577 3498 1669 3536; x_wconf 86' lang='lat' dir='ltr'><strong>aer</strong></span> <span class='ocrx_word' id='word_1_331' title='bbox 1691 3493 1773 3538; x_wconf 87' lang='lat' dir='ltr'><strong>est</strong></span> <span class='ocrx_word' id='word_1_332' title='bbox 1801 3481 2057 3552; x_wconf 88' lang='lat' dir='ltr'><strong>physicus</strong></span> <span class='ocrx_word' id='word_1_333' title='bbox 2097 3496 2190 3534; x_wconf 87' lang='lat' dir='ltr'><strong>su-</strong></span> 
     </span>
    </p>
   </div>
   <div class='ocr_carea' id='block_1_43' title="bbox 654 3572 2194 3650">
    <p class='ocr_par' dir='ltr' id='par_1_43' title="bbox 654 3572 2194 3650">
     <span class='ocr_line' id='line_1_43' title="bbox 654 3572 2194 3650; baseline -0.006 -18"><span class='ocrx_word' id='word_1_334' title='bbox 654 3598 747 3650; x_wconf 51' lang='lat' dir='ltr'><strong>pra</strong></span> <span class='ocrx_word' id='word_1_335' title='bbox 786 3594 955 3648; x_wconf 86' lang='lat' dir='ltr'><strong>aquas</strong></span> <span class='ocrx_word' id='word_1_336' title='bbox 1013 3578 1297 3639; x_wconf 75' lang='lat' dir='ltr'><strong>exsistens,</strong></span> <span class='ocrx_word' id='word_1_337' title='bbox 1333 3574 1491 3642; x_wconf 86' lang='lat' dir='ltr'><strong>cujus</strong></span> <span class='ocrx_word' id='word_1_338' title='bbox 1533 3585 1778 3626; x_wconf 89' lang='lat' dir='ltr'><strong>naturam</strong></span> <span class='ocrx_word' id='word_1_339' title='bbox 1839 3572 2086 3625; x_wconf 88' lang='lat' dir='ltr'><strong>mobilem</strong></span> <span class='ocrx_word' id='word_1_340' title='bbox 2139 3580 2194 3624; x_wconf 90' lang='lat' dir='ltr'><strong>et</strong></span> 
     </span>
    </p>
   </div>
   <div class='ocr_carea' id='block_1_44' title="bbox 655 3661 2188 3730">
    <p class='ocr_par' dir='ltr' id='par_1_44' title="bbox 655 3661 2188 3730">
     <span class='ocr_line' id='line_1_44' title="bbox 655 3661 2188 3730; baseline -0.005 -8"><span class='ocrx_word' id='word_1_341' title='bbox 655 3675 845 3722; x_wconf 78' lang='lat' dir='ltr'><strong>lluxam</strong></span> <span class='ocrx_word' id='word_1_342' title='bbox 886 3669 1018 3721; x_wconf 87' lang='lat' dir='ltr'><strong>bene</strong></span> <span class='ocrx_word' id='word_1_343' title='bbox 1045 3667 1411 3719; x_wconf 81' lang='lat' dir='ltr'><strong>demonstrant</strong></span> <span class='ocrx_word' id='word_1_344' title='bbox 1447 3663 1605 3717; x_wconf 84' lang='lat' dir='ltr'><strong>verba</strong></span> <span class='ocrx_word' id='word_1_345' title='bbox 1633 3661 1893 3730; x_wconf 73' lang='lat' dir='ltr'><strong>ferebatur</strong></span> <span class='ocrx_word' id='word_1_346' title='bbox 1921 3670 1975 3715; x_wconf 88' lang='lat' dir='ltr'><strong>et</strong></span> <span class='ocrx_word' id='word_1_347' title='bbox 2009 3675 2188 3727; x_wconf 77' lang='lat' dir='ltr'><strong>supra.</strong></span> 
     </span>
    </p>
   </div>
   <div class='ocr_carea' id='block_1_45' title="bbox 654 3749 2189 3825">
    <p class='ocr_par' dir='ltr' id='par_1_45' title="bbox 654 3749 2189 3825">
     <span class='ocr_line' id='line_1_45' title="bbox 654 3749 2189 3825; baseline -0.007 -13"><span class='ocrx_word' id='word_1_348' title='bbox 654 3760 804 3825; x_wconf 84' lang='lat' dir='ltr'><strong>Quod</strong></span> <span class='ocrx_word' id='word_1_349' title='bbox 833 3768 1007 3811; x_wconf 88' lang='lat' dir='ltr'><strong>autem</strong></span> <span class='ocrx_word' id='word_1_350' title='bbox 1033 3755 1288 3825; x_wconf 80' lang='lat' dir='ltr'><strong>Spiritum</strong></span> <span class='ocrx_word' id='word_1_351' title='bbox 1344 3753 1437 3808; x_wconf 87' lang='lat' dir='ltr'><strong>Dei</strong></span> <span class='ocrx_word' id='word_1_352' title='bbox 1471 3753 1618 3818; x_wconf 86' lang='lat' dir='ltr'><strong>dicit,</strong></span> <span class='ocrx_word' id='word_1_353' title='bbox 1649 3753 1772 3806; x_wconf 86' lang='lat' dir='ltr'><strong>audi</strong></span> <span class='ocrx_word' id='word_1_354' title='bbox 1801 3750 1965 3805; x_wconf 76' lang='lat' dir='ltr'><strong>David</strong></span> <span class='ocrx_word' id='word_1_355' title='bbox 1999 3764 2013 3802; x_wconf 89' lang='lat'><strong>:</strong></span> <span class='ocrx_word' id='word_1_356' title='bbox 2055 3749 2189 3803; x_wconf 84' lang='lat' dir='ltr'><strong>Fla-</strong></span> 
     </span>
    </p>
   </div>
   <div class='ocr_carea' id='block_1_46' title="bbox 653 3843 2183 3920">
    <p class='ocr_par' dir='ltr' id='par_1_46' title="bbox 653 3843 2183 3920">
     <span class='ocr_line' id='line_1_46' title="bbox 653 3843 2183 3920; baseline -0.007 -17"><span class='ocrx_word' id='word_1_357' title='bbox 653 3852 723 3903; x_wconf 86' lang='lat' dir='ltr'><strong>bit</strong></span> <span class='ocrx_word' id='word_1_358' title='bbox 747 3849 973 3916; x_wconf 78' lang='lat' dir='ltr'><strong>Spiritus</strong></span> <span class='ocrx_word' id='word_1_359' title='bbox 1000 3850 1132 3916; x_wconf 81' lang='lat' dir='ltr'><strong>ejus,</strong></span> <span class='ocrx_word' id='word_1_360' title='bbox 1153 3847 1202 3901; x_wconf 91' lang='lat' dir='ltr'><strong>id</strong></span> <span class='ocrx_word' id='word_1_361' title='bbox 1231 3855 1313 3899; x_wconf 89' lang='lat' dir='ltr'><strong>est</strong></span> <span class='ocrx_word' id='word_1_362' title='bbox 1339 3844 1570 3914; x_wconf 89' lang='lat' dir='ltr'><strong>Spiritus</strong></span> <span class='ocrx_word' id='word_1_363' title='bbox 1587 3843 1699 3920; x_wconf 70' lang='lat' dir='ltr'><strong>Dci,</strong></span> <span class='ocrx_word' id='word_1_364' title='bbox 1718 3854 1766 3897; x_wconf 88' lang='lat' dir='ltr'><strong>et</strong></span> <span class='ocrx_word' id='word_1_365' title='bbox 1786 3843 1948 3912; x_wconf 71' lang='lat' dir='ltr'><strong>ﬂuent</strong></span> <span class='ocrx_word' id='word_1_366' title='bbox 1969 3857 2118 3912; x_wconf 76' lang='lat' dir='ltr'><strong>aqua:</strong></span> <span class='ocrx_word' id='word_1_367' title='bbox 2135 3843 2183 3909; x_wconf 84' lang='grc'><strong>¹;</strong></span> 
     </span>
    </p>
   </div>
   <div class='ocr_carea' id='block_1_47' title="bbox 650 3931 2186 4004">
    <p class='ocr_par' dir='ltr' id='par_1_47' title="bbox 650 3931 2186 4004">
     <span class='ocr_line' id='line_1_47' title="bbox 650 3931 2186 4004; baseline -0.007 -10"><span class='ocrx_word' id='word_1_368' title='bbox 650 3948 723 4004; x_wconf 81' lang='lat' dir='ltr'><strong>et,</strong></span> <span class='ocrx_word' id='word_1_369' title='bbox 769 3939 974 3992; x_wconf 79' lang='lat' dir='ltr'><strong>Domini</strong></span> <span class='ocrx_word' id='word_1_370' title='bbox 1018 3946 1095 3991; x_wconf 84' lang='lat' dir='ltr'><strong>est</strong></span> <span class='ocrx_word' id='word_1_371' title='bbox 1135 3947 1272 3990; x_wconf 83' lang='lat' dir='ltr'><strong>terra</strong></span> <span class='ocrx_word' id='word_1_372' title='bbox 1296 3947 1342 3989; x_wconf 86' lang='grc' dir='ltr'><strong>ει</strong></span> <span class='ocrx_word' id='word_1_373' title='bbox 1378 3934 1643 4004; x_wconf 78' lang='lat' dir='ltr'><strong>plenitudo</strong></span> <span class='ocrx_word' id='word_1_374' title='bbox 1667 3933 1848 4001; x_wconf 75' lang='lat' dir='ltr'><strong>eju&#39;;</strong></span> <span class='ocrx_word' id='word_1_375' title='bbox 1878 3940 1953 3995; x_wconf 83' lang='lat' dir='ltr'><strong>et,</strong></span> <span class='ocrx_word' id='word_1_376' title='bbox 1987 3931 2186 3986; x_wconf 65' lang='lat' dir='ltr'><strong>(Italum</strong></span> 
     </span>
    </p>
   </div>
   <div class='ocr_carea' id='block_1_48' title="bbox 650 4021 2186 4092">
    <p class='ocr_par' dir='ltr' id='par_1_48' title="bbox 650 4021 2186 4092">
     <span class='ocr_line' id='line_1_48' title="bbox 650 4021 2186 4092; baseline -0.007 -9"><span class='ocrx_word' id='word_1_377' title='bbox 650 4031 764 4083; x_wconf 78' lang='lat' dir='ltr'><strong>caeli</strong></span> <span class='ocrx_word' id='word_1_378' title='bbox 795 4029 1012 4082; x_wconf 82' lang='lat' dir='ltr'><strong>Domino</strong></span> <span class='ocrx_word' id='word_1_379' title='bbox 1040 4030 1082 4081; x_wconf 87' lang='grc'><strong>³.</strong></span> <span class='ocrx_word' id='word_1_380' title='bbox 1108 4027 1333 4092; x_wconf 88' lang='lat' dir='ltr'><strong>Quidam</strong></span> <span class='ocrx_word' id='word_1_381' title='bbox 1355 4039 1532 4079; x_wconf 85' lang='lat' dir='ltr'><strong>autem</strong></span> <span class='ocrx_word' id='word_1_382' title='bbox 1574 4027 1675 4078; x_wconf 87' lang='lat' dir='ltr'><strong>hoc</strong></span> <span class='ocrx_word' id='word_1_383' title='bbox 1703 4025 1768 4078; x_wconf 83' lang='lat' dir='ltr'><strong>de</strong></span> <span class='ocrx_word' id='word_1_384' title='bbox 1817 4021 2021 4091; x_wconf 89' lang='lat' dir='ltr'><strong>Spiritu</strong></span> <span class='ocrx_word' id='word_1_385' title='bbox 2062 4036 2186 4076; x_wconf 81' lang='lat' dir='ltr'><strong>san-</strong></span> 
     </span>
    </p>
   </div>
   <div class='ocr_carea' id='block_1_49' title="bbox 650 4109 2187 4187">
    <p class='ocr_par' dir='ltr' id='par_1_49' title="bbox 650 4109 2187 4187">
     <span class='ocr_line' id='line_1_49' title="bbox 650 4109 2187 4187; baseline -0.007 -15"><span class='ocrx_word' id='word_1_386' title='bbox 650 4133 736 4172; x_wconf 86' lang='lat' dir='ltr'><strong>cto</strong></span> <span class='ocrx_word' id='word_1_387' title='bbox 759 4119 1057 4187; x_wconf 90' lang='lat' dir='ltr'><strong>intelligunt</strong></span> <span class='ocrx_word' id='word_1_388' title='bbox 1080 4134 1094 4180; x_wconf 90' lang='lat'><strong>;</strong></span> <span class='ocrx_word' id='word_1_389' title='bbox 1118 4133 1216 4170; x_wconf 84' lang='lat' dir='ltr'><strong>vox</strong></span> <span class='ocrx_word' id='word_1_390' title='bbox 1241 4124 1416 4169; x_wconf 89' lang='lat' dir='ltr'><strong>autem</strong></span> <span class='ocrx_word' id='word_1_391' title='bbox 1445 4113 1722 4180; x_wconf 74' lang='lat' dir='ltr'><strong>ferebatur,</strong></span> <span class='ocrx_word' id='word_1_392' title='bbox 1751 4112 1802 4166; x_wconf 91' lang='lat' dir='ltr'><strong>id</strong></span> <span class='ocrx_word' id='word_1_393' title='bbox 1827 4111 2076 4180; x_wconf 83' lang='lat' dir='ltr'><strong>estquasi</strong></span> <span class='ocrx_word' id='word_1_394' title='bbox 2100 4109 2187 4162; x_wconf 83' lang='lat' dir='ltr'><strong>in-</strong></span> 
     </span>
    </p>
   </div>
   <div class='ocr_carea' id='block_1_50' title="bbox 649 4202 1598 4276">
    <p class='ocr_par' dir='ltr' id='par_1_50' title="bbox 649 4202 1598 4276">
     <span class='ocr_line' id='line_1_50' title="bbox 649 4202 1598 4276; baseline -0.012 -14"><span class='ocrx_word' id='word_1_395' title='bbox 649 4209 878 4262; x_wconf 84' lang='lat' dir='ltr'><strong>cubabat</strong></span> <span class='ocrx_word' id='word_1_396' title='bbox 903 4206 1056 4276; x_wconf 86' lang='lat' dir='ltr'><strong>aquis</strong></span> <span class='ocrx_word' id='word_1_397' title='bbox 1091 4216 1143 4259; x_wconf 90' lang='lat' dir='ltr'><strong>et</strong></span> <span class='ocrx_word' id='word_1_398' title='bbox 1160 4219 1254 4258; x_wconf 88' lang='lat' dir='ltr'><strong>eas</strong></span> <span class='ocrx_word' id='word_1_399' title='bbox 1279 4202 1598 4256; x_wconf 79' lang='lat' dir='ltr'><strong>viviﬁcabat.</strong></span> 
     </span>
    </p>
   </div>
   <div class='ocr_carea' id='block_1_51' title="bbox 721 4373 2186 4454">
    <p class='ocr_par' dir='ltr' id='par_1_51' title="bbox 721 4373 2186 4454">
     <span class='ocr_line' id='line_1_51' title="bbox 721 4373 2186 4454; baseline -0.006 -18"><span class='ocrx_word' id='word_1_400' title='bbox 721 4384 871 4450; x_wconf 84' lang='lat' dir='ltr'><strong>Quod</strong></span> <span class='ocrx_word' id='word_1_401' title='bbox 901 4391 1115 4452; x_wconf 87' lang='lat' dir='ltr'><strong>propter</strong></span> <span class='ocrx_word' id='word_1_402' title='bbox 1149 4373 1249 4434; x_wconf 77' lang='lat' dir='ltr'><strong>hec</strong></span> <span class='ocrx_word' id='word_1_403' title='bbox 1277 4379 1471 4433; x_wconf 88' lang='lat' dir='ltr'><strong>dicitur</strong></span> <span class='ocrx_word' id='word_1_404' title='bbox 1503 4395 1516 4430; x_wconf 85' lang='lat'><strong>:</strong></span> <span class='ocrx_word' id='word_1_405' title='bbox 1542 4375 1686 4431; x_wconf 82' lang='lat' dir='ltr'><strong>Vidit</strong></span> <span class='ocrx_word' id='word_1_406' title='bbox 1717 4374 1860 4431; x_wconf 86' lang='lat' dir='ltr'><strong>Deus</strong></span> <span class='ocrx_word' id='word_1_407' title='bbox 1881 4375 2006 4443; x_wconf 88' lang='lat' dir='ltr'><strong>quia</strong></span> <span class='ocrx_word' id='word_1_408' title='bbox 2035 4384 2186 4454; x_wconf 79' lang='lat' dir='ltr'><strong>erant</strong></span> 
     </span>
    </p>
   </div>
   <div class='ocr_carea' id='block_1_52' title="bbox 601 4466 2181 4542">
    <p class='ocr_par' dir='ltr' id='par_1_52' title="bbox 601 4466 2181 4542">
     <span class='ocr_line' id='line_1_52' title="bbox 601 4466 2181 4542; baseline -0.008 -10"><span class='ocrx_word' id='word_1_409' title='bbox 601 4477 607 4480; x_wconf 79' lang='grc'><em>’</em></span> <span class='ocrx_word' id='word_1_410' title='bbox 650 4480 811 4538; x_wconf 84' lang='lat' dir='ltr'><strong>bona,</strong></span> <span class='ocrx_word' id='word_1_411' title='bbox 837 4490 902 4529; x_wconf 91' lang='lat' dir='ltr'><strong>ne</strong></span> <span class='ocrx_word' id='word_1_412' title='bbox 924 4473 1045 4542; x_wconf 83' lang='lat' dir='ltr'><strong>quis</strong></span> <span class='ocrx_word' id='word_1_413' title='bbox 1061 4473 1360 4540; x_wconf 84' lang='lat' dir='ltr'><strong>vituperare</strong></span> <span class='ocrx_word' id='word_1_414' title='bbox 1377 4470 1595 4524; x_wconf 78' lang='lat' dir='ltr'><strong>auderet</strong></span> <span class='ocrx_word' id='word_1_415' title='bbox 1613 4482 1730 4538; x_wconf 67' lang='lat' dir='ltr'><strong>qua:</strong></span> <span class='ocrx_word' id='word_1_416' title='bbox 1752 4466 1929 4522; x_wconf 84' lang='lat' dir='ltr'><strong>divina</strong></span> <span class='ocrx_word' id='word_1_417' title='bbox 1963 4474 2181 4521; x_wconf 85' lang='lat' dir='ltr'><strong>senten-</strong></span> 
     </span>
    </p>
   </div>
   <div class='ocr_carea' id='block_1_53' title="bbox 652 4563 1154 4618">
    <p class='ocr_par' dir='ltr' id='par_1_53' title="bbox 652 4563 1154 4618">
     <span class='ocr_line' id='line_1_53' title="bbox 652 4563 1154 4618; baseline -0.008 0"><span class='ocrx_word' id='word_1_418' title='bbox 652 4568 721 4618; x_wconf 86' lang='lat' dir='ltr'><strong>tia</strong></span> <span class='ocrx_word' id='word_1_419' title='bbox 760 4565 904 4617; x_wconf 81' lang='lat' dir='ltr'><strong>bona</strong></span> <span class='ocrx_word' id='word_1_420' title='bbox 931 4563 1154 4615; x_wconf 84' lang='lat' dir='ltr'><strong>dixerat.</strong></span> 
     </span>
    </p>
   </div>
   <div class='ocr_carea' id='block_1_54' title="bbox 717 4638 2177 4719">
    <p class='ocr_par' dir='ltr' id='par_1_54' title="bbox 717 4638 2177 4719">
     <span class='ocr_line' id='line_1_54' title="bbox 717 4638 2177 4719; baseline -0.008 -12"><span class='ocrx_word' id='word_1_421' title='bbox 717 4655 868 4719; x_wconf 86' lang='lat' dir='ltr'><strong>Quod</strong></span> <span class='ocrx_word' id='word_1_422' title='bbox 894 4654 998 4707; x_wconf 90' lang='lat' dir='ltr'><strong>duo</strong></span> <span class='ocrx_word' id='word_1_423' title='bbox 1035 4651 1154 4707; x_wconf 74' lang='grc' dir='ltr'><strong>ραιιὶ</strong></span> <span class='ocrx_word' id='word_1_424' title='bbox 1180 4638 1340 4705; x_wconf 83' lang='lat' dir='ltr'><strong>sunt:</strong></span> <span class='ocrx_word' id='word_1_425' title='bbox 1376 4663 1539 4704; x_wconf 86' lang='lat' dir='ltr'><strong>unum</strong></span> <span class='ocrx_word' id='word_1_426' title='bbox 1567 4647 1618 4701; x_wconf 92' lang='lat' dir='ltr'><strong>in</strong></span> <span class='ocrx_word' id='word_1_427' title='bbox 1642 4645 1906 4718; x_wconf 82' lang='lat' dir='ltr'><strong>principio</strong></span> <span class='ocrx_word' id='word_1_428' title='bbox 1955 4643 2177 4706; x_wconf 82' lang='lat' dir='ltr'><strong>factum,</strong></span> 
     </span>
    </p>
   </div>
   <div class='ocr_carea' id='block_1_55' title="bbox 649 4739 2181 4814">
    <p class='ocr_par' dir='ltr' id='par_1_55' title="bbox 649 4739 2181 4814">
     <span class='ocr_line' id='line_1_55' title="bbox 649 4739 2181 4814; baseline -0.007 -16"><span class='ocrx_word' id='word_1_429' title='bbox 649 4747 872 4800; x_wconf 86' lang='lat' dir='ltr'><strong>alterum</strong></span> <span class='ocrx_word' id='word_1_430' title='bbox 911 4762 973 4799; x_wconf 82' lang='lat' dir='ltr'><strong>ex</strong></span> <span class='ocrx_word' id='word_1_431' title='bbox 1005 4745 1161 4814; x_wconf 88' lang='lat' dir='ltr'><strong>aquis</strong></span> <span class='ocrx_word' id='word_1_432' title='bbox 1199 4741 1511 4806; x_wconf 80' lang='lat' dir='ltr'><strong>formatum;</strong></span> <span class='ocrx_word' id='word_1_433' title='bbox 1542 4739 1595 4795; x_wconf 92' lang='lat' dir='ltr'><strong>id</strong></span> <span class='ocrx_word' id='word_1_434' title='bbox 1642 4747 1725 4793; x_wconf 85' lang='lat' dir='ltr'><strong>est</strong></span> <span class='ocrx_word' id='word_1_435' title='bbox 1771 4753 1935 4792; x_wconf 88' lang='lat' dir='ltr'><strong>unum</strong></span> <span class='ocrx_word' id='word_1_436' title='bbox 1965 4751 2030 4793; x_wconf 80' lang='lat' dir='ltr'><strong>ex</strong></span> <span class='ocrx_word' id='word_1_437' title='bbox 2074 4749 2181 4789; x_wconf 87' lang='lat' dir='ltr'><strong>non</strong></span> 
     </span>
    </p>
   </div>
   <div class='ocr_carea' id='block_1_56' title="bbox 647 4827 1777 4898">
    <p class='ocr_par' dir='ltr' id='par_1_56' title="bbox 647 4827 1777 4898">
     <span class='ocr_line' id='line_1_56' title="bbox 647 4827 1777 4898; baseline -0.007 -10"><span class='ocrx_word' id='word_1_438' title='bbox 647 4836 882 4898; x_wconf 82' lang='lat' dir='ltr'><strong>cutibus,</strong></span> <span class='ocrx_word' id='word_1_439' title='bbox 913 4834 1136 4885; x_wconf 89' lang='lat' dir='ltr'><strong>alterum</strong></span> <span class='ocrx_word' id='word_1_440' title='bbox 1158 4831 1346 4896; x_wconf 80' lang='lat' dir='ltr'><strong>exjam</strong></span> <span class='ocrx_word' id='word_1_441' title='bbox 1377 4827 1777 4882; x_wconf 77' lang='lat' dir='ltr'><strong>exsistentibtts.</strong></span> 
     </span>
    </p>
   </div>
   <div class='ocr_carea' id='block_1_57' title="bbox 716 4907 2182 4987">
    <p class='ocr_par' dir='ltr' id='par_1_57' title="bbox 716 4907 2182 4987">
     <span class='ocr_line' id='line_1_57' title="bbox 716 4907 2182 4987; baseline -0.008 -13"><span class='ocrx_word' id='word_1_442' title='bbox 716 4921 867 4987; x_wconf 86' lang='lat' dir='ltr'><strong>Quod</strong></span> <span class='ocrx_word' id='word_1_443' title='bbox 903 4921 1049 4983; x_wconf 82' lang='lat' dir='ltr'><strong>illud,</strong></span> <span class='ocrx_word' id='word_1_444' title='bbox 1070 4907 1323 4978; x_wconf 78' lang='lat' dir='ltr'><strong>Laudate,</strong></span> <span class='ocrx_word' id='word_1_445' title='bbox 1348 4916 1457 4968; x_wconf 72' lang='lat' dir='ltr'><strong>caeli</strong></span> <span class='ocrx_word' id='word_1_446' title='bbox 1486 4917 1749 4978; x_wconf 68' lang='lat' dir='ltr'><strong>caelorum,</strong></span> <span class='ocrx_word' id='word_1_447' title='bbox 1799 4924 1852 4969; x_wconf 87' lang='lat' dir='ltr'><strong>et</strong></span> <span class='ocrx_word' id='word_1_448' title='bbox 1886 4929 2020 4982; x_wconf 78' lang='lat' dir='ltr'><strong>aqua</strong></span> <span class='ocrx_word' id='word_1_449' title='bbox 2069 4926 2182 4980; x_wconf 73' lang='lat' dir='ltr'><strong>qua:</strong></span> 
     </span>
    </p>
   </div>
   <div class='ocr_carea' id='block_1_58' title="bbox 646 5001 2183 5078">
    <p class='ocr_par' dir='ltr' id='par_1_58' title="bbox 646 5001 2183 5078">
     <span class='ocr_line' id='line_1_58' title="bbox 646 5001 2183 5078; baseline -0.008 -12"><span class='ocrx_word' id='word_1_450' title='bbox 646 5014 773 5068; x_wconf 74' lang='grc' dir='ltr'><strong>(ωιο</strong></span> <span class='ocrx_word' id='word_1_451' title='bbox 815 5019 1095 5078; x_wconf 80' lang='lat' dir='ltr'><strong>superstat,</strong></span> <span class='ocrx_word' id='word_1_452' title='bbox 1143 5009 1324 5076; x_wconf 89' lang='lat' dir='ltr'><strong>plures</strong></span> <span class='ocrx_word' id='word_1_453' title='bbox 1353 5005 1637 5060; x_wconf 64' lang='lat' dir='ltr'><strong>caelosnon</strong></span> <span class='ocrx_word' id='word_1_454' title='bbox 1671 5005 1907 5069; x_wconf 86' lang='lat' dir='ltr'><strong>inducit;</strong></span> <span class='ocrx_word' id='word_1_455' title='bbox 1955 5001 2049 5057; x_wconf 86' lang='lat' dir='ltr'><strong>sed</strong></span> <span class='ocrx_word' id='word_1_456' title='bbox 2082 5001 2183 5061; x_wconf 86' lang='lat' dir='ltr'><strong>He-</strong></span> 
     </span>
    </p>
   </div>
   <div class='ocr_carea' id='block_1_59' title="bbox 649 5095 2181 5163">
    <p class='ocr_par' dir='ltr' id='par_1_59' title="bbox 649 5095 2181 5163">
     <span class='ocr_line' id='line_1_59' title="bbox 649 5095 2181 5163; baseline -0.008 -6"><span class='ocrx_word' id='word_1_457' title='bbox 649 5109 914 5158; x_wconf 54' lang='lat' dir='ltr'><strong>braeorum</strong></span> <span class='ocrx_word' id='word_1_458' title='bbox 949 5101 1206 5154; x_wconf 87' lang='lat' dir='ltr'><strong>dialectus</strong></span> <span class='ocrx_word' id='word_1_459' title='bbox 1230 5112 1337 5151; x_wconf 85' lang='lat' dir='ltr'><strong>non</strong></span> <span class='ocrx_word' id='word_1_460' title='bbox 1371 5097 1506 5152; x_wconf 90' lang='lat' dir='ltr'><strong>solet</strong></span> <span class='ocrx_word' id='word_1_461' title='bbox 1533 5110 1691 5150; x_wconf 83' lang='lat' dir='ltr'><strong>voces</strong></span> <span class='ocrx_word' id='word_1_462' title='bbox 1712 5095 1896 5148; x_wconf 79' lang='lat' dir='ltr'><strong>cwlum</strong></span> <span class='ocrx_word' id='word_1_463' title='bbox 1917 5104 1970 5150; x_wconf 91' lang='lat' dir='ltr'><strong>et</strong></span> <span class='ocrx_word' id='word_1_464' title='bbox 1994 5109 2181 5163; x_wconf 82' lang='lat' dir='ltr'><strong>aquam</strong></span> 
     </span>
    </p>
   </div>
   <div class='ocr_carea' id='block_1_60' title="bbox 649 5182 2183 5261">
    <p class='ocr_par' dir='ltr' id='par_1_60' title="bbox 649 5182 2183 5261">
     <span class='ocr_line' id='line_1_60' title="bbox 649 5182 2183 5261; baseline -0.007 -15"><span class='ocrx_word' id='word_1_465' title='bbox 649 5193 991 5261; x_wconf 74' lang='lat' dir='ltr'><strong>singulariter</strong></span> <span class='ocrx_word' id='word_1_466' title='bbox 1051 5187 1352 5258; x_wconf 63' lang='lat' dir='ltr'><strong>exprimere</strong></span> <span class='ocrx_word' id='word_1_467' title='bbox 1393 5196 1492 5252; x_wconf 87' lang='lat' dir='ltr'><strong>;ut</strong></span> <span class='ocrx_word' id='word_1_468' title='bbox 1526 5198 1622 5240; x_wconf 87' lang='lat' dir='ltr'><strong>nec</strong></span> <span class='ocrx_word' id='word_1_469' title='bbox 1671 5183 1839 5238; x_wconf 67' lang='lat' dir='ltr'><strong>Graeci</strong></span> <span class='ocrx_word' id='word_1_470' title='bbox 1882 5182 2095 5236; x_wconf 72' lang='lat' dir='ltr'><strong>Athenae</strong></span> <span class='ocrx_word' id='word_1_471' title='bbox 2130 5191 2183 5236; x_wconf 86' lang='lat' dir='ltr'><strong>et</strong></span> 
     </span>
    </p>
   </div>
   <div class='ocr_carea' id='block_1_61' title="bbox 652 5273 2180 5345">
    <p class='ocr_par' dir='ltr' id='par_1_61' title="bbox 652 5273 2180 5345">
     <span class='ocr_line' id='line_1_61' title="bbox 652 5273 2180 5345; baseline -0.008 -9"><span class='ocrx_word' id='word_1_472' title='bbox 652 5283 870 5345; x_wconf 63' lang='lat' dir='ltr'><strong>Thebce;</strong></span> <span class='ocrx_word' id='word_1_473' title='bbox 899 5293 950 5336; x_wconf 89' lang='lat' dir='ltr'><strong>et</strong></span> <span class='ocrx_word' id='word_1_474' title='bbox 965 5295 1121 5335; x_wconf 83' lang='lat' dir='ltr'><strong>nemo</strong></span> <span class='ocrx_word' id='word_1_475' title='bbox 1144 5278 1315 5330; x_wconf 84' lang='lat' dir='ltr'><strong>urbem</strong></span> <span class='ocrx_word' id='word_1_476' title='bbox 1338 5275 1584 5344; x_wconf 81' lang='lat' dir='ltr'><strong>Deiphatm</strong></span> <span class='ocrx_word' id='word_1_477' title='bbox 1615 5273 1762 5338; x_wconf 82' lang='lat' dir='ltr'><strong>dicit,</strong></span> <span class='ocrx_word' id='word_1_478' title='bbox 1797 5273 1888 5329; x_wconf 89' lang='lat' dir='ltr'><strong>sed</strong></span> <span class='ocrx_word' id='word_1_479' title='bbox 1924 5273 2180 5339; x_wconf 77' lang='lat' dir='ltr'><strong>Delphos;</strong></span> 
     </span>
    </p>
   </div>
   <div class='ocr_carea' id='block_1_62' title="bbox 646 5363 1948 5428">
    <p class='ocr_par' dir='ltr' id='par_1_62' title="bbox 646 5363 1948 5428">
     <span class='ocr_line' id='line_1_62' title="bbox 646 5363 1948 5428; baseline -0.007 -2"><span class='ocrx_word' id='word_1_480' title='bbox 646 5385 704 5428; x_wconf 81' lang='lat' dir='ltr'><strong>c&#39;.</strong></span> <span class='ocrx_word' id='word_1_481' title='bbox 735 5374 786 5425; x_wconf 90' lang='lat' dir='ltr'><strong>in</strong></span> <span class='ocrx_word' id='word_1_482' title='bbox 826 5373 928 5426; x_wconf 84' lang='lat' dir='ltr'><strong>alio</strong></span> <span class='ocrx_word' id='word_1_483' title='bbox 960 5372 1138 5425; x_wconf 67' lang='lat' dir='ltr'><strong>(telum</strong></span> <span class='ocrx_word' id='word_1_484' title='bbox 1169 5369 1284 5423; x_wconf 70' lang='lat' dir='ltr'><strong>caxlt&#39;</strong></span> <span class='ocrx_word' id='word_1_485' title='bbox 1303 5368 1571 5424; x_wconf 78' lang='lat' dir='ltr'><strong>veritatem</strong></span> <span class='ocrx_word' id='word_1_486' title='bbox 1610 5375 1778 5422; x_wconf 83' lang='lat' dir='ltr'><strong>ratam</strong></span> <span class='ocrx_word' id='word_1_487' title='bbox 1803 5363 1948 5420; x_wconf 74' lang='lat' dir='ltr'><strong>facit.</strong></span> 
     </span>
    </p>
   </div>
   <div class='ocr_carea' id='block_1_63' title="bbox 713 5581 2184 5649">
    <p class='ocr_par' dir='ltr' id='par_1_63' title="bbox 713 5581 2184 5649">
     <span class='ocr_line' id='line_1_63' title="bbox 713 5581 2184 5649; baseline 0.001 -14"><span class='ocrx_word' id='word_1_488' title='bbox 713 5581 884 5636; x_wconf 76' lang='lat' dir='ltr'><strong>‘I‘sal.</strong></span> <span class='ocrx_word' id='word_1_489' title='bbox 908 5600 1107 5649; x_wconf 69' lang='lat' dir='ltr'><strong>cum,</strong></span> <span class='ocrx_word' id='word_1_490' title='bbox 1144 5586 1223 5639; x_wconf 87' lang='lat' dir='ltr'><strong>l8.</strong></span> <span class='ocrx_word' id='word_1_491' title='bbox 1252 5589 1269 5618; x_wconf 84' lang='lat'>&#39;</span> <span class='ocrx_word' id='word_1_492' title='bbox 1294 5585 1434 5639; x_wconf 83' lang='lat' dir='ltr'><strong>Psal.</strong></span> <span class='ocrx_word' id='word_1_493' title='bbox 1457 5599 1608 5646; x_wconf 73' lang='lat' dir='ltr'><strong>um,</strong></span> <span class='ocrx_word' id='word_1_494' title='bbox 1640 5585 1681 5637; x_wconf 82' lang='lat'><strong>&#39;.</strong></span> <span class='ocrx_word' id='word_1_495' title='bbox 1711 5584 1728 5614; x_wconf 81' lang='grc'>³</span> <span class='ocrx_word' id='word_1_496' title='bbox 1752 5581 1892 5636; x_wconf 83' lang='lat' dir='ltr'><strong>Psai.</strong></span> <span class='ocrx_word' id='word_1_497' title='bbox 1922 5599 2071 5644; x_wconf 77' lang='lat' dir='ltr'><strong>cxm.</strong></span> <span class='ocrx_word' id='word_1_498' title='bbox 2105 5584 2184 5637; x_wconf 81' lang='lat' dir='ltr'><strong>l6.</strong></span> 
     </span>
    </p>
   </div>
   <div class='ocr_carea' id='block_1_64' title="bbox 2292 3316 3840 3388">
    <p class='ocr_par' dir='ltr' id='par_1_64' title="bbox 2292 3316 3840 3388">
     <span class='ocr_line' id='line_1_64' title="bbox 2292 3316 3840 3388; baseline 0.004 -20"><span class='ocrx_word' id='word_1_499' title='bbox 2292 3316 2400 3386; x_wconf 82' lang='grc' dir='ltr'><strong>γὰρ</strong></span> <span class='ocrx_word' id='word_1_500' title='bbox 2431 3316 2523 3369; x_wconf 77' lang='grc' dir='ltr'><strong>καὶ</strong></span> <span class='ocrx_word' id='word_1_501' title='bbox 2554 3317 2654 3386; x_wconf 83' lang='grc' dir='ltr'><strong>γῆς</strong></span> <span class='ocrx_word' id='word_1_502' title='bbox 2688 3320 2832 3369; x_wconf 67' lang='grc' dir='ltr'><strong>ἐστιν</strong></span> <span class='ocrx_word' id='word_1_503' title='bbox 2862 3319 3211 3388; x_wconf 78' lang='grc' dir='ltr'><strong>ἀποσκίασμα</strong></span> <span class='ocrx_word' id='word_1_504' title='bbox 3235 3335 3249 3350; x_wconf 91' lang='grc'><strong>⁸</strong></span> <span class='ocrx_word' id='word_1_505' title='bbox 3293 3320 3366 3382; x_wconf 82' lang='grc' dir='ltr'><strong>ὡς</strong></span> <span class='ocrx_word' id='word_1_506' title='bbox 3386 3320 3443 3372; x_wconf 67' lang='grc' dir='ltr'><strong>δὲ</strong></span> <span class='ocrx_word' id='word_1_507' title='bbox 3471 3321 3520 3372; x_wconf 81' lang='grc' dir='ltr'><strong>οι</strong></span> <span class='ocrx_word' id='word_1_508' title='bbox 3553 3320 3676 3387; x_wconf 69' lang='grc' dir='ltr'><strong>ἔξω,</strong></span> <span class='ocrx_word' id='word_1_509' title='bbox 3705 3324 3840 3375; x_wconf 77' lang='grc' dir='ltr'><strong>σκιὰ</strong></span> 
     </span>
    </p>
   </div>
   <div class='ocr_carea' id='block_1_65' title="bbox 2293 3405 2413 3472">
    <p class='ocr_par' dir='ltr' id='par_1_65' title="bbox 2293 3405 2413 3472">
     <span class='ocr_line' id='line_1_65' title="bbox 2293 3405 2413 3472; baseline 0.025 -3"><span class='ocrx_word' id='word_1_510' title='bbox 2293 3405 2413 3472; x_wconf 57' lang='lat' dir='ltr'><strong>riis-</strong></span> 
     </span>
    </p>
   </div>
   <div class='ocr_carea' id='block_1_66' title="bbox 2359 3477 3839 3565">
    <p class='ocr_par' dir='ltr' id='par_1_66' title="bbox 2359 3477 3839 3565">
     <span class='ocr_line' id='line_1_66' title="bbox 2359 3477 3839 3565; baseline 0.008 -25"><span class='ocrx_word' id='word_1_511' title='bbox 2359 3477 2483 3541; x_wconf 75' lang='grc' dir='ltr'><strong>’Ὅτι</strong></span> <span class='ocrx_word' id='word_1_512' title='bbox 2507 3490 2565 3540; x_wconf 67' lang='grc' dir='ltr'><strong>τὸ</strong></span> <span class='ocrx_word' id='word_1_513' title='bbox 2583 3489 2802 3558; x_wconf 81' lang='grc' dir='ltr'><strong>Πνεῦμα</strong></span> <span class='ocrx_word' id='word_1_514' title='bbox 2829 3491 2856 3544; x_wconf 87' lang='grc' dir='ltr'><strong>δ</strong></span> <span class='ocrx_word' id='word_1_515' title='bbox 2887 3483 3197 3560; x_wconf 65' lang='grc' dir='ltr'><strong>ἐπεφέρετο,</strong></span> <span class='ocrx_word' id='word_1_516' title='bbox 3223 3493 3328 3563; x_wconf 78' lang='grc' dir='ltr'><strong>ἀήρ</strong></span> <span class='ocrx_word' id='word_1_517' title='bbox 3351 3495 3497 3549; x_wconf 74' lang='grc' dir='ltr'><strong>ἔστιν</strong></span> <span class='ocrx_word' id='word_1_518' title='bbox 3539 3499 3567 3551; x_wconf 94' lang='lat'><strong>6</strong></span> <span class='ocrx_word' id='word_1_519' title='bbox 3606 3499 3839 3565; x_wconf 77' lang='grc' dir='ltr'>φυσικὸς</span> 
     </span>
    </p>
   </div>
   <div class='ocr_carea' id='block_1_67' title="bbox 2291 3576 3837 3652">
    <p class='ocr_par' dir='ltr' id='par_1_67' title="bbox 2291 3576 3837 3652">
     <span class='ocr_line' id='line_1_67' title="bbox 2291 3576 3837 3652; baseline 0.007 -24"><span class='ocrx_word' id='word_1_520' title='bbox 2291 3577 2472 3629; x_wconf 78' lang='grc' dir='ltr'><strong>ἐπάνω</strong></span> <span class='ocrx_word' id='word_1_521' title='bbox 2497 3576 2699 3629; x_wconf 74' lang='grc' dir='ltr'><strong>ὑδάτων</strong></span> <span class='ocrx_word' id='word_1_522' title='bbox 2719 3577 2813 3630; x_wconf 77' lang='grc' dir='ltr'><strong>ὤν’</strong></span> <span class='ocrx_word' id='word_1_523' title='bbox 2841 3579 3059 3642; x_wconf 78' lang='grc' dir='ltr'><strong>δικαίως</strong></span> <span class='ocrx_word' id='word_1_524' title='bbox 3082 3581 3138 3633; x_wconf 77' lang='grc' dir='ltr'><strong>δὲ</strong></span> <span class='ocrx_word' id='word_1_525' title='bbox 3171 3583 3260 3633; x_wconf 74' lang='grc' dir='ltr'><strong>καὶ</strong></span> <span class='ocrx_word' id='word_1_526' title='bbox 3275 3582 3334 3634; x_wconf 80' lang='grc' dir='ltr'><strong>τὸ</strong></span> <span class='ocrx_word' id='word_1_527' title='bbox 3362 3582 3678 3652; x_wconf 62' lang='grc' dir='ltr'><strong>ἐπεφέρετο</strong></span> <span class='ocrx_word' id='word_1_528' title='bbox 3698 3587 3756 3637; x_wconf 84' lang='grc' dir='ltr'><strong>τό</strong></span> <span class='ocrx_word' id='word_1_529' title='bbox 3771 3604 3837 3640; x_wconf 88' lang='grc' dir='ltr'><strong>τε</strong></span> 
     </span>
    </p>
   </div>
   <div class='ocr_carea' id='block_1_68' title="bbox 2289 3667 3838 3741">
    <p class='ocr_par' dir='ltr' id='par_1_68' title="bbox 2289 3667 3838 3741">
     <span class='ocr_line' id='line_1_68' title="bbox 2289 3667 3838 3741; baseline 0.006 -21"><span class='ocrx_word' id='word_1_530' title='bbox 2289 3667 2485 3720; x_wconf 77' lang='grc' dir='ltr'><strong>ἐπάνω</strong></span> <span class='ocrx_word' id='word_1_531' title='bbox 2505 3667 2652 3737; x_wconf 83' lang='grc' dir='ltr'><strong>δηλοῖ</strong></span> <span class='ocrx_word' id='word_1_532' title='bbox 2683 3672 2776 3722; x_wconf 76' lang='grc' dir='ltr'><strong>καὶ</strong></span> <span class='ocrx_word' id='word_1_533' title='bbox 2812 3671 3083 3741; x_wconf 82' lang='grc' dir='ltr'><strong>κινητικὸν</strong></span> <span class='ocrx_word' id='word_1_534' title='bbox 3114 3669 3274 3725; x_wconf 87' lang='grc' dir='ltr'><strong>αὐτοῦ</strong></span> <span class='ocrx_word' id='word_1_535' title='bbox 3296 3672 3389 3725; x_wconf 77' lang='grc' dir='ltr'><strong>καὶ</strong></span> <span class='ocrx_word' id='word_1_536' title='bbox 3450 3674 3679 3728; x_wconf 78' lang='grc' dir='ltr'><strong>ἄστατον</strong></span> <span class='ocrx_word' id='word_1_537' title='bbox 3701 3692 3716 3707; x_wconf 93' lang='grc'><strong>⁸</strong></span> <span class='ocrx_word' id='word_1_538' title='bbox 3748 3677 3838 3730; x_wconf 82' lang='grc' dir='ltr'><strong>ὅτι</strong></span> 
     </span>
    </p>
   </div>
   <div class='ocr_carea' id='block_1_69' title="bbox 2292 3759 3836 3828">
    <p class='ocr_par' dir='ltr' id='par_1_69' title="bbox 2292 3759 3836 3828">
     <span class='ocr_line' id='line_1_69' title="bbox 2292 3759 3836 3828; baseline 0.006 -17"><span class='ocrx_word' id='word_1_539' title='bbox 2292 3759 2345 3812; x_wconf 84' lang='grc' dir='ltr'><strong>δὲ</strong></span> <span class='ocrx_word' id='word_1_540' title='bbox 2366 3759 2496 3811; x_wconf 83' lang='grc' dir='ltr'><strong>Θεοῦ</strong></span> <span class='ocrx_word' id='word_1_541' title='bbox 2526 3760 2654 3812; x_wconf 73' lang='grc' dir='ltr'><strong>αὑτὸ</strong></span> <span class='ocrx_word' id='word_1_542' title='bbox 2685 3760 2851 3828; x_wconf 83' lang='grc' dir='ltr'><strong>λέγει,</strong></span> <span class='ocrx_word' id='word_1_543' title='bbox 2886 3762 3046 3815; x_wconf 75' lang='grc' dir='ltr'><strong>ἄκουε</strong></span> <span class='ocrx_word' id='word_1_544' title='bbox 3077 3763 3168 3817; x_wconf 84' lang='grc' dir='ltr'><strong>τοῦ</strong></span> <span class='ocrx_word' id='word_1_545' title='bbox 3196 3764 3356 3817; x_wconf 77' lang='grc' dir='ltr'><strong>Δαϐίδ</strong></span> <span class='ocrx_word' id='word_1_546' title='bbox 3387 3781 3401 3794; x_wconf 83' lang='grc'><strong>⁸</strong></span> <span class='ocrx_word' id='word_1_547' title='bbox 3456 3766 3709 3819; x_wconf 51' lang='lat' dir='ltr'><strong>&quot;reticet</strong></span> <span class='ocrx_word' id='word_1_548' title='bbox 3759 3768 3836 3821; x_wconf 80' lang='grc' dir='ltr'><strong>τὸ</strong></span> 
     </span>
    </p>
   </div>
   <div class='ocr_carea' id='block_1_70' title="bbox 2287 3848 3834 3921">
    <p class='ocr_par' dir='ltr' id='par_1_70' title="bbox 2287 3848 3834 3921">
     <span class='ocr_line' id='line_1_70' title="bbox 2287 3848 3834 3921; baseline 0.006 -21"><span class='ocrx_word' id='word_1_549' title='bbox 2287 3848 2523 3916; x_wconf 81' lang='grc' dir='ltr'><strong>Πνεῦμα</strong></span> <span class='ocrx_word' id='word_1_550' title='bbox 2564 3849 2766 3911; x_wconf 84' lang='grc' dir='ltr'><strong>αὑτοῦ.</strong></span> <span class='ocrx_word' id='word_1_551' title='bbox 2801 3851 2965 3921; x_wconf 72' lang='grc' dir='ltr'><strong>ἡγουν</strong></span> <span class='ocrx_word' id='word_1_552' title='bbox 3022 3851 3083 3904; x_wconf 84' lang='grc' dir='ltr'><strong>τδ</strong></span> <span class='ocrx_word' id='word_1_553' title='bbox 3134 3853 3353 3920; x_wconf 82' lang='grc' dir='ltr'><strong>Πνεῦμα</strong></span> <span class='ocrx_word' id='word_1_554' title='bbox 3394 3853 3487 3906; x_wconf 92' lang='grc' dir='ltr'><strong>τοῦ</strong></span> <span class='ocrx_word' id='word_1_555' title='bbox 3529 3855 3683 3921; x_wconf 83' lang='grc' dir='ltr'><strong>Θεοῦ,</strong></span> <span class='ocrx_word' id='word_1_556' title='bbox 3728 3856 3834 3909; x_wconf 79' lang='grc' dir='ltr'><strong>και</strong></span> 
     </span>
    </p>
   </div>
   <div class='ocr_carea' id='block_1_71' title="bbox 2280 3938 3836 4016">
    <p class='ocr_par' dir='ltr' id='par_1_71' title="bbox 2280 3938 3836 4016">
     <span class='ocr_line' id='line_1_71' title="bbox 2280 3938 3836 4016; baseline 0.007 -25"><span class='ocrx_word' id='word_1_557' title='bbox 2280 3938 2570 4007; x_wconf 83' lang='grc' dir='ltr'><strong>ρυήσεται</strong></span> <span class='ocrx_word' id='word_1_558' title='bbox 2593 3939 2796 3995; x_wconf 80' lang='grc' dir='ltr'><strong>ὕδατα.</strong></span> <span class='ocrx_word' id='word_1_559' title='bbox 2837 3943 2977 3995; x_wconf 70' lang='grc' dir='ltr'><strong>Καί·</strong></span> <span class='ocrx_word' id='word_1_560' title='bbox 3025 3943 3132 3998; x_wconf 81' lang='grc' dir='ltr'><strong>Τοῦ</strong></span> <span class='ocrx_word' id='word_1_561' title='bbox 3169 3946 3389 4012; x_wconf 81' lang='grc' dir='ltr'><strong>Κυρίου</strong></span> <span class='ocrx_word' id='word_1_562' title='bbox 3425 3948 3464 4015; x_wconf 76' lang='grc' dir='ltr'><strong><em>ἠ</em></strong></span> <span class='ocrx_word' id='word_1_563' title='bbox 3493 3945 3568 4016; x_wconf 81' lang='grc' dir='ltr'><strong>τῆ</strong></span> <span class='ocrx_word' id='word_1_564' title='bbox 3605 3948 3701 4002; x_wconf 75' lang='grc' dir='ltr'><strong>καὶ</strong></span> <span class='ocrx_word' id='word_1_565' title='bbox 3760 3948 3836 4002; x_wconf 78' lang='grc' dir='ltr'><strong>τὸ</strong></span> 
     </span>
    </p>
   </div>
   <div class='ocr_carea' id='block_1_72' title="bbox 2285 4029 3835 4100">
    <p class='ocr_par' dir='ltr' id='par_1_72' title="bbox 2285 4029 3835 4100">
     <span class='ocr_line' id='line_1_72' title="bbox 2285 4029 3835 4100; baseline 0.007 -20"><span class='ocrx_word' id='word_1_566' title='bbox 2285 4029 2591 4097; x_wconf 75' lang='grc' dir='ltr'><strong>πλήρωμα.</strong></span> <span class='ocrx_word' id='word_1_567' title='bbox 2624 4029 2774 4082; x_wconf 72' lang='grc' dir='ltr'><strong>Και⁸Δ</strong></span> <span class='ocrx_word' id='word_1_568' title='bbox 2803 4032 2868 4083; x_wconf 88' lang='grc' dir='ltr'><em>Ὅ</em></span> <span class='ocrx_word' id='word_1_569' title='bbox 2887 4033 3140 4098; x_wconf 78' lang='grc' dir='ltr'><strong>οὐρανὸς</strong></span> <span class='ocrx_word' id='word_1_570' title='bbox 3163 4035 3267 4087; x_wconf 85' lang='grc' dir='ltr'><strong>τοῦ</strong></span> <span class='ocrx_word' id='word_1_571' title='bbox 3299 4036 3555 4100; x_wconf 82' lang='grc' dir='ltr'><strong>οὐρανοῦ</strong></span> <span class='ocrx_word' id='word_1_572' title='bbox 3603 4035 3680 4100; x_wconf 82' lang='grc' dir='ltr'><strong>τῷ</strong></span> <span class='ocrx_word' id='word_1_573' title='bbox 3713 4041 3835 4091; x_wconf 80' lang='grc' dir='ltr'><strong>Κυ-</strong></span> 
     </span>
    </p>
   </div>
   <div class='ocr_carea' id='block_1_73' title="bbox 2278 4117 3834 4190">
    <p class='ocr_par' dir='ltr' id='par_1_73' title="bbox 2278 4117 3834 4190">
     <span class='ocr_line' id='line_1_73' title="bbox 2278 4117 3834 4190; baseline 0.006 -21"><span class='ocrx_word' id='word_1_574' title='bbox 2278 4118 2410 4183; x_wconf 78' lang='grc' dir='ltr'><strong>ρίῳ.</strong></span> <span class='ocrx_word' id='word_1_575' title='bbox 2471 4119 2534 4171; x_wconf 77' lang='lat' dir='ltr'><strong>0i</strong></span> <span class='ocrx_word' id='word_1_576' title='bbox 2577 4117 2654 4177; x_wconf 75' lang='grc' dir='ltr'><strong>δὲ,</strong></span> <span class='ocrx_word' id='word_1_577' title='bbox 2694 4119 2821 4185; x_wconf 75' lang='grc' dir='ltr'><strong>περὶ</strong></span> <span class='ocrx_word' id='word_1_578' title='bbox 2869 4118 2963 4170; x_wconf 85' lang='grc' dir='ltr'><strong>τοῦ</strong></span> <span class='ocrx_word' id='word_1_579' title='bbox 3023 4121 3283 4186; x_wconf 83' lang='grc' dir='ltr'><strong>παναγίου</strong></span> <span class='ocrx_word' id='word_1_580' title='bbox 3317 4123 3628 4190; x_wconf 76' lang='grc' dir='ltr'><strong>Πνεῦματος</strong></span> <span class='ocrx_word' id='word_1_581' title='bbox 3670 4129 3834 4178; x_wconf 78' lang='grc' dir='ltr'><strong>τοῦτο</strong></span> 
     </span>
    </p>
   </div>
   <div class='ocr_carea' id='block_1_74' title="bbox 2286 4204 3833 4281">
    <p class='ocr_par' dir='ltr' id='par_1_74' title="bbox 2286 4204 3833 4281">
     <span class='ocr_line' id='line_1_74' title="bbox 2286 4204 3833 4281; baseline 0.007 -24"><span class='ocrx_word' id='word_1_582' title='bbox 2286 4204 2463 4257; x_wconf 84' lang='grc' dir='ltr'><strong>νοοῦσι</strong></span> <span class='ocrx_word' id='word_1_583' title='bbox 2491 4221 2504 4235; x_wconf 92' lang='grc'><strong>⁸</strong></span> <span class='ocrx_word' id='word_1_584' title='bbox 2533 4205 2666 4257; x_wconf 84' lang='grc' dir='ltr'><strong>τὸδὲ</strong></span> <span class='ocrx_word' id='word_1_585' title='bbox 2703 4206 3040 4274; x_wconf 71' lang='grc' dir='ltr'><strong>ἐπεφέρετο,</strong></span> <span class='ocrx_word' id='word_1_586' title='bbox 3072 4210 3191 4261; x_wconf 74' lang='grc' dir='ltr'><strong>ἀντὶ</strong></span> <span class='ocrx_word' id='word_1_587' title='bbox 3225 4210 3338 4274; x_wconf 89' lang='grc' dir='ltr'><strong>τοῦ,</strong></span> <span class='ocrx_word' id='word_1_588' title='bbox 3361 4210 3549 4281; x_wconf 82' lang='grc' dir='ltr'><strong>ὥσπερ</strong></span> <span class='ocrx_word' id='word_1_589' title='bbox 3580 4215 3833 4278; x_wconf 77' lang='grc' dir='ltr'><strong>ἑπωάζον</strong></span> 
     </span>
    </p>
   </div>
   <div class='ocr_carea' id='block_1_75' title="bbox 2285 4293 3342 4364">
    <p class='ocr_par' dir='ltr' id='par_1_75' title="bbox 2285 4293 3342 4364">
     <span class='ocr_line' id='line_1_75' title="bbox 2285 4293 3342 4364; baseline 0.009 -21"><span class='ocrx_word' id='word_1_590' title='bbox 2285 4293 2610 4362; x_wconf 77' lang='grc' dir='ltr'><strong>περιέϐαλπε</strong></span> <span class='ocrx_word' id='word_1_591' title='bbox 2635 4295 2728 4348; x_wconf 80' lang='grc' dir='ltr'><strong>καὶ</strong></span> <span class='ocrx_word' id='word_1_592' title='bbox 2755 4295 3041 4364; x_wconf 78' lang='grc' dir='ltr'><strong>ὲζωογόνει</strong></span> <span class='ocrx_word' id='word_1_593' title='bbox 3060 4299 3127 4352; x_wconf 70' lang='grc' dir='ltr'><strong>τὰ</strong></span> <span class='ocrx_word' id='word_1_594' title='bbox 3154 4297 3342 4352; x_wconf 83' lang='grc' dir='ltr'><strong>ὕδατα.</strong></span> 
     </span>
    </p>
   </div>
   <div class='ocr_carea' id='block_1_76' title="bbox 2357 4383 3837 4457">
    <p class='ocr_par' dir='ltr' id='par_1_76' title="bbox 2357 4383 3837 4457">
     <span class='ocr_line' id='line_1_76' title="bbox 2357 4383 3837 4457; baseline 0.007 -21"><span class='ocrx_word' id='word_1_595' title='bbox 2357 4384 2475 4437; x_wconf 69' lang='grc' dir='ltr'><strong>Ὀτι</strong></span> <span class='ocrx_word' id='word_1_596' title='bbox 2503 4383 2587 4436; x_wconf 81' lang='grc' dir='ltr'><strong>διὰ</strong></span> <span class='ocrx_word' id='word_1_597' title='bbox 2610 4384 2767 4438; x_wconf 88' lang='grc' dir='ltr'><strong>τοῦτο</strong></span> <span class='ocrx_word' id='word_1_598' title='bbox 2799 4385 3134 4457; x_wconf 86' lang='grc' dir='ltr'><strong>πρόσκειται,</strong></span> <span class='ocrx_word' id='word_1_599' title='bbox 3195 4389 3275 4443; x_wconf 83' lang='grc' dir='ltr'><strong>ὅτι</strong></span> <span class='ocrx_word' id='word_1_600' title='bbox 3325 4385 3513 4444; x_wconf 78' lang='grc' dir='ltr'><strong>εἷδενδ</strong></span> <span class='ocrx_word' id='word_1_601' title='bbox 3562 4391 3693 4455; x_wconf 82' lang='grc' dir='ltr'><strong>Θεὸς</strong></span> <span class='ocrx_word' id='word_1_602' title='bbox 3744 4394 3837 4447; x_wconf 84' lang='grc' dir='ltr'><strong>ὅτι</strong></span> 
     </span>
    </p>
   </div>
   <div class='ocr_carea' id='block_1_77' title="bbox 2287 4475 3834 4554">
    <p class='ocr_par' dir='ltr' id='par_1_77' title="bbox 2287 4475 3834 4554">
     <span class='ocr_line' id='line_1_77' title="bbox 2287 4475 3834 4554; baseline 0.009 -29"><span class='ocrx_word' id='word_1_603' title='bbox 2287 4475 2447 4541; x_wconf 84' lang='grc' dir='ltr'><strong>καλὰ,</strong></span> <span class='ocrx_word' id='word_1_604' title='bbox 2479 4475 2564 4548; x_wconf 82' lang='grc' dir='ltr'><strong>ἴνα</strong></span> <span class='ocrx_word' id='word_1_605' title='bbox 2596 4475 2782 4547; x_wconf 79' lang='grc' dir='ltr'><strong>μηδεὶς</strong></span> <span class='ocrx_word' id='word_1_606' title='bbox 2809 4478 3026 4550; x_wconf 84' lang='grc' dir='ltr'><strong>δύνηται</strong></span> <span class='ocrx_word' id='word_1_607' title='bbox 3052 4480 3209 4550; x_wconf 79' lang='grc' dir='ltr'><strong>ψέξαι</strong></span> <span class='ocrx_word' id='word_1_608' title='bbox 3239 4482 3274 4536; x_wconf 75' lang='grc' dir='ltr'>ἃ</span> <span class='ocrx_word' id='word_1_609' title='bbox 3293 4484 3325 4553; x_wconf 76' lang='grc' dir='ltr'>ἡ</span> <span class='ocrx_word' id='word_1_610' title='bbox 3347 4482 3466 4538; x_wconf 75' lang='grc' dir='ltr'><strong>θεία</strong></span> <span class='ocrx_word' id='word_1_611' title='bbox 3491 4483 3667 4554; x_wconf 74' lang='grc' dir='ltr'>ψῆφος</span> <span class='ocrx_word' id='word_1_612' title='bbox 3703 4481 3834 4539; x_wconf 80' lang='grc' dir='ltr'><strong>εἶπε</strong></span> 
     </span>
    </p>
   </div>
   <div class='ocr_carea' id='block_1_78' title="bbox 2287 4564 2443 4620">
    <p class='ocr_par' dir='ltr' id='par_1_78' title="bbox 2287 4564 2443 4620">
     <span class='ocr_line' id='line_1_78' title="bbox 2287 4564 2443 4620; baseline 0.019 -3"><span class='ocrx_word' id='word_1_613' title='bbox 2287 4564 2443 4620; x_wconf 86' lang='grc' dir='ltr'><strong>καλά.</strong></span> 
     </span>
    </p>
   </div>
   <div class='ocr_carea' id='block_1_79' title="bbox 2358 4651 3836 4732">
    <p class='ocr_par' dir='ltr' id='par_1_79' title="bbox 2358 4651 3836 4732">
     <span class='ocr_line' id='line_1_79' title="bbox 2358 4651 3836 4732; baseline 0.012 -28"><span class='ocrx_word' id='word_1_614' title='bbox 2358 4653 2584 4707; x_wconf 85' lang='grc' dir='ltr'><strong>Ὀτιδύο</strong></span> <span class='ocrx_word' id='word_1_615' title='bbox 2604 4655 2820 4724; x_wconf 81' lang='grc' dir='ltr'><strong>οὐρανοί</strong></span> <span class='ocrx_word' id='word_1_616' title='bbox 2841 4658 2996 4723; x_wconf 77' lang='grc' dir='ltr'><strong>εἰσιν,</strong></span> <span class='ocrx_word' id='word_1_617' title='bbox 3015 4651 3093 4721; x_wconf 75' lang='grc' dir='ltr'><strong>εἷς</strong></span> <span class='ocrx_word' id='word_1_618' title='bbox 3119 4661 3146 4711; x_wconf 91' lang='lat'><strong>6</strong></span> <span class='ocrx_word' id='word_1_619' title='bbox 3175 4661 3233 4712; x_wconf 83' lang='grc' dir='ltr'><strong>ἐν</strong></span> <span class='ocrx_word' id='word_1_620' title='bbox 3261 4661 3400 4732; x_wconf 80' lang='grc' dir='ltr'><strong>ἀρχῇ</strong></span> <span class='ocrx_word' id='word_1_621' title='bbox 3433 4665 3690 4731; x_wconf 77' lang='grc' dir='ltr'><strong>γεγονὼς,</strong></span> <span class='ocrx_word' id='word_1_622' title='bbox 3728 4670 3836 4721; x_wconf 74' lang='grc' dir='ltr'><strong>καὶ</strong></span> 
     </span>
    </p>
   </div>
   <div class='ocr_carea' id='block_1_80' title="bbox 2285 4742 3836 4821">
    <p class='ocr_par' dir='ltr' id='par_1_80' title="bbox 2285 4742 3836 4821">
     <span class='ocr_line' id='line_1_80' title="bbox 2285 4742 3836 4821; baseline 0.012 -28"><span class='ocrx_word' id='word_1_623' title='bbox 2285 4742 2465 4808; x_wconf 69' lang='grc' dir='ltr'><strong>ἕτερος</strong></span> <span class='ocrx_word' id='word_1_624' title='bbox 2497 4746 2525 4795; x_wconf 85' lang='lat'><strong>6</strong></span> <span class='ocrx_word' id='word_1_625' title='bbox 2545 4745 2603 4810; x_wconf 73' lang='grc' dir='ltr'>ἐξ</span> <span class='ocrx_word' id='word_1_626' title='bbox 2633 4747 2836 4799; x_wconf 83' lang='grc' dir='ltr'><strong>ὑδάτων</strong></span> <span class='ocrx_word' id='word_1_627' title='bbox 2857 4750 3120 4812; x_wconf 78' lang='grc' dir='ltr'><strong>συνεστώς</strong></span> <span class='ocrx_word' id='word_1_628' title='bbox 3152 4764 3166 4779; x_wconf 92' lang='grc'><strong>⁸</strong></span> <span class='ocrx_word' id='word_1_629' title='bbox 3187 4750 3324 4803; x_wconf 82' lang='grc' dir='ltr'><strong>ὥστε</strong></span> <span class='ocrx_word' id='word_1_630' title='bbox 3343 4753 3372 4803; x_wconf 84' lang='lat'><strong>6</strong></span> <span class='ocrx_word' id='word_1_631' title='bbox 3407 4747 3507 4821; x_wconf 76' lang='grc' dir='ltr'><strong>ιῖιὲν</strong></span> <span class='ocrx_word' id='word_1_632' title='bbox 3531 4755 3590 4818; x_wconf 75' lang='grc' dir='ltr'><strong>ἑξ</strong></span> <span class='ocrx_word' id='word_1_633' title='bbox 3618 4758 3716 4809; x_wconf 83' lang='grc' dir='ltr'><strong>οὑκ</strong></span> <span class='ocrx_word' id='word_1_634' title='bbox 3735 4758 3836 4811; x_wconf 81' lang='grc' dir='ltr'><strong>δν-</strong></span> 
     </span>
    </p>
   </div>
   <div class='ocr_carea' id='block_1_81' title="bbox 2283 4833 2854 4898">
    <p class='ocr_par' dir='ltr' id='par_1_81' title="bbox 2283 4833 2854 4898">
     <span class='ocr_line' id='line_1_81' title="bbox 2283 4833 2854 4898; baseline 0.012 -15"><span class='ocrx_word' id='word_1_635' title='bbox 2283 4849 2409 4897; x_wconf 88' lang='grc' dir='ltr'><strong>των,</strong></span> <span class='ocrx_word' id='word_1_636' title='bbox 2441 4835 2468 4886; x_wconf 87' lang='grc' dir='ltr'>ὁ</span> <span class='ocrx_word' id='word_1_637' title='bbox 2491 4834 2546 4887; x_wconf 83' lang='grc' dir='ltr'><strong>δὲ</strong></span> <span class='ocrx_word' id='word_1_638' title='bbox 2576 4833 2636 4898; x_wconf 75' lang='grc' dir='ltr'><strong>ἐξ</strong></span> <span class='ocrx_word' id='word_1_639' title='bbox 2668 4835 2854 4890; x_wconf 77' lang='grc' dir='ltr'><strong>ὄντων.</strong></span> 
     </span>
    </p>
   </div>
   <div class='ocr_carea' id='block_1_82' title="bbox 2353 4925 3832 5003">
    <p class='ocr_par' dir='ltr' id='par_1_82' title="bbox 2353 4925 3832 5003">
     <span class='ocr_line' id='line_1_82' title="bbox 2353 4925 3832 5003; baseline 0.009 -25"><span class='ocrx_word' id='word_1_640' title='bbox 2353 4925 2472 4978; x_wconf 72' lang='grc' dir='ltr'><strong>Ὀτι</strong></span> <span class='ocrx_word' id='word_1_641' title='bbox 2488 4925 2565 4988; x_wconf 83' lang='grc' dir='ltr'><strong>τὸ,</strong></span> <span class='ocrx_word' id='word_1_642' title='bbox 2584 4925 2916 4994; x_wconf 74' lang='grc' dir='ltr'><strong>Εὐλογεῒτε,</strong></span> <span class='ocrx_word' id='word_1_643' title='bbox 2944 4929 2996 4980; x_wconf 84' lang='grc' dir='ltr'><strong>οἱ</strong></span> <span class='ocrx_word' id='word_1_644' title='bbox 3020 4930 3259 4995; x_wconf 71' lang='grc' dir='ltr'><strong>οὐρανοὶ</strong></span> <span class='ocrx_word' id='word_1_645' title='bbox 3278 4929 3393 4984; x_wconf 82' lang='grc' dir='ltr'><strong>τῶν</strong></span> <span class='ocrx_word' id='word_1_646' title='bbox 3413 4934 3699 5003; x_wconf 81' lang='grc' dir='ltr'><strong>οὐρανῶν,</strong></span> <span class='ocrx_word' id='word_1_647' title='bbox 3725 4939 3832 4992; x_wconf 77' lang='grc' dir='ltr'><strong>καὶ</strong></span> 
     </span>
    </p>
   </div>
   <div class='ocr_carea' id='block_1_83' title="bbox 2280 5003 3830 5095">
    <p class='ocr_par' dir='ltr' id='par_1_83' title="bbox 2280 5003 3830 5095">
     <span class='ocr_line' id='line_1_83' title="bbox 2280 5003 3830 5095; baseline 0.009 -30"><span class='ocrx_word' id='word_1_648' title='bbox 2280 5003 2338 5066; x_wconf 70' lang='grc' dir='ltr'><strong>τὸ</strong></span> <span class='ocrx_word' id='word_1_649' title='bbox 2358 5013 2498 5085; x_wconf 82' lang='grc' dir='ltr'><strong>ὕδωρ</strong></span> <span class='ocrx_word' id='word_1_650' title='bbox 2513 5015 2573 5068; x_wconf 78' lang='grc' dir='ltr'><strong>τὸ</strong></span> <span class='ocrx_word' id='word_1_651' title='bbox 2589 5015 2841 5085; x_wconf 82' lang='grc' dir='ltr'><strong>ὑπεράνω</strong></span> <span class='ocrx_word' id='word_1_652' title='bbox 2855 5016 2960 5069; x_wconf 86' lang='grc' dir='ltr'><strong>τῶν</strong></span> <span class='ocrx_word' id='word_1_653' title='bbox 2975 5019 3233 5086; x_wconf 77' lang='grc' dir='ltr'><strong>οὐρανῶν,</strong></span> <span class='ocrx_word' id='word_1_654' title='bbox 3247 5022 3306 5074; x_wconf 85' lang='grc' dir='ltr'><strong>οὑ</strong></span> <span class='ocrx_word' id='word_1_655' title='bbox 3327 5022 3546 5087; x_wconf 79' lang='grc' dir='ltr'><strong>πολλοὺς</strong></span> <span class='ocrx_word' id='word_1_656' title='bbox 3562 5025 3830 5095; x_wconf 81' lang='grc' dir='ltr'><strong>οὐρανοὺς</strong></span> 
     </span>
    </p>
   </div>
   <div class='ocr_carea' id='block_1_84' title="bbox 2280 5103 3833 5182">
    <p class='ocr_par' dir='ltr' id='par_1_84' title="bbox 2280 5103 3833 5182">
     <span class='ocr_line' id='line_1_84' title="bbox 2280 5103 3833 5182; baseline 0.011 -27"><span class='ocrx_word' id='word_1_657' title='bbox 2280 5103 2445 5173; x_wconf 84' lang='grc' dir='ltr'><strong>λέγει,</strong></span> <span class='ocrx_word' id='word_1_658' title='bbox 2464 5106 2596 5160; x_wconf 78' lang='grc' dir='ltr'><strong>ἀλλὰ</strong></span> <span class='ocrx_word' id='word_1_659' title='bbox 2619 5107 2651 5175; x_wconf 79' lang='grc' dir='ltr'><strong>ἠ</strong></span> <span class='ocrx_word' id='word_1_660' title='bbox 2691 5104 2954 5178; x_wconf 78' lang='grc' dir='ltr'><strong>Ἐϐραίων</strong></span> <span class='ocrx_word' id='word_1_661' title='bbox 2981 5110 3159 5182; x_wconf 78' lang='grc' dir='ltr'><strong>γραφὴ</strong></span> <span class='ocrx_word' id='word_1_662' title='bbox 3176 5113 3265 5165; x_wconf 85' lang='grc' dir='ltr'><strong>τόν</strong></span> <span class='ocrx_word' id='word_1_663' title='bbox 3287 5129 3344 5166; x_wconf 87' lang='grc' dir='ltr'><strong>τε</strong></span> <span class='ocrx_word' id='word_1_664' title='bbox 3371 5115 3627 5182; x_wconf 79' lang='grc' dir='ltr'><strong>οὐρανὸν</strong></span> <span class='ocrx_word' id='word_1_665' title='bbox 3642 5117 3734 5170; x_wconf 81' lang='grc' dir='ltr'><strong>καὶ</strong></span> <span class='ocrx_word' id='word_1_666' title='bbox 3760 5120 3833 5173; x_wconf 78' lang='grc' dir='ltr'><strong>τὸ</strong></span> 
     </span>
    </p>
   </div>
   <div class='ocr_carea' id='block_1_85' title="bbox 2280 5191 3829 5277">
    <p class='ocr_par' dir='ltr' id='par_1_85' title="bbox 2280 5191 3829 5277">
     <span class='ocr_line' id='line_1_85' title="bbox 2280 5191 3829 5277; baseline 0.011 -33"><span class='ocrx_word' id='word_1_667' title='bbox 2280 5193 2436 5262; x_wconf 82' lang='grc' dir='ltr'><strong>ὕδωρ</strong></span> <span class='ocrx_word' id='word_1_668' title='bbox 2452 5195 2550 5247; x_wconf 84' lang='grc' dir='ltr'><strong>οὐκ</strong></span> <span class='ocrx_word' id='word_1_669' title='bbox 2563 5191 2699 5248; x_wconf 80' lang='grc' dir='ltr'><strong>οῐδεν</strong></span> <span class='ocrx_word' id='word_1_670' title='bbox 2713 5194 2903 5259; x_wconf 79' lang='grc' dir='ltr'><strong>ἑνικῶς</strong></span> <span class='ocrx_word' id='word_1_671' title='bbox 2922 5196 3220 5268; x_wconf 65' lang='grc' dir='ltr'><strong>ὀνομάζειν</strong></span> <span class='ocrx_word' id='word_1_672' title='bbox 3234 5201 3416 5275; x_wconf 85' lang='grc' dir='ltr'><strong>ὥσπερ</strong></span> <span class='ocrx_word' id='word_1_673' title='bbox 3433 5205 3548 5258; x_wconf 70' lang='grc' dir='ltr'><strong>οὐδὲ</strong></span> <span class='ocrx_word' id='word_1_674' title='bbox 3560 5208 3608 5259; x_wconf 84' lang='lat' dir='ltr'><strong>oi</strong></span> <span class='ocrx_word' id='word_1_675' title='bbox 3625 5206 3829 5277; x_wconf 80' lang='grc' dir='ltr'><strong>Ἕλλη-</strong></span> 
     </span>
    </p>
   </div>
   <div class='ocr_carea' id='block_1_86' title="bbox 2279 5282 3830 5363">
    <p class='ocr_par' dir='ltr' id='par_1_86' title="bbox 2279 5282 3830 5363">
     <span class='ocr_line' id='line_1_86' title="bbox 2279 5282 3830 5363; baseline 0.011 -31"><span class='ocrx_word' id='word_1_676' title='bbox 2279 5296 2366 5343; x_wconf 76' lang='grc' dir='ltr'><strong>νες</strong></span> <span class='ocrx_word' id='word_1_677' title='bbox 2380 5282 2440 5334; x_wconf 85' lang='grc' dir='ltr'><strong>τὸ</strong></span> <span class='ocrx_word' id='word_1_678' title='bbox 2455 5282 2705 5350; x_wconf 81' lang='grc' dir='ltr'><strong>Ἀθῆναι,</strong></span> <span class='ocrx_word' id='word_1_679' title='bbox 2721 5283 2891 5336; x_wconf 79' lang='grc' dir='ltr'><strong>καὶτὸ</strong></span> <span class='ocrx_word' id='word_1_680' title='bbox 2915 5285 3114 5353; x_wconf 80' lang='grc' dir='ltr'><strong>Θῆϐαι·</strong></span> <span class='ocrx_word' id='word_1_681' title='bbox 3141 5291 3232 5344; x_wconf 76' lang='grc' dir='ltr'><strong>καὶ</strong></span> <span class='ocrx_word' id='word_1_682' title='bbox 3246 5291 3357 5359; x_wconf 75' lang='grc' dir='ltr'><strong>τὴν</strong></span> <span class='ocrx_word' id='word_1_683' title='bbox 3385 5294 3614 5363; x_wconf 69' lang='grc' dir='ltr'><strong>Δελφὸν</strong></span> <span class='ocrx_word' id='word_1_684' title='bbox 3640 5296 3830 5349; x_wconf 75' lang='grc' dir='ltr'><strong>πόλιν</strong></span> 
     </span>
    </p>
   </div>
   <div class='ocr_carea' id='block_1_87' title="bbox 2279 5369 3824 5453">
    <p class='ocr_par' dir='ltr' id='par_1_87' title="bbox 2279 5369 3824 5453">
     <span class='ocr_line' id='line_1_87' title="bbox 2279 5369 3824 5453; baseline 0.013 -34"><span class='ocrx_word' id='word_1_685' title='bbox 2279 5369 2452 5432; x_wconf 77' lang='grc' dir='ltr'><strong>οὐδεὶς</strong></span> <span class='ocrx_word' id='word_1_686' title='bbox 2476 5371 2643 5438; x_wconf 88' lang='grc' dir='ltr'><strong>λέγει,</strong></span> <span class='ocrx_word' id='word_1_687' title='bbox 2672 5371 2804 5424; x_wconf 81' lang='grc' dir='ltr'><strong>ἀλλὰ</strong></span> <span class='ocrx_word' id='word_1_688' title='bbox 2833 5374 3095 5443; x_wconf 75' lang='grc' dir='ltr'><strong>Δελφοὺς</strong></span> <span class='ocrx_word' id='word_1_689' title='bbox 3125 5377 3272 5448; x_wconf 81' lang='grc' dir='ltr'><strong>λέγει</strong></span> <span class='ocrx_word' id='word_1_690' title='bbox 3303 5396 3319 5411; x_wconf 83' lang='grc'><strong>⁸</strong></span> <span class='ocrx_word' id='word_1_691' title='bbox 3351 5381 3471 5434; x_wconf 67' lang='grc' dir='ltr'><strong>ἐπεὶ</strong></span> <span class='ocrx_word' id='word_1_692' title='bbox 3515 5385 3824 5453; x_wconf 78' lang='grc' dir='ltr'><strong>όοὺρανὸς</strong></span> 
     </span>
    </p>
   </div>
   <div class='ocr_carea' id='block_1_88' title="bbox 2283 5460 3515 5542">
    <p class='ocr_par' dir='ltr' id='par_1_88' title="bbox 2283 5460 3515 5542">
     <span class='ocr_line' id='line_1_88' title="bbox 2283 5460 3515 5542; baseline 0.011 -29"><span class='ocrx_word' id='word_1_693' title='bbox 2283 5460 2386 5514; x_wconf 82' lang='grc' dir='ltr'><strong>τοῦ</strong></span> <span class='ocrx_word' id='word_1_694' title='bbox 2420 5462 2672 5531; x_wconf 77' lang='grc' dir='ltr'><strong>οὐρανοῦ</strong></span> <span class='ocrx_word' id='word_1_695' title='bbox 2695 5464 2751 5517; x_wconf 75' lang='grc' dir='ltr'><strong>ἐν</strong></span> <span class='ocrx_word' id='word_1_696' title='bbox 2784 5464 2922 5536; x_wconf 77' lang='grc' dir='ltr'><strong>ἄλλῳ</strong></span> <span class='ocrx_word' id='word_1_697' title='bbox 2959 5471 3111 5540; x_wconf 80' lang='grc' dir='ltr'><strong>κυροῖ</strong></span> <span class='ocrx_word' id='word_1_698' title='bbox 3127 5470 3223 5540; x_wconf 75' lang='grc' dir='ltr'><strong>τὴν</strong></span> <span class='ocrx_word' id='word_1_699' title='bbox 3246 5470 3515 5542; x_wconf 79' lang='grc' dir='ltr'><strong>ἀλήθειαν.</strong></span> 
     </span>
    </p>
   </div>
  </div>
