4120 6340
272 368 397 435 1021

1283 364 1754 426 ATIIANASIUS
1792 364 2146 426 CORINTH.
2186 368 2415 431 EPISC.

3322 373 3453 435 1022

337 491 453 540 ’Ὅτι
486 486 597 548 πῶς
628 485 719 539 καὶ
748 484 887 553 μίαή
917 481 1117 535 casum
1140 480 1425 557 συναγωγή
1452 480 1542 532 καὶ
1582 480 1804 547 πολλαί;

1978 484 2259 548 Quomouo
2292 485 2583 551 singularis
2606 500 2869 553 aquarum
2902 487 3147 541 collectio
3169 497 3216 539 et
3240 488 3455 556 plures?

268 580 339 629 Τὸ
371 577 487 645 μὲν,
518 578 600 646 ὅτι
630 575 882 642 ἧνωνται
909 587 923 599 ·
948 570 1006 623 τὸ
1031 570 1108 634 δὲ,
1140 570 1221 621 ὃτι
1247 567 1440 622 κοῖται
1474 572 1567 622 καὶ
1590 572 1804 641 πελάγη

268 667 644 735 κεχωρισμένα
682 664 839 719 είσίν.

340 742 580 827 Ὅτιῖτὰς
601 758 698 809 οὐκ
724 755 1010 825 ἐδωδίμους
1052 755 1278 823 βοτάνας
1302 753 1601 823 βλαστῆσαι
1644 769 1811 823 προσ-

268 848 456 912 έταξεν
478 848 506 898 ὁ
533 844 685 910 Θεὸς,
714 846 809 900 καὶ
831 846 898 898 τὰ
917 845 1092 899 ίοϐόλα
1113 844 1200 897 διά
1218 861 1273 896 τε
1300 844 1398 906 τὰς
1422 842 1718 910 μελλούσας
1747 844 1810 894 ὲκ

266 938 369 1005 τῆς
406 937 674 1005 ἁμαρτιας
689 934 993 1006 ἀρρωστίας
1020 933 1348 1002 ἐγγίνεσθαι,
1377 933 1470 985 καὶ
1489 932 1575 985 διὰ
1604 931 1664 983 τὸ
1687 933 1810 984 im-

268 1028 465 1093 φόϐους
498 1028 641 1096 ἡμᾶς
674 1020 809 1077 εἶναι
836 1025 917 1075 ·ὲν
954 1024 1113 1076 παντὶ
1158 1024 1251 1074 καὶ
1288 1021 1435 1090 τόπῳ
1460 1022 1553 1074 καὶ
1605 1020 1803 1090 χρόνῳ,

260 1116 364 1182 ,καὶ
423 1113 813 1176 συστέλλεσθαι,
833 1114 923 1165 καὶ
950 1111 1038 1163 τὸν
1058 1102 1188 1161 Θεὸν
1222 1109 1404 1178 ζητεῖν
1425 1110 1489 1161 ὲκ
1515 1109 1729 1162 τούτου.

340 1192 461 1257 Ὀτι
488 1206 550 1256 ἐκ
568 1203 658 1255 τοῦ
690 1202 904 1271 πρώτου
934 1200 1106 1269 φωτὸς
1128 1201 1316 1267 ὁῆλιος
1339 1199 1518 1263 ἔλαϐε,
1552 1199 1642 1251 καὶ
1671 1201 1809 1269 ήσε-

264 1295 425 1364 λήνη,
445 1293 537 1346 καὶ
556 1294 601 1345 οἱ
619 1292 862 1362 ἀστέρες,
877 1291 968 1343 καὶ
985 1291 1036 1342 εί
1053 1290 1152 1343 πού
1183 1291 1299 1342 ἐστι
1320 1289 1428 1360 πῦρ
1450 1290 1595 1342 ἄλλο’
1624 1290 1808 1359 ὥσπερ

262 1385 362 1436 καὶ
378 1383 435 1436 τὸ
462 1382 606 1458 ὔδωρ
632 1381 709 1445 εῖς
732 1398 790 1434 τε
821 1382 945 1444 τοὺς
983 1382 1275 1450 ποταμοὺς,
1308 1381 1403 1433 καὶ
1461 1380 1558 1442 τὰς
1602 1380 1805 1450 πηγὰς,

262 1472 472 1534 καὶτὰς
499 1471 709 1540 λίμνας,
733 1472 826 1523 καὶ
852 1464 948 1534 τὰς
968 1469 1238 1534 θαλάσσας
1266 1473 1345 1535 εἰς
1376 1470 1445 1524 τὰ
1465 1470 1687 1542 ὑπερῷα
1714 1470 1807 1523 τοῦ

260 1560 514 1631 δευτέρου
542 1561 769 1632 οὐρανοῦ
795 1561 1104 1631 διενεμήθη.

276 1636 280 1639 ’
338 1652 459 1703 Ὀτι
489 1652 556 1703 τὰ
589 1650 727 1718 φυτὰ
756 1651 874 1720 -πρὸ
902 1650 1010 1703 τῶν
1053 1652 1351 1721 φωστήρων
1404 1650 1647 1721 ἐποίησε,
1697 1650 1806 1703 65v..-

260 1740 445 1793 κνύων
469 1741 548 1793 ὅτι
576 1739 675 1809 τὴν
712 1739 971 1807 ζωογόνον
998 1738 1225 1809 δύναμιν
1265 1740 1368 1810 πρὸ
1400 1740 1547 1811 ήλίου
1573 1740 1807 1809 ἔχουσιν.

1904 570 2063 625 Juxta
2081 573 2231 634 illud,
2255 572 2661 641 Congregentur,
2691 584 2764 641 et,
2786 575 3030 629 Flumina
3056 592 3083 629 τι
3118 577 3355 631 maribus
3378 580 3451 633 di-

1882 662 2174 717 ‘vidautur.

1974 751 2126 817 Quod
2155 752 2365 820 plantas
2386 765 2490 809 non
2526 750 2746 805 esibiles
2774 754 3079 818 germinare
3102 754 3264 822 jussit
3291 755 3450 818 Deus.

1906 851 1960 896 et
1981 856 2277 896 venenosas
2304 840 2473 903 nasci,
2506 840 2606 893 hoc
2631 850 2846 909 propter
2879 843 3096 898 morbos
3134 860 3199 898 ex
3247 862 3453 914 praeva-

1910 931 2636 1000 ricationesuperventuros,
2668 938 2722 982 et
2761 944 2855 996 per
2887 930 2989 983 hoc
3019 934 3161 999 quod
3211 935 3262 987 in
3306 936 3453 988 omni

1907 1020 2026 1073 loco
2046 1028 2355 1088 ettempore
2375 1021 2428 1073 in
2466 1020 2657 1073 timore
2698 1028 2751 1073 et
2791 1020 2989 1088 gemitu
3023 1020 3276 1087 vivimus,
3331 1025 3452 1077 hinc

1906 1110 2071 1163 Deum
2097 1109 2367 1177 quaerendi
2400 1109 2551 1163 locus
2577 1118 2737 1163 esset.

1975 1198 2126 1262 Quod
2152 1212 2214 1251 ex
2236 1197 2355 1251 luce
2382 1198 2697 1267 primigenia
2734 1200 2836 1263 sol,
2866 1200 3232 1264 luna,astraet
3252 1200 3390 1269 ignis
3407 1201 3450 1253 si

1904 1287 2027 1356 quis
2048 1287 2205 1351 alius,
2240 1286 2416 1342 lucem
2466 1299 2820 1356 acceperunt;
2860 1301 2916 1345 ut
2964 1307 3099 1359 aqua
3129 1293 3193 1345 ad
3240 1291 3449 1352 ﬂuvios,

1868 1392 1872 1397 '
1906 1377 2100 1446 fontes,
2149 1378 2369 1447 paludes
2392 1386 2445 1433 et
2476 1381 2644 1435 maria
2676 1381 2728 1434 in
2784 1382 3156 1450 superioribus
3221 1383 3446 1435 secundi

1904 1470 2025 1525 αωιὶ
2056 1462 2423 1553 permanebat.

1958 1649 2130 1717 Quod
2160 1650 2368 1718 plantas
2396 1657 2519 1703 ante
2543 1650 2829 1705 luminaria
2867 1651 3015 1717 fecit,
3071 1652 3172 1706 hoc
3227 1652 3450 1706 demon-

1908 1752 2058 1807 strat,
2088 1758 2148 1796 ea
2174 1742 2440 1801 virtutem
2473 1741 2739 1795 viviﬁcam
2778 1753 2901 1797 ante
2951 1743 3116 1797 solem
3180 1743 3451 1797 habuisse.

344 1832 458 1885 Ὀτι
482 1831 546 1884 τὰ
566 1830 725 1902 θηρία
754 1828 973 1901 ἔσχατον
987 1830 1074 1883 τοῦ
1098 1831 1269 1898 φωτὸς
1298 1831 1546 1900 εποίησεν
1571 1847 1585 1860 ο
1612 1831 1672 1882 οὐ
1708 1830 1813 1897 γὰρ

1984 1832 2133 1897 Quod
2156 1830 2451 1884 animantia
2483 1839 2605 1900 post
2642 1831 2811 1884 lucem
2871 1832 3110 1886 creavit:
3146 1849 3251 1886 non
3312 1832 3453 1887 enim

262 1923 337 1976 ἂν
360 1923 586 1993 ἤνεγκεν
619 1922 830 1989 ἀθρόως
862 1922 955 1974 τοῦ
976 1922 1148 1989 φωτὸς
1172 1923 1269 1992 τὴν
1297 1921 1581 1990 ἔλλαμψιν.

342 2010 460 2062 Ὀτι
485 2009 550 2062 τὰ
582 2009 678 2078 μιν
722 2009 867 2077 φυτὰ
899 2010 997 2062 οὐκ
1052 2009 1367 2077 εὐλόγησεν,
1414 2009 1593 2075 ἐπειδὴ
1651 2008 1809 2070 εὐθὺς

260 2096 369 2165 τὴν
393 2096 495 2165 γῆν
520 2096 719 2149 τούτων
743 2098 1025 2167 ἐπλήρωσε
1078 2096 1291 2151 πάντων
1335 2095 1685 2164 κατακόρως·
1744 2097 1811 2146 τὰ

259 2189 326 2241 δὲ
362 2189 521 2259 θηρία
541 2192 633 2243 καὶ
657 2190 724 2241 τὰ
753 2190 923 2259 κτήνη
940 2190 1039 2243 ἀνὰ
1067 2190 1158 2242 δύο
1182 2190 1499 2259 παρήγαγεν
1530 2205 1545 2220 ο
1589 2188 1811 2252 εἰκότως

260 2274 363 2331 οὖν
380 2281 438 2330 τὸ
459 2280 802 2342 Αὐξάνεσθε
838 2275 1005 2333 εἷπεν.
1328 2316 1332 2321 -

344 2368 461 2419 Ὅτι
486 2367 563 2431 τὸ,
591 2367 933 2435 Ποιήσωμεν
949 2367 1253 2435 ἄνθρωπον
1276 2369 1400 2422 κατ’
1427 2370 1629 2424 εεκόνα
1682 2373 1812 2438 ἠμε-

260 2454 643 2525 τέραν.ήμεῖς
670 2456 765 2525 μὶν
793 2456 884 2511 τὸν
916 2457 1062 2523 Υίὸν,
1115 2458 1164 2509 οἱ
1191 2457 1248 2509 δὲ
1312 2457 1547 2513 Ἰουδαῖοι
1593 2462 1642 2513 οἱ
1694 2462 1809 2530 μὲν,

258 2546 394 2607 τοὺς
435 2547 695 2614 ἀγγέλους
719 2586 736 2613 ,
769 2550 817 2601 οἱ
851 2546 927 2612 δὲ,
960 2548 1095 2616 πρὸς
1121 2549 1310 2602 ἑαυτόν
1335 2566 1349 2581 ⁸
1387 2550 1532 2605 ἄλλοι
1570 2553 1626 2605 δέ
1673 2570 1813 2615 τινες

259 2634 378 2686 τῶν
394 2637 784 2704 αῖρετιζόντων,
822 2638 1070 2708 Ἀττικήν
1090 2637 1238 2693 εἷπον
1269 2641 1367 2712 τὴν
1396 2643 1645 2707 σύνταξιν
1671 2662 1684 2675 υ
1722 2646 1813 2697 καὶ

261 2720 380 2789 γὰρ
402 2722 448 2772 οἱ
478 2722 575 2785 τὰς
620 2724 876 2792 μεγίστας
916 2727 1328 2797 πεπιστευμένοι
1380 2731 1573 2800 ἀρχὰς,
1603 2732 1813 2802 Γράφο-

266 2826 393 2878 μεν,
450 2811 679 2878 λέγουσι.
718 2816 833 2880 καὶ,
867 2817 1300 2887 Προστάττομενσ
1332 2820 1382 2873 οῖ
1421 2820 1477 2873 δὲ
1524 2822 1785 2890 ἀπολογοῦ

263 2915 423 2969 μενοι
466 2900 731 2967 λέγουσιν,
785 2906 865 2959 ὅτι
920 2909 986 2960 τὰ
1029 2908 1253 2963 πλεῖστα
1284 2911 1312 2962 ὁ
1356 2911 1486 2971 Θεὸς
1523 2929 1816 2983 μονοπροσ-

262 2990 433 3051 ὡπως
467 2991 611 3058 λέγει
646 2995 702 3045 ὲν
736 2995 895 3066 πάσῃ
934 3000 996 3066 τῇ
1030 2995 1215 3067 Γραφῇ
1250 3015 1265 3030 ο
1312 2994 1412 3051 ὦδε
1455 3000 1534 3062 δὲ,
1591 3004 1682 3052 καὶ
1734 3004 1813 3063 εἰς·

1812 1924 1829 1991 '_
1913 1922 2050 1976 lucis
2080 1920 2342 1987 fulgorem
2372 1922 2712 1989 repentinum
2749 1921 3019 1975 tulissent.

1980 2010 2130 2076 Quod
2160 2011 2367 2078 plantas
2415 2009 2631 2077 quidem
2668 2024 2773 2062 non
2814 2010 3069 2075 laudavit,
3099 2013 3223 2079 quia
3278 2012 3463 2066 statim

1910 2116 2002 2154 eas
2028 2114 2121 2167 per
2141 2108 2307 2153 totam
2329 2108 2523 2152 terram
2548 2097 2850 2165 germinare
2878 2097 3032 2162 fecit;
3054 2098 3250 2153 bestias
3277 2111 3452 2154 autem

1910 2200 1963 2243 ct
1992 2204 2183 2258 pecora
2218 2186 2531 2257 conjunxit:
2577 2186 2961 2239 convenienter
3008 2196 3184 2241 autem
3230 2188 3458 2243 Crescite

1911 2280 2065 2333 dixit.

1972 2370 2130 2435 Quod
2149 2384 2241 2437 per
2275 2368 2398 2431 hoc,
2434 2366 2715 2421 Faciamus
2764 2370 3017 2425 hominem
3051 2367 3117 2419 ad
3178 2366 3454 2434 imaginem

1914 2469 2276 2521 nostram,nos
2301 2458 2493 2511 Filium
2518 2459 2731 2526 quidem
2757 2475 2772 2517 :
2798 2474 2863 2513 ex
2890 2458 3088 2513 Iudaeis
3119 2465 3295 2509 autem
3332 2457 3453 2522 qui-

1915 2551 2036 2607 dam
2068 2549 2198 2603 illud
2230 2549 2296 2602 ad
2330 2548 2568 2615 angelos,
2620 2549 2709 2602 alii
2751 2550 2816 2603 ad
2853 2548 3016 2603 Deum
3067 2546 3321 2601 referunt.
3382 2544 3454 2596 Ex

1915 2634 2180 2693 haereticis
2218 2638 2435 2705 quidam
2458 2638 2699 2692 Atticum
2722 2638 2906 2693 dicunt
2935 2637 3183 2706 loquendi
3208 2636 3455 2700 modum;

1915 2712 2107 2781 iienim
2138 2741 2300 2795 penes
2323 2742 2459 2795 quos
2484 2736 2564 2781 cst
2599 2743 2810 2782 summa
2847 2736 3102 2797 potestas,
3138 2726 3455 2785 Scribimus,

1915 2813 2085 2882 aiunt,
2108 2825 2160 2868 et
2184 2814 2538 2879 mandamus;
2573 2816 2663 2883 qui
2697 2816 2906 2869 veritati
2931 2817 3227 2876 adhmrent,
3249 2815 3455 2875 dicunt,

1915 2908 2229 2974 plerumque
2258 2906 2310 2959 in
2330 2906 2605 2974 Scriptura
2629 2907 2797 2960 Deum
2833 2907 2883 2960 in
2932 2921 3156 2975 persona
3201 2905 3455 2973 singulari

1915 2994 2059 3061 loqui
2088 3011 2102 3057 ;
2157 2994 2257 3046 hoc
2280 3000 2457 3045 autem
2489 2994 2625 3055 loco,
2652 2994 2778 3046 etin
2808 2994 2898 3046 illo
2924 3012 2937 3046 :
3011 2994 3203 3057 Venite,
3250 2994 3460 3045 descen-

259 3081 370 3143 τὸ,
429 3080 619 3147 Δεῦτε,
648 3085 1001 3150 καταϐάντες
1042 3087 1387 3155 συγχέωμεν
1451 3089 1646 3142 αὐτῶν
1708 3092 1813 3157 τὰς

1914 3084 2087 3134 dentes
2110 3080 2492 3145 confundanius
2523 3080 2726 3149 linguas
2755 3098 2950 3146 eorum,
2979 3083 3243 3149 duplicem
3272 3097 3461 3148 perso-

263 3171 571 3241 γλώσσας,
621 3174 712 3227 δύο
775 3177 1075 3243 προσώπων
1122 3180 1459 3248 παράστασιν
1534 3184 1765 3234 ποιεῖται
1795 3198 1808 3213 ⁸

1915 3185 2037 3223 nam
2080 3167 2305 3231 inducit,
2336 3169 2410 3220 ita
2476 3177 2534 3221 ut
2562 3168 2751 3221 Filium
2779 3178 2829 3223 et
2899 3170 3155 3237 Spiritum
3213 3178 3457 3223 sanctum

264 3261 411 3313 ὥστε
434 3262 522 3315 τὸν
544 3263 669 3317 Υίὸν
696 3266 787 3317 καὶ
816 3266 873 3317 τὸ
895 3265 1110 3335 Πνεῦμα
1131 3267 1210 3319 δεῖ
1239 3269 1459 3323 ἐννοεῖν.
1490 3269 1555 3320 Τί
1588 3272 1701 3322 ἐστι
1752 3271 1811 3323 τὸ

1914 3256 2494 3329 οροτιετιιῐηιριιὶεετε.
2538 3261 2674 3325 Quid
2711 3270 2813 3324 est,
2840 3262 3116 3313 secundum
3148 3261 3459 3329 imaginem?
3524 3258 3529 3261 ’

263 3353 398 3405 κατ’
420 3355 620 3407 εἰκόνα
636 3372 656 3419 ;
674 3356 720 3407 oi
753 3356 849 3425 μὲν
891 3357 949 3409 τὸ
975 3358 1197 3427 ἀόρατον
1216 3358 1315 3428 τῆς
1341 3358 1541 3429 ψυχῆς·
1567 3361 1617 3412 οἱ
1637 3338 1693 3412 δέ
1722 3361 1810 3414 τὸν

1914 3351 2016 3405 Alii
2045 3352 2259 3420 quidem
2293 3352 2601 3407 interiorem
2629 3353 2861 3404 animam
2890 3370 2904 3418 ;
2962 3351 3047 3404 alii
3081 3360 3312 3405 mentem
3380 3350 3461 3403 in-

264 3440 416 3506 νοῦν,
463 3444 548 3496 διὰ
574 3443 633 3496 τὸ
662 3437 929 3514 πανταχοῦ
955 3437 1203 3515 διήκειν*
1234 3451 1281 3501 οἱ
1311 3449 1365 3501 δὲ
1408 3450 1467 3502 τὸ
1491 3449 1673 3519 ἄρχειν
1702 3452 1810 3503 τῶν

1919 3441 2166 3511 telligunt
2204 3451 2420 3510 propter
2454 3442 2569 3511 ejus
2597 3458 2920 3511 quocunque
2950 3442 3268 3511 pervadendi
3297 3440 3462 3491 virtu-

265 3530 442 3594 κάτω,
460 3518 643 3605 ὥσπερ
663 3534 809 3599 Θεὸς,
836 3537 929 3590 καὶ
958 3537 1063 3591 τῶν
1096 3539 1204 3593 ἄνω
1226 3553 1240 3569 '
1270 3540 1317 3592 oi
1360 3540 1415 3593 δὲ
1445 3540 1530 3593 διὰ
1557 3518 1618 3593 τὸ
1647 3544 1811 3611 ἑργάυ

1921 3538 2066 3599 tem”;
2095 3534 2146 3587 bi
2179 3550 2341 3603 super
2370 3543 2578 3589 terrena
2608 3546 2660 3588 et
2697 3535 2933 3589 coelestia
2983 3540 3297 3602 potestatem
3345 3547 3461 3598 quae

266 3617 460 3679 ζεσθαι
484 3621 658 3685 αὐτὸν,
692 3622 782 3677 καὶ
812 3617 898 3677 οἷα
949 3624 1079 3677 Θεὸν
1126 3625 1498 3695 δημιουργεῖν·
1539 3626 1587 3677 oi
1645 3625 1699 3677 δὲ
1727 3626 1815 3678 διὰ

1909 3625 2013 3678 ’Βεὶ
2040 3636 2156 3689 est;
2188 3625 2277 3677 alii
2306 3625 2422 3693 ejus
2464 3625 2829 3692 operationem
2882 3635 2933 3677 et
2986 3623 3332 3685 creationem,
3374 3622 3458 3672 alii

266 3709 335 3760 τὸ
359 3710 483 3777 ’νοῦν
504 3711 657 3777 λόγον
686 3714 777 3766 καὶ
798 3714 1007 3783 πνεῦμα
1030 3715 1192 3784 ἔχειν,
1223 3710 1310 3767 οἶα
1338 3716 1366 3771 ὁ
1410 3715 1814 3786 δημιουργήσας

1921 3722 2152 3767 mentem
2180 3728 2298 3781 qua}
2323 3713 2637 3766 rationalem
2675 3714 2920 3780 spiritum
2951 3712 3105 3767 habet
3127 3721 3183 3765 ut
3208 3710 3348 3764 Deus
3372 3712 3459 3776 qui

266 3795 460 3849 τοῦτον
489 3802 638 3862 Θεός.

1922 3805 2121 3858 creavit
2148 3819 2287 3858 eam.
3270 3814 3273 3818 ‘

276 3947 3464 3987 W
754 3972 3461 3987 ——————————————————-—————-—————-—-————-

1438 4110 1609 4156 ANNO
1651 4110 1875 4155 SECULI
1922 4109 1966 4151 Χ
2008 4108 2299 4171 ῙΝΟΕῐὶΤΟ.
2368 4105 2373 4109 ’

1197 4148 2561 4466 Misimus

905 4602 1996 4716 COBINTHIORUM
2079 4599 2835 4711 EPISCOPUS

1609 4919 2141 5011 NOTITIA.

1210 5114 1453 5177 (Leontini,
1479 5105 1646 5159 Oriens
1671 5105 1983 5168 Christianus,
2006 5115 2122 5159 tom.
2157 5106 2221 5170 II,
2246 5122 2356 5171 pag.
2386 5108 2515 5172 165.)

357 5361 413 5415 in
449 5357 746 5429 Synaxario
768 5355 907 5423 quod
937 5353 1115 5407 Basilii
1152 5351 1489 5419 imperatoris
1527 5366 1719 5405 nomen
1742 5352 1954 5421 przefert
1992 5364 2043 5410 et
2064 5372 2093 5411 a
2124 5356 2496 5425 Papebrocliio
2525 5354 2726 5408 editum
2761 5362 2859 5409 cst.
2893 5350 2977 5401 die
3006 5347 3037 5398 5
3074 5345 3193 5396 Maii
3220 5344 3415 5411 legitur
3443 5363 3459 5397 ε

291 5444 720 5503 Commemoratio
752 5442 802 5495 S.
837 5438 898 5494 Ρ.
931 5439 1001 5493 Ν.
1026 5439 1321 5498 Athanasii,
1345 5438 1569 5506 episcopi
1592 5437 2002 5507 Corinthiorum,
2026 5444 2114 5511 qui
2139 5444 2449 5496 obdormivit
2478 5442 2559 5509 pie
2588 5450 2635 5492 et
2667 5446 2840 5489 sancte
2867 5432 3042 5484 diebus
3071 5431 3272 5495 imperii
3307 5429 3458 5483 Busi-

296 5538 354 5589 lii
383 5544 432 5588 ει
452 5530 800 5587 Constantini.
826 5528 969 5581 Inter
994 5525 1201 5579 codices
1227 5524 1565 5577 bibliotheca:
1584 5518 2176 5594 Augustanze,quorum
2211 5525 2367 5578 index
2401 5524 2466 5576 ab
2496 5519 2724 5573 Antonio
2754 5516 2983 5566 Rainero
3013 5527 3155 5563 anno
3187 5514 3321 5566 1675
3349 5514 3462 5566 eili-

295 5635 383 5677 tus
414 5629 514 5681 cst,
546 5619 664 5687 pag.
704 5615 772 5669 30
802 5622 1126 5667 memoratur
1151 5610 1424 5664 Athanasii
1451 5610 1725 5677 cujusdam
1748 5611 2122 5678 archiepiscopi
2142 5610 2525 5665 Corinthiorum
2552 5601 2785 5672 quwslio,
2805 5598 2909 5651 Cur
2945 5594 3186 5651 Christus
3213 5599 3260 5650 iu
3298 5615 3473 5662 crure,

290 5722 383 5765 nec
422 5707 527 5762 alio
560 5719 738 5777 genere
778 5700 1018 5769 supplicii
1043 5708 1275 5753 mortuus
1302 5697 1615 5766 duriusque
1660 5698 1870 5752 solutio.
