4120 6340
707 279 838 342 1023

1569 283 1975 343 ATHANASII
2013 283 2413 343 CORlNTHIl
2455 248 2994 343 FRAGMENTUM.

3751 277 3886 341 102i

1171 581 1794 669 ΑΘΑΝΑΣΙΟΥ
1863 584 2435 670 ΚΟΡΙΝΘΟΥ
2505 580 3420 668 ΑΡΧΙΕΠΙΣΚΟΠΟΥ

2204 780 2264 815 IK
2296 779 2386 813 TI]!

1697 907 2133 960 ἸῈΤΡΑΒΙΒΛΟ
2145 908 2190 958 Υ
2222 909 2446 960 ΖΩΤΟΥ
2479 908 2804 963 ΙΑΚΩΒΙΊὉ
2818 909 2877 962 Υ.

1122 1224 1752 1313 ATHANASII
1849 1224 2436 1315 COBINTHI
2535 1226 3439 1320 ARCHIEPISCOPI

1505 1437 1561 1494 E
1602 1437 1977 1509 QUATUOR
2027 1437 2304 1498 LIBRIS
2344 1439 2545 1500 ZOTI
2584 1439 3000 1503 JACOBITI.

2038 1599 2175 1660 (Luc.
2212 1600 2377 1661 XXIV,
2414 1603 2512 1663 45.)

2267 1767 2334 1781 _

757 1898 1085 1968 luquirimus
1118 1907 1295 1953 utrum
1331 1899 1571 1953 ciborum
1626 1901 1884 1954 saturatio
1926 1899 1976 1952 in
2019 1899 2230 1953 Christo

2403 1899 2676 1969 Ζητοῦμεν
2700 1900 2801 1968 είή
2851 1901 3128 1969 πλήρωσις
3161 1901 3268 1952 τῶν
3307 1901 3606 1969 βρωμάτων
3631 1904 3876 1972 ὲπὶΧρι-

686 1993 1086 2045 evacuationem
1124 1991 1448 2059 produxerit.
1493 1991 1548 2044 Si
1586 2006 1712 2059 ergo
1761 1992 1940 2045 dicitis
1997 2007 2227 2044 evacua-

687 2081 882 2132 tionem
915 2081 1255 2147 produxisse,
1289 2080 1594 2134 Nestoriaui
1635 2081 1786 2144 estis,
1825 2096 2027 2136 merum
2055 2081 2227 2134 homi-

685 2185 804 2221 nem
840 2168 1114 2224 Christum
1149 2179 1533 2236 supponentes.
1564 2168 1620 2223 Si
1656 2186 1781 2224 vero
1804 2170 2051 2223 dixeritis
2099 2186 2226 2223 eva-

683 2259 985 2312 cuationem
1016 2275 1121 2312 non
1170 2259 1509 2326 produxisse,
1563 2260 1836 2327 quomodo
1902 2259 2227 2327 intelligatur

685 2347 959 2400 hominem
993 2349 1202 2400 admitti
1229 2357 1556 2408 saturatum.
1619 2358 1672 2401 et
1700 2364 1806 2401 non
1861 2359 2174 2401 evacuatutn
2204 2349 2226 2400 ?

683 2437 1141 2503 ——Responsio.—
1168 2438 1457 2504 Apostolus
1485 2453 1747 2489 summam
1784 2439 2040 2490 unitatem
2071 2453 2219 2489 mon-

686 2535 858 2577 Strare
892 2526 1077 2578 volens
1102 2525 1395 2578 divinitatis
1428 2535 1480 2579 et
1503 2525 1870 2589 humanitatis,
1898 2526 1949 2576 in
1976 2526 2226 2579 omnibus

685 2613 914 2665 similem
944 2613 1096 2665 nobis
1129 2612 1401 2665 hominem
1432 2612 1631 2666 assumi
1661 2612 1778 2667 sine
1799 2622 1985 2681 pecato
2014 2613 2224 2681 inquit;

683 2702 774 2754 sed
812 2701 896 2754 hic
923 2701 1137 2769 quidem
1168 2702 1234 2754 ob
1259 2715 1525 2754 summam
1564 2700 1823 2754 unitatem
1881 2701 2011 2754 illud
2050 2702 2223 2765 dixit;

690 2805 786 2843 nos
818 2805 945 2843 vero
976 2805 1138 2858 supra
1161 2789 1428 2843 hominem
1454 2789 1726 2843 Christum
1743 2789 2017 2844 exstitisse
2037 2790 2228 2844 admit-

683 2881 870 2935 timus.
913 2880 1045 2933 Nam
1087 2881 1228 2951 quod
1273 2895 1303 2934 e
1359 2878 1575 2950 Virgine
1605 2870 1772 2935 natus
1823 2879 2005 2944 fuerit,
2060 2879 2224 2934 Deum

683 2971 829 3023 illum
849 2987 967 3025 esse
989 2980 1042 3025 et
1071 2987 1232 3041 supra
1258 2972 1525 3025 hominem
1554 2972 1825 3034 ostendit;
1844 2981 1896 3026 et
1921 2975 2222 3041 oportebat,

680 3063 974 3114 secundum
1000 3073 1193 3115 sanctae
1218 3061 1503 3129 Scriptura
1538 3063 1796 3130 regulam,
1836 3078 1935 3117 nec
1959 3064 2023 3115 ad
2045 3064 2226 3117 dexte-

681 3165 792 3202 ram
827 3152 1095 3206 declinare
1119 3167 1215 3205 nec
1236 3153 1300 3204 ad
1328 3152 1624 3215 sinistram,
1662 3153 1752 3205 sed
1787 3164 1932 3206 stare
1989 3154 2071 3206 his
2109 3169 2226 3221 qua:

2330 1991 2454 2042 στοῦ
2495 1991 2752 2057 ἐκέκτητο
2784 1990 2875 2042 καὶ
2903 1991 3148 2045 κένωσιν.
3215 1990 3274 2042 Et
3311 1990 3401 2042 οὖν
3458 1991 3641 2057 λέγετε
3677 1993 3880 2058 κεκτῆ-

2329 2080 2449 2131 σθαι
2481 2081 2724 2142 κένωσιν,
2787 2079 3132 2146 Νεστοριανοί
3194 2081 3337 2143 ἐστὶ,
3387 2081 3537 2148 ψιλὸν
3590 2082 3879 2149 ἄνθρωπον

2326 2170 2698 2237 ὑποτιθέμενοι
2719 2168 2808 2221 τὸν
2835 2169 3065 2238 Χριστόν
3096 2185 3109 2199 ·
3145 2169 3268 2222 εἰδὲ
3316 2171 3488 2238 ἐρεῖτε
3541 2170 3614 2238 μὴ
3668 2171 3877 2238 κεκτῆ·

2327 2262 2448 2315 σθαι
2479 2262 2724 2324 κένωσιν,
2753 2260 2867 2323 πῶς
2884 2259 2949 2312 ἂν
2979 2259 3193 2330 νοηθείη
3251 2259 3532 2330 ἄνθρωπον
3566 2258 3876 2329 προσλαϐέ-

2326 2357 2448 2407 σθαι
2478 2353 2868 2423 πληρούμενον,
2894 2354 2987 2404 καὶ
3018 2351 3430 2421 μὴκενοόμενον
3455 2367 3469 2415 ς
3514 2353 3879 2418 -Ἀπόκρε-

2327 2458 2447 2508 σις.
2471 2442 2944 2503 -ὉἈπόστολος
2968 2442 3066 2510 τὴν
3087 2442 3260 2510 ἄκραν
3289 2441 3480 2493 ἕνωσιν
3506 2439 3670 2492 θέλων
3697 2440 3878 2508 δηλῶ-

2328 2545 2416 2580 σαι
2440 2529 2685 2597 θεότητος
2714 2528 2807 2579 καὶ
2836 2526 3264 2597 ἁνθρωπότητος,
3297 2529 3437 2579 κατὰ
3469 2529 3644 2579 πάντα
3689 2528 3882 2595 ὅμοιον

2327 2618 2455 2685 ἡμῖν
2486 2615 2842 2668 ἀναλαῦέσθαι
2866 2614 3147 2683 ἄνθρωπον
3166 2615 3331 2683 χωρὶς
3381 2615 3651 2682 ἁμαρτιας
3676 2615 3846 2683 φησίν
3862 2630 3878 2646 ο

2325 2706 2438 2759 ἀλλ’
2464 2706 2667 2766 ἐκεῖνος
2695 2705 2789 2772 μὲν
2819 2703 2908 2755 διὰ
2931 2705 3028 2772 τὴν
3055 2703 3227 2772 ἄκραν
3257 2705 3448 2755 ἕνωσιν
3470 2703 3625 2756 τοῦτο
3678 2699 3839 2755 εἶπεν
3860 2719 3876 2734 ο

2325 2796 2482 2864 ἡμεῖς
2519 2794 2574 2845 δὲ
2606 2793 2699 2845 καὶ
2745 2791 2883 2862 ὑπὲρ
2914 2791 3196 2860 ἄνθρωπον
3229 2793 3555 2861 γεγενῆσθαι
3587 2793 3744 2846 αὑτὸν
3768 2810 3878 2844 κα-

2323 2883 2753 2952 ταλαμϐάνομεν.
2781 2879 2854 2934 Τὸ
2879 2881 2986 2949 γὰρ
3013 2883 3074 2933 ὲκ
3106 2882 3375 2950 Παρθένου
3418 2883 3758 2952 γεννηθῆναι,
3816 2883 3881 2934 τὸ

2325 2973 2455 3026 Θεὸν
2485 2972 2644 3025 αὐτὸν
2674 2968 2832 3033 εἶναι,
2894 2971 2988 3022 καὶ
3040 2971 3176 3038 ὑπὲρ
3225 2971 3526 3040 ἄνθρωπον,
3587 2971 3829 3024 δείκνυσι
3859 2985 3876 2999 σ

2325 3065 2416 3117 καὶ
2442 3061 2544 3114 ἔδει
2573 3062 2710 3113 κατὰ
2731 3061 2821 3111 τὸν
2844 3059 2941 3127 τῆς
2970 3059 3124 3126 ἁγίας
3151 3060 3368 3127 Γραφῆς
3409 3060 3604 3112 κανόνα
3640 3059 3714 3127 μὴ
3774 3061 3879 3111 ὲκ-

2327 3154 2502 3205 κλῖναι
2527 3151 2672 3216 δεξιὰ
2702 3151 2735 3218 ἢ
2759 3151 3039 3220 ἀριστερὰ,
3070 3149 3203 3203 ἀλλὰ
3221 3152 3445 3218 στοιχεῖν
3468 3153 3575 3211 τοῖς
3627 3165 3880 3217 γεγραμ-

680 3241 876 3305 scripta
911 3252 1054 3303 sunt,
1091 3255 1260 3306 neque
1287 3239 1487 3305 aliquid
1523 3240 1750 3306 amplius
1769 3239 2070 3306 exquirere.
2127 3216 2218 3292 Ve-

2327 3242 2524 3308 μένοις,
2563 3243 2652 3292 xat
2683 3216 2844 3308 μηδὲν
2864 3216 3024 3289 πλέον
3050 3216 3498 3307 περιεργάζεσθαι
3530 3255 3542 3266 ·
3576 3216 3741 3305 ὅμως
3785 3216 3880 3288 ινα

683 3336 985 3378 rumtamen
1019 3341 1084 3379 ne
1114 3328 1387 3379 videamur
1416 3329 1484 3379 ob
1514 3328 1882 3394 responsionis
1930 3330 2221 3380 carentiam

681 3417 858 3476 silere,
894 3415 1156 3474 dicemus,
1195 3417 1413 3467 meliore
1439 3423 1586 3482 parte
1614 3424 1915 3478 praestante,
1943 3417 2083 3467 aliud
2109 3432 2225 3469 esse

681 3517 876 3568 corpus
907 3504 1025 3569 ejus
1049 3501 1287 3554 divinum
1324 3501 1515 3569 magis,
1539 3501 1679 3568 quod
1711 3517 1904 3570 nempe
1926 3503 1979 3555 in
2010 3512 2224 3557 satura-

681 3592 824 3643 tione
845 3593 1138 3643 secundum
1173 3605 1268 3643 nos
1296 3590 1475 3656 fuerit,
1521 3591 1572 3644 in
1606 3593 1952 3646 evacuatione
1980 3607 2106 3647 vero
2136 3609 2226 3647 su-

681 3697 769 3747 pra
806 3697 924 3735 nos.
949 3680 1190 3735 Ostendit
1210 3682 1258 3735 id
1288 3683 1446 3737 etiam
1469 3691 1591 3737 ante
1617 3685 2040 3738 incarnationem
2069 3684 2222 3738 beata

679 3771 912 3827 Trinitas
947 3775 1082 3841 apud
1119 3775 1382 3828 Abraham
1409 3775 1717 3842 comedens,
1771 3785 1826 3830 et
1861 3785 2120 3842 saturata,
2169 3785 2223 3830 et

678 3882 782 3917 non
821 3875 1097 3920 evacuata.
1131 3867 1386 3922 Similiter
1423 3883 1638 3937 quoque
1702 3877 1823 3938 post
1867 3868 2219 3922 resurrectio-

678 3971 794 4009 nem
823 3957 1068 4010 Salvator
1089 3967 1266 4011 noster
1293 3967 1570 4014 saturatus
1586 3970 1687 4024 est,
1719 3962 2069 4014 evacuatione
2111 3975 2219 4030 non

675 4057 1012 4111 occurrente,
1051 4049 1142 4100 sed
1166 4064 1259 4115 per
1291 4049 1676 4102 inhabitantem
1708 4051 1940 4103 divinam
1973 4061 2218 4104 naturam

676 4137 1005 4190 saturatione
1027 4147 1365 4204 consumpta;
1385 4138 1496 4190 hzec
1519 4139 1732 4204 quidem
1758 4156 1854 4192 nos
1876 4140 2221 4209 intelligimus

678 4228 970 4279 secundum
1005 4237 1202 4280 nostra
1229 4228 1552 4294 cognitionis
1583 4227 1910 4282 debilitatem
1962 4231 2089 4294 ;ille
2125 4246 2219 4282 au-

678 4324 780 4365 tem
819 4313 1125 4364 incarnatus
1176 4315 1452 4380 cegnoscit
1502 4315 1747 4380 proprios
1790 4317 2137 4370 saturationis
2169 4326 2222 4370 et

675 4399 1044 4452 cvacuationis
1110 4414 1220 4452 sua:
1276 4400 1486 4464 modos,
1569 4401 1711 4453 sicut
1770 4403 1941 4455 noscit
1999 4403 2215 4456 modum

678 4489 959 4543 inetlabilis
986 4490 1211 4543 duarum
1253 4500 1565 4546 naturarum
1599 4493 1810 4550 unionis
1833 4501 1886 4548 et
1914 4494 2216 4550 distinctio-
2245 4532 2288 4589 ϐ

676 4578 758 4632 nis
798 4580 849 4631 in
875 4595 976 4633 una
1006 4595 1257 4649 persona.

2327 3331 2399 3396 μὴ
2429 3330 2664 3395 δόξωμεν
2690 3328 3032 3395 ἀποκρίσεως
3063 3327 3387 3395 ἀποροῦντες
3419 3331 3596 3394 σιγᾷν,
3639 3327 3880 3395 ἐροῦμεν

2322 3418 2402 3468 ὄτι
2430 3417 2522 3467 τοῦ
2553 3416 2854 3483 κρείττονος
2887 3415 3290 3481 ὲκνικήσαντος,
3320 3414 3445 3465 ἄλλο
3461 3412 3597 3465 εἶναι
3629 3415 3794 3481 σῶμα
3815 3416 3880 3466 τὸ

2324 3506 2528 3559 ἐκείνου
2553 3505 2959 3572 θεοειδέστερον,
2986 3505 3121 3570 ὅπερ
3152 3505 3208 3554 ὲν
3232 3504 3329 3570 μὲν
3351 3505 3417 3572 τῇ
3443 3503 3716 3571 πληρώσει
3743 3503 3878 3554 καθ’

2322 3598 2464 3668 ἡμᾶς
2481 3593 2568 3666 ἦν,
2604 3598 2660 3648 ὲν
2688 3595 2742 3647 δὲ
2763 3597 2828 3664 τῇ
2860 3594 3080 3646 κενώσει
3108 3593 3245 3662 ὑπὲρ
3269 3594 3434 3662 ἡμᾶς.
3469 3594 3633 3661 Δηλοῖ
3663 3592 3721 3644 δὲ
3777 3593 3878 3645 καὶ

2323 3688 2426 3757 πρὸ
2460 3687 2559 3755 τῆς
2621 3685 2948 3755 σαρκώσεως
3001 3687 3033 3754 ἡ
3081 3683 3318 3754 μακαρία
3367 3682 3534 3752 Τριάς
3591 3680 3743 3750 παρὰ
3795 3683 3878 3749 τῷ

2320 3778 2568 3848 Ἀϐραὰμ
2596 3777 2865 3838 ἐσθίουσα,
2905 3775 2997 3827 καὶ
3028 3775 3304 3844 πλήρωσιν
3336 3773 3618 3843 δεχομένη,
3656 3775 3750 3825 καὶ
3781 3773 3865 3842 μὴ

2320 3869 2616 3938 κενουμένη
2644 3885 2657 3897 ·
2685 3867 2880 3936 ὁμοίως
2903 3867 2994 3918 καὶ
3020 3866 3156 3935 μετὰ
3182 3866 3280 3934 τὴν
3309 3865 3600 3918 ἀνάστασιν
3629 3867 3655 3916 ὁ
3678 3865 3877 3934 Σωτὴρ

2319 3959 2473 4028 ήμῶν
2502 3959 2773 4028 πλήρωσιν
2786 3957 3088 4025 δεχόμενος,
3109 3955 3388 4016 κενώσεως
3408 3955 3480 4021 μὴ
3495 3954 3875 4022 ὑπαρχούσης,

2319 4048 2547 4100 ἁλλ’ὑπὺ
2569 4048 2665 4113 τῆς
2685 4046 2991 4111 ἑνοικούσης
3012 4044 3158 4105 θείας
3178 4044 3386 4110 φύσεως
3416 4045 3511 4112 τῆς
3533 4044 3875 4110 πληρώσεως

2319 4137 2771 4203 ὲκδαπανωμένης
2789 4148 2803 4162 ⁸
2829 4134 2996 4184 ταῦτα
3037 4134 3131 4200 μὲν
3157 4135 3316 4199 ἡμεῖς
3350 4132 3489 4182 κατὰ
3541 4133 3638 4198 τὴν
3659 4134 3690 4200 ὴ
3700 4133 3872 4196 μετέ-

2321 4241 2417 4293 ραν
2445 4223 2541 4290 τῆς
2566 4222 2817 4289 γνώσεως
2853 4221 3130 4273 ἀσθένειαν
3158 4235 3169 4247 ’
3197 4220 3355 4280 αὐτὸς
3393 4220 3449 4270 δὲ
3477 4219 3505 4268 ὁ
3561 4221 3874 4288 σαρκωθεὶς

2320 4313 2600 4366 ἐπίσταται
2631 4314 2753 4374 τοὺς
2776 4312 3006 4373 οἰκείους
3031 4312 3255 4380 τρόπους
3284 4312 3378 4379 τῆς
3402 4309 3731 4380 πληρώσεως
3776 4311 3877 4362 καὶ

2318 4408 2415 4474 τῆς
2443 4408 2717 4468 κενώσεως
2739 4422 2753 4436 ’
2783 4405 2960 4466 καθὼς
2979 4401 3084 4457 οἶδε
3119 4405 3210 4456 καὶ
3239 4404 3327 4456 τὸν
3359 4404 3555 4471 τρόπον
3579 4404 3675 4469 τῆς
3701 4405 3878 4472 ἀπορο

2323 4496 2485 4564 ρήτου
2512 4496 2617 4546 τῶν
2648 4495 2739 4547 δύο
2762 4493 2972 4563 φύσεων
2998 4491 3194 4563 μίξεώς
3223 4510 3279 4547 τε
3303 4495 3396 4547 καὶ⁹
3418 4493 3663 4564 κράσεως
3689 4493 3752 4545 ὲν
3787 4492 3876 4544 ἑνὶ

2323 4587 2616 4656 προσώπῳ.
