4120 6340
679 291 802 353 1031
1366 272 1754 348 OPUSCULA
1792 281 2306 345 SCRIPTUBIST]

2248 282 2411 342 TlCA
2448 282 2792 343 INCERT/E
2830 281 3134 344 ΖΕΤΑἹἸΒ.
3730 276 3875 341 1032

749 401 863 454 102.
909 397 981 452 De
1031 396 1354 453 revelationc
1399 398 1462 450 ad
1499 395 1678 450 Laban
1733 395 1797 450 de
1846 393 2011 449 Iacob
2049 402 2106 448 et
2147 391 2214 447 de
2240 396 2288 454 Α

2245 396 2288 454 Α
2389 391 2486 460 ρβῖ
2521 392 2656 461 Περὶ
2684 392 2777 444 τοῦ
2809 388 3190 461 χρηματισμοῦ
3221 388 3314 442 τοῦ
3345 387 3477 461 πρδς
3513 386 3694 442 Λάϐαν
3731 388 3872 460 περὶ

669 491 825 542 idolis
2313 485 2408 537 τοῦ
2437 478 2648 542 Ἰακὼϐ.
2683 483 2776 536 καὶ
2806 485 2931 552 περὶ
2961 484 3068 534 τῶν
3100 481 3349 536 εἰδώλων.

740 583 860 636 103.
898 580 1093 635 Ρωάιιε
1115 579 1280 634 Iacob
1309 589 1360 632 et
1388 578 1590 632 Laban.

2387 581 2486 645 ργ¹.
2519 575 2756 644 Διαθήκη
2781 574 2872 626 τοῦ
2903 574 3090 626 Ἰακὼϐ
3117 576 3207 627 καὶ
3233 573 3324 625 τοῦ
3352 573 3554 629 Λάϐαν.

741 670 857 722 104.
891 673 961 723 De
991 669 1236 722 columna
1264 676 1316 721 et
1349 667 1553 720 tumulo
1580 665 1895 718 testimonii.

2385 663 2618 734 ρδ’.[Ιερ1
2640 666 2736 732 τῆς
2757 665 2973 734 στήλης,
3003 665 3096 718 καὶ
3119 664 3211 717 τοῦ
3237 663 3424 733 βουνοῦ
3445 663 3536 717 τοῦ
3560 665 3863 734 μάρτυρος.

739 760 858 813 105.
893 759 965 813 De
997 759 1199 827 angeiis
1237 759 1328 826 qui
1361 756 1572 810 obviam
1604 756 1738 809 fiunt
1765 754 1951 809 Iacob.

2384 763 2479 824 ρε’.
2517 756 2651 825 Περὶ
2681 757 2776 824 τῆς
2802 755 3169 826 συναντήσεως
3195 755 3302 808 τῶν
3324 755 3566 822 ἀγγέλων
3597 755 3695 823 τῆς
3721 755 3868 824 πρὸς

2314 845 2528 901 Ἰακώϐ.

738 938 853 991 106.
890 937 963 992 De
994 937 1134 991 Esau
1173 936 1418 991 veniente
1439 935 1650 990 obviam
1679 934 1866 989 Iacob.

2388 944 2493 1006 ρς’.
2530 936 2661 1007 Περὶ
2688 935 2780 989 τοῦ
2819 935 2989 990 Ἡσαῦ
3018 935 3310 1007 ἐρχομένου
3338 937 3416 1002 είς
3440 939 3754 1010 συνάντησιν
3776 935 3867 1004 τῷ

2313 1026 2526 1080 Ἰακώϐ.

734 1123 846 1175 107.
879 1121 951 1174 De
984 1119 1217 1174 luctante
1247 1135 1366 1172 eum
1392 1118 1579 1173 Iacob.

2385 1115 2482 1186 ρξ’.
2519 1119 2650 1185 Περὶ
2686 1118 2778 1172 τοῦ
2815 1118 3173 1182 παλαίσαντος
3208 1119 3345 1188 μετὰ
3372 1117 3581 1172 Ἰακώϐ.

733 1211 851 1262 108.
883 1210 952 1261 De
982 1209 1289 1261 occurentia
1321 1207 1458 1260 Esau
1492 1217 1543 1260 et
1566 1205 1753 1269 Iacob.

2384 1205 2486 1274 013'.
2524 1207 2655 1274 Περὶ
2692 1207 2790 1276 τῆς
2813 1197 3181 1277 συναντῆσεως
3216 1207 3382 1261 Ἡσαῦ
3412 1211 3504 1259 καὶ
3530 1206 3742 1258 Ἰακώϐ.

737 1300 852 1354 109.
885 1299 1012 1363 Qua:
1033 1300 1098 1352 ad
1135 1298 1325 1351 Dinam
1360 1298 1586 1351 attinent
1627 1298 1786 1349 ﬁliam
1815 1295 1979 1350 Iacob
2004 1304 2055 1348 et
2079 1295 2207 1354 Liae,

2385 1295 2481 1362 pU'.
2517 1297 2597 1348 Τὰ
2631 1297 2767 1350 κατά
2791 1299 2886 1365 τὴν
2915 1298 3071 1352 Δείνα
3101 1301 3200 1369 τὴν
3229 1299 3497 1368 θυγατέρα
3518 1297 3729 1362 Ἰακὼϐ,
3759 1296 3863 1348 καὶ

2311 1389 2491 1450 Λείας.

734 1477 852 1530 110.
877 1477 1053 1529 Tertia
1091 1476 1344 1530 revelatio
1378 1476 1441 1528 ad
1475 1474 1638 1528 Iacob
1676 1476 1726 1527 in
1772 1476 1982 1528 Siehem
2011 1476 2074 1528 de
2113 1475 2204 1528 Be-

2381 1484 2466 1546 pt'.
2495 1478 2682 1547 Τρίτος
2715 1480 3089 1548 χρηματισμὸς
3135 1480 3266 1548 πρὸς
3290 1479 3479 1531 Ἰακὼϐ
3510 1481 3566 1531 ἐν
3590 1479 3861 1546 Σικήμοις

665 1569 791 1632 thel,
824 1575 874 1620 et
902 1567 1141 1640 Dco‘qui
1195 1569 1268 1618 illi
1323 1569 1586 1634 apparuit,
1632 1568 1846 1634 quando
1895 1567 2020 1618 fodit
2082 1566 2211 1620 deos

2311 1559 2434 1636 περὶ
2467 1569 2563 1635 τῆς
2598 1568 2814 1637 Βαιθὴλ,
2863 1570 2952 1620 καὶ
2993 1567 3083 1620 τοῦ
3126 1568 3375 1635 ὀφθέντος
3408 1568 3553 1636 αύτῷ
3578 1548 3731 1630 ὖέοῦ,
3759 1567 3857 1618 ὅτε

663 1656 866 1708 alienos
896 1657 995 1708 sub
1022 1655 1339 1708 terebintho.

2312 1656 2616 1724 κατέκρυψε
2640 1658 2761 1716 τοὺς
2785 1657 3089 1726 ἀλλοτρίους
3111 1657 3262 1720 θεοὺς
3281 1658 3383 1708 ὑπὸ
3400 1657 3495 1726 τὴν
3519 1656 3856 1725 τερέϐινθον.

734 1748 852 1799 111.
883 1746 1084 1811 Quarta
1123 1746 1376 1801 revelatio
1411 1747 1463 1799 in
1499 1745 1832 1816 apparitione
1859 1745 1923 1800 ad
1955 1745 2140 1800 Iacob.
2240 1735 2282 1793 Β

2240 1735 2282 1793 Β
2381 1752 2505 1815 ρια¹.
2568 1746 2834 1816 Τέταρτος
2891 1747 3265 1816 χρηματισμὸς
3324 1749 3380 1798 ὲν
3433 1747 3661 1816 ὀπτασίᾳ
3714 1746 3859 1814 πρὸς

2308 1835 2516 1890 Ἰακώϐ.

733 1933 753 1982 1
776 1932 846 1983 12..
886 1931 1057 1984 Deest.

2377 1926 2503 1998 ριβ’.
2534 1929 2701 1982 Αείπ.

733 2027 852 2078 113.
879 2025 1007 2088 Quze
1041 2024 1104 2077 ad
1141 2024 1322 2076 Ruhen
1365 2032 1416 2077 et
1441 2023 1621 2075 Bnlam
1658 2031 1920 2091 spectant.

1910 2061 1920 2075 .
2377 2018 2496 2090 ριγ’.
2533 2020 2609 2069 Τὰ
2637 2019 2773 2072 κατὰ
2816 2019 3034 2089 Ῥουϐὶμ
3061 2020 3151 2073 καὶ
3190 2020 3284 2089 τὴν
3314 2019 3537 2072 Βάλλαν.

732 2117 850 2168 114.
885 2114 957 2170 De
986 2115 1293 2182 genealogia
1324 2114 1489 2166 Iacob
1521 2121 1573 2166 et
1605 2123 1775 2166 morte
1806 2113 1972 2167 Isaac.

2375 2113 2489 2180 ριδ’.
2531 2113 2660 2183 Περὶ
2688 2112 2782 2181 τῆς
2811 2113 3154 2180 γενεαλογίας
3181 2109 3392 2174 Ἰακὼϐ,
3421 2111 3512 2162 καὶ
3549 2108 3645 2178 τῆς
3667 2107 3856 2159 τελευ-

2301 2204 2396 2274 τῆς
2423 2205 2626 2256 Ἰσαάκ.

730 2295 846 2350 115.
902 2295 974 2350 De
1021 2294 1327 2364 geneaIOgia
1376 2293 1541 2360 Esau,
1571 2293 1786 2364 quando
1824 2293 1956 2346 abiit
1987 2307 2017 2346 e
2063 2300 2201 2347 terra

2373 2294 2488 2366 ριε’.
2524 2297 2654 2364 Περὶ
2699 2297 2800 2364 τῆς
2847 2295 3192 2364 γενεαλογίας
3223 2293 3417 2354 Ἠσαῦ.
3465 2293 3538 2355 ὡς
3579 2288 3858 2360 ἐπορεύθη

656 2385 911 2439 Chanaan
947 2394 1068 2437 ante
1103 2383 1290 2437 faciem
1315 2383 1500 2436 Iacob.

2301 2388 2363 2440 ἐκ
2395 2387 2495 2455 γῆς
2521 2386 2740 2439 Χαναὰν
2781 2387 2887 2439 ἀπὸ
2919 2385 3212 2456 προσώπου
3235 2383 3449 2436 Ἰακώϐ.

730 2476 852 2529 116.
888 2475 961 2529 De
994 2474 1076 2528 his
1109 2476 1199 2543 qui
1232 2482 1586 2543 regnaverunt
1613 2474 1666 2526 in
1700 2472 1889 2526 Edom.

2373 2474 2502 2545 ρις’.
2533 2477 2663 2546 Περὶ
2699 2479 2804 2531 τῶν
2839 2476 3264 2546 βασιλευσάντων
3288 2478 3343 2528 ὲν
3369 2473 3569 2542 Ἐδὼμ.

726 2567 846 2620 11⁸1,
881 2566 1008 2630 Quae
1046 2567 1109 2618 ad
1140 2566 1332 2633 Ioseph
1371 2577 1423 2617 et
1459 2564 1649 2618 fratres
1676 2564 1791 2633 ejus
1814 2564 2060 2619 attinent.

2374 2565 2494 2634 pnI'.
2526 2567 2604 2619 Τὰ
2635 2567 2772 2620 κατὰ
2811 2568 3026 2637 Ἰωσὴφ,
3059 2567 3302 2628 καὶτοὺς
3323 2565 3578 2632 ἀδελφοὺς
3605 2562 3786 2616 αὐτοῦ.

726 2656 845 2708 118.
877 2655 946 2707 De
977 2655 1201 2708 somniis
1241 2655 1456 2722 Ioseph.

2374 2665 2499 2726 ριη’.
2533 2659 2666 2727 Περὶ
2703 2659 2810 2711 τῶν
2837 2659 3099 2711 ἐνυπνίων
3137 2658 3354 2728 Ἰωσήφ.

728 2748 846 2798 119.
884 2745 956 2798 De
993 2745 1186 2813 Ioseph
1213 2744 1411 2797 emisso
1437 2743 1502 2797 ad
1528 2742 1720 2797 fratres
1754 2758 1900 2799 suos.

2373 2748 2492 2817 ριθ’.
2524 2751 2657 2818 Περὶ
2686 2749 2776 2801 τοῦ
2810 2750 3003 2820 Ἰωσὴφ
3047 2748 3503 2818 ἁποστελλομένου
3548 2749 3680 2820 πρὸς
3722 2748 3852 2810 τοὺς

2301 2841 2558 2906 ἀδελφοὺς
2592 2839 2774 2894 αὑτοῦ.

727 2926 843 2978 120.
876 2927 1002 2989 Ωιιτρ
1034 2925 1098 2976 ad
1137 2924 1325 2976 Iudam
1359 2932 1413 2977 et
1442 2936 1660 2977 uxorem
1691 2921 1808 2990 ejus
1849 2920 2040 2975 Savam
2073 2923 2197 2976 atti-

2375 2929 2473 2999 ρκ’.
2507 2931 2586 2983 Τὰ
2616 2931 2754 2983 κατὰ
2794 2929 2884 2982 τὸν
2910 2930 3131 2994 Ἰούδαν,
3162 2929 3254 2982 καὶ
3283 2928 3381 2998 τὴν
3414 2931 3643 2997 γυναῖκα
3682 2926 3850 2979 αὐτοῦ

658 3024 802 3066 nent.
1921 3105 1924 3106 ν
2229 3050 2269 3106 C
2304 3023 2501 3072 Σαυάν.

725 3109 841 3160 121.
879 3108 1006 3171 Qua:
1027 3109 1090 3161 ad
1118 3108 1351 3162 Thamar
1376 3117 1616 3177 spectant
1653 3115 1706 3160 et
1737 3107 1872 3160 filios
1907 3105 2063 3160 Iuda.
2244 3105 2250 3106 “

2244 3105 2250 3106 ⁷
2377 3109 2511 3178 ρκα’,
2545 3110 2626 3162 Τὰ
2649 3109 2790 3162 κατὰ
2817 3110 2912 3178 τὴν
2933 3110 3148 3181 Θάμαρ,
3180 3110 3275 3163 καὶ
3313 3111 3436 3172 τοὺς
3481 3109 3630 3171 υἱοὺς
3651 3107 3849 3160 Ἰούδα.

727 3198 845 3247 122.
879 3196 1006 3259 Quae
1037 3198 1102 3248 ad
1133 3196 1335 3251 Phares
1367 3208 1419 3251 et
1444 3196 1636 3249 Zaram
1663 3197 1910 3249 attinent.

2375 3202 2511 3270 ρκβ’.
2545 3201 2623 3254 Τὰ
2657 3203 2796 3254 κατὰ
2823 3203 2912 3254 τὸν
2942 3203 3135 3270 Φαρὲς,
3159 3203 3251 3255 καὶ
3283 3201 3372 3252 τὸν
3399 3203 3565 3270 Ζαρά.

729 3285 844 3335 125.
881 3285 1011 3347 Quae
1049 3287 1114 3338 ad
1147 3285 1338 3352 Ioseph
1378 3296 1606 3340 attinent
1641 3284 1916 3339 venditum
1950 3285 2001 3335 in
2035 3282 2202 3351 {Egy-

2375 3291 2509 3360 ρκγ’.
2537 3293 2616 3343 Τὰ
2643 3293 2781 3343 κατὰ
2811 3293 2898 3342 τὸν
2922 3292 3115 3360 Ἰωσὴφ
3146 3291 3417 3360 πραθέντα
3446 3292 3524 3353 είς
3549 3291 3844 3358 Αίγυπτον.

657 3383 821 3438 ptum.

730 3461 847 3512 121.
882 3462 955 3513 De
983 3461 1179 3529 Ioseph
1211 3471 1264 3515 et
1290 3461 1559 3531 Egyptia.

2376 3471 2503 3542 ρκδ’.
2545 3471 2678 3538 Περὶ
2707 3469 2798 3522 τοῦ
2832 3469 3025 3536 Ἰωσὴφ
3052 3471 3143 3520 καὶ
3173 3469 3265 3536 τῆς
3290 3469 3605 3534 Αἰγυπτίας.

727 3551 845 3602 125.
876 3549 946 3602 De
971 3551 1221 3619 pincerna
1253 3561 1304 3605 et
1344 3553 1565 3618 pistore.

2375 3560 2506 3631 ρκε⁹.
2545 3562 2675 3628 Περὶ
2699 3559 2788 3610 τοῦ
2817 3559 3201 3628 ἀρχιοινοχόου,
3232 3559 3324 3610 καὶ
3359 3558 3451 3611 τοῦ
3481 3560 3772 3612 σιτοποιοῦ.

729 3638 847 3689 126.
882 3638 956 3690 De
984 3639 1264 3703 natalitiis,
1293 3647 1345 3691 et
1375 3639 1599 3694 somniis
1625 3653 1745 3707 quae
1784 3639 1917 3693 vidit
1962 3637 2200 3702 Pharao;

2376 3658 2521 3722 ρκς¹.
2551 3653 2683 3719 Περὶ
2723 3651 2828 3701 τῶν
2866 3649 3164 3717 γενεθλίων,
3209 3649 3434 3700 καὶτῶν
3478 3650 3739 3702 ἐνυπνίων
3769 3644 3848 3702 ὧν

657 3740 709 3780 ct
738 3730 800 3781 de
835 3729 918 3781 his
950 3745 1067 3798 qua:
1090 3730 1397 3784 recordatus
1428 3740 1509 3784 est
1541 3732 1813 3799 pineerna.

2304 3738 2407 3793 εἶδε
2438 3742 2631 3808 Φαραώ
2655 3758 2666 3770 ·
2710 3742 2800 3793 καὶ
2831 3741 2954 3810 περὶ
2993 3734 3065 3793 ὧν
3100 3740 3288 3791 ἔλαϐεν
3329 3739 3491 3793 αὑτοῦ
3529 3743 3556 3793 ὀ
3580 3741 3849 3811 ἀρχιοινο-

2337 3835 2441 3895 60;.

732 3913 848 3966 127.
880 3912 1008 3977 Quae
1041 3913 1103 3965 ad
1129 3913 1458 3967 Pharaonem
1496 3925 1735 3982 spectant
1765 3927 1815 3971 et
1836 3915 2029 3986 Ioseph
2060 3918 2199 3972 circa
2301 3852 2359 3904 χο

2337 3852 2441 3895 00;.

2301 3852 2333 3904 χ
2373 3925 2507 3994 ρκζη
2534 3923 2613 3975 Τὰ
2666 3923 2801 3974 κατὰ
2852 3923 3066 3990 Φαραὼ,
3118 3922 3211 3974 καὶ
3272 3921 3360 3974 τὸν
3391 3922 3588 3992 Ἰωσὴφ
3644 3921 3729 3974 διὰ
3777 3922 3845 3974 τὰ

657 4006 859 4057 somnia
885 4003 1201 4055 Pharaonis.

2302 4018 2527 4068 ἐνύπνια
2557 4017 2622 4066 τὰ
2647 4018 2720 4066 Φα
2731 4015 2859 4083 ραώ.

759 4095 847 4146 28.
887 4092 958 4144 De
990 4092 1152 4159 spicis
1179 4101 1378 4157 septem
1416 4107 1677 4146 annorum
1705 4095 2064 4148 abundantiae.
2377 4127 2386 4173 ι

2377 4106 2514 4173 ρκη’.
2552 4106 2683 4172 Περὶ
2717 4106 2822 4156 τῶν
2863 4105 3185 4173 δραγμάτων
3226 4105 3330 4154 τῶν
3359 4102 3401 4166 ξ’
3445 4105 3579 4157 ἐτῶν
3618 4106 3716 4173 τῆς
3755 4107 3845 4157 εύ-

2304 4197 2508 4256 οηνίας.

2304 4213 2359 4247 υτ

732 4277 847 4326 129.
888 4274 958 4326 De
1013 4272 1275 4332 Manasse,
1328 4281 1379 4324 et
1431 4273 1708 4340 Ephraim,
1758 4276 1850 4342 qui
1910 4275 2015 4326 nati
2075 4285 2200 4329 sunt

2304 4213 2508 4263 υηνιας.

2377 4284 2514 4351 ρκθ’.
2559 4284 2687 4351 Περὶ
2723 4285 2982 4351 Μανασσῆ
3014 4287 3104 4334 καὶ
3134 4281 3391 4351 Ἐφρατμ,
3421 4285 3468 4334 οἳ
3495 4284 3736 4351 ἐγένοντο
3766 4285 3842 4352 τῷ

658 4364 851 4430 Ioseph
885 4373 1008 4415 ante
1036 4364 1290 4429 inopiam.
2233 4361 2272 4412 D

2233 4361 2272 4412 D
2304 4374 2499 4441 Ἰωσὴφ
2531 4375 2633 4441 πρὸ
2667 4375 2757 4425 τοῦ
2784 4374 2960 4440 λιμοῦ.

734 4454 850 4505 150.
883 4452 955 4505 De
988 4452 1366 4522 incipientibus
1398 4461 1597 4520 septem
1628 4455 1782 4507 annis
1811 4455 2022 4522 inopia}.

2379 4463 2472 4531 ρλ’.
2503 4463 2572 4514 Πε
2585 4462 2634 4528 ρὶ
2664 4463 2768 4513 τῶν
2798 4463 3111 4530 ἀρξαμένων
3139 4464 3185 4525 ζ’
3217 4465 3350 4515 ἐτῶν
3378 4464 3471 4517 τοῦ
3501 4465 3672 4533 λιμοῦ.

731 4542 847 4594 1'51.
880 4542 1006 4606 Qua:
1033 4542 1097 4596 ad
1125 4541 1316 4597 fratres
1344 4542 1538 4613 Ioseph
1563 4546 1787 4598 attinent
1819 4546 2202 4600 descendentes

2377 4551 2508 4619 ρλα’.
2535 4552 2614 4602 Τὰ
2645 4551 2782 4603 κατὰ
2825 4553 2948 4612 τοὺς
2985 4553 3238 4621 ἀδελφοὺς
3267 4555 3462 4625 Ἰωσὴφ
3505 4556 3841 4619 καταϐάντας

658 4632 708 4682 in
737 4629 1045 4700 Egyptum.

2303 4643 2383 4704 εἰς
2412 4642 2701 4708 Αἴγυπτον.

734 4723 851 4773 152.
891 4723 960 4775 De
990 4737 1236 4790 regressu
1268 4722 1494 4777 fratrum
1527 4724 1724 4794 Ioseph
1762 4735 1979 4796 propter
2007 4726 2197 4795 Benja-

2374 4732 2508 4799 ρλβ’.
2545 4733 2677 4799 Περὶ
2711 4734 2807 4801 τῆς
2843 4733 3097 4784 ἐπανόδου
3128 4733 3234 4787 τῶν
3268 4735 3505 4802 ἀδελφῶν
3535 4737 3726 4807 Ἰωσὴφ
3758 4741 3844 4792 διὰ

659 4809 791 4860 ιιιίιι.
2300 4821 2391 4872 τὸν
2420 4821 2690 4888 Βενιαμίν.

731 4899 850 4954 155,
883 4898 1011 4961 Qute
1040 4898 1104 4951 ad
1136 4899 1328 4953 fratres
1355 4898 1552 4967 Ioseph
1604 4910 1843 4968 spectant
1869 4901 2198 4956 descenden-

2375 4909 2506 4977 ρλγῖ
2539 4911 2618 4962 Τὰ
2649 4913 2786 4964 κατὰ
2814 4913 2940 4975 τοὺς
2981 4913 3236 4981 ἀδελφοὺς
3266 4916 3456 4984 Ἰωσὴφ
3505 4919 3844 4980 καταϐάντας

661 5001 739 5043 tes
769 4991 820 5042 in
857 4990 1144 5056 AIgyptum
1176 5004 1293 5041 cum
1327 4988 1622 5055 Benjamin.

2300 5000 2377 5058 είς
2402 5000 2672 5064 Αἴγυπτον
2701 5003 2836 5069 μετὰ
2874 5004 2968 5054 τοῦ
3002 4991 3277 5070 Βενιαμίν.

731 5079 999 5144 151.Qn:n
1049 5079 1111 5131 ad
1170 5080 1427 5147 scyphum
1480 5089 1788 5146 argenteum
1849 5091 2108 5149 spectant,
2147 5093 2199 5136 et

2371 5086 2497 5154 ρλδ’.
2531 5090 2608 5139 Τὰ
2663 5093 2796 5142 κατὰ
2842 5093 2900 5144 τὸ
2945 5094 3098 5146 κόνδυ
3146 5095 3205 5146 τὸ
3259 5097 3548 5166 ἀργυροῦν,
3606 5101 3699 5152 καὶ
3755 5102 3845 5151 τὸν

660 5171 930 5237 quomodo
959 5167 1160 5236 Ioseph
1185 5183 1243 5222 se
1275 5167 1366 5220 dat
1395 5169 1822 5236 agnoscendum.

1451 5169 1822 5236 moscendum.
2303 5173 2710 5246 ἀναγνωρισμὸν
2739 5181 2830 5231 τοῦ
2863 5182 3078 5253 Ἰωσήφ.

731 5260 850 5311 135.
886 5259 956 5312 De
1003 5259 1174 5312 reditu
1222 5256 1443 5310 fratrum
1495 5256 1690 5326 Ioseph
1732 5260 1796 5311 ad
1840 5261 2049 5314 illorum
2101 5280 2197 5333 pa-
2291 5286 2296 5291 -

2291 5286 2296 5291 ·
2375 5265 2497 5330 ρλε’.
2542 5268 2672 5335 Περὶ
2703 5270 2797 5336 τῆς
2836 5272 3093 5325 ἐπανόδου
3124 5275 3228 5326 τῶν
3252 5276 3492 5342 ἀδελφῶν
3522 5277 3613 5328 τοῦ
3641 5279 3839 5345 Ἰωσὴφ

660 5358 816 5402 trem.
2302 5353 2398 5420 τῆς
2433 5355 2519 5408 διὰ
2543 5359 2631 5409 τὸν
2661 5359 2866 5428 πατέρα
2897 5362 3095 5418 αὐτῶν.

732 5439 853 5489 136.
886 5437 960 5491 De
1014 5439 1274 5492 descensu
1325 5439 1491 5493 Iacob
1549 5442 1600 5492 in
1651 5439 1971 5508 {Egyptumz
2006 5442 2058 5494 in
2093 5457 2200 5510 quo

2373 5444 2512 5510 ρλς’.
2544 5448 2676 5515 Περὶ
2709 5450 2805 5517 τῆς
2837 5453 2915 5511 εἰς
2939 5452 3221 5520 -Αἴγυπτον
3251 5457 3598 5517 καταϐάσεως
3621 5456 3713 5507 τοῦ
3743 5456 3844 5507 Ἰα-

663 5527 846 5594 quinta
872 5530 1123 5583 revelatio
1147 5530 1283 5585 facta
1319 5542 1400 5587 est
1439 5533 1500 5587 ad
1531 5548 1651 5586 eum
1699 5535 1750 5586 in
1789 5534 1988 5588 visione
2026 5536 2197 5589 noctis

2301 5531 2414 5582 7.6.6
2438 5537 2494 5585 ὲν
2589 5539 2831 5605 πέμπτος
2875 5545 3248 5612 χρηματισμὸς
3277 5547 3485 5610 ἐγένετο
3513 5547 3643 5612 πρὸς
3683 5546 3843 5595 αὑτὸν

662 5616 727 5670 ad
757 5623 973 5682 puteum
1004 5617 1320 5674 Iuramenti.

2302 5625 2357 5673 ἐν
2379 5627 2612 5694 ὁράματι
2634 5631 2730 5699 τῆς
2760 5633 2949 5695 νυκτὸς
2967 5634 3022 5686 ἐν
3045 5635 3120 5703 τῷ
3146 5636 3334 5704 φρέατι
3358 5637 3446 5687 τοῦ
3472 5637 3695 5701 Ὅρκον.
