4138 6342
711 383 841 444 1047

773 499 861 550 30.
898 497 968 550 De
995 497 1117 552 [iliis
1146 499 1276 553 Dan.

775 588 862 639 5|.
899 586 968 639 De
995 585 1200 652 Levita,
1230 599 1284 645 et
1311 592 1428 660 ejus
1461 593 1785 648 concubina.

776 673 864 725 32.
902 674 971 728 Dc
1004 689 1130 729 sene
1158 678 1472 747 excipiente.

777 761 861 814 '55.
900 761 1189 818 Consilium
1229 767 1496 822 seniorum
1525 769 1592 823 de
1631 770 1769 824 tribu
1803 768 2102 838 Benjamin.

1393 388 1774 450 OPUSCULA
1812 393 2430 454 SCRIPTURISTICA
2471 398 2806 457 INCERT/E
2843 400 3146 463 ETATIS.

2271 524 2312 576 Α
2407 507 2471 561 λ’.
2499 509 2630 576 Περὶ
2658 510 2764 562 τῶν
2791 511 2922 564 υίῶν
2951 515 3076 566 Δάν.

3739 402 3886 465 1048

2416 596 2512 648 λα’.
2553 597 2683 664 Περὶ
2710 597 2805 649 τοῦ
2848 600 3094 662 Λευΐτου,
3127 604 3218 653 καὶ
3245 603 3338 667 τῆς
3380 601 3657 670 παλλακῆς
3689 606 3888 658 αὑτοῦ.

2412 684 2507 751 λβ’.
2543 688 2676 752 Περὶ
2701 687 2794 740 τοῦ
2827 689 3222 756 ὑποδεξαμένου
3262 691 3583 758 πρεσϐύτου.

2417 775 2512 841 λγ’.
2558 778 2731 848 Βουλὴ
2772 778 2880 832 τῶν
2939 781 3316 850 πρεσϐυτέρων
3366 783 3494 852 περὶ
3550 782 3649 851 τῆς
3704 782 3892 850 φυλῆς

2347 866 2619 920 Βενιαμίν.

1692 973 1838 1028 Libri
1871 974 2008 1027 Ruth
2036 975 2185 1028 nulla
2208 976 2391 1028 divino
2419 989 2647 1043 capitum
2671 987 2910 1047 apparet.

1245 1289 1338 1374 s.
1408 1286 2096 1376 SCRIPTUR/E
2171 1287 2630 1377 DIVISIO
2703 1290 2828 1376 IN
2902 1237 3374 1380 CAPIITA.

1629 1472 1720 1536 (Ex
1754 1474 1862 1523 cod.
1884 1486 1976 1524 me.
2003 1474 2168 1525 δωροιί
2199 1489 2261 1536 rt,
2285 1477 2508 1535 Battum,
2530 1475 2614 1526 lib.
2647 1477 2732 1526 cit.
2757 1490 2806 1538 p.
2833 1475 2963 1539 ιοι.)

1297 1772 1424 1827 GEN
1435 1771 1601 1839 ESIS,

2971 1779 3271 1835 ΓΕΝΕΣΙΣ.

773 1869 845 1920 De
883 1874 1142 1934 serpente.
1171 1864 1241 1917 De
1272 1862 1586 1917 fratricidio.
1612 1862 1750 1916 Anni
1776 1863 1966 1917 Adam.
1997 1863 2070 1918 De
2099 1879 2247 1919 arca.
2284 1867 2324 1920 Β

2284 1867 2324 1920 Β
2417 1863 2550 1932 Περὶ
2597 1863 2688 1915 τοῦ
2728 1864 2923 1931 ὄφεως.
2974 1869 3109 1936 Περὶ
3153 1871 3250 1936 τῆς
3288 1869 3715 1937 ἀδελφοκτονίας.
3750 1874 3899 1941 Ἔτη

722 1959 796 2012 De
824 1958 983 2010 turris
1009 1943 1374 2010 aedificatione.
1413 1951 1591 2007 Tertia
1623 1953 1687 2006 ad
1729 1955 1999 2009 Abraham
2054 1956 2258 2010 revela-

722 2050 816 2102 tio.
849 2047 920 2100 De
953 2047 1088 2102 bello
1122 2060 1307 2099 novem
1354 2058 1556 2111 regum.
1591 2043 1664 2096 De
1692 2045 1999 2112 captivitate
2037 2043 2155 2099 Lot.
2185 2044 2257 2100 De

721 2136 1088 2191 Melchisedec.
1123 2134 1320 2200 Quarta
1350 2133 1417 2186 ad
1458 2135 1727 2188 Abraham
1760 2135 2032 2189 revelatio.
2060 2135 2256 2189 Foedus

721 2242 841 2279 eum
866 2225 1154 2279 Abraham.
1169 2224 1297 2289 Quae
1320 2224 1382 2277 ad
1400 2223 1582 2276 Saram
1604 2232 1657 2276 et
1681 2225 1820 2290 Agar
1841 2232 2101 2292 spectant.
2124 2223 2256 2289 Quae

728 2315 869 2369 dicta
895 2325 1018 2369 sunt
1036 2314 1103 2367 ab
1127 2314 1316 2383 angelo
1358 2314 1516 2381 Agar.
1577 2310 1774 2367 Faadus
1818 2327 1940 2365 cum
1985 2314 2252 2367 Abraham

721 2408 788 2458 de
835 2405 1242 2459 circumcisione
1292 2410 1344 2456 et
1368 2401 1602 2455 nomine.
1658 2399 1953 2455 Promissio
1982 2401 2150 2456 Isaae.
2184 2401 2255 2455 De

724 2495 931 2548 lsmael.
981 2493 1053 2546 De
1095 2493 1428 2546 circumcisis
1478 2491 1546 2544 ab
1597 2491 1885 2543 Abraham.
1935 2490 2006 2544 De
2049 2490 2255 2545 visione

723 2583 858 2635 facta
890 2582 941 2634 in
971 2596 1168 2651 quercu
1238 2581 1469 2634 Mambre
1535 2579 1602 2632 ad
1655 2578 1942 2640 Abraham,
1975 2587 2025 2630 et
2055 2578 2119 2631 de
2141 2577 2255 2644 ejus

725 2670 1178 2740 hospitalitate.De
1199 2672 1352 2723 ruina
1377 2669 1637 2722 Sodomae.
1664 2668 1736 2720 De
1759 2667 2116 2734 hospitalitate
2133 2665 2252 2718 Lot.

725 2762 796 2815 De
816 2759 1058 2815 incendio
1074 2759 1335 2813 Sodomaa.
1359 2757 1429 2810 De
1450 2758 1655 2810 filiabus
1674 2755 1794 2809 Lot.
1853 2753 1976 2806 Inde
2014 2753 2254 2807 Moabita:

724 2862 776 2904 et
804 2849 1141 2902 Ammanitae.
1157 2847 1228 2902 De
1245 2847 1373 2900 Sara
1426 2854 1479 2898 et
1520 2845 1824 2898 Abimelech
1871 2857 1990 2909 rege
2019 2840 2250 2895 Geram.

723 2941 876 3006 Quod
897 2940 1150 3008 propheta
1177 2949 1256 2992 est
1273 2937 1559 2991 Abraham.
1578 2934 1652 2988 De
1667 2934 1925 3002 ejeCtione
1956 2933 2096 3001 Agar
2128 2946 2250 2986 cum

724 3032 830 3084 ﬁlio
853 3046 950 3084 suo
973 3028 1185 3084 lsmael.
1211 3028 1359 3093 Quod
1379 3027 1644 3079 Abraham
1677 3024 1896 3078 tentavit
1929 3023 2069 3078 Deus
2107 3024 2252 3079 circa

2369 1951 2556 2017 Ἀδάμ.
2586 1953 2716 2021 Περὶ
2743 1952 2840 2022 τῆς
2877 1953 3128 2006 κιϐωτοῦ.
3171 1955 3304 2024 Περὶ
3355 1956 3452 2024 τῆς
3505 1959 3901 2024 πυργοποιίας.

2355 2038 2407 2091 Γ¹
2440 2041 2813 2111 χρηματισμὸς
2864 2042 3126 2112 Ἀϐραάμ.
3162 2045 3292 2115 Περὶ
3356 2046 3448 2097 τοῦ
3499 2048 3735 2115 πολέμου
3780 2048 3902 2099 τῶν

2355 2130 2397 2181 θ’
2429 2130 2706 2197 βασιλέων.
2747 2132 2878 2200 Περὶ
2908 2135 3006 2202 τῆς
3044 2135 3410 2202 αἰχμαλωσίας
3443 2135 3534 2189 τοῦ
3571 2137 3721 2189 Λὼτ.
3754 2137 3904 2204 Περὶ

2353 2220 2700 2288 Μελχισεδέκ.
2726 2223 2778 2274 Δ⁸
2798 2223 3174 2290 χρηματισμὸς
3205 2224 3468 2293 Ἁϐραάμ.
3494 2225 3729 2294 Διαθήκη
3753 2226 3903 2294 πρὸς

2366 2309 2629 2380 Ἀϐραάμ.
2667 2309 2747 2363 Τὰ
2774 2314 2910 2365 κατά
2942 2313 3033 2380 τὴν
3074 2304 3285 2382 Σάρραν
3337 2317 3429 2368 καὶ
3453 2315 3548 2385 τὴν
3576 2318 3773 2386 Ἀγαρ.
3805 2317 3900 2369 Τὰ

2354 2400 2457 2453 ὑπὸ
2481 2399 2572 2452 τοῦ
2601 2401 2828 2470 ἀγγέλου
2857 2402 3114 2471 λεχθέντα
3146 2407 3208 2473 τῇ
3244 2404 3439 2474 Ἀγαρ.
3474 2406 3709 2475 Διαθήκη
3751 2405 3900 2474 πρὸς

2367 2489 2609 2558 Ἀϐραὰμ
2643 2493 2767 2559 περὶ
2814 2493 3108 2561 περιτομῆς
3157 2494 3250 2546 καὶ
3300 2495 3426 2564 περὶ
3469 2494 3558 2546 τοῦ
3604 2495 3892 2562 ὀνόματος.

2367 2577 2692 2644 Ἔπαγγελία
2716 2579 2915 2630 Ἰσαάκ.
2944 2581 3075 2650 Περὶ
3103 2581 3194 2633 τοῦ
3220 2582 3460 2652 Ἰσμαήλ.
3495 2583 3624 2650 Περὶ
3654 2583 3761 2634 τῶν
3789 2577 3914 2633 ’πε-⁸

2357 2665 2720 2734 ριτμηθέντων
2753 2669 2856 2718 ὑπὸ
2896 2668 3160 2737 Ἀϐραάμ.
3203 2672 3331 2740 Περὶ
3362 2672 3459 2738 τῆς
3496 2672 3757 2733 ὀπτασίας
3785 2671 3897 2739 τῆς

2353 2755 2643 2821 γενομένης
2676 2757 2730 2806 ὲν
2760 2759 2825 2825 τῇ
2853 2756 2967 2822 δρυῒ
2989 2760 3052 2825 τῇ
3078 2757 3316 2826 Μαμϐρῆ
3342 2758 3473 2824 πρὸς
3502 2757 3766 2826 Ἀϐραὰμ,
3794 2758 3900 2808 καὶ

2353 2843 2479 2910 περὶ
2511 2843 2608 2910 τῆς
2638 2843 2934 2910 ξενοδοχίας
2980 2842 3162 2894 αὑτοῦ.
3205 2845 3335 2914 Περὶ
3369 2845 3463 2912 τῆς
3510 2841 3900 2912 καταστροφῆς

2353 2931 2614 3001 Σοδόμων.
2657 2932 2790 3002 Περὶ
2822 2934 2916 3000 τῆς
2969 2930 3262 3000 ξενοδοχίας
3306 2932 3397 2984 τοῦ
3433 2931 3574 2984 Λώτ.
3608 2931 3740 3000 Περὶ
3790 2931 3900 2983 ’τθῦ

2353 3022 2699 3090 ἐμπυρισμοῦ
2725 3023 2987 3090 Σοδόμων.
3019 3023 3088 3074 ﬂe
3100 3024 3149 3092 ρὶ
3170 3023 3272 3074 τῶν
3302 3022 3611 3091 θυγατέρων
3630 3022 3722 3075 τοῦ
3743 3021 3895 3076 Λώτ.

722 3121 868 3173 Isaac
904 3120 1067 3172 [ilium
1098 3121 1235 3188 ejus.
1256 3116 1672 3171 AnniSarze107
1721 3117 1864 3184 (sic).
1914 3116 2049 3168 Anni
2082 3115 2252 3170 Abra-

2356 3115 2543 3168 Ἕνθεν
2567 3117 2845 3168 Μωαϐῖται
2878 3117 2969 3170 καὶ
2998 3116 3346 3184 Ἀμμωνῖται.
3379 3119 3509 3186 Περὶ
3547 3121 3645 3188 τῆς
3674 3117 3899 3187 Σάρρας

723 3211 842 3262 ham
865 3211 978 3262 175.
1004 3209 1073 3261 De
1092 3209 1256 3263 scala.
1284 3209 1354 3262 De
1381 3207 1594 3276 Joseph.
1627 3206 1762 3258 Anni
1795 3204 1978 3258 Jacob.
2073 3253 2075 3256 I
2287 3197 2328 3253 C

2287 3197 2328 3253 C
2366 3205 2460 3255 καὶ
2486 3205 2576 3256 τοῦ
2608 3205 2892 3273 Ἀϐιμέλεχ
2921 3204 3177 3271 βασιλέως
3208 3207 3479 3275 Γεράρων.
3509 3206 3630 3257 Ὅτι
3673 3205 3897 3275 προφή-

722 3317 816 3366 της
841 3303 867 3350 ὁ
895 3299 1159 3366 Ἀϐραάμ.
1194 3298 1325 3366 Περὶ
1366 3297 1462 3362 τῆς
1510 3295 1729 3361 ἐκϐολῆς
1765 3296 1939 3360 ’Λγαρ
1979 3291 2111 3361 μετά
2157 3292 2248 3342 τοῦ
2288 3291 2404 3343 υίοῦ
2467 3293 2634 3360 αὐτῆς
2694 3295 2936 3362 Ἰσμαήλ.
2970 3296 3096 3346 Ὀτε
3136 3295 3224 3346 τὸν
3264 3295 3508 3365 Ἀϐραὰμ
3551 3295 3901 3363 ἐπείραζενᾶ

722 3392 850 3451 Θεὸς
885 3391 1004 3454 περὶ
1048 3389 1231 3440 Ἰσαάκ
1254 3388 1344 3439 τοῦ
1373 3387 1489 3439 υἱοῦ
1522 3387 1702 3438 αὐτοῦ.
1743 3369 1873 3452 Ἔὲη
1920 3385 2014 3448 τῆς
2051 3383 2264 3451 Σάρρας
2292 3384 2368 3451 ρξ’
2418 3385 2559 3452 (sic).
2596 3385 2728 3452 Ἔτη
2764 3384 2854 3436 τοῦ
2889 3385 3134 3454 ’Λϐραὰμ
3166 3384 3287 3453 ροι’.
3317 3387 3450 3454 Περὶ
3476 3388 3569 3454 τῆς
3599 3386 3892 3456 κλίμακος.

727 3485 855 3549 Περὶ
884 3482 974 3533 τοῦ
1004 3481 1218 3548 Ἰωσήφ.
1253 3481 1383 3546 Ἔτη
1417 3478 1632 3529 Ἰακώϐ.

1337 3567 1624 3622 ΕΧΟΟυὸ.

1614 3608 1624 3620 _
2983 3566 3248 3620 ΕΞυΔοΣ.

794 3662 866 3716 De
895 3660 1041 3714 rubo.
1078 3659 1275 3714 Nomen
1309 3659 1418 3713 Dei.
1452 3659 1523 3712 De
1541 3659 1708 3726 virga.
1743 3657 1810 3710 De
1842 3657 2026 3725 angelo
2049 3658 2255 3724 volente

2430 3656 2559 3725 Περι
2587 3658 2681 3725 τῆς
2716 3655 2894 3724 βάτου.
2933 3658 3135 3724 Ὅνομα
3167 3657 3318 3712 Θεοῦ.
3366 3659 3497 3728 Περὶ
3530 3658 3628 3727 τῆς
3665 3659 3890 3729 ῥάϐδου.

724 3752 963 3806 occidere
994 3749 1210 3818 Moysen
1245 3750 1296 3802 in
1339 3750 1543 3802 itinere.
1577 3749 1615 3801 Ι.
1653 3747 1724 3800 De
1752 3747 1894 3816 virga
1923 3762 2177 3800 conversa
2199 3748 2251 3800 in

2361 3747 2492 3814 Περὶ
2519 3745 2607 3798 τοῦ
2637 3748 2863 3813 ἀγγέλου
2890 3747 2982 3799 τοῦ
3022 3749 3348 3818 ζητήσαντος
3387 3752 3697 3803 ἀποκτεῖναι
3723 3753 3893 3804 Μωῦ-

723 3845 1026 3896 Ilraconem.
1050 3839 1112 3894 ll.
1165 3841 1313 3909 Aqua
1334 3839 1383 3892 in
1417 3838 1748 3908 sanguinem.
1773 3837 1940 3906 prima
1965 3837 2133 3904 plaga.
2155 3834 2246 3888 Ill.

2360 3836 2456 3906 σῆν
2487 3839 2543 3889 ὲν
2565 3839 2626 3906 τῇ
2661 3836 2782 3906 ὸδῷ.
2817 3836 2892 3892 A'.
2935 3837 3069 3906 Περὶ
3099 3839 3195 3906 τῆς
3226 3840 3418 3908 ῥάϐδου
3469 3840 3564 3909 τῆς
3618 3841 3893 3911 μεταϐλη-

724 3933 796 3986 De
820 3933 980 3986 ranis.
1023 3929 1214 3988 lV.De
1263 3929 1535 3996 sciniphis.
1569 3926 1629 3982 V.
1687 3929 1758 3981 De
1819 3925 2124 3981 musca.Vl.
2176 3924 2249 3979 De
2354 3932 2358 3971 ε

2354 3927 2535 3996 θείσης
2562 3930 2638 3990 εἰς
2667 3928 2950 3995 δράκοντα.
2994 3929 3066 3982 B'.
3098 3930 3168 3982 Τὸ
3200 3928 3340 4000 ὕδωρ
3385 3933 3462 3994 είς
3498 3927 3657 4000 αἷμα,
3691 3931 3887 4003 πρώτη

722 4032 890 4077 morte
932 4037 1201 4089 pecorum.
1229 4020 1332 4074 Vll.
1368 4019 1917 4075 Deulceribus..\’lll.
1974 4017 2044 4071 Dc
2093 4032 2250 4086 gran-
2352 4040 2356 4064 ι

2352 4019 2406 4070 δὲ
2429 4019 2626 4086 πληγή.
2660 4017 2867 4087 Γ¹.Περὶ
2889 4019 2994 4071 τῶν
3017 4020 3312 4088 βατράχων.
3340 4021 3410 4074 A'.
3444 4022 3572 4089 Περὶ
3598 4023 3703 4074 τῶν
3734 4039 3889 4074 σκνι-

720 4113 862 4163 dine.
887 4111 973 4162 IX.
1004 4110 1071 4162 De
1092 4110 1314 4162 locusta.
1344 4107 1408 4161 Χ.
1434 4107 1507 4160 De
1526 4109 1754 4161 tenebris
1772 4107 2135 4173 palpabilibus.
2159 4103 2249 4158 XI.
2353 4136 2354 4143 η

2353 4109 2484 4172 φῶν.
2510 4108 2580 4158 Ε’.
2615 4108 2747 4175 Περὶ
2774 4108 2869 4172 τῆς
2889 4108 3178 4176 κυνομύης.
3206 4112 3292 4174 (τ’.
3331 4111 3462 4184 Περί⁷
3489 4111 3724 4178 θνήσεως
3749 4129 3890 4181 κτη-

723 4200 797 4251 De
830 4207 999 4250 morte
1030 4197 1523 4264 primogenitorum.
1557 4193 1629 4245 De
1659 4193 1881 4246 Pascha.
1941 4193 2249 4245 Annicom-
2350 4215 2357 4234 ε

2350 4198 2474 4250 νῶν.
2503 4195 2576 4250 Ζ’.
2619 4198 2751 4263 Περὶ
2774 4199 2868 4265 τῆς
2908 4198 3148 4267 αἱθάλης.
3184 4198 3263 4253 H’.
3300 4201 3430 4269 Περὶ
3481 4201 3576 4267 τῆς
3619 4203 3885 4269 χαλάζης.

722 4285 1036 4340 morationis
1113 4284 1338 4335 filiorum
1391 4281 1550 4334 Israel
1594 4280 1714 4332 450.
1767 4279 1840 4330 De
1883 4278 2252 4332 submersione
2349 4295 2356 4331 ι

2349 4286 2424 4338 Θν.
2459 4287 2593 4356 Περὶ
2627 4290 2724 4355 τῆς
2759 4289 2993 4356 ἀκρίδος.
3021 4288 3076 4341 1’.
3115 4290 3244 4360 Περὶ
3278 4290 3370 4342 τοῦ
3399 4291 3713 4360 ψηλαφητοῦ
3753 4293 3888 4343 σκό-

724 4373 1038 4426 Pharaonis.
1069 4371 1140 4422 De
1190 4371 1458 4423 coturnice
1486 4378 1540 4422 et
1567 4383 1778 4422 manna.
1810 4368 1882 4421 De
1906 4369 2144 4422 Amalec.
2176 4367 2250 4421 De
2348 4394 2358 4409 ι

2348 4393 2492 4438 τους.
2526 4376 2623 4429 IA'.
2654 4379 2786 4447 Περὶ
2809 4379 3061 4448 τελευτῆς
3088 4380 3194 4433 τῶν
3226 4383 3594 4452 πρωτοτόκων.
3633 4383 3766 4452 Περὶ
3785 4382 3887 4435 τοῦ

724 4463 927 4515 Jothor.
961 4459 1031 4513 De
1047 4449 1434 4512 'distributione
1462 4458 1785 4511 tabernaculi
1814 4459 1955 4522 quod
1985 4457 2247 4511 exstruxit
2272 4470 2325 4529 Ῑ)
2353 4466 2358 4516 1

2272 4470 2325 4529 Ι)
2353 4466 2556 4533 Πάσχα.
2589 4467 2719 4535 Ἐτη
2767 4471 3050 4536 παροικίας
3079 4471 3206 4524 υίῶν
3238 4449 3447 4542 Ἰσραὴλ
3486 4473 3582 4526 υλ’.
3614 4449 3746 4542 Περὶ
3783 4473 3883 4526 τοῦ

728 4551 948 4618 Moyses.
981 4550 1050 4603 De
1090 4549 1351 4603 rationali.
1390 4548 1462 4601 De
1479 4557 1765 4612 unguento.
1801 4547 1870 4601 De
1901 4549 2050 4600 vituli
2094 4547 2255 4601 fabri-

727 4639 949 4693 catione.
979 4637 1049 4693 De
1079 4639 1292 4693 tabulis.
1332 4637 1404 4693 De
1449 4639 1694 4693 secundis
1749 4639 1958 4694 tabulis.
1992 4638 2064 4690 De
2116 4640 2250 4692 velo.

729 4730 798 4782 lle
831 4731 1072 4784 Beseleel.

2356 4555 2647 4622 ποντισμοῦ
2673 4557 2883 4626 Φαραώ.
2918 4560 3046 4629 Περὶ
3077 4562 3175 4627 τῆς
3199 4563 3627 4632 ὀρτυγομήτρας,
3666 4563 3756 4614 καὶ⁵
3781 4559 3884 4614 τοῦ

2358 4645 2482 4710 μάν.
2508 4645 2637 4713 Περὶ
2659 4645 2919 4715 Ἀμαλήκ.
2950 4650 3081 4719 Περὶ
3109 4649 3291 4721 Ἰοθόρ.
3320 4653 3448 4720 Περὶ
3467 4651 3563 4718 τῆς
3590 4651 3887 4715 διατάξεως

2354 4733 2449 4799 τῆς
2475 4735 2691 4801 σκηνῆς,
2732 4730 2798 4803 ἧς
2848 4736 3012 4801 ἔπηξε
3062 4739 3314 4806 Μωῦσῆς.
3354 4740 3484 4808 Περὶ
3510 4739 3601 4790 τοῦ
3645 4738 3884 4804 λογείου.

725 4822 857 4886 Περὶ
880 4820 970 4872 τοῦ
1011 4821 1198 4887 μύρου.
1237 4819 1368 4886 Περὶ
1421 4820 1518 4887 τῆς
1544 4817 1925 4888 ’μοσχοποιίας.
1969 4819 2098 4885 Περὶ
2139 4819 2245 4870 τῶν
2284 4818 2520 4874 πλακών.
2556 4822 2685 4888 Περὶ
2753 4822 2858 4874 τῶν
2903 4824 3120 4873 πλακῶν
3181 4823 3288 4875 τῶν
3321 4823 3598 4892 δευτέρων.
3625 4822 3758 4892 Περὶ
3786 4821 3887 4875 τοῦ

724 4909 1090 4978 καλύμματος.
1125 4909 1257 4976 Περὶ
1285 4905 1562 4973 Βεσελεήλ.

1292 4998 1670 5052 ιεγιτιουδ.

789 5109 862 5162 De
887 5108 1014 5160 sale.
1040 5105 1435 5159 Holocaustum.
1487 5105 1559 5156 De
1604 5105 1786 5157 Nadab
1835 5116 1886 5157 et
1917 5107 2113 5160 Ahiud.
2175 5109 2247 5163 De

721 5200 835 5267 lege
867 5212 1117 5267 pet-orum
1145 5199 1462 5249 mundorum
1482 5205 1531 5247 et
1550 5195 1966 5249 immundorum.
1990 5198 2060 5250 De
2090 5201 2251 5268 lepra.

721 5285 792 5337 De
819 5287 1156 5354 gonorrhtea.

1336 5370 1614 5424 NUMERI.

793 5475 1053 5532 Numerus
1082 5477 1407 5532 Levitarum.
1459 5477 1722 5534 Numerus
1780 5480 2250 5550 primogenitorum

726 5568 1101 5622 masculorum.
1155 5571 1226 5623 Dc
1262 5573 1537 5640 zelotypia.
1569 5570 1669 5623 Lex
1705 5571 2025 5624 voventium.
2061 5573 2130 5627 De
2159 5576 2250 5627 Ile-

2918 5002 3306 5055 ΛΕΥΙΤΙΚΟΝ.

2425 5115 2558 5181 Περὶ
2586 5113 2678 5166 τοῦ
2717 5112 2926 5172 ἆλατος.
2965 5111 3382 5178 Ὀλοκάρπωσις.
3413 5112 3546 5180 Περὶ
3573 5111 3758 5166 Ναδὰϐ
3785 5114 3886 5165 καὶ
3965 5167 3968 5173 ,

2353 5205 2581 5257 Ἀϐιούδ.
2615 5205 2745 5271 Περὶ
2773 5204 2934 5269 νόμου
2973 5202 3179 5270 κτηνῶν
3212 5202 3463 5270 καθαρῶν
3506 5206 3597 5254 καὶ
3641 5203 3888 5274 ἀκαθάρ-

2352 5313 2477 5348 των.
2513 5297 2646 5365 Περὶ
2673 5295 2893 5361 λέπρας.
2927 5293 3057 5359 Περὶ
3090 5279 3428 5362 γονορρυοῦς.

2959 5379 3257 5432 ΑΡΙΘΜΟΙ.

2429 5488 2674 5556 Ἀριθμὺς
2701 5486 2807 5538 τῶν
2837 5485 3093 5537 Λευῖτῶν.
3120 5485 3370 5556 Ἀριθμὸς
3394 5486 3498 5539 τῶν
3530 5485 3882 5555 πρωτοτόκων

2347 5577 2452 5628 τῶν
2479 5576 2794 5646 ἀρσενικῶν.
2822 5574 2950 5644 Περὶ
2978 5576 3320 5642 ζηλοτυπίας.
3345 5577 3521 5644 Νόμος
3547 5572 3879 5641 εὐξαμένων.

729 5655 988 5731 dicatione
1039 5660 1382 5715 tabernaculi.
1438 5661 1743 5715 Purilicutio
1789 5661 2108 5717 Levitarum.
2165 5667 2237 5718 De
2346 5666 2363 5715 l

2346 5665 2591 5732 Περὶτοῦ
2618 5665 2963 5733 ὲγκαινισμοῦ
3003 5665 3096 5734 τῆς
3141 5669 3361 5736 σκηνῆς.
3403 5662 3724 5731 Ἀφανισμδς
3771 5661 3877 5714 τῶν
