4138 6342
249 358 383 422 1049

1210 362 1676 422 OCTATEUCIII
1721 363 2001 423 DIVISIO
2043 365 2122 422 IN
2156 365 2442 422 CAPITA.

3293 360 3425 422 1050

245 465 500 520 Λευιτῶν.
534 468 666 537 Περὶ
719 468 808 521 τοῦ
856 468 1166 537 γογγυσμοῦ
1210 468 1317 521 τῶν
1364 465 1496 520 υίῶν
1550 470 1778 539 Ἰσραήλ.
1812 478 1845 533 Α

1854 474 2307 531 {murmuratione
2362 472 2596 532 liliorum
2647 471 2829 524 Israel.
2866 471 2937 524 De
2990 469 3422 537 concupiscentia

244 554 378 621 Περὶ
406 556 501 623 τῆς
527 556 813 624 ἐπιθυμίας
849 556 956 610 τῶν
985 558 1177 627 κρεῶν.
1204 557 1337 625 Περὶ
1362 561 1456 626 τῆς
1477 560 1781 629 ὀρτυγομή-

241 658 397 711 τρας.
427 644 558 712 Περὶ
599 646 815 715 Μαρίας
842 646 934 698 καὶ
974 646 1178 714 Ἀαρὼν
1222 646 1594 713 γογγυζόντων
1643 649 1781 700 κατὰ

242 732 470 801 Μωῦσῆ.
502 734 622 786 Ὀτι
650 735 825 803 Δύσῆς
856 737 1050 803 ἥκουεν
1096 736 1285 805 πρώην
1318 737 1521 805 Ἰησοῦς
1550 740 1576 789 ὁ
1603 739 1780 807 Ναυή.

244 821 379 890 Περὶ
417 822 509 875 τοῦ
567 825 876 892 εὑρεθέντος
923 826 1261 891 συλλέγοντος
1305 827 1454 891 ξύλα.
1505 829 1637 895 Περὶ
1676 828 1782 880 τῶν

245 912 584 981 κρασπέδων.
624 916 757 982 Περὶ
796 916 969 967 Δαθὰν
997 916 1087 967 καὶ
1113 916 1390 985 ,Ἀϐηρὼν.
1428 918 1558 986 Περὶ
1616 919 1783 969 ἁπτο-

248 1002 422 1070 μένων
449 1004 663 1073 νεκροῦ.
697 1004 927 1075 Τελευτὴ
972 1006 1218 1075 Μαριάμ.
1251 1007 1383 1073 Περὶ
1416 1008 1514 1075 τῆς
1556 1008 1781 1077 πέτρας.

244 1091 477 1160 Τιλιυτὴ
518 1090 742 1161 Ἀαρών.
794 1093 926 1161 Περὶ
971 1094 1061 1145 τοῦ
1101 1093 1297 1163 χαλκοῦ
1345 1094 1537 1160 ὄφεως.
1594 1090 1785 1165 ’ᾼσμα

244 1178 483 1247 Ἰσραήλ.
524 1178 657 1247 Περὶ
687 1178 778 1231 τοῦ
813 1181 1051 1249 μάντεως
1090 1182 1332 1250 Βαλαάμ.
1364 1182 1499 1251 Περὶ
1536 1183 1632 1249 τῆς
1662 1184 1782 1236 ὄνου

242 1268 337 1335 τῆς
363 1268 687 1336 λαλησάσης.
734 1268 865 1338 Περὶ
898 1269 990 1321 τοῦ
1039 1270 1196 1339 ζήλου
1243 1274 1446 1335 Φινεές.
1482 1274 1785 1341 Παράταξις

243 1356 458 1425 Ἰσραὴλ
497 1358 628 1425 πρὸς
658 1358 879 1427 Μαδιάμ
912 1360 1003 1411 κα)⁵
1028 1360 1248 1430 ἐκλογή.
1284 1362 1417 1431 Περὶ
1458 1362 1553 1429 τῆς
1579 1362 1787 1431 Ἀαρὼν

242 1444 493 1513 τελευτῆς
525 1447 581 1498 ὲν
610 1448 709 1515 μιᾷ
731 1446 821 1499 τοῦ
843 1447 1176 1515 Αὐγούστου.

691 1568 1277 1627 ΔΕΥΤΕΡΟΝΟΜΙΟΝ.

310 1671 392 1723 Τὰ
418 1671 608 1739 θεμιτὰ
628 1674 818 1742 κτήνη.
837 1676 928 1733 ,Τά
959 1676 1213 1744 ἀθέμιτα.
1242 1679 1374 1749 Περὶ
1404 1680 1617 1749 ἰχθύων.
1652 1684 1786 1753 Περὶ

1881 560 2141 612 carnium.
2175 558 2247 612 De
2275 558 2569 611 coturnice.
2598 557 2670 610 De
2702 558 2867 610 Maria
2898 566 2951 611 et
2978 558 3159 613 Aaron
3180 571 3423 610 murmu-

1882 649 2127 702 rantibus
2158 656 2345 701 contra
2370 647 2603 716 Moysen.
2632 646 2782 710 Quod
2808 646 2911 699 Ose
2949 647 3239 699 vocabatur
3256 660 3425 713 nuper

1880 738 2222 792 Iosue'ﬁlius
2251 734 2413 790 Nave.
2467 736 2539 789 De
2592 738 2806 789 invento
2873 737 3089 790 homine
3143 738 3425 805 colligente

1883 826 2044 894 ligno.
2083 826 2156 879 De
2203 826 2453 879 llmbriis.
2482 824 2551 878 De
2601 824 2807 877 Dathan
2859 825 3154 879 etAbiron.
3213 826 3287 879 De
3308 834 3425 879 tan-

1881 916 2127 982 gentibus
2162 926 2451 968 mortuum.
2500 914 2641 967 Mors
2700 913 2893 965 Mariae.
2932 912 3004 965 De
3061 923 3225 980 petra.
3282 914 3426 969 Mors

1884 1008 2086 1059 Aaron.
2121 1004 2192 1057 De
2212 1017 2457 1072 serpente
2480 1019 2647 1058 aeneo.
2666 1003 2941 1056 Canticum
2962 1001 3139 1056 Israel.
3161 1002 3235 1057 De
3255 1005 3425 1057 ariolo

1883 1095 2115 1149 Balaam.
2154 1095 2223 1149 De
2253 1096 2402 1148 asina
2436 1095 2631 1147 locuta.
2667 1094 2739 1145 De
2769 1092 2880 1146 zelo
2906 1090 3154 1153 Phinees,
3180 1093 3423 1145 recensio

1881 1186 2042 1238 Israel
2079 1185 2229 1252 juxta
2276 1184 2507 1251 Madian,
2535 1192 2588 1238 et
2635 1184 2872 1239 selectio.
2921 1181 2995 1237 De
3027 1189 3201 1237 morte
3238 1184 3416 1236 Aaron

1885 1276 2052 1342 prima
2083 1274 2169 1328 die
2190 1272 2438 1341 Augusti.

2372 1574 2973 1630 DEUTERONOMlUM.

1955 1680 2165 1750 Legalia
2192 1695 2402 1750 pecora.
2428 1680 2679 1749 Illegalia.
2717 1680 2787 1734 De
2804 1681 3060 1749 piscibus.
3087 1680 3159 1733 De
3186 1680 3421 1733 volucri-

243 1762 519 1849 πετεινῶν.
556 1762 651 1813 Διά
677 1764 727 1814 τί
760 1763 941 1833 ἄζυμα
972 1764 1218 1834 ὥρισται.
1254 1770 1497 1835 Εὑλογία.
1531 1773 1771 1840 Κατάρα.
1806 1796 1845 1849 Β

1882 1771 2001 1825 bus.
2061 1772 2169 1824 Cur
2241 1786 2426 1841 azyma
2500 1771 2808 1838 praescripta
2898 1780 3040 1825 sunt.
3094 1770 3419 1823 Benedictio.

254 1848 373 1918 ᾨδὴ
397 1848 442 1918 β’
462 1853 757 1915 Μωῦσέως.
792 1854 1018 1923 Εὑλογία
1037 1857 1333 1921 Μωῦσέως.
1356 1859 1485 1929 Ἐτη
1511 1862 1782 1925 Μωῦσέως

245 1938 287 2008 ρ’
318 1940 408 1993 καὶ
437 1937 506 1993 κ’.

747 2052 992 2107 1ΗΣΟΥΣ
1019 2056 1059 2105 Ο
1090 2054 1301 2108 ΝΔΥΗ.

307 2171 443 2239 Περὶ
482 2171 650 2225 Ῥαὰϐ
672 2176 769 2242 τῆς
807 2175 1027 2244 πόρνης.
1064 2178 1195 2245 Περὶ
1233 2178 1327 2247 τῆς
1353 2181 1651 2243 διαϐάσεως
1683 2181 1781 2251 τῆς

1884 1861 2198 1913 Maledictio.
2222 1859 2503 1913 Canticum
2537 1861 2827 1914 secundum
2862 1859 3079 1927 Moysis.
3117 1860 3423 1915 Benedictio

1880 1949 2096 2018 Moysis.
2130 1948 2267 2000 Anni
2300 1946 2495 2016 Moysis
2524 1959 2734 2000 centum
2760 1958 2812 2000 et
2842 1948 3051 2015 viginti.

2304 2053 2513 2108 JOSUE
2541 2052 2756 2106 FILIUS
2804 2054 2889 2106 NA
2902 2052 3006 2105 VE.

1950 2179 2025 2234 De
2050 2179 2198 2233 Raab
2237 2179 2535 2232 meretrice.
2571 2178 2643 2231 De
2675 2178 2897 2229 transitu
2920 2191 3056 2229 arcze
3072 2191 3165 2245 per
3198 2174 3416 2228 ﬂuvium

243 2260 468 2311 κιϐωτοῦ
499 2262 557 2311 έν
576 2260 653 2329 τῷ
687 2262 921 2333 Ἰορδάνῃ
950 2265 1191 2335 ποταμῷ.
1229 2266 1360 2335 Περὶ
1382 2268 1487 2318 τῶν
1511 2270 1774 2337 πετρίνων

1877 2270 2188 2344 Iordanem.
2225 2270 2297 2322 De
2331 2267 2554 2334 lapideis
2575 2267 2782 2321 cultris.
2833 2265 2903 2317 De
2925 2273 3211 2333 apparente
3256 2263 3420 2318 Iosue

246 2348 541 2419 μαχαιρῶν.
596 2350 725 2419 Περὶ
751 2352 842 2403 τοῦ
878 2352 1130 2420 ὀφθέντος
1156 2355 1231 2422 τῷ
1275 2355 1445 2423 Ἰησοῦ
1474 2359 1528 2407 ἐν
1567 2357 1773 2428 Ἰεριχὼ

1878 2362 2199 2430 archangclo
2269 2361 2318 2412 in
2362 2358 2595 2412 Iericho.
2668 2357 2738 2410 De
2784 2357 2951 2410 muris
2997 2355 3227 2418 Iericho,
3276 2356 3417 2410 etde

243 2439 597 2505 ἀρχαγγέλου.
648 2441 783 2511 Περὶ
833 2442 939 2494 τῶν
982 2442 1173 2511 τειχῶν
1232 2443 1468 2512 Ἰεριχὼ,
1514 2445 1609 2498 καὶ
1652 2446 1780 2516 περὶ

1878 2451 2026 2504 ltaab
2059 2451 2359 2503 meretrice.
2398 2450 2469 2502 De
2496 2448 2637 2500 l'urto
2659 2447 2851 2501 Achar.
2879 2446 2950 2499 De
2981 2445 3098 2499 Gai.
3134 2444 3204 2499 De
3233 2444 3419 2498 fraude

253 2526 415 2578 Ῥαὰϐ
446 2527 544 2596 τῆς
571 2530 791 2599 πόρνης.
825 2532 957 2600 Περὶ
980 2530 1071 2583 τοῦ
1094 2534 1385 2603 νοσφισμοῦ
1419 2536 1608 2604 Ἀχαρ.
1645 2537 1777 2608 Περὶ

1872 2542 2316 2596 Gabaonitarum.
2362 2539 2433 2591 De
2467 2540 2703 2606 quinque
2758 2539 2971 2601 regibus
3018 2535 3414 2589 Iebuszeorum.

241 2618 332 2685 τῆς
366 2616 485 2669 Γαῖ.
544 2617 679 2689 Περὶ
727 2620 824 2688 τῆς
875 2620 1200 2690 πανουργίας
1243 2622 1351 2674 τῶν
1398 2623 1771 2679 Γαϐαιιινιτῶν.

1871 2629 2098 2694 Quando
2135 2629 2285 2681 stetit
2341 2624 2496 2681 sol'et
2542 2628 2663 2679 luna
2705 2627 2856 2693 jussu
2910 2624 3089 2677 Iosue.
3118 2624 3189 2678 De
3240 2623 3417 2678 Iabin.

243 2706 370 2774 Περὶ
411 2706 517 2759 τῶν
574 2707 731 2762 πέντε
783 2710 1044 2777 βασιλέων
1090 2712 1196 2765 τῶν
1255 2714 1606 2767 Ἰεϐουσαίων.
1647 2716 1773 2769 Ὅτε

1869 2714 2019 2778 Quod
2058 2714 2267 2767 Balaam
2309 2714 2502 2765 occidit
2530 2713 2709 2766 Israel.
2776 2712 2847 2765 De
2903 2714 3078 2777 altari,
3158 2714 3301 2782 quod
3325 2727 3418 2765 ex-

242 2797 365 2866 έστη
399 2800 426 2849 ὁ
450 2796 597 2868 ἥλιος
640 2798 794 2869 καὶὴ
827 2798 1022 2870 σελήνη
1058 2803 1148 2855 ἐπὶ
1188 2804 1382 2873 Ἰησοῦ.
1419 2807 1550 2872 Περὶ
1588 2805 1767 2857 Ἰαϐίν.

1869 2813 2181 2857 struxerunt
2211 2803 2300 2871 lilii
2326 2802 2435 2856 Gad
2466 2812 2519 2856 ct
2560 2803 2646 2853 ﬁlii
2690 2800 2896 2855 Ruben.

244 2891 356 2941 Ὀτι
395 2891 484 2943 τὸν
524 2892 749 2964 Βαλαὰμ
806 2894 1121 2949 ἀπέκτεινεν
1192 2897 1427 2966 Ἰσραήλ.
1498 2899 1635 2966 Περὶ⁵
1682 2898 1772 2951 τοῦ
1808 2896 1989 2966 βωμοῦ
2032 2888 2094 2946 οῦ
2124 2894 2382 2961 ἐποίησαν
2425 2894 2473 2944 οἱ
2538 2892 2640 2943 υἱοὶ
2693 2890 2828 2955 Γὰδ,
2864 2891 2957 2943 καὶ
3001 2890 3048 2941 οἱ
3105 2890 3210 2942 υίοὶ
3267 2890 3417 2941 Ῥου-

242 2981 338 3033 ϐίν.

875 3093 1126 3145 KPI'I‘AI.

305 3215 436 3283 Περὶ
468 3216 558 3268 τοῦ
609 3216 975 3283 κλαυθμῶνος.
1011 3217 1141 3284 Περὶ
1172 3216 1407 3278 δουλείας
1452 3217 1662 3285 Ἰσραὴλ
1692 3218 1768 3285 τῷ

242 3305 652 3373 Χουσαρσαθών.
687 3307 818 3375 Περὶ
859 3306 1094 3367 δουλείας
1148 3306 1358 3375 Ἰσραὴλ
1404 3306 1479 3375 τῷ
1534 3308 1765 3373 Αἰγλῶν.

244 3396 367 3466 Περὶ
410 3395 561 3449 ’Δώδ.
606 3398 737 3466 Περὶ
768 3397 1069 3466 Δεϐϐώρας.
1101 3396 1233 3468 Περὶ
1269 3397 1359 3449 τοῦ
1390 3398 1679 3460 πασσάλου,
1714 3401 1769 3449 ὲν

241 3476 281 3548 ᾦ
310 3483 624 3550 πεφόνευται
668 3485 890 3552 Σισάρα.
938 3484 1059 3553 ’ῼδὴ
1100 3483 1505 3552 εὐχαριστήριος
1562 3479 1770 3533 Δεϐϐώ-

244 3590 333 3641 ρας
363 3573 454 3625 καὶ
489 3574 693 3641 Βαράκ.
748 3574 876 3642 Περὶ
920 3572 1159 3641 Μαδιάμ.
1208 3572 1340 3641 Περὶ
1386 3570 1604 3623 Γεδεών.
1637 3568 1769 3637 Περὶ

242 3661 326 3711 τοῦ
370 3660 535 3712 πόκου
582 3661 805 3713 Γεδεών.
848 3663 970 3713 Ὀτι
1013 3661 1105 3713 καὶ
1167 3659 1442 3728 Ἶεροϐἁαλ
1489 3660 1715 3726 ἤκουσεν
1742 3661 1769 3711 ὁ

242 3752 455 3804 Γεδεών.
490 3752 729 3821 ὐραμα.
773 3752 957 3813 Λύσις.
986 3753 1120 3820 Περὶ
1161 3750 1325 3804 Ζεϐεὲ
1357 3752 1449 3802 καὶ
1493 3751 1765 3815 Σαλμανά.

241 3836 467 3904 Τελευτὴ
495 3836 714 3888 Γεδεών.
739 3838 869 3906 Περὶ
910 3836 1211 3904 Ἀϐιμέλεχ.
1242 3836 1547 3903 Παραϐολή.
1585 3839 1769 3897 Ὅπως

243 3928 529 3991 πεφόνευκε
545 3926 681 3996 γυνὴ
711 3927 949 3995 κόμματι
974 3916 1143 3994 μύλου
1174 3926 1262 3977 τὸν
1301 3925 1604 3993 Ἀϐιμέλεχ.
1635 3926 1767 3993 Περὶ

243 4016 406 4069 Θωλά.
442 4018 573 4084 Περὶ
603 4016 757 4087 Ἰατρ.
783 4019 913 4087 Περὶ
945 4017 1167 4083 Ἰεφθάε.
1195 4017 1324 4085 Περὶ
1357 4016 1605 4069 Ἐσεϐών.
1635 4016 1768 4085 Περὶ

252 4104 437 4175 Ἐδώμ.
486 4107 617 4176 Περὶ
662 4106 898 4161 Λαϐδὼν.
935 4108 1067 4175 Περὶ
1095 4106 1306 4161 Μανωέ.
1342 4108 1471 4175 Περὶ
1513 4105 1765 4174 Σαμψών.

244 4196 370 4265 Περὶ
398 4196 491 4248 τοῦ
535 4196 765 4259 λέοντος.
803 4196 936 4267 Περὶ
984 4197 1090 4249 τῶν
1136 4197 1445 4259 ἀλωπέκων,
1480 4198 1535 4248 ὲν
1565 4192 1649 4258 αἶς
1688 4197 1769 4247 ὲν-

240 4286 439 4356 έπρησε
465 4288 531 4339 τὰ
559 4287 843 4356 δράγματα
876 4288 981 4339 τῶν
1013 4288 1317 4354 ἀλλοφύλων
1345 4288 1598 4357 Σαμψών.
1636 4288 1768 4357 Περὶ

240 4379 328 4443 τῆς
380 4378 620 4442 σιαγόνος
662 4379 718 4428 ἐν
761 4372 793 4449 ᾖ
859 4378 1119 4437 ἐπάταξεν
1178 4395 1227 4440 ,α
1272 4378 1483 4447 ἄνδρας.
1536 4377 1769 4445 Τελευτὴ
1800 4433 1845 4485 D

244 4463 484 4531 Σαμψών.
523 4466 657 4533 Περὶ
688 4467 957 4536 Σεμίγαρ.
995 4466 1125 4533 Περὶ
1154 4466 1320 4534 Μιχά.

2511 3085 2803 3141 IUDICES.

1940 3218 2014 3271 De
2046 3217 2167 3271 loco
2217 3216 2392 3268 lletus.
2426 3213 2499 3267 De
2523 3213 2778 3266 servitute
2808 3209 2970 3263 Israel
3018 3210 3117 3264 sub
3161 3210 3419 3264 Gusarsa—

1869 3311 2019 3363 thon.
2055 3309 2127 3361 De
2187 3306 2439 3361 servitute
2470 3303 2633 3358 Israel
2668 3302 2769 3358 sub
2803 3301 3015 3369 Eglon.
3062 3301 3135 3353 De
3164 3301 3297 3353 Aod.
3346 3300 3417 3354 De

1870 3399 2096 3453 Debora.
2127 3396 2220 3464 LDe
2249 3398 2402 3450 clavo
2438 3409 2667 3463 quocum
2695 3394 2907 3447 occisus
2934 3400 3016 3445 est
3038 3391 3241 3444 Sisara.
3272 3390 3415 3443 Can-

1854 3491 2034 3542 -ticum
2079 3488 2369 3556 gratiarum
2431 3486 2649 3537 Debom
2705 3493 2756 3535 et
2804 3483 3028 3535 Baraeh.
3069 3481 3140 3532 De
3187 3481 3415 3533 Madian.

1873 3577 1943 3630 De
1998 3576 2234 3629 Gedeon.
2292 3575 2363 3628 De
2425 3574 2619 3627 vellere
2683 3572 2917 3625 Gedeou.
2961 3570 3113 3635 Quod
3171 3568 3415 3623 Ierobaal

1875 3668 2036 3719 etiam
2075 3668 2365 3718 vocabatur
2402 3664 2636 3717 Gedeon.
2688 3661 2849 3715 Visio.
2887 3660 3278 3727 luterpretatio.
3342 3659 3415 3710 De

1867 3754 2038 3807 Zehee
2090 3764 2141 3805 et
2169 3754 2435 3804 Salmana.
2471 3751 2612 3803 Mors
2668 3752 2899 3803 Gedeou.
2958 3748 3027 3799 De
3078 3745 3404 3798 Abimelech.

1867 3841 2145 3894 Parabola.
2180 3840 2456 3903 Quomodo
2494 3839 2691 3890 occidit
2733 3838 2925 3889 mulier
2965 3834 3269 3888 Abimelech
3300 3832 3411 3885 Ira-

1869 3937 2085 3998 gmento
2117 3928 2289 3981 molae.
2332 3927 2403 3978 De
2430 3924 2618 3977 Thola.
2658 3924 2729 3977 De
2787 3921 2919 3975 Iair.
2983 3920 3055 3973 De
3078 3919 3283 3987 Iephte.
3341 3918 3412 3972 De

1868 4020 2095 4073 Esebon.
2130 4018 2203 4070 De
2272 4016 2458 4070 Edom.
2511 4014 2581 4067 De
2647 4013 2890 4067 Labdon.
2953 4014 3023 4065 De
3071 4011 3281 4064 Manoe.
3337 4009 3413 4062 De

1871 4111 2122 4163 Samson.
2162 4109 2231 4160 De
2258 4109 2430 4161 leone.
2452 4105 2526 4160 De
2553 4106 2799 4175 vulpibus
2839 4104 3157 4172 quibuscum
3203 4115 3414 4154 crema—

1868 4201 1943 4251 vit
1972 4198 2200 4252 Samson
2235 4200 2413 4267 spicas
2437 4198 2880 4267 alienigenarum.
2918 4197 2989 4248 De
3017 4194 3229 4247 maxilla
3284 4206 3415 4258 qua-

1870 4306 1988 4344 cum
2018 4292 2269 4343 maetavit
2295 4290 2439 4345 mille
2463 4291 2631 4343 viros.
2665 4286 2807 4342 Mors
2846 4288 3091 4341 Samson.
3151 4283 3222 4336 De
3258 4280 3409 4334 Sem-

1874 4396 1985 4449 gar.
2019 4379 2094 4434 De
2123 4380 2314 4434 Micha.

1715 4558 1912 4609 ΡΟΥΘ.

1412 4668 1601 4736 (Nulla
1652 4676 1970 4725 adnotantur
1997 4673 2215 4738 capita.)

756 4803 1107 4857 ΒΛΣΙΛΕΙΩΝ
1145 4801 1222 4855 Α’.

305 4928 574 4997 Προσευχὴ
626 4930 837 4997 ’Λννης.
891 4928 1009 4996 ᾮδὴ
1042 4928 1257 4991 Ἀννης.
1302 4925 1437 4995 Περὶ
1486 4926 1592 4975 τῶν
1631 4924 1761 4976 υἱῶν

255 5017 380 5069 Ἦλί.
411 5018 541 5085 Περὶ
569 5019 666 5085 τῆς
703 5019 977 5079 νουθεσίας
1010 5018 1142 5070 Ἥλί.
1184 5017 1315 5084 Περὶ
1346 5015 1445 5082 τῆς
1474 5015 1761 5084 γενομένης

244 5107 362 5173 πρὸς
396 5107 644 5173 Σαμουὴλ
677 5108 877 5174 φωνῆς.
912 5110 1043 5175 Περὶ
1091 5109 1185 5175 τῆς
1233 5104 1493 5165 κιϐωτοῦ,
1542 5107 1634 5156 καὶ
1667 5104 1760 5155 τοῦ

244 5193 453 5245 θανάτου
486 5193 591 5243 τῶν
638 5193 681 5260 β’
725 5197 851 5246 υἱῶν
899 5196 1031 5247 Ἥλί.
1077 5195 1208 5262 Περὶ
1239 5194 1329 5245 τοῦ
1379 5194 1561 5255 τέλους
1619 5193 1756 5245 Ἦλί.

244 5283 363 5349 Περὶ
386 5284 480 5347 τῆς
507 5283 671 5350 ἥττης
706 5285 808 5335 τῶν
844 5270 1166 5353 ἀλλοφύλων.
1202 5286 1331 5353 Περὶ
1363 5284 1468 5335 τῶν
1502 5284 1629 5334 υίῶν
1656 5285 1759 5334 Σα-

246 5373 419 5439 μουήλ.
472 5371 600 5438 Περὶ
627 5372 716 5423 τοῦ
760 5373 965 5442 Ἰσραὴλ
1010 5376 1293 5427 αἰτούντων
1350 5372 1586 5441 βασιλέα.
1626 5373 1759 5443 Περὶ

242 5454 305 5513 ὧν
331 5460 715 5529 διεμαρτύρατο
732 5462 975 5530 Σαμουὴλ
1002 5467 1110 5525 τοῖς
1132 5467 1261 5525 υἱοῖς
1279 5464 1511 5531 Ἰσραὴλ,
1538 5464 1756 5531 ζητοῦσι

245 5552 358 5617 παρ’
378 5550 534 5603 αὑτοῦ
563 5549 799 5618 βασιλέα.
825 5552 953 5615 Περὶ
978 5553 1142 5605 Σαοὺλ
1164 5553 1208 5604 α’
1228 5554 1481 5621 βασιλέως
1522 5553 1754 5621 Ἰσραήλ.

246 5642 363 5705 Περὶ
402 5645 497 5710 τῆς
544 5642 678 5707 ἀρᾶς
738 5636 798 5708 ἧς
836 5641 1071 5708 ἠράσατο
1120 5646 1285 5695 Σαοὺλ
1338 5646 1411 5713 τῷ
1442 5646 1571 5713 λαῷ.
1627 5646 1751 5696 "Ore

2439 4799 2810 4855 REGNORUM
2840 4800 2882 4857 I.

1925 4928 2108 4982 Oratio
2136 4927 2324 4980 Annae.
2352 4926 2630 4981 Canticum
2676 4930 2865 4982 Annae.
2913 4928 2985 4981 De
3022 4926 3143 4982 [iliis
3173 4926 3307 4981 Heli.
3338 4926 3406 4979 De

1861 5020 2224 5071 admonitione
2254 5017 2388 5070 lieli.
2409 5017 2484 5070 De
2501 5017 2635 5071 facta
2656 5034 2783 5072 voce
2811 5021 2876 5071 ad
2899 5017 3134 5071 Samuel.
3165 5016 3234 5066 De
3256 5028 3400 5071 arca.

1860 5118 1913 5162 et
1943 5118 2111 5159 morte
2154 5108 2379 5161 duorum
2439 5108 2667 5161 liliorum
2702 5108 2836 5161 Heli.
2876 5107 2949 5159 De
3011 5108 3110 5159 Iiuc
3161 5103 3295 5156 Ilcli.
3332 5101 3402 5153 De

1871 5198 2235 5249 humiliatione
2266 5197 2701 5264 alienigenarum.
2758 5196 2829 5248 De
2885 5194 3004 5245 ﬁliis
3058 5189 3294 5242 Samuel.
3331 5189 3401 5240 De

1870 5289 1992 5341 liliis
2020 5288 2181 5340 Israel
2208 5290 2508 5355 petentibus
2545 5302 2740 5355 regem.
2777 5286 2845 5337 De
2875 5284 2956 5334 his
2986 5284 3103 5347 qua:
3132 5288 3399 5332 contesta-

1869 5386 1955 5429 tus
1979 5386 2057 5429 est
2085 5376 2301 5430 Samuel
2330 5378 2451 5429 liliis
2500 5375 2661 5428 Israel
2692 5374 2759 5424 ab
2784 5386 2849 5422 eo
2873 5385 3045 5437 regem
3076 5370 3398 5446 petentibus.

1868 5464 1941 5518 De
1966 5464 2092 5517 Saul
2126 5466 2297 5533 primo
2331 5480 2451 5531 rege
2499 5459 2768 5515 lsrael.De
2813 5458 3182 5511 maledictioue
3209 5474 3310 5527 qua
3343 5476 3399 5514 se

1866 5556 2153 5607 obstrinxit
2186 5556 2311 5607 Saul
2356 5566 2534 5605 coram
2585 5547 2794 5615 populo.
2853 5545 3078 5610 Quando
3134 5550 3397 5602 recensuit

1864 5647 1987 5700 Saul
2005 5649 2067 5700 ad
2092 5646 2319 5699 Amalec.
2343 5643 2412 5695 De
2438 5640 2591 5697 David
2609 5638 2714 5691 lilio
2742 5637 2907 5692 Iesse.
2943 5639 3012 5693 De
3034 5640 3240 5694 Goliath
3268 5641 3395 5695 alie-
