4138 6342
689 248 818 311 1051

1377 257 1756 317 OPUSCULA
1788 257 2405 320 SCRIPTURISTICA
2449 262 2784 321 INCERTJE
2819 264 3127 323 .ETATIS.

3722 263 3863 327 1052

685 359 896 426 ttigena.
927 358 998 410 De
1024 355 1206 414 Nabal.
1247 361 1318 415 De
1343 365 1545 433 Ahigai.
1573 367 1641 418 De
1666 366 1857 419 SauIct
1888 367 2218 435 pytltouissa.
2248 379 2295 436 Λ

2392 371 2659 438 ιρετάξατο
2691 368 2859 423 Σαοὺλ
2893 373 3029 438 πρὸς
3069 371 3335 440 Ἀμαλήκ,
3390 371 3521 438 Περὶ
3552 372 3712 424 Δαϐὶδ
3737 373 3862 425 υίοῧ

687 443 761 497 De
797 447 1127 501 Amalccitis.
1162 451 1231 501 De
1260 450 1384 505 Saul
1417 466 1466 505 et
1503 465 1682 508 ntonte
1724 455 1936 510 Gchoe.

2338 459 2550 513 Ἰεσσαί.
2588 461 2717 530 Περὶ
2762 461 2950 514 Γολιάο
2999 459 3092 512 τοῦ
3120 461 3432 526 ἀλλοφύλου.
3464 461 3596 529 Περὶ
3646 462 3859 514 Νάϐαλ.

687 533 820 600 Περὶ
859 534 1153 601 Ἀϐιγαίας.
1184 541 1314 608 Περὶ
1335 543 1502 594 Σαοὺλ
1525 543 1736 611 καὶτῆς
1761 546 2215 615 ἑγγαστριμὺθου.
2256 548 2389 616 Περὶ
2421 550 2525 601 τῶν
2582 550 2974 619 Ἀμαληκιτῶν.
3034 550 3164 620 Περὶ
3227 548 3398 601 Σαοὺλ
3444 549 3537 600 καὶ
3565 550 3655 602 τοῦ
3698 550 3862 611 δοους

689 621 752 674 Γε
760 625 935 678 λϐουέ.

1222 737 1590 794 REGNURUM
1623 741 1686 796 II.

2851 750 3205 803 ΒΑΣΙΛΕῘΩΝ
3235 748 3308 802 B'.

758 841 1002 898 Planctus
1036 847 1193 900 David
1226 864 1388 916 super
1416 848 1540 903 Saul
1566 859 1618 903 et
1659 848 1964 906 Ionatham.
2003 855 2129 917 Qua:
2159 856 2223 908 ad

687 926 822 982 Jnah
872 941 922 986 et
973 935 1152 988 Abner
1202 946 1466 1004 spectant.
1525 937 1778 994 Planctus
1857 942 2017 994 David
2065 961 2228 1011 super

2392 926 2614 1001 υὲίϐκαὶ
2674 949 2951 1017 ’Δϐεννήρ.
2988 948 3191 1019 Θρῆνος
3231 947 3391 1000 Δαϐὶδ
3430 949 3524 1000 ἐπὶ
3575 949 3862 1016 Ἀϐεννήρ.

687 1021 880 1075 Aliner.
912 1023 1375 1082 Deoccidentihns
1421 1029 1660 1084 Ishosctlt
1711 1031 1761 1083 in
1803 1032 1938 1085 lecto
1987 1034 2121 1101 ejus.
2156 1034 2226 1088 De

2392 1040 2456 1106 :pt
2477 1038 2584 1090 τῶν
2612 1040 3044 1092 ἀποκτεινάντων
3082 1039 3304 1091 Ἰεϐοσοὲ
3335 1039 3427 1091 ἐπὶ
3452 1039 3636 1105 κλίνης
3669 1037 3861 1091 αὑτοῦ.

687 1116 823 1165 arca'
865 1112 1093 1175 Domini.
1124 1124 1178 1169 et
1209 1117 1274 1172 de
1307 1117 1494 1170 Dzatb.
1525 1120 1598 1173 De
1638 1119 1879 1174 Melchol.
1932 1123 2002 1176 De
2054 1125 2219 1177 verho

2392 1127 2459 1192 ερὶ
2495 1126 2590 1193 τῆς
2633 1126 2861 1178 κιϐωτοῦ
2913 1127 3138 1194 Κυρίου,
3188 1127 3433 1196 καὶπερὶ
3486 1127 3667 1190 Ὀξάθ.
3723 1128 3865 1194 Περὶ

689 1199 894 1255 Domini
926 1204 989 1256 ad
1025 1203 1252 1282 Nathan.
1301 1207 1485 1261 Oratio
1515 1210 1694 1262 David.
1729 1210 1802 1263 De
1859 1211 2114 1266 Adrazar.
2149 1213 2221 1267 De

2392 1213 2554 1281 ελχόλ.
2593 1213 2725 1283 Περὶ
2752 1214 2844 1266 τοῦ
2869 1217 3106 1282 ῥήματος
3141 1214 3338 1284 Κυρίου
3371 1215 3464 1268 τοῦ
3491 1215 3624 1285 πρὸς
3655 1217 3865 1268 Ναοάν.

686 1287 1058 1374 inpbibozeth.
1141 1296 1213 1346 De
1260 1295 1475 1348 Annon.
1548 1298 1674 1362 Quae
1739 1298 1804 1350 ad
1861 1298 2126 1353 Bersabee
2169 1313 2222 1355 et

2392 1303 2604 1370 οοσευςςὴ
2629 1303 2805 1355 Δαϐίδ.
2837 1303 2968 1371 Περὶ
3006 1305 3289 1374 Ἀδραζάρ.
3322 1306 3459 1374 Περὶ
3490 1305 3865 1373 Μεμφιϐοσοέ.

604 1410 608 1412 -
692 1373 871 1430 Uriam
908 1392 1171 1447 spectant.
1222 1382 1292 1435 De
1321 1383 1530 1436 Nathan
1561 1396 1849 1439 accusante
1876 1387 2057 1443 David.
2086 1391 2224 1441 etde

2392 1395 2463 1462 ερὶ
2510 1393 2723 1445 ’Δν-ιών.
2768 1394 2847 1444 Τὰ
2904 1396 3028 1464 περὶ
3056 1395 3321 1463 Βερσαϐεὲ
3350 1373 3441 1448 καὶ
3471 1396 3692 1464 Οὐρίαν.
3729 1394 3872 1464 Περὶ

691 1465 851 1517 minis
890 1465 980 1518 Dei
1029 1469 1302 1533 parabola.
1351 1467 1481 1532 Qua:
1532 1471 1594 1522 ad
1626 1473 1835 1523 Amnon
1885 1482 1934 1524 et
1994 1473 2227 1527 Thamar

2392 1481 2516 1531 ιθὰν
2547 1479 2854 1547 ἐλέγχοντος
2883 1481 2972 1532 τὸν
2997 1480 3178 1540 Δαϐὶδ,
3220 1483 3313 1533 καὶ
3342 1482 3469 1549 περὶ
3493 1482 3588 1546 τῆς
3612 1480 3702 1531 τοῦ
3731 1477 3872 1530 Θεοῦ

689 1563 948 1619 spectant.
980 1555 1105 1619 Quae
1134 1556 1200 1608 ad
1229 1556 1474 1610 Absalom
1498 1569 1550 1611 et
1571 1562 1776 1612 Amnon
1809 1571 2068 1627 spectant.
2097 1564 2227 1626 Qua:

2392 1569 2551 1636 εειλῆς
2586 1572 2881 1640 παραϐολή.
2914 1573 2993 1624 Τά
3024 1574 3149 1640 περὶ
3183 1571 3389 1640 Ἀμνὼν
3414 1573 3506 1623 καὶ
3538 1571 3753 1639 Θάμαρ.
3788 1570 3875 1621 τά

2392 860 2596 928 Θρῆνος
2628 859 2788 912 Δαϐἶδ
2832 860 2922 912 ἐπὶ
2955 860 3123 911 Σαοὺλ
3176 862 3266 910 καὶ
3322 858 3586 912 Ἰωνάοαν.
3619 860 3698 910 Τά
3731 860 3863 925 περὶ
3952 906 3953 909 η

689 1643 755 1696 ad
791 1644 1068 1699 mulierem
1099 1645 1465 1701 Thecuitidem
1505 1657 1770 1716 spectant.
1814 1650 1884 1703 De
1925 1652 2225 1717 pulchritu—

2335 1659 2458 1725 περὶ
2524 1659 2836 1725 ’Ᾱϐεσαλὼμ
2867 1660 2959 1711 καὶ
2988 1661 3214 1725 Ἀμνὼν.
3234 1661 3313 1712 Τὰ
3344 1661 3589 1729 περὶτῆς
3612 1660 3876 1726 γυναικὸς

687 1733 811 1787 dine
840 1734 1114 1788 Absalom.
1145 1737 1217 1790 De
1246 1746 1424 1805 segete
1449 1753 1608 1806 quam
1638 1739 1934 1793 combussit
1960 1742 2233 1795 Absalom.
2267 1754 2306 1810 Β

2392 1765 2430 1814 ις
2451 1747 2788 1808 Θεκωῗτιδος.
2817 1749 2949 1816 Περὶ
2981 1748 3072 1799 τοῦ
3100 1749 3320 1809 κάλλους
3367 1749 3696 1816 Ἀϐεσαλώμ.
3733 1749 3877 1815 Περὶ

690 1824 763 1877 De
793 1825 952 1877 David
990 1825 1222 1894 fugiente
1253 1842 1280 1879 a
1318 1827 1452 1882 facie
1471 1824 1740 1882 Absalom.
1786 1829 1856 1882 De
1894 1829 2090 1885 Semei.
2121 1831 2234 1886 Ila-

687 1914 920 1968 Iedictio.
952 1914 1024 1968 De
1061 1917 1299 1972 consiliis
1343 1919 1656 1987 Achitophel
1682 1920 1747 1972 ad
1783 1920 2060 1973 Absalnm.
2088 1920 2233 1975 Con-

687 2005 864 2058 silium
895 2005 1086 2060 Chusi.
1113 2007 1264 2060 Finis
1297 2009 1635 2078 Achitopbel.
1677 2008 1753 2081 De
1781 2009 1919 2062 bello
1958 2011 2229 2073 Ahsalom,

685 2105 739 2150 et
776 2105 942 2150 morte
970 2098 1252 2165 ejus,etde
1277 2100 1528 2153 columna
1580 2114 1742 2168 quam
1802 2099 1904 2152 sibi
1961 2113 2227 2155 erexerat.

687 2187 937 2242 Planctus
955 2188 1138 2243 David.
1157 2189 1227 2242 De
1253 2189 1426 2243 Semei
1458 2190 1712 2244 secundo.
1738 2189 1811 2243 De
1837 2187 2227 2257 Miphiboseth.

689 2277 761 2329 De
795 2278 977 2331 decem
1010 2279 1350 2333 concubinis.
1394 2278 1467 2332 De
1495 2279 1712 2331 Amasa.
1755 2278 1828 2332 De
1891 2279 2115 2333 muliere
2144 2295 2231 2334 sa-

687 2367 887 2433 piente,
922 2376 974 2420 et
1040 2368 1105 2420 de
1139 2367 1332 2422 Sabee.
1388 2369 1460 2422 De
1516 2367 1677 2422 fame.
1716 2368 1786 2422 De
1816 2369 2074 2439 petitione
2127 2369 2232 2422 Ga-

685 2456 1044 2511 baonitarum.
1084 2458 1158 2511 De
1183 2455 1351 2513 Jesbi.
1382 2459 1663 2513 Canticum
1700 2459 1881 2512 David.
1915 2459 2064 2514 Finis
2101 2475 2232 2514 cau-

689 2548 799 2600 tiei.
841 2547 911 2602 De
952 2544 1114 2602 David
1143 2564 1334 2619 aquam
1369 2551 1638 2619 cupiente.
1666 2550 1738 2603 De
1764 2549 2074 2604 fortitudine
2128 2550 2226 2604 Ba-

687 2639 834 2690 naia.
871 2637 941 2693 De
991 2640 1398 2694 enumeratione
1451 2640 1684 2694 ﬁliorum
1743 2638 1907 2694 Israel
1986 2648 2039 2694 et
2071 2639 2229 2694 Iuda.

688 2711 762 2776 E‘x
802 2725 961 2778 Israel
992 2726 1116 2791 800,
1141 2726 1266 2791 000,
1291 2743 1353 2781 ex
1383 2726 1518 2781 Juda
1561 2727 1686 2792 500,
1705 2725 1828 2781 000.
1875 2726 1947 2781 De
1971 2726 2058 2782 his
2112 2742 2233 2795 qua:

686 2817 820 2871 dixit
877 2817 989 2870 Gad
1039 2819 1222 2872 David.
1288 2818 1621 2888 Responsum
1691 2816 1876 2870 David.
1935 2816 2008 2870 De
2062 2827 2232 2872 morte

689 2906 773 2967 70.
805 2908 908 2962 000
940 2911 1197 2964 virorum.
1254 2909 1326 2964 De
1382 2911 1700 2966 Jerusalem.
1735 2908 1808 2962 De
1855 2906 2015 2961 altari
2085 2908 2229 2977 quod

685 2998 948 3052 exstruxit
978 2999 1162 3053 David.

2333 1837 2429 1905 τῆς
2481 1837 2692 1904 μερίδος
2721 1832 2787 1906 ἦς
2825 1838 3129 1905 ἐνέπρησεν
3174 1837 3506 1904 Ἀϐεσαλὼμ.
3541 1838 3673 1905 Περὶ
3705 1837 3879 1887 Δαϐὶδ

2332 1925 2810 1993 ἀποδιδράσκοντος
2864 1924 2970 1976 ἀπὸ
3023 1924 3308 1989 προσώπου
3365 1923 3701 1991 ’Λϐεσαλῶμ
3734 1925 3877 1992 Περὶ

2331 2016 2512 2083 Σεμεῖ.
2556 2015 2705 2085 Ἀρά.
2752 2016 2882 2085 Περὶ
2914 2015 3022 2068 τῶν
3057 2015 3256 2083 βουλῶν
3302 2015 3580 2084 Ἀχιτόφελ
3603 2015 3679 2084 τῷ
3720 2015 3880 2067 Ἀϐε-

2333 2105 2538 2175 σαλώμ.
2599 2107 2898 2175 Συμϐουλία
2938 2108 3132 2161 τΧουσί.
3185 2108 3347 2171 Τέλος
3397 2107 3491 2160 τοῦ
3564 2107 3874 2176 ’Λχιτὸφελο

2332 2195 2465 2267 Περὶ
2496 2195 2588 2248 τοῦ
2619 2196 2850 2264 πολέμου
2891 2197 3223 2266 ’Λϐεσαλὼμ,
3256 2198 3348 2250 καὶ
3379 2196 3470 2249 τοῦ
3513 2197 3738 2251 θανάτου
3767 2197 3879 2249 αὖα

2327 2283 2444 2344 τοῦ.
2473 2285 2566 2337 καὶ
2602 2285 2726 2350 περὶ
2761 2287 2856 2351 τῆς
2879 2286 3075 2354 στήλης
3104 2285 3264 2338 αὑτοῦ
3291 2280 3358 2356 ἧς
3389 2285 3629 2353 ἔστησεν.
3662 2286 3877 2353 Θρῆνος

2331 2373 2490 2425 Δαϐλδ
2529 2375 2654 2440 περὶ
2701 2373 2862 2440 Σεμεῖ
2887 2374 2944 2424 τὸ
2984 2373 3250 2442 δεύτερον.
3305 2374 3442 2440 Περὶ
3489 2374 3873 2440 Μεμφιϐοσϐἐ.

2330 2463 2464 2528 Περὶ
2511 2461 2616 2512 τῶν
2657 2469 2684 2512 ι’
2715 2461 3020 2514 παλλακῶν.
3073 2463 3203 2529 Περὶ
3257 2463 3532 2530 Ἀμεσσαί.
3593 2465 3724 2532 Περὶ
3766 2465 3875 2530 τῆς

2329 2549 2582 2616 γυναικὸς
2609 2550 2708 2616 τῆς
2735 2551 2919 2617 σοφῆς,
2940 2551 3031 2600 καὶ
3066 2567 3128 2601 πε
3139 2551 3189 2616 ρὶ
3212 2550 3395 2602 Σαϐεέ.
3417 2552 3548 2619 Περὶ
3568 2553 3658 2603 τοῦ
3679 2553 3872 2620 λιμοῦ.

2331 2640 2464 2706 Περὶ
2494 2636 2587 2690 τοῦ
2620 2639 2916 2704 αίτήματος
2964 2637 3070 2689 τῶν
3106 2637 3476 2690 Γαϐαωνιτῶν.
3509 2639 3638 2707 Περὶ
3681 2640 3873 2692 Ἰεσϐί.

2341 2726 2466 2797 ᾮδὴ
2491 2725 2581 2779 τοῦ
2608 2726 2788 2779 Δαϐίδ.
2817 2726 2978 2786 Τέλος
3014 2727 3109 2795 τῆς
3134 2725 3293 2794 ᾠδῆς.
3325 2727 3457 2795 Περὶ
3481 2725 3580 2794 τῆς
3607 2727 3698 2779 τοῦ
3731 2727 3874 2780 i361-

2327 2833 2418 2878 τος
2453 2815 2528 2884 τῷ
2553 2815 2713 2868 Δαϐὶδ
2740 2814 3045 2883 ἐπιθυμίας.
3078 2816 3210 2883 Περὶ
3238 2816 3333 2884 τῆς
3362 2817 3610 2886 ἀνδρείας
3640 2819 3875 2873 Βαναία.

2331 2907 2462 2975 Περὶ
2490 2905 2585 2974 τῆς
2633 2903 2978 2974 άριθμήσεως
3009 2904 3115 2956 τῶν
3141 2905 3268 2957 υἱῶν
3312 2905 3521 2976 Ἰσραὴλ
3549 2910 3639 2960 καὶ
3673 2909 3873 2963 Ἰούδα.

2341 2993 2550 3062 Ἰσραὴλ
2581 2999 2669 3055 ,ως
2708 2991 2873 3044 Ἰούδα
2912 2998 2997 3063 ‘cp'.
3030 2993 3162 3063 Περὶ
3181 2986 3254 3045 ὧν
3282 2989 3432 3046 εἶπεν
3450 2995 3553 3046 Γὰδ
3581 2995 3655 3064 τῷ
3679 2996 3876 3050 Δαϐἰδ.

697 3085 1006 3156 Ἀπόκρισις
1053 3087 1232 3139 Δαϐίδ.
1270 3088 1407 3156 Περὶ
1432 3088 1524 3141 τοῦ
1555 3089 1785 3146 θανάτου
1830 3091 1940 3147 τῶν
1967 3107 2031 3160 ,0.
2085 3087 2222 3159 Περὶ
2269 3084 2640 3157 Ἰερουσαλήμ.
2675 3083 2809 3151 Περὶ
2868 3084 2960 3136 τοῦ
3003 3084 3404 3154 θυσιαστηρίου,
3447 3079 3506 3138 οὗ
3552 3087 3878 3158 ᾠκοδόμησε

689 3179 888 3233 Δαϐίδ.’

1261 3285 1639 3344 ΒΕΟΝΟΒΠΜ
1669 3291 1754 3344 III.

773 3380 1098 3442 De‘Adonia.
1145 3387 1455 3442 Consilium
1503 3388 1708 3443 Nathan
1735 3393 1798 3445 ad
1843 3392 2123 3448 Bersabee.
2157 3393 2230 3446 De

694 3479 980 3534 Salomone
1011 3489 1205 3546 quarto
1241 3493 1362 3547 rege
1393 3478 1576 3532 Israel.
1621 3478 1887 3549 l'rzeeepta
1935 3481 2095 3534 David
2165 3481 2230 3535 ad

692 3570 1054 3624 Salomonem.
1097 3566 1169 3620 De
1199 3567 1301 3620 line
1326 3569 1508 3621 David.
1550 3569 1685 3623 Anni
1723 3571 1865 3640 regni
1921 3571 2104 3625 David.
2159 3571 2232 3625 De

691 3661 948 3732 petitione
996 3675 1154 3729 quam
1184 3659 1580 3728 petiitAdonias
1611 3676 1638 3715 a
1665 3660 2043 3725 Bersabee..De
2061 3672 2232 3718 morte

690 3751 932 3816 Adonim,
964 3760 1018 3806 et
1044 3752 1109 3805 de
1137 3752 1413 3817 Abiatbar,
1437 3762 1488 3807 et
1516 3751 1638 3823 fuga
1655 3751 1807 3818 Joab,
1830 3765 1881 3808 et
1901 3754 2018 3824 ejus
2039 3767 2228 3810 morte.

692 3842 767 3895 De
791 3840 1143 3895 aaditicatione
1205 3839 1421 3903 domus,
1470 3855 1628 3907 quam
1679 3841 1963 3897 azditicavit
2005 3841 2230 3895 Domino

692 3933 967 3987 Salomon.
1003 3933 1073 3984 De
1105 3929 1304 3984 Semei.
1346 3930 1418 3983 De
1450 3931 1633 3998 regina
1684 3931 1845 3986 Saba.
1875 3932 1948 3985 De
1973 3932 2230 4000 praevari-

691 4025 902 4078 catione
928 4022 1248 4075 Salomonis.
1287 4019 1359 4073 De
1401 4021 1567 4074 Achia
1598 4020 1840 4073 Silonite.
1895 4023 2033 4073 Anni
2082 4020 2231 4089 regni

696 4112 1022 4167 Salomonis.
1056 4108 1130 4164 De
1165 4109 1426 4172 Rohoam,
1464 4110 1649 4176 quinto
1678 4124 1796 4177 rege
1823 4109 2001 4162 Israel.
2042 4107 2117 4160 De
2145 4123 2234 4162 re-

696 4216 802 4269 gno
837 4199 1116 4253 Jeroboam
1143 4197 1326 4249 famuli
1367 4198 1688 4261 Salomonis,
1711 4198 1845 4251 sexti
1876 4199 2014 4267 regis
2049 4197 2230 4251 Israel.

695 4289 772 4342 De
805 4288 981 4343 aureis
1009 4287 1207 4340 vitulis.
1240 4285 1369 4351 Quae
1395 4287 1460 4340 ad
1488 4286 1622 4340 duos
1649 4288 1932 4355 prophetas
1971 4296 2231 4355 spectant.

702 4381 971 4446 Depuero
1046 4376 1352 4430 Ieroboam.
1412 4376 1550 4429 Anni
1609 4375 1756 4444 regni
1798 4373 2102 4428 Jeroboam.
2161 4374 2235 4429 De

699 4470 891 4524 Susac.
915 4468 988 4523 De
1015 4482 1178 4538 regno
1206 4468 1331 4521 Asa.
1357 4464 1432 4521 De
1469 4466 1640 4520 Nabal
1672 4475 1859 4519 octavo
1897 4481 2018 4533 rege
2044 4464 2231 4518 Israel.

697 4561 772 4614 De
803 4561 970 4615 Baasa
1001 4576 1143 4613 nono
1181 4575 1306 4629 rege
1342 4559 1524 4616 Israel.
1573 4559 1644 4612 De
1701 4557 1793 4611 Ela
1849 4556 2057 4611 decimo
2109 4570 2234 4623 rege
2265 4589 2306 4642 θ

699 4652 882 4705 Israel.
909 4652 983 4704 De
1003 4652 1240 4714 Zambri.
1267 4652 1550 4707 undecimo
1572 4667 1693 4720 rege
1718 4648 1898 4703 Israel.
1932 4649 2002 4701 De
2024 4647 2228 4710 Achab,

699 4741 1017 4794 duodecimo
1045 4755 1174 4808 rege
1192 4740 1377 4796 Israel.
1397 4741 1469 4794 De
1496 4740 1609 4794 Elia
1643 4739 1917 4809 propheta.
1947 4737 2020 4790 De
2049 4737 2228 4790 vidua.

701 4831 776 4884 De
793 4829 900 4882 lilio
925 4828 1115 4882 vidure.
1143 4829 1214 4881 De
1235 4829 1510 4898 prOphetis
1527 4829 1877 4883 confusionis.
1903 4827 1976 4882 De
1996 4825 2231 4880 Iezabel.

702 4918 774 4970 De
803 4916 1014 4970 Elisazo.
1054 4914 1126 4968 De
1158 4913 1403 4969 Nabutha
1429 4925 1482 4968 et
1533 4917 1729 4970 Achab.
1787 4915 1919 4981 Quae
1961 4916 2024 4969 ad
2067 4915 2230 4967 lilium

702 5009 840 5062 Ader
868 5018 919 5062 et
952 5005 1135 5061 Achab
1175 5010 1437 5072 spectant.
1487 5001 1558 5057 De
1606 5003 1791 5059 ferreis
1839 5005 2112 5059 cornibus.
2161 5002 2234 5056 De

703 5099 921 5152 interitu
951 5097 1155 5150 Achab.
1181 5092 1361 5148 Joram
1393 5091 1712 5148 tredecimus
1750 5108 1838 5146 res
1873 5093 2054 5150 israel.

2874 3281 3223 3333 ΒΛΣΙΑΕΙΩΝ
3258 3283 3325 3335 Γ.

2398 3387 2534 3456 Περὶ
2589 3387 2851 3439 Ἀδωνίου.
2903 3386 3205 3455 Συμϐουλία
3260 3386 3442 3439 Ναοάν
3469 3391 3532 3454 τῇ
3566 3389 3874 3457 Βηρσαϐεέ.

2331 3478 2466 3548 Περὶ
2498 3478 2833 3546 Σολομῶντος
2857 3478 2897 3529 δ’
2946 3475 3203 3544 βασιλέως
3246 3475 3476 3544 Ἰσραήλ.
3522 3476 3734 3546 Ἐντολὴ
3759 3480 3880 3529 Δα-

2332 3571 2415 3622 θδ
2442 3569 2516 3638 τῷ
2542 3569 2861 3636 Σολομῶντι.
2893 3567 3025 3638 Περὶ
3053 3565 3145 3618 τοῦ
3178 3566 3358 3629 τέλους
3394 3566 3571 3619 Δαϐίδ.
3607 3567 3738 3636 Ἐτη
3768 3569 3880 3638 τῆς

2333 3661 2606 3731 βασιλείας
2649 3659 2828 3711 Διϐίδ.
2878 3659 3010 3727 Περὶ
3041 3657 3133 3709 τοῦ
3185 3658 3481 3726 αἰτήματος
3539 3651 3598 3709 οὗ
3635 3660 3880 3727 ᾐτήσατο

2343 3752 2593 3814 Ἀδωνίας
2619 3754 2683 3822 τῇ
2715 3750 3007 3821 Βηρσαϐεέ.
3042 3750 3173 3821 Περὶ
3197 3749 3287 3801 τοῦ
3323 3750 3549 3803 Θανάτου
3592 3751 3876 3817 ’Δδωνίου,

2333 3846 2424 3897 καὶ
2455 3845 2580 3914 περὶ
2636 3845 2916 3914 Ἀϐιάθαρ,
2948 3844 3040 3895 καὶ
3068 3844 3193 3911 περὶ
3223 3845 3317 3911 τῆς
3349 3845 3523 3914 φυγῆς
3565 3845 3738 3908 Ἰωάϐ,
3774 3846 3881 3898 καὶ

2332 3933 2582 4001 περὶτοῦ
2612 3933 2844 3984 θανάτου
2895 3932 3078 3986 αὑτοῦ.
3128 3932 3262 3999 Περὶ
3313 3933 3413 4000 τῆς
3440 3933 3725 4002 οἰκοδομῆς
3770 3936 3878 3988 τοῦ

2331 4022 2501 4085 οίκου,
2529 4014 2587 4071 οὗ
2617 4021 2928 4089 ᾠκοδόμησε
2975 4021 3160 4088 Κυρίῳ
3198 4022 3462 4087 Σολομῶν,
3498 4023 3632 4090 Περὶ
3673 4024 3875 4091 Σημεῖ.

2332 4108 2468 4178 Περὶ⁸
2516 4109 2616 4176 τῆς
2667 4109 2976 4177 βασιλίσσης
3015 4107 3177 4160 Σαϐά.
3216 4107 3346 4172 Περὶ
3390 4108 3486 4175 τῆς
3529 4111 3881 4176 παρανομίας

2333 4199 2688 4269 Σολομῶντος.
2720 4201 2853 4267 Περὶ
2893 4200 3044 4266 Ἀχία
3064 4197 3156 4251 τοῦ
3189 4185 3506 4264 Σηλωνίτου.
3546 4199 3677 4268 Ἔτη
3715 4199 3881 4264 βασι-

2332 4291 2478 4353 λείας
2547 4290 2903 4357 Σολομῶντος.
2964 4290 3093 4356 Περὶ
3170 4286 3439 4355 Ῥοϐοάμ,
3495 4287 3535 4339 ε’
3606 4287 3878 4356 βασιλέως

2345 4377 2577 4445 Ἰσραήλ.
2608 4376 2740 4446 Περὶ
2766 4379 2864 4446 τῆς
2893 4376 3162 4444 βασιλείας
3197 4375 3477 4445 Ἱεροϐοὰμ
3503 4375 3683 4429 δούλου
3711 4376 3880 4428 Σολο-

2337 4466 2560 4534 μῶντος,
2595 4467 2649 4529 ς’
2693 4467 2951 4536 βασιλέως
2993 4465 3222 4536 Ἰσραήλ.
3254 4468 3385 4536 Περὶ
3415 4470 3514 4535 τῆς
3542 4466 3746 4536 χρυσῆς
3769 4468 3877 4519 δα-

2339 4554 2566 4621 μάλεως.
2596 4553 2678 4606 Τὰ
2698 4555 2825 4625 περὶ
2854 4556 2957 4606 τῶν
2987 4554 3028 4622 β’
3058 4554 3365 4622 προφητῶν.
3399 4555 3532 4623 Περὶ
3567 4555 3656 4607 τοῦ
3680 4554 3878 4617 παιδὸς

2344 4641 2642 4712 Ἱεροϐοάμ.
2673 4646 2803 4712 Ἐτη
2857 4644 3126 4712 βασιλείας
3170 4644 3466 4713 Ὶεροϐοάμ.
3501 4645 3630 4714 Περὶ
3661 4645 3878 4697 Σουσα-

2332 4732 2450 4799 κίμ.
2476 4735 2607 4802 Περὶ
2638 4735 2735 4801 τῆς
2762 4734 3030 4801 βασιλείας
3075 4732 3221 4786 Ἀσά.
3257 4735 3387 4800 Περὶ
3417 4734 3602 4785 Ναϐάτ
3635 4740 3682 4803 η’
3711 4735 3878 4803 βασι-

2331 4822 2466 4885 λέως
2503 4825 2731 4895 Ἰσραήλ.
2762 4826 2893 4894 Περὶ
2914 4823 3096 4877 Βαασὰ
3117 4823 3158 4875 θ’
3179 4823 3435 4890 βασιλέως
3467 4823 3704 4893 Ἰσραήλ.
3733 4825 3881 4893 Περὶ

2345 4915 2475 4966 Ἦλά
2507 4922 2537 4966 ι’
2571 4917 2826 4994 βασιλέως
2893 4916 3123 4985 Ἰσραήλ.
3177 4915 3307 4982 Περὶ
3354 4915 3584 4984 Ζαμϐρὶ,
3619 4921 3685 4968 ια’
3713 4915 3886 4982 ﬂama

2334 5004 2467 5066 λὲως
2520 5005 2744 5076 Ἰσραήλ.
2791 5010 2921 5077 Περὶ
2959 5005 3178 5074 Ἀχαάϐ,
3208 5004 3275 5072 ιβ’
3302 5004 3568 5073 βασιλέως
3631 5005 3881 5074 Ἰσραήλ.

2336 5094 2467 5162 Περὶ
2510 5095 2686 5146 Ἥλιοῦ
2728 5095 2819 5146 τοῦ
2852 5098 3145 5164 προφήτου.
3193 5091 3322 5161 Περὶ
3370 5092 3464 5159 τῆς
3506 5094 3694 5161 χήρας.
3732 5090 3883 5159 Περὶ

706 5190 796 5242 τοῦ
830 5186 946 5240 υἱοῦ
975 5187 1071 5256 τῆς
1102 5187 1292 5256 χήρας.
1331 5183 1464 5253 Περὶ
1489 5181 1607 5234 τῶν
1651 5184 1938 5250 προφητῶν
2003 5184 2099 5251 τῆς
2147 5181 2428 5250 αἰσχύνης.
2467 5185 2599 5251 Περὶ
2640 5184 2888 5246 Ἰεζάϐελ.
2927 5183 3059 5249 Περὶ
3105 5182 3392 5234 Ἐλισσαιέ.
3428 5182 3558 5249 Περὶ
3587 5180 3882 5233 Ναϐουοαὶ

707 5282 799 5334 καὶ
832 5278 1052 5346 Ἀχαάϐ.
1083 5277 1160 5329 Τὰ
1184 5275 1418 5345 περὶτοῦ
1446 5273 1562 5325 υίοῦ
1590 5273 1748 5342 Ἄδερ
1772 5272 1862 5324 καὶ
1885 5273 1975 5324 τοῦ
2013 5273 2231 5342 Ἀχαάϐ.
2273 5274 2401 5342 Περὶ
2432 5273 2538 5326 τῶν
2586 5275 2813 5344 σιδηρῶν
2863 5273 3125 5339 κεράτων.
3152 5272 3285 5340 Περὶ
3306 5271 3397 5324 τοῦ
3426 5263 3607 5336 τέλους
3641 5270 3880 5340 Ἀχαάϐ,

722 5370 920 5438 Ἰωρὰμ
951 5365 1014 5434 ιγ’
1051 5366 1296 5436 βασιλεὺς
1336 5364 1573 5434 Ἰσραήλ.

1250 5470 1623 5527 REGNORUM
1652 5469 1738 5523 IV.

780 5563 852 5620 De
873 5563 1051 5618 Joram
1091 5562 1526 5633 quatuordecimo
1557 5576 1676 5630 rege
1710 5559 1888 5615 Israel.
1921 5558 1993 5614 De
2015 5576 2225 5616 assum-

2411 5539 2416 5544 ε
2855 5467 3212 5520 ΒΑειΑειοΝ
3243 5470 3311 5522 Δν.

2407 5559 2536 5629 Περὶ
2571 5559 2769 5631 Ἰωρὰμ
2798 5560 2859 5613 ιδ’
2888 5558 3146 5628 βασιλέως
3188 5560 3415 5628 Ἰσραήλ.
3453 5558 3579 5628 Περὶ
3611 5557 3704 5624 τῆς
3736 5555 3899 5638 ἅναξ
