4138 6342
720 326 860 390 1055

1406 338 1787 398 OPUSCULA
1828 339 2448 399 SCRIPTURISTICA
2495 339 2834 398 ΙΝΟΕΒΊἌἘ
2873 337 3173 401 IETATIS.

3769 335 3916 401 1056

1353 635 1604 718 ΠΕΡΙ
1675 635 2224 718 ΤΕΣΣΛΡΩΝ
2296 633 2517 716 ΤΟΥ
2595 634 3283 723 ΠΑΡΛΔΕΙΣΟΥ

2025 819 2600 904 ΠΟΤΑΜΩΝ.

1200 1158 1338 1241 DE
1417 1159 1975 1260 QUATUOR
2055 1160 2784 1249 FLUMINIBUS
2854 1162 3438 1250 PARADISI.

1867 1368 2030 1426 (Auct.
2061 1377 2317 1428 anonymo.
2353 1367 2551 1414 Bnmuu
2574 1366 2612 1426 1,
2643 1366 2763 1427 ιθθ.)

796 1662 930 1713 Ister
991 1662 1206 1724 llumen,
1261 1661 1462 1714 dictum
1537 1661 1736 1715 Phison
1809 1661 1945 1730 apud
2028 1661 2341 1721 divinamA

730 1751 1058 1817 Scripturam
1081 1791 1093 1812 ,
1118 1763 1169 1803 et
1201 1765 1229 1803 e
1258 1750 1513 1804 Paradiso
1536 1752 1740 1816 exiens,
1772 1761 1831 1805 ut
1850 1761 2040 1804 caetera
2068 1751 2267 1819 Tigris,

730 1838 1021 1902 Euphrates
1072 1851 1122 1891 et
1153 1838 1297 1892 Geon
1340 1841 1576 1903 ﬂumina,
1618 1849 1669 1893 et
1708 1849 1992 1908 penetrans
2025 1840 2077 1892 in
2121 1850 2277 1893 terra:

729 1928 976 1994 abyssos.
1008 1937 1057 1978 et
1089 1927 1138 1979 in
1176 1929 1509 1981 occidentem
1535 1929 1779 1990 tendens,
1806 1927 1973 1980 currit
2009 1942 2073 1980 ex
2097 1926 2276 1994 Apen-

729 2015 852 2065 niuo
883 2023 1058 2067 monte
1087 2016 1177 2082 qui
1211 2032 1239 2069 a
1273 2018 1402 2069 mari
1437 2017 1618 2069 Siculo
1672 2016 1922 2083 dirigitur
1985 2030 2157 2084 usque
2207 2013 2272 2066 ad

727 2103 1019 2157 Germanos
1051 2106 1138 2174 qui
1172 2100 1319 2159 sunt'
1341 2107 1492 2174 juxta
1549 2106 1818 2160 Borealem
1887 2120 2184 2170 oceanum;
2221 2114 2276 2160 et

729 2193 851 2245 inde
882 2195 1101 2246 vertitur
1122 2196 1186 2248 ad
1212 2197 1498 2258 orientem,
1521 2206 1585 2260 et
1614 2195 1730 2248 ﬂuit
1759 2196 1812 2248 in
1851 2195 2078 2248 Pontum
2110 2195 2274 2248 Euxi-

732 2296 858 2332 num
923 2297 1020 2350 per
1077 2297 1170 2334 ora
1203 2291 1452 2350 quatuor.
1505 2284 1648 2337 Istud
1708 2283 1903 2336 ﬂumen
1956 2283 2010 2335 in
2057 2283 2276 2337 Oriente

729 2381 948 2425 vocatur
985 2371 1190 2433 Galles;
1231 2381 1400 2425 mutat
1431 2383 1612 2425 autem
1652 2388 1845 2426 nomen
1880 2373 1931 2425 in
1964 2373 2272 2434 Occidente,

738 2460 870 2514 Ister
913 2463 1262 2528 appellatum,
1319 2473 1371 2515 et
1400 2478 1428 2514 a
1455 2462 1755 2516 Thracibus
1788 2461 2065 2516 Danubius
2111 2464 2272 2516 etiam

739 2559 1005 2601 vocatum.
1057 2549 1121 2600 Et
1178 2551 1474 2602 maximum
1554 2551 1770 2618 quidem
1818 2561 1898 2604 est
1949 2551 2266 2616 ﬂuminum;

733 2655 824 2706 per
845 2655 900 2692 se
928 2640 1137 2705 quidem
1200 2641 1317 2693 Nilo
1349 2641 1543 2702 minus,
1590 2642 1680 2693 sed
1698 2642 1960 2708 recipiens
1996 2642 2276 2696 inﬂuentes

733 2727 797 2778 ad
832 2743 888 2780 se
925 2728 1133 2789 ﬂuvios,
1156 2727 1274 2778 Nilo
1305 2729 1476 2794 majus
1505 2729 1749 2784 eﬂicilur.
1781 2729 1968 2783 Decem
1999 2739 2050 2782 et
2075 2741 2276 2798 septem

735 2819 876 2870 ﬂuvii
917 2819 970 2871 in
999 2819 1125 2870 illud
1170 2818 1417 2871 inﬂuunt.
1454 2819 1590 2872 Sunt
1618 2829 1794 2873 autem
1827 2821 1909 2873 isti
1951 2821 2031 2874 :E
2060 2821 2276 2890 Scythia

732 2912 1008 2979 quinque,
1062 2910 1281 2965 Paratas
1325 2912 1462 2964 idem
1527 2927 1589 2964 ac
1642 2910 1896 2982 Pyretus,
1951 2911 2274 2975 Tiarantus,

2304 1541 2375 1555 ’—

2441 1663 2560 1714 Ὂτι
2587 1665 2614 1714 6
2647 1665 2853 1733 Ἴστρος
2881 1665 2908 1717 6
2936 1667 3194 1734 ποταμὸς,
3217 1668 3503 1736 λεγόμενος
3545 1670 3721 1722 Φισὼν
3768 1673 3923 1741 παρὰ

2373 1753 2440 1819 τῇ
2478 1751 2595 1819 θείᾳ
2626 1751 2832 1819 Γραφῇ,
2866 1753 2957 1802 καὶ
2987 1753 3078 1804 τοῦ
3122 1756 3454 1822 Παραδείσου
3489 1757 3666 1820 ἐξιὼν,
3717 1759 3922 1828 ὥσπερ
3976 1797 3984 1803 .

2375 1839 2467 1891 καὶ
2510 1840 2558 1890 οί
2598 1839 2771 1891 λοιποὶ
2821 1840 3031 1909 Τίγρις,
3088 1843 3395 1912 Εὐφράτης,
3453 1847 3546 1896 καὶ
3597 1846 3769 1915 Γηὼν,
3823 1850 3926 1900 καὶ

2375 1927 2571 1990 ὑποδὺς
2602 1930 2726 1990 τοὺς
2768 1930 2968 1997 μυχοὺς
2990 1931 3085 1997 τῆς
3118 1931 3238 1998 γῆς,
3273 1933 3365 1983 καὶ
3393 1932 3470 1993 είς
3497 1933 3648 1986 δύσιν
3677 1936 3924 2004 ἀπερχό-

2378 2034 2557 2089 μενος,
2590 2019 2782 2071 ὲκδιδοί
2822 2017 2914 2070 τοῦ
2972 2019 3276 2071 ’Δπεννίνου
3313 2020 3470 2089 δρους
3513 2022 3608 2074 τοῦ
3638 2023 3926 2093 διήκοντος

2371 2105 2480 2158 ἀπὸ
2521 2104 2619 2174 τῆς
2661 2105 2946 2171 Σικελικῆς
2999 2106 3274 2176 θαλάσσης
3318 2106 3422 2168 ἕως
3473 2107 3579 2160 τῶν
3624 2109 3927 2178 Γερμανῶν

2373 2193 2479 2244 τῶν
2523 2193 2658 2261 πρὸς
2695 2192 2772 2261 τῷ
2806 2191 3037 2262 βορῤείῳ
3073 2191 3295 2262 ὠκεανῷ
3317 2209 3332 2225 ο
3385 2193 3634 2246 κάκεῖθεν
3689 2195 3923 2264 σύρεται

2375 2283 2509 2351 πρὸς
2541 2282 2820 2350 ἀνατολὴν,
2850 2284 2942 2334 καὶ
2977 2283 3089 2350 χέει
3122 2285 3199 2345 είς
3227 2283 3318 2335 τὸν
3345 2281 3594 2346 Εὔξεινον
3617 2285 3814 2337 Πόντον
3833 2285 3927 2338 διὰ

2378 2377 2416 2422 ε’
2448 2371 2742 2439 στομάτων.
2762 2363 2926 2433 Οὗτος
2963 2374 3020 2422 ιν
3046 2375 3110 2441 τῇ
3152 2371 3406 2443 Ἀνατολῇ
3436 2373 3755 2442 ὀνομάζεται
3782 2375 3924 2429 Γάλ-

2375 2457 2506 2526 λης⁶
2558 2457 2809 2512 ἀλλάσσει
2856 2458 2912 2510 δὲ
2951 2460 3011 2510 τὸ
3055 2460 3223 2527 ὄνομα
3261 2462 3316 2511 ιν
3360 2462 3426 2529 τῇ
3456 2460 3646 2527 Δύσει,
3707 2464 3926 2532 Ἴστρος

2376 2546 2856 2614 προσαγορευθεὶς,
2892 2548 2983 2599 καὶ
3031 2548 3132 2600 ὑπὸ
3162 2549 3391 2618 Θρακῶν
3436 2552 3723 2616 Δανούϐιος
3759 2555 3926 2610 πάλιν

2377 2635 2724 2703 καλούμενος.
2761 2637 2870 2689 Καὶ
2907 2631 3056 2698 οὗτος
3091 2639 3187 2704 μὲν
3222 2639 3472 2706 μέγιστός
3502 2642 3617 2694 ἐστι
3642 2646 3924 2712 ποταμῶν,

2377 2725 2508 2778 ἀλλὰ
2553 2724 2675 2777 καθ’
2709 2725 2869 2778 αὑτὸν
2914 2725 3010 2796 μὲν
3047 2727 3220 2796 ἥττων
3257 2728 3351 2779 τοῦ
3397 2730 3612 2796 Νείλου,
3665 2733 3928 2804 ὑποδεχὸ-

2381 2832 2538 2884 μενος
2567 2816 2622 2868 δὲ
2665 2817 2789 2878 τοὺς
2832 2817 3136 2885 εἰσρέοντας
3167 2819 3223 2869 ὲν
3263 2819 3439 2888 αὐτῷ,
3473 2821 3565 2872 καὶ
3603 2822 3698 2874 τοῦ
3726 2823 3928 2879 Νείλου

2381 2904 2578 2973 μείζων
2628 2905 2854 2971 γίνεται.
2907 2904 2974 2969 Ιζ⁶
3017 2907 3122 2976 γάρ
3170 2909 3402 2976 ποταμοὶ
3458 2911 3832 2981 είσϐάλλουσιν
3867 2917 3929 2969 ιν

732 3004 956 3064 Μαι-υς,
1009 3001 1565 3070 Naparis,0rdessus.
1613 3001 1685 3054 Ex
1738 3001 2048 3071 Agathyrsis
2102 3011 2276 3054 autem
2310 2985 2350 3040 Β

2383 2993 2546 3062 αὐτῷ.
2610 2994 2728 3046 Εἰσὶ
2757 2995 2812 3047 δὲ
2855 2990 2999 3049 οὗτοι
3019 3012 3034 3026 ο
3064 2996 3128 3048 ὲκ
3160 2997 3258 3067 μὲν
3294 2998 3524 3062 Σκυθίας
3551 3007 3612 3064 ε’,
3645 3003 3926 3073 Παράτας,
3995 3069 4001 3073 _

735 3091 892 3142 Maris
1080 3102 1205 3154 tres,
1239 3091 1614 3154 Atlas,Auras,
1642 3091 1876 3144 Timisis.
1912 3090 1950 3142 E
1981 3091 2280 3145 Thracibus

733 3179 992 3248 (lrobyzis
1027 3189 1139 3232 tres
1161 3218 1176 3242 ,
1211 3181 1369 3241 Atax,
1393 3179 1551 3241 Noes,
1577 3189 1630 3232 et
1656 3181 1901 3232 Artanes.
1935 3181 1972 3230 E
2003 3179 2208 3233 Paranis
2230 3189 2281 3232 et

736 3279 912 3320 monte
934 3268 1363 3334 Rhodope-Chius
1387 3269 1576 3321 ﬂuvius
1596 3269 1802 3321 medius
1818 3267 2277 3322 dividiturllazmo.

738 3355 810 3406 lix
854 3356 1044 3423 Illyriis
1091 3357 1364 3408 montibus
1393 3357 1456 3408 ad
1485 3357 1698 3409 boream
1729 3367 1946 3409 ventum
1979 3372 2202 3421 vergens
2226 3359 2277 3408 in

739 3445 1080 3497 Triballicum
1144 3460 1352 3512 agrum,
1411 3448 1623 3511 Augrus
1697 3444 2276 3512 ﬂueusinBro‘ngum,

741 3537 981 3601 Brongus
1020 3545 1197 3587 autem
1235 3537 1286 3586 in
1318 3533 1531 3587 Istrum.
1569 3533 1608 3585 E
1639 3535 2274 3601 regioue‘Ombricorum

738 3626 919 3690 (Ialpis
946 3636 996 3676 et
1021 3625 1189 3692 Alpis.
1212 3624 1447 3676 Inﬂuunt
1480 3633 1658 3676 autem
1691 3624 1850 3676 etiam
1882 3622 1969 3675 alii
1995 3623 2046 3676 iu
2081 3623 2278 3690 ipsum.

739 3729 768 3765 e
795 3715 987 3782 quibus
1016 3714 1070 3766 ﬂt
1099 3715 1337 3774 omnium
1366 3713 1643 3766 ﬂuminum
1684 3714 2000 3765 maximum.
2048 3711 2280 3779 Equale

742 3816 914 3857 autem
941 3805 1038 3857 sibi
1065 3805 1178 3857 lluit
1220 3806 1270 3857 in
1294 3814 1476 3858 aestate
1500 3815 1550 3858 et
1575 3805 1766 3868 hieme,
1799 3803 1924 3872 quia
1949 3818 2138 3871 parum
2165 3803 2277 3872 ipsa

744 3908 878 3949 terra
899 3898 1174 3967 irrigatur;
1196 3898 1405 3951 nivibus
1427 3907 1601 3950 autem
1622 3904 1789 3950 totum
1812 3897 1992 3949 alitur.
2020 3895 2076 3949 In
2096 3905 2280 3950 testate

742 4002 865 4040 vero
910 4004 1027 4054 qua:
1063 3989 1113 4039 in
1150 3988 1324 4040 hieme
1353 3987 1545 4039 cecidit
1594 3987 1684 4039 nix
1727 3987 2007 4040 abundans
2040 3987 2280 4063 .omnino

742 4078 1046 4145 quurfacta,
1106 4078 1156 4128 in
1181 4078 1370 4129 Istrum
1401 4076 1604 4129 deﬂuit.
1625 4076 1894 4139 Quantum
1924 4086 2101 4127 autem
2129 4091 2280 4142 aqua:

741 4171 822 4223 sol
855 4169 1083 4222 extrahit
1116 4171 1167 4219 in
1211 4179 1392 4225 aestate
1421 4169 1497 4218 vel
1523 4167 1574 4217 iu
1603 4167 1796 4228 hieme,
1821 4175 2026 4217 tantum
2061 4167 2279 4216 ﬂumina

2381 3085 2408 3134 6
2435 3083 2524 3134 καὶ
2560 3084 2818 3154 Πυρετδς,
2849 3086 3163 3152 Τιάραντος,
3201 3088 3456 3159 Ἄραρος,
3490 3089 3762 3158 Νάπαρις,
3801 3093 3929 3163 ὀρ-

2379 3173 2567 3239 δησσός
2593 3191 2606 3204 ·
2633 3177 2695 3227 ὲκ
2713 3175 2768 3227 δὲ
2803 3176 3147 3246 Ἀγαθύρσων
3175 3179 3469 3248 Μάρις.....
3499 3184 3668 3251 τρεῖς,
3701 3183 3926 3248 Ἄτλας,

2379 3263 2579 3332 Αὔρας,
2615 3265 2831 3332 Τίμισις
2853 3283 2867 3295 ·
2900 3269 2962 3318 ὲκ
2992 3268 3046 3320 δὲ
3077 3269 3182 3319 τῶν
3213 3269 3440 3338 Θρᾳκῶν
3473 3271 3578 3322 τῶν
3605 3270 3930 3341 Κρωδύζων

2378 3355 2544 3418 τρεῖς,
2602 3351 2790 3413 ”Ᾱταξ,
2823 3353 2986 3416 Νόης,
3029 3355 3122 3404 καὶ
3179 3356 3474 3423 ’Δρτάνηςο
3505 3359 3568 3408 ὲκ
3594 3359 3651 3409 δὲ
3681 3359 3932 3411 Παιόνων

2382 3443 2471 3491 καὶ
2506 3442 2662 3507 ὅρους
2723 3441 2979 3510 Ῥοδόπης
3027 3443 3154 3504 Κίος
3203 3445 3441 3512 ποταμὸς
3483 3447 3646 3512 μέσος
3681 3447 3930 3514 σχίζεται

2380 3531 2469 3581 τ’»)
2501 3529 2669 3600 Αἷμον
2690 3549 2702 3561 ·
2747 3536 2808 3586 ἐκ
2834 3535 2889 3588 δὲ
2943 3537 3213 3604 Ἰλλυριῶν
3260 3535 3401 3605 ὀρῶν
3422 3539 3512 3589 τὸν
3550 3538 3685 3608 πρὸς
3716 3538 3928 3610 βορρᾶν

2381 3621 2574 3690 ἄνεμον
2607 3622 2810 3689 βάλλων
2842 3627 2919 3687 είς
2965 3627 3022 3677 τὸ
3054 3626 3406 3696 Τριϐαλλικὸν
3440 3629 3640 3692 πεδίον,
3686 3631 3930 3700 ’Ἄγγρος

2382 3713 2582 3780 ὲκχέων
2604 3715 2682 3775 είς
2708 3715 2794 3766 τὸν
2817 3716 3076 3786 Βρόγγον,
3096 3719 3123 3771 6
3143 3717 3197 3771 δὲ
3217 3717 3454 3788 Βρόγγος
3473 3722 3550 3782 είς
3577 3720 3669 3774 τὸν
3691 3723 3930 3792 Ἴστρον·

2381 3802 2443 3854 ἐκ
2471 3801 2526 3854 δὲ
2563 3802 2659 3872 τῆς
2693 3802 2871 3874 χώρας
2917 3807 3022 3858 τῶν
3060 3807 3363 3878 Ὀμϐρικῶν
3415 3809 3625 3872 Κάλπις
3655 3811 3749 3863 καὶ
3799 3810 3936 3864 Ἀλ-

2381 3910 2490 3954 πις.
2536 3893 2884 3947 Είσϐάλλουσι
2950 3897 3004 3949 δὲ
3050 3897 3141 3949 καὶ
3189 3898 3363 3967 ἕτεροι
3413 3902 3492 3962 είς
3533 3900 3715 3964 αὐτὸν,
3754 3901 3815 3966 ἐξ
3851 3894 3935 3955 ὧν

2379 3983 2582 4048 γίνεται
2619 3985 2830 4037 πάντων
2863 3987 3118 4056 ποταμῶν
3150 3989 3419 4056 μέγιστος.
3461 3991 3600 4053 Ἰσος
3627 3991 3681 4042 δὲ
3715 3994 3800 4061 ῥεῖ
3825 3992 3934 4043 αύ-

2381 4073 2468 4131 τδς
2499 4074 2672 4141 ἑαυτῷ
2697 4076 2752 4125 ὲν
2785 4075 2931 4142 θέρει
2963 4077 3055 4127 καὶ
3082 4077 3329 4144 χειμῶνι,
3359 4080 3441 4130 ὅτι
3472 4079 3648 4146 ὀλίγον
3679 4082 3936 4149 βρέχεται

2383 4162 2516 4229 αὕτη
2555 4163 2714 4231 ηγῆ·
2767 4164 2961 4231 νιφετῷ
2989 4165 3044 4216 δὲ
3086 4167 3260 4218 πάντα
3300 4169 3515 4235 χρᾶται.
3559 4170 3645 4219 Ἑν
3690 4170 3840 4238 θέρει
3875 4171 3936 4223 δὲ

743 4278 860 4328 qua:
887 4263 937 4312 in
973 4261 1164 4312 Istrum
1217 4258 1492 4309 conﬂuunt
1531 4266 1806 4322 praestant,
1870 4255 2038 4306 multo
2077 4256 2278 4320 majora
2307 4277 2349 4333 ο

2307 4277 2349 4333 C
2384 4250 2416 4315 η
2446 4251 2502 4299 ὲν
2527 4249 2602 4318 τῷ
2627 4250 2849 4317 χειμῶνι
2879 4251 3116 4305 πεσοῦσα
3144 4252 3274 4321 χιὼν
3306 4254 3470 4324 πολλὴ
3489 4255 3764 4325 τηκομένη
3791 4258 3935 4308 πάνς

744 4354 796 4403 in
824 4359 1004 4402 testate
1037 4363 1195 4414 quam
1231 4349 1282 4397 in
1315 4348 1508 4398 hieme.
1538 4345 1852 4397 Substitutis
1880 4344 1949 4394 ita
1991 4343 2072 4395 his
2103 4345 2277 4411 aquis,

746 4442 798 4492 ﬂt
827 4437 1214 4504 compensatio.
1251 4438 1322 4488 ita
1347 4444 1404 4488 ut
1438 4451 1648 4502 semper
1679 4433 1805 4487 illud
1838 4434 1908 4486 sit
1929 4425 2027 4488 sibi
2055 4435 2278 4501 mquale.

746 4529 876 4584 Ister
933 4531 1205 4597 proprium
1255 4541 1446 4580 nomen
1495 4533 1670 4578 servat
1718 4539 1888 4592 usque
1923 4524 1987 4576 ad
2025 4522 2280 4576 Sirmium

745 4623 1019 4688 antiquam
1074 4618 1435 4670 Romanorum
1503 4615 1830 4669 fortunatam
1894 4613 2102 4675 urbem,
2159 4614 2282 4666 ulti-

746 4725 832 4761 mo
883 4718 1058 4763 autem
1113 4709 1213 4762 sub
1250 4707 1507 4775 Gepidum
1560 4707 1853 4773 regionem,
1900 4705 2098 4756 amittit
2140 4704 2279 4770 apud

744 4801 1022 4866 indigenas
1063 4799 1210 4865 prius
1240 4813 1452 4860 nomen,
1504 4796 1887 4864 Danubiusque
1933 4803 2174 4848 vocatur.
2213 4793 2284 4845 Ita

746 4907 870 4941 vero
895 4890 994 4955 ipsi
1019 4887 1253 4940 Thraces
1284 4899 1626 4945 vocaverunt,
1647 4889 1771 4954 quia
1794 4889 1844 4939 in
1872 4886 2146 4939 montibus
2166 4899 2285 4936 ver-

749 4993 841 5029 sus
873 4986 1078 5029 arctum
1107 4985 1159 5025 et
1179 4975 1462 5027 Thraciam
1495 4976 1785 5029 nebulosus
1817 4991 1906 5029 aer
1925 4985 2137 5043 propter
2155 4974 2287 5026 sub-

743 5067 1004 5135 jacentem
1032 5065 1266 5116 humoris
1289 5065 1690 5128 abundantiam,
1708 5066 1811 5119 illis
1833 5082 1994 5119 causa
2019 5072 2287 5133 perpetua!

747 5158 935 5225 pluviae
966 5155 1195 5208 videtur.
1246 5153 1544 5205 Danubium
1572 5163 1748 5216 autem
1784 5158 1934 5222 quasi
1967 5147 2285 5209 nebulosam

748 5248 1006 5300 cervicem
1039 5247 1124 5299 isti
1163 5245 1331 5313 patria
1369 5245 1546 5311 lingua
1573 5254 1784 5298 vocant.
1827 5246 1947 5299 Inde
1989 5243 2290 5299 immutavit

749 5338 1486 5405 lstersuamappellationem,
1522 5335 1900 5403 Danubiusque
1929 5348 2152 5390 vocatus
2182 5343 2284 5388 est.

753 5424 967 5478 Minime
1006 5435 1182 5476 autem
1219 5427 1413 5476 mirum
1443 5435 1523 5478 est
1572 5424 1613 5475 si
1652 5422 1780 5475 Ister
1807 5439 1835 5475 e
1868 5422 2122 5478 Paradiso
2155 5423 2288 5476 dila-

755 5514 905 5574 bens,
937 5523 988 5565 et
1019 5514 1156 5578 apud
1193 5514 1518 5581 Scripturam
1559 5513 1753 5565 Phison
1787 5524 2023 5578 meatus,
2054 5530 2115 5566 ex
2139 5512 2287 5565 occi-

754 5603 948 5656 dentali
967 5613 1164 5666 monte,
1204 5605 1536 5672 Apenninum
1555 5605 1940 5670 dico,vitlcatur
1961 5605 2283 5658 relroﬂucrc.

2381 4338 2550 4403 τοθεν,
2594 4341 2859 4392 εἰσϐάλλει
2889 4341 2964 4411 τῷ
3007 4344 3221 4414 Ἴστρῳ.
3261 4345 3420 4398 Ὅσον
3471 4345 3526 4397 δὲ
3555 4345 3700 4416 ὕδωρ
3728 4349 3756 4398 ὁ
3779 4347 3936 4416 ἥλιος

2382 4430 2660 4497 ἐφέλκεται
2691 4433 2746 4484 ὲν
2775 4432 2849 4500 τῷ
2881 4432 3043 4502 θέρει,
3067 4434 3099 4503 ἢ
3127 4435 3182 4487 ἐν
3205 4434 3280 4504 τῷ
3302 4435 3548 4505 χειμῶνι,
3576 4435 3830 4489 τοσοῦτον
3863 4437 3939 4494 τὰ

2385 4521 2761 4591 συμμιγόμενα
2801 4524 2876 4592 τῷ
2911 4526 3102 4596 Ἴστρῳ
3148 4526 3520 4581 πολλαπλάσια
3550 4528 3665 4580 ἔστι
3694 4527 3788 4580 τοῦ
3835 4528 3935 4582 θέο

2388 4626 2510 4678 ρους
2576 4613 2607 4679 ἢ
2642 4614 2731 4665 τοῦ
2765 4615 3027 4683 χειμῶνος
3047 4633 3060 4648 ·
3114 4617 3490 4686 ἀντιτιθέμενα
3516 4617 3573 4670 δὲ
3605 4618 3803 4684 ταῦτα,
3834 4619 3938 4672 ἀν-

2384 4705 2670 4770 τισήκωσις
2716 4707 2940 4772 γίνεται,
2970 4707 3050 4769 ὡς
3115 4709 3199 4760 ἀεὶ
3228 4708 3340 4759 ῐσον
3368 4708 3526 4760 αὐτὸν
3552 4702 3692 4760 εἶναι
3731 4708 3938 4778 ἑαυτῷ.

2386 4787 2548 4854 Οὗτος
2571 4796 2598 4844 6
2631 4795 2834 4863 Ἴστρος
2858 4798 2954 4863 τὴν
2988 4797 3120 4848 ἰδίαν
3149 4798 3514 4866 προσηγορίαν
3542 4797 3804 4862 φυλάσσει
3825 4797 3939 4861 ἕως

2389 4879 2606 4947 Σιρμίου
2651 4884 2746 4950 τῆς
2800 4885 2961 4935 πάλαι
3005 4885 3283 4952 Ῥωμαίων
3351 4884 3662 4954 εὐδαίμονος
3702 4886 3936 4949 πόλεως,

2387 4968 2606 5037 ἔσχατον
2654 4972 2706 5022 δὲ
2759 4974 2862 5025 ὑπὸ
2913 4973 3165 5042 Γηπέδων
3226 4975 3582 5042 οἰκουμένης,
3635 4975 3941 5028 ἀποϐάλλει

2392 5059 2566 5126 μέντοι
2614 5065 2760 5131 παρὰ
2796 5065 2905 5125 τοῖς
2949 5065 3258 5131 ἐπιχωρίοις
3289 5066 3346 5116 τὸ
3380 5062 3685 5131 ἔμπροσθεν
3729 5065 3935 5131 θνομα,

2389 5151 2667 5214 Δανούϐιος
2721 5155 3092 5223 μετακληθείς.
3145 5153 3297 5204 Οὕτω
3338 5154 3393 5204 δὲ
3435 5154 3594 5206 αὑτὸν
3635 5155 3684 5205 οἱ
3717 5155 3940 5224 Θρᾷκες

2390 5241 2665 5307 ἐκάλεσαν,
2705 5244 2835 5295 διότι
2865 5246 2941 5305 είς
2992 5246 3058 5296 τὰ
3101 5244 3235 5310 πρὸς
3287 5244 3517 5312 Ἀρκτον
3551 5245 3643 5300 καὶ
3685 5245 3940 5315 Θρᾳκίαν

2390 5329 2490 5398 ὖρη
2525 5334 2781 5402 συννεφὴς
2809 5335 2837 5383 6
2869 5333 2974 5402 ἀὴρ
3011 5335 3072 5385 ὲκ
3099 5336 3194 5402 τῆς
3222 5333 3584 5402 ὑποκειμένης
3616 5335 3722 5386 τῶν
3746 5335 3948 5402 ὑγρῶν,

2392 5419 2669 5490 ἀμετρίας,
2699 5424 2865 5483 αίτιος
2894 5424 3072 5483 αὐτοῖς
3103 5421 3354 5490 συνεχοῦς
3391 5424 3692 5493 ἐπομϐρίας
3716 5423 3944 5489 νομίζε-

2391 5527 2496 5562 ται.
2555 5512 2835 5563 Λανούϐιον
2883 5512 2938 5563 δὲ
2977 5513 3067 5563 τὸν
3119 5513 3469 5582 νεφελοφόρον
3496 5516 3688 5566 ἐκεῖνοι
3710 5509 3945 5562 καλοῦσι

2398 5603 2651 5670 πατρίως.
2736 5603 3007 5657 Ἐντεῦθεν
3063 5603 3456 5672 μεταϐέϐληκεν
3497 5603 3528 5654 6
3574 5603 3786 5670 Ἴστρος
3838 5598 3946 5664 τὴν
