4138 6342
166 328 291 393 1037

1176 330 1269 389 DE
1301 330 1375 390 ιν
1429 329 1900 390 FLUMINIBUS
1954 331 2326 389 PARADISI.

3195 328 3328 392 1058

164 441 339 494 ἑαυτοῦ
368 439 682 511 ὀνομασίαν,
711 441 995 503 Δανούϐιος
1036 442 1409 511 μετακληθείς.
1447 444 1607 496 Οὐδὲν
1628 444 1682 495 δὲ
1712 450 1755 505 Α
1785 444 1798 495 Ι

1712 450 1755 505 Α
1785 443 1992 497 Etenim
2020 452 2073 497 et
2104 442 2255 497 Nilus
2271 444 2447 498 dictus
2469 443 2638 507 Geon,
2662 458 2687 498 ε
2710 442 2964 498 Paradiso
2987 442 3173 495 eodem
3200 457 3322 510 pru~

165 531 454 599 θαυμαστὸν
478 531 508 581 ὁ
545 533 755 601 Ἴστρος
806 530 1181 601 ἐξορμώμενος
1208 532 1297 583 τοῦ
1341 532 1681 601 παραδείσου,

164 622 243 672 καλ
284 621 432 691 παρά
470 624 536 692 τῇ
576 622 763 691 Γραφῇ
814 621 1095 690 λεγόμενος
1148 622 1341 684 Φισὼν,
1374 625 1437 673 ὲκ
1464 622 1555 673 τοῦ
1586 624 1686 690 τῆς

164 709 350 769 δύσεως
401 710 579 779 δρους,
630 711 773 778 λέγω
817 710 878 778 δὴ
924 710 1015 761 τοῦ
1076 711 1383 761 Ἀπεννίνου
1435 712 1685 777 φαίνεται

164 797 446 865 ἀναρρἐν.
480 798 587 850 Καὶ
629 798 735 864 γὰρ
775 798 864 849 καὶ
889 800 915 849 ὁ
942 798 1126 859 Νεῖλος
1156 799 1181 849 ό
1216 798 1505 865 λεγόμενος
1531 799 1684 867 Γηὼν

166 887 219 937 ἐκ
244 884 331 937 τοῦ
368 886 529 939 αὐτοῦ
593 888 913 957 παραδείσου
956 887 1176 956 προῖὼν,
1219 878 1350 956 μίαν
1388 889 1483 956 μὲν
1510 889 1686 957 πηγὴν

165 976 263 1043 ἔχει
287 976 365 1038 είς
394 976 621 1047 Λιϐύην,
669 979 856 1047 ἑτέρας
904 977 968 1028 δὲ
1010 977 1099 1029 δύο
1136 979 1214 1038 είς
1241 979 1336 1046 τὴν
1370 977 1479 1029 ἄνω
1508 977 1685 1029 Αίθιου

166 1067 282 1119 πίαν
324 1072 464 1122 κατά
511 1068 711 1129 Νότον,
762 1059 835 1117 ὧν
889 1066 1229 1133 μισγομένων
1282 1066 1596 1135 πλημμυρεῖ
1626 1066 1686 1117 τὸ

168 1156 294 1223 ὕδωρ
324 1156 510 1219 αὐτοῦ,
554 1157 645 1207 καὶ
690 1154 896 1216 ποτίζει
935 1155 1030 1222 τὴν
1068 1155 1337 1219 Αἴγυπτον
1377 1156 1684 1221 Αὐγούστου

169 1244 340 1310 μηνός.
388 1243 495 1293 Καὶ
528 1244 639 1302 τοῖς
670 1242 768 1309 μὲν
796 1240 1010 1302 πολλοῖς
1042 1242 1188 1292 δοκεῖ
1230 1243 1461 1310 ἀπορίας
1490 1242 1687 1303 πολλὰς

166 1330 373 1391 τίκτειν,
400 1330 515 1391 πῶς
548 1331 605 1381 ἐν
629 1329 806 1398 καιρῷ
850 1329 1124 1398 αὐχμώδει
1164 1331 1493 1400 πλημμυρεῖ,
1531 1332 1687 1400 ἡνίκα

167 1418 409 1487 λιψυδρία
439 1419 670 1488 ὑπάρχει
696 1419 773 1488 τῷ
801 1420 980 1472 παντί.
1003 1420 1133 1482 Τοῖς
1162 1422 1219 1472 δὲ
1242 1423 1308 1473 τὰ
1334 1422 1429 1489 τῆς
1468 1424 1687 1492 Γραφῆς

166 1506 405 1559 ἀσκοῦσιν
465 1508 718 1577 οὐδεμίαν
764 1509 933 1561 τίκτει
987 1511 1333 1579 ἀμφιϐολίαν.
1385 1513 1546 1564 Ὅθεν
1596 1515 1687 1566 καὶ

168 1597 303 1666 παρά
336 1600 448 1660 τοῖς
483 1598 869 1666 ίεροτελεσταῖς
910 1600 1015 1650 τῶν
1059 1602 1388 1665 Αἰγυπτίων,
1424 1602 1497 1663 ὡς
1538 1604 1689 1671 ἐρευ-

168 1690 282 1739 νῶσι
316 1690 382 1741 τὰ
413 1689 648 1758 κρύφια,
714 1690 1047 1751 Ἀστάσπους
1096 1691 1436 1759 ὀνομάζεται,
1468 1692 1495 1744 ὃ
1518 1693 1687 1761 ἑρμη-

1783 535 1956 598 diens,
1989 549 2150 585 unum
2191 533 2403 600 quidem
2438 532 2638 586 fontem
2674 533 2829 585 habet
2855 534 2908 584 itt
2960 532 3145 599 Libya,
3192 533 3325 583 alios

1784 633 1959 676 autem
1991 623 2127 675 duos
2178 622 2230 673 in
2262 624 2540 689 superiore
2574 622 2850 689 Ethiopia
2884 637 3076 675 versus
3106 620 3322 682 Notum,

1782 714 1976 781 quibus
1998 713 2248 766 immistis
2267 715 2460 767 crescit
2474 713 2589 781 ejus
2611 727 2769 781 aqua,
2794 722 2847 766 et
2881 713 3017 781 rigat
3036 712 3323 781 rEgyptttut

1785 819 1965 856 mense
1992 804 2252 871 Augusto.
2288 802 2465 857 Multis
2486 805 2699 872 quidem
2734 804 2940 856 videtur
2966 802 3132 855 multa
3165 804 3323 855 dubia

1783 906 1993 956 parere,
2021 890 2162 958 quod
2199 894 2249 943 in
2282 902 2521 960 tempore
2561 892 2821 945 siccitatis
2856 901 3083 953 crescat,
3108 893 3323 959 quando

1783 980 1975 1033 ardens
2000 980 2145 1033 calor
2169 982 2345 1033 omnia
2376 989 2619 1048 occupat.
2640 979 2732 1034 llis
2769 990 2943 1033 autem
2970 982 3060 1049 qui
3091 982 3323 1048 scriptu-

1785 1084 1897 1121 ram
1932 1069 2127 1122 callent
2176 1070 2375 1122 nullam
2400 1070 2539 1122 istud
2574 1070 2712 1137 parit
2756 1070 3161 1123 haesitationem.
3200 1069 3323 1122 Inde

1784 1156 1941 1209 etiam
1973 1158 2110 1223 apud
2154 1172 2337 1209 sacras
2379 1156 2747 1224 Egyptiormn
2786 1157 3075 1217 dortrinas,
3117 1163 3174 1207 ut
3234 1169 3322 1205 ar-

1786 1262 1917 1298 cana
1941 1247 2239 1314 inquirunt,
2262 1248 2521 1313 Astaspus
2539 1246 2865 1308 nominatur,
2885 1244 3028 1312 quod
3060 1245 3321 1310 interpre-

1788 1348 1965 1393 tantur
1996 1338 2229 1409 ASgyptii
2260 1353 2451 1406 aquam
2483 1354 2513 1390 e
2549 1336 2798 1398 tenebris,
2828 1336 2897 1388 ob
2935 1335 3320 1387 obscuritatem

1785 1429 1902 1495 ejus
1930 1442 1959 1480 e
1994 1436 2131 1479 terra
2158 1426 2491 1479 emersionis.
2521 1423 2621 1488 Qui
2655 1424 2793 1475 enim
2829 1422 2952 1474 talia
2986 1422 3051 1473 de
3068 1419 3184 1472 Nilo
3214 1436 3318 1471 non

1787 1518 2077 1571 sentientes
2113 1518 2162 1568 in
2189 1516 2331 1568 mille
2354 1515 2513 1568 dubia
2537 1514 2985 1571 cadunt,manent
3004 1518 3264 1578 perpetuo
3291 1528 3317 1560 ιι

1787 1607 2009 1659 veritate
2033 1615 2296 1658 errantes.
2324 1604 2388 1657 Et
2417 1603 2629 1672 quidem
2654 1603 2717 1654 de
2738 1600 2952 1668 Trigide
2976 1610 3028 1652 et
3050 1600 3323 1666 Euphrate

1789 1696 1925 1748 idem
1954 1710 2166 1763 quoque
2188 1696 2430 1747 sentitur.
2463 1695 2498 1745 E
2530 1692 2784 1745 Paradiso
2804 1691 2943 1743 enim
2970 1701 3191 1757 uterque
3220 1689 3327 1740 ori-

168 1776 363 1829 νεύιται
409 1779 532 1830 κατ’
559 1778 885 1845 Αίγυπτίους
914 1780 977 1829 ἐκ
1025 1779 1245 1841 σκότους
1294 1780 1464 1849 ὕδωρ,
1507 1781 1595 1832 διὰ
1627 1782 1687 1831 τὸ
1720 1774 1757 1825 Β
1792 1799 1802 1849 ι

1720 1774 1757 1825 Β
1792 1785 1965 1849 ginem
1987 1782 2209 1842 ducens,
2236 1794 2431 1832 terram
2472 1781 2913 1845 subponetrantes
2942 1786 3197 1845 apparent
3221 1778 3324 1829 cir-

170 1866 341 1932 ἀδηλον
386 1868 485 1935 τῆς
516 1868 813 1931 ἀναδόσεως
864 1868 1025 1919 αὐτοῦ
1075 1868 1179 1919 ἀπὸ
1210 1870 1303 1936 τῆς
1337 1871 1457 1937 γῆς.
1490 1871 1547 1920 Οἱ
1582 1870 1685 1937 γὰρ

172 1957 236 2022 μὴ
260 1956 421 2008 ταῦτα
468 1958 597 2027 περὶ
640 1957 799 2009 αὐτοῦ
845 1957 1151 2023 δοξάζοντες
1178 1960 1255 2019 εἰς
1288 1960 1484 2026 μυρίας
1528 1958 1687 2009 ἐκπί-

172 2062 373 2108 πτοντες
402 2048 653 2117 ἀπορίας,
696 2048 943 2116 μένουσιν
975 2049 1077 2109 ἕως
1111 2047 1290 2106 τέλους
1317 2048 1411 2113 τῆς
1436 2047 1686 2116 ἀληθείας

170 2131 611 2203 ἀποπλανώμενοι.
646 2136 751 2187 Καὶ
787 2134 966 2202 μέντοι
998 2134 1087 2185 καὶ
1140 2136 1263 2201 περὶ
1314 2134 1355 2183 Τ
1363 2134 1558 2201 ίγριδος
1594 2134 1687 2183 καὶ

173 2226 433 2293 Εὐφράτου
474 2226 535 2276 τὸ
563 2226 691 2277 αὐτὸ
728 2225 1025 2287 δοξάζεται.
1082 2225 1175 2275 Ἐκ
1212 2223 1303 2274 τοῦ
1366 2223 1685 2290 παραδείσου

176 2316 269 2385 γὰρ
319 2316 563 2385 ἑκάτεροι
618 2315 715 2384 τὴν
748 2316 954 2379 γένεσιν
984 2315 1221 2381 ἔχοντες,
1268 2312 1549 2374 ὑποδύντες
1591 2314 1687 2382 τὴν

172 2405 260 2473 γῆν
289 2404 663 2469 ἀναφαίνονται
714 2402 851 2455 κατά
886 2402 975 2473 τὸν
1016 2400 1224 2469 Ταῦρον
1282 2404 1342 2451 τὸ
1368 2401 1509 2469 ὅρος,
1542 2401 1634 2453 καὶ
1660 2404 1687 2452 ό

180 2495 263 2563 μὲν
307 2492 589 2561 Εὐφράτης
632 2492 791 2561 δήλην
816 2491 925 2559 ἔχει
967 2490 1061 2559 τὴν
1089 2492 1337 2543 ἀνάλυσιν
1364 2506 1376 2519 ο
1409 2490 1606 2542 κατιὼν
1631 2489 1685 2540 δὲ

174 2583 353 2633 ἐκτῶν
390 2582 614 2649 βορείων
662 2580 843 2649 μερῶν
897 2580 1030 2649 πρὺς
1067 2582 1131 2633 τὰ
1185 2580 1332 2632 νότια
1380 2580 1687 2646 πλησιάζων

175 2674 239 2741 τῷ
262 2672 501 2743 Περσικῷ
545 2672 726 2740 κόλπῳ
772 2672 864 2740 ἒλη
894 2672 1109 2739 ἐμποιεῖ
1137 2672 1227 2722 καὶ
1258 2671 1545 2738 καλαμώδη
1574 2671 1687 2721 τέλ-

178 2780 323 2829 ματα,
353 2762 442 2813 καὶ
468 2761 595 2829 περὶ
638 2760 772 2812 αὐτὰ
806 2761 901 2828 μὲν
950 2760 1276 2827 εἱλούμενος,
1323 2758 1527 2827 ἀδήλως
1552 2759 1687 2824 ἀφα-

177 2851 448 2913 νίζεται.’0
477 2851 654 2917 μέντοι
676 2848 861 2917 Τίγρις
891 2850 994 2901 ἀπό
1014 2865 1149 2909 τινος
1179 2848 1368 2916 λίμνης
1396 2846 1687 2915 λεγομένης

177 2939 435 3001 Θωνίτιδος
460 2938 669 3006 ἀδήλως
697 2937 873 3001 ἐξιὼν,
904 2938 996 2989 καὶ
1029 2938 1186 2998 αὐτὸς
1224 2940 1427 3005 οἴχεται
1457 2938 1591 3004 πρὸς
1620 2936 1687 2987 τά

177 3030 304 3083 νότια
353 3029 511 3097 μέρη,
547 3030 639 3082 καὶ
662 3028 959 3080 διακόπτων
982 3027 1073 3079 τὸν
1102 3026 1311 3096 Ταῦρον
1338 3026 1394 3078 τὸ
1419 3027 1539 3095 ὅρος
1560 3028 1685 3095 περὶ

178 3118 483 3178 Μασαϐἀτας
518 3116 726 3168 ἑνοῦται
749 3115 827 3183 τῷ
854 3114 1132 3183 Εὐφράτῃ,
1163 3116 1253 3165 καὶ
1274 3114 1557 3182 διασχίζων
1588 3113 1684 3182 τὴν

179 3207 462 3270 Βαὸυλῶνα,
494 3207 587 3257 καὶ
608 3204 803 3257 κατιὼν
830 3204 1051 3273 πλησίον
1068 3204 1380 3273 Τερηδόνος,
1416 3204 1682 3257 εἰσδάλλει

178 3300 242 3357 είς
271 3298 353 3349 τὸν
396 3297 657 3364 Περσικὸν
692 3296 905 3348 κόλπον.
960 3294 1067 3364 Πρὸ
1095 3295 1149 3346 δὲ
1178 3294 1270 3346 τοῦ
1316 3294 1575 3363 ὲνωοῆναι
1606 3292 1683 3361 τῷ

178 3388 430 3458 Εὐφράτῃ,
482 3386 781 3469 ἀμφότεροι
831 3382 1075 3454 ἀλλήλων
1106 3384 1421 3455 διῃρημένοι
1477 3383 1685 3469 ῥέοντες

180 3453 485 3546 ποιοῦσιτὴν
516 3453 810 3545 λεγομένην
839 3453 1256 3541 Μεσοποταμίαν
1305 3474 1527 3542 ἔχουσαν
1553 3453 1685 3524 πλά-

178 3580 252 3626 τος
301 3566 401 3617 ἀπὺ
429 3566 711 3635 Εὐφράτου
757 3566 913 3634 μέχρι
945 3564 1187 3632 Τίγριδος
1224 3564 1371 3633 μίλια
1419 3570 1555 3632 υκη’,
1594 3563 1687 3613 καὶ

181 3653 342 3705 στάδια
374 3654 413 3715 ,δ
464 3653 603 3705 κατά
628 3654 723 3719 τὴν
748 3654 1110 3720 ἀναμέτρησιν
1158 3652 1564 3719 Ἐραστοθένους
1592 3650 1682 3701 τοῦ

180 3740 512 3806 πολυμαθοῦς.
583 3742 727 3791 Ἐπεὶ⁸
753 3741 807 3791 δὲ
854 3740 948 3806 τὴν
998 3740 1167 3807 ἀρχὴν
1218 3742 1281 3789 ὲκ
1326 3740 1418 3790 τοῦ
1473 3741 1682 3808 Ἴστρου

181 3828 505 3895 ποιησάμενοι
528 3829 903 3895 ὠλισθήσαμεν
920 3829 1009 3878 καὶ
1031 3829 1156 3895 περ)⁵
1176 3828 1267 3879 τοῦ
1284 3829 1471 3879 Νείλου
1494 3830 1683 3893 εἰπεῖν,

180 3918 261 3967 οὐκ
286 3918 501 3985 ἄκαιρον
554 3916 827 3983 ἡγούμεθα
862 3918 951 3966 καὶ
982 3916 1162 3982 ἑτέρου
1198 3916 1491 3982 μνησθῆναι
1521 3933 1685 3983 κεφα-

1788 1888 1847 1924 ca
1868 1871 2098 1924 Taurum
2125 1880 2359 1923 tnontetn
2384 1887 2397 1933 ;
2424 1880 2473 1922 et
2512 1870 2805 1933 Euphrates
2851 1868 3065 1935 quidem
3122 1866 3325 1933 perspi-

1785 1976 1942 2014 cuum
1977 1962 2131 2013 habet
2164 1974 2397 2021 cursum;
2424 1959 2750 2012 descendens
2770 1966 2988 2009 autcntc
3022 1956 3323 2008 borealibus

1784 2050 2042 2116 partibus,
2068 2049 2132 2100 ad
2156 2049 2360 2100 noticas
2386 2048 2608 2099 tendens
2630 2060 2818 2099 versus
2846 2044 3115 2097 Persicum
3144 2045 3321 2095 sinum

1787 2137 2004 2205 paludes
2056 2144 2107 2188 et
2156 2135 2381 2188 calamis
2412 2132 2603 2185 referta
2658 2147 2809 2185 caena
2871 2131 3049 2191 eﬂicit,
3102 2139 3155 2182 et
3204 2131 3317 2182 haec

1786 2232 1927 2281 circa
1954 2226 2174 2287 eﬂ'nsus,
2203 2226 2338 2278 clam
2368 2224 2703 2277 subducitur.
2734 2220 2907 2289 Tigris
2933 2230 3108 2272 autem
3135 2236 3163 2272 e
3193 2236 3323 2287 qua—

1784 2318 1904 2370 dam
1925 2316 2116 2383 palude
2134 2312 2419 2367 Thonitide
2438 2320 2645 2374 vocata,
2666 2310 2963 2377 incognitus
2987 2309 3190 2369 exiens,
3212 2309 3322 2375 ipse

1784 2423 1995 2477 quoque
2019 2413 2261 2459 movetur
2286 2404 2350 2457 ad
2385 2404 2584 2456 noticas
2611 2411 2805 2470 partes,
2824 2408 2875 2452 et
2906 2399 3137 2452 Taurum
3170 2413 3321 2451 mon-

1790 2508 1891 2550 tem
1964 2510 2155 2549 secans
2190 2494 2341 2560 juxta
2385 2491 2685 2545 Masabatas
2742 2491 2985 2558 jungitur
3036 2488 3317 2556 Euphrati,

1785 2583 2105 2652 Babylonem
2126 2581 2335 2645 dividit,
2372 2591 2421 2634 et
2454 2580 2693 2633 dilabens
2717 2579 2856 2630 circa
2888 2576 3237 2638 Teredonem,
3266 2577 3319 2629 in

1785 2673 2054 2726 Persicum
2100 2672 2277 2725 sinum
2312 2686 2369 2724 se
2398 2670 2633 2737 conjicit.
2690 2668 3007 2734 Priusquam
3050 2676 3227 2718 autem
3263 2682 3319 2719 se

1788 2776 1909 2815 cum
1947 2760 2215 2828 Euphrate
2248 2758 2609 2825 coniunxerit,
2652 2757 2808 2809 ambo
2835 2756 2901 2807 ab
2946 2756 3167 2807 invicem
3206 2756 3318 2807 dis-

1786 2853 1948 2905 tincte
1982 2861 2259 2903 currentes
2300 2851 2533 2902 eﬂieiunt
2584 2850 2848 2915 regionem
2882 2847 3316 2914 Mesopotamiam

1785 2941 2004 3001 dictam,
2036 2940 2191 3007 cujus
2231 2938 2475 2999 latitudo,
2524 2936 2589 2987 ab
2652 2934 2920 3002 Euphrate
2970 2936 3033 2986 ad
3092 2933 3317 3002 Tigrim,

1786 3031 1950 3084 millia
1989 3031 2144 3082 habet
2170 3028 2366 3089 428,et
2398 3027 2566 3079 stadia
2599 3025 2757 3089 4,000
2796 3026 3088 3077 secundum
3128 3024 3316 3078 Erato-

1790 3117 1996 3171 sthenis
2032 3115 2321 3184 polymathi
2356 3111 2978 3166 mensurationem.Cum
3005 3120 3181 3163 autem
3218 3113 3317 3164 ini-

1788 3209 1916 3262 tium
1944 3209 2009 3259 ab
2028 3208 2159 3260 lstro
2189 3206 2496 3267 fecerimus,
2530 3214 2581 3257 et
2600 3202 2971 3256 devene'rimus
3000 3202 3064 3255 ad
3094 3202 3318 3270 loquen—

1788 3300 1912 3352 dum
1936 3298 1998 3350 de
2028 3298 2162 3360 Nilo,
2192 3312 2295 3349 non
2321 3296 2732 3362 inopportunum
2762 3294 3067 3360 iudicamus
3096 3293 3314 3345 alterius

1790 3388 2099 3441 meminisse
2124 3386 2313 3453 capitis
2342 3386 2406 3437 ad
2440 3393 2727 3451 utrumque
2766 3382 3054 3451 spectantis
3078 3383 3141 3435 de
3168 3383 3319 3436 istius

1793 3492 1975 3531 cursu.
2021 3476 2152 3529 Nam
2208 3489 2447 3544 tempore
2487 3474 2817 3527 ascensionis
2862 3472 2963 3525 Nili
3001 3474 3313 3540 aperiebant

1791 3564 2015 3617 Romani
2046 3578 2232 3629 magna
2260 3564 2468 3631 publica
2501 3563 2711 3624 balnea,
2752 3570 2803 3613 et
2832 3562 2956 3629 quia
2989 3562 3131 3613 illius
3160 3562 3318 3614 inun-

1788 3656 1935 3709 datio
1974 3656 2031 3708 lit
2054 3656 2269 3722 quando
2308 3652 2387 3707 sol
2420 3662 2500 3706 est
2533 3653 2586 3705 in
2612 3654 2806 3715 Leone,
2840 3667 3101 3719 aquarum
3129 3652 3320 3706 ﬁstulis

1790 3744 1960 3796 leonis
1992 3746 2194 3796 vultum
2232 3744 2451 3795 dabant.
2484 3740 2609 3794 Inde
2641 3756 2703 3793 ex
2736 3742 2834 3793 boe
2883 3756 3018 3793 usus
3052 3742 3235 3809 viguit,
3265 3753 3320 3795 ut

1785 3832 2128 3884 torcularium
2158 3832 2348 3884 ﬁstulis
2368 3832 2536 3882 leonis
2557 3828 2756 3881 vultum
2776 3830 2933 3881 etiam
2957 3832 3316 3895 praestiterint,

1783 3920 1907 3986 quia
1935 3920 2040 3969 vini
2060 3918 2234 3971 ﬂuxus
2262 3918 2503 3969 imitatur
2533 3916 2635 3969 Nili
2666 3916 2954 3977 ﬂuentum,
2982 3917 3102 3982 quia
3134 3918 3185 3969 in
3206 3921 3317 3969 vin-

181 4006 308 4057 λαίου
339 4006 665 4074 καταλλήλου
696 4006 1028 4074 ὑπάρχοντος
1064 4004 1157 4054 τοῦ
1192 4004 1437 4072 περὶτῆς
1469 4004 1683 4072 ὲκροίας
1784 4008 1814 4061 d

1682 4022 1683 4029 ‘
1784 4008 1969 4061 demite
2001 4016 2237 4074 tempore
2276 4006 2355 4059 sol
2382 4021 2537 4057 suum
2562 4005 2613 4057 in
2642 4004 2818 4055 Leone
2844 4006 3125 4056 transitum
3157 4006 3316 4058 etlicit

182 4097 341 4149 αὐτοῦ.
373 4100 477 4150 Καὶ
511 4099 617 4165 γὰρ
651 4098 738 4147 τὸν
768 4097 953 4163 καιρὸν
1000 4096 1097 4161 τῆς
1140 4095 1322 4145 ἀνόδου
1355 4094 1445 4145 τοῦ
1490 4094 1678 4145 Νείλου
1783 4098 1816 4149 it

844 4097 953 4163 ιρὸν
1000 4096 1097 4161 τῆς
1140 4095 1322 4145 ἀνόδου
1355 4094 1445 4145 τοῦ
1490 4094 1678 4145 Νείλου
1783 4098 1834 4149 in
1876 4098 2179 4165 temperatis
2221 4098 2372 4151 locis.
2448 4124 2478 4159 χ

182 4189 499 4257 ἀνεῴγνυσαν
530 4190 580 4240 oi
622 4190 873 4257 Ῥωμαῖοι
905 4188 972 4239 τὰ
1012 4186 1217 4255 μεγάλα
1268 4187 1372 4237 τῶν
1414 4185 1681 4255 δημοσίων
1708 4186 1965 4256 λουτρῶν,
2028 4190 2117 4241 καὶ
2152 4189 2280 4240 διότι
2330 4191 2361 4257 ἡ
2414 4191 2670 4257 ἀνάχυσις
2700 4190 2859 4243 αὐτοῦ
2909 4191 3116 4257 γίνεται
3166 4186 3313 4255 ἡλίου

182 4280 308 4343 ὄντος
337 4282 391 4333 ἐν
426 4281 777 4344 Λέοντι,τοὺς
802 4278 1055 4347 κρουνοὺς
1080 4276 1185 4327 τῶν
1216 4276 1416 4328 ὑδάτων
1457 4277 1795 4338 λεοντοειδεῖς
1838 4277 2049 4329 ἐποίουν
2070 4294 2081 4307 ⁸
2115 4278 2234 4329 ὅθεν
2288 4278 2347 4341 ἐξ
2400 4278 2602 4330 ἐκείνου
2670 4281 3023 4348 ἐπεκράτησε,
3082 4279 3171 4328 καὶ
3210 4278 3315 4327 τῶν

185 4372 453 4439 ὑποληνίων
492 4374 616 4433 τοὺς
663 4372 919 4438 κρουνοὺς
984 4368 1488 4433 λεοντοπροσώπους
1551 4371 2030 4431 κατασκευάζουσι,
2085 4370 2222 4437 ὁτιή
2279 4368 2371 4422 τοῦ
2430 4371 2569 4422 οἴνου
2629 4370 2892 4439 ἀπόρῤοια
2940 4370 3179 4437 μιμεῖται
3220 4367 3315 4431 τὴν

184 4460 260 4511 τοῦ
290 4461 471 4513 Νείλου
503 4462 679 4529 χύσιν,
710 4461 789 4513 ὃτι
819 4462 877 4513 ὲν
903 4458 975 4528 τῷ
1016 4458 1189 4530 τρύγη
1218 4461 1244 4510 ό
1268 4458 1414 4527 ἧλιος
1457 4458 1551 4527 τὴν
1605 4458 1833 4527 πάροδον
1885 4457 2046 4510 αὐτοῦ
2096 4462 2149 4510 ἐν
2172 4458 2247 4527 τῷ
2301 4460 2483 4512 Λέοντι
2539 4462 2766 4512 ποιεῖται
2797 4460 2933 4513 κατὰ
2964 4459 3086 4520 τοὺς
3124 4458 3316 4526 εὐκρά-

186 4564 288 4610 too;
317 4551 524 4612 τόπους.
