4138 6342
1461 287 1844 348 OPUSCULA
1883 281 2504 343 SCRIP’I‘URIS’I‘ICA
2542 274 2884 338 INCERTE
2915 275 3212 336 ETATIS.
3815 266 3945 333 1060

775 295 910 357 105τ)

1832 418 3932 448 mm

1384 575 1770 632 ΣΥΝΑΓΩΓΠ
1805 569 2240 626 ΕΞΗῙἩΣΕΩΝ
2269 570 2397 622 ΕΙΣ
2445 568 2581 622 TON
2627 567 3012 623 ΠΡΟΦΗῚἩΝ
3035 564 3328 624 ΗΣΔῘΑΝ.
3369 593 3372 595 λ

783 738 884 789 Ἔιι
919 734 1205 802 διαφόρων
1262 727 1442 798 ἁγίων
1499 725 1919 804 ῃαεέρωγβαὶ
1972 720 2351 804 διδασκάλων
2401 719 2808 804 ςυλλεχβεῖσβ
2844 717 3000 804 παρὰ
3041 718 3144 804 τοῦ
3185 719 3621 804 ρχιεπισκόπου
3677 719 3942 786 Κύπρου,

1354 794 1540 862 stupor?
1576 788 1876 848 Νικολάου
1909 792 2015 846 τοῦ
2042 788 2292 854 Μουζὰν,
2326 788 2430 841 τοῦ
2457 788 2719 859 μεγάλου
2741 789 3041 854 ,βασιλέως
3067 788 3396 859 κροθεάῳον

1149 1101 1611 1168 COLLECTIO
1648 1091 2524 1163 INTERPRETATIONUM
2555 1090 2649 1154 ΙΝ
2685 1093 2783 1153 PE

1932 1091 2524 1156 PRETATIONUM
2555 1090 2649 1154 ΙΝ
2685 1091 3213 1155 ΡΒΟΡΗΕΤΑΜ
3255 1093 3566 1155 ISAIAM.

770 1298 825 1356 E
865 1293 1125 1356 diversis
1164 1291 1393 1350 sanctis
1427 1284 1720 1348 Palribtu
1751 1294 1808 1342 et
1850 1280 2216 1342 Doctoribus
2257 1278 2528 1358 udunota
2557 1278 3221 1358 perAarchiepiscopum
3266 1279 3482 1358 Cypri,
3522 1281 3597 1338 D.
3628 1277 3948 1340 Nicolaum

1777 1361 2032 1431 Mazan,
2072 1356 2278 1434 magni
2319 1356 2483 1432 regis
2525 1355 2941 1432 protheorum.

1376 1679 1756 1738 PRIEFATIO.
2333 1673 2384 1732 Α
2979 1675 3010 1727 Ι]

1711 1679 1756 1732 ).
2333 1673 2384 1732 Α
2979 1672 3345 1729 ΠΡΟΛΟΓΟΣ.

844 1814 1123 1870 Ordicntes
1152 1823 1249 1861 nos
1279 1811 1670 1872 expositionem
1703 1798 1972 1868 propheta:
1999 1795 2150 1850 Isaia:
2198 1807 2319 1846 ver-

2317 1822 2319 1831 ι
2489 1798 2846 1869 Ἀρχομένους
2865 1799 3007 1867 ἡμᾶς
3034 1800 3132 1869 τῆς
3154 1799 3523 1869 διασαφὴσεως
3545 1801 3652 1854 τῶν
3698 1803 3791 1856 τοῦ
3823 1821 3951 1874 προ-

787 1908 1000 1966 Ιιοΐιιηι,
1045 1914 1199 1952 orare
1237 1903 1467 1964 oportet,
1526 1901 1580 1943 ιιι
1634 1889 1958 1956 accipiamus
2022 1883 2316 1952 sapientiai,
2420 1919 2421 1930 χ

2420 1889 2588 1959 φὴτου
2604 1890 2823 1943 Ἡσαΐου
2845 1889 3120 1959 ῥημάτων,
3149 1887 3394 1958 εὔχεσθαι
3418 1890 3542 1959 χρὴ.
3572 1891 3756 1945 λαϐεῖν
3781 1893 3843 1945 τὸ
3859 1894 3952 1961 τῆς

777 1993 1012 2048 scicntia:
1035 2000 1087 2043 et
1115 1985 1371 2039 doctrinm
1432 1980 1686 2050 gratiam;
1722 1979 1794 2030 ita
1843 1983 1901 2028 ut
1929 1976 2108 2028 omnia
2158 1970 2318 2028 simul

2419 1980 2606 2053 σοφίας
2639 1981 2733 2032 καὶ
2763 1981 2822 2034 τὸ
2846 1979 2943 2049 τῆς
2979 1980 3228 2046 γνώσεως
3255 1981 3348 2032 καὶ
3374 1981 3434 2033 τὸ
3480 1984 3580 2051 τῆς
3606 1981 3952 2046 διδασκαλίας

776 2078 1146 2137 convenientia
1168 2073 1289 2127 duci
1307 2079 1491 2126 nostro
1530 2069 1757 2122 Domino
1813 2065 2042 2119 formam
2092 2063 2317 2117 induant

777 2169 1013 2226 veritatis
1035 2167 1210 2221 omnis
1235 2177 1354 2232 quae
1378 2161 1747 2230 prophetatur.
1772 2156 1869 2210 Est
1893 2156 2107 2225 quidem
2175 2166 2312 2221 Opus

777 2261 938 2314 verbo
982 2254 1217 2310 scientia:
1251 2251 1317 2304 ad
1377 2247 1707 2302 cernendum
1788 2243 2022 2314 Spiritus
2075 2257 2310 2304 arcana;

778 2350 944 2404 verbo
973 2356 1149 2400 autem
1183 2341 1455 2410 sapientia:
1481 2339 1545 2392 ad
1572 2337 1945 2406 explicandum
1967 2343 2020 2389 et
2047 2334 2314 2403 complen-

779 2443 905 2493 dum
942 2451 1060 2505 quae
1086 2433 1298 2488 concise.
1338 2431 1391 2484 in
1431 2428 1778 2484 sermonibus
1807 2425 2060 2481 brevibus
2080 2434 2206 2479 sunt
2225 2440 2316 2478 ex-

780 2537 1042 2596 prompta.
1073 2512 1353 2590 Proprium
1381 2519 1523 2572 enim
1556 2525 1638 2570 est
1678 2515 1955 2584 sapientia
2010 2529 2314 2569 sermonem

780 2615 1091 2670 extendere.
1121 2609 1343 2664 Extendi
1367 2608 1531 2671 enim,
1558 2607 1755 2675 inquit,
1779 2619 2078 2669 sermones,
2109 2616 2162 2658 et
2198 2617 2313 2673 non

783 2699 1300 2758 exaudistis.Deintle
1328 2695 1583 2750 doctrinae
1602 2694 1770 2763 gratia
1799 2706 1934 2761 opus
1950 2702 2030 2746 est
2058 2692 2126 2746 ad
2144 2691 2313 2746 aedili.

786 2796 1051 2848 catiOnem
1087 2788 1444 2844 audientium.
1480 2784 1767 2838 Sciendum
1794 2792 1876 2838 est
1902 2782 2044 2838 enim
2068 2782 2312 2851 inprimis

781 2894 1025 2955 oportere
1055 2892 1167 2936 uta
1225 2877 1601 2934 communibus
1656 2875 1933 2930 sententiis
1997 2873 2313 2928 festinantes

783 2975 833 3027 in
853 2974 959 3026 Deo
991 2968 1401 3026 coulradictoria
1419 2974 1676 3033 quantmn
1727 2963 1780 3016 in
1842 2977 2091 3018 sermone
2128 2964 2313 3018 insunt

789 3076 1098 3132 agnoscere,
1124 3075 1228 3112 non
1255 3056 1487 3111 sentiant
1516 3072 1531 3109 :
1564 3055 1719 3124 quasi
1743 3054 2037 3108 secundum
2083 3068 2322 3108 commu-

803 3168 921 3205 nem
949 3148 1353 3218 intelligentiam
1389 3145 1526 3200 l’oret
1551 3144 1789 3198 divinam
1837 3153 2084 3197 naturam
2133 3144 2328 3196 bonam

792 3250 845 3292 et
881 3240 1141 3306 placidam
1171 3246 1220 3289 et
1247 3234 1444 3302 iustam
1472 3245 1777 3301 agnoscere.
1838 3230 1896 3283 Si
1935 3231 2078 3283 enim
2133 3231 2327 3283 iratum

798 3331 879 3380 vel
911 3328 1174 3380 dolentem
1198 3324 1278 3376 vel
1301 3323 1644 3389 poeniteutem
1677 3321 1757 3372 vel
1785 3334 1890 3372 non
1911 3320 2201 3373 secundum
2226 3333 2332 3372 vo-

802 3431 913 3472 tum
947 3415 1102 3468 alieni
1136 3421 1368 3464 utentem
1387 3410 1659 3476 Scriptura
1688 3409 1836 3470 dicit,
1867 3422 2107 3474 quaarere
2136 3421 2330 3461 conve-

791 3510 872 3561 nit
892 3505 1036 3558 voeis
1056 3481 1530 3567 significationem,
1545 3507 1598 3549 et
1622 3497 1862 3550 meditari
1888 3511 1994 3563 quo
2018 3495 2174 3549 modo
2196 3497 2332 3550 banc

792 3605 1071 3652 ιὀδιιιιιυτο
1095 3593 1381 3661 possimus,
1405 3604 1510 3642 non
1533 3596 1708 3642 autem
1740 3595 2042 3655 pervertere
2061 3586 2247 3654 dignas
2267 3587 2331 3639 de

795 3688 901 3738 Deo
928 3681 1408 3752 suppositiones,et
1441 3679 1510 3731 ita
1534 3678 1647 3730 sine
1673 3676 1968 3729 oﬂ'ensione
1990 3688 2330 3728 recurratuus

797 3776 864 3830 ad
895 3775 1217 3841 Scripturas,
1245 3787 1308 3823 ex
1333 3768 1596 3837 expeditis
1613 3767 1826 3835 quidem
1878 3765 2156 3819 utilitatem
2201 3765 2333 3821 hau—

792 3868 1008 3925 rientes,
1028 3878 1088 3916 ex
1112 3859 1356 3914 obscuris
1378 3866 1554 3910 autem
1590 3871 1694 3908 non
1738 3857 1998 3908 damnum
2030 3855 2326 3923 percipien-

793 3967 890 4010 tes.
922 3955 978 4006 Si
1005 3953 1129 4022 quis
1150 3965 1275 4004 vero
1304 3946 1766 4001 incusatdivinam
1797 3946 2156 4013 Scripturam,
2209 3954 2331 3996 tan-

793 4056 952 4110 quam
985 4054 1090 4091 non
1129 4034 1500 4096 doetrinalem,
1537 4047 1642 4084 non
1707 4033 2047 4098 adjuvantem
2101 4031 2199 4086 bos
2240 4030 2331 4097 qui

796 4136 1018 4200 possunt
1047 4124 1327 4194 prolicere,
1370 4123 1542 4175 discat
1595 4134 1811 4172 omnem
1869 4120 2332 4171 bumanarumre-

799 4230 919 4268 rum
958 4211 1384 4279 dispositionem,
1442 4221 1544 4259 non
1590 4207 1643 4258 in
1694 4206 2070 4272 spiritualibus
2103 4215 2329 4269 tantum,

2415 2065 2679 2136 χάρισμα.
2726 2065 2863 2118 ὥστε
2924 2066 3099 2120 πάντα
3134 2065 3268 2136 ὁμοῦ
3318 2067 3683 2138 συνδραμόντα
3713 2069 3791 2140 τῷ
3821 2071 3954 2140 ἠγε-

2418 2155 2535 2225 μόνι
2564 2156 2750 2225 Κυρίῳ
2772 2154 2927 2225 ἡμῶν
2954 2155 3254 2208 ἑντυπῶσαι
3286 2155 3383 2226 τὴν
3409 2156 3588 2226 πάσης
3611 2158 3709 2228 τῆς
3742 2175 3955 2230 προφη-

2413 2245 2704 2314 τευομένης
2730 2244 2984 2313 ἀληθείας
3005 2245 3298 2315 μόρφωσιν.
3321 2247 3491 2302 ,Ἐστι
3522 2249 3578 2302 δὶ
3605 2248 3698 2301 τοῦ
3751 2250 3850 2318 μὲν
3877 2249 3955 2302 λό-

2413 2351 2511 2403 γου
2534 2335 2631 2402 τῆς
2655 2334 2905 2401 γνώσεως
2931 2335 3088 2406 χρεία
3113 2336 3248 2407 πρὸς
3279 2337 3339 2390 τὸ
3359 2336 3583 2409 Θεωρεῖν
3619 2338 3714 2392 τοῦ
3777 2341 3953 2394 Πνεύ⁴

2417 2441 2583 2494 ματος
2608 2424 2675 2477 τὰ
2694 2425 2993 2496 ιίιπόρῤητιι.⁸
3021 2423 3113 2479 τοῦ
3143 2425 3198 2478 δὲ
3214 2425 3372 2491 λόγου
3390 2428 3485 2496 τῆς
3509 2429 3696 2499 σοφίας
3717 2428 3853 2500 πρὸς
3897 2430 3958 2484 τὸ

2413 2516 2812 2570 κατασκευάσαι
2832 2515 2926 2569 καὶ
2958 2517 3351 2586 ἐξεργάσασθαι
3379 2519 3445 2573 τά
3472 2523 3958 2591 συνεστραμμένοις

2413 2603 2473 2656 ιν
2502 2601 2880 2672 βραχυλογίαις
2929 2603 3262 2674 ἐκδεδομένα.
3293 2606 3452 2660 Ἰδιον
3483 2608 3589 2678 γὰρ
3619 2612 3716 2675 τῆς
3766 2609 3959 2676 σοφίας

2412 2693 2472 2746 τδ
2499 2694 2755 2746 εκτείνειν
2777 2693 3218 2760 λόγον.⁹Εξὲτεινα
3234 2697 3362 2765 γὰρ,
3378 2699 3528 2766 φησι,
3550 2699 3870 2767 λόγους,καὶ
3897 2700 3958 2754 οὐ

2414 2782 2746 2852 προσείχετε.
2777 2783 3006 2838 Ἔπειτα
3019 2786 3102 2836 τοι
3123 2784 3220 2854 τῆς
3249 2785 3593 2849 διδασκαλίας
3616 2789 3959 2859 χαρίσματος

2413 2875 2492 2937 είς
2512 2871 2792 2942 οἰκοδομὴν
2806 2871 2913 2924 τῶν
2930 2873 3253 2928 ἀκουόντων.
3267 2875 3460 2928 ’ἰστέον
3471 2875 3578 2945 γάρ
3596 2876 3697 2944 πρὸ
3714 2877 3956 2939 πάντων,

2416 2963 2490 3024 ὡς
2503 2961 2607 3032 χρὴ
2621 2963 2726 3015 ἀπὸ
2744 2961 2851 3015 τῶν
2878 2962 3070 3016 κοινῶν
3085 2965 3298 3018 ἐννοιῶν
3322 2965 3674 3036 ὡρμημένους
3708 2967 3799 3018 ἐπὶ
3820 2965 3960 3019 Θεοῦ

2424 3054 2491 3104 τά
2521 3053 2899 3122 ἐναντιούμενα
2919 3053 3041 3106 ὅσον
3068 3055 3157 3108 ἐπὶ
3178 3057 3242 3124 τῇ
3267 3055 3406 3118 λέξει
3437 3054 3734 3124 ὁμολογεῖν,
3767 3055 3843 3126 μὴ
3873 3073 3963 3109 νο-

2425 3142 2532 3192 εῖν*
2564 3137 2674 3193 οἷον
2702 3141 2839 3194 κατά
2856 3143 2957 3202 τὰς
2983 3143 3165 3206 κοινὰς
3185 3144 3474 3212 προλήψεις
3521 3146 3635 3197 loti
3666 3145 3762 3215 τὴν
3806 3145 3963 3198 θείαν

2426 3225 2583 3291 φύσιν
2607 3225 2814 3292 ἀγαθὴν
2843 3228 2934 3279 καὶ
2961 3227 3223 3297 ἀόργητον
3259 3230 3356 3281 καὶ
3391 3230 3600 3284 δικαίαν
3653 3231 3960 3300 ὁμολογεῖν.

2439 3313 2559 3365 Ἐἀν
2583 3313 2687 3382 γάρ
2727 3313 3071 3382 ὀργιζόμενον
3095 3316 3127 3385 ἢ
3157 3317 3489 3384 λυπούμενον
3513 3318 3546 3387 ἢ
3582 3321 3950 3389 μεταμελόμε-

2427 3418 2514 3466 νον
2543 3401 2575 3469 ἦ
2603 3401 2675 3470 μὴ
2696 3401 2814 3454 κατ’
2849 3401 3005 3465 ἀξίαν
3031 3406 3137 3454 τινὶ
3187 3403 3459 3474 χρώμενον
3488 3407 3519 3475 η
3550 3407 3737 3478 Γραφὴ
3787 3409 3961 3476 λέγει,

2428 3491 2607 3560 ζητεῖν
2644 3492 2904 3560 προσήκει
2933 3490 2992 3544 τὸ
3018 3493 3116 3561 τῆς
3167 3492 3360 3559 λέξεως
3396 3493 3633 3564 βούλημα
3664 3497 3758 3548 καλ⁵
3809 3515 3964 3568 μεριο

2431 3583 2587 3650 μνᾷν,
2615 3581 2732 3634 τίνα
2757 3583 2951 3650 τρόπον
2979 3583 3418 3652 ἀποκαταστῆσαι
3451 3585 3782 3655 δυνηθῶμεν,
3843 3590 3965 3657 οὐχὶ

2427 3672 2483 3723 δὲ
2509 3672 2827 3741 ἀνατρέπειν
2846 3672 2943 3733 τάς
2986 3672 3288 3742 ἀξιολόγους
3319 3676 3444 3744 περὶ
3475 3674 3608 3727 Θεοῦ
3640 3677 3960 3745 ὑπολήψεις,

2428 3761 2522 3814 καὶ
2554 3761 2721 3823 οὕτως
2744 3762 3130 3832 ἅπροσκόπτως
3156 3764 3509 3832 ἐντευξόμεθα
3547 3769 3664 3828 rati;
3698 3766 3963 3836 Γραφαῖς,

2428 3851 2535 3903 ἀπὸ
2562 3850 2660 3920 μὲν
2691 3852 2796 3904 τῶν
2822 3854 3099 3923 εύλήπτων
3123 3854 3500 3922 ὠφελούμενοι,
3523 3855 3586 3908 ἑκ
3619 3857 3673 3909 δὲ
3697 3856 3805 3909 τῶν
3827 3861 3964 3912 ἀσα-

2430 3942 2702 4010 φεστέρων
2746 3944 2818 4011 μὴ
2860 3942 3232 4010 βλαπτόμενοι.
3284 3945 3406 3998 Ἐἀν
3434 3945 3490 3997 δέ
3535 3961 3618 4007 τις
3654 3946 3858 4015 ἐγκαλῇ
3893 3949 3959 4015 τῇ

2430 4030 2547 4099 θείᾳ
2596 4033 2900 4100 Γραφῇ,ὼς
2951 4034 3009 4085 ού
3038 4034 3402 4102 διδασκαλικῇ.
3457 4034 3576 4085 οὐδὲ
3626 4036 3950 4106 εὐεργετικῇ

2427 4115 2536 4166 τῶν
2564 4115 2881 4181 ὡφελεῖσθαι
2903 4117 3226 4185 δυναμένων,
3280 4120 3731 4187 καταμανθανέτω
3782 4125 3968 4177 πᾶσαν

2430 4202 2525 4272 τὴν
2555 4204 2658 4256 τῶν
2684 4205 3030 4275 ἀνθρωπίνων
3058 4207 3427 4275 διακόσμησιν,
3456 4207 3554 4259 ούκ
3580 4209 3636 4260 ὲν
3655 4225 3769 4270 τοις
3795 4227 3964 4262 πνευο

800 4303 889 4356 sed
919 4313 970 4352 et
1003 4301 1055 4350 in
1085 4296 1426 4350 inferioribus
1453 4304 1506 4346 et
1538 4293 1603 4345 ad
1632 4293 1792 4344 vitam
1832 4290 2201 4360 spectantibus
2246 4307 2330 4344 re-
2355 4315 2399 4376 C

2355 4315 2399 4376 ρ
2435 4295 2681 4361 ματικοῖς
2705 4295 2881 4361 μόνον,
2907 4293 3040 4347 ἀλλά
3070 4294 3161 4347 καὶ
3187 4297 3242 4348 ἐν
3289 4298 3399 4358 τοῖς
3443 4296 3850 4367 ὑποδεεστέροις
3875 4302 3966 4352 καὶ

802 4391 901 4441 bus
931 4394 1214 4440 constare:
1265 4381 1389 4451 quia
1421 4381 1591 4433 brutis
1640 4379 1852 4448 quidem
1910 4379 2116 4432 facilem
2155 4380 2218 4432 ad
2249 4381 2328 4432 vi-

802 4477 1028 4531 vendum
1059 4488 1209 4541 opem
1241 4486 1391 4524 escas
1435 4479 1778 4538 spontaneas,
1814 4478 1867 4521 et
1906 4467 1988 4522 ad
2037 4467 2330 4521 naturalem

800 4567 1056 4620 vestitum
1084 4565 1312 4631 pilorum
1335 4571 1387 4614 et
1422 4560 1720 4628 plumarum
1753 4568 2076 4626 tegumenta,
2109 4558 2193 4611 illa
2217 4573 2334 4626 qua:

802 4657 979 4708 «uttnia
1007 4652 1268 4721 disposuit
1293 4651 1523 4718 potentia
1559 4649 1743 4717 largita
1785 4658 1884 4702 est.
1919 4647 2196 4703 Hominem
2237 4662 2333 4699 au-

806 4756 909 4797 tem
954 4747 1156 4796 nudum
1221 4741 1539 4807 producens,
1597 4741 1861 4792 rationem
1937 4754 2032 4807 pro
2084 4739 2332 4792 omnibus

807 4833 881 4885 illi
942 4832 1104 4892 dedit,
1141 4844 1233 4896 per
1262 4844 1420 4895 quam
1483 4829 1640 4882 utiles
1695 4831 1816 4881 vitae
1864 4840 2002 4882 artes
2043 4829 2330 4882 conferun-

810 4931 912 4980 tur,
947 4919 1321 4978 arcbitcctura,
1343 4927 1574 4981 textura,
1608 4919 1954 4986 agricultura,
1977 4920 2328 4987 metallurgia,

811 5007 1125 5075 corporibus
1161 5005 1460 5056 necessaria
1498 5004 1919 5058 administrante!
1958 5015 2134 5060 mente
2175 5008 2335 5060 ratio-

813 5099 891 5150 nis
925 5112 1043 5164 opc.
1102 5095 1168 5149 Ut
1196 5097 1336 5147 enim
1377 5107 1481 5144 non
1512 5092 1667 5145 nobis
1721 5094 1963 5147 inridens
2019 5095 2117 5149 bas
2160 5098 2223 5150 ad
2253 5098 2334 5149 vi~

814 5193 1036 5239 vcndum
1064 5201 1213 5254 opes,
1241 5185 1437 5252 pariter
1463 5197 1521 5235 ac
1553 5183 1708 5235 bruta
1760 5183 2009 5236 animalia
2047 5200 2141 5237 nos
2190 5187 2334 5240 nasci

815 5279 1034 5328 omnino
1065 5276 1288 5328 Creator
1321 5283 1501 5325 noster
1527 5285 1632 5323 non
1677 5273 1964 5334 concessit,
1993 5275 2082 5326 sed
2114 5273 2176 5326 ad
2211 5291 2333 5341 pro-

811 5363 1101 5415 curandum
1124 5361 1421 5414 neccssaria
1441 5358 1801 5424 intelligentia:
1822 5358 2114 5423 pultestram
2139 5363 2336 5413 instru-

815 5452 922 5513 xit;
949 5452 1018 5502 ita
1047 5452 1168 5503 etin
1205 5451 1492 5516 Scripturis
1521 5447 1899 5499 obscuritatem
1951 5449 2012 5500 ad
2061 5451 2332 5503 utilitatem

815 5540 1006 5591 mentis
1030 5540 1288 5602 excitans,
1313 5540 1426 5604 ejus
1456 5534 1724 5604 energiam
1760 5540 2104 5603 cumparmit.
2159 5542 2334 5592 [‘rimo

2381 4436 2384 4438 ν
2435 4383 2545 4440 τοῖς
2577 4380 2717 4432 κατὰ
2742 4381 2833 4432 τὸν
2852 4380 2964 4448 βίον
2993 4381 3304 4451 πράγμασιν
3325 4399 3338 4414 ’
3366 4383 3446 4436 ὅτι
3492 4387 3601 4446 τοῖς
3625 4385 3721 4453 μὲν
3748 4387 3968 4454 ἀλόγοις

2432 4471 2648 4525 εὔκολον
2665 4472 2762 4541 τὴν
2783 4472 2914 4542 πρὸς
2951 4473 3011 4526 τὺ
3031 4472 3128 4544 ζῇν
3188 4474 3434 4544 ἀφορμὴν
3484 4479 3683 4546 τροφὰς
3733 4479 3970 4550 αὒτομάο
4051 4479 4055 4482 ’

2429 4577 2574 4625 τους,
2633 4561 2724 4614 καὶ
2777 4562 2982 4633 σκέπην
3007 4562 3247 4633 αὐτοφυᾶ
3288 4565 3381 4617 καὶ
3419 4566 3484 4619 τά
3521 4568 3583 4620 ἐκ
3633 4570 3831 4637 τριχῶν
3874 4573 3971 4631 καὶ

2433 4649 2644 4718 πτερῶν
2676 4650 2960 4719 ἐνδύματα,
2988 4654 3021 4721 ἠ
3061 4652 3128 4703 τὰ
3151 4651 3434 4720 σύμπαντα
3489 4656 3841 4727 οἱκονομοῦσα
3874 4661 3968 4714 δύ-

2434 4755 2595 4806 ναμις
2619 4739 2920 4810 ἐχαρίσατο.
2955 4741 3055 4794 Τὸν
3076 4741 3132 4792 δὲ
3155 4741 3434 4808 ἄνθρωπον
3461 4747 3662 4813 γυμνὸν
3706 4764 3860 4818 παρα
3873 4766 3966 4818 γα-

2434 4828 2602 4895 γοῦσα
2633 4829 2786 4896 λόγον
2810 4829 3004 4882 ἔδωκεν
3033 4832 3152 4884 ἀντὶ
3181 4831 3412 4896 πάντων,
3445 4834 3511 4887 δι’
3543 4831 3603 4889 οὗ
3643 4838 3777 4891 αἵτε
3807 4857 3970 4911 πορι-

2435 4919 2615 4971 στικαὶ
2671 4921 2996 4988 συνέστησαν
3054 4919 3254 4987 τέχναιν
3301 4923 3627 4996 οἶκοδθμικὴρ
3675 4929 3968 4998 ὑφαντικὴν

2434 5007 2728 5077 γεωργικὴ,
2756 5006 3100 5078 χαλκευτικὴ,
3122 5007 3181 5058 ἰδ
3207 5011 3315 5070 τοῖς
3341 5011 3578 5079 σώμασιν
3621 5016 3794 5067 ἐνδέον
3836 5020 3971 5069 ἀνα-

2436 5098 2637 5167 πληρού
2647 5115 2742 5166 σης
2760 5097 2856 5166 τῆς
2869 5096 3042 5164 ψυχῆς
3058 5099 3122 5166 τῇ
3140 5100 3399 5168 παρουσίᾳ
3422 5100 3512 5153 τοῦ
3540 5102 3716 5168 λόγου.
3752 5106 3930 5158 Ὧσπε
3938 5123 3970 5176 ρ

2434 5188 2539 5255 γὰρ
2577 5190 2633 5240 ὲν
2651 5187 2851 5247 τούτοις
2885 5186 3002 5253 οὐχὶ
3047 5184 3342 5252 βασκαίνων
3396 5192 3523 5258 ἡμῖν
3550 5193 3656 5243 τῶν
3714 5193 3854 5260 πρὸς
3911 5197 3971 5245 τὸ

2437 5276 2533 5344 ζῇν
2554 5275 2812 5345 ἀφορμῶν
2881 5273 3269 5342 παραπλησίως
3319 5280 3427 5340 τοῖς
3473 5279 3682 5347 ἀλόγοις
3735 5299 3973 5333 συναπο-

2435 5363 2752 5431 γεννηθῆναι
2783 5360 2953 5411 πάντα
2977 5361 3004 5410 ὁ
3032 5363 3360 5431 Δημιουργδς
3386 5368 3536 5433 ήμῶν
3563 5369 3623 5419 ού
3661 5368 3972 5436 συνεχώρη-

2439 5469 2549 5509 σεν,
2613 5450 2742 5502 ἀλλά
2783 5450 2877 5516 τὴν
2931 5449 3131 5501 ἔνδειαν
3164 5453 3266 5503 τῶν
3318 5456 3621 5521 ἀναγκαίων
3671 5458 3973 5521 γυμνάσιον

2437 5543 2562 5607 ἡμῖν
2588 5540 2678 5604 τῆς
2724 5539 2953 5598 διανοὲας
3004 5540 3389 5609 ἐμηχανήσατο,
3437 5545 3573 5596 οὕτω
3617 5550 3700 5595 κα’·
3763 5545 3870 5614 τὴν
3917 5549 3971 5598 ἐν
