4138 6342
218 375 351 439 1061

1135 371 1523 430 PRIEFATIO
1560 372 1658 430 AD
1691 371 2032 432 CATENAM
2068 373 2147 433 IN
2176 374 2523 434 PSALMOS.

3252 379 3384 442 1062

214 484 335 542 ταῖς
356 481 593 549 Γραλςαῖς
619 479 884 546 ἀσάφειαν
910 475 1005 526 ἐπ’
1033 473 1265 545 ὠφελείᾳ
1296 474 1386 526 τοῦ
1416 475 1505 527 νοῦ
1558 475 1754 542 διεγεί·
1781 485 1821 537 Α
1858 478 2093 545 quidem,
2132 488 2189 532 ut
2222 480 2308 533 bis
2343 489 2597 548 occupata
2627 495 2659 533 η

1784 485 1821 537 Α
1858 478 2093 545 quidem,
2132 488 2189 532 ut
2222 480 2308 533 bis
2343 489 2597 548 occupata
2627 493 2777 536 mens
2816 495 2845 534 ο
2880 482 3149 549 peioribus
3180 486 3385 540 abstrao

215 585 326 639 ρων
353 567 515 620 αὒτοῦ
545 567 642 635 τὴν
667 565 941 635 ἐνεργείαν
990 562 1301 629 ἐπετήδευσε
1327 580 1340 594 ι
1369 563 1581 630 πρῶτον
1634 564 1752 630 μὲν,

215 656 531 718 interiret;
569 653 1017 724 ὲνασχολούμενος
1070 652 1176 703 τῶν
1214 652 1468 720 χειρόνων
1522 654 1753 721 ἀφέλκηο

214 761 329 796 ταν
385 745 592 809 ἔπειτα,
626 746 705 797 ὃτι
742 744 809 795 τὰ
866 743 1008 812 πόνῳ
1061 743 1323 809 κτηθέντα
1380 742 1577 810 μᾶλλόν
1636 755 1750 804 πως

215 836 493 900 ἀγαπᾶται
513 836 605 886 καὶ
634 835 700 886 τὰ
730 834 815 885 διὰ
846 831 1053 902 μακροῦ
1088 833 1483 899 προσγενόμενα
1517 832 1753 899 μονίμως

212 939 272 973 τε
310 924 610 993 παραμένει
638 938 651 951 ⁸
674 915 747 974 ὧν
782 922 837 973 δὲ
869 919 1026 991 ῥᾳδία
1068 920 1101 987 ὴ
1132 918 1340 987 κτῆσις,
1373 920 1430 970 οὑ
1463 919 1754 988 περισπού-

212 1012 408 1076 δαστος
432 1016 464 1083 ἡ
496 1014 806 1073 ἀπόλαυσιςο
824 1009 1282 1078 εὐκαταφρόνητος
1316 1008 1422 1076 γὰρ
1450 1010 1483 1076 ἡ
1509 1008 1614 1059 τῶν
1631 1024 1752 1075 προσ

212 1102 415 1170 χείρων
463 1102 724 1170 παρουσία
779 1103 870 1152 καὶ
894 1099 1145 1167 οὐδεμιᾶς
1190 1097 1428 1166 φυλακῆς
1464 1096 1752 1165 ἀξιουμένη

212 1194 326 1253 τοῖς
357 1192 553 1261 ἔχουσι.
578 1193 671 1243 Διά
701 1190 856 1243 τοῦτο
888 1190 1031 1257 καὶή
1062 1189 1169 1241 τῶν
1189 1188 1410 1255 ὀνείρων
1431 1188 1589 1257 φύσις
1610 1188 1749 1238 ἀσα-

214 1282 324 1349 φὴς
355 1284 445 1333 καὶ
465 1282 683 1348 πλαγία,
712 1281 804 1333 καὶ
831 1280 948 1331 οὐδὲ
974 1280 1179 1347 μικρᾶς
1214 1278 1437 1346 δεομένη
1467 1278 1563 1345 τῆς
1581 1279 1645 1329 ὲκ
1658 1276 1752 1329 τοῦ

212 1368 309 1419 νοῦ
333 1368 654 1436 ἐντρεχείας,
688 1369 780 1420 καὶ
813 1366 979 1436 πολλὴ
1010 1366 1294 1433 συγγένεια
1321 1366 1455 1434 πρὸς
1477 1364 1541 1417 τὰ
1561 1364 1753 1416 ὲκτῶν

211 1456 437 1526 ὀνείρων
458 1457 785 1525 αἰνιγμάτων
812 1458 920 1519 τοῖς
946 1456 1063 1507 κατ’
1082 1454 1369 1524 ἐπίκρυψιν
1394 1456 1450 1506 ὲν
1470 1456 1534 1522 τῇ
1567 1454 1751 1523 Γραφῇ

210 1543 560 1612 δηλουμένοις
588 1557 603 1573 ⁶
630 1543 751 1596 ὅθεν
774 1544 864 1595 καὶ
937 1543 1127 1611 Ἰωσὴφ
1154 1544 1249 1594 καὶ
1300 1541 1492 1610 Δανιὴλ
1510 1541 1584 1609 τῷ
1622 1558 1752 1609 προσ

213 1633 430 1701 φητικῷ
454 1631 749 1703 χαρίσματι
772 1632 838 1685 τά
868 1632 1114 1701 ὀνείρατα
1146 1630 1506 1698 διεγίνωσκον,
1568 1629 1753 1697 ἐπειδὴ

213 1722 317 1774 οὐκ
344 1723 587 1791 αὐτάρκη
636 1724 704 1776 τὰ
737 1722 843 1774 τῶν
878 1721 1093 1773 ἐννοιῶν
1137 1721 1270 1789 πρὸς
1293 1720 1405 1787 τὴν,
1444 1721 1611 1788 θήραν
1656 1722 1751 1787 τῆς

212 1810 486 1878 ἀληθείας.
508 1812 646 1880 Πρὸς
671 1811 726 1865 ὁὶ
757 1812 961 1871 τούτοις
1002 1811 1156 1879 χρεία
1186 1810 1283 1879 τῆς
1310 1812 1368 1862 ὲν
1392 1810 1469 1879 τῷ
1509 1810 1607 1878 βίῳ
1653 1826 1750 1860 κα-

213 1899 531 1968 θαρότητος,
552 1900 689 1953 ὥστε
732 1901 825 1953 καὶ
864 1900 997 1970 πρὸς
1017 1900 1112 1968 τὴν
1163 1900 1260 1968 τῆς
1304 1900 1498 1969 ἠθικῆς
1558 1899 1753 1966 ἀρετῆς

213 1988 558 2057 ἐπιτήδευσιν
578 1991 637 2041 τὸ
666 1992 722 2041 ἐν
747 1992 865 2050 ταῖς
896 1988 1136 2061 Γραφαῖς
1188 1987 1599 2053 κεκαλυμμένον
1635 1986 1749 2036 δια-

211 2077 522 2145 ψευσθῆναι
552 2094 565 2107 ·
593 2078 747 2146 χρεία
770 2077 825 2128 δὲ
859 2078 991 2146 πρὸς
1019 2080 1084 2145 τῇ
1133 2076 1458 2145 καθαρότητι
1505 2074 1605 2137 τοῦ»
1638 2074 1752 2142 βίου

212 2166 432 2235 καὶτῆς
460 2168 517 2217 ἐν
559 2169 676 2226 ταῖς
717 2166 953 2235 Γραφαῖς
997 2164 1294 2232 διατρισῆς,
1341 2165 1425 2215 ἶνα
1448 2164 1507 2213 τὸ
1555 2177 1752 2228 σεμνο-

214 2233 423 2322 πρεπὲς
442 2255 531 2305 καὶ
560 2233 831 2321 μυστικὸν
852 2252 959 2302 τῶν
989 2252 1147 2305 θείων
1175 2250 1368 2315 λογίων
1406 2251 1469 2301 bc
1496 2248 1593 2317 τῆς
1632 2265 1753 2299 συνι-

214 2343 375 2411 εχοῦς
410 2343 635 2411 μελέτης
663 2340 963 2393 ἑντυπωθὲν
989 2344 1051 2409 τῇ
1074 2341 1237 2408 ψυχῇ.
1258 2340 1376 2391 Ὅτι
1405 2337 1459 2389 δὲ
1492 2337 1602 2405 βίου
1632 2338 1751 2388 ὅλου

210 2432 384 2484 δεῖται
408 2434 438 2501 ἡ
464 2432 569 2485 τῶν
600 2432 755 2485 θείων
781 2431 986 2498 Λογίων
1009 2429 1225 2497 μελέτη,
1250 2428 1549 2495 συνίστησιν
1577 2429 1604 2478 ὁ
1626 2428 1753 2478 Μω-

222 2522 364 2583 σέως
398 2522 528 2590 βίος,
554 2523 612 2584 ὃς
666 2524 723 2574 ἑν
752 2522 848 2591 μὲν
872 2523 939 2589 τῇ
994 2519 1183 2588 πρώτῃ
1230 2532 1754 2585 τεσσαρακονταετη-

217 2611 324 2680 ρίδι
364 2611 648 2680 ἐπαιδεύθη
678 2612 745 2663 τὰ
797 2608 1128 2676 Αἰγυπτίων.
1169 2607 1291 2659 Ἐπὶ
1331 2606 1387 2658 δὲ
1422 2609 1488 2674 τῇ
1531 2605 1755 2674 δευτέρᾳ

214 2700 820 2771 τεσσαρακονταετηρίδι
841 2697 1208 2767 ὲπὶπροφάσει
1234 2695 1323 2747 τοῦ
1358 2695 1657 2763 ποιμαίνειν
1678 2696 1754 2753 εἰς

214 2786 316 2845 τὰς
334 2787 567 2855 ἐρημίας
578 2789 929 2857 ἀναχωρήσας
950 2790 1014 2856 τῇ
1030 2786 1226 2855 θεωρία
1243 2784 1346 2835 τῶν
1364 2784 1527 2835 ὔντων
1541 2784 1757 2849 ὲπεσχόο

215 2877 307 2941 λα,
326 2879 418 2930 καὶ
432 2877 571 2930 οὕτω
585 2877 764 2933 λοιπὸν
777 2879 872 2947 τῆς
902 2878 993 2929 τοῦ
1026 2876 1158 2927 Θεοῦ
1180 2875 1491 2942 ἐπιφανείας
1512 2872 1753 2938 ἀξιωθεὶς

218 2969 363 3036 μετά
385 2967 481 3034 τὴν
508 2966 1126 3036 τεσσαρακονταετηρίδα
1158 2966 1301 3017 ἄκων
1347 2964 1448 3016 ὑπὸ
1506 2964 1601 3031 τῆς
1639 2962 1757 3029 φιλ-

1857 564 2014 616 liatut-
2041 581 2055 627 ;
2079 565 2291 629 deinde,
2323 565 2448 633 quia
2480 567 2659 619 labore
2684 568 2905 634 qumsita
2934 571 3099 639 magis
3120 574 3383 641 quodam-

1854 651 2013 704 modo
2047 667 2311 716 amamus,
2338 661 2391 706 et
2414 669 2533 721 quae
2561 655 2703 707 lente
2728 658 2948 710 veniunt
2991 668 3243 727 perpetuo
3294 661 3389 713 du-

1853 752 1975 796 rant
2003 758 2018 796 :
2053 758 2279 812 quorum
2332 756 2507 798 autem
2542 745 2713 798 facilis
2742 756 2825 799 est
2854 750 3157 816 arquisitio,
3184 750 3388 804 finitio-

1855 848 1974 886 nem
2024 849 2127 886 non
2163 836 2495 888 aemulamur.
2532 835 2955 905 Contemptiliilis
3013 840 3154 893 enim
3207 855 3386 895 rerum

1852 936 1969 988 quae
2000 931 2123 976 sunt
2149 922 2214 975 ad
2242 939 2453 975 manum
2480 925 2772 989 possessio,
2806 935 2858 978 et
2881 928 3080 981 nullius
3124 931 3382 983 custodiat-

1854 1012 2009 1079 digna
2032 1011 2239 1064 videtur
2261 1012 2599 1066 habentibus.
2620 1012 2742 1066 Ideo
2759 1024 2811 1066 et
2834 1015 3381 1083 somniorumnatura

1854 1099 2080 1153 obscura
2113 1109 2166 1153 et
2192 1100 2462 1169 ambigua,
2520 1116 2694 1170 neque
2733 1118 2893 1170 parva
2920 1104 3140 1173 indiget
3195 1108 3387 1159 mentis

1853 1186 2144 1255 diligentia.
2203 1188 2267 1241 Et
2318 1203 2565 1257 magnam
2608 1172 2981 1256 cognationem
3038 1172 3231 1244 habent
3266 1208 3386 1246 cum

1852 1275 2182 1327 somniorum
2217 1275 2606 1343 aenigmatibns,
2641 1292 2759 1344 quas
2786 1293 2878 1344 per
2899 1278 3133 1333 latebras
3161 1280 3210 1332 in
3249 1279 3389 1335 Scri-

1850 1373 2007 1433 ptura
2032 1363 2431 1417 ostenduntur:
2470 1365 2807 1434 indeJoseph
2838 1377 2890 1419 et
2929 1366 3112 1420 Daniel
3160 1373 3388 1439 prophe-

1852 1451 1952 1503 tica
2012 1450 2179 1516 gratia
2243 1450 2450 1503 somnia
2504 1452 2911 1518 perspiciebant,
2982 1455 3232 1520 quoniam
3280 1470 3385 1509 non

1850 1539 2121 1592 subiciunt
2149 1539 2488 1608 cogitationis
2516 1541 2659 1593 vires
2691 1541 2755 1593 ad
2780 1541 3200 1609 acquisitionem
3252 1545 3389 1597 veri-

1853 1625 2115 1678 tatis.°Ad
2153 1624 2264 1678 hac
2294 1625 2497 1678 utilitas
2533 1636 2615 1680 est
2640 1629 2763 1680 vitae
2804 1630 3077 1696 puritatis,
3108 1631 3177 1684 ila
3226 1641 3282 1683 ut
3324 1634 3387 1685 ad

1852 1715 2069 1767 moralis
2095 1714 2311 1768 virtutis
2328 1716 2641 1770 exercitium
2673 1719 2815 1785 quod
2858 1719 2911 1772 in
2961 1718 3234 1787 Scriptura
3269 1722 3392 1775 latet

1784 1780 1825 1834 Β
1853 1804 2220 1871 dignoscatur.
2252 1803 2463 1859 Utilitas
2494 1806 2596 1861 alia
2618 1780 2703 1859 est
2724 1818 2914 1874 praeter
2940 1809 3057 1861 vita:
3080 1780 3385 1877 puritatem,

1853 1892 2278 1946 conversationis
2344 1893 2397 1945 in
2440 1891 2748 1961 Scripturis,
2799 1904 2856 1948 ut
2893 1896 3121 1963 dignitas
3178 1908 3229 1951 ct
3267 1914 3391 1953 san-

1851 1980 2013 2032 ctitas
2041 1980 2348 2032 divinorum
2381 1980 2663 2034 verborum
2684 1984 2875 2037 anima:
2896 1999 2955 2037 ex
2984 1988 3199 2039 assiduo
3216 1991 3393 2043 studio

1854 2070 2215 2135 imprimatur.
2275 2067 2428 2132 Quod
2504 2079 2681 2122 autem
2749 2083 2857 2125 tota
2922 2075 3027 2125 vita
3091 2086 3242 2142 egeat
3308 2078 3391 2131 di.

1851 2158 2095 2210 vinorum
2130 2157 2410 2210 verborum
2447 2159 2707 2219 studium,
2746 2169 2972 2212 testatur
3000 2161 3193 2233 Mpysis
3240 2164 3388 2228 vita;

1851 2247 1943 2316 qui
1969 2248 2021 2299 in
2054 2248 2227 2314 primo
2260 2263 2521 2301 annorum
2547 2264 2767 2302 suorum
2828 2252 3253 2322 quadragenario
3310 2255 3393 2307 di-

1852 2336 2055 2389 dicerat
2082 2336 2450 2406 Egyptiorum
2488 2337 2796 2403 doctrinas;
2829 2339 2881 2391 in
2912 2342 3150 2394 secundo
3208 2352 3386 2395 autem

1852 2426 2299 2495 quadragenario,
2339 2428 2439 2480 sub
2461 2436 2714 2495 praetextu
2745 2430 2993 2494 pascendi
3036 2446 3161 2484 ores
3198 2433 3247 2484 in
3300 2432 3391 2485 de—

1853 2517 2745 2585 sertasecedens,contemplationi
2778 2519 2981 2571 entium
3044 2520 3285 2585 vacabat,
3340 2532 3393 2576 et

1855 2607 1922 2659 ita
1955 2606 2099 2660 brevi
2153 2606 2244 2660 Dei
2306 2607 2737 2663 manifestatione
2782 2609 2977 2678 dignus
3010 2610 3244 2676 habitus,
3274 2620 3395 2680 post

1855 2710 2121 2749 annorum
2177 2697 2660 2765 quadragenarium
2704 2697 2796 2752 Dei
2828 2698 3155 2767 benignitate
3187 2702 3253 2754 ad
3299 2700 3395 2753 bo-

1854 2785 2060 2838 minum
2114 2799 2296 2839 curam
2364 2787 2756 2855 suscipiendam
2809 2789 3009 2842 inritus
3062 2787 3294 2853 devenit,
3343 2799 3399 2843 et

1855 2887 1963 2926 non
1994 2883 2252 2942 perpetuo
2274 2884 2384 2928 tum
2416 2876 2467 2928 in
2490 2876 2722 2944 practica
2782 2876 2890 2929 vita
2941 2879 3261 2945 permansit.
3303 2880 3398 2932 sed

1855 2965 2015 3017 etiam
2045 2964 2111 3016 ad
2149 2964 2622 3031 contemplativam
2678 2965 2877 3033 saepius
2927 2981 2985 3019 se
3056 2967 3398 3032 remittebat;

217 3055 529 3125 ανθρωπίας
556 3056 647 3107 τοῦ
686 3054 816 3106 Θεοῦ
835 3056 925 3107 ἐπὶ
957 3054 1053 3123 τὴν
1082 3054 1185 3106 τῶν
1207 3050 1505 3120 ἀνθρώπων
1563 3049 1753 3117 ιἐπιμέ⁹
1781 3073 1825 3130 C
1858 3051 1998 3105 unde
2022 3059 2075 3105 et
2101 3051 2154 3104 in
2186 3050 2551 3119 .Egyptiorum
2588 3052 2659 3105 idt

1784 3073 1825 3130 ο
1858 3051 1998 3105 unde
2022 3059 2075 3105 et
2101 3051 2154 3104 in
2186 3050 2551 3119 .Egyptiorum
2588 3052 2940 3107 idololatriam
3004 3054 3189 3108 incidit
3216 3056 3399 3108 multi-

216 3145 370 3197 λειαν
400 3145 723 3214 κατηνέχθη,
754 3145 847 3198 καὶ
880 3143 997 3195 οὐδὲ
1034 3142 1153 3195 τότε
1206 3141 1462 3209 διηνεκῶς
1495 3138 1569 3208 τῷ
1612 3156 1755 3209 πρα-

221 3233 397 3303 κτικῷ
422 3234 691 3303 παρέμενε
720 3233 836 3304 βίῳ,
877 3231 1009 3285 ἀλλὰ
1054 3233 1143 3284 καὶ
1194 3232 1326 3301 πρὸς
1347 3231 1436 3285 τὸν
1474 3230 1760 3282 ἐποπτικὸν

219 3324 432 3376 ἐπανίει
491 3324 784 3386 πολλάκις,
864 3322 983 3379 ὅθεν
1032 3323 1122 3375 καὶ
1160 3324 1236 3383 είς
1280 3322 1377 3391 τὴν
1424 3321 1760 3389 Αίγυπτικὴν

219 3413 606 3483 εἰδωλομανίαν
634 3414 765 3477 ὅλως
822 3412 1093 3483 ὑπηνέχθη
1140 3415 1209 3465 τά
1262 3412 1462 3482 πλήθη,
1533 3412 1613 3480 τῷ
1641 3410 1759 3479 Θεῷ

220 3504 470 3565 συνόντος
498 3504 590 3555 τοῦ
610 3504 792 3572 ἀνδρὸς
842 3507 896 3558 ἐν
922 3505 996 3573 τῷ
1053 3505 1166 3574 δρει
1191 3519 1203 3532 ·
1254 3503 1457 3557 τοιοῦτο
1489 3504 1544 3556 δέ
1592 3520 1644 3555 τι
1674 3503 1765 3555 καὶ

220 3592 248 3639 ὁ
287 3587 495 3654 Ἠλίας,
522 3592 613 3643 τὸν
650 3593 757 3645 τῶν
796 3592 1092 3660 ἀνθρώπων
1145 3593 1296 3661 ὄχλον
1353 3593 1758 3661 διαδιδράσκων,

222 3680 317 3727 καὶ
346 3680 435 3729 ἐπὶ
492 3679 589 3739 τὰς
660 3681 889 3747 ἐρημίας
954 3681 1283 3749 φιλοχωρῶν.
1338 3682 1401 3735 Εἰ
1440 3683 1615 3734 τοίνυν
1655 3685 1765 3744 τοῖς

224 3766 404 3829 ἁγίοις
441 3768 576 3833 μετὰ
606 3769 783 3833 πάσης
811 3770 1121 3829 εὐσταθείας
1143 3770 1236 3821 τοῦ
1261 3772 1582 3838 ἡγεμονικοῦ
1634 3775 1756 3822 ἐπο-

223 3852 369 3902 νεῖτο
398 3851 496 3918 τῆς
536 3852 789 3921 ἀληθείας
816 3856 845 3921 η
875 3853 1115 3920 ζήτησις,
1143 3854 1253 3914 πῶς
1278 3856 1374 3906 οὐκ
1402 3856 1603 3919 ἀλόγως
1640 3858 1763 3915 τοὺς

1868 3142 2018 3205 tudo,
2049 3141 2265 3208 quando
2292 3140 2501 3208 Moyses
2534 3141 2587 3194 in
2616 3152 2795 3197 monte
2829 3159 2947 3196 cum
2987 3143 3096 3197 Deo
3113 3159 3399 3199 conversa-

1861 3233 2039 3285 hatur.
2084 3232 2223 3285 Idem
2262 3232 2325 3285 de
2353 3230 2465 3284 Elia
2495 3232 2802 3298 dicendum,
2833 3234 3110 3287 hominum
3133 3234 3398 3288 tumulum

1861 3320 2096 3390 fugiente
2121 3331 2172 3374 et
2205 3322 2257 3374 in
2287 3320 2497 3374 deserta
2545 3322 2841 3375 secedente.
2889 3323 2945 3375 Si
2992 3324 3152 3392 igitur
3200 3326 3401 3377 sanctis

1862 3427 1983 3464 cum
2022 3410 2188 3465 multa
2226 3411 2523 3465 constantia
2550 3413 2701 3465 ducis
2728 3413 2895 3464 nostri
2948 3413 3187 3465 veritatis
3234 3428 3398 3482 expe-

1866 3502 1962 3555 tita
2007 3514 2089 3554 est
2146 3501 2456 3569 exquisitio,
2506 3502 2773 3570 quomodo
2809 3517 2916 3554 non
2958 3502 3204 3555 insanum
3265 3503 3402 3555 iuret

1863 3592 2072 3645 fructus
2096 3601 2360 3646 tantorum
2392 3590 2632 3645 laborum
2667 3593 2780 3646 sine
2809 3593 2909 3644 ulla
2970 3593 3179 3646 actione
3228 3592 3400 3658 inqui-

1862 3681 2016 3733 rere?
2039 3680 2270 3732 Observa
2295 3681 2460 3740 enim,
2487 3679 2631 3733 Elias
2663 3690 2921 3747 quantum
2948 3695 3135 3747 passus
3168 3679 3235 3730 sit
3274 3678 3404 3730 ει.ιὶ-

1862 3768 2064 3828 tudine,
2088 3768 2409 3827 calamitate,
2434 3767 2632 3843 labore,
2668 3777 2725 3819 ut
2770 3768 2933 3819 Deum
2969 3767 3177 3819 videndi
3210 3767 3401 3835 dignus

1870 3855 2177 3907 haberetur.

227 3943 477 4011 καρποὺς
511 3943 618 3995 τῶν
667 3945 872 4013 μυρίων
928 3946 1183 4012 καμάτων
1219 3947 1342 3997 ἄνευ
1384 3946 1525 4007 τινὸς
1552 3946 1936 4013 πραγματείας·
1981 3944 2301 4013 ἐπιζητεῖν;
2336 3944 2499 4013 Τήρει
2556 3944 2682 4011 γὰρ,
2719 3945 2810 3997 καὶ
2877 3944 3057 4006 Ἠλίας
3124 3946 3239 4014 μεθ’
3280 3948 3401 3997 ὅσον

224 4034 590 4103 ἀναχωρήσας
638 4034 731 4085 καὶ
781 4034 1025 4104 ἀτυχίας,
1058 4036 1151 4087 καὶ
1210 4036 1504 4104 καμάτους,
1563 4035 1827 4087 ίδεῐνθεὸν
1853 4033 2075 4104 ἠξιώθη.

673 4410 1296 4501 PRIEFA'I‘IO
1369 4412 1510 4497 AD
1582 4409 2119 4498 CA'I‘ENAM
2202 4411 2317 4496 IN
2410 4407 2965 4500 PSALMOS.

1017 4616 1249 4679 (Catalog.
1285 4630 1399 4667 mss.
1431 4617 1738 4667 bibliothecas
1766 4618 1993 4668 Gmhanae
2013 4620 2080 4674 ιο,
2105 4607 2154 4677 pl
2185 4618 2261 4675 25,
2289 4616 2479 4678 Lipsiae,
2503 4617 2659 4677 ΠΗ.)

312 4918 379 4969 Ἦ
415 4918 697 4985 ἔκδοσις,ὴ
734 4918 826 4986 μὲν
858 4918 949 4970 ἐπὶ
977 4914 1347 4987 Καρακάλλου,
1373 4911 1465 4965 τοῦ
1491 4910 1773 4978 Ῥωμαίων
1804 4923 1846 4975 ι)
1952 4909 2153 4970 νει-δίο,
2210 4910 2295 4962 illa
2338 4912 2549 4972 quidem
2597 4911 2659 4964 im

1804 4923 1846 4975 ι)
1952 4909 2153 4970 νει-δίο,
2210 4910 2295 4962 illa
2338 4912 2549 4972 quidem
2597 4911 2918 4980 imperatore
2962 4915 3253 4981 Caracalla,
3290 4920 3402 4974 hcec

233 5006 727 5074 ἡγεμονεύσαντος·
772 5009 803 5074 ἡ
855 5006 908 5059 δὲ
964 5006 1059 5057 ἐπὶ
1117 5002 1479 5069 Ἀλεξάνδρου,
1534 4999 1624 5051 τοῦ
1674 4999 1769 5066 τῆς

234 5092 499 5159 Μαμαίας
526 5105 541 5120 ⁸
578 5092 845 5161 ἀπάτορες
883 5092 979 5161 μὲν
1011 5092 1320 5160 ἀμφότεροι,
1353 5088 1444 5139 καὶ
1474 5084 1765 5155 ἀνώνυμοι,

230 5182 373 5246 πλὴν
414 5179 662 5249 οὐδετέρα
690 5182 933 5251 ἀσφαλής
965 5198 978 5211 ·
1012 5185 1100 5233 ἐπὶ
1143 5182 1196 5233 δὲ
1268 5175 1637 5241 Διοκλητιανοῦ
1677 5175 1768 5227 καὶ

230 5255 575 5337 Μαξιμιανοῦ
614 5269 718 5321 τῶν
738 5271 1029 5339 τυράννων,
1057 5274 1083 5324 ὁ
1111 5270 1429 5341 ίερομάρτυς
1459 5267 1764 5327 Λουκιανὸς,

233 5358 374 5428 ἀνὴρ
402 5359 499 5425 οὐχ
530 5352 688 5427 ἦττον
715 5359 780 5409 τὰ
810 5360 918 5411 τῶν
959 5360 1218 5412 Ἰουδαίων
1256 5356 1689 5426 ἀκριϐωσάμενος
1731 5354 1763 5422 ἦ

233 5451 301 5501 τὰ
353 5447 641 5516 Ἑλλήνων,
664 5448 759 5509 τὰς
780 5450 994 5503 ἐκείνων
1029 5452 1235 5521 βίϐλους
1267 5453 1342 5510 είς
1376 5450 1470 5508 τὴν
1498 5447 1767 5516 ἡμετέραν

234 5541 514 5594 διάλεκτον
564 5539 906 5606 μετατίθησιν
944 5541 1137 5610 ἄριστά
1168 5559 1224 5594 τε
1252 5540 1343 5593 καὶ
1370 5538 1766 5605 ἀσφαλέστατα,

248 5630 438 5697 Ἡμεῖς
467 5628 522 5678 δὲ
551 5628 638 5678 καὶ
667 5630 759 5694 τὴν
792 5631 1037 5697 τοιαύτην
1076 5632 1279 5683 ἔκδοσιν
1305 5620 1667 5697 σεϐαζόμένει,
1705 5629 1767 5695 τῇ

1878 5006 2050 5049 autem
2088 4998 2388 5075 Alexandro
2413 4998 2697 5054 Mammaea:
2724 5002 2828 5055 ﬁlio
2854 5020 2868 5067 ;
2900 5004 3143 5059 obscum
3174 5017 3402 5075 utraque

1875 5086 2105 5154 originis
2135 5098 2183 5139 et
2214 5089 2447 5143 nominis
2471 5090 2655 5158 ignoti.
2689 5102 3038 5161 przeterquam
3082 5096 3218 5161 quod
3272 5111 3398 5147 neno

1876 5186 1955 5227 tra
2008 5176 2141 5229 satis
2176 5188 2339 5231 certa.
2371 5176 2761 5247 lmperantibus
2789 5191 2964 5234 autem
2999 5183 3324 5236 Diocletiano
3352 5196 3402 5239 et

1875 5266 2195 5321 Maximiano
2251 5273 2511 5338 tyrannis,
2562 5270 2830 5326 Lucianus
2877 5287 3076 5343 martyr
3129 5290 3222 5341 pro
3280 5277 3397 5343 ﬁde,

1881 5357 1959 5409 vir
1992 5362 2080 5426 qui
2116 5374 2219 5411 non
2255 5360 2436 5413 minus
2461 5361 2766 5414 Graecorum
2800 5378 2958 5429 quam
2991 5361 3291 5417 Judaeorum
3321 5368 3402 5418 lit-

1871 5458 2008 5500 teras
2040 5451 2411 5515 percalluerat,
2446 5452 2651 5503 illarum
2683 5452 2847 5503 libros
2875 5451 2927 5503 in
2955 5460 3196 5505 nostrum
3229 5464 3401 5510 trans-

1870 5536 1989 5587 tulit
2024 5554 2323 5591 sermonem
2349 5542 2545 5605 Optime
2574 5551 2623 5592 ct
2658 5538 3001 5607 peritissime.
3022 5540 3129 5596 Nos
3163 5560 3287 5598 vero
3310 5548 3397 5614 qui

1873 5627 2048 5694 Illuglli
2081 5630 2407 5684 a‘stimamus
2440 5630 2635 5683 habere
2667 5628 2822 5696 hujus
2850 5633 3056 5698 generis
3083 5636 3398 5699 versionem,
