  <div class='ocr_page' id='page_1' title='image "/cluster/home/n/w/nwhite01/storage/ocr_20150623/106/pst.000005714162/569.png"; bbox 0 0 4138 6342; ppageno 0'>
   <div class='ocr_carea' id='block_1_1' title="bbox 706 285 840 351">
    <p class='ocr_par' dir='ltr' id='par_1_1' title="bbox 706 285 840 351">
     <span class='ocr_line' id='line_1_1' title="bbox 706 285 840 351; baseline 0.007 -1"><span class='ocrx_word' id='word_1_1' title='bbox 706 285 840 351; x_wconf 85' lang='grc'><strong>1063</strong></span> 
     </span>
    </p>
   </div>
   <div class='ocr_carea' id='block_1_2' title="bbox 1397 290 3162 351">
    <p class='ocr_par' dir='ltr' id='par_1_2' title="bbox 1397 290 3162 351">
     <span class='ocr_line' id='line_1_2' title="bbox 1397 290 3162 351; baseline 0.001 -3"><span class='ocrx_word' id='word_1_2' title='bbox 1397 292 1780 351; x_wconf 79' lang='lat' dir='ltr'><strong>OPUSCULA</strong></span> <span class='ocrx_word' id='word_1_3' title='bbox 1823 292 2439 351; x_wconf 72' lang='lat' dir='ltr'><strong>SCRIPTURISTICA</strong></span> <span class='ocrx_word' id='word_1_4' title='bbox 2482 290 2822 350; x_wconf 67' lang='lat' dir='ltr'><strong>INCERTIE</strong></span> <span class='ocrx_word' id='word_1_5' title='bbox 2861 290 3162 350; x_wconf 65' lang='lat' dir='ltr'><strong>IETA&#39;IIS.</strong></span> 
     </span>
    </p>
   </div>
   <div class='ocr_carea' id='block_1_3' title="bbox 3739 287 3874 350">
    <p class='ocr_par' dir='ltr' id='par_1_3' title="bbox 3739 287 3874 350">
     <span class='ocr_line' id='line_1_3' title="bbox 3739 287 3874 350; baseline 0 -2"><span class='ocrx_word' id='word_1_6' title='bbox 3739 287 3874 350; x_wconf 71' lang='grc'><strong>1064</strong></span> 
     </span>
    </p>
   </div>
   <div class='ocr_carea' id='block_1_4' title="bbox 701 395 2243 468">
    <p class='ocr_par' dir='ltr' id='par_1_4' title="bbox 701 396 2235 464">
     <span class='ocr_line' id='line_1_4' title="bbox 701 396 2235 464; baseline 0.001 -17"><span class='ocrx_word' id='word_1_7' title='bbox 701 396 846 447; x_wconf 80' lang='lat' dir='ltr'><strong>illam</strong></span> <span class='ocrx_word' id='word_1_8' title='bbox 894 396 1011 448; x_wconf 90' lang='lat' dir='ltr'><strong>ideo</strong></span> <span class='ocrx_word' id='word_1_9' title='bbox 1063 396 1398 464; x_wconf 84' lang='lat' dir='ltr'><strong>septuaginta</strong></span> <span class='ocrx_word' id='word_1_10' title='bbox 1446 397 1672 449; x_wconf 90' lang='lat' dir='ltr'><strong>duorum</strong></span> <span class='ocrx_word' id='word_1_11' title='bbox 1727 398 2076 464; x_wconf 75' lang='lat' dir='ltr'><strong>interpretum</strong></span> <span class='ocrx_word' id='word_1_12' title='bbox 2133 398 2235 448; x_wconf 87' lang='lat' dir='ltr'><strong>im-</strong></span> 
     </span>
    </p>
   </div>
   <div class='ocr_carea' id='block_1_5' title="bbox 2333 395 3872 468">
    <p class='ocr_par' dir='ltr' id='par_1_5' title="bbox 2341 395 3872 468">
     <span class='ocr_line' id='line_1_5' title="bbox 2341 395 3872 468; baseline -0.001 -20"><span class='ocrx_word' id='word_1_13' title='bbox 2341 398 2446 450; x_wconf 83' lang='grc' dir='ltr'><strong>τῶν</strong></span> <span class='ocrx_word' id='word_1_14' title='bbox 2488 398 2883 468; x_wconf 79' lang='grc' dir='ltr'><strong>Ἐὅδομήκοντα</strong></span> <span class='ocrx_word' id='word_1_15' title='bbox 2913 397 3002 448; x_wconf 86' lang='grc' dir='ltr'><strong>δύο</strong></span> <span class='ocrx_word' id='word_1_16' title='bbox 3048 395 3431 466; x_wconf 83' lang='grc' dir='ltr'><strong>προσκείμεθα,</strong></span> <span class='ocrx_word' id='word_1_17' title='bbox 3471 396 3700 465; x_wconf 85' lang='grc' dir='ltr'><strong>μάλιστα</strong></span> <span class='ocrx_word' id='word_1_18' title='bbox 3750 400 3872 450; x_wconf 72' lang='grc' dir='ltr'><strong>ἐπεὶ</strong></span> 
     </span>
    </p>
   </div>
   <div class='ocr_carea' id='block_1_6' title="bbox 703 485 2237 554">
    <p class='ocr_par' dir='ltr' id='par_1_6' title="bbox 703 485 2237 554">
     <span class='ocr_line' id='line_1_6' title="bbox 703 485 2237 554; baseline 0.003 -18"><span class='ocrx_word' id='word_1_19' title='bbox 703 485 890 551; x_wconf 84' lang='lat' dir='ltr'><strong>primis</strong></span> <span class='ocrx_word' id='word_1_20' title='bbox 925 486 1222 553; x_wconf 82' lang='lat' dir='ltr'><strong>sequimur,</strong></span> <span class='ocrx_word' id='word_1_21' title='bbox 1258 487 1398 554; x_wconf 90' lang='lat' dir='ltr'><strong>quod</strong></span> <span class='ocrx_word' id='word_1_22' title='bbox 1431 487 1711 552; x_wconf 85' lang='lat' dir='ltr'><strong>insigniter</strong></span> <span class='ocrx_word' id='word_1_23' title='bbox 1739 485 2011 540; x_wconf 71' lang='lat' dir='ltr'><strong>Ilebraica:</strong></span> <span class='ocrx_word' id='word_1_24' title='bbox 2045 488 2237 551; x_wconf 66' lang='lat' dir='ltr'><strong>lingua!</strong></span> 
     </span>
    </p>
   </div>
   <div class='ocr_carea' id='block_1_7' title="bbox 702 575 2238 644">
    <p class='ocr_par' dir='ltr' id='par_1_7' title="bbox 702 575 2238 644">
     <span class='ocr_line' id='line_1_7' title="bbox 702 575 2238 644; baseline 0.003 -20"><span class='ocrx_word' id='word_1_25' title='bbox 702 575 1080 641; x_wconf 77' lang='lat' dir='ltr'><strong>proprietatem</strong></span> <span class='ocrx_word' id='word_1_26' title='bbox 1124 585 1309 630; x_wconf 84' lang='lat' dir='ltr'><strong>nostro</strong></span> <span class='ocrx_word' id='word_1_27' title='bbox 1347 591 1598 629; x_wconf 90' lang='lat' dir='ltr'><strong>sermone</strong></span> <span class='ocrx_word' id='word_1_28' title='bbox 1640 578 2042 644; x_wconf 77' lang='lat' dir='ltr'><strong>expresserim;</strong></span> <span class='ocrx_word' id='word_1_29' title='bbox 2089 586 2238 628; x_wconf 85' lang='lat' dir='ltr'><strong>tanto</strong></span> 
     </span>
    </p>
   </div>
   <div class='ocr_carea' id='block_1_8' title="bbox 705 663 2236 728">
    <p class='ocr_par' dir='ltr' id='par_1_8' title="bbox 705 663 2236 728">
     <span class='ocr_line' id='line_1_8' title="bbox 705 663 2236 728; baseline 0.002 -16"><span class='ocrx_word' id='word_1_30' title='bbox 705 664 919 728; x_wconf 84' lang='lat' dir='ltr'><strong>quidem</strong></span> <span class='ocrx_word' id='word_1_31' title='bbox 948 663 1146 728; x_wconf 87' lang='lat' dir='ltr'><strong>studio,</strong></span> <span class='ocrx_word' id='word_1_32' title='bbox 1176 672 1234 715; x_wconf 90' lang='lat' dir='ltr'><strong>ut</strong></span> <span class='ocrx_word' id='word_1_33' title='bbox 1265 664 1392 716; x_wconf 92' lang='lat' dir='ltr'><strong>dum</strong></span> <span class='ocrx_word' id='word_1_34' title='bbox 1430 665 1553 716; x_wconf 87' lang='lat' dir='ltr'><strong>huic</strong></span> <span class='ocrx_word' id='word_1_35' title='bbox 1579 665 1732 717; x_wconf 88' lang='lat' dir='ltr'><strong>unice</strong></span> <span class='ocrx_word' id='word_1_36' title='bbox 1763 665 1836 718; x_wconf 91' lang='lat' dir='ltr'><strong>rei</strong></span> <span class='ocrx_word' id='word_1_37' title='bbox 1872 666 2061 716; x_wconf 86' lang='lat' dir='ltr'><strong>intenti</strong></span> <span class='ocrx_word' id='word_1_38' title='bbox 2095 675 2236 723; x_wconf 65' lang='lat' dir='ltr'><strong>stunt.</strong></span> 
     </span>
    </p>
   </div>
   <div class='ocr_carea' id='block_1_9' title="bbox 705 748 2233 812">
    <p class='ocr_par' dir='ltr' id='par_1_9' title="bbox 705 748 2233 812">
     <span class='ocr_line' id='line_1_9' title="bbox 705 748 2233 812; baseline 0 -13"><span class='ocrx_word' id='word_1_39' title='bbox 705 748 995 812; x_wconf 84' lang='lat' dir='ltr'><strong>aliquando</strong></span> <span class='ocrx_word' id='word_1_40' title='bbox 1026 763 1122 801; x_wconf 91' lang='lat' dir='ltr'><strong>nec</strong></span> <span class='ocrx_word' id='word_1_41' title='bbox 1147 763 1364 801; x_wconf 85' lang='lat' dir='ltr'><strong>sensum</strong></span> <span class='ocrx_word' id='word_1_42' title='bbox 1402 764 1499 801; x_wconf 92' lang='lat' dir='ltr'><strong>nec</strong></span> <span class='ocrx_word' id='word_1_43' title='bbox 1533 750 1820 802; x_wconf 84' lang='lat' dir='ltr'><strong>dictionem</strong></span> <span class='ocrx_word' id='word_1_44' title='bbox 1843 750 2086 802; x_wconf 79' lang='lat' dir='ltr'><strong>eamdem</strong></span> <span class='ocrx_word' id='word_1_45' title='bbox 2117 752 2233 801; x_wconf 46' lang='lat' dir='ltr'><strong>red.</strong></span> 
     </span>
    </p>
   </div>
   <div class='ocr_carea' id='block_1_10' title="bbox 634 837 2240 908">
    <p class='ocr_par' dir='ltr' id='par_1_10' title="bbox 634 837 2240 908">
     <span class='ocr_line' id='line_1_10' title="bbox 634 837 2240 908; baseline 0.001 -20"><span class='ocrx_word' id='word_1_46' title='bbox 634 904 638 908; x_wconf 26' lang='lat'>&#39;</span> <span class='ocrx_word' id='word_1_47' title='bbox 705 837 852 906; x_wconf 84' lang='lat' dir='ltr'><strong>dant.</strong></span> <span class='ocrx_word' id='word_1_48' title='bbox 887 837 1072 899; x_wconf 87' lang='lat' dir='ltr'><strong>Iidem,</strong></span> <span class='ocrx_word' id='word_1_49' title='bbox 1131 838 1255 889; x_wconf 91' lang='lat' dir='ltr'><strong>dum</strong></span> <span class='ocrx_word' id='word_1_50' title='bbox 1299 837 1536 892; x_wconf 85' lang='lat' dir='ltr'><strong>Psalmos</strong></span> <span class='ocrx_word' id='word_1_51' title='bbox 1569 847 1862 907; x_wconf 87' lang='lat' dir='ltr'><strong>exponunt,</strong></span> <span class='ocrx_word' id='word_1_52' title='bbox 1890 839 2120 906; x_wconf 90' lang='lat' dir='ltr'><strong>primum</strong></span> <span class='ocrx_word' id='word_1_53' title='bbox 2162 848 2240 890; x_wconf 83' lang='lat' dir='ltr'><strong>at-</strong></span> 
     </span>
    </p>
   </div>
   <div class='ocr_carea' id='block_1_11' title="bbox 705 926 2234 995">
    <p class='ocr_par' dir='ltr' id='par_1_11' title="bbox 705 926 2234 995">
     <span class='ocr_line' id='line_1_11' title="bbox 705 926 2234 995; baseline 0.001 -17"><span class='ocrx_word' id='word_1_54' title='bbox 705 941 806 993; x_wconf 90' lang='lat' dir='ltr'><strong>que</strong></span> <span class='ocrx_word' id='word_1_55' title='bbox 836 928 1131 980; x_wconf 86' lang='lat' dir='ltr'><strong>secundum</strong></span> <span class='ocrx_word' id='word_1_56' title='bbox 1160 927 1362 995; x_wconf 84' lang='lat' dir='ltr'><strong>absque</strong></span> <span class='ocrx_word' id='word_1_57' title='bbox 1409 929 1564 981; x_wconf 90' lang='lat' dir='ltr'><strong>titulo</strong></span> <span class='ocrx_word' id='word_1_58' title='bbox 1591 928 1850 982; x_wconf 78' lang='lat' dir='ltr'><strong>exhibent</strong></span> <span class='ocrx_word' id='word_1_59' title='bbox 1895 929 2083 994; x_wconf 87' lang='lat' dir='ltr'><strong>utique</strong></span> <span class='ocrx_word' id='word_1_60' title='bbox 2135 926 2234 979; x_wconf 89' lang='lat' dir='ltr'><strong>Es-</strong></span> 
     </span>
    </p>
   </div>
   <div class='ocr_carea' id='block_1_12' title="bbox 704 1016 2242 1087">
    <p class='ocr_par' dir='ltr' id='par_1_12' title="bbox 704 1016 2242 1087">
     <span class='ocr_line' id='line_1_12' title="bbox 704 1016 2242 1087; baseline -0.001 -17"><span class='ocrx_word' id='word_1_61' title='bbox 704 1016 812 1070; x_wconf 70' lang='lat' dir='ltr'><strong>drae</strong></span> <span class='ocrx_word' id='word_1_62' title='bbox 837 1018 1102 1084; x_wconf 85' lang='lat' dir='ltr'><strong>exemplo.</strong></span> <span class='ocrx_word' id='word_1_63' title='bbox 1123 1017 1253 1070; x_wconf 81' lang='lat' dir='ltr'><strong>Nam</strong></span> <span class='ocrx_word' id='word_1_64' title='bbox 1285 1017 1481 1072; x_wconf 87' lang='lat' dir='ltr'><strong>Esdras</strong></span> <span class='ocrx_word' id='word_1_65' title='bbox 1509 1018 1772 1087; x_wconf 87' lang='lat' dir='ltr'><strong>imprimis</strong></span> <span class='ocrx_word' id='word_1_66' title='bbox 1802 1017 2032 1086; x_wconf 89' lang='lat' dir='ltr'><strong>diligens</strong></span> <span class='ocrx_word' id='word_1_67' title='bbox 2059 1027 2113 1070; x_wconf 88' lang='lat' dir='ltr'><strong>et</strong></span> <span class='ocrx_word' id='word_1_68' title='bbox 2145 1017 2242 1069; x_wconf 87' lang='lat' dir='ltr'><strong>ho-</strong></span> 
     </span>
    </p>
   </div>
   <div class='ocr_carea' id='block_1_13' title="bbox 705 1106 2242 1175">
    <p class='ocr_par' dir='ltr' id='par_1_13' title="bbox 705 1106 2242 1175">
     <span class='ocr_line' id='line_1_13' title="bbox 705 1106 2242 1175; baseline -0.002 -16"><span class='ocrx_word' id='word_1_69' title='bbox 705 1114 890 1159; x_wconf 83' lang='lat' dir='ltr'><strong>nestus</strong></span> <span class='ocrx_word' id='word_1_70' title='bbox 949 1107 1052 1170; x_wconf 82' lang='lat' dir='ltr'><strong>vir,</strong></span> <span class='ocrx_word' id='word_1_71' title='bbox 1090 1107 1286 1174; x_wconf 87' lang='lat' dir='ltr'><strong>illaque</strong></span> <span class='ocrx_word' id='word_1_72' title='bbox 1332 1107 1670 1175; x_wconf 71' lang='lat' dir='ltr'><strong>septuaginta</strong></span> <span class='ocrx_word' id='word_1_73' title='bbox 1719 1107 1947 1160; x_wconf 91' lang='lat' dir='ltr'><strong>duorum</strong></span> <span class='ocrx_word' id='word_1_74' title='bbox 1994 1106 2242 1160; x_wconf 79' lang='lat' dir='ltr'><strong>versione</strong></span> 
     </span>
    </p>
   </div>
   <div class='ocr_carea' id='block_1_14' title="bbox 705 1197 2239 1266">
    <p class='ocr_par' dir='ltr' id='par_1_14' title="bbox 705 1197 2239 1266">
     <span class='ocr_line' id='line_1_14' title="bbox 705 1197 2239 1266; baseline 0.001 -19"><span class='ocrx_word' id='word_1_75' title='bbox 705 1203 919 1249; x_wconf 89' lang='lat' dir='ltr'><strong>centum</strong></span> <span class='ocrx_word' id='word_1_76' title='bbox 945 1206 997 1250; x_wconf 90' lang='lat' dir='ltr'><strong>et</strong></span> <span class='ocrx_word' id='word_1_77' title='bbox 1022 1197 1412 1266; x_wconf 77' lang='lat' dir='ltr'><strong>quinquaginta</strong></span> <span class='ocrx_word' id='word_1_78' title='bbox 1429 1200 1585 1251; x_wconf 79' lang='lat' dir='ltr'><strong>annis</strong></span> <span class='ocrx_word' id='word_1_79' title='bbox 1615 1199 1881 1264; x_wconf 72' lang='lat' dir='ltr'><strong>superior,</strong></span> <span class='ocrx_word' id='word_1_80' title='bbox 1919 1208 2108 1266; x_wconf 66' lang='lat' dir='ltr'><strong>prazter</strong></span> <span class='ocrx_word' id='word_1_81' title='bbox 2138 1199 2239 1250; x_wconf 89' lang='lat' dir='ltr'><strong>alia</strong></span> 
     </span>
    </p>
   </div>
   <div class='ocr_carea' id='block_1_15' title="bbox 707 1286 2243 1354">
    <p class='ocr_par' dir='ltr' id='par_1_15' title="bbox 707 1286 2243 1354">
     <span class='ocr_line' id='line_1_15' title="bbox 707 1286 2243 1354; baseline 0.002 -19"><span class='ocrx_word' id='word_1_82' title='bbox 707 1287 868 1339; x_wconf 89' lang='lat' dir='ltr'><strong>multa</strong></span> <span class='ocrx_word' id='word_1_83' title='bbox 899 1287 1238 1340; x_wconf 85' lang='lat' dir='ltr'><strong>oraculorum</strong></span> <span class='ocrx_word' id='word_1_84' title='bbox 1257 1300 1530 1338; x_wconf 89' lang='lat' dir='ltr'><strong>sacrorum</strong></span> <span class='ocrx_word' id='word_1_85' title='bbox 1547 1286 1720 1339; x_wconf 87' lang='lat' dir='ltr'><strong>lacera</strong></span> <span class='ocrx_word' id='word_1_86' title='bbox 1745 1296 1796 1339; x_wconf 90' lang='lat' dir='ltr'><strong>et</strong></span> <span class='ocrx_word' id='word_1_87' title='bbox 1819 1287 2101 1354; x_wconf 89' lang='lat' dir='ltr'><strong>dissipata,</strong></span> <span class='ocrx_word' id='word_1_88' title='bbox 2121 1301 2243 1353; x_wconf 84' lang='lat' dir='ltr'><strong>par-</strong></span> 
     </span>
    </p>
   </div>
   <div class='ocr_carea' id='block_1_16' title="bbox 708 1373 2240 1442">
    <p class='ocr_par' dir='ltr' id='par_1_16' title="bbox 708 1373 2240 1442">
     <span class='ocr_line' id='line_1_16' title="bbox 708 1373 2240 1442; baseline 0 -16"><span class='ocrx_word' id='word_1_89' title='bbox 708 1374 802 1426; x_wconf 91' lang='lat' dir='ltr'><strong>tim</strong></span> <span class='ocrx_word' id='word_1_90' title='bbox 827 1373 1036 1438; x_wconf 86' lang='lat' dir='ltr'><strong>inertia,</strong></span> <span class='ocrx_word' id='word_1_91' title='bbox 1058 1375 1250 1442; x_wconf 83' lang='lat' dir='ltr'><strong>partim</strong></span> <span class='ocrx_word' id='word_1_92' title='bbox 1283 1375 1655 1442; x_wconf 76' lang='lat' dir='ltr'><strong>frequentibus</strong></span> <span class='ocrx_word' id='word_1_93' title='bbox 1675 1376 1881 1428; x_wconf 83' lang='lat' dir='ltr'><strong>exsiliis</strong></span> <span class='ocrx_word' id='word_1_94' title='bbox 1911 1374 2240 1437; x_wconf 75' lang='lat' dir='ltr'><strong>Jndteorum,</strong></span> 
     </span>
    </p>
   </div>
   <div class='ocr_carea' id='block_1_17' title="bbox 705 1460 2244 1530">
    <p class='ocr_par' dir='ltr' id='par_1_17' title="bbox 705 1460 2244 1530">
     <span class='ocr_line' id='line_1_17' title="bbox 705 1460 2244 1530; baseline 0.002 -18"><span class='ocrx_word' id='word_1_95' title='bbox 705 1460 863 1512; x_wconf 89' lang='lat' dir='ltr'><strong>etiam</strong></span> <span class='ocrx_word' id='word_1_96' title='bbox 899 1468 981 1514; x_wconf 86' lang='lat' dir='ltr'><strong>ter</strong></span> <span class='ocrx_word' id='word_1_97' title='bbox 1023 1463 1168 1513; x_wconf 88' lang='lat' dir='ltr'><strong>mille</strong></span> <span class='ocrx_word' id='word_1_98' title='bbox 1209 1462 1444 1529; x_wconf 59' lang='lat' dir='ltr'><strong>psalmos</strong></span> <span class='ocrx_word' id='word_1_99' title='bbox 1505 1461 1734 1530; x_wconf 77' lang='lat' dir='ltr'><strong>collegit,</strong></span> <span class='ocrx_word' id='word_1_100' title='bbox 1779 1463 1973 1530; x_wconf 89' lang='lat' dir='ltr'><strong>quibus</strong></span> <span class='ocrx_word' id='word_1_101' title='bbox 2021 1463 2244 1530; x_wconf 82' lang='lat' dir='ltr'><strong>singulis</strong></span> 
     </span>
    </p>
   </div>
   <div class='ocr_carea' id='block_1_18' title="bbox 707 1550 2242 1618">
    <p class='ocr_par' dir='ltr' id='par_1_18' title="bbox 707 1550 2242 1618">
     <span class='ocr_line' id='line_1_18' title="bbox 707 1550 2242 1618; baseline 0.003 -18"><span class='ocrx_word' id='word_1_102' title='bbox 707 1563 836 1600; x_wconf 85' lang='lat' dir='ltr'><strong>suos</strong></span> <span class='ocrx_word' id='word_1_103' title='bbox 859 1550 1050 1602; x_wconf 90' lang='lat' dir='ltr'><strong>titulos</strong></span> <span class='ocrx_word' id='word_1_104' title='bbox 1069 1552 1248 1618; x_wconf 89' lang='lat' dir='ltr'><strong>posuit</strong></span> <span class='ocrx_word' id='word_1_105' title='bbox 1271 1587 1284 1611; x_wconf 88' lang='lat'><strong>,</strong></span> <span class='ocrx_word' id='word_1_106' title='bbox 1309 1565 1427 1616; x_wconf 64' lang='lat' dir='ltr'><strong>quae</strong></span> <span class='ocrx_word' id='word_1_107' title='bbox 1456 1550 1747 1603; x_wconf 90' lang='lat' dir='ltr'><strong>etiamnum</strong></span> <span class='ocrx_word' id='word_1_108' title='bbox 1791 1551 2098 1618; x_wconf 72' lang='lat' dir='ltr'><strong>pra-lerunt.</strong></span> <span class='ocrx_word' id='word_1_109' title='bbox 2126 1553 2242 1604; x_wconf 78' lang='lat' dir='ltr'><strong>Ca:—</strong></span> 
     </span>
    </p>
   </div>
   <div class='ocr_carea' id='block_1_19' title="bbox 711 1623 2242 1709">
    <p class='ocr_par' dir='ltr' id='par_1_19' title="bbox 711 1623 2242 1709">
     <span class='ocr_line' id='line_1_19' title="bbox 711 1623 2242 1709; baseline 0.003 -21"><span class='ocrx_word' id='word_1_110' title='bbox 711 1623 882 1691; x_wconf 86' lang='lat' dir='ltr'><strong>terum</strong></span> <span class='ocrx_word' id='word_1_111' title='bbox 937 1641 1198 1692; x_wconf 83' lang='lat' dir='ltr'><strong>Ezechias</strong></span> <span class='ocrx_word' id='word_1_112' title='bbox 1250 1655 1340 1693; x_wconf 88' lang='lat' dir='ltr'><strong>rex</strong></span> <span class='ocrx_word' id='word_1_113' title='bbox 1385 1641 1668 1709; x_wconf 87' lang='lat' dir='ltr'><strong>religiosus</strong></span> <span class='ocrx_word' id='word_1_114' title='bbox 1732 1641 1983 1709; x_wconf 67' lang='lat' dir='ltr'><strong>deinceps</strong></span> <span class='ocrx_word' id='word_1_115' title='bbox 2030 1650 2242 1694; x_wconf 92' lang='lat' dir='ltr'><strong>centum</strong></span> 
     </span>
    </p>
   </div>
   <div class='ocr_carea' id='block_1_20' title="bbox 2338 485 3872 558">
    <p class='ocr_par' dir='ltr' id='par_1_20' title="bbox 2338 485 3872 558">
     <span class='ocr_line' id='line_1_20' title="bbox 2338 485 3872 558; baseline -0.001 -19"><span class='ocrx_word' id='word_1_116' title='bbox 2338 487 2672 558; x_wconf 83' lang='grc' dir='ltr'><strong>διῃρημένως</strong></span> <span class='ocrx_word' id='word_1_117' title='bbox 2709 487 2805 555; x_wconf 81' lang='grc' dir='ltr'><strong>τὴν</strong></span> <span class='ocrx_word' id='word_1_118' title='bbox 2853 489 2950 554; x_wconf 82' lang='grc' dir='ltr'><strong>τῆς</strong></span> <span class='ocrx_word' id='word_1_119' title='bbox 3003 486 3277 538; x_wconf 80' lang='grc' dir='ltr'><strong>διαλέκτου</strong></span> <span class='ocrx_word' id='word_1_120' title='bbox 3323 485 3614 555; x_wconf 78' lang='grc' dir='ltr'><strong>μεταϐολὴν</strong></span> <span class='ocrx_word' id='word_1_121' title='bbox 3643 485 3872 554; x_wconf 78' lang='grc' dir='ltr'><strong>ποιησά-</strong></span> 
     </span>
    </p>
   </div>
   <div class='ocr_carea' id='block_1_21' title="bbox 2342 573 3873 642">
    <p class='ocr_par' dir='ltr' id='par_1_21' title="bbox 2342 573 3873 642">
     <span class='ocr_line' id='line_1_21' title="bbox 2342 573 3873 642; baseline 0 -17"><span class='ocrx_word' id='word_1_122' title='bbox 2342 592 2506 642; x_wconf 86' lang='grc' dir='ltr'><strong>μενοι,</strong></span> <span class='ocrx_word' id='word_1_123' title='bbox 2545 575 2676 642; x_wconf 81' lang='grc' dir='ltr'><strong>μηδὲ</strong></span> <span class='ocrx_word' id='word_1_124' title='bbox 2718 577 2774 627; x_wconf 84' lang='grc' dir='ltr'><strong>ὲν</strong></span> <span class='ocrx_word' id='word_1_125' title='bbox 2813 574 3056 636; x_wconf 79' lang='grc' dir='ltr'><strong>ἑκάστοις</strong></span> <span class='ocrx_word' id='word_1_126' title='bbox 3107 573 3310 626; x_wconf 79' lang='grc' dir='ltr'><strong>ἔννοιαν</strong></span> <span class='ocrx_word' id='word_1_127' title='bbox 3353 576 3442 626; x_wconf 79' lang='grc' dir='ltr'><strong>καὶ</strong></span> <span class='ocrx_word' id='word_1_128' title='bbox 3482 574 3625 638; x_wconf 77' lang='grc' dir='ltr'><strong>λέξιν</strong></span> <span class='ocrx_word' id='word_1_129' title='bbox 3676 576 3873 628; x_wconf 75' lang='grc' dir='ltr'><strong>ἀποδεο</strong></span> 
     </span>
    </p>
   </div>
   <div class='ocr_carea' id='block_1_22' title="bbox 2338 659 3872 733">
    <p class='ocr_par' dir='ltr' id='par_1_22' title="bbox 2338 659 3872 733">
     <span class='ocr_line' id='line_1_22' title="bbox 2338 659 3872 733; baseline -0.001 -17"><span class='ocrx_word' id='word_1_130' title='bbox 2338 659 2765 717; x_wconf 71' lang='grc' dir='ltr'><strong>δώκασιν.οὗτοι</strong></span> <span class='ocrx_word' id='word_1_131' title='bbox 2809 665 2904 717; x_wconf 70' lang='grc' dir='ltr'><strong>καὶ</strong></span> <span class='ocrx_word' id='word_1_132' title='bbox 2951 667 3072 726; x_wconf 74' lang='grc' dir='ltr'><strong>τοὺς</strong></span> <span class='ocrx_word' id='word_1_133' title='bbox 3106 664 3348 732; x_wconf 75' lang='grc' dir='ltr'><strong>ψαλμοὺς</strong></span> <span class='ocrx_word' id='word_1_134' title='bbox 3385 667 3737 733; x_wconf 77' lang='grc' dir='ltr'><strong>μεταθέμενοι</strong></span> <span class='ocrx_word' id='word_1_135' title='bbox 3779 665 3872 716; x_wconf 80' lang='grc' dir='ltr'><strong>τὸν</strong></span> 
     </span>
    </p>
   </div>
   <div class='ocr_carea' id='block_1_23' title="bbox 2339 750 3870 821">
    <p class='ocr_par' dir='ltr' id='par_1_23' title="bbox 2339 750 3870 821">
     <span class='ocr_line' id='line_1_23' title="bbox 2339 750 3870 821; baseline 0.003 -21"><span class='ocrx_word' id='word_1_136' title='bbox 2339 751 2550 818; x_wconf 89' lang='grc' dir='ltr'><strong>πρῶτον</strong></span> <span class='ocrx_word' id='word_1_137' title='bbox 2598 752 2692 803; x_wconf 75' lang='grc' dir='ltr'><strong>καὶ</strong></span> <span class='ocrx_word' id='word_1_138' title='bbox 2730 750 2822 803; x_wconf 83' lang='grc' dir='ltr'><strong>τδν</strong></span> <span class='ocrx_word' id='word_1_139' title='bbox 2865 750 3110 820; x_wconf 78' lang='grc' dir='ltr'><strong>δεύτερον</strong></span> <span class='ocrx_word' id='word_1_140' title='bbox 3153 752 3551 821; x_wconf 80' lang='grc' dir='ltr'><strong>ἀνεπιγράφους</strong></span> <span class='ocrx_word' id='word_1_141' title='bbox 3603 753 3870 817; x_wconf 76' lang='grc' dir='ltr'><strong>ἐξέθεντοο</strong></span> 
     </span>
    </p>
   </div>
   <div class='ocr_carea' id='block_1_24' title="bbox 2338 837 3876 909">
    <p class='ocr_par' dir='ltr' id='par_1_24' title="bbox 2338 837 3876 909">
     <span class='ocr_line' id='line_1_24' title="bbox 2338 837 3876 909; baseline 0.003 -21"><span class='ocrx_word' id='word_1_142' title='bbox 2338 837 2414 906; x_wconf 79' lang='grc' dir='ltr'><strong>τῷ</strong></span> <span class='ocrx_word' id='word_1_143' title='bbox 2451 839 2651 908; x_wconf 61' lang='grc' dir='ltr'><strong>Ἐσδρςι</strong></span> <span class='ocrx_word' id='word_1_144' title='bbox 2693 838 2904 900; x_wconf 87' lang='grc' dir='ltr'><strong>πάντως</strong></span> <span class='ocrx_word' id='word_1_145' title='bbox 2960 839 3433 908; x_wconf 87' lang='grc' dir='ltr'><strong>ἀκολουθήσαντες.</strong></span> <span class='ocrx_word' id='word_1_146' title='bbox 3489 839 3718 908; x_wconf 86' lang='grc' dir='ltr'><strong>Ἔσδρας</strong></span> <span class='ocrx_word' id='word_1_147' title='bbox 3742 841 3876 909; x_wconf 75' lang='grc' dir='ltr'><strong>γάρ,</strong></span> 
     </span>
    </p>
   </div>
   <div class='ocr_carea' id='block_1_25' title="bbox 2352 927 3878 997">
    <p class='ocr_par' dir='ltr' id='par_1_25' title="bbox 2352 927 3878 997">
     <span class='ocr_line' id='line_1_25' title="bbox 2352 927 3878 997; baseline 0.002 -19"><span class='ocrx_word' id='word_1_148' title='bbox 2352 927 2593 990; x_wconf 79' lang='grc' dir='ltr'><strong>Ἰουδαῖος</strong></span> <span class='ocrx_word' id='word_1_149' title='bbox 2631 928 2927 997; x_wconf 83' lang='grc' dir='ltr'><strong>φιλομαθής</strong></span> <span class='ocrx_word' id='word_1_150' title='bbox 2955 929 3048 980; x_wconf 77' lang='grc' dir='ltr'><strong>καὶ</strong></span> <span class='ocrx_word' id='word_1_151' title='bbox 3099 929 3376 990; x_wconf 81' lang='grc' dir='ltr'><strong>σπουδαῖος</strong></span> <span class='ocrx_word' id='word_1_152' title='bbox 3421 929 3578 997; x_wconf 81' lang='grc' dir='ltr'><strong>ἀνήρ,</strong></span> <span class='ocrx_word' id='word_1_153' title='bbox 3612 931 3715 997; x_wconf 83' lang='grc' dir='ltr'><strong>πρὸ</strong></span> <span class='ocrx_word' id='word_1_154' title='bbox 3743 931 3878 981; x_wconf 83' lang='grc' dir='ltr'><strong>έκα-</strong></span> 
     </span>
    </p>
   </div>
   <div class='ocr_carea' id='block_1_26' title="bbox 2339 1016 3879 1087">
    <p class='ocr_par' dir='ltr' id='par_1_26' title="bbox 2339 1016 3879 1087">
     <span class='ocr_line' id='line_1_26' title="bbox 2339 1016 3879 1087; baseline 0.001 -20"><span class='ocrx_word' id='word_1_155' title='bbox 2339 1016 2429 1069; x_wconf 77' lang='grc' dir='ltr'><strong>τὸν</strong></span> <span class='ocrx_word' id='word_1_156' title='bbox 2493 1017 2584 1069; x_wconf 75' lang='grc' dir='ltr'><strong>καὶ</strong></span> <span class='ocrx_word' id='word_1_157' title='bbox 2634 1019 2963 1086; x_wconf 86' lang='grc' dir='ltr'><strong>πεντήκοντα</strong></span> <span class='ocrx_word' id='word_1_158' title='bbox 3016 1016 3272 1068; x_wconf 80' lang='grc' dir='ltr'><strong>ἐνιαυτῶν</strong></span> <span class='ocrx_word' id='word_1_159' title='bbox 3303 1017 3404 1085; x_wconf 83' lang='grc' dir='ltr'><strong>τῆς</strong></span> <span class='ocrx_word' id='word_1_160' title='bbox 3444 1017 3550 1068; x_wconf 89' lang='grc' dir='ltr'><strong>τῶν</strong></span> <span class='ocrx_word' id='word_1_161' title='bbox 3605 1016 3879 1087; x_wconf 81' lang='grc' dir='ltr'><strong>Ἐϐδομή-</strong></span> 
     </span>
    </p>
   </div>
   <div class='ocr_carea' id='block_1_27' title="bbox 2339 1105 3880 1176">
    <p class='ocr_par' dir='ltr' id='par_1_27' title="bbox 2339 1105 3880 1176">
     <span class='ocr_line' id='line_1_27' title="bbox 2339 1105 3880 1176; baseline 0 -19"><span class='ocrx_word' id='word_1_162' title='bbox 2339 1123 2499 1157; x_wconf 80' lang='grc' dir='ltr'>κοντα</span> <span class='ocrx_word' id='word_1_163' title='bbox 2526 1106 2616 1158; x_wconf 73' lang='grc' dir='ltr'><strong>δύο</strong></span> <span class='ocrx_word' id='word_1_164' title='bbox 2635 1107 2890 1167; x_wconf 74' lang='grc' dir='ltr'><strong>ἐκδόσεως</strong></span> <span class='ocrx_word' id='word_1_165' title='bbox 2917 1107 3085 1159; x_wconf 75' lang='grc' dir='ltr'><strong>πολλά</strong></span> <span class='ocrx_word' id='word_1_166' title='bbox 3111 1124 3170 1159; x_wconf 88' lang='grc' dir='ltr'><strong>τε</strong></span> <span class='ocrx_word' id='word_1_167' title='bbox 3214 1105 3346 1160; x_wconf 73' lang='grc' dir='ltr'><strong>ἄλλα</strong></span> <span class='ocrx_word' id='word_1_168' title='bbox 3375 1106 3480 1160; x_wconf 90' lang='grc' dir='ltr'><strong>τῶν</strong></span> <span class='ocrx_word' id='word_1_169' title='bbox 3525 1107 3880 1176; x_wconf 78' lang='grc' dir='ltr'><strong>προφητικῶν</strong></span> 
     </span>
    </p>
   </div>
   <div class='ocr_carea' id='block_1_28' title="bbox 2343 1193 3883 1265">
    <p class='ocr_par' dir='ltr' id='par_1_28' title="bbox 2343 1193 3883 1265">
     <span class='ocr_line' id='line_1_28' title="bbox 2343 1193 3883 1265; baseline 0.001 -21"><span class='ocrx_word' id='word_1_170' title='bbox 2343 1193 2553 1261; x_wconf 74' lang='grc' dir='ltr'><strong>βιϐλίων</strong></span> <span class='ocrx_word' id='word_1_171' title='bbox 2581 1195 2899 1264; x_wconf 80' lang='grc' dir='ltr'><strong>διαρῤυέντα</strong></span> <span class='ocrx_word' id='word_1_172' title='bbox 2930 1197 2988 1247; x_wconf 75' lang='grc' dir='ltr'><strong>τὸ</strong></span> <span class='ocrx_word' id='word_1_173' title='bbox 3020 1197 3118 1265; x_wconf 78' lang='grc' dir='ltr'><strong>μὲν</strong></span> <span class='ocrx_word' id='word_1_174' title='bbox 3163 1196 3249 1247; x_wconf 85' lang='grc' dir='ltr'><strong>διά</strong></span> <span class='ocrx_word' id='word_1_175' title='bbox 3302 1195 3568 1265; x_wconf 70' lang='grc' dir='ltr'><strong>ρᾳθυμίαν</strong></span> <span class='ocrx_word' id='word_1_176' title='bbox 3593 1197 3699 1248; x_wconf 90' lang='grc' dir='ltr'><strong>τῶν</strong></span> <span class='ocrx_word' id='word_1_177' title='bbox 3747 1197 3883 1247; x_wconf 87' lang='grc' dir='ltr'><strong>Ἰου-</strong></span> 
     </span>
    </p>
   </div>
   <div class='ocr_carea' id='block_1_29' title="bbox 2341 1285 3874 1356">
    <p class='ocr_par' dir='ltr' id='par_1_29' title="bbox 2341 1285 3874 1356">
     <span class='ocr_line' id='line_1_29' title="bbox 2341 1285 3874 1356; baseline 0.001 -20"><span class='ocrx_word' id='word_1_178' title='bbox 2341 1285 2523 1348; x_wconf 89' lang='grc' dir='ltr'><strong>δαίων,</strong></span> <span class='ocrx_word' id='word_1_179' title='bbox 2556 1286 2616 1337; x_wconf 84' lang='grc' dir='ltr'><strong>τὸ</strong></span> <span class='ocrx_word' id='word_1_180' title='bbox 2645 1287 2700 1338; x_wconf 79' lang='grc' dir='ltr'><strong>δὲ</strong></span> <span class='ocrx_word' id='word_1_181' title='bbox 2740 1288 2831 1338; x_wconf 78' lang='grc' dir='ltr'><strong>καὶ</strong></span> <span class='ocrx_word' id='word_1_182' title='bbox 2855 1287 2940 1338; x_wconf 76' lang='grc' dir='ltr'><strong>διὰ</strong></span> <span class='ocrx_word' id='word_1_183' title='bbox 2961 1287 3057 1347; x_wconf 81' lang='grc' dir='ltr'><strong>τὰς</strong></span> <span class='ocrx_word' id='word_1_184' title='bbox 3084 1288 3277 1356; x_wconf 88' lang='grc' dir='ltr'><strong>συχνάς</strong></span> <span class='ocrx_word' id='word_1_185' title='bbox 3305 1287 3676 1356; x_wconf 74' lang='grc' dir='ltr'><strong>αἰχμαλωσίας</strong></span> <span class='ocrx_word' id='word_1_186' title='bbox 3708 1287 3874 1338; x_wconf 83' lang='grc' dir='ltr'><strong>πάλιν</strong></span> 
     </span>
    </p>
   </div>
   <div class='ocr_carea' id='block_1_30' title="bbox 2346 1369 3880 1444">
    <p class='ocr_par' dir='ltr' id='par_1_30' title="bbox 2346 1369 3880 1444">
     <span class='ocr_line' id='line_1_30' title="bbox 2346 1369 3880 1444; baseline 0.001 -20"><span class='ocrx_word' id='word_1_187' title='bbox 2346 1375 2634 1441; x_wconf 82' lang='grc' dir='ltr'><strong>συνήγαγε,</strong></span> <span class='ocrx_word' id='word_1_188' title='bbox 2677 1374 2770 1425; x_wconf 75' lang='grc' dir='ltr'><strong>καὶ</strong></span> <span class='ocrx_word' id='word_1_189' title='bbox 2805 1374 2981 1441; x_wconf 67' lang='grc' dir='ltr'><strong>μέντοι</strong></span> <span class='ocrx_word' id='word_1_190' title='bbox 3005 1376 3096 1426; x_wconf 75' lang='grc' dir='ltr'><strong>καὶ</strong></span> <span class='ocrx_word' id='word_1_191' title='bbox 3133 1375 3375 1444; x_wconf 81' lang='grc' dir='ltr'><strong>ψαλμοὺς</strong></span> <span class='ocrx_word' id='word_1_192' title='bbox 3403 1374 3755 1444; x_wconf 78' lang='grc' dir='ltr'><strong>τρισχιλίους·</strong></span> <span class='ocrx_word' id='word_1_193' title='bbox 3795 1369 3880 1434; x_wconf 74' lang='grc' dir='ltr'><strong>οἷς</strong></span> 
     </span>
    </p>
   </div>
   <div class='ocr_carea' id='block_1_31' title="bbox 2344 1462 3874 1534">
    <p class='ocr_par' dir='ltr' id='par_1_31' title="bbox 2344 1462 3874 1534">
     <span class='ocr_line' id='line_1_31' title="bbox 2344 1462 3874 1534; baseline 0 -22"><span class='ocrx_word' id='word_1_194' title='bbox 2344 1462 2436 1514; x_wconf 76' lang='grc' dir='ltr'><strong>καὶ</strong></span> <span class='ocrx_word' id='word_1_195' title='bbox 2478 1463 2864 1534; x_wconf 67' lang='grc' dir='ltr'><strong>ἐπιγράμματα</strong></span> <span class='ocrx_word' id='word_1_196' title='bbox 2926 1462 3163 1515; x_wconf 83' lang='grc' dir='ltr'><strong>τέθεικεν</strong></span> <span class='ocrx_word' id='word_1_197' title='bbox 3211 1464 3246 1515; x_wconf 77' lang='grc' dir='ltr'>ἂ</span> <span class='ocrx_word' id='word_1_198' title='bbox 3290 1463 3383 1514; x_wconf 81' lang='grc' dir='ltr'><strong>νῦν</strong></span> <span class='ocrx_word' id='word_1_199' title='bbox 3432 1463 3667 1532; x_wconf 71' lang='grc' dir='ltr'><strong>ἔχουσιν.</strong></span> <span class='ocrx_word' id='word_1_200' title='bbox 3730 1462 3874 1514; x_wconf 82' lang='grc' dir='ltr'><strong>Ἀλλ’</strong></span> 
     </span>
    </p>
   </div>
   <div class='ocr_carea' id='block_1_32' title="bbox 2348 1550 3884 1619">
    <p class='ocr_par' dir='ltr' id='par_1_32' title="bbox 2348 1550 3884 1619">
     <span class='ocr_line' id='line_1_32' title="bbox 2348 1550 3884 1619; baseline 0.001 -18"><span class='ocrx_word' id='word_1_201' title='bbox 2348 1550 2468 1602; x_wconf 69' lang='lat' dir='ltr'><strong>Date</strong></span> <span class='ocrx_word' id='word_1_202' title='bbox 2481 1566 2568 1618; x_wconf 87' lang='grc' dir='ltr'><strong>ρον</strong></span> <span class='ocrx_word' id='word_1_203' title='bbox 2612 1551 2849 1612; x_wconf 74' lang='grc' dir='ltr'><strong>Ἐζεκίας</strong></span> <span class='ocrx_word' id='word_1_204' title='bbox 2878 1553 2904 1602; x_wconf 81' lang='grc' dir='ltr'>ὁ</span> <span class='ocrx_word' id='word_1_205' title='bbox 2932 1551 3182 1618; x_wconf 78' lang='grc' dir='ltr'><strong>θεοσεόὴς</strong></span> <span class='ocrx_word' id='word_1_206' title='bbox 3228 1551 3504 1619; x_wconf 79' lang='grc' dir='ltr'><strong>βασιλεὺς,</strong></span> <span class='ocrx_word' id='word_1_207' title='bbox 3530 1552 3654 1613; x_wconf 79' lang='grc' dir='ltr'><strong>τοὺς</strong></span> <span class='ocrx_word' id='word_1_208' title='bbox 3685 1551 3884 1603; x_wconf 67' lang='grc' dir='ltr'><strong>ὲκατὶν</strong></span> 
     </span>
    </p>
   </div>
   <div class='ocr_carea' id='block_1_33' title="bbox 2351 1639 3884 1708">
    <p class='ocr_par' dir='ltr' id='par_1_33' title="bbox 2351 1639 3884 1708">
     <span class='ocr_line' id='line_1_33' title="bbox 2351 1639 3884 1708; baseline -0.001 -17"><span class='ocrx_word' id='word_1_209' title='bbox 2351 1641 2540 1708; x_wconf 79' lang='grc' dir='ltr'><strong>μόνους</strong></span> <span class='ocrx_word' id='word_1_210' title='bbox 2582 1642 2671 1690; x_wconf 73' lang='grc' dir='ltr'><strong>καὶ</strong></span> <span class='ocrx_word' id='word_1_211' title='bbox 2702 1641 3027 1708; x_wconf 82' lang='grc' dir='ltr'><strong>πεντήκοντα</strong></span> <span class='ocrx_word' id='word_1_212' title='bbox 3056 1639 3298 1706; x_wconf 82' lang='grc' dir='ltr'><strong>ψαλμοὺς</strong></span> <span class='ocrx_word' id='word_1_213' title='bbox 3329 1639 3700 1707; x_wconf 73' lang='grc' dir='ltr'><strong>ἐκλεξάμενος,</strong></span> <span class='ocrx_word' id='word_1_214' title='bbox 3753 1641 3884 1700; x_wconf 71' lang='grc' dir='ltr'><strong>τοὺς</strong></span> 
     </span>
    </p>
   </div>
   <div class='ocr_carea' id='block_1_34' title="bbox 709 1709 2243 1797">
    <p class='ocr_par' dir='ltr' id='par_1_34' title="bbox 709 1729 2243 1797">
     <span class='ocr_line' id='line_1_34' title="bbox 709 1729 2243 1797; baseline 0.001 -18"><span class='ocrx_word' id='word_1_215' title='bbox 709 1729 871 1780; x_wconf 87' lang='lat' dir='ltr'><strong>modo</strong></span> <span class='ocrx_word' id='word_1_216' title='bbox 899 1737 951 1780; x_wconf 91' lang='lat' dir='ltr'><strong>et</strong></span> <span class='ocrx_word' id='word_1_217' title='bbox 992 1729 1380 1796; x_wconf 83' lang='lat' dir='ltr'><strong>quinquaginta</strong></span> <span class='ocrx_word' id='word_1_218' title='bbox 1407 1731 1590 1782; x_wconf 88' lang='lat' dir='ltr'><strong>electis</strong></span> <span class='ocrx_word' id='word_1_219' title='bbox 1621 1730 1853 1797; x_wconf 88' lang='lat' dir='ltr'><strong>reliquos</strong></span> <span class='ocrx_word' id='word_1_220' title='bbox 1884 1730 2243 1797; x_wconf 73' lang='lat' dir='ltr'><strong>rejccit.,ldcm</strong></span> 
     </span>
    </p>
   </div>
   <div class='ocr_carea' id='block_1_35' title="bbox 2333 1709 3880 1797">
    <p class='ocr_par' dir='ltr' id='par_1_35' title="bbox 2347 1726 3880 1794">
     <span class='ocr_line' id='line_1_35' title="bbox 2347 1726 3880 1794; baseline -0.001 -15"><span class='ocrx_word' id='word_1_221' title='bbox 2347 1728 2534 1787; x_wconf 82' lang='grc' dir='ltr'><strong>ἄλλους</strong></span> <span class='ocrx_word' id='word_1_222' title='bbox 2583 1726 2813 1794; x_wconf 83' lang='grc' dir='ltr'><strong>ήθέτησε</strong></span> <span class='ocrx_word' id='word_1_223' title='bbox 2851 1742 2865 1756; x_wconf 76' lang='grc' dir='ltr'><strong><em>ο</em></strong></span> <span class='ocrx_word' id='word_1_224' title='bbox 2905 1726 2962 1776; x_wconf 84' lang='grc' dir='ltr'><strong>τὸ</strong></span> <span class='ocrx_word' id='word_1_225' title='bbox 3014 1726 3057 1776; x_wconf 88' lang='grc' dir='ltr'><strong>δ’</strong></span> <span class='ocrx_word' id='word_1_226' title='bbox 3087 1727 3214 1777; x_wconf 77' lang='grc' dir='ltr'><strong>αὑτό</strong></span> <span class='ocrx_word' id='word_1_227' title='bbox 3243 1729 3334 1778; x_wconf 66' lang='grc' dir='ltr'><strong>καὶ</strong></span> <span class='ocrx_word' id='word_1_228' title='bbox 3386 1729 3510 1794; x_wconf 79' lang='grc' dir='ltr'><strong>περὶ</strong></span> <span class='ocrx_word' id='word_1_229' title='bbox 3551 1730 3617 1778; x_wconf 78' lang='grc' dir='ltr'><strong>τά</strong></span> <span class='ocrx_word' id='word_1_230' title='bbox 3643 1727 3733 1778; x_wconf 74' lang='grc' dir='ltr'><strong>τοῦ</strong></span> <span class='ocrx_word' id='word_1_231' title='bbox 3779 1730 3880 1779; x_wconf 80' lang='grc' dir='ltr'><strong>Σο-</strong></span> 
     </span>
    </p>
   </div>
   <div class='ocr_carea' id='block_1_36' title="bbox 709 1816 2246 1889">
    <p class='ocr_par' dir='ltr' id='par_1_36' title="bbox 709 1816 2246 1889">
     <span class='ocr_line' id='line_1_36' title="bbox 709 1816 2246 1889; baseline 0.003 -20"><span class='ocrx_word' id='word_1_232' title='bbox 709 1816 856 1870; x_wconf 91' lang='lat' dir='ltr'><strong>circa</strong></span> <span class='ocrx_word' id='word_1_233' title='bbox 885 1816 1192 1872; x_wconf 90' lang='lat' dir='ltr'><strong>Salomonis</strong></span> <span class='ocrx_word' id='word_1_234' title='bbox 1221 1820 1384 1874; x_wconf 89' lang='lat' dir='ltr'><strong>libros</strong></span> <span class='ocrx_word' id='word_1_235' title='bbox 1430 1820 1684 1882; x_wconf 82' lang='lat' dir='ltr'><strong>instituit,</strong></span> <span class='ocrx_word' id='word_1_236' title='bbox 1724 1835 1955 1889; x_wconf 92' lang='lat' dir='ltr'><strong>quorum</strong></span> <span class='ocrx_word' id='word_1_237' title='bbox 2002 1820 2146 1873; x_wconf 90' lang='lat' dir='ltr'><strong>omni</strong></span> <span class='ocrx_word' id='word_1_238' title='bbox 2181 1835 2246 1873; x_wconf 81' lang='lat' dir='ltr'><strong>ex</strong></span> 
     </span>
    </p>
   </div>
   <div class='ocr_carea' id='block_1_37' title="bbox 709 1907 2244 1973">
    <p class='ocr_par' dir='ltr' id='par_1_37' title="bbox 709 1907 2244 1973">
     <span class='ocr_line' id='line_1_37' title="bbox 709 1907 2244 1973; baseline 0.002 -17"><span class='ocrx_word' id='word_1_239' title='bbox 709 1918 934 1958; x_wconf 84' lang='lat' dir='ltr'><strong>numero</strong></span> <span class='ocrx_word' id='word_1_240' title='bbox 969 1907 1140 1960; x_wconf 89' lang='lat' dir='ltr'><strong>tribus</strong></span> <span class='ocrx_word' id='word_1_241' title='bbox 1174 1909 1361 1960; x_wconf 87' lang='lat' dir='ltr'><strong>saltem</strong></span> <span class='ocrx_word' id='word_1_242' title='bbox 1391 1909 1564 1961; x_wconf 90' lang='lat' dir='ltr'><strong>locum</strong></span> <span class='ocrx_word' id='word_1_243' title='bbox 1611 1908 1758 1960; x_wconf 92' lang='lat' dir='ltr'><strong>dedit</strong></span> <span class='ocrx_word' id='word_1_244' title='bbox 1796 1909 1941 1961; x_wconf 90' lang='lat' dir='ltr'><strong>inter</strong></span> <span class='ocrx_word' id='word_1_245' title='bbox 1993 1909 2244 1973; x_wconf 88' lang='lat' dir='ltr'><strong>oracula;</strong></span> 
     </span>
    </p>
   </div>
   <div class='ocr_carea' id='block_1_38' title="bbox 709 1993 2247 2061">
    <p class='ocr_par' dir='ltr' id='par_1_38' title="bbox 709 1993 2247 2061">
     <span class='ocr_line' id='line_1_38' title="bbox 709 1993 2247 2061; baseline -0.001 -12"><span class='ocrx_word' id='word_1_246' title='bbox 709 1993 1023 2050; x_wconf 76' lang='lat' dir='ltr'><strong>Proverbiis</strong></span> <span class='ocrx_word' id='word_1_247' title='bbox 1051 1997 1278 2059; x_wconf 88' lang='lat' dir='ltr'><strong>scilicet,</strong></span> <span class='ocrx_word' id='word_1_248' title='bbox 1315 1997 1650 2050; x_wconf 64' lang='lat' dir='ltr'><strong>Eeclesiastm</strong></span> <span class='ocrx_word' id='word_1_249' title='bbox 1677 2005 1732 2049; x_wconf 82' lang='lat' dir='ltr'><strong>et</strong></span> <span class='ocrx_word' id='word_1_250' title='bbox 1757 1995 2015 2061; x_wconf 85' lang='lat' dir='ltr'><strong>Cantico;</strong></span> <span class='ocrx_word' id='word_1_251' title='bbox 2041 1997 2247 2050; x_wconf 82' lang='lat' dir='ltr'><strong>caeteris</strong></span> 
     </span>
    </p>
   </div>
   <div class='ocr_carea' id='block_1_39' title="bbox 706 2084 2242 2155">
    <p class='ocr_par' dir='ltr' id='par_1_39' title="bbox 706 2084 2242 2155">
     <span class='ocr_line' id='line_1_39' title="bbox 706 2084 2242 2155; baseline 0.001 -17"><span class='ocrx_word' id='word_1_252' title='bbox 706 2084 970 2138; x_wconf 74' lang='lat' dir='ltr'><strong>damnatis</strong></span> <span class='ocrx_word' id='word_1_253' title='bbox 999 2086 1249 2140; x_wconf 86' lang='lat' dir='ltr'><strong>omnibus</strong></span> <span class='ocrx_word' id='word_1_254' title='bbox 1275 2101 1608 2154; x_wconf 61' lang='lat' dir='ltr'><strong>quiscunque</strong></span> <span class='ocrx_word' id='word_1_255' title='bbox 1653 2087 1853 2140; x_wconf 89' lang='lat' dir='ltr'><strong>nimius</strong></span> <span class='ocrx_word' id='word_1_256' title='bbox 1915 2088 2242 2155; x_wconf 74' lang='lat' dir='ltr'><strong>intelligendi</strong></span> 
     </span>
    </p>
   </div>
   <div class='ocr_carea' id='block_1_40' title="bbox 706 2174 2246 2240">
    <p class='ocr_par' dir='ltr' id='par_1_40' title="bbox 706 2174 2246 2240">
     <span class='ocr_line' id='line_1_40' title="bbox 706 2174 2246 2240; baseline -0.001 -10"><span class='ocrx_word' id='word_1_257' title='bbox 706 2176 884 2230; x_wconf 79' lang='lat' dir='ltr'><strong>factus</strong></span> <span class='ocrx_word' id='word_1_258' title='bbox 935 2174 1190 2228; x_wconf 89' lang='lat' dir='ltr'><strong>Salomon</strong></span> <span class='ocrx_word' id='word_1_259' title='bbox 1225 2177 1302 2227; x_wconf 84' lang='lat' dir='ltr'><strong>vel</strong></span> <span class='ocrx_word' id='word_1_260' title='bbox 1325 2175 1390 2227; x_wconf 88' lang='lat' dir='ltr'><strong>de</strong></span> <span class='ocrx_word' id='word_1_261' title='bbox 1425 2176 1560 2227; x_wconf 74' lang='lat' dir='ltr'><strong>cmlo</strong></span> <span class='ocrx_word' id='word_1_262' title='bbox 1608 2183 1659 2228; x_wconf 89' lang='lat' dir='ltr'><strong>et</strong></span> <span class='ocrx_word' id='word_1_263' title='bbox 1711 2175 2008 2240; x_wconf 83' lang='lat' dir='ltr'><strong>elementis,</strong></span> <span class='ocrx_word' id='word_1_264' title='bbox 2046 2178 2126 2228; x_wconf 80' lang='lat' dir='ltr'><strong>rel</strong></span> <span class='ocrx_word' id='word_1_265' title='bbox 2181 2176 2246 2230; x_wconf 90' lang='lat' dir='ltr'><strong>de</strong></span> 
     </span>
    </p>
   </div>
   <div class='ocr_carea' id='block_1_41' title="bbox 706 2265 2240 2334">
    <p class='ocr_par' dir='ltr' id='par_1_41' title="bbox 706 2265 2240 2334">
     <span class='ocr_line' id='line_1_41' title="bbox 706 2265 2240 2334; baseline 0.001 -18"><span class='ocrx_word' id='word_1_266' title='bbox 706 2266 905 2334; x_wconf 90' lang='lat' dir='ltr'><strong>plantis</strong></span> <span class='ocrx_word' id='word_1_267' title='bbox 943 2280 1234 2332; x_wconf 89' lang='lat' dir='ltr'><strong>earumque</strong></span> <span class='ocrx_word' id='word_1_268' title='bbox 1274 2266 1563 2318; x_wconf 74' lang='lat' dir='ltr'><strong>virtutibus</strong></span> <span class='ocrx_word' id='word_1_269' title='bbox 1615 2274 2012 2320; x_wconf 88' lang='lat' dir='ltr'><strong>commentatus</strong></span> <span class='ocrx_word' id='word_1_270' title='bbox 2045 2265 2240 2319; x_wconf 82' lang='lat' dir='ltr'><strong>fuerat.</strong></span> 
     </span>
    </p>
   </div>
   <div class='ocr_carea' id='block_1_42' title="bbox 705 2355 2242 2425">
    <p class='ocr_par' dir='ltr' id='par_1_42' title="bbox 705 2355 2242 2425">
     <span class='ocr_line' id='line_1_42' title="bbox 705 2355 2242 2425; baseline -0.001 -14"><span class='ocrx_word' id='word_1_271' title='bbox 705 2357 854 2424; x_wconf 75' lang='lat' dir='ltr'><strong>Quod</strong></span> <span class='ocrx_word' id='word_1_272' title='bbox 888 2364 1066 2409; x_wconf 89' lang='lat' dir='ltr'><strong>tamen</strong></span> <span class='ocrx_word' id='word_1_273' title='bbox 1102 2372 1192 2409; x_wconf 82' lang='lat' dir='ltr'><strong>rex</strong></span> <span class='ocrx_word' id='word_1_274' title='bbox 1213 2356 1470 2409; x_wconf 83' lang='lat' dir='ltr'><strong>Ezechias</strong></span> <span class='ocrx_word' id='word_1_275' title='bbox 1492 2356 1728 2424; x_wconf 86' lang='lat' dir='ltr'><strong>suscepit</strong></span> <span class='ocrx_word' id='word_1_276' title='bbox 1761 2355 2014 2425; x_wconf 83' lang='lat' dir='ltr'><strong>religione</strong></span> <span class='ocrx_word' id='word_1_277' title='bbox 2047 2368 2242 2420; x_wconf 84' lang='lat' dir='ltr'><strong>motus,</strong></span> 
     </span>
    </p>
   </div>
   <div class='ocr_carea' id='block_1_43' title="bbox 706 2445 2247 2515">
    <p class='ocr_par' dir='ltr' id='par_1_43' title="bbox 706 2445 2247 2515">
     <span class='ocr_line' id='line_1_43' title="bbox 706 2445 2247 2515; baseline -0.001 -14"><span class='ocrx_word' id='word_1_278' title='bbox 706 2457 767 2501; x_wconf 88' lang='lat' dir='ltr'><strong>ut</strong></span> <span class='ocrx_word' id='word_1_279' title='bbox 794 2447 1042 2500; x_wconf 88' lang='lat' dir='ltr'><strong>mortales</strong></span> <span class='ocrx_word' id='word_1_280' title='bbox 1071 2460 1257 2498; x_wconf 88' lang='lat' dir='ltr'><strong>omnes</strong></span> <span class='ocrx_word' id='word_1_281' title='bbox 1292 2446 1355 2497; x_wconf 91' lang='lat' dir='ltr'><strong>ad</strong></span> <span class='ocrx_word' id='word_1_282' title='bbox 1385 2445 1549 2498; x_wconf 88' lang='lat' dir='ltr'><strong>Deum</strong></span> <span class='ocrx_word' id='word_1_283' title='bbox 1579 2445 1922 2515; x_wconf 80' lang='lat' dir='ltr'><strong>confugerent</strong></span> <span class='ocrx_word' id='word_1_284' title='bbox 1954 2448 2148 2511; x_wconf 90' lang='lat' dir='ltr'><strong>solum,</strong></span> <span class='ocrx_word' id='word_1_285' title='bbox 2181 2448 2247 2500; x_wconf 91' lang='lat' dir='ltr'><strong>ab</strong></span> 
     </span>
    </p>
   </div>
   <div class='ocr_carea' id='block_1_44' title="bbox 705 2532 2246 2609">
    <p class='ocr_par' dir='ltr' id='par_1_44' title="bbox 705 2532 2246 2609">
     <span class='ocr_line' id='line_1_44' title="bbox 705 2532 2246 2609; baseline -0.001 -21"><span class='ocrx_word' id='word_1_286' title='bbox 705 2550 769 2590; x_wconf 90' lang='lat' dir='ltr'><strong>eo</strong></span> <span class='ocrx_word' id='word_1_287' title='bbox 810 2535 1174 2602; x_wconf 89' lang='lat' dir='ltr'><strong>cujuscunque</strong></span> <span class='ocrx_word' id='word_1_288' title='bbox 1218 2533 1549 2601; x_wconf 59' lang='lat' dir='ltr'><strong>a‘gritudinis</strong></span> <span class='ocrx_word' id='word_1_289' title='bbox 1585 2540 1677 2586; x_wconf 90' lang='lat' dir='ltr'><strong>aut</strong></span> <span class='ocrx_word' id='word_1_290' title='bbox 1726 2532 1899 2609; x_wconf 74' lang='lat' dir='ltr'><strong>morbi</strong></span> <span class='ocrx_word' id='word_1_291' title='bbox 1953 2535 2246 2588; x_wconf 88' lang='lat' dir='ltr'><strong>remedium</strong></span> 
     </span>
    </p>
   </div>
   <div class='ocr_carea' id='block_1_45' title="bbox 708 2622 2247 2690">
    <p class='ocr_par' dir='ltr' id='par_1_45' title="bbox 708 2622 2247 2690">
     <span class='ocr_line' id='line_1_45' title="bbox 708 2622 2247 2690; baseline 0.003 -17"><span class='ocrx_word' id='word_1_292' title='bbox 708 2631 964 2690; x_wconf 84' lang='lat' dir='ltr'><strong>peterent,</strong></span> <span class='ocrx_word' id='word_1_293' title='bbox 991 2638 1160 2690; x_wconf 82' lang='lat' dir='ltr'><strong>neque</strong></span> <span class='ocrx_word' id='word_1_294' title='bbox 1179 2622 1439 2690; x_wconf 87' lang='lat' dir='ltr'><strong>lapidibus</strong></span> <span class='ocrx_word' id='word_1_295' title='bbox 1463 2631 1512 2675; x_wconf 91' lang='lat' dir='ltr'><strong>et</strong></span> <span class='ocrx_word' id='word_1_296' title='bbox 1533 2622 1686 2690; x_wconf 81' lang='lat' dir='ltr'><strong>lignis</strong></span> <span class='ocrx_word' id='word_1_297' title='bbox 1709 2623 1932 2676; x_wconf 85' lang='lat' dir='ltr'><strong>salutem</strong></span> <span class='ocrx_word' id='word_1_298' title='bbox 1954 2639 2104 2676; x_wconf 83' lang='lat' dir='ltr'><strong>suam</strong></span> <span class='ocrx_word' id='word_1_299' title='bbox 2125 2634 2247 2677; x_wconf 86' lang='lat' dir='ltr'><strong>cum</strong></span> 
     </span>
    </p>
   </div>
   <div class='ocr_carea' id='block_1_46' title="bbox 707 2710 2251 2778">
    <p class='ocr_par' dir='ltr' id='par_1_46' title="bbox 707 2710 2251 2778">
     <span class='ocr_line' id='line_1_46' title="bbox 707 2710 2251 2778; baseline 0.001 -14"><span class='ocrx_word' id='word_1_300' title='bbox 707 2718 1011 2778; x_wconf 89' lang='lat' dir='ltr'><strong>contemptu</strong></span> <span class='ocrx_word' id='word_1_301' title='bbox 1081 2711 1317 2764; x_wconf 88' lang='lat' dir='ltr'><strong>numinis</strong></span> <span class='ocrx_word' id='word_1_302' title='bbox 1395 2712 1810 2765; x_wconf 86' lang='lat' dir='ltr'><strong>commilterent.</strong></span> <span class='ocrx_word' id='word_1_303' title='bbox 1886 2710 1951 2765; x_wconf 85' lang='lat' dir='ltr'><strong>Et</strong></span> <span class='ocrx_word' id='word_1_304' title='bbox 2019 2714 2085 2766; x_wconf 90' lang='lat' dir='ltr'><strong>de</strong></span> <span class='ocrx_word' id='word_1_305' title='bbox 2165 2713 2251 2766; x_wconf 87' lang='lat' dir='ltr'><strong>his</strong></span> 
     </span>
    </p>
   </div>
   <div class='ocr_carea' id='block_1_47' title="bbox 707 2797 2248 2858">
    <p class='ocr_par' dir='ltr' id='par_1_47' title="bbox 707 2797 2248 2858">
     <span class='ocr_line' id='line_1_47' title="bbox 707 2797 2248 2858; baseline 0.004 -6"><span class='ocrx_word' id='word_1_306' title='bbox 707 2801 986 2853; x_wconf 86' lang='lat' dir='ltr'><strong>hactenus.</strong></span> <span class='ocrx_word' id='word_1_307' title='bbox 1024 2797 1163 2852; x_wconf 92' lang='lat' dir='ltr'><strong>Duas</strong></span> <span class='ocrx_word' id='word_1_308' title='bbox 1193 2810 1368 2852; x_wconf 90' lang='lat' dir='ltr'><strong>autem</strong></span> <span class='ocrx_word' id='word_1_309' title='bbox 1396 2801 1741 2854; x_wconf 75' lang='lat' dir='ltr'><strong>obscuritatis</strong></span> <span class='ocrx_word' id='word_1_310' title='bbox 1773 2802 2029 2856; x_wconf 89' lang='lat' dir='ltr'><strong>librorum</strong></span> <span class='ocrx_word' id='word_1_311' title='bbox 2061 2819 2248 2858; x_wconf 88' lang='lat' dir='ltr'><strong>sacro-</strong></span> 
     </span>
    </p>
   </div>
   <div class='ocr_carea' id='block_1_48' title="bbox 707 2889 2248 2964">
    <p class='ocr_par' dir='ltr' id='par_1_48' title="bbox 707 2889 2248 2964">
     <span class='ocr_line' id='line_1_48' title="bbox 707 2889 2248 2964; baseline 0.006 -25"><span class='ocrx_word' id='word_1_312' title='bbox 707 2903 823 2940; x_wconf 89' lang='lat' dir='ltr'><strong>rum</strong></span> <span class='ocrx_word' id='word_1_313' title='bbox 856 2890 1094 2942; x_wconf 87' lang='lat' dir='ltr'><strong>rationes</strong></span> <span class='ocrx_word' id='word_1_314' title='bbox 1144 2889 1386 2958; x_wconf 83' lang='lat' dir='ltr'><strong>prolerre</strong></span> <span class='ocrx_word' id='word_1_315' title='bbox 1435 2906 1753 2958; x_wconf 87' lang='lat' dir='ltr'><strong>possumus;</strong></span> <span class='ocrx_word' id='word_1_316' title='bbox 1815 2893 2060 2960; x_wconf 87' lang='lat' dir='ltr'><strong>alteram,</strong></span> <span class='ocrx_word' id='word_1_317' title='bbox 2106 2896 2248 2964; x_wconf 90' lang='lat' dir='ltr'><strong>quod</strong></span> 
     </span>
    </p>
   </div>
   <div class='ocr_carea' id='block_1_49' title="bbox 2348 1814 3884 1884">
    <p class='ocr_par' dir='ltr' id='par_1_49' title="bbox 2348 1814 3884 1884">
     <span class='ocr_line' id='line_1_49' title="bbox 2348 1814 3884 1884; baseline -0.002 -18"><span class='ocrx_word' id='word_1_318' title='bbox 2348 1816 2616 1884; x_wconf 76' lang='grc' dir='ltr'><strong>λομῶντος</strong></span> <span class='ocrx_word' id='word_1_319' title='bbox 2662 1815 3058 1883; x_wconf 86' lang='grc' dir='ltr'><strong>συγγράμματα</strong></span> <span class='ocrx_word' id='word_1_320' title='bbox 3111 1814 3394 1882; x_wconf 88' lang='grc' dir='ltr'><strong>πεποίηκε,</strong></span> <span class='ocrx_word' id='word_1_321' title='bbox 3426 1814 3550 1882; x_wconf 80' lang='grc' dir='ltr'><strong>τρία</strong></span> <span class='ocrx_word' id='word_1_322' title='bbox 3597 1815 3731 1883; x_wconf 83' lang='grc' dir='ltr'><strong>μόνα</strong></span> <span class='ocrx_word' id='word_1_323' title='bbox 3788 1815 3884 1878; x_wconf 74' lang='grc' dir='ltr'><strong>ἑγ-</strong></span> 
     </span>
    </p>
   </div>
   <div class='ocr_carea' id='block_1_50' title="bbox 2346 1880 3888 1972">
    <p class='ocr_par' dir='ltr' id='par_1_50' title="bbox 2346 1880 3888 1972">
     <span class='ocr_line' id='line_1_50' title="bbox 2346 1880 3888 1972; baseline -0.002 -17"><span class='ocrx_word' id='word_1_324' title='bbox 2346 1880 2531 1972; x_wconf 21' lang='grc' dir='ltr'><strong>κρήίνας</strong></span> <span class='ocrx_word' id='word_1_325' title='bbox 2552 1921 2566 1935; x_wconf 90' lang='grc'><strong>·</strong></span> <span class='ocrx_word' id='word_1_326' title='bbox 2599 1905 2693 1965; x_wconf 83' lang='grc' dir='ltr'><strong>τάς</strong></span> <span class='ocrx_word' id='word_1_327' title='bbox 2727 1880 3044 1972; x_wconf 23' lang='grc' dir='ltr'><strong>Πανροιμίας,</strong></span> <span class='ocrx_word' id='word_1_328' title='bbox 3079 1908 3168 1955; x_wconf 80' lang='grc' dir='ltr'><strong>τὸν</strong></span> <span class='ocrx_word' id='word_1_329' title='bbox 3209 1880 3650 1971; x_wconf 75' lang='grc' dir='ltr'><strong>Ἐκκλησιαστήν,</strong></span> <span class='ocrx_word' id='word_1_330' title='bbox 3685 1904 3778 1954; x_wconf 78' lang='grc' dir='ltr'><strong>καὶ</strong></span> <span class='ocrx_word' id='word_1_331' title='bbox 3822 1901 3888 1952; x_wconf 78' lang='grc' dir='ltr'><strong>τὸ</strong></span> 
     </span>
    </p>
   </div>
   <div class='ocr_carea' id='block_1_51' title="bbox 2344 1991 3886 2062">
    <p class='ocr_par' dir='ltr' id='par_1_51' title="bbox 2344 1991 3886 2062">
     <span class='ocr_line' id='line_1_51' title="bbox 2344 1991 3886 2062; baseline -0.001 -18"><span class='ocrx_word' id='word_1_332' title='bbox 2344 1991 2629 2062; x_wconf 78' lang='grc' dir='ltr'><strong>ᾎσμα.Τά</strong></span> <span class='ocrx_word' id='word_1_333' title='bbox 2648 1992 2701 2044; x_wconf 82' lang='grc' dir='ltr'><strong>δ’</strong></span> <span class='ocrx_word' id='word_1_334' title='bbox 2720 1992 2853 2046; x_wconf 73' lang='grc' dir='ltr'><strong>ἄλλα</strong></span> <span class='ocrx_word' id='word_1_335' title='bbox 2873 1991 3042 2046; x_wconf 84' lang='grc' dir='ltr'><strong>πάντα</strong></span> <span class='ocrx_word' id='word_1_336' title='bbox 3060 1993 3477 2060; x_wconf 81' lang='grc' dir='ltr'><strong>ἀποδοκιμάσας,</strong></span> <span class='ocrx_word' id='word_1_337' title='bbox 3507 1992 3606 2044; x_wconf 80' lang='grc' dir='ltr'><strong>ὅσα</strong></span> <span class='ocrx_word' id='word_1_338' title='bbox 3634 1991 3886 2060; x_wconf 78' lang='grc' dir='ltr'><strong>περιττὸς</strong></span> 
     </span>
    </p>
   </div>
   <div class='ocr_carea' id='block_1_52' title="bbox 2347 2083 3886 2153">
    <p class='ocr_par' dir='ltr' id='par_1_52' title="bbox 2347 2083 3886 2153">
     <span class='ocr_line' id='line_1_52' title="bbox 2347 2083 3886 2153; baseline -0.003 -17"><span class='ocrx_word' id='word_1_339' title='bbox 2347 2085 2440 2153; x_wconf 77' lang='grc' dir='ltr'><strong>τὴν</strong></span> <span class='ocrx_word' id='word_1_340' title='bbox 2475 2085 2662 2152; x_wconf 79' lang='grc' dir='ltr'><strong>σοφίαν</strong></span> <span class='ocrx_word' id='word_1_341' title='bbox 2687 2083 3018 2151; x_wconf 79' lang='grc' dir='ltr'><strong>γενόμενοςό</strong></span> <span class='ocrx_word' id='word_1_342' title='bbox 3055 2083 3301 2150; x_wconf 84' lang='grc' dir='ltr'><strong>Σολομῶν</strong></span> <span class='ocrx_word' id='word_1_343' title='bbox 3335 2083 3459 2151; x_wconf 74' lang='grc' dir='ltr'><strong>περὶ</strong></span> <span class='ocrx_word' id='word_1_344' title='bbox 3506 2083 3757 2152; x_wconf 84' lang='grc' dir='ltr'><strong>οὐρανοῦ,</strong></span> <span class='ocrx_word' id='word_1_345' title='bbox 3788 2084 3886 2133; x_wconf 84' lang='grc' dir='ltr'><strong>καὶ</strong></span> 
     </span>
    </p>
   </div>
   <div class='ocr_carea' id='block_1_53' title="bbox 2348 2171 3886 2243">
    <p class='ocr_par' dir='ltr' id='par_1_53' title="bbox 2348 2171 3886 2243">
     <span class='ocr_line' id='line_1_53' title="bbox 2348 2171 3886 2243; baseline -0.003 -17"><span class='ocrx_word' id='word_1_346' title='bbox 2348 2176 2647 2243; x_wconf 81' lang='grc' dir='ltr'><strong>στοιχείων,</strong></span> <span class='ocrx_word' id='word_1_347' title='bbox 2674 2177 2766 2227; x_wconf 76' lang='grc' dir='ltr'><strong>καὶ</strong></span> <span class='ocrx_word' id='word_1_348' title='bbox 2811 2173 3008 2242; x_wconf 91' lang='grc' dir='ltr'><strong>φυτῶν,</strong></span> <span class='ocrx_word' id='word_1_349' title='bbox 3043 2175 3135 2224; x_wconf 79' lang='grc' dir='ltr'><strong>καὶ</strong></span> <span class='ocrx_word' id='word_1_350' title='bbox 3179 2174 3273 2242; x_wconf 80' lang='grc' dir='ltr'><strong>τῆς</strong></span> <span class='ocrx_word' id='word_1_351' title='bbox 3315 2173 3542 2230; x_wconf 76' lang='grc' dir='ltr'><strong>ἑκάστου</strong></span> <span class='ocrx_word' id='word_1_352' title='bbox 3601 2171 3886 2238; x_wconf 77' lang='grc' dir='ltr'><strong>δυνάμεως</strong></span> 
     </span>
    </p>
   </div>
   <div class='ocr_carea' id='block_1_54' title="bbox 2348 2259 3887 2333">
    <p class='ocr_par' dir='ltr' id='par_1_54' title="bbox 2348 2259 3887 2333">
     <span class='ocr_line' id='line_1_54' title="bbox 2348 2259 3887 2333; baseline -0.003 -19"><span class='ocrx_word' id='word_1_353' title='bbox 2348 2262 2733 2333; x_wconf 79' lang='grc' dir='ltr'><strong>συνεγράψατο.</strong></span> <span class='ocrx_word' id='word_1_354' title='bbox 2767 2263 2935 2316; x_wconf 79' lang='grc' dir='ltr'><strong>Τοῦτο</strong></span> <span class='ocrx_word' id='word_1_355' title='bbox 2971 2263 3026 2316; x_wconf 81' lang='grc' dir='ltr'><strong>δὲ</strong></span> <span class='ocrx_word' id='word_1_356' title='bbox 3069 2263 3209 2314; x_wconf 87' lang='grc' dir='ltr'><strong>κατά</strong></span> <span class='ocrx_word' id='word_1_357' title='bbox 3241 2261 3462 2330; x_wconf 79' lang='grc' dir='ltr'><strong>γνώμην</strong></span> <span class='ocrx_word' id='word_1_358' title='bbox 3501 2260 3694 2327; x_wconf 81' lang='grc' dir='ltr'>εὐσεσῆ</span> <span class='ocrx_word' id='word_1_359' title='bbox 3736 2259 3887 2323; x_wconf 73' lang='grc' dir='ltr'><strong>Ἐξε-</strong></span> 
     </span>
    </p>
   </div>
   <div class='ocr_carea' id='block_1_55' title="bbox 2345 2351 3888 2421">
    <p class='ocr_par' dir='ltr' id='par_1_55' title="bbox 2345 2351 3888 2421">
     <span class='ocr_line' id='line_1_55' title="bbox 2345 2351 3888 2421; baseline -0.003 -17"><span class='ocrx_word' id='word_1_360' title='bbox 2345 2353 2467 2413; x_wconf 86' lang='grc' dir='ltr'><strong>κίας</strong></span> <span class='ocrx_word' id='word_1_361' title='bbox 2518 2353 2768 2421; x_wconf 67' lang='grc' dir='ltr'><strong>ἐποίησε,</strong></span> <span class='ocrx_word' id='word_1_362' title='bbox 2819 2351 3134 2421; x_wconf 72' lang='grc' dir='ltr'><strong>βουλόμενος</strong></span> <span class='ocrx_word' id='word_1_363' title='bbox 3187 2353 3388 2412; x_wconf 81' lang='grc' dir='ltr'><strong>πάντας</strong></span> <span class='ocrx_word' id='word_1_364' title='bbox 3446 2351 3755 2420; x_wconf 64' lang='grc' dir='ltr'><strong>ἀνθρώπους</strong></span> <span class='ocrx_word' id='word_1_365' title='bbox 3805 2353 3888 2410; x_wconf 85' lang='grc' dir='ltr'><strong>είς</strong></span> 
     </span>
    </p>
   </div>
   <div class='ocr_carea' id='block_1_56' title="bbox 2345 2438 3886 2511">
    <p class='ocr_par' dir='ltr' id='par_1_56' title="bbox 2345 2438 3886 2511">
     <span class='ocr_line' id='line_1_56' title="bbox 2345 2438 3886 2511; baseline -0.003 -19"><span class='ocrx_word' id='word_1_366' title='bbox 2345 2442 2474 2492; x_wconf 75' lang='grc' dir='ltr'>θεὸν</span> <span class='ocrx_word' id='word_1_367' title='bbox 2524 2442 2678 2510; x_wconf 86' lang='grc' dir='ltr'><strong>μόνον</strong></span> <span class='ocrx_word' id='word_1_368' title='bbox 2730 2442 3110 2509; x_wconf 77' lang='grc' dir='ltr'><strong>καταφεύγειν,</strong></span> <span class='ocrx_word' id='word_1_369' title='bbox 3155 2442 3247 2493; x_wconf 72' lang='grc' dir='ltr'><strong>καὶ</strong></span> <span class='ocrx_word' id='word_1_370' title='bbox 3297 2441 3425 2511; x_wconf 83' lang='grc' dir='ltr'><strong>παρ’</strong></span> <span class='ocrx_word' id='word_1_371' title='bbox 3473 2440 3634 2492; x_wconf 82' lang='grc' dir='ltr'><strong>αὐτοῦ</strong></span> <span class='ocrx_word' id='word_1_372' title='bbox 3693 2438 3886 2507; x_wconf 78' lang='grc' dir='ltr'><strong>ζητεῖν</strong></span> 
     </span>
    </p>
   </div>
   <div class='ocr_carea' id='block_1_57' title="bbox 2345 2525 3888 2597">
    <p class='ocr_par' dir='ltr' id='par_1_57' title="bbox 2345 2525 3888 2597">
     <span class='ocr_line' id='line_1_57' title="bbox 2345 2525 3888 2597; baseline -0.003 -17"><span class='ocrx_word' id='word_1_373' title='bbox 2345 2529 2540 2590; x_wconf 76' lang='grc' dir='ltr'><strong>παντὸς</strong></span> <span class='ocrx_word' id='word_1_374' title='bbox 2567 2529 2766 2590; x_wconf 78' lang='grc' dir='ltr'><strong>πάθους</strong></span> <span class='ocrx_word' id='word_1_375' title='bbox 2800 2529 2893 2582; x_wconf 77' lang='grc' dir='ltr'><strong>καὶ</strong></span> <span class='ocrx_word' id='word_1_376' title='bbox 2921 2530 3220 2597; x_wconf 83' lang='grc' dir='ltr'><strong>νοσήματος</strong></span> <span class='ocrx_word' id='word_1_377' title='bbox 3258 2528 3550 2596; x_wconf 76' lang='grc' dir='ltr'>θεραπείαν</span> <span class='ocrx_word' id='word_1_378' title='bbox 3571 2544 3586 2558; x_wconf 73' lang='grc' dir='ltr'><strong>ο</strong></span> <span class='ocrx_word' id='word_1_379' title='bbox 3621 2526 3778 2578; x_wconf 66' lang='grc' dir='ltr'><strong>ἀλλάΔ</strong></span> <span class='ocrx_word' id='word_1_380' title='bbox 3809 2525 3888 2594; x_wconf 85' lang='grc' dir='ltr'><strong>μὴ</strong></span> 
     </span>
    </p>
   </div>
   <div class='ocr_carea' id='block_1_58' title="bbox 2348 2615 3889 2684">
    <p class='ocr_par' dir='ltr' id='par_1_58' title="bbox 2348 2615 3889 2684">
     <span class='ocr_line' id='line_1_58' title="bbox 2348 2615 3889 2684; baseline -0.003 -13"><span class='ocrx_word' id='word_1_381' title='bbox 2348 2621 2518 2684; x_wconf 81' lang='grc' dir='ltr'><strong>ξύλοις</strong></span> <span class='ocrx_word' id='word_1_382' title='bbox 2548 2622 2640 2673; x_wconf 82' lang='grc' dir='ltr'><strong>καὶ</strong></span> <span class='ocrx_word' id='word_1_383' title='bbox 2676 2619 2840 2682; x_wconf 83' lang='grc' dir='ltr'><strong>λίθοις</strong></span> <span class='ocrx_word' id='word_1_384' title='bbox 2871 2619 3092 2680; x_wconf 78' lang='grc' dir='ltr'><strong>ἑαυτοὺς</strong></span> <span class='ocrx_word' id='word_1_385' title='bbox 3112 2619 3440 2682; x_wconf 76' lang='grc' dir='ltr'><strong>ἀνατιθέναι,</strong></span> <span class='ocrx_word' id='word_1_386' title='bbox 3467 2615 3753 2670; x_wconf 73' lang='grc' dir='ltr'><strong>κάντεῦθεν</strong></span> <span class='ocrx_word' id='word_1_387' title='bbox 3782 2633 3889 2668; x_wconf 72' lang='grc' dir='ltr'><strong>κιο</strong></span> 
     </span>
    </p>
   </div>
   <div class='ocr_carea' id='block_1_59' title="bbox 2344 2704 3887 2780">
    <p class='ocr_par' dir='ltr' id='par_1_59' title="bbox 2344 2704 3887 2780">
     <span class='ocr_line' id='line_1_59' title="bbox 2344 2704 3887 2780; baseline -0.005 -18"><span class='ocrx_word' id='word_1_388' title='bbox 2344 2712 2623 2780; x_wconf 84' lang='grc' dir='ltr'><strong>ταφρονεῖν</strong></span> <span class='ocrx_word' id='word_1_389' title='bbox 2645 2711 2742 2778; x_wconf 80' lang='grc' dir='ltr'><strong>τῆς</strong></span> <span class='ocrx_word' id='word_1_390' title='bbox 2769 2709 2862 2760; x_wconf 84' lang='grc' dir='ltr'><strong>τοῦ</strong></span> <span class='ocrx_word' id='word_1_391' title='bbox 2884 2708 3016 2760; x_wconf 80' lang='grc' dir='ltr'><strong>Θεοῦ</strong></span> <span class='ocrx_word' id='word_1_392' title='bbox 3039 2710 3200 2776; x_wconf 84' lang='grc' dir='ltr'><strong>τιμῆς</strong></span> <span class='ocrx_word' id='word_1_393' title='bbox 3231 2722 3246 2737; x_wconf 75' lang='grc'><strong><em>⁸</em></strong></span> <span class='ocrx_word' id='word_1_394' title='bbox 3283 2708 3375 2758; x_wconf 81' lang='grc' dir='ltr'><strong>καὶ</strong></span> <span class='ocrx_word' id='word_1_395' title='bbox 3404 2708 3528 2776; x_wconf 80' lang='grc' dir='ltr'><strong>περὶ</strong></span> <span class='ocrx_word' id='word_1_396' title='bbox 3559 2707 3655 2775; x_wconf 82' lang='grc' dir='ltr'><strong>μὲν</strong></span> <span class='ocrx_word' id='word_1_397' title='bbox 3677 2704 3887 2756; x_wconf 83' lang='grc' dir='ltr'><strong>τούτων</strong></span> 
     </span>
    </p>
   </div>
   <div class='ocr_carea' id='block_1_60' title="bbox 2345 2794 3886 2864">
    <p class='ocr_par' dir='ltr' id='par_1_60' title="bbox 2345 2794 3886 2864">
     <span class='ocr_line' id='line_1_60' title="bbox 2345 2794 3886 2864; baseline -0.006 -13"><span class='ocrx_word' id='word_1_398' title='bbox 2345 2798 2595 2851; x_wconf 82' lang='grc' dir='ltr'><strong>τοσαῦτα.</strong></span> <span class='ocrx_word' id='word_1_399' title='bbox 2637 2797 2739 2849; x_wconf 80' lang='grc' dir='ltr'><strong>Δύο</strong></span> <span class='ocrx_word' id='word_1_400' title='bbox 2769 2796 2826 2849; x_wconf 74' lang='grc' dir='ltr'><strong>δὲ</strong></span> <span class='ocrx_word' id='word_1_401' title='bbox 2869 2797 3044 2858; x_wconf 87' lang='grc' dir='ltr'><strong>αίτίας</strong></span> <span class='ocrx_word' id='word_1_402' title='bbox 3079 2796 3178 2864; x_wconf 82' lang='grc' dir='ltr'><strong>τῆς</strong></span> <span class='ocrx_word' id='word_1_403' title='bbox 3214 2795 3320 2846; x_wconf 90' lang='grc' dir='ltr'><strong>τῶν</strong></span> <span class='ocrx_word' id='word_1_404' title='bbox 3355 2795 3581 2862; x_wconf 82' lang='grc' dir='ltr'><strong>Γραφῶν</strong></span> <span class='ocrx_word' id='word_1_405' title='bbox 3619 2794 3815 2856; x_wconf 83' lang='grc' dir='ltr'><strong>ἀσαφεί</strong></span> <span class='ocrx_word' id='word_1_406' title='bbox 3843 2809 3886 2852; x_wconf 93' lang='grc' dir='ltr'><strong>·ς</strong></span> 
     </span>
    </p>
   </div>
   <div class='ocr_carea' id='block_1_61' title="bbox 2345 2880 3884 2954">
    <p class='ocr_par' dir='ltr' id='par_1_61' title="bbox 2345 2880 3884 2954">
     <span class='ocr_line' id='line_1_61' title="bbox 2345 2880 3884 2954; baseline -0.006 -16"><span class='ocrx_word' id='word_1_407' title='bbox 2345 2887 2515 2938; x_wconf 80' lang='grc' dir='ltr'><strong>εἰπεῖν</strong></span> <span class='ocrx_word' id='word_1_408' title='bbox 2543 2885 2732 2954; x_wconf 75' lang='grc' dir='ltr'><strong>ἔχομεν</strong></span> <span class='ocrx_word' id='word_1_409' title='bbox 2757 2900 2772 2914; x_wconf 87' lang='grc'><strong>·</strong></span> <span class='ocrx_word' id='word_1_410' title='bbox 2794 2884 2919 2954; x_wconf 87' lang='grc' dir='ltr'><strong>μίαν</strong></span> <span class='ocrx_word' id='word_1_411' title='bbox 2941 2884 3060 2952; x_wconf 78' lang='grc' dir='ltr'><strong>μὲν,</strong></span> <span class='ocrx_word' id='word_1_412' title='bbox 3078 2881 3276 2935; x_wconf 85' lang='grc' dir='ltr'><strong>ὃτιάπδ</strong></span> <span class='ocrx_word' id='word_1_413' title='bbox 3302 2882 3398 2948; x_wconf 82' lang='grc' dir='ltr'><strong>τῆς</strong></span> <span class='ocrx_word' id='word_1_414' title='bbox 3418 2881 3684 2950; x_wconf 77' lang='grc' dir='ltr'><strong>Ἐσραῖδος</strong></span> <span class='ocrx_word' id='word_1_415' title='bbox 3699 2880 3884 2932; x_wconf 81' lang='grc' dir='ltr'><strong>διαλέο</strong></span> 
     </span>
    </p>
   </div>
   <div class='ocr_carea' id='block_1_62' title="bbox 705 2971 2243 3065">
    <p class='ocr_par' dir='ltr' id='par_1_62' title="bbox 705 2978 2243 3053">
     <span class='ocr_line' id='line_1_62' title="bbox 705 2978 2243 3053; baseline 0.005 -21"><span class='ocrx_word' id='word_1_416' title='bbox 705 2994 769 3032; x_wconf 85' lang='lat' dir='ltr'><strong>ex</strong></span> <span class='ocrx_word' id='word_1_417' title='bbox 805 2978 1026 3032; x_wconf 66' lang='lat' dir='ltr'><strong>Hebraeo</strong></span> <span class='ocrx_word' id='word_1_418' title='bbox 1058 2981 1108 3032; x_wconf 92' lang='lat' dir='ltr'><strong>in</strong></span> <span class='ocrx_word' id='word_1_419' title='bbox 1145 2980 1316 3034; x_wconf 61' lang='grc' dir='ltr'><strong>(ἕναξοί</strong></span> <span class='ocrx_word' id='word_1_420' title='bbox 1363 2984 1630 3036; x_wconf 83' lang='lat' dir='ltr'><strong>sermonis</strong></span> <span class='ocrx_word' id='word_1_421' title='bbox 1681 2985 1920 3038; x_wconf 90' lang='lat' dir='ltr'><strong>translati</strong></span> <span class='ocrx_word' id='word_1_422' title='bbox 1950 2995 2076 3038; x_wconf 92' lang='lat' dir='ltr'><strong>sunt</strong></span> <span class='ocrx_word' id='word_1_423' title='bbox 2123 3001 2243 3053; x_wconf 88' lang='lat' dir='ltr'><strong>pro-</strong></span> 
     </span>
    </p>
   </div>
   <div class='ocr_carea' id='block_1_63' title="bbox 2333 2971 3890 3065">
    <p class='ocr_par' dir='ltr' id='par_1_63' title="bbox 2348 2971 3890 3044">
     <span class='ocr_line' id='line_1_63' title="bbox 2348 2971 3890 3044; baseline -0.005 -17"><span class='ocrx_word' id='word_1_424' title='bbox 2348 2993 2472 3027; x_wconf 90' lang='grc' dir='ltr'><strong>κτου</strong></span> <span class='ocrx_word' id='word_1_425' title='bbox 2491 2976 2565 3037; x_wconf 88' lang='grc' dir='ltr'><strong>είς</strong></span> <span class='ocrx_word' id='word_1_426' title='bbox 2582 2975 2676 3044; x_wconf 85' lang='grc' dir='ltr'><strong>τήν</strong></span> <span class='ocrx_word' id='word_1_427' title='bbox 2693 2973 2963 3043; x_wconf 82' lang='grc' dir='ltr'><strong>Ἑλληνίδα</strong></span> <span class='ocrx_word' id='word_1_428' title='bbox 2989 2973 3405 3042; x_wconf 76' lang='grc' dir='ltr'><strong>μετεὸλήθησαν.</strong></span> <span class='ocrx_word' id='word_1_429' title='bbox 3425 2972 3587 3024; x_wconf 81' lang='grc' dir='ltr'><strong>Ὅταν</strong></span> <span class='ocrx_word' id='word_1_430' title='bbox 3601 2971 3655 3023; x_wconf 75' lang='grc' dir='ltr'><strong>δὲ</strong></span> <span class='ocrx_word' id='word_1_431' title='bbox 3671 2971 3890 3037; x_wconf 55' lang='grc' dir='ltr'><strong>γλῶττα</strong></span> 
     </span>
    </p>
   </div>
   <div class='ocr_carea' id='block_1_64' title="bbox 705 3067 2245 3134">
    <p class='ocr_par' dir='ltr' id='par_1_64' title="bbox 705 3067 2245 3134">
     <span class='ocr_line' id='line_1_64' title="bbox 705 3067 2245 3134; baseline 0.005 -16"><span class='ocrx_word' id='word_1_432' title='bbox 705 3069 1010 3134; x_wconf 89' lang='lat' dir='ltr'><strong>prietatcm.</strong></span> <span class='ocrx_word' id='word_1_433' title='bbox 1045 3067 1310 3132; x_wconf 85' lang='lat' dir='ltr'><strong>Quantam</strong></span> <span class='ocrx_word' id='word_1_434' title='bbox 1345 3084 1468 3122; x_wconf 82' lang='lat' dir='ltr'><strong>vero</strong></span> <span class='ocrx_word' id='word_1_435' title='bbox 1495 3071 1859 3124; x_wconf 87' lang='lat' dir='ltr'><strong>dillicultatem</strong></span> <span class='ocrx_word' id='word_1_436' title='bbox 1919 3074 2111 3127; x_wconf 84' lang='lat' dir='ltr'><strong>haheat</strong></span> <span class='ocrx_word' id='word_1_437' title='bbox 2143 3076 2245 3128; x_wconf 90' lang='lat' dir='ltr'><strong>ali-</strong></span> 
     </span>
    </p>
   </div>
   <div class='ocr_carea' id='block_1_65' title="bbox 705 3157 2247 3230">
    <p class='ocr_par' dir='ltr' id='par_1_65' title="bbox 705 3157 2247 3230">
     <span class='ocr_line' id='line_1_65' title="bbox 705 3157 2247 3230; baseline 0.006 -23"><span class='ocrx_word' id='word_1_438' title='bbox 705 3171 866 3224; x_wconf 82' lang='lat' dir='ltr'><strong>quam</strong></span> <span class='ocrx_word' id='word_1_439' title='bbox 898 3157 1133 3227; x_wconf 81' lang='lat' dir='ltr'><strong>linguam</strong></span> <span class='ocrx_word' id='word_1_440' title='bbox 1181 3161 1246 3211; x_wconf 90' lang='lat' dir='ltr'><strong>ad</strong></span> <span class='ocrx_word' id='word_1_441' title='bbox 1285 3160 1506 3214; x_wconf 85' lang='lat' dir='ltr'><strong>alterius</strong></span> <span class='ocrx_word' id='word_1_442' title='bbox 1536 3162 1728 3230; x_wconf 73' lang='lat' dir='ltr'><strong>linguae</strong></span> <span class='ocrx_word' id='word_1_443' title='bbox 1778 3164 2041 3216; x_wconf 84' lang='lat' dir='ltr'><strong>rationem</strong></span> <span class='ocrx_word' id='word_1_444' title='bbox 2081 3170 2247 3217; x_wconf 89' lang='lat' dir='ltr'><strong>inter-</strong></span> 
     </span>
    </p>
   </div>
   <div class='ocr_carea' id='block_1_66' title="bbox 707 3245 2249 3316">
    <p class='ocr_par' dir='ltr' id='par_1_66' title="bbox 707 3245 2249 3316">
     <span class='ocr_line' id='line_1_66' title="bbox 707 3245 2249 3316; baseline 0.005 -20"><span class='ocrx_word' id='word_1_445' title='bbox 707 3245 925 3313; x_wconf 88' lang='lat' dir='ltr'><strong>pretari,</strong></span> <span class='ocrx_word' id='word_1_446' title='bbox 980 3261 1167 3300; x_wconf 90' lang='lat' dir='ltr'><strong>omnes</strong></span> <span class='ocrx_word' id='word_1_447' title='bbox 1237 3259 1451 3309; x_wconf 88' lang='lat' dir='ltr'><strong>norunt,</strong></span> <span class='ocrx_word' id='word_1_448' title='bbox 1499 3257 1762 3316; x_wconf 89' lang='lat' dir='ltr'><strong>quotquot</strong></span> <span class='ocrx_word' id='word_1_449' title='bbox 1817 3251 2100 3303; x_wconf 85' lang='lat' dir='ltr'><strong>multarum</strong></span> <span class='ocrx_word' id='word_1_450' title='bbox 2145 3253 2249 3304; x_wconf 88' lang='lat' dir='ltr'><strong>lin-</strong></span> 
     </span>
    </p>
   </div>
   <div class='ocr_carea' id='block_1_67' title="bbox 707 3335 2247 3406">
    <p class='ocr_par' dir='ltr' id='par_1_67' title="bbox 707 3335 2247 3406">
     <span class='ocr_line' id='line_1_67' title="bbox 707 3335 2247 3406; baseline 0.008 -25"><span class='ocrx_word' id='word_1_451' title='bbox 707 3350 928 3401; x_wconf 85' lang='lat' dir='ltr'><strong>gnarum</strong></span> <span class='ocrx_word' id='word_1_452' title='bbox 963 3335 1440 3389; x_wconf 89' lang='lat' dir='ltr'><strong>notitiambabent.</strong></span> <span class='ocrx_word' id='word_1_453' title='bbox 1459 3338 1691 3390; x_wconf 78' lang='lat' dir='ltr'><strong>Alteram</strong></span> <span class='ocrx_word' id='word_1_454' title='bbox 1723 3354 1871 3401; x_wconf 82' lang='lat' dir='ltr'><strong>vero,</strong></span> <span class='ocrx_word' id='word_1_455' title='bbox 1907 3340 2048 3406; x_wconf 93' lang='lat' dir='ltr'><strong>quod</strong></span> <span class='ocrx_word' id='word_1_456' title='bbox 2082 3342 2247 3394; x_wconf 87' lang='lat' dir='ltr'><strong>multa</strong></span> 
     </span>
    </p>
   </div>
   <div class='ocr_carea' id='block_1_68' title="bbox 707 3420 2248 3493">
    <p class='ocr_par' dir='ltr' id='par_1_68' title="bbox 707 3420 2248 3493">
     <span class='ocr_line' id='line_1_68' title="bbox 707 3420 2248 3493; baseline 0.005 -20"><span class='ocrx_word' id='word_1_457' title='bbox 707 3420 904 3473; x_wconf 70' lang='lat' dir='ltr'><strong>Judzeis</strong></span> <span class='ocrx_word' id='word_1_458' title='bbox 930 3422 1152 3474; x_wconf 87' lang='lat' dir='ltr'><strong>adversa</strong></span> <span class='ocrx_word' id='word_1_459' title='bbox 1179 3425 1585 3478; x_wconf 85' lang='lat' dir='ltr'><strong>vaticinationes</strong></span> <span class='ocrx_word' id='word_1_460' title='bbox 1619 3427 1935 3491; x_wconf 70' lang='lat' dir='ltr'><strong>praedicunt,</strong></span> <span class='ocrx_word' id='word_1_461' title='bbox 1980 3429 2248 3493; x_wconf 90' lang='lat' dir='ltr'><strong>quomodo</strong></span> 
     </span>
    </p>
   </div>
   <div class='ocr_carea' id='block_1_69' title="bbox 709 3511 2250 3584">
    <p class='ocr_par' dir='ltr' id='par_1_69' title="bbox 709 3511 2250 3584">
     <span class='ocr_line' id='line_1_69' title="bbox 709 3511 2250 3584; baseline 0.005 -21"><span class='ocrx_word' id='word_1_462' title='bbox 709 3512 785 3564; x_wconf 90' lang='lat' dir='ltr'><strong>illi</strong></span> <span class='ocrx_word' id='word_1_463' title='bbox 828 3511 1248 3576; x_wconf 81' lang='lat' dir='ltr'><strong>exterminandi,</strong></span> <span class='ocrx_word' id='word_1_464' title='bbox 1278 3527 1374 3565; x_wconf 88' lang='lat' dir='ltr'><strong>nos</strong></span> <span class='ocrx_word' id='word_1_465' title='bbox 1422 3514 1711 3581; x_wconf 84' lang='lat' dir='ltr'><strong>reeipiendi</strong></span> <span class='ocrx_word' id='word_1_466' title='bbox 1758 3516 1948 3569; x_wconf 84' lang='lat' dir='ltr'><strong>simus.</strong></span> <span class='ocrx_word' id='word_1_467' title='bbox 1980 3515 2056 3570; x_wconf 84' lang='lat' dir='ltr'><strong>Ne</strong></span> <span class='ocrx_word' id='word_1_468' title='bbox 2088 3516 2250 3584; x_wconf 81' lang='lat' dir='ltr'><strong>igitur</strong></span> 
     </span>
    </p>
   </div>
   <div class='ocr_carea' id='block_1_70' title="bbox 709 3601 2249 3670">
    <p class='ocr_par' dir='ltr' id='par_1_70' title="bbox 709 3601 2249 3670">
     <span class='ocr_line' id='line_1_70' title="bbox 709 3601 2249 3670; baseline 0.005 -16"><span class='ocrx_word' id='word_1_469' title='bbox 709 3601 802 3661; x_wconf 88' lang='lat' dir='ltr'><strong>sia</strong></span> <span class='ocrx_word' id='word_1_470' title='bbox 837 3601 1010 3668; x_wconf 90' lang='lat' dir='ltr'><strong>primo</strong></span> <span class='ocrx_word' id='word_1_471' title='bbox 1044 3601 1222 3653; x_wconf 88' lang='lat' dir='ltr'><strong>statim</strong></span> <span class='ocrx_word' id='word_1_472' title='bbox 1255 3603 1439 3654; x_wconf 87' lang='lat' dir='ltr'><strong>auditu</strong></span> <span class='ocrx_word' id='word_1_473' title='bbox 1479 3618 1586 3656; x_wconf 89' lang='lat' dir='ltr'><strong>rem</strong></span> <span class='ocrx_word' id='word_1_474' title='bbox 1636 3620 1871 3668; x_wconf 88' lang='lat' dir='ltr'><strong>omnem,</strong></span> <span class='ocrx_word' id='word_1_475' title='bbox 1922 3615 1975 3658; x_wconf 91' lang='lat' dir='ltr'><strong>ut</strong></span> <span class='ocrx_word' id='word_1_476' title='bbox 2001 3619 2100 3670; x_wconf 87' lang='lat' dir='ltr'><strong>est,</strong></span> <span class='ocrx_word' id='word_1_477' title='bbox 2157 3607 2249 3660; x_wconf 91' lang='lat' dir='ltr'><strong>de-</strong></span> 
     </span>
    </p>
   </div>
   <div class='ocr_carea' id='block_1_71' title="bbox 708 3691 2249 3764">
    <p class='ocr_par' dir='ltr' id='par_1_71' title="bbox 708 3691 2249 3764">
     <span class='ocr_line' id='line_1_71' title="bbox 708 3691 2249 3764; baseline 0.006 -23"><span class='ocrx_word' id='word_1_478' title='bbox 708 3691 1058 3759; x_wconf 80' lang='lat' dir='ltr'><strong>prehendant,</strong></span> <span class='ocrx_word' id='word_1_479' title='bbox 1088 3703 1331 3745; x_wconf 89' lang='lat' dir='ltr'><strong>auctores</strong></span> <span class='ocrx_word' id='word_1_480' title='bbox 1363 3705 1468 3746; x_wconf 89' lang='lat' dir='ltr'><strong>tam</strong></span> <span class='ocrx_word' id='word_1_481' title='bbox 1501 3695 1667 3748; x_wconf 90' lang='lat' dir='ltr'><strong>tristis</strong></span> <span class='ocrx_word' id='word_1_482' title='bbox 1699 3698 1936 3764; x_wconf 84' lang='lat' dir='ltr'><strong>responsi</strong></span> <span class='ocrx_word' id='word_1_483' title='bbox 1995 3708 2140 3751; x_wconf 83' lang='lat' dir='ltr'><strong>vates</strong></span> <span class='ocrx_word' id='word_1_484' title='bbox 2169 3699 2249 3750; x_wconf 83' lang='lat' dir='ltr'><strong>in-</strong></span> 
     </span>
    </p>
   </div>
   <div class='ocr_carea' id='block_1_72' title="bbox 709 3780 2247 3848">
    <p class='ocr_par' dir='ltr' id='par_1_72' title="bbox 709 3780 2247 3848">
     <span class='ocr_line' id='line_1_72' title="bbox 709 3780 2247 3848; baseline 0.005 -15"><span class='ocrx_word' id='word_1_485' title='bbox 709 3780 993 3842; x_wconf 82' lang='lat' dir='ltr'><strong>terliciant,</strong></span> <span class='ocrx_word' id='word_1_486' title='bbox 1035 3781 1305 3848; x_wconf 89' lang='lat' dir='ltr'><strong>librosque</strong></span> <span class='ocrx_word' id='word_1_487' title='bbox 1336 3785 1539 3843; x_wconf 91' lang='lat' dir='ltr'><strong>tollant,</strong></span> <span class='ocrx_word' id='word_1_488' title='bbox 1570 3785 1684 3838; x_wconf 87' lang='lat' dir='ltr'><strong>ideo</strong></span> <span class='ocrx_word' id='word_1_489' title='bbox 1707 3786 2034 3840; x_wconf 82' lang='lat' dir='ltr'><strong>obscuritate</strong></span> <span class='ocrx_word' id='word_1_490' title='bbox 2084 3788 2247 3840; x_wconf 88' lang='lat' dir='ltr'><strong>inter-</strong></span> 
     </span>
    </p>
   </div>
   <div class='ocr_carea' id='block_1_73' title="bbox 707 3871 2243 3942">
    <p class='ocr_par' dir='ltr' id='par_1_73' title="bbox 707 3871 2243 3942">
     <span class='ocr_line' id='line_1_73' title="bbox 707 3871 2243 3942; baseline 0.003 -21"><span class='ocrx_word' id='word_1_491' title='bbox 707 3871 1022 3938; x_wconf 87' lang='lat' dir='ltr'><strong>pretationis</strong></span> <span class='ocrx_word' id='word_1_492' title='bbox 1061 3872 1428 3938; x_wconf 60' lang='lat' dir='ltr'><strong>pratclictioncs</strong></span> <span class='ocrx_word' id='word_1_493' title='bbox 1456 3873 1806 3927; x_wconf 76' lang='lat' dir='ltr'><strong>involverunt.</strong></span> <span class='ocrx_word' id='word_1_494' title='bbox 1838 3873 2070 3927; x_wconf 86' lang='lat' dir='ltr'><strong>Tertium</strong></span> <span class='ocrx_word' id='word_1_495' title='bbox 2106 3875 2243 3942; x_wconf 75' lang='lat' dir='ltr'><strong>quod</strong></span> 
     </span>
    </p>
   </div>
   <div class='ocr_carea' id='block_1_74' title="bbox 707 3951 2242 4031">
    <p class='ocr_par' dir='ltr' id='par_1_74' title="bbox 707 3951 2242 4031">
     <span class='ocr_line' id='line_1_74' title="bbox 707 3951 2242 4031; baseline 0.002 -19"><span class='ocrx_word' id='word_1_496' title='bbox 707 3960 1176 4014; x_wconf 79' lang='lat' dir='ltr'><strong>destinaveramus</strong></span> <span class='ocrx_word' id='word_1_497' title='bbox 1231 3971 1347 4014; x_wconf 87' lang='lat' dir='ltr'><strong>erat</strong></span> <span class='ocrx_word' id='word_1_498' title='bbox 1391 3964 1703 4030; x_wconf 77' lang='lat' dir='ltr'><strong>exquirere,</strong></span> <span class='ocrx_word' id='word_1_499' title='bbox 1740 3964 1866 4031; x_wconf 91' lang='lat' dir='ltr'><strong>quid</strong></span> <span class='ocrx_word' id='word_1_500' title='bbox 1911 3951 2242 4030; x_wconf 65' lang='lat' dir='ltr'><strong>psalterium,</strong></span> 
     </span>
    </p>
   </div>
   <div class='ocr_carea' id='block_1_75' title="bbox 705 4047 2248 4117">
    <p class='ocr_par' dir='ltr' id='par_1_75' title="bbox 705 4047 2248 4117">
     <span class='ocr_line' id='line_1_75' title="bbox 705 4047 2248 4117; baseline 0.001 -16"><span class='ocrx_word' id='word_1_501' title='bbox 705 4057 759 4101; x_wconf 85' lang='lat' dir='ltr'><strong>et</strong></span> <span class='ocrx_word' id='word_1_502' title='bbox 783 4057 995 4103; x_wconf 60' lang='lat' dir='ltr'><strong>caetera.</strong></span> <span class='ocrx_word' id='word_1_503' title='bbox 1025 4047 1154 4101; x_wconf 90' lang='lat' dir='ltr'><strong>Dico</strong></span> <span class='ocrx_word' id='word_1_504' title='bbox 1181 4049 1339 4116; x_wconf 83' lang='lat' dir='ltr'><strong>igitur</strong></span> <span class='ocrx_word' id='word_1_505' title='bbox 1370 4052 1675 4117; x_wconf 85' lang='lat' dir='ltr'><strong>psalterium</strong></span> <span class='ocrx_word' id='word_1_506' title='bbox 1699 4053 2109 4105; x_wconf 90' lang='lat' dir='ltr'><strong>instrumentum</strong></span> <span class='ocrx_word' id='word_1_507' title='bbox 2130 4068 2248 4103; x_wconf 83' lang='lat' dir='ltr'><strong>ntu-</strong></span> 
     </span>
    </p>
   </div>
   <div class='ocr_carea' id='block_1_76' title="bbox 707 4137 2246 4206">
    <p class='ocr_par' dir='ltr' id='par_1_76' title="bbox 707 4137 2246 4206">
     <span class='ocr_line' id='line_1_76' title="bbox 707 4137 2246 4206; baseline 0.001 -16"><span class='ocrx_word' id='word_1_508' title='bbox 707 4138 847 4190; x_wconf 88' lang='lat' dir='ltr'><strong>sices</strong></span> <span class='ocrx_word' id='word_1_509' title='bbox 877 4151 997 4190; x_wconf 85' lang='lat' dir='ltr'><strong>esse</strong></span> <span class='ocrx_word' id='word_1_510' title='bbox 1023 4137 1205 4190; x_wconf 88' lang='lat' dir='ltr'><strong>decem</strong></span> <span class='ocrx_word' id='word_1_511' title='bbox 1237 4138 1585 4202; x_wconf 87' lang='lat' dir='ltr'><strong>chordarum,</strong></span> <span class='ocrx_word' id='word_1_512' title='bbox 1614 4155 1984 4206; x_wconf 84' lang='lat' dir='ltr'><strong>supremarum</strong></span> <span class='ocrx_word' id='word_1_513' title='bbox 2013 4142 2246 4206; x_wconf 89' lang='lat' dir='ltr'><strong>partium</strong></span> 
     </span>
    </p>
   </div>
   <div class='ocr_carea' id='block_1_77' title="bbox 705 4229 2242 4292">
    <p class='ocr_par' dir='ltr' id='par_1_77' title="bbox 705 4229 2242 4292">
     <span class='ocr_line' id='line_1_77' title="bbox 705 4229 2242 4292; baseline 0.001 -14"><span class='ocrx_word' id='word_1_514' title='bbox 705 4235 973 4278; x_wconf 79' lang='lat' dir='ltr'><strong>structura</strong></span> <span class='ocrx_word' id='word_1_515' title='bbox 999 4234 1053 4278; x_wconf 85' lang='lat' dir='ltr'><strong>et</strong></span> <span class='ocrx_word' id='word_1_516' title='bbox 1080 4235 1498 4292; x_wconf 83' lang='lat' dir='ltr'><strong>temperamento</strong></span> <span class='ocrx_word' id='word_1_517' title='bbox 1529 4244 1717 4280; x_wconf 92' lang='lat' dir='ltr'><strong>sonum</strong></span> <span class='ocrx_word' id='word_1_518' title='bbox 1749 4229 2000 4289; x_wconf 77' lang='lat' dir='ltr'><strong>elﬁciens,</strong></span> <span class='ocrx_word' id='word_1_519' title='bbox 2032 4245 2242 4282; x_wconf 82' lang='lat' dir='ltr'><strong>vocem-</strong></span> 
     </span>
    </p>
   </div>
   <div class='ocr_carea' id='block_1_78' title="bbox 2349 3059 3893 3134">
    <p class='ocr_par' dir='ltr' id='par_1_78' title="bbox 2349 3059 3893 3134">
     <span class='ocr_line' id='line_1_78' title="bbox 2349 3059 3893 3134; baseline -0.008 -16"><span class='ocrx_word' id='word_1_520' title='bbox 2349 3067 2423 3127; x_wconf 88' lang='grc' dir='ltr'><strong>είς</strong></span> <span class='ocrx_word' id='word_1_521' title='bbox 2443 3065 2629 3132; x_wconf 79' lang='grc' dir='ltr'><strong>ἑτέραν</strong></span> <span class='ocrx_word' id='word_1_522' title='bbox 2645 3063 2970 3134; x_wconf 75' lang='grc' dir='ltr'><strong>ὲρμηνευθῇ,</strong></span> <span class='ocrx_word' id='word_1_523' title='bbox 2989 3062 3184 3129; x_wconf 76' lang='grc' dir='ltr'><strong>πολλὴν</strong></span> <span class='ocrx_word' id='word_1_524' title='bbox 3203 3061 3315 3130; x_wconf 73' lang='grc' dir='ltr'><strong>ἔχει</strong></span> <span class='ocrx_word' id='word_1_525' title='bbox 3335 3060 3634 3122; x_wconf 81' lang='grc' dir='ltr'><strong>δυσκολίαν,</strong></span> <span class='ocrx_word' id='word_1_526' title='bbox 3655 3059 3746 3111; x_wconf 71' lang='grc' dir='ltr'><strong>καὶ</strong></span> <span class='ocrx_word' id='word_1_527' title='bbox 3770 3059 3893 3109; x_wconf 77' lang='grc' dir='ltr'><strong>ῐσαο</strong></span> 
     </span>
    </p>
   </div>
   <div class='ocr_carea' id='block_1_79' title="bbox 2349 3148 3891 3221">
    <p class='ocr_par' dir='ltr' id='par_1_79' title="bbox 2349 3148 3891 3221">
     <span class='ocr_line' id='line_1_79' title="bbox 2349 3148 3891 3221; baseline -0.006 -15"><span class='ocrx_word' id='word_1_528' title='bbox 2349 3173 2449 3218; x_wconf 90' lang='grc' dir='ltr'><strong>σιν,</strong></span> <span class='ocrx_word' id='word_1_529' title='bbox 2473 3156 2582 3206; x_wconf 84' lang='grc' dir='ltr'>ὅσοι</span> <span class='ocrx_word' id='word_1_530' title='bbox 2604 3153 2808 3205; x_wconf 84' lang='grc' dir='ltr'><strong>πολλῶν</strong></span> <span class='ocrx_word' id='word_1_531' title='bbox 2839 3151 3093 3220; x_wconf 85' lang='grc' dir='ltr'><strong>γλωσσῶν</strong></span> <span class='ocrx_word' id='word_1_532' title='bbox 3118 3152 3385 3221; x_wconf 71' lang='grc' dir='ltr'><strong>ἔμπειροι.</strong></span> <span class='ocrx_word' id='word_1_533' title='bbox 3418 3149 3678 3217; x_wconf 86' lang='grc' dir='ltr'><strong>Δευτέραν</strong></span> <span class='ocrx_word' id='word_1_534' title='bbox 3695 3148 3768 3210; x_wconf 76' lang='grc' dir='ltr'><strong>δὲ,</strong></span> <span class='ocrx_word' id='word_1_535' title='bbox 3801 3148 3891 3198; x_wconf 78' lang='grc' dir='ltr'><strong>ὃτι</strong></span> 
     </span>
    </p>
   </div>
   <div class='ocr_carea' id='block_1_80' title="bbox 2349 3240 3886 3313">
    <p class='ocr_par' dir='ltr' id='par_1_80' title="bbox 2349 3240 3886 3313">
     <span class='ocr_line' id='line_1_80' title="bbox 2349 3240 3886 3313; baseline -0.007 -16"><span class='ocrx_word' id='word_1_536' title='bbox 2349 3245 2516 3298; x_wconf 81' lang='grc' dir='ltr'><strong>πολλὰ</strong></span> <span class='ocrx_word' id='word_1_537' title='bbox 2534 3245 2881 3313; x_wconf 80' lang='grc' dir='ltr'><strong>προλέγουσιν</strong></span> <span class='ocrx_word' id='word_1_538' title='bbox 2903 3245 3011 3304; x_wconf 79' lang='grc' dir='ltr'><strong>τοϊς</strong></span> <span class='ocrx_word' id='word_1_539' title='bbox 3027 3242 3292 3302; x_wconf 80' lang='grc' dir='ltr'><strong>Ἰουδαία-ς</strong></span> <span class='ocrx_word' id='word_1_540' title='bbox 3310 3241 3365 3292; x_wconf 86' lang='grc' dir='ltr'><strong>αί</strong></span> <span class='ocrx_word' id='word_1_541' title='bbox 3383 3241 3700 3308; x_wconf 80' lang='grc' dir='ltr'><strong>προφητεῖαι</strong></span> <span class='ocrx_word' id='word_1_542' title='bbox 3715 3240 3886 3299; x_wconf 68' lang='grc' dir='ltr'><strong>κακὰ,</strong></span> 
     </span>
    </p>
   </div>
   <div class='ocr_carea' id='block_1_81' title="bbox 2349 3325 3891 3400">
    <p class='ocr_par' dir='ltr' id='par_1_81' title="bbox 2349 3325 3891 3400">
     <span class='ocr_line' id='line_1_81' title="bbox 2349 3325 3891 3400; baseline -0.008 -14"><span class='ocrx_word' id='word_1_543' title='bbox 2349 3337 2442 3386; x_wconf 80' lang='grc' dir='ltr'><strong>καὶ</strong></span> <span class='ocrx_word' id='word_1_544' title='bbox 2474 3334 2544 3393; x_wconf 76' lang='grc' dir='ltr'><strong>ὡς</strong></span> <span class='ocrx_word' id='word_1_545' title='bbox 2593 3332 2745 3384; x_wconf 77' lang='grc' dir='ltr'><strong>αὐτοὶ</strong></span> <span class='ocrx_word' id='word_1_546' title='bbox 2793 3333 2888 3400; x_wconf 79' lang='grc' dir='ltr'><strong>μὲν</strong></span> <span class='ocrx_word' id='word_1_547' title='bbox 2941 3330 3379 3398; x_wconf 74' lang='grc' dir='ltr'><strong>έκὸληθήσονται,</strong></span> <span class='ocrx_word' id='word_1_548' title='bbox 3410 3330 3567 3396; x_wconf 84' lang='grc' dir='ltr'><strong>ήμεῐς</strong></span> <span class='ocrx_word' id='word_1_549' title='bbox 3612 3326 3669 3377; x_wconf 80' lang='grc' dir='ltr'><strong>δὲ</strong></span> <span class='ocrx_word' id='word_1_550' title='bbox 3717 3325 3891 3375; x_wconf 76' lang='grc' dir='ltr'><strong>εἰσδε-</strong></span> 
     </span>
    </p>
   </div>
   <div class='ocr_carea' id='block_1_82' title="bbox 2349 3413 3890 3491">
    <p class='ocr_par' dir='ltr' id='par_1_82' title="bbox 2349 3413 3890 3491">
     <span class='ocr_line' id='line_1_82' title="bbox 2349 3413 3890 3491; baseline -0.006 -18"><span class='ocrx_word' id='word_1_551' title='bbox 2349 3421 2684 3491; x_wconf 87' lang='grc' dir='ltr'><strong>χθησόμεθα.</strong></span> <span class='ocrx_word' id='word_1_552' title='bbox 2711 3420 2802 3472; x_wconf 79' lang='lat' dir='ltr'><strong>&#39;lv&#39;</strong></span> <span class='ocrx_word' id='word_1_553' title='bbox 2831 3418 2919 3470; x_wconf 75' lang='grc' dir='ltr'><strong>οὖν</strong></span> <span class='ocrx_word' id='word_1_554' title='bbox 2955 3419 3026 3487; x_wconf 80' lang='grc' dir='ltr'><strong>μὴ</strong></span> <span class='ocrx_word' id='word_1_555' title='bbox 3059 3416 3240 3484; x_wconf 81' lang='grc' dir='ltr'><strong>σαφῶς</strong></span> <span class='ocrx_word' id='word_1_556' title='bbox 3264 3416 3586 3477; x_wconf 81' lang='grc' dir='ltr'><strong>ἀκούσαντες</strong></span> <span class='ocrx_word' id='word_1_557' title='bbox 3617 3413 3763 3482; x_wconf 89' lang='grc' dir='ltr'><strong>παρά</strong></span> <span class='ocrx_word' id='word_1_558' title='bbox 3785 3415 3890 3481; x_wconf 72' lang='grc' dir='ltr'><strong>τὴν</strong></span> 
     </span>
    </p>
   </div>
   <div class='ocr_carea' id='block_1_83' title="bbox 2351 3504 3885 3581">
    <p class='ocr_par' dir='ltr' id='par_1_83' title="bbox 2351 3504 3885 3581">
     <span class='ocr_line' id='line_1_83' title="bbox 2351 3504 3885 3581; baseline -0.007 -18"><span class='ocrx_word' id='word_1_559' title='bbox 2351 3511 2520 3581; x_wconf 83' lang='grc' dir='ltr'><strong>ἀρχὴν</strong></span> <span class='ocrx_word' id='word_1_560' title='bbox 2553 3509 2978 3579; x_wconf 84' lang='grc' dir='ltr'><strong>διαχειρίσωνται</strong></span> <span class='ocrx_word' id='word_1_561' title='bbox 3019 3509 3142 3569; x_wconf 84' lang='grc' dir='ltr'><strong>τοὺς</strong></span> <span class='ocrx_word' id='word_1_562' title='bbox 3168 3505 3420 3567; x_wconf 86' lang='grc' dir='ltr'><strong>λέγοντας</strong></span> <span class='ocrx_word' id='word_1_563' title='bbox 3456 3504 3626 3557; x_wconf 77' lang='grc' dir='ltr'><strong>ταῦτα</strong></span> <span class='ocrx_word' id='word_1_564' title='bbox 3662 3504 3885 3572; x_wconf 80' lang='grc' dir='ltr'><strong>προφή-</strong></span> 
     </span>
    </p>
   </div>
   <div class='ocr_carea' id='block_1_84' title="bbox 2350 3597 3895 3672">
    <p class='ocr_par' dir='ltr' id='par_1_84' title="bbox 2350 3597 3895 3672">
     <span class='ocr_line' id='line_1_84' title="bbox 2350 3597 3895 3672; baseline -0.007 -15"><span class='ocrx_word' id='word_1_565' title='bbox 2350 3622 2464 3669; x_wconf 88' lang='grc' dir='ltr'><strong>τας,</strong></span> <span class='ocrx_word' id='word_1_566' title='bbox 2493 3605 2584 3657; x_wconf 79' lang='grc' dir='ltr'><strong>καὶ</strong></span> <span class='ocrx_word' id='word_1_567' title='bbox 2609 3604 2675 3655; x_wconf 89' lang='grc' dir='ltr'><strong>τά</strong></span> <span class='ocrx_word' id='word_1_568' title='bbox 2698 3603 2871 3672; x_wconf 78' lang='grc' dir='ltr'><strong>βιϐλία</strong></span> <span class='ocrx_word' id='word_1_569' title='bbox 2897 3602 3214 3670; x_wconf 80' lang='grc' dir='ltr'><strong>ἀφανίσωσι,</strong></span> <span class='ocrx_word' id='word_1_570' title='bbox 3243 3600 3327 3652; x_wconf 80' lang='grc' dir='ltr'><strong>διά</strong></span> <span class='ocrx_word' id='word_1_571' title='bbox 3354 3598 3507 3651; x_wconf 83' lang='grc' dir='ltr'><strong>τοῦτο</strong></span> <span class='ocrx_word' id='word_1_572' title='bbox 3537 3600 3600 3668; x_wconf 79' lang='grc' dir='ltr'><strong>τῇ</strong></span> <span class='ocrx_word' id='word_1_573' title='bbox 3627 3597 3895 3666; x_wconf 76' lang='grc' dir='ltr'><strong>δυσκολίᾳ</strong></span> 
     </span>
    </p>
   </div>
   <div class='ocr_carea' id='block_1_85' title="bbox 2348 3688 3895 3765">
    <p class='ocr_par' dir='ltr' id='par_1_85' title="bbox 2348 3688 3895 3765">
     <span class='ocr_line' id='line_1_85' title="bbox 2348 3688 3895 3765; baseline -0.006 -17"><span class='ocrx_word' id='word_1_574' title='bbox 2348 3701 2445 3763; x_wconf 68' lang='grc' dir='ltr'><strong>τῆς</strong></span> <span class='ocrx_word' id='word_1_575' title='bbox 2471 3695 2756 3765; x_wconf 80' lang='grc' dir='ltr'><strong>ἑρμηνείας</strong></span> <span class='ocrx_word' id='word_1_576' title='bbox 2808 3694 2904 3755; x_wconf 85' lang='grc' dir='ltr'><strong>τὰς</strong></span> <span class='ocrx_word' id='word_1_577' title='bbox 2953 3693 3279 3763; x_wconf 79' lang='grc' dir='ltr'><strong>προρρήσεις</strong></span> <span class='ocrx_word' id='word_1_578' title='bbox 3323 3689 3658 3758; x_wconf 87' lang='grc' dir='ltr'><strong>ἀπέκρυψαν,</strong></span> <span class='ocrx_word' id='word_1_579' title='bbox 3689 3688 3895 3758; x_wconf 85' lang='grc' dir='ltr'><strong>Τρίτον</strong></span> 
     </span>
    </p>
   </div>
   <div class='ocr_carea' id='block_1_86' title="bbox 2351 3777 3892 3855">
    <p class='ocr_par' dir='ltr' id='par_1_86' title="bbox 2351 3777 3892 3855">
     <span class='ocr_line' id='line_1_86' title="bbox 2351 3777 3892 3855; baseline -0.005 -18"><span class='ocrx_word' id='word_1_580' title='bbox 2351 3785 2630 3855; x_wconf 81' lang='grc' dir='ltr'><strong>προέκειτο</strong></span> <span class='ocrx_word' id='word_1_581' title='bbox 2675 3784 2923 3854; x_wconf 78' lang='grc' dir='ltr'><strong>ζητῆσαι,</strong></span> <span class='ocrx_word' id='word_1_582' title='bbox 2949 3783 3002 3836; x_wconf 89' lang='grc' dir='ltr'><strong>τί</strong></span> <span class='ocrx_word' id='word_1_583' title='bbox 3049 3782 3108 3834; x_wconf 77' lang='grc' dir='ltr'><strong>τὸ</strong></span> <span class='ocrx_word' id='word_1_584' title='bbox 3145 3780 3454 3850; x_wconf 76' lang='grc' dir='ltr'><strong>ψαλτήριον,</strong></span> <span class='ocrx_word' id='word_1_585' title='bbox 3497 3780 3586 3832; x_wconf 74' lang='grc' dir='ltr'><strong>καὶ</strong></span> <span class='ocrx_word' id='word_1_586' title='bbox 3632 3777 3698 3832; x_wconf 87' lang='grc' dir='ltr'><strong>τά</strong></span> <span class='ocrx_word' id='word_1_587' title='bbox 3730 3779 3892 3845; x_wconf 77' lang='grc' dir='ltr'><strong>ἑξῆς.</strong></span> 
     </span>
    </p>
   </div>
   <div class='ocr_carea' id='block_1_87' title="bbox 2352 3868 3894 3941">
    <p class='ocr_par' dir='ltr' id='par_1_87' title="bbox 2352 3868 3894 3941">
     <span class='ocr_line' id='line_1_87' title="bbox 2352 3868 3894 3941; baseline -0.004 -15"><span class='ocrx_word' id='word_1_588' title='bbox 2352 3875 2501 3926; x_wconf 81' lang='grc' dir='ltr'><strong>Ἐστι</strong></span> <span class='ocrx_word' id='word_1_589' title='bbox 2548 3874 2723 3926; x_wconf 91' lang='grc' dir='ltr'><strong>τοίνυν</strong></span> <span class='ocrx_word' id='word_1_590' title='bbox 2756 3874 2816 3925; x_wconf 83' lang='grc' dir='ltr'><strong>τὸ</strong></span> <span class='ocrx_word' id='word_1_591' title='bbox 2839 3872 3127 3941; x_wconf 81' lang='grc' dir='ltr'><strong>ψαλτήριον</strong></span> <span class='ocrx_word' id='word_1_592' title='bbox 3171 3871 3397 3938; x_wconf 75' lang='grc' dir='ltr'><strong>ὄργανον</strong></span> <span class='ocrx_word' id='word_1_593' title='bbox 3444 3869 3694 3938; x_wconf 71' lang='grc' dir='ltr'><strong>μουσικὸν</strong></span> <span class='ocrx_word' id='word_1_594' title='bbox 3720 3868 3894 3920; x_wconf 77' lang='grc' dir='ltr'><strong>δεκά-</strong></span> 
     </span>
    </p>
   </div>
   <div class='ocr_carea' id='block_1_88' title="bbox 2349 3958 3893 4033">
    <p class='ocr_par' dir='ltr' id='par_1_88' title="bbox 2349 3958 3893 4033">
     <span class='ocr_line' id='line_1_88' title="bbox 2349 3958 3893 4033; baseline -0.006 -16"><span class='ocrx_word' id='word_1_595' title='bbox 2349 3966 2553 4033; x_wconf 85' lang='grc' dir='ltr'><strong>χορδον,</strong></span> <span class='ocrx_word' id='word_1_596' title='bbox 2588 3966 2650 4016; x_wconf 80' lang='grc' dir='ltr'><strong>ἐκ</strong></span> <span class='ocrx_word' id='word_1_597' title='bbox 2680 3964 2785 4016; x_wconf 90' lang='grc' dir='ltr'><strong>τῶν</strong></span> <span class='ocrx_word' id='word_1_598' title='bbox 2808 3961 3010 4015; x_wconf 78' lang='grc' dir='ltr'><strong>ἀνωθεν</strong></span> <span class='ocrx_word' id='word_1_599' title='bbox 3049 3961 3228 4030; x_wconf 85' lang='grc' dir='ltr'><strong>μερῶν</strong></span> <span class='ocrx_word' id='word_1_600' title='bbox 3251 3961 3349 4023; x_wconf 81' lang='grc' dir='ltr'><strong>τῆς</strong></span> <span class='ocrx_word' id='word_1_601' title='bbox 3372 3958 3710 4024; x_wconf 78' lang='grc' dir='ltr'><strong>κατασκευῆς</strong></span> <span class='ocrx_word' id='word_1_602' title='bbox 3742 3959 3893 4009; x_wconf 83' lang='grc' dir='ltr'><strong>ἀπο-</strong></span> 
     </span>
    </p>
   </div>
   <div class='ocr_carea' id='block_1_89' title="bbox 2348 4047 3895 4119">
    <p class='ocr_par' dir='ltr' id='par_1_89' title="bbox 2348 4047 3895 4119">
     <span class='ocr_line' id='line_1_89' title="bbox 2348 4047 3895 4119; baseline -0.005 -16"><span class='ocrx_word' id='word_1_603' title='bbox 2348 4053 2532 4103; x_wconf 84' lang='grc' dir='ltr'><strong>τελοῦν</strong></span> <span class='ocrx_word' id='word_1_604' title='bbox 2575 4053 2665 4105; x_wconf 81' lang='grc' dir='ltr'><strong>τὸν</strong></span> <span class='ocrx_word' id='word_1_605' title='bbox 2702 4047 2854 4119; x_wconf 79' lang='grc' dir='ltr'><strong>ἦχον,</strong></span> <span class='ocrx_word' id='word_1_606' title='bbox 2880 4051 3226 4118; x_wconf 73' lang='grc' dir='ltr'><strong>ἐναρμονίους</strong></span> <span class='ocrx_word' id='word_1_607' title='bbox 3268 4051 3389 4108; x_wconf 84' lang='grc' dir='ltr'><strong>τοὺς</strong></span> <span class='ocrx_word' id='word_1_608' title='bbox 3439 4047 3707 4112; x_wconf 80' lang='grc' dir='ltr'><strong>φθόγγους</strong></span> <span class='ocrx_word' id='word_1_609' title='bbox 3744 4047 3895 4114; x_wconf 79' lang='grc' dir='ltr'><strong>πρὸς</strong></span> 
     </span>
    </p>
   </div>
   <div class='ocr_carea' id='block_1_90' title="bbox 2346 4133 3895 4208">
    <p class='ocr_par' dir='ltr' id='par_1_90' title="bbox 2346 4133 3895 4208">
     <span class='ocr_line' id='line_1_90' title="bbox 2346 4133 3895 4208; baseline -0.006 -16"><span class='ocrx_word' id='word_1_610' title='bbox 2346 4141 2443 4205; x_wconf 83' lang='grc' dir='ltr'><strong>τὴν</strong></span> <span class='ocrx_word' id='word_1_611' title='bbox 2497 4141 2560 4192; x_wconf 80' lang='grc' dir='ltr'><strong>ὲκ</strong></span> <span class='ocrx_word' id='word_1_612' title='bbox 2609 4140 2704 4208; x_wconf 82' lang='grc' dir='ltr'><strong>τῆς</strong></span> <span class='ocrx_word' id='word_1_613' title='bbox 2737 4140 2915 4206; x_wconf 81' lang='grc' dir='ltr'><strong>φωνῆς</strong></span> <span class='ocrx_word' id='word_1_614' title='bbox 2965 4137 3223 4204; x_wconf 84' lang='grc' dir='ltr'><strong>μελῳδίαν</strong></span> <span class='ocrx_word' id='word_1_615' title='bbox 3253 4134 3548 4186; x_wconf 81' lang='grc' dir='ltr'><strong>ἀποδιδοῦν.</strong></span> <span class='ocrx_word' id='word_1_616' title='bbox 3588 4133 3738 4200; x_wconf 82' lang='grc' dir='ltr'><strong>Παρὰ</strong></span> <span class='ocrx_word' id='word_1_617' title='bbox 3778 4135 3895 4197; x_wconf 77' lang='grc' dir='ltr'><strong>μὲν</strong></span> 
     </span>
    </p>
   </div>
   <div class='ocr_carea' id='block_1_91' title="bbox 2362 4222 3895 4299">
    <p class='ocr_par' dir='ltr' id='par_1_91' title="bbox 2362 4222 3895 4299">
     <span class='ocr_line' id='line_1_91' title="bbox 2362 4222 3895 4299; baseline -0.005 -17"><span class='ocrx_word' id='word_1_618' title='bbox 2362 4231 2630 4299; x_wconf 78' lang='grc' dir='ltr'><strong>Ἑϐραίοις</strong></span> <span class='ocrx_word' id='word_1_619' title='bbox 2664 4229 2830 4281; x_wconf 85' lang='grc' dir='ltr'><strong>ναύλα</strong></span> <span class='ocrx_word' id='word_1_620' title='bbox 2858 4227 3159 4294; x_wconf 86' lang='grc' dir='ltr'><strong>λεγόμενον,</strong></span> <span class='ocrx_word' id='word_1_621' title='bbox 3195 4225 3320 4291; x_wconf 75' lang='grc' dir='ltr'><strong>παρ’</strong></span> <span class='ocrx_word' id='word_1_622' title='bbox 3344 4224 3567 4290; x_wconf 83' lang='grc' dir='ltr'><strong>Ἕλλησι</strong></span> <span class='ocrx_word' id='word_1_623' title='bbox 3595 4223 3648 4273; x_wconf 83' lang='grc' dir='ltr'><strong>δὲ</strong></span> <span class='ocrx_word' id='word_1_624' title='bbox 3681 4222 3895 4289; x_wconf 78' lang='grc' dir='ltr'><strong>κιθάρα</strong></span> 
     </span>
    </p>
   </div>
   <div class='ocr_carea' id='block_1_92' title="bbox 705 4302 2243 4389">
    <p class='ocr_par' dir='ltr' id='par_1_92' title="bbox 705 4315 2242 4382">
     <span class='ocr_line' id='line_1_92' title="bbox 705 4315 2242 4382; baseline 0.004 -16"><span class='ocrx_word' id='word_1_625' title='bbox 705 4330 811 4382; x_wconf 92' lang='lat' dir='ltr'><strong>quc</strong></span> <span class='ocrx_word' id='word_1_626' title='bbox 842 4316 1170 4367; x_wconf 89' lang='lat' dir='ltr'><strong>tnodulatum</strong></span> <span class='ocrx_word' id='word_1_627' title='bbox 1210 4315 1272 4367; x_wconf 91' lang='lat' dir='ltr'><strong>ad</strong></span> <span class='ocrx_word' id='word_1_628' title='bbox 1304 4316 1548 4368; x_wconf 79' lang='lat' dir='ltr'><strong>humana:</strong></span> <span class='ocrx_word' id='word_1_629' title='bbox 1580 4317 1725 4368; x_wconf 86' lang='lat' dir='ltr'><strong>vocis</strong></span> <span class='ocrx_word' id='word_1_630' title='bbox 1773 4325 2089 4370; x_wconf 79' lang='lat' dir='ltr'><strong>concentum</strong></span> <span class='ocrx_word' id='word_1_631' title='bbox 2153 4334 2242 4372; x_wconf 88' lang='lat' dir='ltr'><strong>ac-</strong></span> 
     </span>
    </p>
   </div>
   <div class='ocr_carea' id='block_1_93' title="bbox 2333 4302 3894 4389">
    <p class='ocr_par' dir='ltr' id='par_1_93' title="bbox 2352 4312 3894 4389">
     <span class='ocr_line' id='line_1_93' title="bbox 2352 4312 3894 4389; baseline -0.005 -19"><span class='ocrx_word' id='word_1_632' title='bbox 2352 4320 2437 4371; x_wconf 90' lang='grc' dir='ltr'><strong>όνο</strong></span> <span class='ocrx_word' id='word_1_633' title='bbox 2444 4319 2579 4389; x_wconf 77' lang='grc' dir='ltr'><strong>μαζό</strong></span> <span class='ocrx_word' id='word_1_634' title='bbox 2586 4335 2758 4387; x_wconf 88' lang='grc' dir='ltr'><strong>μενον.</strong></span> <span class='ocrx_word' id='word_1_635' title='bbox 2774 4316 3218 4368; x_wconf 81' lang='grc' dir='ltr'><strong>Κατεσκευάσατο</strong></span> <span class='ocrx_word' id='word_1_636' title='bbox 3228 4314 3334 4382; x_wconf 86' lang='grc' dir='ltr'><strong>γὰρ</strong></span> <span class='ocrx_word' id='word_1_637' title='bbox 3363 4313 3540 4374; x_wconf 81' lang='grc' dir='ltr'><strong>αὐτοῖς</strong></span> <span class='ocrx_word' id='word_1_638' title='bbox 3557 4312 3710 4381; x_wconf 75' lang='grc' dir='ltr'><strong>ὀρθὸν</strong></span> <span class='ocrx_word' id='word_1_639' title='bbox 3724 4312 3894 4376; x_wconf 75' lang='grc' dir='ltr'><strong>ξύλον</strong></span> 
     </span>
    </p>
   </div>
   <div class='ocr_carea' id='block_1_94' title="bbox 706 4403 2242 4477">
    <p class='ocr_par' dir='ltr' id='par_1_94' title="bbox 706 4403 2242 4477">
     <span class='ocr_line' id='line_1_94' title="bbox 706 4403 2242 4477; baseline 0.003 -22"><span class='ocrx_word' id='word_1_640' title='bbox 706 4404 1061 4455; x_wconf 87' lang='lat' dir='ltr'><strong>commodam.</strong></span> <span class='ocrx_word' id='word_1_641' title='bbox 1088 4403 1321 4456; x_wconf 57' lang='lat' dir='ltr'><strong>llcbrxis</strong></span> <span class='ocrx_word' id='word_1_642' title='bbox 1347 4405 1558 4471; x_wconf 90' lang='lat' dir='ltr'><strong>quidem</strong></span> <span class='ocrx_word' id='word_1_643' title='bbox 1590 4405 1824 4458; x_wconf 86' lang='lat' dir='ltr'><strong>nablium</strong></span> <span class='ocrx_word' id='word_1_644' title='bbox 1861 4406 2077 4477; x_wconf 76' lang='lat' dir='ltr'><strong>dicitur,</strong></span> <span class='ocrx_word' id='word_1_645' title='bbox 2101 4407 2242 4460; x_wconf 67' lang='lat' dir='ltr'><strong>Grae-</strong></span> 
     </span>
    </p>
   </div>
   <div class='ocr_carea' id='block_1_95' title="bbox 665 4490 2246 4564">
    <p class='ocr_par' dir='ltr' id='par_1_95' title="bbox 665 4490 2246 4564">
     <span class='ocr_line' id='line_1_95' title="bbox 665 4490 2246 4564; baseline 0.003 -20"><span class='ocrx_word' id='word_1_646' title='bbox 665 4490 785 4544; x_wconf 49' lang='lat' dir='ltr'><strong>&#39;cis</strong></span> <span class='ocrx_word' id='word_1_647' title='bbox 815 4493 1018 4546; x_wconf 87' lang='lat' dir='ltr'><strong>cithara</strong></span> <span class='ocrx_word' id='word_1_648' title='bbox 1073 4495 1239 4546; x_wconf 90' lang='lat' dir='ltr'><strong>audit.</strong></span> <span class='ocrx_word' id='word_1_649' title='bbox 1303 4495 1524 4547; x_wconf 74' lang='lat' dir='ltr'><strong>Rectum</strong></span> <span class='ocrx_word' id='word_1_650' title='bbox 1580 4496 1652 4547; x_wconf 91' lang='lat' dir='ltr'><strong>illi</strong></span> <span class='ocrx_word' id='word_1_651' title='bbox 1691 4496 1886 4562; x_wconf 89' lang='lat' dir='ltr'><strong>lignum</strong></span> <span class='ocrx_word' id='word_1_652' title='bbox 1943 4505 2134 4564; x_wconf 89' lang='lat' dir='ltr'><strong>parant</strong></span> <span class='ocrx_word' id='word_1_653' title='bbox 2194 4506 2246 4549; x_wconf 90' lang='lat' dir='ltr'><strong>et</strong></span> 
     </span>
    </p>
   </div>
   <div class='ocr_carea' id='block_1_96' title="bbox 707 4583 2246 4652">
    <p class='ocr_par' dir='ltr' id='par_1_96' title="bbox 707 4583 2246 4652">
     <span class='ocr_line' id='line_1_96' title="bbox 707 4583 2246 4652; baseline 0.003 -19"><span class='ocrx_word' id='word_1_654' title='bbox 707 4583 1015 4636; x_wconf 79' lang='lat' dir='ltr'><strong>alterutram</strong></span> <span class='ocrx_word' id='word_1_655' title='bbox 1051 4584 1102 4636; x_wconf 91' lang='lat' dir='ltr'><strong>in</strong></span> <span class='ocrx_word' id='word_1_656' title='bbox 1145 4594 1344 4652; x_wconf 89' lang='lat' dir='ltr'><strong>partem</strong></span> <span class='ocrx_word' id='word_1_657' title='bbox 1383 4585 1633 4637; x_wconf 84' lang='lat' dir='ltr'><strong>inﬂexum</strong></span> <span class='ocrx_word' id='word_1_658' title='bbox 1661 4586 1784 4638; x_wconf 88' lang='lat' dir='ltr'><strong>huic</strong></span> <span class='ocrx_word' id='word_1_659' title='bbox 1815 4587 2042 4640; x_wconf 88' lang='lat' dir='ltr'><strong>chordas</strong></span> <span class='ocrx_word' id='word_1_660' title='bbox 2091 4589 2246 4638; x_wconf 89' lang='lat' dir='ltr'><strong>indu-</strong></span> 
     </span>
    </p>
   </div>
   <div class='ocr_carea' id='block_1_97' title="bbox 709 4669 2244 4741">
    <p class='ocr_par' dir='ltr' id='par_1_97' title="bbox 709 4669 2244 4741">
     <span class='ocr_line' id='line_1_97' title="bbox 709 4669 2244 4741; baseline 0.005 -22"><span class='ocrx_word' id='word_1_661' title='bbox 709 4679 836 4721; x_wconf 90' lang='lat' dir='ltr'><strong>cunt</strong></span> <span class='ocrx_word' id='word_1_662' title='bbox 863 4669 1102 4724; x_wconf 90' lang='lat' dir='ltr'><strong>intensas</strong></span> <span class='ocrx_word' id='word_1_663' title='bbox 1134 4673 1336 4724; x_wconf 90' lang='lat' dir='ltr'><strong>decem.</strong></span> <span class='ocrx_word' id='word_1_664' title='bbox 1375 4673 1612 4736; x_wconf 86' lang='lat' dir='ltr'><strong>Quarum</strong></span> <span class='ocrx_word' id='word_1_665' title='bbox 1649 4688 1982 4741; x_wconf 76' lang='lat' dir='ltr'><strong>unaquteque</strong></span> <span class='ocrx_word' id='word_1_666' title='bbox 2033 4675 2099 4726; x_wconf 88' lang='lat' dir='ltr'><strong>ad</strong></span> <span class='ocrx_word' id='word_1_667' title='bbox 2130 4689 2244 4726; x_wconf 83' lang='lat' dir='ltr'><strong>ver-</strong></span> 
     </span>
    </p>
   </div>
   <div class='ocr_carea' id='block_1_98' title="bbox 710 4757 2241 4832">
    <p class='ocr_par' dir='ltr' id='par_1_98' title="bbox 710 4757 2241 4832">
     <span class='ocr_line' id='line_1_98' title="bbox 710 4757 2241 4832; baseline 0.008 -26"><span class='ocrx_word' id='word_1_668' title='bbox 710 4757 865 4809; x_wconf 77' lang='lat' dir='ltr'><strong>ticeni</strong></span> <span class='ocrx_word' id='word_1_669' title='bbox 917 4761 1136 4812; x_wconf 80' lang='lat' dir='ltr'><strong>scersim</strong></span> <span class='ocrx_word' id='word_1_670' title='bbox 1171 4762 1368 4829; x_wconf 88' lang='lat' dir='ltr'><strong>illigata</strong></span> <span class='ocrx_word' id='word_1_671' title='bbox 1407 4773 1505 4825; x_wconf 91' lang='lat' dir='ltr'><strong>est,</strong></span> <span class='ocrx_word' id='word_1_672' title='bbox 1538 4765 1656 4816; x_wconf 83' lang='lat' dir='ltr'><strong>inde</strong></span> <span class='ocrx_word' id='word_1_673' title='bbox 1702 4768 1872 4832; x_wconf 75' lang='lat' dir='ltr'><strong>capita</strong></span> <span class='ocrx_word' id='word_1_674' title='bbox 1920 4765 2241 4820; x_wconf 88' lang='lat' dir='ltr'><strong>chordarum</strong></span> 
     </span>
    </p>
   </div>
   <div class='ocr_carea' id='block_1_99' title="bbox 707 4845 2240 4916">
    <p class='ocr_par' dir='ltr' id='par_1_99' title="bbox 707 4845 2240 4916">
     <span class='ocr_line' id='line_1_99' title="bbox 707 4845 2240 4916; baseline 0.008 -20"><span class='ocrx_word' id='word_1_675' title='bbox 707 4845 1023 4910; x_wconf 88' lang='lat' dir='ltr'><strong>dependent.</strong></span> <span class='ocrx_word' id='word_1_676' title='bbox 1063 4846 1253 4899; x_wconf 85' lang='lat' dir='ltr'><strong>Decem</strong></span> <span class='ocrx_word' id='word_1_677' title='bbox 1307 4851 1444 4901; x_wconf 89' lang='lat' dir='ltr'><strong>enim</strong></span> <span class='ocrx_word' id='word_1_678' title='bbox 1482 4852 1658 4916; x_wconf 87' lang='lat' dir='ltr'><strong>paxilli</strong></span> <span class='ocrx_word' id='word_1_679' title='bbox 1685 4863 1776 4903; x_wconf 89' lang='lat' dir='ltr'><strong>aut</strong></span> <span class='ocrx_word' id='word_1_680' title='bbox 1825 4853 2067 4907; x_wconf 76' lang='lat' dir='ltr'><strong>verticilli</strong></span> <span class='ocrx_word' id='word_1_681' title='bbox 2099 4856 2240 4908; x_wconf 90' lang='lat' dir='ltr'><strong>circa</strong></span> 
     </span>
    </p>
   </div>
   <div class='ocr_carea' id='block_1_100' title="bbox 709 4933 2242 5009">
    <p class='ocr_par' dir='ltr' id='par_1_100' title="bbox 709 4933 2242 5009">
     <span class='ocr_line' id='line_1_100' title="bbox 709 4933 2242 5009; baseline 0.007 -24"><span class='ocrx_word' id='word_1_682' title='bbox 709 4933 944 4985; x_wconf 86' lang='lat' dir='ltr'><strong>cubitum</strong></span> <span class='ocrx_word' id='word_1_683' title='bbox 986 4949 1142 5001; x_wconf 89' lang='lat' dir='ltr'><strong>quem</strong></span> <span class='ocrx_word' id='word_1_684' title='bbox 1177 4937 1358 4989; x_wconf 89' lang='lat' dir='ltr'><strong>dicunt</strong></span> <span class='ocrx_word' id='word_1_685' title='bbox 1405 4939 1642 5000; x_wconf 64' lang='lat' dir='ltr'><strong>cithara),</strong></span> <span class='ocrx_word' id='word_1_686' title='bbox 1676 4949 2010 5006; x_wconf 88' lang='lat' dir='ltr'><strong>torquentur,</strong></span> <span class='ocrx_word' id='word_1_687' title='bbox 2050 4945 2242 5009; x_wconf 88' lang='lat' dir='ltr'><strong>quibus</strong></span> 
     </span>
    </p>
   </div>
   <div class='ocr_carea' id='block_1_101' title="bbox 709 5023 2244 5090">
    <p class='ocr_par' dir='ltr' id='par_1_101' title="bbox 709 5023 2244 5090">
     <span class='ocr_line' id='line_1_101' title="bbox 709 5023 2244 5090; baseline 0.007 -16"><span class='ocrx_word' id='word_1_688' title='bbox 709 5023 969 5075; x_wconf 66' lang='lat' dir='ltr'><strong>chordteis</strong></span> <span class='ocrx_word' id='word_1_689' title='bbox 1005 5024 1293 5090; x_wconf 84' lang='lat' dir='ltr'><strong>aliquando</strong></span> <span class='ocrx_word' id='word_1_690' title='bbox 1321 5025 1684 5090; x_wconf 88' lang='lat' dir='ltr'><strong>intenduntur,</strong></span> <span class='ocrx_word' id='word_1_691' title='bbox 1713 5030 1973 5082; x_wconf 89' lang='lat' dir='ltr'><strong>interdum</strong></span> <span class='ocrx_word' id='word_1_692' title='bbox 2001 5033 2244 5085; x_wconf 84' lang='lat' dir='ltr'><strong>laxantur</strong></span> 
     </span>
    </p>
   </div>
   <div class='ocr_carea' id='block_1_102' title="bbox 711 5114 2243 5189">
    <p class='ocr_par' dir='ltr' id='par_1_102' title="bbox 711 5114 2243 5189">
     <span class='ocr_line' id='line_1_102' title="bbox 711 5114 2243 5189; baseline 0.006 -25"><span class='ocrx_word' id='word_1_693' title='bbox 711 5114 774 5165; x_wconf 87' lang='lat' dir='ltr'><strong>ad</strong></span> <span class='ocrx_word' id='word_1_694' title='bbox 810 5114 1024 5165; x_wconf 87' lang='lat' dir='ltr'><strong>modum</strong></span> <span class='ocrx_word' id='word_1_695' title='bbox 1056 5124 1348 5167; x_wconf 79' lang='lat' dir='ltr'><strong>concentus</strong></span> <span class='ocrx_word' id='word_1_696' title='bbox 1386 5124 1476 5165; x_wconf 88' lang='lat' dir='ltr'><strong>aut</strong></span> <span class='ocrx_word' id='word_1_697' title='bbox 1511 5116 1714 5167; x_wconf 91' lang='lat' dir='ltr'><strong>libitum</strong></span> <span class='ocrx_word' id='word_1_698' title='bbox 1745 5117 2051 5171; x_wconf 69' lang='lat' dir='ltr'><strong>citharislze.</strong></span> <span class='ocrx_word' id='word_1_699' title='bbox 2074 5123 2243 5189; x_wconf 83' lang='lat' dir='ltr'><strong>Atque</strong></span> 
     </span>
    </p>
   </div>
   <div class='ocr_carea' id='block_1_103' title="bbox 712 5202 2242 5272">
    <p class='ocr_par' dir='ltr' id='par_1_103' title="bbox 712 5202 2242 5272">
     <span class='ocr_line' id='line_1_103' title="bbox 712 5202 2242 5272; baseline 0.007 -19"><span class='ocrx_word' id='word_1_700' title='bbox 712 5202 808 5253; x_wconf 86' lang='lat' dir='ltr'><strong>hoc</strong></span> <span class='ocrx_word' id='word_1_701' title='bbox 831 5204 1075 5270; x_wconf 89' lang='lat' dir='ltr'><strong>estquod</strong></span> <span class='ocrx_word' id='word_1_702' title='bbox 1104 5219 1326 5272; x_wconf 87' lang='lat' dir='ltr'><strong>magnus</strong></span> <span class='ocrx_word' id='word_1_703' title='bbox 1349 5202 1575 5256; x_wconf 84' lang='lat' dir='ltr'><strong>Basilius</strong></span> <span class='ocrx_word' id='word_1_704' title='bbox 1596 5205 1741 5266; x_wconf 85' lang='lat' dir='ltr'><strong>dicit,</strong></span> <span class='ocrx_word' id='word_1_705' title='bbox 1760 5207 2065 5271; x_wconf 84' lang='lat' dir='ltr'><strong>psalterium</strong></span> <span class='ocrx_word' id='word_1_706' title='bbox 2096 5210 2242 5264; x_wconf 90' lang='lat' dir='ltr'><strong>initia</strong></span> 
     </span>
    </p>
   </div>
   <div class='ocr_carea' id='block_1_104' title="bbox 712 5293 2242 5360">
    <p class='ocr_par' dir='ltr' id='par_1_104' title="bbox 712 5293 2242 5360">
     <span class='ocr_line' id='line_1_104' title="bbox 712 5293 2242 5360; baseline 0.007 -18"><span class='ocrx_word' id='word_1_707' title='bbox 712 5307 897 5344; x_wconf 78' lang='lat' dir='ltr'><strong>vocum</strong></span> <span class='ocrx_word' id='word_1_708' title='bbox 921 5294 1113 5348; x_wconf 83' lang='lat' dir='ltr'><strong>habere</strong></span> <span class='ocrx_word' id='word_1_709' title='bbox 1139 5295 1188 5346; x_wconf 92' lang='lat' dir='ltr'><strong>in</strong></span> <span class='ocrx_word' id='word_1_710' title='bbox 1214 5309 1443 5348; x_wconf 85' lang='lat' dir='ltr'><strong>summo.</strong></span> <span class='ocrx_word' id='word_1_711' title='bbox 1463 5293 1638 5360; x_wconf 81' lang='lat' dir='ltr'><strong>Neque</strong></span> <span class='ocrx_word' id='word_1_712' title='bbox 1665 5297 1824 5360; x_wconf 87' lang='lat' dir='ltr'><strong>enim,</strong></span> <span class='ocrx_word' id='word_1_713' title='bbox 1849 5304 1904 5349; x_wconf 93' lang='lat' dir='ltr'><strong>ut</strong></span> <span class='ocrx_word' id='word_1_714' title='bbox 1927 5298 1977 5348; x_wconf 91' lang='lat' dir='ltr'><strong>in</strong></span> <span class='ocrx_word' id='word_1_715' title='bbox 2009 5300 2125 5352; x_wconf 88' lang='lat' dir='ltr'><strong>aliis</strong></span> <span class='ocrx_word' id='word_1_716' title='bbox 2153 5317 2242 5353; x_wconf 81' lang='lat' dir='ltr'><strong>vo-</strong></span> 
     </span>
    </p>
   </div>
   <div class='ocr_carea' id='block_1_105' title="bbox 710 5387 2243 5454">
    <p class='ocr_par' dir='ltr' id='par_1_105' title="bbox 710 5387 2243 5454">
     <span class='ocr_line' id='line_1_105' title="bbox 710 5387 2243 5454; baseline 0.008 -22"><span class='ocrx_word' id='word_1_717' title='bbox 710 5398 828 5434; x_wconf 86' lang='lat' dir='ltr'><strong>cum</strong></span> <span class='ocrx_word' id='word_1_718' title='bbox 887 5387 1119 5451; x_wconf 80' lang='lat' dir='ltr'><strong>organis,</strong></span> <span class='ocrx_word' id='word_1_719' title='bbox 1169 5396 1354 5438; x_wconf 88' lang='lat' dir='ltr'><strong>cantor</strong></span> <span class='ocrx_word' id='word_1_720' title='bbox 1400 5387 1760 5454; x_wconf 87' lang='lat' dir='ltr'><strong>attemperalis</strong></span> <span class='ocrx_word' id='word_1_721' title='bbox 1823 5390 1984 5441; x_wconf 88' lang='lat' dir='ltr'><strong>semel</strong></span> <span class='ocrx_word' id='word_1_722' title='bbox 2031 5391 2243 5445; x_wconf 88' lang='lat' dir='ltr'><strong>chordis</strong></span> 
     </span>
    </p>
   </div>
   <div class='ocr_carea' id='block_1_106' title="bbox 713 5474 2242 5547">
    <p class='ocr_par' dir='ltr' id='par_1_106' title="bbox 713 5474 2242 5547">
     <span class='ocr_line' id='line_1_106' title="bbox 713 5474 2242 5547; baseline 0.007 -25"><span class='ocrx_word' id='word_1_723' title='bbox 713 5474 881 5524; x_wconf 79' lang='lat' dir='ltr'><strong>otiose</strong></span> <span class='ocrx_word' id='word_1_724' title='bbox 910 5475 1060 5541; x_wconf 82' lang='lat' dir='ltr'><strong>quasi</strong></span> <span class='ocrx_word' id='word_1_725' title='bbox 1095 5477 1329 5528; x_wconf 79' lang='lat' dir='ltr'><strong>abutitur</strong></span> <span class='ocrx_word' id='word_1_726' title='bbox 1357 5477 1596 5544; x_wconf 88' lang='lat' dir='ltr'><strong>pulsibus</strong></span> <span class='ocrx_word' id='word_1_727' title='bbox 1625 5492 1637 5539; x_wconf 89' lang='lat'><strong>;</strong></span> <span class='ocrx_word' id='word_1_728' title='bbox 1671 5477 1757 5528; x_wconf 89' lang='lat' dir='ltr'><strong>sed</strong></span> <span class='ocrx_word' id='word_1_729' title='bbox 1812 5486 1931 5543; x_wconf 90' lang='lat' dir='ltr'><strong>post</strong></span> <span class='ocrx_word' id='word_1_730' title='bbox 1979 5487 2242 5547; x_wconf 84' lang='lat' dir='ltr'><strong>tempera-</strong></span> 
     </span>
    </p>
   </div>
   <div class='ocr_carea' id='block_1_107' title="bbox 713 5566 2242 5636">
    <p class='ocr_par' dir='ltr' id='par_1_107' title="bbox 713 5566 2242 5636">
     <span class='ocr_line' id='line_1_107' title="bbox 713 5566 2242 5636; baseline 0.005 -22"><span class='ocrx_word' id='word_1_731' title='bbox 713 5575 948 5616; x_wconf 85' lang='lat' dir='ltr'><strong>mentum</strong></span> <span class='ocrx_word' id='word_1_732' title='bbox 1003 5581 1194 5617; x_wconf 72' lang='lat' dir='ltr'><strong>vocum</strong></span> <span class='ocrx_word' id='word_1_733' title='bbox 1226 5566 1413 5620; x_wconf 80' lang='lat' dir='ltr'><strong>dextra</strong></span> <span class='ocrx_word' id='word_1_734' title='bbox 1469 5567 1686 5636; x_wconf 87' lang='lat' dir='ltr'><strong>quidem</strong></span> <span class='ocrx_word' id='word_1_735' title='bbox 1730 5567 1991 5634; x_wconf 82' lang='lat' dir='ltr'><strong>plectrum</strong></span> <span class='ocrx_word' id='word_1_736' title='bbox 2049 5579 2242 5622; x_wconf 76' lang='lat' dir='ltr'><strong>tractat</strong></span> 
     </span>
    </p>
   </div>
   <div class='ocr_carea' id='block_1_108' title="bbox 2353 4401 3890 4477">
    <p class='ocr_par' dir='ltr' id='par_1_108' title="bbox 2353 4401 3890 4477">
     <span class='ocr_line' id='line_1_108' title="bbox 2353 4401 3890 4477; baseline -0.005 -15"><span class='ocrx_word' id='word_1_737' title='bbox 2353 4409 2446 4462; x_wconf 71' lang='grc' dir='ltr'><strong>καὶ</strong></span> <span class='ocrx_word' id='word_1_738' title='bbox 2491 4407 2900 4477; x_wconf 85' lang='grc' dir='ltr'><strong>ἀπαρέγκλιτον,</strong></span> <span class='ocrx_word' id='word_1_739' title='bbox 2933 4403 3120 4474; x_wconf 80' lang='grc' dir='ltr'><strong>χορδαὶ</strong></span> <span class='ocrx_word' id='word_1_740' title='bbox 3151 4402 3207 4456; x_wconf 81' lang='grc' dir='ltr'><strong>δὲ</strong></span> <span class='ocrx_word' id='word_1_741' title='bbox 3244 4405 3300 4453; x_wconf 82' lang='grc' dir='ltr'><strong>ὲν</strong></span> <span class='ocrx_word' id='word_1_742' title='bbox 3348 4401 3520 4471; x_wconf 84' lang='grc' dir='ltr'><strong>τούτῳ</strong></span> <span class='ocrx_word' id='word_1_743' title='bbox 3558 4401 3686 4454; x_wconf 87' lang='grc' dir='ltr'><strong>δέκα</strong></span> <span class='ocrx_word' id='word_1_744' title='bbox 3734 4402 3890 4454; x_wconf 74' lang='grc' dir='ltr'><strong>ἐτεί-</strong></span> 
     </span>
    </p>
   </div>
   <div class='ocr_carea' id='block_1_109' title="bbox 2350 4490 3890 4562">
    <p class='ocr_par' dir='ltr' id='par_1_109' title="bbox 2350 4490 3890 4562">
     <span class='ocr_line' id='line_1_109' title="bbox 2350 4490 3890 4562; baseline -0.002 -16"><span class='ocrx_word' id='word_1_745' title='bbox 2350 4513 2519 4548; x_wconf 85' lang='grc' dir='ltr'><strong>νοντο.</strong></span> <span class='ocrx_word' id='word_1_746' title='bbox 2562 4494 2794 4562; x_wconf 85' lang='grc' dir='ltr'><strong>Ἐκάστη</strong></span> <span class='ocrx_word' id='word_1_747' title='bbox 2839 4493 2894 4544; x_wconf 84' lang='grc' dir='ltr'><strong>δὲ</strong></span> <span class='ocrx_word' id='word_1_748' title='bbox 2923 4492 3029 4544; x_wconf 88' lang='grc' dir='ltr'><strong>τῶν</strong></span> <span class='ocrx_word' id='word_1_749' title='bbox 3057 4491 3257 4560; x_wconf 87' lang='grc' dir='ltr'><strong>χορδῶν</strong></span> <span class='ocrx_word' id='word_1_750' title='bbox 3279 4492 3355 4551; x_wconf 87' lang='grc' dir='ltr'><strong>εἰς</strong></span> <span class='ocrx_word' id='word_1_751' title='bbox 3379 4490 3439 4542; x_wconf 82' lang='grc' dir='ltr'><strong>τὸ</strong></span> <span class='ocrx_word' id='word_1_752' title='bbox 3467 4490 3890 4559; x_wconf 82' lang='grc' dir='ltr'><strong>ἀκροτελεύτιον</strong></span> 
     </span>
    </p>
   </div>
   <div class='ocr_carea' id='block_1_110' title="bbox 2347 4581 3893 4654">
    <p class='ocr_par' dir='ltr' id='par_1_110' title="bbox 2347 4581 3893 4654">
     <span class='ocr_line' id='line_1_110' title="bbox 2347 4581 3893 4654; baseline -0.003 -16"><span class='ocrx_word' id='word_1_753' title='bbox 2347 4586 2440 4638; x_wconf 80' lang='grc' dir='ltr'><strong>τοῦ</strong></span> <span class='ocrx_word' id='word_1_754' title='bbox 2489 4584 2779 4653; x_wconf 87' lang='grc' dir='ltr'><strong>ψαλτηρίου</strong></span> <span class='ocrx_word' id='word_1_755' title='bbox 2827 4582 3164 4654; x_wconf 80' lang='grc' dir='ltr'><strong>διῃρημένως</strong></span> <span class='ocrx_word' id='word_1_756' title='bbox 3212 4581 3634 4648; x_wconf 81' lang='grc' dir='ltr'><strong>έναπεσφίγγετο</strong></span> <span class='ocrx_word' id='word_1_757' title='bbox 3665 4599 3677 4612; x_wconf 75' lang='grc'><strong><em>⁸</em></strong></span> <span class='ocrx_word' id='word_1_758' title='bbox 3722 4584 3777 4634; x_wconf 88' lang='grc' dir='ltr'><strong>αί</strong></span> <span class='ocrx_word' id='word_1_759' title='bbox 3824 4583 3893 4635; x_wconf 84' lang='grc' dir='ltr'><strong>δὲ</strong></span> 
     </span>
    </p>
   </div>
   <div class='ocr_carea' id='block_1_111' title="bbox 2333 4670 3892 4746">
    <p class='ocr_par' dir='ltr' id='par_1_111' title="bbox 2333 4670 3892 4746">
     <span class='ocr_line' id='line_1_111' title="bbox 2333 4670 3892 4746; baseline -0.003 -17"><span class='ocrx_word' id='word_1_760' title='bbox 2333 4677 2518 4746; x_wconf 70' lang='grc' dir='ltr'><strong>ἀρχαὶ</strong></span> <span class='ocrx_word' id='word_1_761' title='bbox 2544 4675 2649 4728; x_wconf 88' lang='grc' dir='ltr'><strong>τῶν</strong></span> <span class='ocrx_word' id='word_1_762' title='bbox 2679 4674 2877 4744; x_wconf 90' lang='grc' dir='ltr'><strong>χορδῶν</strong></span> <span class='ocrx_word' id='word_1_763' title='bbox 2909 4673 3152 4725; x_wconf 86' lang='grc' dir='ltr'><strong>καθίεντο</strong></span> <span class='ocrx_word' id='word_1_764' title='bbox 3195 4670 3418 4723; x_wconf 80' lang='grc' dir='ltr'><strong>ἀνωθεν.</strong></span> <span class='ocrx_word' id='word_1_765' title='bbox 3453 4671 3593 4724; x_wconf 82' lang='grc' dir='ltr'><strong>Δέκα</strong></span> <span class='ocrx_word' id='word_1_766' title='bbox 3637 4672 3742 4742; x_wconf 84' lang='grc' dir='ltr'><strong>γὰρ</strong></span> <span class='ocrx_word' id='word_1_767' title='bbox 3780 4675 3892 4725; x_wconf 83' lang='grc' dir='ltr'><strong>κό-</strong></span> 
     </span>
    </p>
   </div>
   <div class='ocr_carea' id='block_1_112' title="bbox 2347 4762 3895 4833">
    <p class='ocr_par' dir='ltr' id='par_1_112' title="bbox 2347 4762 3895 4833">
     <span class='ocr_line' id='line_1_112' title="bbox 2347 4762 3895 4833; baseline -0.002 -15"><span class='ocrx_word' id='word_1_768' title='bbox 2347 4767 2518 4827; x_wconf 80' lang='grc' dir='ltr'><strong>λαδοι,</strong></span> <span class='ocrx_word' id='word_1_769' title='bbox 2571 4766 2666 4818; x_wconf 77' lang='grc' dir='ltr'><strong>εἴτ’</strong></span> <span class='ocrx_word' id='word_1_770' title='bbox 2722 4763 2812 4818; x_wconf 82' lang='grc' dir='ltr'><strong>οὖν</strong></span> <span class='ocrx_word' id='word_1_771' title='bbox 2863 4763 3217 4815; x_wconf 86' lang='grc' dir='ltr'><strong>πασσαλίσκοι</strong></span> <span class='ocrx_word' id='word_1_772' title='bbox 3265 4762 3390 4832; x_wconf 72' lang='grc' dir='ltr'><strong>περὶ</strong></span> <span class='ocrx_word' id='word_1_773' title='bbox 3421 4763 3510 4815; x_wconf 80' lang='grc' dir='ltr'><strong>τὸν</strong></span> <span class='ocrx_word' id='word_1_774' title='bbox 3562 4765 3732 4833; x_wconf 76' lang='grc' dir='ltr'><strong>πῆχυν</strong></span> <span class='ocrx_word' id='word_1_775' title='bbox 3780 4766 3895 4816; x_wconf 79' lang='grc' dir='ltr'><strong>τοῦ</strong></span> 
     </span>
    </p>
   </div>
   <div class='ocr_carea' id='block_1_113' title="bbox 2347 4849 3894 4923">
    <p class='ocr_par' dir='ltr' id='par_1_113' title="bbox 2347 4849 3894 4923">
     <span class='ocr_line' id='line_1_113' title="bbox 2347 4849 3894 4923; baseline -0.003 -17"><span class='ocrx_word' id='word_1_776' title='bbox 2347 4855 2642 4923; x_wconf 79' lang='grc' dir='ltr'><strong>ψαλτηρίου</strong></span> <span class='ocrx_word' id='word_1_777' title='bbox 2692 4852 3043 4922; x_wconf 84' lang='grc' dir='ltr'><strong>στρεφόμενοι</strong></span> <span class='ocrx_word' id='word_1_778' title='bbox 3096 4849 3354 4900; x_wconf 83' lang='grc' dir='ltr'><strong>ὲτείνοντο</strong></span> <span class='ocrx_word' id='word_1_779' title='bbox 3404 4850 3500 4919; x_wconf 82' lang='grc' dir='ltr'><strong>τὴν</strong></span> <span class='ocrx_word' id='word_1_780' title='bbox 3544 4851 3734 4920; x_wconf 80' lang='grc' dir='ltr'><strong>χορδήν</strong></span> <span class='ocrx_word' id='word_1_781' title='bbox 3783 4855 3894 4903; x_wconf 79' lang='grc' dir='ltr'><strong>καὶ</strong></span> 
     </span>
    </p>
   </div>
   <div class='ocr_carea' id='block_1_114' title="bbox 2349 4938 3894 5015">
    <p class='ocr_par' dir='ltr' id='par_1_114' title="bbox 2349 4938 3894 5015">
     <span class='ocr_line' id='line_1_114' title="bbox 2349 4938 3894 5015; baseline -0.008 -16"><span class='ocrx_word' id='word_1_782' title='bbox 2349 4947 2569 5015; x_wconf 81' lang='grc' dir='ltr'><strong>ὲχάλων,</strong></span> <span class='ocrx_word' id='word_1_783' title='bbox 2602 4944 2734 5013; x_wconf 84' lang='grc' dir='ltr'><strong>πρὸς</strong></span> <span class='ocrx_word' id='word_1_784' title='bbox 2771 4943 2827 4994; x_wconf 84' lang='grc' dir='ltr'><strong>δὲ</strong></span> <span class='ocrx_word' id='word_1_785' title='bbox 2858 4941 2946 4991; x_wconf 84' lang='grc' dir='ltr'><strong>τὸν</strong></span> <span class='ocrx_word' id='word_1_786' title='bbox 2974 4938 3176 5008; x_wconf 78' lang='grc' dir='ltr'><strong>ῥυθμὸν</strong></span> <span class='ocrx_word' id='word_1_787' title='bbox 3195 4939 3290 5006; x_wconf 84' lang='grc' dir='ltr'><strong>τῆς</strong></span> <span class='ocrx_word' id='word_1_788' title='bbox 3315 4939 3595 5008; x_wconf 81' lang='grc' dir='ltr'><strong>ἁρμονίας,</strong></span> <span class='ocrx_word' id='word_1_789' title='bbox 3621 4942 3712 4994; x_wconf 77' lang='grc' dir='ltr'><strong>καὶ</strong></span> <span class='ocrx_word' id='word_1_790' title='bbox 3742 4941 3894 5008; x_wconf 78' lang='grc' dir='ltr'><strong>πρὸς</strong></span> 
     </span>
    </p>
   </div>
   <div class='ocr_carea' id='block_1_115' title="bbox 2347 5029 3897 5102">
    <p class='ocr_par' dir='ltr' id='par_1_115' title="bbox 2347 5029 3897 5102">
     <span class='ocr_line' id='line_1_115' title="bbox 2347 5029 3897 5102; baseline -0.004 -16"><span class='ocrx_word' id='word_1_791' title='bbox 2347 5037 2404 5086; x_wconf 84' lang='grc' dir='ltr'><strong>τὸ</strong></span> <span class='ocrx_word' id='word_1_792' title='bbox 2434 5036 2522 5086; x_wconf 75' lang='grc' dir='ltr'><strong>τοῦ</strong></span> <span class='ocrx_word' id='word_1_793' title='bbox 2555 5033 2835 5102; x_wconf 82' lang='grc' dir='ltr'><strong>ψαλτῳδοῦ</strong></span> <span class='ocrx_word' id='word_1_794' title='bbox 2875 5031 3131 5099; x_wconf 79' lang='grc' dir='ltr'><strong>βούλημα.</strong></span> <span class='ocrx_word' id='word_1_795' title='bbox 3153 5030 3258 5080; x_wconf 75' lang='grc' dir='ltr'><strong>Καὶ</strong></span> <span class='ocrx_word' id='word_1_796' title='bbox 3288 5029 3438 5081; x_wconf 78' lang='grc' dir='ltr'><strong>τοῦτό</strong></span> <span class='ocrx_word' id='word_1_797' title='bbox 3467 5032 3630 5095; x_wconf 77' lang='grc' dir='ltr'><strong>ἐστιν,</strong></span> <span class='ocrx_word' id='word_1_798' title='bbox 3661 5032 3688 5082; x_wconf 83' lang='grc' dir='ltr'>ὅ</span> <span class='ocrx_word' id='word_1_799' title='bbox 3714 5047 3897 5098; x_wconf 84' lang='grc' dir='ltr'><strong>φησιν</strong></span> 
     </span>
    </p>
   </div>
   <div class='ocr_carea' id='block_1_116' title="bbox 2347 5118 3897 5195">
    <p class='ocr_par' dir='ltr' id='par_1_116' title="bbox 2347 5118 3897 5195">
     <span class='ocr_line' id='line_1_116' title="bbox 2347 5118 3897 5195; baseline -0.005 -18"><span class='ocrx_word' id='word_1_800' title='bbox 2347 5129 2373 5178; x_wconf 89' lang='grc' dir='ltr'>ὀ</span> <span class='ocrx_word' id='word_1_801' title='bbox 2402 5127 2572 5193; x_wconf 73' lang='grc' dir='ltr'><strong>μέγας</strong></span> <span class='ocrx_word' id='word_1_802' title='bbox 2602 5121 2987 5195; x_wconf 81' lang='grc' dir='ltr'><strong>Βασίλειος,ὃτι</strong></span> <span class='ocrx_word' id='word_1_803' title='bbox 3015 5118 3074 5169; x_wconf 80' lang='grc' dir='ltr'><strong>τὸ</strong></span> <span class='ocrx_word' id='word_1_804' title='bbox 3093 5119 3379 5188; x_wconf 76' lang='grc' dir='ltr'><strong>ψαλτήριον</strong></span> <span class='ocrx_word' id='word_1_805' title='bbox 3402 5121 3600 5173; x_wconf 80' lang='grc' dir='ltr'><strong>ἀνωθεν</strong></span> <span class='ocrx_word' id='word_1_806' title='bbox 3630 5121 3739 5188; x_wconf 72' lang='grc' dir='ltr'><strong>ἔχει</strong></span> <span class='ocrx_word' id='word_1_807' title='bbox 3759 5119 3897 5170; x_wconf 79' lang='grc' dir='ltr'><strong>’τῶν</strong></span> 
     </span>
    </p>
   </div>
   <div class='ocr_carea' id='block_1_117' title="bbox 2347 5207 3896 5280">
    <p class='ocr_par' dir='ltr' id='par_1_117' title="bbox 2347 5207 3896 5280">
     <span class='ocr_line' id='line_1_117' title="bbox 2347 5207 3896 5280; baseline -0.006 -14"><span class='ocrx_word' id='word_1_808' title='bbox 2347 5216 2592 5280; x_wconf 82' lang='grc' dir='ltr'><strong>φθόγγων</strong></span> <span class='ocrx_word' id='word_1_809' title='bbox 2617 5212 2709 5273; x_wconf 85' lang='grc' dir='ltr'><strong>τὰς</strong></span> <span class='ocrx_word' id='word_1_810' title='bbox 2736 5209 3002 5278; x_wconf 80' lang='grc' dir='ltr'><strong>ἀφορμάς.</strong></span> <span class='ocrx_word' id='word_1_811' title='bbox 3019 5210 3089 5260; x_wconf 80' lang='grc' dir='ltr'><strong>Οὐ</strong></span> <span class='ocrx_word' id='word_1_812' title='bbox 3112 5210 3234 5277; x_wconf 81' lang='grc' dir='ltr'><strong>γὰρ,</strong></span> <span class='ocrx_word' id='word_1_813' title='bbox 3257 5209 3440 5280; x_wconf 80' lang='grc' dir='ltr'><strong>ὥσπερ</strong></span> <span class='ocrx_word' id='word_1_814' title='bbox 3463 5211 3554 5262; x_wconf 75' lang='grc' dir='ltr'><strong>ἐπὶ</strong></span> <span class='ocrx_word' id='word_1_815' title='bbox 3581 5209 3684 5261; x_wconf 87' lang='grc' dir='ltr'><strong>τῶν</strong></span> <span class='ocrx_word' id='word_1_816' title='bbox 3706 5207 3896 5261; x_wconf 78' lang='grc' dir='ltr'><strong>ἄλλων</strong></span> 
     </span>
    </p>
   </div>
   <div class='ocr_carea' id='block_1_118' title="bbox 2347 5298 3897 5371">
    <p class='ocr_par' dir='ltr' id='par_1_118' title="bbox 2347 5298 3897 5371">
     <span class='ocr_line' id='line_1_118' title="bbox 2347 5298 3897 5371; baseline -0.005 -17"><span class='ocrx_word' id='word_1_817' title='bbox 2347 5301 2761 5371; x_wconf 77' lang='grc' dir='ltr'><strong>όργάνων,ἆπαξ</strong></span> <span class='ocrx_word' id='word_1_818' title='bbox 2784 5301 2810 5350; x_wconf 90' lang='grc' dir='ltr'><strong>ό</strong></span> <span class='ocrx_word' id='word_1_819' title='bbox 2832 5298 3079 5366; x_wconf 83' lang='grc' dir='ltr'><strong>μουσικὸς</strong></span> <span class='ocrx_word' id='word_1_820' title='bbox 3106 5299 3536 5369; x_wconf 83' lang='grc' dir='ltr'><strong>έναρμοσάμενος</strong></span> <span class='ocrx_word' id='word_1_821' title='bbox 3566 5301 3660 5360; x_wconf 79' lang='grc' dir='ltr'><strong>τὰς</strong></span> <span class='ocrx_word' id='word_1_822' title='bbox 3685 5298 3897 5366; x_wconf 69' lang='grc' dir='ltr'><strong>χορδὰς</strong></span> 
     </span>
    </p>
   </div>
   <div class='ocr_carea' id='block_1_119' title="bbox 2348 5387 3895 5461">
    <p class='ocr_par' dir='ltr' id='par_1_119' title="bbox 2348 5387 3895 5461">
     <span class='ocr_line' id='line_1_119' title="bbox 2348 5387 3895 5461; baseline -0.005 -17"><span class='ocrx_word' id='word_1_823' title='bbox 2348 5392 2708 5461; x_wconf 79' lang='grc' dir='ltr'><strong>ἀπραγμόνως</strong></span> <span class='ocrx_word' id='word_1_824' title='bbox 2761 5390 2952 5458; x_wconf 84' lang='grc' dir='ltr'><strong>χρῆται</strong></span> <span class='ocrx_word' id='word_1_825' title='bbox 2989 5387 3064 5455; x_wconf 82' lang='grc' dir='ltr'><strong>τῷ</strong></span> <span class='ocrx_word' id='word_1_826' title='bbox 3103 5388 3385 5457; x_wconf 80' lang='grc' dir='ltr'><strong>κρούματι,</strong></span> <span class='ocrx_word' id='word_1_827' title='bbox 3413 5391 3546 5443; x_wconf 89' lang='grc' dir='ltr'><strong>ἀλλά</strong></span> <span class='ocrx_word' id='word_1_828' title='bbox 3592 5387 3724 5457; x_wconf 71' lang='grc' dir='ltr'><strong>μετὰ</strong></span> <span class='ocrx_word' id='word_1_829' title='bbox 3778 5387 3895 5453; x_wconf 78' lang='grc' dir='ltr'><strong>τὴν</strong></span> 
     </span>
    </p>
   </div>
   <div class='ocr_carea' id='block_1_120' title="bbox 2349 5473 3893 5550">
    <p class='ocr_par' dir='ltr' id='par_1_120' title="bbox 2349 5473 3893 5550">
     <span class='ocr_line' id='line_1_120' title="bbox 2349 5473 3893 5550; baseline -0.008 -17"><span class='ocrx_word' id='word_1_830' title='bbox 2349 5483 2608 5549; x_wconf 81' lang='grc' dir='ltr'><strong>ἁρμονίαν</strong></span> <span class='ocrx_word' id='word_1_831' title='bbox 2662 5482 2692 5548; x_wconf 88' lang='grc' dir='ltr'><strong>ή</strong></span> <span class='ocrx_word' id='word_1_832' title='bbox 2748 5480 2841 5547; x_wconf 83' lang='grc' dir='ltr'><strong>μὲν</strong></span> <span class='ocrx_word' id='word_1_833' title='bbox 2894 5477 3036 5539; x_wconf 81' lang='grc' dir='ltr'><strong>δεξιὰ</strong></span> <span class='ocrx_word' id='word_1_834' title='bbox 3083 5478 3142 5529; x_wconf 88' lang='grc' dir='ltr'><strong>τὸ</strong></span> <span class='ocrx_word' id='word_1_835' title='bbox 3190 5479 3458 5550; x_wconf 80' lang='grc' dir='ltr'><strong>πλῆκτρον</strong></span> <span class='ocrx_word' id='word_1_836' title='bbox 3507 5473 3893 5546; x_wconf 78' lang='grc' dir='ltr'><strong>μεταχειρίζε-</strong></span> 
     </span>
    </p>
   </div>
   <div class='ocr_carea' id='block_1_121' title="bbox 2349 5565 3894 5638">
    <p class='ocr_par' dir='ltr' id='par_1_121' title="bbox 2349 5565 3894 5638">
     <span class='ocr_line' id='line_1_121' title="bbox 2349 5565 3894 5638; baseline -0.008 -17"><span class='ocrx_word' id='word_1_837' title='bbox 2349 5587 2480 5621; x_wconf 83' lang='grc' dir='ltr'><strong>ται·</strong></span> <span class='ocrx_word' id='word_1_838' title='bbox 2549 5573 2580 5638; x_wconf 85' lang='grc' dir='ltr'><strong>ή</strong></span> <span class='ocrx_word' id='word_1_839' title='bbox 2636 5571 2689 5621; x_wconf 84' lang='grc' dir='ltr'><strong>δὲ</strong></span> <span class='ocrx_word' id='word_1_840' title='bbox 2758 5569 2879 5621; x_wconf 78' lang='grc' dir='ltr'><strong>λαιὰ</strong></span> <span class='ocrx_word' id='word_1_841' title='bbox 2920 5568 3120 5622; x_wconf 78' lang='grc' dir='ltr'><strong>ἄνωθεν</strong></span> <span class='ocrx_word' id='word_1_842' title='bbox 3161 5570 3548 5638; x_wconf 78' lang='grc' dir='ltr'><strong>ὲπιτευξαμένη</strong></span> <span class='ocrx_word' id='word_1_843' title='bbox 3595 5565 3701 5616; x_wconf 79' lang='grc' dir='ltr'><strong>τῶν</strong></span> <span class='ocrx_word' id='word_1_844' title='bbox 3751 5579 3894 5630; x_wconf 77' lang='grc' dir='ltr'><strong>χορ-</strong></span> 
     </span>
    </p>
   </div>
  </div>
