4138 6342
261 272 399 335 1065

1169 259 1558 323 ΡΗᾹΞῈΑΤΙΟ
1592 260 1692 320 ΑΙ)
1722 257 2064 319 CATENAM
2098 256 2177 321 IN
2204 257 2551 318 PSALMOS.

3274 256 3407 317 1060

242 384 347 435 δῶν
400 378 539 433 κατὰ
591 376 893 435 διαστάσεις
922 413 937 437 ,
993 371 1086 424 καὶ
1139 369 1317 421 πυκνά
1392 368 1516 429 τοὺς
1574 362 1774 418 δακτῦ-
1801 376 1876 430 Αε

1801 376 1846 430 Α
1872 365 2090 418 sinistra
2123 380 2246 418 vero
2290 365 2341 417 in
2372 379 2581 417 summo
2597 362 2825 421 chordas
2849 362 3116 431 stringens
3142 377 3233 431 per
3250 364 3407 415 ἰιιινιο-

245 473 366 546 λους
424 470 780 537 μετατιθεῖσα,
806 466 974 534 βαρὺν
1022 463 1054 533 ὴ
1104 461 1226 525 ὀξὺν
1266 459 1358 511 τὸν
1408 456 1639 524 φθόγγον
1686 456 1777 546 ιρ-

246 544 484 625 γάζεται.
527 556 737 610 Πολλῶν
767 555 823 606 δὲ
865 555 1029 606 ὅντων
1056 550 1299 619 ὀργάνων
1357 546 1647 616 μουσικῶν,
1678 544 1774 615 τὴν

248 648 421 714 βίϐλον
448 647 555 697 τῶν
604 643 843 712 ’Ῑναλμῶν
889 642 1021 710 πρὸς
1065 643 1124 691 τὸ
1165 638 1449 706 λεγόμενον
1486 634 1777 704 ψαλτήριον

247 736 481 803 ἥρμοσεν
510 737 538 786 ό
562 735 860 803 προφήτης,
889 732 1007 799 ὲμοῖ
1038 729 1232 789 δοκεῖν,
1265 726 1361 794 τὴν
1389 724 1591 779 ἄνωθεν
1624 720 1773 792 αὐτῷ

248 823 538 892 ἑνηχοῦσαν
575 824 727 891 χάριν
768 822 912 888 παρὰ
958 816 1049 869 τοῦ
1094 815 1401 884 Πνεύματος
1445 811 1778 878 ἐνδεικνύμε-

249 929 336 973 νος
361 925 376 941 '
399 912 531 964 διότι
568 912 719 965 τοῦτο
750 911 905 978 μόνον
939 908 1045 959 τῶν
1080 906 1349 975 μουσικῶν
1390 904 1635 972 ὁργάνων
1680 902 1779 971 τὴν

251 1000 428 1053 αἰτίαν
444 1001 548 1052 τῶν
570 1001 813 1068 φθόγγων
845 999 906 1050 ὲκ
937 998 1042 1049 τῶν
1074 996 1278 1049 ἄνωθεν
1298 994 1428 1063 ἔχει,
1452 993 1525 1056 ὡς
1546 993 1778 1063 εἴρηται.

252 1090 328 1157 Τῇ
357 1088 551 1157 κιθάρᾳ
588 1089 684 1157 μὲν
705 1088 832 1158 γάρ,
856 1090 945 1140 καὶ¹
975 1092 1037 1158 τῇ
1080 1089 1217 1158 λύρᾳ
1244 1086 1485 1139 κάτωθεν
1514 1086 1543 1137 ό
1574 1085 1773 1152 χαλκὸς

254 1175 457 1241 ὑπηχεῖ
493 1176 624 1240 πρὸς
652 1174 711 1225 τὸ
754 1173 1020 1242 πλῆκτρον
1047 1191 1062 1206 ο
1091 1173 1152 1225 τὸ
1186 1173 1478 1241 ψαλτήριον
1525 1170 1582 1223 δὲ
1623 1169 1778 1221 τοῦτο

250 1263 357 1313 τῶν
394 1262 698 1330 ἁρμονικῶν
736 1261 953 1331 ῥυθμῶν
1001 1262 1201 1314 ἄνωθεν
1240 1261 1349 1329 ἔχει
1376 1259 1473 1321 τάς
1505 1257 1777 1328 ἀφορμὰς,

253 1352 340 1402 ἵνα
367 1351 455 1401 καὶ
484 1352 640 1418 ἡμεῖς
677 1350 745 1401 τὰ
770 1350 878 1403 ἄνω
919 1352 1101 1420 ζητεῖν
1130 1350 1460 1420 μελετῶμεν,
1492 1350 1586 1402 καὶ
1616 1347 1691 1419 μὴ
1713 1350 1779 1417 τῇ

252 1439 409 1508 ¹ἡδονῇ
452 1438 543 1490 τοῦ
581 1437 769 1507 μέλους
791 1439 884 1491 ἐπὶ
922 1440 988 1491 τά
1013 1440 1111 1507 τῆς
1151 1438 1345 1507 σαρκὸς
1370 1438 1512 1506 πάθη
1542 1453 1782 1504 καταφε-

252 1528 490 1595 ρὼμεθα.
518 1530 746 1581 Κάκεῖνο
769 1528 823 1580 δὲ
846 1525 994 1597 οἶμαι
1025 1529 1114 1580 τὸν
1134 1529 1462 1597 προφητικὸν
1500 1527 1651 1594 λόγον
1685 1525 1780 1593 βα-

253 1618 388 1678 θέως
428 1618 555 1685 ἡμῖν
607 1618 695 1669 καὶ
738 1617 911 1683 σοφῶς
951 1616 1037 1669 διὰ
1069 1620 1165 1686 τῆς
1210 1615 1301 1667 τοῦ
1347 1615 1572 1683 ὀργάνου
1615 1630 1781 1666 κατα-

1881 454 2016 506 valla
2044 463 2096 506 et
2128 452 2313 506 crebro
2342 448 2598 505 oberrans
2627 452 2825 521 digitis,
2858 467 3047 505 sonum
3084 464 3173 506 aut
3200 467 3409 522 gl‘th'Itl

1881 550 1972 593 aut
1993 550 2203 594 acutum
2224 539 2401 593 cilicii.
2423 539 2677 604 Quamvis
2699 554 2823 593 vero
2845 556 2949 592 nun
2977 556 3137 593 unum
3160 543 3233 594 sit-
3254 556 3411 608 orgao

1882 644 2006 681 num
2060 628 2345 691 musicum,
2378 626 2708 681 Psalmorum
2743 636 2920 681 tamen
2965 628 3157 681 librum
3194 632 3255 682 ad
3281 629 3412 682 illud

1882 717 2021 785 quod
2044 716 2348 785 psalterium
2398 716 2588 770 dicitur
2611 716 2841 770 maxime
2878 718 3413 786 accommodavit.“-

1885 816 1983 867 tes,
2005 815 2059 858 ut
2078 807 2203 859 mihi
2225 806 2448 869 videtur,
2477 806 2698 873 gratiam
2722 806 2861 857 illam
2891 807 3061 859 sancti
3088 806 3316 874 Spiritus
3346 808 3412 858 si-

1884 893 2228 962 gnificaturus
2275 908 2394 960 qua:
2438 908 2501 946 ex
2534 893 2641 945 alto
2696 892 2909 960 profusa
2961 893 3308 946 suavissimos
3360 897 3411 945 in

1889 982 2007 1049 ipso
2040 984 2224 1035 modos
2258 984 2422 1036 cieret
2455 999 2467 1034 :
2504 982 2627 1049 quia
2662 981 2763 1034 hoc
2814 981 2986 1033 solum
3024 981 3158 1033 inter
3211 982 3412 1033 musica

1884 1070 2255 1132 instrumenta,
2272 1085 2483 1135 vocum,
2504 1069 2830 1134 utdiximus,
2848 1084 3037 1123 causas
3057 1084 3086 1121 a
3110 1072 3414 1122 summitate

1885 1160 2059 1212 habet.
2082 1159 2310 1212 Cithara:
2330 1159 2541 1227 quidem
2558 1168 2610 1212 et
2628 1159 2750 1228 lyra:
2773 1157 2837 1211 ad
2868 1158 3051 1224 plectri
3090 1158 3298 1226 pulsum
3341 1172 3414 1210 ωε

1884 1249 2105 1304 inferius
2135 1249 2419 1318 respondet
2474 1267 2487 1304 :
2534 1250 2837 1317 psalterium
2864 1257 3037 1301 autem
3072 1263 3411 1301 numerorum

1887 1337 2209 1391 musicorum
2260 1337 2314 1390 in
2365 1351 2575 1390 summo
2611 1352 2797 1391 causas
2828 1337 3001 1397 habet,
3033 1347 3091 1389 ut
3122 1344 3173 1390 et
3202 1353 3299 1391 nos
3349 1339 3413 1389 ad

1888 1441 2119 1494 superna
2147 1428 2429 1494 quaerenda
2460 1441 2557 1479 nos
2587 1440 2980 1493 comparemus,
3011 1441 3108 1479 nec
3141 1427 3415 1480 lenociniis

1888 1523 2075 1567 cantus
2113 1516 2178 1567 ad
2202 1514 2373 1566 studia
2404 1517 2582 1567 carnis
2609 1514 2940 1581 dejiciamur.
2977 1513 3085 1566 Hoc
3113 1514 3252 1566 enim
3278 1515 3413 1566 divi-

1889 1604 1941 1655 ni
1963 1604 2098 1656 vatis
2118 1618 2440 1667 sermonem,
2459 1604 2717 1670 sapientia
2736 1604 2786 1655 in
2814 1603 2998 1672 primis
3030 1605 3293 1657 recondita
3327 1619 3419 1670 per

254 1706 455 1772 σκευῆς
504 1703 844 1772 ἐνδεδεῖχθαι,
868 1705 947 1755 ὅτι
990 1706 1037 1754 οί
1071 1703 1321 1771 ἐμμελεῖς
1348 1706 1440 1755 καὶ
1473 1704 1790 1771 ὲνάρμοστοι
1818 1695 1863 1752 Β

1784 1722 1790 1749 ;
1818 1695 1863 1752 Β
1894 1692 2233 1745 instrumenti
2263 1693 2420 1760 hujus
2449 1702 2771 1746 structuram
2808 1694 2962 1746 nobis
2985 1693 3289 1760 indigitasse
3313 1696 3418 1761 opi-

252 1791 351 1851 τάς
399 1790 570 1858 ψυχάς
615 1791 801 1860 ῥᾳδίαν
838 1793 1013 1858 ἔχουσι
1049 1792 1147 1859 τὴν
1178 1793 1254 1853 είς
1297 1790 1363 1842 τά
1410 1790 1520 1843 ἄνω
1549 1789 1787 1858 πορείαν.

253 1877 327 1928 Τὸ
369 1878 422 1929 δὲ
446 1879 733 1947 ψαλτήριον
787 1880 1100 1947 δεκάχορδον
1124 1878 1183 1931 ὃν
1213 1877 1624 1946 αἰνιγματωδῶς
1654 1881 1793 1945 παρ-

254 1964 444 2033 εδήλου
505 1967 565 2018 τὸ
604 1967 778 2035 σῶμα,
834 1968 927 2018 ἅτε
974 1968 1128 2020 πέντε
1176 1966 1448 2031 αἰσθήσεις
1513 1964 1653 2031 ἔχον,
1703 1962 1795 2014 ml.

254 2059 417 2106 πέντε
450 2055 546 2123 τῆς
594 2056 763 2122 ψυχῆς
797 2056 1088 2122 ἐνεργείας,
1121 2056 1186 2106 δι’
1229 2054 1461 2119 ἑκάστης
1495 2052 1793 2119 αίσθήσεως

256 2143 551 2210 γινομένης
602 2142 874 2209 ἐνεργείας
922 2141 1172 2209 ἑκάστης.
1200 2142 1362 2193 Ὅταν
1405 2140 1513 2208 γὰρ
1566 2139 1793 2191 ἕκαστον

260 2231 604 2299 αίσθητήριον
642 2231 839 2297 ἑκάστῃ
868 2230 1090 2297 δυνάμει
1116 2230 1215 2291 τῆς
1259 2227 1434 2298 ψυχῆς
1480 2230 1793 2297 προσαρμόσ

264 2333 467 2383 σωμεν,
498 2318 589 2369 καὶ
628 2318 760 2385 πρὸς
802 2315 860 2366 τὸ
890 2316 1030 2384 ίερὸν
1061 2315 1219 2385 μέλος
1275 2314 1467 2377 αὐτοὺς
1506 2316 1795 2383 διοργανώ-

263 2420 465 2471 σωμεν,
482 2404 793 2473 δεκάχορδον
814 2404 1067 2471 γινόμεθα
1094 2406 1386 2475 ψαλτήριον
1408 2404 1485 2474 τῷ
1505 2405 1645 2474 Θεῷ,
1663 2408 1793 2473 ἡμῖν

266 2493 367 2560 μὶν
407 2493 915 2563 μουσουργούμενον,
953 2494 1098 2562 καλῷ
1122 2491 1177 2547 δὲ
1215 2494 1449 2567 τεχνίτῃ,
1482 2494 1558 2563 τῷ
1615 2494 1785 2546 Ilvati-

267 2599 399 2649 ματι
430 2583 870 2652 ἀνακρουόμενον.
914 2583 1069 2636 Ἀλλὰ
1094 2583 1333 2635 τοιοῦτον
1368 2584 1466 2651 μὲν
1504 2584 1564 2635 τὸ
1589 2584 1790 2652 ψαλτή-

264 2690 382 2741 ριον
416 2688 429 2703 ⁸
458 2672 663 2741 ψαλμδς
695 2674 749 2726 δέ
772 2676 883 2725 ὲστι
910 2672 1062 2740 λόγος
1099 2674 1369 2741 μουσικὸς,
1408 2674 1497 2725 καὶ
1532 2673 1695 2740 ὕμνος
1719 2673 1794 2742 τῷ

262 2762 385 2830 Θεῷ
414 2763 828 2832 προσαγόμενος,
851 2764 955 2814 άπὸ
976 2762 1067 2814 τοῦ
1096 2763 1386 2831 ψαλτηρίου
1421 2763 1647 2831 ὀργάνου
1679 2764 1798 2832 κλη-

264 2851 401 2913 θείς.
431 2852 520 2902 se
542 2854 593 2903 αἱ
616 2835 767 2903 ἄλλαι
791 2852 1021 2920 Γραφαὶ,
1050 2854 1166 2903 ἐπεὶ
1201 2852 1273 2920 μὴ
1294 2852 1428 2918 πρὸς
1457 2851 1615 2902 αὐλὸν
1641 2851 1799 2917 teda-

260 2938 437 3000 λοντο,
470 2940 565 3007 τῆς
592 2939 682 2990 τοῦ
712 2938 919 3006 ψαλμοῦ
961 2939 1272 3008 ἐστέρηνται
1311 2940 1567 3007 κλήσεως.
1598 2941 1713 3008 Χρὴ
1742 2940 1796 2990 δὲ

270 3026 408 3097 μηδὲ
462 3027 733 3095 διάψαλμα
780 3028 1145 3097 παραδραμεῖν
1186 3027 1511 3097 ἀθεώρητον.
1548 3029 1670 3079 Τισὶ
1703 3030 1797 3097 μὲν

268 3114 569 3185 μεταδολὴν
597 3115 687 3166 τοῦ
717 3116 995 3184 νοήματος,
1023 3117 1055 3184 ἢ
1093 3117 1428 3184 πράγματος,
1453 3116 1484 3184 ἢ
1511 3118 1798 3184 προσώπου

265 3207 551 3275 σημαίνειν
596 3205 847 3274 ἐνομίσθη
884 3207 943 3257 τὺ
994 3206 1305 3274 διάψαλμαο
1332 3206 1443 3258 τισὶ
1498 3206 1554 3256 δὲ
1609 3206 1801 3274 μέλους

265 3297 584 3365 ἐναλλαγὴν,
620 3295 745 3346 πότε
779 3296 874 3363 μὲν
907 3294 1197 3363 βαρύτερον
1234 3296 1634 3363 άπηχουμένου,
1668 3294 1802 3346 πότε

263 3385 325 3437 δὲ
358 3384 625 3454 ὀξύτερον.
657 3385 865 3453 Ἐτεροι
911 3386 968 3436 δέ
1005 3402 1195 3452 φασιν,
1227 3384 1306 3436 ὅτι
1341 3385 1603 3444 συντιθεὶς
1648 3386 1675 3435 ὁ
1703 3385 1805 3435 Δα-

263 3476 358 3526 διδ
402 3476 626 3527 ἕκαστον
662 3476 766 3527 τῶν
792 3474 1017 3543 ψαλμῶν
1065 3473 1344 3541 παρεδίδου
1380 3473 1459 3524 ἑνὶ
1522 3472 1686 3541 χορῷ,
1710 3474 1803 3523 καὶ

266 3562 498 3629 ἔψαλλεν
525 3564 723 3614 ἐκεῖνον
752 3565 807 3614 ὲν
830 3564 1016 3629 ἐκείνῳ
1048 3562 1123 3628 τῷ
1168 3560 1332 3629 χορῷ.
1359 3562 1418 3612 Εἰ
1462 3562 1518 3612 δέ
1565 3578 1664 3613 που
1691 3561 1805 3613 ἐδο-

266 3652 363 3715 ξεν
393 3652 533 3718 αὐτῷ
564 3652 699 3703 κατὰ
728 3652 889 3719 μέσον
934 3651 1026 3702 τοῦ
1056 3650 1293 3717 ψαλμοῦ,
1338 3651 1430 3702 καὶ
1468 3652 1611 3718 ἄλλῳ
1660 3651 1806 3717 χορῷ

268 3740 603 3809 παραδοῦναι
630 3740 687 3790 τὸ
706 3738 885 3790 λοιπὸν
937 3739 1030 3789 τοῦ
1075 3737 1304 3804 ψαλμοῦ,
1334 3740 1452 3790 τότε
1486 3740 1577 3788 καὶ
1606 3742 1637 3806 ἡ
1689 3739 1806 3789 δια-

264 3826 404 3894 δοχὴ
427 3826 515 3877 τοῦ
545 3826 748 3895 ῥυθμοῦ
781 3826 1017 3877 ἐκαλεῖτο
1054 3825 1349 3893 διάψαλμα.
1409 3825 1596 3893 Ἡμεῖς
1622 3827 1676 3898 δὲ
1705 3827 1807 3887 τὰς

266 3929 331 3963 τε
367 3913 474 3963 τῶν
525 3914 796 3981 προτέρων
829 3912 1116 3979 ὑπολήψεις
1171 3915 1269 3965 οὐκ
1297 3913 1693 3981 ἀποϐάλλομενο
1725 3915 1806 3964 ἐν·

270 4002 468 4071 νοῆσαι
498 4001 552 4053 δέ
585 4018 657 4066 τι,
687 4003 778 4053 καὶ
822 4004 945 4070 παρ’
976 4002 1178 4053 ἑαυτῶν
1218 4003 1350 4073 πρὸς
1379 4003 1473 4072 τὴν
1520 4004 1613 4055 τοῦ
1646 4004 1808 4072 ῥητοῦ
1842 4024 1845 4027 ·

271 4090 551 4159 σημασίαν
583 4086 687 4143 οὐχ’
712 4094 1102 4160 ἀποκνήσομεν.
1142 4092 1403 4161 Τοιαύτην
1434 4090 1523 4146 οὖν
1550 4110 1690 4145 τινα·
1716 4093 1808 4145 τοῦ

266 4180 640 4248 διαψάλματος
668 4181 1028 4250 κατελάϐομεν
1057 4182 1152 4251 τὴν
1181 4183 1433 4247 διάνοιαν,
1462 4184 1541 4234 ὃτι
1594 4186 1811 4252 προϊού-

1892 1794 2008 1842 nor,
2045 1782 2185 1847 quod
2220 1782 2431 1834 animus
2463 1783 2768 1835 moderatus
2799 1793 2851 1835 et
2903 1784 3230 1850 compositus
3261 1799 3420 1851 cxpe-

1891 1869 2056 1920 ditum
2081 1870 2180 1921 iter
2213 1871 2402 1923 habeat
2432 1871 2495 1922 ad
2542 1872 2750 1923 altiora.
2782 1870 3096 1924 Psalterium
3121 1883 3292 1927 autem
3316 1877 3419 1940 ,ἀρ-

1892 1970 2007 2009 cem
2058 1958 2274 2011 chordis
2301 1973 2558 2011 resonans
2615 1975 2708 2026 per
2749 1961 2966 2027 figuram
3004 1975 3199 2028 corpus
3237 1972 3421 2015 osten~

1891 2042 1969 2093 dit
2009 2044 2245 2110 quinque
2294 2045 2559 2108 sensibus,
2594 2056 2645 2097 et
2678 2047 2910 2098 animum
2957 2050 3192 2116 quinque
3251 2050 3418 2104 facul-

1895 2132 2089 2183 tatibus
2137 2132 2435 2198 praeditum,
2492 2149 2717 2201 quarum
2773 2135 2995 2202 singulae
3042 2152 3132 2203 per
3180 2140 3419 2206 singulos

1894 2234 2081 2271 sensus
2125 2217 2296 2271 ofﬁcio
2361 2235 2458 2272 suo
2520 2221 2830 2288 funguntur.
2869 2220 2967 2274 Ubi
3006 2224 3147 2276 enim
3179 2226 3419 2293 singulos

1894 2304 2329 2380 sensus‘singulis
2352 2313 2541 2365 anima:
2564 2313 2900 2367 facultatibus
2926 2319 3417 2380 accommodamus,

1894 2410 1947 2451 et
1989 2400 2053 2451 ad
2110 2416 2263 2454 usum
2322 2416 2488 2454 sacra:
2544 2403 2924 2456 modulationis
2986 2412 3419 2471 attemperamus,

1894 2489 2203 2555 psalterium
2246 2490 2427 2543 decem
2452 2491 2771 2545 chordarum
2814 2490 2920 2544 Deo
2950 2492 3241 2560 efﬁcimur;
3278 2498 3421 2563 quod

1898 2597 1924 2632 a
1950 2583 2101 2637 nobis
2135 2584 2346 2651 quidem
2377 2584 2631 2636 melodice
2661 2582 3041 2647 conformatur,
3073 2586 3163 2638 sed
3195 2601 3223 2637 a
3255 2588 3423 2653 perito

1898 2672 2101 2725 antitice
2155 2683 2340 2726 sancto
2376 2672 2573 2740 Spiritu
2606 2672 2864 2741 pulsatur.
2899 2672 3026 2727 Tale
3062 2683 3236 2727 autem
3282 2677 3421 2742 psal-

1900 2763 2113 2814 terium.
2152 2760 2399 2817 Psalmus
2454 2772 2631 2816 autem
2655 2774 2736 2815 est
2778 2776 2955 2816 sermo
3017 2763 3346 2826 modulatus,
3373 2775 3427 2816 et

1899 2848 2127 2917 hymnus
2158 2853 2223 2902 ad
2258 2851 2423 2905 Deum
2451 2852 2706 2918 directus,
2732 2867 2759 2905 a
2792 2852 3042 2920 psalterio
3074 2853 3426 2906 instrumento

1900 2952 2091 2990 nomen
2137 2938 2373 2993 trahens.
2422 2938 2597 3003 Quare
2637 2940 2739 2992 alia
2773 2940 2986 3007 quidem
3024 2940 3303 2995 Librorum
3336 2956 3423 2992 sa-

1900 3040 2109 3079 crorum
2132 3028 2421 3092 volumina,
2454 3028 2575 3097 quia
2603 3028 2668 3081 ad
2698 3029 2879 3081 tibiam
2915 3043 3021 3082 non
3074 3028 3423 3089 canebantur,

1900 3114 2091 3181 psalmi
2135 3117 2351 3169 nomine
2414 3125 2620 3170 carent.
2669 3116 2836 3171 Porro
2893 3133 3063 3185 neque
3107 3118 3430 3187 diapsalma—

1905 3203 1973 3255 tis
2009 3204 2331 3258 mentionem
2395 3207 2639 3263 omittere
2702 3206 2843 3272 licet.
2898 3208 3226 3273 Quibusdam
3287 3208 3430 3263 enim

1904 3295 2375 3349 commutationem
2408 3310 2620 3361 sensus,
2648 3307 2741 3350 aut
2772 3298 2867 3362 rei,
2896 3308 2988 3351 aut
3009 3314 3249 3367 persona:
3267 3300 3433 3367 signi-

1908 3382 2069 3435 ﬁcare
2095 3384 2357 3437 creditum
2384 3397 2466 3438 est
2491 3386 2788 3454 diapsalma
2813 3404 2826 3452 ;
2861 3387 3177 3455 quibusdam
3210 3403 3328 3442 vero
3351 3389 3434 3442 di-

1908 3472 2137 3525 scrimen
2166 3486 2357 3528 cantus
2385 3474 2672 3542 aliquando
2699 3478 2912 3543 gravius
2941 3479 3259 3530 autacutius
3290 3492 3437 3529 resn-

1912 3564 2107 3615 nantis.
2140 3562 2243 3616 Alii
2266 3565 2471 3626 dicunt,
2520 3563 2770 3619 Davidem
2811 3566 2897 3618 ubi
2925 3565 3154 3634 aliquem
3184 3567 3437 3635 hymnum

1904 3655 2285 3719 composuerit,
2309 3656 2536 3720 aliquem
2555 3670 2585 3707 ο
2602 3656 2780 3708 choris
2802 3665 3081 3709 cantorum
3110 3657 3434 3718 adhibuisse.

1908 3741 2262 3807 eumdemque
2288 3743 2424 3792 inter
2446 3742 2566 3793 illos
2589 3743 2917 3794 modulatum
2952 3757 3092 3796 esse.
3117 3744 3292 3797 Sit-ubi
3313 3762 3437 3797 vero

1907 3827 2076 3877 eidem
2103 3827 2274 3879 visum
2301 3827 2457 3887 fuerit
2479 3827 2753 3880 diffindere
2795 3828 2949 3894 quasi
2979 3830 3259 3895 psalmum,
3313 3848 3437 3899 par-

1915 3918 2133 3977 temque
2152 3911 2411 3977 reliquam
2442 3912 2593 3964 alteri
2618 3912 2825 3965 cuidam
2852 3914 3017 3966 choro
3048 3914 3277 3978 tradere,
3313 3926 3438 3971 tunc

1910 3997 2026 4050 illas
2043 3998 2289 4049 cantandi
2322 3998 2462 4051 vices
2493 3997 2657 4052 fuisse
2684 3999 2974 4068 diapsalma
2998 4002 3304 4068 appellatas.
3329 4002 3436 4056 Nos

1910 4102 2035 4139 vero
2058 4087 2197 4140 sicut
2238 4088 2473 4153 priorum
2528 4088 2860 4157 conjecturas
2886 4104 2991 4142 non
3025 4091 3295 4158 rejieinius
3317 4131 3329 4153 ,
3366 4092 3437 4145 ita

1912 4175 2140 4230 inventis
2223 4177 2422 4243 aliquid
2510 4178 2703 4231 addere
2769 4179 2908 4232 circa
2998 4180 3437 4248 significationun

268 4288 380 4337 σης
411 4272 547 4322 κατὰ
582 4271 641 4322 τὸ
669 4270 955 4323 ἀκόλουθον
980 4272 1076 4339 τῆς
1109 4272 1444 4341 ψαλμῳδίας,
1474 4275 1567 4324 ὲέιν
1596 4291 1676 4333 τις
1700 4274 1810 4339 ὲγέ-
1843 4294 1888 4349 υ

1803 4267 2061 4349 .Dverbi
2120 4282 2224 4319 non
2287 4268 2608 4321 verebimur.
2660 4268 2825 4337 Igitur
2887 4270 3149 4337 ejusmodi
3210 4272 3437 4339 aliquam

266 4374 402 4408 νετο
441 4357 636 4425 μεταξὺ
684 4358 1105 4427 προφητεύοντος
1165 4359 1256 4411 τοῦ
1302 4360 1462 4411 Δαϐιδ
1511 4361 1668 4427 έτέρα
1717 4358 1807 4411 τοῦ

268 4446 438 4512 ἁγίου
459 4446 764 4513 Πνεῦματος
811 4448 930 4501 θεία
964 4450 1241 4518 ἐλλαμψις,
1283 4452 1374 4501 καὶ
1410 4451 1687 4519 προσθήκη
1720 4450 1809 4501 τοῦ

267 4535 421 4588 κατὰ
448 4535 542 4605 τὴν
566 4538 763 4603 γνῶσιν
786 4540 1134 4608 χαρίσματος,
1164 4542 1248 4593 ἐπ’
1275 4541 1508 4610 ὠφελείᾳ
1529 4542 1634 4592 τῶν
1669 4542 1813 4609 δεχο-

270 4626 461 4695 μένων
492 4623 586 4693 τὴν
634 4629 981 4695 προφητείαν,
1020 4631 1231 4698 ὲπέχων
1258 4630 1353 4698 τὴν
1381 4631 1586 4699 φωνὴν,
1628 4630 1815 4698 καιρὸν

264 4715 451 4767 é5£6cu
474 4716 537 4781 τῇ
576 4714 794 4784 διανοίᾳ,
822 4719 1068 4781 δέξασθαι
1102 4721 1207 4773 τῶν
1236 4722 1512 4790 νοημάτων
1546 4722 1641 4790 τὴν
1678 4722 1814 4788 γνῶ-

269 4820 364 4853 σιν
410 4801 513 4852 τῶν
560 4808 852 4871 γινομένων
908 4806 963 4858 ὲν
1020 4810 1163 4877 αὐτῷ
1207 4812 1353 4879 παρά
1403 4810 1503 4877 τῆς
1548 4812 1692 4872 θείας
1733 4810 1814 4862 ex-

264 4889 556 4958 λάμψεως.
597 4894 703 4943 Καὶ
748 4893 931 4963 ὥσπερ
983 4900 1233 4960 πολλάκις
1265 4900 1404 4960 τινὲς
1433 4900 1547 4967 μετ’
1576 4902 1814 4967 ἀλλήλων

261 4976 664 5043 διαλεγόμενοι,
699 4981 753 5030 εἴ
809 4986 967 5036 ποθεν
1010 4987 1179 5055 ἀθρόα
1222 4990 1413 5058 ἦχησις
1459 4992 1575 5050 ταῖς
1630 4991 1815 5051 ἀκοαῖς

265 5065 598 5138 προσϐάλοι,
625 5072 950 5138 παυσάμενοι
992 5076 1083 5127 τοῦ
1138 5078 1314 5143 λόγου,
1357 5079 1491 5147 πρὸς
1535 5081 1623 5130 τὸν
1688 5077 1815 5147 ἦχον

261 5161 342 5223 τῇ
378 5156 584 5223 διανοίᾳ
622 5159 992 5226 συντείνονται,
1021 5166 1211 5233 σχολὴν
1241 5167 1562 5236 παρέχοντες
1592 5168 1655 5219 δι’
1688 5170 1817 5234 ἡσυ-

262 5248 405 5319 χίας
443 5247 512 5315 τῇ
559 5246 713 5315 ἀκοῇ.
738 5247 827 5297 τοῦ
859 5252 1056 5313 γνῶναι
1104 5256 1196 5307 τοῦ
1252 5258 1382 5325 ήχου
1434 5259 1529 5327 τὴν
1568 5256 1813 5325 δύναμιν,

268 5334 402 5391 εἶτα
436 5336 783 5405 παυσαμένης
811 5337 905 5404 τῆς
932 5345 1301 5413 προσηχούσης
1331 5348 1510 5414 φωνῆς
1536 5348 1693 5399 πάλιν
1723 5349 1816 5399 ἁλι

267 5428 470 5498 λήλοις
501 5423 828 5489 διαλέγονται
872 5442 886 5456 °
927 5426 1065 5479 οὕτω
1100 5433 1190 5482 καὶ
1226 5438 1252 5485 ὁ
1286 5435 1455 5501 μέγας
1488 5436 1652 5488 Δαόὶδ
1692 5438 1817 5487 ὑπο-

270 5514 539 5587 φητεύων
571 5512 646 5582 τῷ
670 5513 958 5581 Πνεύματι,
986 5517 1125 5585 ᾇπερ
1178 5539 1232 5572 τε
1271 5523 1478 5592 φθάσας
1516 5525 1702 5592 ἔμαθε,
1736 5526 1813 5577 δι-

606 5606 869 5667 Ριιῐειοι..
916 5609 1003 5669 Gn
1072 5614 1225 5671 ωτι,

1916 4357 2360 4424 signiﬁcationem
2417 4359 2780 4426 diapsalmatis
2830 4358 3299 4428 deprehendimus,
3387 4373 3445 4415 ut

1918 4449 2240 4513 procedente
2302 4462 2366 4500 ex
2426 4449 2614 4501 ordine
2658 4458 2844 4511 cantu,
2898 4450 2943 4502 si
3003 4464 3105 4516 qua
3156 4467 3286 4502 nova
3316 4454 3448 4504 vati-

1916 4536 2116 4589 cinanti
2148 4538 2413 4590 accideret
2445 4539 2609 4590 divini
2642 4537 2872 4606 Spiritus
2898 4539 3222 4591 illuminatio
3250 4551 3301 4591 et
3355 4555 3443 4592 at.-

1916 4628 2085 4680 cessio
2112 4628 2292 4695 gratia:
2324 4629 2661 4680 revelationis
2683 4669 2695 4689 ,
2726 4629 2778 4681 in
2811 4643 2971 4708 usnn}
2991 4643 3176 4681 eorum
3207 4632 3297 4698 qui
3321 4647 3439 4683 auso

1915 4718 2181 4769 cultarent
2206 4717 2560 4784 pr0phetiam,
2593 4718 2680 4770 ille
2706 4717 2927 4769 inhibita
2958 4733 3087 4771 voce
3116 4729 3326 4787 tempus
3356 4723 3445 4773 de-

1916 4805 2052 4857 derit
2098 4805 2277 4857 animo
2335 4820 2463 4867 suo,
2538 4806 2603 4859 ad
2665 4807 3063 4874 percipiendum
3124 4809 3447 4863 intellectum

1916 4896 2293 4962 cogitationum
2311 4936 2324 4957 ,
2350 4911 2483 4961 quas
2511 4896 2830 4949 illuminatio
2859 4896 3038 4949 divina
3062 4898 3114 4950 in
3135 4899 3224 4951 illo
3246 4901 3449 4952 excita-

1918 4988 2027 5038 bat.
2058 4986 2169 5039 Non
2206 5001 2363 5039 secus
2422 4996 2580 5054 atque
2611 4988 2787 5039 solent
2811 4988 2900 5054 qui
2942 4988 3081 5039 inter
3110 5001 3167 5039 se
3192 4986 3449 5039 confabu-

1917 5076 2133 5140 lantur,
2172 5076 2214 5127 si
2259 5076 2382 5142 quis
2431 5091 2595 5127 sonus
2628 5076 2840 5143 gravior
2881 5090 3038 5127 aures
3080 5076 3444 5141 percusserit,

1917 5168 2119 5220 omisso
2154 5181 2399 5219 sermone
2423 5205 2436 5227 ,
2481 5168 2543 5218 ad
2580 5182 2770 5219 sonum
2810 5168 3044 5219 animum
3093 5173 3445 5227 convertunt,

1919 5258 2193 5323 otiumque
2217 5257 2435 5308 auribus
2468 5271 2563 5323 per
2590 5256 2857 5309 silentium
2889 5253 3147 5316 praebent,
3175 5254 3237 5305 ad
3290 5255 3447 5307 intel-

1920 5346 2186 5411 ligendam
2245 5354 2436 5399 cantus
2492 5346 2975 5414 signiﬁcationem;
3017 5358 3143 5396 mox
3175 5359 3302 5396 vero
3328 5359 3445 5397 ees-

1922 5448 2072 5490 sante
2099 5450 2312 5491 cantum
2344 5453 2473 5492 voce
2505 5454 2694 5492 rursus
2724 5434 3054 5501 colloquium
3079 5442 3331 5501 repetunt.
3366 5420 3455 5487 Si-

1922 5527 2141 5580 millime
2175 5544 2396 5595 magnus
2430 5528 2592 5580 David
2623 5539 2803 5579 vocem
2832 5524 3236 5578 accommodam
3275 5522 3453 5593 Spiri-

3043 5616 3118 5674 3’s
