4138 6342
718 313 849 377 1067

1407 305 1789 366 OPUSCULA
1828 299 2447 363 SCRIPTURISTICA
2486 300 2828 361 lNCERT/E
2857 301 3156 363 ETATIS.

3729 301 3869 364 1058

717 423 791 476 tui
822 428 1029 483 sancto,
1062 431 1289 488 quaque
1318 416 1594 480 didicerat,
1630 413 1757 467 dum
1789 412 2054 467 cantionis
2080 426 2246 480 argu-
2277 414 2322 469 Δ
2348 432 2351 459 l

2236 439 2246 451 -
2277 414 2322 469 Δ
2348 410 2491 482 ἐξῄει
2513 415 2578 480 τῇ
2638 410 2869 481 μελῳδίᾳ
2888 428 2899 441 ·
2926 410 3017 462 καὶ
3046 412 3099 463 εί
3121 426 3171 461 τι
3213 408 3410 478 μεταξὺ
3434 408 3600 476 λέγων
3626 409 3870 464 maea—

715 516 951 561 mentum
981 507 1161 559 animo
1202 502 1580 573 praecipiebat,
1622 499 1859 553 carmine
1908 500 2154 565 exponit;
2189 507 2242 552 et

715 596 759 648 si
801 593 928 661 quid
966 594 1101 645 inter
1131 591 1427 646 canendum
1462 589 1688 655 amplius
1728 587 2073 654 percipiebat,
2104 585 2241 639 inhi-

716 684 827 736 bita
880 681 1154 735 harmonia
1204 695 1359 734 aures
1408 678 1715 732 advertebat
1757 676 1981 746 Spiritui
2016 687 2239 742 sancto,

716 771 883 839 perite
912 770 1239 831 succinenti,
1287 776 1343 820 ut
1384 769 1578 836 quibus
1609 767 1809 820 interea
1853 763 2243 819 sensithS'im-

716 849 886 928 pletus
929 858 1099 911 fuerat
1126 896 1141 919 ,
1167 858 1285 910 illos
1314 858 1485 909 denuo
1503 855 1809 923 explicaret.
1832 853 1925 907 Est
1950 853 2111 921 igitur
2126 851 2245 905 dia-

714 950 915 1019 psalma
936 949 1072 1001 inter
1087 948 1407 1007 canendum,
1444 953 1601 1013 atque
1633 946 1684 996 in
1717 944 1833 1012 ipso
1851 941 2110 994 orationis
2137 938 2240 993 llu-

714 1040 856 1092 mine
886 1038 1061 1091 subito
1110 1038 1244 1089 facta
1294 1049 1456 1103 pausa
1492 1034 1557 1086 ad
1606 1030 1996 1100 perceptionem
2037 1031 2241 1097 cogita-

716 1128 875 1180 tionis
902 1126 1149 1178 divinitus
1186 1122 1527 1189 interpositae.
1570 1121 1671 1172 Aut
1703 1118 1998 1186 diapsalnia
2025 1125 2106 1171 est
2144 1120 2240 1171 do-

713 1215 884 1268 ctrina
921 1213 1172 1280 Spiritus,
1209 1207 1825 1275 occultesuperveniens
1848 1208 2025 1259 animo
2048 1244 2063 1267 ,
2092 1204 2238 1274 ejus-

715 1318 818 1371 que
879 1303 1019 1355 circa
1084 1300 1459 1369 cogitationem
1506 1296 1745 1349 eumdem
1796 1293 2100 1352 intentioni,
2132 1308 2238 1359 qua

715 1392 880 1444 series
910 1388 1287 1441 modulationis
1326 1384 1673 1437 abrumtiitur.
1718 1380 1792 1435 Ne
1821 1393 1996 1434 tamen
2044 1382 2237 1448 vulgus

2342 516 2515 563 σκετο,
2541 500 2752 567 ὑπέχων
2783 499 2879 566 τὴν
2914 498 3013 566 τῆς
3043 497 3217 566 ψυχῆς
3255 497 3423 565 ἀκοὴν
3448 496 3523 566 τῷ
3578 497 3867 564 πνεύματι,

2342 583 2515 644 καλῶς
2554 584 2845 651 ένηχοῦντι,
2872 583 2963 635 καὶ
2993 584 3364 648 κατασιγάζων
3389 583 3449 636 τὸ
3480 582 3656 651 μέλος,
3682 578 3755 638 ὧν
3786 580 3861 638 αὖ

2340 672 2548 741 πλήρης
2573 672 2795 739 ἐγίνετο,
2821 671 2988 723 ταῦτα
3024 671 3181 723 πάλιν
3219 670 3435 739 διεξῄει.
3468 672 3648 725 Ἔστιν
3670 672 3760 726 οῦν
3803 672 3871 724 τὸ

2342 761 2612 830 διὰψαλμα
2643 760 2837 830 μεταξὺ
2878 761 2974 826 τῆς
3003 760 3313 829 ψαλμῳδίας
3344 761 3594 829 γινομένη
3640 761 3776 813 κατά
3804 759 3871 814 τδ

2341 851 2529 921 ἀθρόον
2546 852 2893 921 ὑπηρέτησις,
2930 848 3061 916 πρὸς
3084 848 3342 915 ὑποδοχὴν
3357 848 3446 900 τοῦ
3477 847 3658 900 θεόθεν
3684 848 3872 900 tmte-

2340 941 2650 1009 κρινομένου
2696 940 2978 1007 νοήματος.
3014 938 3083 989 ’Ἡ
3125 937 3394 1005 διάψαλμά
3442 938 3585 988 ἐστιν
3620 936 3872 988 διδασκα-

2338 1029 2423 1081 λία
2449 1029 2539 1080 τοῦ
2578 1028 2905 1089 Πνεύματος,
2930 1030 2996 1096 τῇ
3026 1026 3168 1096 ψυχῇ
3196 1026 3330 1079 κατά
3357 1026 3418 1079 τὸ
3445 1026 3741 1095 ἀπόρρητον
3770 1024 3870 1089 ἐγ-

2340 1116 2621 1185 γινομένη,
2650 1115 2745 1183 τῆς
2790 1114 2915 1183 περὶ
2952 1114 3010 1166 τδ
3065 1114 3237 1182 νόημα
3279 1114 3432 1166 τοῦτο
3490 1111 3774 1181 προσοχῆς,
3803 1109 3872 1161 τδ

2342 1205 2553 1272 συνεχὲς
2598 1203 2693 1271 τῆς
2747 1203 3004 1272 μελῳδίας
3049 1201 3498 1271 περικοπτούσης.
3534 1200 3645 1251 ἰνα
3684 1200 3739 1251 δὶ
3785 1198 3870 1266 μὴ

2341 1296 2626 1360 νομίσωσιν
2644 1296 2692 1345 οί
2740 1293 2938 1359 πολλοὶ,
2967 1295 3047 1347 ὅτι
3078 1295 3111 1361 ή
3156 1292 3331 1362 σιωπὴ
3366 1291 3589 1360 σημεῖόν
3610 1291 3723 1342 ἐστι
3766 1288 3869 1341 τοῦ

2340 1382 2726 1434 ἐπιλελοιπέναι
2747 1383 2834 1433 τὸν
2857 1382 3254 1451 προφητεύοντα
3277 1381 3374 1449 τὴν
3397 1378 3492 1432 τοῦ
3520 1379 3673 1445 ἀγίου
3695 1376 3872 1430 Πνεύ-

717 1487 953 1531 autumet
984 1477 1253 1530 silentium
1294 1475 1420 1527 illud
1456 1473 1664 1541 signum
1705 1486 1854 1532 esse,
1902 1470 2045 1538 quod
2072 1471 2240 1523 virtus
2343 1486 2351 1537 ι

2233 1486 2240 1520 ι
2343 1486 2507 1537 ματος
2551 1468 2791 1537 δύναμιν,
2821 1471 3005 1522 τούτου
3038 1470 3195 1539 χάριν
3243 1469 3385 1530 τινὲς
3419 1468 3525 1521 τῶν
3563 1465 3867 1535 ἑρμηνέων,

717 1567 947 1635 Spiritus
966 1566 1132 1619 sancti
1182 1563 1551 1617 vaticinantem
1596 1562 1918 1619 destituerit.
1956 1560 2075 1613 ideo
2101 1573 2240 1613 non-
2339 1559 2351 1609 ί

2234 1585 2240 1599 ι
2339 1558 2456 1610 ἀντὶ
2489 1558 2580 1610 τοῦ
2624 1557 2985 1626 διαψάλματος
3012 1558 3073 1611 τδ
3099 1558 3184 1610 ἀεὶ
3212 1560 3320 1619 τοῖς
3366 1556 3709 1625 διαλείμμασι
3737 1554 3868 1607 τού-

721 1655 851 1708 nulli
896 1656 1243 1721 interpretum
1301 1666 1399 1719 pro
1440 1650 1789 1717 diapsalmate
1828 1648 2240 1702 continuationis
2269 1702 2307 1721 ἢ
2337 1662 2355 1696 1

2234 1664 2240 1700 ι
2269 1702 2307 1721 ἢ
2337 1662 2445 1707 τοις
2474 1646 2832 1715 ἐγγράφουσιν
2858 1661 2873 1676 σ
2909 1646 2982 1710 ὡς
3000 1646 3187 1700 ἀνδιά
3213 1650 3399 1699 τούτου
3433 1645 3705 1714 μάθωμεν,
3724 1645 3805 1696 ὅτι
3827 1646 3868 1712 ἡ

717 1751 895 1796 notam
963 1702 1260 1793 insrerihunt
1309 1738 1607 1792 intervallis
1667 1753 1681 1800 ;
1742 1745 1801 1789 ut
1841 1737 1942 1789 hoc
2000 1736 2233 1790 maxime
2268 1702 2351 1799 Bt

2268 1702 2309 1756 Β
2341 1702 2443 1799 μὲν
2625 1702 2779 1801 ἀγίου
2815 1702 3126 1803 Πνιύματος
3156 1739 3311 1805 χάρις
3359 1702 3703 1805 ⁸’τάντοτίὲἰνξ
3737 1736 3765 1786 6
3804 1702 3868 1787 δέ

717 1830 875 1884 modo
928 1830 1198 1881 discamus
1238 1828 1404 1880 sancti
1484 1827 1695 1895 quidem
1744 1824 1972 1893 Spiritus
2016 1825 2239 1893 gratiam
2340 1823 2351 1873 ί

2237 1844 2239 1875 ι
2340 1822 2646 1891 ἑρμηνεύων
2672 1823 2737 1874 τά
2790 1824 3103 1891 ἐγγινόμενα
3133 1823 3312 1875 θεόθεν
3356 1828 3423 1892 τῇ
3453 1824 3591 1892 ψυχῇ
3621 1825 3871 1891 νοήματα

716 1915 898 1967 nullihi
944 1915 1203 1973 deiicere;
1242 1923 1492 1965 czeterum
1525 1925 1863 1973 sermonem,
1905 1911 2239 1977 interpretem
2337 1910 2350 1960 1

2237 1934 2239 1960 I
2337 1910 2509 1976 λόγος,
2539 1911 2598 1962 οὒ
2625 1912 2847 1963 πάντοτε
2867 1907 2933 1980 ἦν
2955 1926 2969 1942 ο
2999 1911 3132 1963 ἀλλά
3160 1912 3219 1962 τὸ
3252 1912 3348 1979 μιν
3366 1912 3615 1978 ἐξεφώνει
3632 1915 3725 1979 τῆς
3750 1913 3871 1963 δια-

715 2005 963 2067 illorum,
1000 2018 1116 2071 qua:
1141 2001 1398 2058 divinitus
1429 2002 1610 2054 animo
1642 2002 1908 2065 incidunt,
1946 1998 2234 2066 aliquando

714 2093 958 2145 hmsitare
1010 2109 1022 2143 :
1062 2100 1221 2159 atque
1264 2090 1367 2142 alia
1412 2088 1624 2157 quidem
1685 2090 1881 2140 mentis
1914 2086 2082 2148 effari,
2133 2086 2237 2140 alia

710 2181 975 2250 excipere.
1014 2180 1184 2245 Atque
1234 2179 1401 2231 donec
1451 2176 1645 2227 cil‘atur
1696 2187 1922 2237 sensus,
1957 2174 2047 2240 qui
2080 2172 2235 2225 intel-

711 2270 868 2324 lectui
927 2266 1331 2335 imprimuntur,
1389 2264 1575 2318 ordine
1623 2261 1858 2315 succedit
1913 2259 2232 2324 modulatio;

709 2360 917 2428 quoties
960 2366 1136 2410 autem
1207 2353 1489 2408 sublimius
1533 2360 1588 2405 et
1630 2350 1867 2404 divinius
1901 2349 2027 2418 quid
2064 2363 2238 2402 ὀυτος

710 2449 901 2503 mentis
941 2448 1338 2507 circumsonat,
1384 2442 1610 2496 inhibito
1642 2444 1836 2504 cantu“,
1882 2449 2139 2503 totusest
2182 2441 2237 2492 in

710 2532 992 2588 audiendo.
1046 2531 1291 2584 Inter-nus
1370 2529 1530 2598 igitur
1598 2529 1766 2582 sancti
1844 2526 2093 2594 Spiritus,
2148 2526 2237 2577 illo

710 2626 829 2693 ipso
887 2619 1092 2675 silentii
1156 2628 1395 2686 tempore
1455 2618 1506 2671 in
1567 2617 1656 2670 illo
1710 2617 2010 2684 loquentis,
2058 2627 2236 2669 sermo

708 2713 869 2767 etiam
905 2709 1183 2762 intervalla
1231 2707 1319 2761 illa
1363 2704 1727 2761 continuabat.
1763 2703 2103 2758 Intervallum
2137 2718 2237 2756 au-

705 2813 809 2856 tem
858 2803 1051 2868 ipsum“
1078 2796 1459 2865 interpretibus
1510 2794 1804 2863 diapsalma
1834 2801 2080 2846 vocatum
2122 2801 2224 2847 est.

706 2891 1009 2959 Iiiapsalma
1057 2897 1236 2943 tamen
1290 2901 1393 2940 non
1447 2900 1689 2954 pausam,
1724 2885 1818 2938 sed
1866 2883 1876 2894 ’
1960 2882 2232 2949 ~nirationis

2336 2000 2499 2061 νοίας,
2536 1999 2595 2051 τὸ
2617 1999 2671 2051 δὲ
2701 1999 2998 2067 ὑπεδέχετο.
3039 2000 3123 2051 Ἑν
3147 1992 3190 2065 ᾧ
3224 2000 3320 2064 μὲν
3356 1998 3463 2067 γὰρ
3486 1999 3766 2066 ἐξηγόρευε
3793 2001 3873 2051 τὰ

2336 2086 2706 2139 ἐντυπωθέντα
2760 2090 2822 2156 τῇ
2872 2088 3079 2157 διανοίᾳ
3116 2088 3377 2156 νοήματα,
3406 2087 3595 2157 προῄει
3617 2088 3681 2139 δι’
3736 2088 3873 2140 ἀκο-

2335 2174 2519 2228 λούθου
2557 2176 2911 2245 ήψαλμῳδία·
2944 2177 2991 2229 εί
3034 2176 3091 2229 δέ
3123 2193 3171 2226 τι
3194 2176 3299 2227 τῶν
3345 2176 3621 2245 θειοτέρων
3648 2179 3741 2244 τήν
3762 2180 3872 2243 τῆς

2333 2265 2505 2333 ψυχῆς
2542 2265 2706 2335 ἀκοὴν
2739 2267 3085 2334 περιήχησεν,
3117 2267 3234 2328 ὅλος
3283 2266 3380 2332 τῆς
3424 2266 3730 2334 ἀκροάσεως
3768 2261 3868 2333 ἧν.

2335 2355 2709 2419 κατασιγάςων
2740 2355 2799 2407 τὸ
2834 2354 3009 2423 μέλος.
3059 2356 3166 2407 ’Διὶ
3187 2355 3362 2406 τοίνυν
3385 2354 3476 2407 τοῦ
3508 2354 3660 2421 ἀγίου
3689 2353 3869 2407 Πνεῦ-

2337 2459 2518 2510 ματος,
2548 2444 2639 2495 καὶ
2688 2442 2836 2511 παρά
2874 2444 2963 2495 τὸν
3003 2443 3101 2511 τῆς
3138 2443 3342 2510 σιωπῆς
3374 2443 3578 2512 καιρὸν,
3603 2444 3661 2494 ἐν
3712 2442 3872 2512 αὐτῷ

2333 2532 2613 2592 λαλοῦντος
2658 2533 2686 2583 ό
2711 2533 2864 2599 λόγος
2902 2534 2958 2584 ἐν
3010 2530 3386 2601 διαλείμμασιν
3411 2528 3479 2601 ἦν
3508 2548 3521 2562 ·
3556 2533 3614 2583 τὸ
3654 2532 3709 2584 δὲ
3739 2531 3871 2583 διὰ-

2333 2619 2535 2688 λειμμα
2582 2621 2730 2687 παρὰ
2774 2621 2879 2672 τῶν
2927 2621 3204 2689 ἑρμηνέων
3228 2621 3513 2689 ὠνομάσθη
3562 2620 3866 2689 διάψαλμα.

2333 2708 2453 2761 Ὅτι
2498 2709 2553 2760 δέ
2594 2709 2861 2774 θειοτέρας
2901 2709 3177 2771 ἐπιπνοίας
3218 2710 3461 2772 ἐπίτασίς
3504 2711 3617 2761 ἐστι
3644 2709 3701 2762 τὺ
3740 2708 3868 2761 διά-

2336 2799 2538 2867 ψαλμα,
2566 2798 2805 2850 ἐντεῦθεν
2854 2799 2919 2850 ἀν
2966 2814 3045 2860 τις
3094 2798 3315 2852 κατίδοι.
3352 2799 3436 2851 Ἐν
3463 2799 3568 2869 γάρ
3607 2800 3672 2867 τῇ
3714 2799 3868 2867 ἀρχῇ

2337 2887 2425 2938 τοῦ
2455 2888 2636 2956 τρίτου
2663 2885 2874 2955 ψαλμοῦ
2907 2884 3002 2946 τὰς
3048 2886 3247 2949 οἰκείας
3302 2888 3577 2957 συμφορὰς
3618 2890 3647 2939 6
3698 2885 3873 2939 Δαϐὶδ

706 2981 897 3033 divina:
938 2979 1293 3033 intensionem
1331 2990 1450 3030 esse
1473 3015 1488 3039 ,
1533 2976 1615 3028 vel
1647 2976 1767 3027 inde
1800 2989 1921 3041 quis
1952 2972 2226 3041 intelligat.
2257 2998 2297 3057 ο
2332 2997 2340 3026 ι

2257 2998 2297 3057 c
2332 2977 2666 3046 ὀλοφύρεται,
2692 2976 2785 3028 καὶ
2834 2974 3250 3043 διαπορούμενος
3304 2976 3487 3044 λέγει,
3518 2994 3537 3028 ι
3575 2976 3771 3047 Κύριε,
3802 2977 3868 3027 τί

703 3065 862 3122 Initio
894 3067 1035 3120 enim
1090 3065 1279 3133 psalmi
1331 3063 1504 3126 tertii,
1551 3062 1677 3114 dum
1718 3060 2037 3114 domesticas
2086 3061 2228 3113 cala-

708 3156 918 3209 mitates
945 3153 1111 3207 David
1163 3152 1434 3221 deplorat,
1478 3151 1634 3217 inops
1664 3149 1871 3203 consilii
1904 3149 2144 3215 queritur
2197 3164 2211 3199 :

710 3241 949 3304 Domine,
982 3238 1110 3307 quid
1144 3238 1473 3306 multiplicati
1506 3246 1631 3290 sunt
1674 3238 1763 3302 qui
1805 3235 2059 3287 trihulant
2108 3235 2231 3288 me?

707 3327 764 3378 In
800 3326 977 3379 medio
1004 3334 1182 3379 autem
1216 3326 1421 3393 hymni,
1465 3338 1530 3376 eo
1560 3326 1673 3390 ipso
1704 3324 1754 3374 in
1800 3323 1917 3375 loco
1962 3338 2070 3389 quo
2111 3323 2227 3375 dia-

705 3412 912 3480 psalma
959 3419 1169 3474 exstat,
1231 3411 1543 3463 contlrmato
1579 3411 1759 3461 animo
1790 3409 2047 3476 gloriatur
2076 3408 2232 3475 quasi

707 3501 929 3554 salutem
973 3513 1124 3553 suam
1191 3498 1365 3551 oculis
1408 3506 1697 3552 cerneret:
1741 3516 1757 3547 ‹
1800 3496 1910 3564 Ego
1975 3496 2222 3561 dormivi,

706 3588 994 3650 exclamat,
1042 3599 1095 3639 et
1154 3595 1436 3653 saporatus
1479 3601 1631 3647 sum,
1679 3595 1731 3637 et
1780 3586 2060 3638 exsurrexi
2103 3587 2228 3653 quia

707 3677 958 3730 Dominus
1006 3678 1246 3742 suscepit
1279 3691 1381 3729 me.
1427 3693 1444 3726 ι
1485 3674 1609 3727 Haec
1647 3674 1718 3727 ita
1777 3674 1990 3741 quidem
2053 3676 2230 3729 hacte-

706 3782 828 3820 nus.
858 3765 1078 3817 Alleluia
1111 3776 1289 3818 autem
1336 3765 1448 3818 laus
1490 3764 1580 3816 Det
1619 3765 1919 3833 exponitur.
1957 3766 2047 3818 Est
2078 3767 2216 3819 enim

704 3856 861 3907 auctu
906 3854 1042 3915 laus,
1078 3864 1131 3907 et
1185 3855 1237 3905 ia
1291 3853 1445 3907 Deus.
1487 3852 1661 3916 Quare
1723 3868 1818 3921 pro
1851 3853 1958 3916 illo,
1991 3851 2226 3908 Laudate

703 3941 979 3994 Dominum
1016 3943 1136 4009 quia
1194 3941 1351 3993 bonus
1406 3951 1480 3994 est
1519 3940 2053 4007 psalmus;Alleluia,
2101 3944 2223 4010 quia

706 4035 863 4085 bonus
908 4042 985 4085 est
1034 4033 1299 4098 psalmus,
1355 4030 1709 4101 Symmachus
1741 4034 1930 4085 reddit.
1982 4033 2226 4085 Psalmus

706 4132 883 4173 autem
937 4128 989 4171 et
1040 4120 1141 4171 oda
1192 4119 1475 4181 differunt;
1526 4120 1667 4185 quod
1715 4121 1951 4184 psalmus
2014 4120 2224 4185 quidem

707 4222 882 4263 sermo
920 4207 1168 4261 musicus
1225 4216 1306 4261 est
1360 4216 1621 4274 quatenus
1684 4208 1953 4259 modulate
1999 4222 2061 4259 ex
2116 4208 2226 4272 lege

2335 3063 2734 3133 ἐπληθύνθησαν
2776 3063 2824 3114 oi
2856 3060 3121 3124 θλίόοντές
3154 3079 3219 3130 με
3249 3079 3264 3128 ;
3306 3081 3323 3115 ι
3359 3065 3485 3134 περὶ
3516 3064 3584 3117 τά
3611 3065 3747 3133 μέσα
3793 3064 3864 3116 δέ

2334 3168 2432 3203 που
2480 3149 2572 3201 τοῦ
2622 3148 2869 3218 ψαλμοῦ,
2915 3148 3039 3201 ενθα
3080 3149 3266 3203 καὶτὸ
3311 3150 3586 3221 διάψαλμα
3631 3154 3800 3205 κειται
3842 3189 3864 3215 ,

2334 3239 2561 3311 θάρρους
2620 3238 2979 3309 ἀναπλησθεὶς
3034 3239 3254 3292 πέποιθε
3316 3242 3409 3295 καὶ
3483 3242 3861 3311 παρρησιάζε-

2333 3344 2441 3390 ται,
2475 3328 2570 3396 τὴν
2606 3329 2794 3380 ἑαυτοῦ
2840 3327 3106 3395 σωτηρίαν
3138 3327 3321 3396 ὥσπερ
3365 3329 3523 3397 ὁρῶν,
3555 3330 3648 3382 καὶ
3706 3330 3801 3397 βοᾷ
3839 3345 3859 3361 ο

2340 3432 2357 3465 ι
2391 3412 2531 3480 Ἐγὼ
2551 3414 2844 3483 ἐκοιμήθην
2867 3415 2958 3465 καὶ
2988 3413 3226 3479 ῦπνωσα,
3272 3414 3583 3483 ἐξηγέρθην,
3631 3416 3708 3465 ὅτι
3738 3415 3861 3466 Κύ-

2335 3518 2447 3568 ριος
2505 3498 2848 3567 ἀντιλήψεταί
2884 3515 3008 3567 μου.
3042 3517 3059 3549 ›
3094 3501 3201 3551 Καὶ
3225 3500 3393 3552 ταῦτα
3424 3500 3517 3566 μὲν
3543 3499 3725 3561 οὕτως.
3778 3501 3864 3551 Τὸ

2332 3589 2385 3641 δὲ
2420 3588 2700 3658 ἀλληλούῖα
2741 3585 2883 3652 αϊνος
2907 3590 3040 3641 Θεοῦ
3090 3588 3437 3659 ἑρμηνεύεται
3462 3607 3476 3619 '
3516 3588 3627 3640 ἔστι
3659 3591 3760 3657 γὰρ
3788 3589 3863 3641 τὸ

2337 3679 2452 3746 μὲν,
2487 3677 2732 3747 ἀλληλοὺ,
2768 3674 2911 3740 αἶνος
2938 3693 2952 3709 ο
2984 3678 3042 3730 τὸ
3090 3679 3146 3730 δὲ
3179 3678 3255 3738 ία,
3284 3676 3431 3740 Θεός.
3467 3676 3553 3729 Διὺ
3598 3678 3689 3730 καὶ
3732 3678 3863 3729 ἀντὶ

2332 3766 2691 3830 τοῦ,ιΑίνεῖτε
2714 3768 2801 3818 τὸν
2817 3768 3014 3835 Κύριον
3039 3768 3117 3819 ὅτι
3147 3768 3340 3833 ἀγαθὸν
3359 3767 3644 3836 ψαλμὸς,η
3668 3765 3864 3834 Ἀλλη-

2330 3853 2477 3905 λούῖα
2507 3854 2587 3905 ὅτι
2614 3854 2811 3920 ἀγαθὸν
2834 3853 3060 3921 ψαλμὸς,
3076 3874 3092 3904 ο
3118 3858 3145 3907 6
3168 3854 3453 3925 Σύμμαχος
3474 3855 3861 3908 τέθεικε.Ψαλο

2334 3942 2428 4008 μὸς
2463 3942 2517 3994 δὲ
2547 3942 2638 3994 καὶ
2666 3942 2776 4011 ᾠδὴ
2824 3942 3063 4012 διαφέρει
3088 3959 3103 3974 ο
3126 3945 3204 3996 δτι
3246 3945 3274 3996 6
3318 3944 3416 4011 μὶν
3459 3944 3666 4013 ψαλμδς
3696 3944 3861 4010 λόγος

2332 4034 2445 4085 ἐστὶ
2490 4033 2760 4100 μουσικὸς,
2790 4034 2914 4085 ὅταν
2973 4033 3249 4102 εὐρύθμως
3283 4034 3419 4084 κατά
3450 4034 3571 4095 τοὺς
3622 4034 3855 4100 ἁρμονι-

2330 4120 2453 4179 κοὺς
2482 4120 2666 4184 λόγους
2710 4119 2842 4186 πρὸς
2875 4119 2932 4169 τὸ
2962 4119 3188 4186 ὄργανον
3230 4120 3489 4189 κρούηται
3511 4134 3525 4149 ·
3554 4120 3590 4187 ἡ
3635 4120 3691 4170 δὲ

2329 4208 2478 4275 φωνή
2500 4210 2641 4259 ἐστιν
2670 4208 2927 4276 ἐμμελὴς,
2960 4208 3304 4276 ἀποδιδομένη
3330 4209 3657 4277 ἐναρμονίους
3677 4209 3857 4277 χωρὶς

709 4294 922 4347 musica:
952 4308 1153 4361 organo
1207 4294 1479 4361 adstrcpit.
1539 4293 1648 4345 Oda
1719 4301 1895 4345 autem
1972 4305 2072 4341 vox
2144 4299 2225 4343 est
2262 4304 2343 4355 [)1

2223 4331 2225 4339 ν
2262 4304 2300 4355 ι)
2329 4295 2423 4362 τῆς
2457 4295 2793 4363 συνηχήσεως
2830 4296 2919 4346 τοῦ
2950 4296 3176 4362 ὀργάνου
3208 4312 3223 4326 '
3262 4297 3398 4347 ῶστε
3437 4296 3617 4363 ἐπειδὴ
3645 4296 3857 4363 ψαλτή-

599 4442 621 4452 ,,
706 4382 974 4437 modulata
1038 4397 1260 4437 numero
1320 4390 1373 4435 et
1429 4381 1707 4434 harmonia
1764 4388 2038 4441 constans,
2101 4378 2223 4431 abs-

705 4487 810 4538 que
846 4482 1104 4523 concentu
1151 4470 1355 4537 organi.
1412 4469 1586 4532 Quare
1640 4467 2072 4535 quandoquidem
2108 4480 2227 4518 eer-

705 4562 846 4627 poris
893 4560 1062 4613 nostri
1122 4561 1365 4612 machina
1434 4572 1526 4627 per
1591 4558 1995 4611 similitudinem
2073 4556 2226 4609 audit

705 4647 1030 4714 psalterium,
1065 4648 1145 4700 vel
1169 4662 1430 4716 organum
1466 4661 1530 4699 ex
1558 4647 1669 4714 lege
1702 4645 1918 4698 musicae
1953 4644 2017 4697 ad
2045 4643 2223 4698 laudes

704 4732 794 4784 Dei
821 4735 1166 4799 compositum
1193 4750 1208 4797 ;
1267 4749 1369 4786 non
1399 4744 1597 4787 temere
1630 4737 1756 4800 ipsa:
1787 4735 1946 4785 etiam
1978 4723 2221 4799 corporis

706 4823 975 4883 actiones,
1017 4839 1134 4889 quae
1178 4825 1229 4875 in
1293 4824 1550 4877 honorem
1586 4824 1675 4876 Dei
1710 4825 2075 4890 suscipiuntur
2129 4838 2224 4890 per

706 4912 969 4978 psalmum
1013 4912 1408 4978 intelligantur;
1448 4912 1662 4977 quando
1703 4928 1731 4965 a
1782 4915 1986 4965 ratione
2034 4914 2222 4965 modu-

707 4999 797 5052 lati
827 5008 878 5053 et
924 4999 1245 5066 compositi,
1298 5000 1427 5051 nihil
1458 5012 1644 5065 prater
1686 5003 1897 5053 modum
1938 5012 1987 5053 et
2037 5018 2222 5055 nume-

706 5102 824 5141 rum
859 5088 993 5140 intra
1040 5088 1286 5141 animum
1328 5088 1684 5155 designemns.
1728 5089 1823 5139 l'or
1864 5090 2018 5143 odam
2066 5106 2214 5156 vero,

708 5190 1035 5245 quaecunque
1094 5178 1159 5229 ad
1208 5178 1402 5229 nudam
1436 5178 1931 5244 contemplationem
1965 5189 2055 5232 ant
2100 5195 2221 5234 ora-

707 5264 903 5316 tionem
962 5265 1026 5317 de
1075 5264 1181 5318 Deo
1240 5266 1521 5333 pertinent.
1590 5264 1659 5316 Ita
1726 5267 1935 5333 quidem
1997 5282 2221 5335 magnus

705 5349 948 5408 Basilius.
1010 5352 1189 5408 Frater
1251 5368 1423 5408 autem
1465 5355 1579 5421 eius
1620 5356 1903 5423 Gregorius
1951 5372 2042 5423 per
2084 5358 2221 5423 psal-

704 5451 845 5489 mum
893 5442 1045 5493 vitam
1080 5454 1315 5499 nostram
1361 5444 1635 5509 intelligit,
1672 5459 1774 5494 non
1805 5445 2005 5497 levibus
2049 5456 2099 5497 et
2125 5447 2219 5499 ab-

709 5520 866 5588 iectis
896 5528 1007 5579 sive
1058 5533 1280 5583 terrenis
1321 5533 1501 5595 Senis,
1558 5532 1655 5582 hoc
1698 5541 1776 5583 cst
1812 5532 2217 5598 cogitationibus

2330 4399 2438 4450 ptov
2478 4382 2768 4450 τροπικῶς,
2804 4383 2894 4434 καὶ
2922 4382 3143 4450 δργανον
3187 4383 3523 4451 ἡρμοσμένον
3577 4384 3856 4450 μουσικῶς

2327 4474 2401 4532 είς
2425 4472 2619 4538 ῦμνους
2640 4470 2769 4523 Θεοῦ
2791 4470 2929 4540 ἢτοῦ
2945 4472 3186 4539 σώματος
3204 4472 3359 4540 ἡμῶν
3373 4475 3484 4523 ἐστι
3507 4475 3810 4542 κατασκευή
3832 4490 3853 4505 ο

2326 4560 2554 4627 νοηθεῖεν
2569 4559 2634 4612 ἂν
2663 4560 2754 4610 καὶ
2778 4558 2985 4627 ψαλμὸς
3009 4560 3062 4612 αἱ
3086 4560 3172 4611 διά
3195 4559 3287 4611 τοῦ
3334 4561 3575 4628 σώματος
3601 4561 3851 4630 πράξεις,

2326 4652 2376 4701 αἱ
2401 4651 2477 4710 είς
2504 4648 2658 4711 δόξαν
2690 4650 2820 4702 Θεοῦ
2845 4650 3218 4717 ἀποδιδόμεναι
3245 4665 3259 4680 ’
3286 4649 3411 4701 ὅταν
3435 4649 3540 4704 ὑπὸ
3568 4653 3658 4703 τοῦ
3688 4652 3854 4719 λόγου

2324 4742 2671 4810 ἡρμοσμένοι,
2732 4738 2893 4807 μηδὲν
2937 4738 3158 4805 ἐκμελὲς
3220 4739 3558 4807 ἀποτελῶμεν
3628 4742 3684 4793 ἐν
3732 4744 3855 4805 τοῖς

2325 4831 2634 4897 κινήμασιν.
2672 4829 2793 4897 ’ῼδὴ
2849 4828 2904 4879 δέ
2951 4829 3047 4879 ὅσα
3078 4827 3301 4897 θεωρίας
3347 4828 3519 4898 ἔχεται
3547 4831 3703 4900 ψιλῆς
3749 4834 3859 4885 καὶ

2325 4918 2613 4983 θεολογίας.
2652 4916 2757 4967 Καὶ
2798 4915 2935 4965 οὕτω
2968 4916 3062 4983 μὲν
3099 4917 3125 4965 6
3152 4916 3319 4983 μέγας
3363 4918 3650 4981 Βασίλειος.
3696 4920 3753 4971 '0
3785 4919 3856 4971 δὲ

2324 5006 2539 5072 ἁδελφὸς
2566 5004 2727 5057 αὑτοῦ
2752 5004 3040 5071 Γρηγὸριος
3063 5004 3268 5073 ψαλμὸν
3299 5007 3395 5075 μὲν
3416 5011 3522 5061 νοεῖ
3542 5008 3627 5060 τὸν
3654 5010 3855 5077 ἡμέτε-

2325 5114 2412 5165 ρον
2444 5096 2573 5164 βίον,
2613 5095 2685 5164 μὴ
2734 5096 2841 5153 τοῖς
2892 5093 3091 5161 γηῖνοις
3139 5095 3407 5164 φθόγγοις,
3442 5099 3680 5150 τουτέστι
3715 5099 3851 5164 vr!)-

2327 5203 2457 5251 μασι
2488 5184 2908 5253 περιηχούμενον
2940 5201 2952 5213 '
2985 5184 3119 5236 ἀλλὰ
3150 5186 3378 5255 καθαρὸν
3406 5190 3495 5239 καὶ
3526 5188 3851 5252 ἐξακουστον

2322 5274 2383 5324 ἐκ
2410 5272 2515 5324 τῶν
2568 5272 2770 5323 ἀνωθεν
2808 5271 2896 5321 καὶ
2939 5270 3197 5339 οὐρανίων
3245 5275 3330 5325 τὸν
3379 5270 3506 5343 ἦχον
3540 5274 3853 5342 ἀπεργαζό-

2324 5377 2500 5428 μενον·
2536 5360 2674 5429 ῲδὴν
2702 5360 2775 5419 δὲ,
2810 5360 2905 5427 τὴν
2942 5361 3060 5428 περὶ
3092 5362 3148 5412 τὸ
3178 5364 3489 5430 φαινόμενον
3513 5360 3852 5429 εὐσχημοσύ-

2320 5468 2431 5516 νην.
2454 5444 2773 5515 Καίφησιν,
2807 5449 2884 5498 ὃτι
2915 5448 3094 5517 ῶσπερ
3117 5452 3292 5503 ἐκτῶν
3306 5451 3572 5519 μουσικῶν
3600 5450 3849 5519 ὀργάνων

2323 5536 2475 5601 μόνος
2495 5536 2520 5584 6
2546 5530 2675 5601 ἦχος
2701 5532 2796 5600 τῆς
2840 5534 3093 5603 μελῳδίας
3124 5538 3447 5607 προσπίπτει
3482 5538 3599 5596 ταῖς
3628 5538 3847 5599 ἀκοαῖς,
