4138 6342
701 340 828 403 1071

1419 345 1802 406 OPUSCULA
1842 345 2456 405 SGRIPTURISTICA
2493 347 2831 405 INCERT/E
2873 349 3173 407 lETATIS.

3728 350 3867 412 1072

701 445 994 499 molestiam
1046 451 1138 498 aut
1183 459 1475 498 aerumnam
1521 447 1730 501 facilius
1787 446 1943 500 lerat.
1993 444 2242 510 Quando-
2270 455 2312 506 Α

2227 471 2242 484 -
2270 455 2312 506 Α
2343 445 2558 515 ᾄσματα
2588 449 2634 498 οἱ
2661 449 2906 516 δαίμονες
2933 452 3234 516 εἰσάγοντες
3261 450 3468 504 ἅπαντα
3498 453 3861 524 ἀκρατρὲπωσι,

699 537 911 603 quidem
948 549 1074 602 ergo
1102 533 1213 586 haec
1246 535 1487 602 voluptas
1517 535 1650 588 adeo
1699 535 1913 602 propria
1943 542 2025 587 est
2059 535 2238 586 animo

702 636 920 684 nostro,
962 637 1026 674 ne
1084 624 1352 676 daemones
1395 623 1626 677 inductis
1672 624 1920 676 cantibus
1961 624 2237 676 amatoriis

702 723 756 767 et
812 712 1123 765 meretriciis
1175 711 1352 764 omnia
1408 720 1744 779 pervertant,
1798 713 2035 780 psalmos
2084 713 2238 780 quasi

701 800 1156 870 propugnaculum
1202 799 1398 867 obiecit
1442 800 1546 853 illis
1594 799 1751 863 Deus,
1793 801 1925 853 adeo
1955 810 2011 852 ut
2041 815 2125 853 res
2153 801 2238 853 illa

701 891 860 945 simul
897 902 948 943 et
992 889 1238 958 voluptas
1285 897 1333 941 et
1363 889 1566 942 utilitas
1595 889 1667 942 sit
1723 903 1752 941 a
1803 889 1998 956 Spiritu
2051 899 2242 942 sancto

703 977 955 1047 profecta,
1001 979 1091 1046 qui
1142 979 1192 1030 in
1254 977 1486 1031 animam
1538 978 1642 1032 tale
1689 978 1889 1045 aliquid
1933 986 2236 1028 cantantem

701 1070 942 1122 celeriter
971 1068 1114 1120 illabi
1152 1068 1300 1121 solet.
1342 1067 1629 1134 Postquam
1666 1069 1806 1119 enim
1845 1065 2074 1134 Spiritus
2112 1081 2238 1119 san-

700 1165 817 1210 ctus
862 1158 1154 1209 humanum
1184 1171 1351 1224 genus
1380 1155 1718 1208 intractabile
1747 1155 1878 1208 vidit
1907 1155 2144 1207 hortanti
2174 1154 2238 1205 ad

699 1247 973 1307 virtutem,
1002 1259 1207 1312 nosque
1254 1246 1398 1312 ipsos
1431 1246 1609 1298 studio
1643 1244 1929 1312 voluptatis
1961 1254 2116 1298 recta:
2145 1243 2240 1295 viae

703 1335 1129 1402 negligentior-es,
1152 1340 1414 1400 praerepta
1434 1332 1643 1384 virtutis
1666 1332 1928 1384 suavitate
1950 1328 2244 1382 harmonia:

702 1421 856 1488 quasi
911 1420 1250 1473 condimento
1287 1417 1470 1485 aliquo
1523 1416 1853 1484 temperavit,
1909 1425 1968 1468 ut
2031 1423 2243 1482 propter

704 1509 926 1576 gratiam
962 1519 1012 1561 et
1042 1507 1358 1560 suavitatem
1396 1506 1704 1567 auditionis,
1751 1505 2008 1558 orationis
2045 1505 2244 1556 utilita-

705 1607 809 1649 tem
846 1595 997 1648 inscii
1031 1594 1454 1645 admitteremus.
1484 1592 1704 1644 Perinde
1733 1606 1794 1643 ac
1817 1593 2100 1657 prudentes
2131 1605 2238 1642 me-

705 1684 828 1746 dici,
869 1682 1082 1749 quando
1111 1681 1301 1732 acerba
1331 1689 1422 1731 aut
1450 1695 1631 1732 amara
1665 1680 2045 1731 medicamenta
2075 1694 2242 1746 {egro-

2336 537 2460 596 τοὺς
2484 535 2724 604 ψαλμοὺς
2748 539 2925 598 αὐτοῖς
2955 539 3282 607 ἐπετείχισεν
3316 541 3344 592 6
3372 539 3498 602 Θεός
3517 558 3531 572 ο
3563 543 3698 594 ὥστε
3727 543 3867 612 ὁμοῦ

2335 623 2393 675 τὸ
2431 625 2656 694 πρᾶγμα
2684 627 2776 677 καὶ
2805 627 2991 695 ἡδονὴν
3019 629 3110 679 καὶ
3137 628 3400 694 ὠφέλειαν
3429 625 3560 681 εἶναι
3588 631 3680 682 τοῦ
3707 632 3866 697 ἁγίου

2337 713 2662 780 Πνεύματος.
2699 717 2761 782 τῇ
2797 714 3015 767 τοιαῦτα
3041 716 3307 786 ψαλλούσῃ
3345 717 3485 787 ψυχῇ
3519 720 3722 787 ταχέως
3766 722 3872 786 ἐφ-

2347 802 2659 870 ιπταμένου.
2703 802 2786 864 Ὠς
2804 803 2910 873 γὰρ
2931 805 3159 874 εἴρηται,
3187 807 3402 858 ἐπειδὰν
3422 804 3525 858 εῐδε
3555 807 3613 859 τὸ
3647 809 3870 875 Πνεῦμα

2335 891 2394 941 τὸ
2424 891 2574 958 ἂγιον
2603 892 2911 960 δυσάγωγον
2941 897 3074 963 πρὸς
3101 899 3196 964 τὴν
3235 895 3431 964 ἀρετὴν
3478 896 3538 947 τὸ
3575 897 3726 962 γένος
3767 897 3869 948 άν-

2337 977 2582 1043 θρὼπων,
2629 980 2719 1031 καὶ
2767 981 2854 1033 διὰ
2901 984 2962 1033 τὸ
3011 983 3146 1052 πρδς
3196 983 3384 1052 ἡδονὴν
3425 983 3740 1052 ἐπιρῤεπὲς,
3771 982 3870 1035 τοῦ

2335 1066 2491 1135 ὀρθοῦ
2517 1068 2628 1134 βίου
2659 1069 3089 1138 καταμελοῦντας
3113 1072 3276 1139 ἡμᾶς,
3305 1071 3366 1122 τδ
3392 1073 3454 1122 ἐκ
3479 1071 3575 1138 τῆς
3605 1072 3870 1138 μελῳδίας

2337 1155 2564 1224 τερπνὸν
2603 1160 2711 1218 τοῖς
2754 1157 3011 1224 δόγμασιν
3047 1159 3431 1226 ἐγκατέμιξεν·
3460 1159 3545 1210 ἶνα
3572 1160 3648 1225 τῷ
3695 1175 3873 1227 προσ-

2285 1306 2288 1310 ,
2336 1245 2454 1308 ηνεῖ
2483 1244 2572 1295 καὶ
2604 1243 2728 1312 λείῳ
2762 1245 2858 1313 τῆς
2882 1247 3046 1314 ἀκοῆς
3074 1247 3136 1298 τὸ
3173 1247 3235 1298 ἐκ
3268 1247 3375 1298 τῶν
3405 1246 3574 1312 λόγων
3597 1247 3874 1313 ὠφέλιμον

2338 1330 2695 1395 λανθανόντως
2741 1334 3118 1402 διαδεξώμεθα.
3165 1338 3274 1389 Καὶ
3329 1335 3576 1404 καθάπερ
3617 1338 3665 1387 οἱ
3709 1334 3873 1400 σοφοὶ

2339 1417 2444 1469 τῶν
2483 1419 2678 1488 ίατρῶν
2724 1419 2792 1472 τὰ
2823 1422 3189 1491 αὐστηρότερα
3221 1423 3309 1475 καὶ
3340 1424 3508 1491 πικρά
3543 1423 3648 1473 τῶν
3677 1421 3878 1488 ἀλεξη-

2337 1505 2538 1574 τηρίων
2567 1507 2862 1575 φαρμάκων
2899 1509 3069 1562 πίνειν
3096 1509 3357 1572 διαδόντες
3391 1512 3503 1572 τοῖς
3533 1509 3879 1579 ἀρρωστοῦει

2340 1593 2432 1646 καὶ
2467 1597 2786 1661 κακοσίτοις,
2821 1598 3053 1666 εὔληπτα
3097 1600 3266 1651 ταῦτα
3297 1599 3526 1663 ποιοῦσι,
3557 1605 3620 1669 τῇ
3650 1598 3742 1651 τοῦ
3774 1600 3879 1665 μέ-

2341 1679 2479 1739 λιτος
2504 1681 2658 1749 ἡδονῇ
2686 1685 3104 1752 παραπτύοντες,
3128 1685 3265 1737 οὕτω
3288 1688 3379 1737 καὶ
3411 1688 3505 1754 τὴν
3534 1686 3650 1737 κατ’
3677 1685 3871 1754 ἀρετὴν

706 1775 773 1826 tis
809 1772 1112 1848 propitiant,
1150 1780 1201 1823 et
1234 1770 1508 1823 stomacho
1554 1771 1936 1832 laborantibus,
1967 1770 2244 1822 dulcedine
2273 1757 2316 1814 Β

2273 1757 2629 1836 Βπολιτείαν,
2697 1777 2930 1844 σκληρὰν
2988 1777 3164 1839 οὖσαν,
3235 1779 3488 1842 γλυκεῖαν
3547 1780 3580 1845 ἡ
3643 1777 3880 1844 μελῳδία

706 1864 876 1916 mellis
903 1861 1161 1915 condiunt
1189 1870 1246 1913 ut
1282 1861 1451 1926 magis
1481 1859 1586 1912 sint
1615 1861 1678 1911 ad
1706 1860 1938 1926 palatum
1969 1874 1982 1908 :
2015 1860 2088 1908 ita
2135 1859 2242 1908 vir-

704 1953 876 2006 titutis
899 1951 1246 2010 curriculum,
1283 1950 1422 2016 quod
1460 1964 1552 2015 per
1595 1963 1652 2000 se
1682 1947 1891 2000 diilicile
1922 1957 1974 1998 ct
2019 1945 2240 2012 impedi-

705 2057 813 2096 tum
843 2051 942 2098 est.
976 2043 1256 2094 ammnitas
1286 2049 1475 2094 cantus
1503 2050 1712 2107 gratum
1747 2039 1921 2090 ellieit.
1954 2036 2074 2090 Ideo
2099 2037 2237 2088 enim

703 2133 910 2186 numeri
949 2132 1267 2200 hymnorum
1299 2130 1498 2201 inventi
1539 2137 1684 2191 sunt,
1720 2136 1777 2179 ut
1818 2127 1908 2195 qui
1943 2126 2086 2194 pueri
2114 2135 2240 2178 sunt

701 2232 873 2285 :etate,
905 2230 994 2274 aut
1023 2221 1243 2274 omnino
1275 2220 1537 2282 rudiores,
1571 2219 1634 2270 ad
1671 2216 1909 2269 habitum
1943 2215 2153 2267 virtutis
2183 2214 2236 2265 in

703 2315 933 2382 speciem
984 2310 1199 2378 quidem
1257 2319 1485 2369 canant,
1548 2321 1728 2359 revera
1793 2314 1970 2357 autem
2027 2304 2237 2355 animos

701 2405 968 2459 erudiant.
1015 2402 1058 2456 Ο
1106 2401 1322 2469 sapiens
1379 2400 1651 2453 inventum
1696 2396 1957 2464 magistri,
1999 2395 2090 2465 qui
2138 2395 2240 2447 hoc

704 2494 940 2554 molitur,
973 2501 1028 2543 ut
1057 2491 1240 2546 eadem
1295 2503 1453 2555 Opera
1489 2497 1542 2540 et
1591 2500 1849 2539 canamus
1883 2495 1935 2538 et
1968 2485 2239 2538 discamus

705 2586 875 2637 utilia.
896 2584 1009 2649 Qua
1065 2583 1271 2636 ratione
1305 2590 1452 2633 tanto
1481 2578 1686 2632 ﬁrmius
1713 2577 1892 2629 animo
1923 2589 2103 2628 nosrro
2134 2574 2238 2625 im-

705 2675 950 2742 primitur
995 2673 1259 2726 doctrina.
1308 2668 1554 2722 Violenta
1609 2667 1750 2719 enim
1796 2664 2075 2736 disciplina
2132 2676 2236 2714 non

704 2772 878 2831 potest
907 2775 1025 2814 esse
1053 2760 1322 2812 diuturna.
1356 2756 1506 2820 Quod
1536 2765 1711 2808 autem
1737 2768 1857 2806 eum
1889 2749 2239 2804 delectatione

703 2853 930 2922 quadam
953 2851 1178 2917 obrepit,
1203 2847 1535 2901 constantius
1593 2845 1772 2897 animo
1799 2842 2038 2895 inim-ret.
2064 2838 2236 2892 Causa

705 2943 866 3011 igitur
897 2941 1066 3008 prima
1097 2947 1148 2992 et
1180 2937 1331 3005 quasi
1385 2936 1558 2998 obvia,
1592 2948 1755 3002 quare
1802 2947 1922 2985 cum
1970 2930 2239 2996 voluptate

2340 1863 2576 1929 ἐποίησε.
2624 1865 2719 1916 Διὰ
2760 1865 2915 1916 τοῦτο
2964 1867 3028 1917 τὰ
3061 1865 3349 1934 ἐναρμόνια
3393 1866 3560 1916 ταῦτα
3600 1866 3731 1932 μέλη
3764 1865 3880 1916 τῶν

2338 1951 2560 2022 ψαλμῶν
2587 1956 2942 2023 ἐπινενόηται·
2960 1956 3046 2008 ἵνα
3072 1957 3118 2008 οἱ
3143 1956 3322 2017 παῖδες
3347 1957 3441 2024 τὴν
3463 1955 3691 2024 ἠλικίαν,
3720 1955 3752 2022 ἢ
3778 1955 3881 2005 καὶ

2337 2042 2470 2102 ὅλως
2509 2044 2555 2094 οἱ
2599 2047 2776 2112 νεαροὶ
2817 2045 2875 2095 τὸ
2923 2041 3070 2112 ἦθος,
3099 2046 3174 2113 τῷ
3201 2047 3296 2112 μὲν
3327 2045 3518 2106 δοκεῖν,
3556 2044 3834 2112 μελῳδῶσι
3857 2078 3876 2102 ν

2336 2133 2401 2199 τῇ
2430 2131 2654 2202 ἀληθείᾳ
2676 2133 2730 2184 δὲ
2757 2134 2854 2195 τὰς
2882 2134 3053 2203 ψυχὰς
3079 2135 3453 2187 παιδεύωνται.
3492 2135 3554 2185 Ὢ
3581 2135 3675 2200 τῆς
3702 2134 3882 2201 σοφῆς

2337 2220 2573 2282 ἐπινοίας
2600 2221 2691 2273 τοῦ
2719 2223 3051 2286 διδασκάλου,
3082 2223 3214 2290 ὁμοῦ
3240 2240 3298 2274 τε
3333 2223 3475 2291 ᾅδειν
3501 2225 3664 2291 ἡμᾶς,
3691 2223 3781 2273 καὶ
3805 2223 3881 2273 τὶι

2336 2309 2580 2380 λυσιτελῆ
2617 2311 2901 2378 μανθάνειν
2929 2313 3310 2383 μηχανωμένου
3333 2313 3346 2363 l
3367 2313 3525 2365 Ὅθεν
3551 2313 3642 2364 καὶ
3672 2311 3879 2379 μᾶλλον

2337 2397 2656 2450 ἐντυποῦται
2705 2401 2822 2460 ταῖς
2855 2398 3049 2466 ψυχαῖς
3089 2401 3158 2451 τά
3189 2400 3521 2469 διδάγματαο
3557 2399 3724 2468 βίαιον
3757 2401 3875 2468 γὰρ

2340 2485 2563 2554 μάθημα
2590 2487 2648 2538 οὐ
2680 2486 2884 2554 πέφυκε
2918 2489 3245 2558 παραμένειν
3264 2505 3278 2519 ο
3309 2489 3367 2540 τὸ
3389 2488 3446 2540 δὲ
3473 2489 3608 2557 μετὰ
3632 2487 3878 2555 τέρψεως

2337 2574 2427 2624 καὶ
2453 2573 2668 2642 χάριτος
2708 2574 3042 2641 είσδυόμενον
3083 2573 3447 2645 μονιμώτερόν
3479 2591 3593 2637 πως
3625 2578 3739 2636 ταῖς
3766 2575 3878 2643 ψυ-

2336 2663 2456 2730 χαῖς
2499 2663 2652 2729 ἡμῶν
2711 2661 2977 2718 ἐνιζάνει·
3035 2663 3072 2730 ἡ
3124 2663 3220 2730 μὲν
3251 2662 3344 2714 οὖν
3391 2663 3670 2731 πρόχειρος
3700 2663 3877 2728 αίτία,

2337 2752 2456 2804 καθ’
2495 2753 2560 2822 ἣν
2606 2755 2662 2804 ὲν
2692 2753 2846 2823 ἡδονῇ
2879 2753 2975 2822 τὴν
3002 2755 3059 2806 ἐν
3086 2757 3195 2817 τοῖς
3225 2753 3456 2823 ψαλμοῖς
3503 2757 3725 2824 μελέτην
3756 2773 3877 2807 ποι-

2335 2841 2558 2910 ούμεθα,
2593 2841 2730 2910 αὕτη
2761 2843 2904 2907 ἐστὶ,
2952 2844 3008 2894 τὸ
3039 2843 3310 2912 μελῳδεῖν,
3346 2847 3506 2912 φημὶ,
3542 2845 3608 2896 τὰ
3636 2847 3879 2914 ῥήματα.

2340 2932 2517 2983 Ἐοικε
2548 2931 2604 2983 δέ
2631 2934 2662 3002 ὴ
2690 2933 2774 2985 διὰ
2801 2935 2897 3000 τῆς
2929 2934 3190 3002 μελῳδίας
3222 2935 3500 3002 φιλοσοφία
3556 2939 3645 2988 καὶ
3688 2936 3884 3003 μεῖζόν

705 3031 938 3099 psalmos
959 3029 1138 3081 animo
1161 3041 1454 3089 versemus,
1483 3025 1595 3078 haec
1625 3033 1726 3086 est,
1750 3021 1894 3092 quod
1929 3021 2085 3074 verba
2118 3034 2235 3071 mo-
2265 3060 2307 3116 ο
2337 3043 2339 3052 ‹

2265 3060 2307 3116 c
2337 3037 2411 3084 τι,
2458 3022 2492 3091 ἢ
2534 3023 2672 3076 κατὰ
2697 3022 2791 3091 τὴν
2824 3023 2930 3075 τῶν
2968 3024 3167 3075 πολλῶν
3195 3024 3430 3076 διάνοιαν
3463 3026 3878 3092 ὑποσημαίνειν.

706 3119 972 3171 dulamur.
1004 3115 1094 3169 llla
1125 3130 1247 3168 vero
1273 3115 1387 3182 ipsa
1422 3111 1756 3180 philosOphia
1795 3124 1914 3177 qua:
1961 3105 2239 3160 harmonia

707 3213 937 3266 constat,
965 3203 1137 3270 majus
1156 3205 1281 3270 quid
1310 3203 1362 3253 in
1387 3215 1602 3254 recessu
1633 3199 1787 3251 habet
1818 3211 1976 3264 quam
2006 3194 2244 3262 plerique

710 3295 948 3346 credunt.
981 3291 1117 3354 Quid
1138 3306 1264 3358 ergo
1286 3301 1364 3342 est
1394 3291 1443 3342 id
1471 3289 1608 3355 quod
1637 3286 1787 3339 dico?
1816 3285 2001 3336 Audivi
2027 3285 2243 3348 sapien-

713 3389 822 3432 tum
855 3379 1136 3446 quemdam
1175 3385 1376 3428 natura:
1416 3385 1613 3428 nostra:
1657 3375 1916 3426 rationem
1953 3371 2025 3422 ita
2075 3368 2242 3436 expli-

709 3476 917 3520 cantem
965 3465 1120 3532 quasi
1159 3465 1321 3516 homo
1369 3478 1566 3530 parvus
1602 3461 1819 3528 quidam
1873 3457 2107 3510 mundus
2155 3456 2243 3516 sit,

713 3558 892 3612 omnia
951 3556 1090 3608 inter
1131 3568 1190 3607 se
1239 3553 1586 3614 concludens,
1640 3563 1972 3618 quaecunque
2022 3560 2247 3614 magnus

712 3647 802 3699 ille
849 3643 1080 3697 mundus
1129 3641 1521 3710 complectitur.
1581 3638 1752 3706 liujus
1799 3647 1976 3690 autem
2012 3634 2246 3688 universi

711 3733 994 3804 diSpositio
1048 3739 1102 3786 et
1146 3738 1367 3786 ornatus
1417 3745 1577 3799 quam
1629 3730 1870 3798 proxime
1923 3728 2128 3781 accedit
2183 3726 2248 3777 ad

715 3821 1070 3882 harmoniam,
1114 3821 1296 3875 multis
1326 3820 1633 3873 nominibus
1668 3827 1723 3873 et
1765 3817 1958 3878 modis,
1988 3831 2092 3869 non
2134 3815 2250 3867 sine

711 3912 898 3965 ordine
938 3919 990 3964 et
1035 3923 1258 3963 numero
1310 3909 1412 3962 sibi
1460 3908 1563 3976 ipsi
1609 3907 2038 3975 respondentem.
2096 3901 2249 3955 ilunc

712 4003 875 4071 igitur
907 4000 1142 4052 divinum
1209 4006 1526 4052 concentum
1577 3998 1738 4050 etiam
1812 4011 2039 4066 magnus
2085 3994 2247 4046 David

713 4093 936 4145 auribus
989 4089 1234 4142 hausisse
1294 4090 1416 4141 totis
1479 4088 1608 4139 mihi
1658 4088 1886 4151 videtur,
1941 4096 2074 4146 tum,
2128 4101 2249 4138 cum

713 4183 920 4250 psalmo
949 4180 1174 4247 quodam
1209 4179 1349 4230 dicat
1377 4194 1390 4229 :
1415 4176 1656 4229 Laudant
1683 4176 1848 4228 Deum
1886 4176 2003 4228 alia:
2031 4177 2252 4227 virtutes

719 4269 838 4321 οωιί
887 4281 1105 4329 omnes,
1138 4275 1191 4318 et
1221 4267 1398 4317 lumen
1454 4274 1746 4326 astrorum,
1799 4265 1962 4317 solet
1998 4262 2145 4326 luna,
2201 4269 2253 4314 et

2343 3111 2404 3162 Τί
2435 3106 2525 3163 οὖν
2565 3112 2707 3164 ἐστιν
2737 3113 2763 3164 ὃ
2793 3129 2958 3180 φημι;
2995 3114 3236 3165 Ἥκουσά
3265 3130 3403 3174 τινος
3433 3113 3537 3165 τῶν
3565 3113 3760 3180 σοφῶν,
3785 3112 3886 3163 τὸν

2344 3199 2587 3265 περὶτῆς
2628 3199 2834 3266 φύσεως
2862 3201 3012 3268 ἡμῶν
3042 3201 3323 3263 διεξιόντος
3365 3202 3540 3264 λόγον,
3573 3202 3652 3252 ὅτι
3684 3199 3887 3268 μικρός

2342 3288 2424 3348 τίς
2464 3290 2576 3338 ἐστι
2615 3289 2810 3356 κόσμος
2849 3291 2876 3340 6
2915 3290 3214 3356 ἄνθρωπος,
3249 3291 3420 3343 πάντα
3449 3290 3582 3358 ἔχων
3619 3292 3674 3340 ἐν
3704 3289 3890 3356 ἐαυτῷ

2344 3375 2412 3426 τὰ
2441 3377 2531 3426 τοῦ
2559 3377 2786 3444 μεγάλου
2827 3377 3060 3444 κόσμου·
3088 3379 3122 3444 ἡ
3149 3378 3204 3428 δὲ
3229 3377 3322 3428 τοῦ
3355 3379 3551 3438 παντὸς
3585 3379 3893 3447 διακόσμη⁴

2349 3480 2431 3522 σις
2476 3464 2705 3531 ἁρμονία
2733 3465 2814 3525 τίς
2849 3466 2961 3514 ἐστι
2997 3465 3244 3534 μουσικὴ,
3275 3465 3558 3526 πολυειδῶς
3587 3466 3678 3517 καὶ
3705 3467 3894 3517 ποικί-

2349 3551 2453 3612 λως
2488 3551 2626 3602 κατά
2658 3567 2778 3602 τινα
2807 3553 2954 3616 τάξιν
2983 3553 3073 3603 καὶ
3101 3553 3300 3622 ῥυθμὸν
3329 3555 3460 3620 πρὸς
3489 3555 3682 3624 ἑαυτὴν
3709 3558 3892 3624 ἡρμο-

2350 3646 2542 3707 σμένη.
2574 3640 2784 3708 Ταύτης
2809 3640 2863 3691 δὲ
2891 3643 2982 3710 τῆς
3009 3620 3293 3704 θεσπεσίας
3327 3620 3602 3712 ὑμνῳδίας
3784 3620 3894 3712 ⁷μοι

2350 3729 2441 3781 καὶ
2472 3731 2499 3780 6
2531 3728 2699 3797 μέγας
2729 3729 2888 3782 Δαϐὶδ
2923 3733 2978 3782 ἐν
3015 3732 3271 3801 ἀκροάσει
3308 3733 3590 3802 γενόμενος
3628 3734 3795 3786 είπείν
3815 3734 3895 3789 ἐν

2347 3835 2450 3870 τινι
2480 3821 2585 3870 τῶν
2622 3819 2961 3888 ψαλμῶν,ὂτι
2998 3821 3237 3875 ιΑίνοῦσι
3264 3823 3351 3876 τὸν
3389 3824 3516 3876 Θεὸν
3549 3825 3609 3878 αἴ
3633 3842 3689 3876 τε
3727 3825 3894 3879 ἄλλαι

2347 3909 2617 3979 δυνάμεις,
2650 3911 2707 3963 αἱ
2739 3914 2855 3962 κατ’
2902 3911 3124 3979 οὐρανὸν
3168 3915 3357 3977 πᾶσαι,
3407 3915 3500 3966 καὶ
3546 3913 3604 3966 τὸ
3643 3915 3895 3984 ἁστρῷον

2349 4000 2461 4066 φῶς
2485 4038 2500 4064 ,
2531 4001 2558 4052 δ
2605 4017 2663 4052 τε
2707 3996 2850 4069 ἥλιος
2883 4001 2977 4053 καὶ
3007 4003 3038 4070 ἡ
3071 4002 3283 4070 σελήνη,
3318 4003 3410 4054 καὶ
3434 4005 3481 4054 oi
3512 4001 3618 4055 τῶν
3645 4003 3896 4073 οὐρανῶν

2348 4089 2581 4158 οὐρανοὶ,
2612 4091 2702 4141 καὶ
2730 4090 2789 4140 τδ
2819 4089 3203 4158 ὑπερουράνιον
3233 4089 3494 4158 ὕδωρ.ιεὶ
3523 4088 3614 4143 οὖν
3650 4094 3677 4142 6
3702 4093 3896 4144 διάκο-

2355 4193 2485 4243 σμος
2529 4177 2646 4236 ὃλος
2691 4178 2918 4242 μουσική
2958 4191 3042 4236 τις
3076 4177 3307 4243 ἁρμονία
3333 4178 3467 4241 ἐστὶ,
3496 4180 3682 4244 μικρὸς
3709 4179 3766 4229 δὲ
3796 4180 3899 4229 κό-

2357 4283 2488 4334 σμος
2531 4270 2559 4318 6
2598 4267 2899 4334 ἄνθρωπος,
2950 4268 2982 4333 ὴ
3013 4267 3068 4316 ἐν
3099 4266 3176 4333 τῷ
3209 4266 3369 4316 παντὶ
3396 4265 3730 4333 θεωρουμένη
3759 4282 3900 4332 μου⁸

714 4356 832 4411 caeli
862 4357 1139 4416 ccelorum,
1183 4368 1232 4406 et
1259 4369 1394 4420 aqua
1430 4368 1550 4420 quae
1581 4367 1740 4418 supra
1769 4353 1933 4406 etelos
1965 4363 2066 4405 est.
2102 4353 2253 4415 Quod
2285 4351 2328 4404 D

2285 4351 2328 4404 D
2360 4356 2484 4423 σικὴ
2510 4356 2601 4407 καὶ
2626 4358 2681 4406 ἐν
2707 4359 2768 4423 τῇ
2791 4354 3098 4424 ἀνθρωπίνῃ
3130 4354 3286 4419 φύσει
3311 4355 3625 4421 φανήσεται.
3642 4355 3898 4406 Δείκνυσι

713 4445 761 4501 si
797 4459 924 4513 ergo
949 4445 1227 4513 dispositio
1257 4443 1340 4495 illa
1373 4442 1555 4495 mundi
1587 4442 1983 4496 absolutissima
2013 4451 2061 4494 ct
2093 4449 2272 4494 orna-J-

2269 4459 2272 4466 '
2356 4444 2409 4494 δὲ
2442 4443 2597 4494 τοῦτο
2623 4444 2712 4493 καὶ
2753 4444 2785 4509 ὴ
2822 4442 3082 4509 ὀργανικὴ
3131 4439 3220 4490 τοῦ
3262 4438 3506 4506 σώματος
3542 4438 3692 4507 ήμῶν
3722 4455 3900 4490 κατα-

716 4533 920 4588 tissima
949 4533 1228 4586 harmonia
1259 4532 1498 4599 quaedam
1533 4531 1735 4584 musica
1759 4541 1861 4594 est,
1886 4532 2044 4583 homo
2076 4539 2249 4583 autem

714 4639 908 4694 parvus
953 4623 1168 4692 quidam
1231 4623 1490 4687 mundus;
1525 4623 1706 4688 utique
1755 4638 1870 4689 qua:
1904 4623 1956 4673 in
2003 4622 2251 4675 universo

713 4725 980 4782 spectatur
1002 4714 1478 4776 harmonia,etiam
1518 4713 1568 4764 in
1608 4713 1841 4766 hominis
1865 4721 2052 4765 natura
2086 4727 2248 4780 appa-

718 4805 876 4856 rehit.
911 4803 1097 4870 Arguit
1127 4813 1302 4855 autem
1340 4803 1441 4855 hoc
1469 4804 1627 4855 etiam
1665 4803 1974 4857 mechanica
2008 4803 2251 4871 corporis

721 4891 887 4944 nostri
922 4901 1208 4951 structura,
1244 4894 1308 4944 ad
1342 4895 1599 4945 rationem
1635 4894 1992 4946 lirmalionum
2029 4909 2120 4961 per
2150 4909 2249 4945 nu-

719 4995 898 5034 meros
942 4980 1289 5032 solertissime
1320 4996 1350 5031 a
1378 4990 1568 5034 natura
1604 4992 1871 5035 contexta.
1910 4981 2064 5036 Vides
2113 4993 2250 5035 arte-

716 5073 851 5125 riam
888 5070 1048 5122 veluli
1083 5069 1263 5121 tibiam
1301 5069 1565 5136 aliquam?
1600 5071 1859 5135 Palatum,
1892 5074 2042 5139 quasi
2092 5089 2252 5125 cano-

717 5176 836 5214 nem
866 5162 1009 5229 lyr-.e,
1044 5159 1291 5226 illamque
1317 5173 1415 5224 ope
1438 5158 1726 5226 lingnzr,et
1752 5175 2002 5227 genarum
2033 5169 2084 5212 ct
2118 5163 2247 5222 oris,

718 5254 870 5319 quasi
904 5266 995 5319 per
1026 5251 1282 5319 plectrum
1336 5249 1529 5301 editam
1581 5259 1632 5302 et
1664 5250 1894 5301 chordas
1930 5251 2249 5302 modulatio-

720 5338 877 5390 nem?
913 5337 1358 5405 Quandoquidem
1409 5337 1572 5404 igitur
1633 5353 1791 5389 omne
1839 5339 1981 5405 quod
2050 5349 2251 5392 natura:

718 5428 954 5479 ordinem
1004 5427 1265 5493 sequitur,
1300 5427 1396 5495 ipsi
1451 5436 1654 5478 natura:
1685 5437 1890 5494 gratum
1924 5439 2035 5491 est,
2089 5431 2249 5482 Inusi-

719 5531 834 5566 ram
862 5528 1034 5567 autem
1077 5519 1138 5567 ad
1179 5531 1420 5568 normam
1475 5527 1679 5566 natura-
1730 5525 1924 5568 nostra:
1974 5532 2252 5584 compara-

724 5614 824 5656 tam
860 5621 974 5658 esse
1002 5606 1108 5672 jam
1148 5609 1326 5674 liquet,
1364 5607 1478 5659 ideo
1511 5621 1732 5673 magnus
1768 5606 1924 5659 David
1958 5608 2244 5675 disciplinx

2359 4533 2543 4600 σκευὴ,
2570 4532 2701 4602 πρὸς
2722 4533 2972 4599 ἐργασίαν
3000 4529 3264 4598 μουσικῶς
3286 4529 3713 4596 φιλοτεχνηθεῖσα
3738 4531 3899 4596 παρὰ

2357 4622 2451 4689 τῆς
2479 4622 2707 4687 φύσεως.
2749 4621 2905 4688 Ὁρᾷς
2933 4620 3020 4669 τὸν
3046 4618 3142 4685 τῆς
3166 4617 3420 4686 ἀρτηρίας
3449 4617 3633 4682 αὑλόν;
3663 4619 3757 4685 τὴν
3791 4620 3899 4684 τῆς

2359 4710 2603 4777 ὐπερῴας
2632 4709 2856 4778 μονάδα;
2903 4708 2998 4776 τὴν
3026 4708 3110 4759 διὰ
3142 4707 3379 4774 γλώττης
3411 4708 3500 4759 καὶ
3530 4709 3762 4777 παρειῶν
3792 4712 3895 4759 καὶ

2358 4800 2638 4868 στόματος,
2671 4799 2742 4859 ὡς
2772 4798 2855 4848 διὰ
2884 4797 3085 4866 χορδῶν
3121 4796 3210 4847 καὶ
3238 4796 3504 4865 πλήκτρου
3539 4797 3897 4867 κιθαρῳδίανς

2369 4892 2515 4942 Ἐπεὶ
2543 4885 2632 4941 οὖν
2667 4891 2772 4940 πᾶν
2800 4888 2859 4938 τὸ
2904 4886 3039 4938 κατὰ
3083 4886 3239 4951 φύσιν
3271 4885 3417 4953 φίλον
3458 4890 3520 4956 τῇ
3560 4887 3710 4954 φύσει
3744 4889 3890 4939 ἐστί’

2356 4981 2642 5048 ἀπεδείχθη
2670 4980 2724 5031 δὲ
2753 4978 2894 5030 κατὰ
2926 4978 3082 5044 φύσῖν
3110 4979 3237 5044 ἡμῖν
3266 4977 3396 5029 οὖσα
3426 4979 3457 5048 ἡ
3494 4980 3737 5047 μουσικὴ,
3765 4980 3900 5030 τού-

2356 5089 2447 5123 του
2485 5071 2639 5138 χάριν
2671 5071 2697 5120 ό
2742 5069 2910 5136 μέγας
2943 5067 3100 5119 Δαϐὶδ
3131 5071 3195 5136 τῇ
3222 5070 3346 5137 περὶ
3376 5071 3479 5121 τῶν
3505 5071 3709 5138 ἀρετῶν
3742 5070 3900 5136 φιλο-

2359 5162 2516 5228 σοφίᾳ
2545 5159 2639 5226 τὴν
2687 5157 2948 5227 μελῳδίαν
2989 5156 3305 5224 κατέμιξενο
3359 5154 3468 5210 οἷόν
3510 5177 3628 5212 τινα
3680 5160 3901 5228 μέλιτος

2357 5251 2542 5317 ἡδονὴν
2583 5249 2686 5300 τῶν
2730 5245 2943 5313 ὑψηλῶν
2990 5247 3254 5314 καταχέας
3296 5249 3594 5318 δογμάτων.
3642 5250 3747 5302 Καί
3802 5265 3902 5317 μοι

2356 5343 2499 5392 δοκεῖ
2526 5337 2905 5406 συμϐουλεύειν
2934 5336 2998 5387 δι’
3034 5338 3385 5407 αἰνιγμάτων,
3428 5343 3508 5392 ὅτι
3538 5343 3596 5392 οὐ
3625 5341 3704 5391 δεῖ
3728 5339 3904 5406 ἄμου-

2363 5431 2450 5480 σόν
2480 5447 2535 5478 τε
2568 5429 2660 5477 καὶ
2689 5426 2945 5492 ἐκτροπον
2988 5424 3079 5476 καὶ
3111 5429 3490 5496 παρηχημένον
3516 5431 3620 5479 τῶν
3644 5430 3698 5478 ἐν
3727 5428 3902 5494 ἁρετῆ

2359 5519 2570 5579 ζώντων
2595 5513 2728 5566 εἶναι
2758 5515 2816 5566 τὸ
2856 5510 2983 5581 ἦθος
3003 5556 3014 5578 ,
3045 5515 3156 5567 ἀλλ’
3217 5519 3446 5587 ἐμμελὲς
3480 5520 3570 5571 καὶ
3605 5516 3898 5585 εὕρυθμον,

2363 5615 2492 5675 pqr:
2518 5608 2652 5676 πέρα
2677 5608 2764 5659 τοῦ
2799 5607 2987 5676 μέτρου
3014 5609 3449 5680 ὑπερτεινόμενον
3470 5628 3480 5638 ·
3503 5612 3754 5681 ῥήγνυται
3785 5605 3897 5675 γὰρ
