4138 6342
244 270 369 339 i073
1127 279 1512 340 ΡΒᾹΞΡΑΤΙΟ
1551 280 1646 339 AD
1683 279 1878 339 CATE}

1750 278 1917 338 iTEN
1925 279 2027 338 AM
2062 278 2143 339 ΙΝ
2178 279 2531 339 PSALMOS.
3254 272 3384 339 1074

235 387 446 445 πάντως
483 385 547 453 τῇ
599 384 891 455 ὑπερτάσει
935 390 1032 457 τῆς
1070 390 1264 457 χορδῆς
1308 389 1369 441 τὸ
1399 390 1759 457 εὐάρμοστον
1793 394 1869 447 A‘

1755 388 2118 447 ’Avirtutum
2174 386 2460 440 admsicuit
2515 390 2832 455 melodiam,
2899 398 2953 441 ut
3010 388 3163 459 quasi
3216 391 3389 457 aliqua

236 471 372 536 μήτε
412 471 542 539 πρὸς
575 472 633 523 τὸ
661 473 914 537 ἐναντίον,
944 474 1002 525 ὲν
1028 475 1257 545 ἀμετρίᾳ
1288 476 1385 541 τῆς
1414 477 1602 543 ἡδονῆς
1632 476 1757 526 ὐπο-
1858 489 1870 526 1

1754 501 1757 512 ι
1858 473 2031 526 mellis
2076 475 2334 526 suavitate
2378 476 2622 541 dogmata
2675 476 2985 529 sublimiora
3027 477 3388 545 perfunderet.

232 556 563 625 χαλώμενον·
609 561 763 630 κωφὴ
796 560 902 630 γὰρ
944 563 1037 614 καὶ
1076 563 1296 625 ἄναυδος
1328 565 1531 630 γίνεται
1560 565 1592 634 ἡ
1618 563 1760 633 ψυχὴ
1861 596 1866 614 4

1755 585 1760 632 ι
1861 564 2030 630 Atque
2060 564 2186 615 mihi
2231 563 2439 630 quidem
2474 564 2586 617 haec
2620 565 2718 616 sub
2753 565 3031 618 lnvolucro
3057 566 3277 618 innuere
3313 563 3389 616 vi-

233 648 345 707 τοῖς
383 647 481 715 τῆς
511 648 698 717 ἡδονῆς
726 651 1117 719 ἑγχαυνωθεῖσα
1148 652 1363 705 πάθεσι.
1395 654 1558 720 Δῆλον
1581 652 1670 704 οὖν
1698 654 1762 705 ἐκ
1859 672 1867 705 ι

1760 692 1762 702 ,
1859 652 2035 716 detur,
2069 652 2277 722 illorum
2330 652 2419 719 qui
2469 652 2719 703 virtutem
2777 653 2993 716 colunt,
3050 668 3157 706 non
3201 652 3394 707 debere

116 779 126 797 ,
233 735 433 785 τούτων
462 736 578 787 ἐστὶ
600 777 614 798 ,
643 736 775 807 πρὸς
801 739 829 790 ὃ
855 756 905 792 τι
936 739 1119 808 βλέπει
1146 741 1245 808 τῆς
1277 741 1533 809 μελῳδίας
1554 740 1612 791 τὸ
1633 743 1750 792 αῐνι-

1758 769 1765 779 -
1862 754 2039 794 mores
2064 741 2203 793 modi
2226 748 2277 793 et
2302 740 2592 792 harmoniae
2614 750 2855 807 expertes
2880 756 2998 795 esse
3038 752 3129 795 aut
3154 743 3392 795 incurio-

235 838 378 890 γμα·
402 821 485 875 δτι
514 824 608 894 τὴν
631 827 735 878 τῶν
762 827 1092 897 παθημάτων
1120 829 1372 897 συστολὴν
1415 829 1764 897 συμῆουλεύει
1862 849 1869 885 ι

1759 864 1764 879 ι
1862 846 1975 895 sos,
2007 832 2097 885 sed
2120 831 2458 884 harmonicos
2481 838 2533 898 et
2553 844 2902 895 numerosos;
2939 846 3113 897 neque
3138 846 3305 898 usque
3326 831 3393 883 ad

239 913 531 965 ποιεῖσθαι·
570 914 674 966 τῶν
710 915 976 985 διαφόρως
1006 918 1134 984 ἡμῖν
1172 917 1527 984 ὲγγινομένων
1557 918 1617 967 ὲκ
1660 916 1766 968 τῶν
1863 935 1873 969 t

1760 935 1766 961 ν
1863 931 2140 971 excessum
2168 918 2399 985 rigidos;
2433 917 2818 983 omninofenim
2866 916 3032 968 nimia
3093 917 3394 970 intensione

237 997 500 1066 βιωτικῶν
546 1003 931 1069 περιστάσεων.
974 1004 1134 1056 Ὅθεν
1162 1006 1253 1055 καὶ
1278 1004 1343 1054 τὰ
1376 1003 1766 1070 κατορθώματα
1864 1027 1871 1055 t

1757 1021 1766 1054 ι
1864 1006 2076 1060 chordas
2098 1006 2362 1073 rumpitur
2402 1014 2728 1069 concentus;
2764 1019 2935 1071 neque
2965 1005 3017 1056 in
3067 1005 3391 1057 contrariam

236 1087 333 1153 τῆς
360 1088 503 1149 Θείας
519 1090 719 1158 ταύτης
743 1092 1005 1159 μουσικῆς
1028 1094 1431 1162 προσμαρτυρεῖ
1450 1092 1525 1160 τῷ
1552 1092 1712 1144 Δαὸὶδ
1734 1095 1765 1161 ή
1865 1108 1870 1160 ι

1758 1112 1765 1161 ι
1865 1102 2067 1161 partem
2098 1093 2407 1155 dissolutos,
2445 1092 2510 1144 ab
2540 1093 2945 1162 intemperantia
2996 1092 3213 1159 scilicet.
3243 1092 3392 1144 volu-

235 1174 463 1242 ίστορία,
495 1175 574 1227 ὅτι
600 1158 909 1245 παραιρορόν
950 1158 1085 1231 ποτε
1108 1158 1423 1232 καταλαϐὼν
1456 1158 1543 1232 τον
1579 1158 1766 1244 Σαοὺλ,
1866 1197 1869 1248 ς

1761 1158 1766 1242 ρ
1866 1158 2027 1248 piatis
2059 1197 2073 1232 :
2105 1187 2253 1232 muta
2280 1179 2422 1232 enim
2455 1188 2508 1231 et
2527 1158 2751 1247 elinguis
2784 1158 3020 1231 redditur
3048 1158 3246 1245 anima,
3277 1194 3395 1246 quae

238 1262 329 1312 aui
366 1262 685 1330 ἐξεστηκότα
715 1267 813 1334 τῆς
840 1266 1095 1331 διανοίας,
1129 1267 1298 1329 οὕτως
1325 1269 1591 1332 ὲξιάσατο,
1641 1286 1770 1320 κατ-
1867 1285 1872 1318 :

1758 1302 1770 1311 -
1867 1282 1897 1319 a
1942 1267 2122 1320 studio
2163 1267 2446 1335 voluptatis
2495 1267 2797 1321 resolvitur.
2850 1266 2925 1318 Ex
2954 1267 3035 1319 his
3067 1267 3230 1333 liquet
3268 1266 3392 1331 quid

236 1351 448 1419 επᾴδων
477 1352 568 1403 τοῦ
598 1354 820 1415 πάθους,
867 1354 1003 1408 ὥστε
1032 1356 1176 1423 αὐτῷ
1201 1358 1361 1409 πάλιν
1390 1358 1523 1425 πρὸς
1547 1358 1606 1408 τὸ
1630 1357 1767 1410 κατὰ
1866 1375 1870 1407 ε

1757 1374 1767 1408 ι
1866 1355 1968 1408 sibi
1999 1354 2122 1408 velit
2146 1355 2361 1408 musicae
2386 1354 2512 1406 illud
2548 1354 2902 1413 involucrum,
2932 1354 3073 1423 quod
3112 1352 3391 1403 affectuum

238 1438 398 1504 φύσιν
432 1440 737 1493 ἐπανελθεῖν
767 1444 864 1510 τὴν
889 1442 1144 1495 διάνοιαν.
1189 1444 1295 1513 Τὴν
1320 1445 1375 1495 δὲ
1406 1445 1510 1495 τῶν
1543 1444 1769 1512 ψαλμῶν
1868 1460 1872 1496 1

1760 1461 1769 1492 ρ
1868 1443 2083 1496 modum
2127 1453 2181 1497 et
2222 1452 2697 1511 temperamentum
2749 1441 2955 1501 suadet,
2987 1441 3077 1508 qni
3108 1441 3250 1492 varie
3281 1438 3394 1490 alli-

241 1526 420 1593 βίὸὶον
466 1528 638 1595 (τοῦτο
662 1531 768 1600 γὰρ
797 1531 1041 1593 ἐξετάσαι
1070 1532 1341 1599 λείπεται)
1390 1535 1468 1591 εἰς
1494 1534 1651 1600 πέντε
1692 1532 1771 1601 βι-
1869 1555 1875 1582 ‹

1759 1562 1771 1573 -
1869 1534 2019 1588 ciunt
2044 1534 2251 1586 animos
2287 1547 2383 1602 pro
2426 1533 2735 1586 discrimine
2790 1532 3033 1584 ordinum
3070 1539 3122 1583 et
3160 1540 3393 1581 zetatmn.

242 1615 363 1665 ὁλία
394 1616 629 1685 Ἐὁραῖοι
657 1618 966 1686 διαιροῦσιν,
985 1620 1121 1672 ὥστε
1149 1620 1393 1686 γενέσθαι
1418 1621 1583 1689 αὐτὴν
1610 1621 1769 1689 ἀλλην
1804 1678 1842 1692 ﬁ
1872 1626 1876 1674 J

1761 1636 1769 1669 ι
1804 1678 1842 1692 __
1872 1621 2109 1692 Denique
2149 1623 2215 1677 de
2270 1622 2557 1675 virtutibus
2596 1620 2812 1674 musicae
2868 1621 3025 1688 hujus
3063 1620 3253 1671 divinte
3313 1634 3395 1670 res

243 1678 619 1772 πεντάτευχον.
675 1678 803 1759 Ἀπὸ
846 1678 963 1777 γὰρ.
996 1708 1087 1761 τοῦ
1134 1678 1347 1779 πρώτου
1369 1678 1579 1779 ψαλμοῦ
1615 1678 1770 1779 μέχρι
1804 1678 1843 1734 Β
1872 1710 1877 1763 i

1764 1730 1770 1762 ι
1804 1678 1843 1734 Β
1872 1710 1984 1779 ipsa
2009 1678 2371 1765 testimonium
2405 1709 2602 1777 prtebet
2632 1709 2835 1771 Davidi,
2873 1678 2963 1775 quvi
3009 1708 3317 1761 delirantem
3348 1715 3398 1758 et

241 1789 336 1842 τοῦ
362 1793 785 1863 τεσσαρακοστοῢ
836 1796 960 1865 μίαν
988 1796 1290 1863 ὲλογίσαντο
1324 1796 1532 1866 βίϐλονο
1574 1796 1678 1849 ἀπὸ
1716 1798 1771 1849 δὲ
1870 1822 1875 1847 4

1764 1817 1771 1849 ;
1870 1808 2022 1853 extra
2082 1814 2141 1853 se
2184 1801 2534 1853 constitutum
2584 1808 2774 1852 nactus
2836 1798 3077 1861 Sanlem,
3138 1796 3398 1850 cant-mdo

241 1882 335 1933 τοῦ
375 1886 803 1956 τεσσαρακοστοῦ
846 1887 1057 1957 πρώτου
1095 1889 1197 1950 ἕως
1240 1887 1332 1940 τοῦ
1382 1887 1771 1957 ἑϐδομηκοποῦ
1872 1903 1875 1917 ε

1766 1888 1771 1933 i
1872 1902 2042 1955 usque
2078 1885 2210 1939 adeo
2239 1886 2539 1953 percuravit
2565 1886 2652 1938 illa
2696 1888 2761 1938 ab
2790 1886 3123 1951 aegritudine,
3157 1895 3213 1937 ut
3245 1886 3400 1952 paulo

244 1969 483 2038 πρώτου,
518 1973 804 2041 δευτέρανο
836 1975 941 2026 ἀπὸ
968 1976 1142 2056 5E|105
1173 1976 1562 2043 ἑϐδομηκοποῦ
1594 1975 1771 2025 δευτέ-
1871 1990 1878 2042 1

1765 2000 1771 2012 ι
1871 1984 1990 2042 post
2019 1989 2147 2028 usus
2194 1974 2436 2035 rationis,
2484 1973 2658 2040 qualis
2687 1982 2837 2025 extra
2872 1973 3114 2025 morbum
3158 1982 3293 2033 erat,
3326 1972 3399 2023 illi

244 2076 342 2127 ρου
384 2060 485 2122 ἓως
533 2063 623 2114 τοῦ
668 2063 1015 2132 ὀγδοηκοστοῠ
1060 2064 1267 2130 ὀγδόου,
1313 2066 1530 2133 τρίτηνο
1571 2064 1676 2115 ἀπὸ
1715 2063 1771 2115 δὲ
1872 2080 1878 2117 1

1763 2081 1771 2115 ε
1872 2064 2089 2117 rediret.
2139 2063 2475 2116 Psalmorum
2523 2077 2649 2114 vero
2695 2062 2909 2127 librum,
2964 2062 3104 2129 quod
3152 2062 3397 2112 ultimum

240 2147 592 2215 ὀγδοηκοστοῧ
634 2152 870 2213 ὲννάτου,
914 2150 1018 2213 ἕως
1064 2152 1156 2205 τοῦ
1199 2153 1486 2205 ἑκατοστοῦ
1526 2153 1771 2221 πέμπτου
1873 2181 1874 2190 ι

1766 2172 1771 2199 ι
1873 2159 1955 2206 est
1984 2151 2381 2219 perquisitionis
2410 2158 2624 2212 nostrae,
2660 2150 2712 2201 in
2736 2150 2972 2216 quinque
3005 2150 3168 2202 libros
3196 2147 3400 2201 Hebraei

241 2236 503 2303 τετάρτην
529 2238 801 2290 ’ἐντεῦθεν
845 2239 943 2301 ἕως
982 2240 1163 2303 τέλους
1205 2240 1473 2310 πέμπτην.
1515 2242 1775 2294 Ἕκαστον
1874 2270 1875 2283 ι

1767 2259 1775 2285 ν
1874 2240 2131 2303 dividunt,
2159 2243 2299 2293 unde
2330 2238 2429 2292 alia
2468 2238 2645 2307 prodit
2678 2238 3092 2291 Perttateuchtts.
3137 2240 3181 2290 Α
3229 2239 3401 2303 primo

242 2322 354 2393 γάρ
378 2324 584 2394 ψαλμὸν
611 2329 664 2378 ὲν
689 2327 761 2395 τῷ
787 2327 925 2381 τέλει
946 2329 1129 2399 ἔχοντα
1148 2331 1559 2399 τὸ,ιΕὺλογητδς
1578 2332 1775 2402 Κύριος
1873 2352 1876 2374 ι

1770 2350 1775 2389 ς
1873 2329 2013 2381 enim
2056 2328 2119 2380 ad
2152 2326 2619 2395 quadragesimum
2668 2341 2869 2395 usque,
2920 2328 3147 2392 primum
3204 2326 3404 2379 descri-

243 2414 501 2479 γένοιτο,»
528 2416 676 2478 τέλος
706 2414 839 2469 εἶναι
889 2418 1089 2486 βιϐλίου
1126 2420 1473 2474 ἐδικαίωσαν·
1502 2423 1599 2491 τῆς
1633 2424 1774 2492 πέμ-
1873 2432 1877 2485 1

1768 2452 1774 2463 ι
1873 2426 2094 2486 pserunt
2132 2417 2359 2482 librum;
2388 2431 2416 2469 a
2444 2418 2852 2485 quadragesimo
2888 2416 3057 2484 primo
3096 2415 3160 2468 ad
3189 2424 3402 2482 septua-

246 2520 389 2573 πτης
432 2505 594 2573 μόνης
644 2507 875 2575 μερίδος,
922 2510 1037 2561 ἀντὶ
1064 2510 1154 2561 τοῦ
1181 2530 1198 2561 ι
1232 2512 1526 2581 Εὐλογητὸς
1554 2513 1772 2582 Κύριος,
1876 2526 1880 2571 1

1771 2558 1772 2569 χ
1876 2507 2133 2574 gesimum
2175 2507 2428 2575 primum,
2472 2508 2801 2571 secundum;
2837 2522 2866 2559 a
2900 2507 3290 2575 septuagesimo
3322 2521 3405 2559 se-

243 2591 699 2660 γένοιτο,γένοιτο.
714 2596 961 2665 »ἐχούσης
981 2598 1227 2651 τὸιΠᾱσα
1250 2600 1380 2670 πνοὴ
1408 2602 1667 2653 αἱνεσάτω
1689 2605 1778 2654 τὸν
1875 2620 1877 2635 ⁴

1771 2621 1778 2648 ν
1875 2595 2049 2647 eundo
2080 2596 2141 2647 ad
2166 2596 2549 2663 octogesimum
2580 2604 2846 2659 octavum,
2878 2596 3125 2659 tertium;
3164 2595 3230 2648 ah
3256 2602 3405 2651 octo-

249 2678 506 2746 Κύριον.»
543 2682 635 2741 Τίς
659 2682 713 2734 δὲ
751 2686 783 2753 ἡ
814 2686 871 2736 ὲν
902 2684 1104 2747 τούτοις
1136 2686 1349 2756 τεχνικὴ
1370 2668 1553 2751 ντάξις;
1578 2689 1649 2739 Τὸ
1680 2689 1777 2755 μὲν
1875 2702 1883 2750 ι

1768 2705 1777 2734 ν
1875 2684 2076 2752 gesimo
2104 2699 2263 2745 nono,
2316 2685 2383 2737 ad
2432 2684 2678 2752 quintum
2725 2699 2892 2753 usque
2939 2694 2991 2738 et
3032 2668 3402 2750 centesimum,

246 2768 463 2835 πρῶτον
498 2775 688 2841 τμῆμα
728 2774 823 2842 τῆς
843 2776 1035 2837 κακίας
1060 2777 1313 2844 ἀφίστησι
1342 2777 1431 2828 τὸν
1461 2776 1738 2845 ἄνθρωπον
1759 2791 1774 2806 ο
1875 2796 1880 2822 t

1773 2795 1774 2800 η
1875 2786 2152 2840 quartum;
2196 2774 2317 2827 inde
2363 2788 2533 2841 usque
2573 2774 2640 2827 ad
2688 2774 2846 2827 [luem
2886 2775 3150 2843 quintum.
3203 2772 3407 2826 Unum—

245 2855 309 2904 τὸ
349 2855 405 2905 δὲ
428 2856 669 2927 δεύτερον
702 2862 1070 2931 ὐπρδιψῶντα
1099 2864 1302 2930 είσάγει
1336 2865 1521 2917 τοῦτον
1543 2866 1635 2917 τοῦ
1662 2866 1777 2933 βελ-
1875 2885 1879 2909 ‹

1774 2895 1777 2904 ι
1875 2876 2139 2929 quemque
2160 2853 2300 2915 enim
2328 2864 2651 2930 psalmorum
2676 2866 2759 2917 cui
2791 2865 2912 2917 ﬁnis
2934 2881 2946 2916 :
2968 2865 3281 2917 Benedictus
3304 2861 3408 2913 Do-

244 2943 455 3008 τίονος,
482 2947 619 2998 κατά
666 2948 761 3016 τὴν
798 2950 1194 3020 διψωδεστάτην
1234 2951 1457 3019 ἔλαφον·
1498 2953 1557 3004 τὸ
1599 2953 1775 3021 τρίτον
1802 2971 1844 3028 C
1877 2970 1878 3003 ξ

1771 2976 1775 2991 ν
1802 2971 1844 3028 C
1877 2954 2072 3015 minus,
2099 2952 2205 3015 liat,
2246 2952 2401 3006 tinem
2421 2968 2538 3007 esse
2571 2954 2899 3021 singulorum
2934 2954 3189 3005 librorum
3211 2966 3405 3005 sanxe-

247 3032 543 3085 ὑποπτικὸν
580 3036 736 3087 αὐτὸν
764 3039 1055 3107 παρίστησι
1088 3040 1184 3105 τῆς
1208 3040 1315 3092 τῶν
1342 3040 1504 3092 ὄντων
1534 3041 1773 3107 φύσεως·
1875 3058 1881 3094 1

1771 3060 1773 3070 λ
1875 3051 2000 3094 runt
2028 3059 2041 3095 :
2094 3042 2204 3094 sola
2231 3051 2378 3109 parte
2406 3043 2588 3109 quinta
2620 3057 2716 3109 pro
2740 3043 2827 3094 illo
2852 3059 2864 3092 :
2892 3040 3207 3094 Benedictus
3226 3040 3405 3093 Domi-

243 3120 323 3181 ὡς
356 3122 552 3188 ἀγαθὸς
584 3125 709 3193 γὰρ,
754 3127 937 3193 φησὶν,
971 3128 998 3180 δ
1029 3128 1157 3187 Θεὸς
1181 3129 1258 3197 τῷ
1295 3130 1533 3199 Ἰσραήλ·
1556 3130 1663 3197 ἐγὼ
1686 3130 1740 3181 δὲ
1760 3167 1776 3191 ,

1769 3168 1776 3191 ,
1876 3146 1995 3193 nus,
2012 3132 2116 3195 fiat,
2134 3132 2471 3203 ﬁat,babente
2490 3148 2503 3183 :
2519 3133 2703 3187 Omnis
2718 3132 2893 3185 anima
2912 3133 3085 3185 laudet
3102 3128 3403 3183 Dominum.

247 3210 405 3275 φησὶ,
436 3211 705 3282 κτηνὼδης
731 3215 827 3282 μὲν
850 3215 1015 3285 ήμην,
1036 3218 1121 3269 ὅτε
1152 3218 1207 3269 ἐν
1234 3219 1343 3279 τοῖς
1384 3218 1679 3287 ἐπικαίροις
1720 3218 1779 3270 τὸ
1875 3230 1881 3264 1

1770 3237 1779 3269 ι
1875 3220 2079 3284 Quzeris
2117 3238 2233 3290 quae
2266 3224 2335 3276 sit
2366 3224 2499 3276 ratio
2531 3223 2692 3290 hujus
2729 3221 2975 3276 ordinis?
3007 3220 3185 3273 Prima
3235 3220 3404 3272 sectio

245 3299 453 3363 ἀγαθὸν
486 3299 760 3371 ὡριζόμην
783 3321 795 3334 ·
830 3304 921 3357 νῦν
952 3305 1007 3357 δὲ
1058 3304 1194 3373 μετὰ
1224 3306 1313 3357 σοῦ
1360 3307 1493 3373 είμι,
1530 3307 1616 3358 ὅτε
1648 3307 1779 3373 πρὸς

1770 3324 1779 3367 ῖ
1879 3309 2270 3377 improbitatem
2306 3312 2471 3365 demit
2508 3312 2741 3376 homini;
2792 3311 2955 3364 altera
2990 3325 3115 3378 pars
3160 3309 3404 3362 eumdem

245 3388 319 3438 τὰ
343 3389 489 3453 δεξιά
516 3391 763 3460 ὥρμησα.
803 3394 875 3445 Τὸ
907 3394 1158 3463 τέταρτον
1178 3395 1353 3447 οὐκέτι
1391 3396 1564 3447 κοινὸν
1592 3396 1780 3464 ἀφίησι

1770 3414 1780 3449 ι
1879 3400 2082 3454 inducit
2124 3402 2388 3455 sitientem
2444 3402 2681 3462 meliora.
2732 3412 2792 3454 ut
2835 3416 3050 3454 cervum
3108 3398 3404 3458 sitientem,

250 3482 346 3530 τὸν
387 3480 665 3548 ἀνθρώπον
707 3479 863 3550 εἶναι,
892 3485 1002 3537 ἀλλ’
1027 3487 1125 3556 ἢδη
1163 3486 1239 3555 τῷ
1268 3486 1383 3554 Θεῷ
1414 3488 1687 3541 συνάπτει.
1723 3488 1779 3553 Ὀ
1880 3501 1884 3543 1

1771 3493 1779 3533 l
1880 3493 2033 3545 tertia
2061 3508 2185 3560 pars
2214 3503 2446 3545 erectum
2480 3493 2625 3546 illum
2675 3502 2727 3546 et
2755 3491 3131 3559 despicientem
3173 3504 3258 3542 res
3304 3488 3405 3539 hu-

252 3567 365 3632 γὰρ
403 3568 748 3636 ὀγδοηκοστὸς
796 3572 1005 3637 ἐννατος
1046 3573 1253 3643 ψαλμὸς
1294 3574 1776 3644 ὲπιγραφὴν’ἕχει⁸
1879 3598 1886 3635 1

1768 3592 1776 3605 '
1879 3598 2066 3636 manas
2109 3584 2344 3645 exhibet,
2374 3584 2523 3650 quasi
2565 3584 2707 3636 enim
2748 3584 2813 3637 ad
2871 3583 3079 3651 frugem
3124 3580 3402 3638 rediisset,

254 3670 276 3703 α
292 3654 571 3724 Προσευχὴ
585 3659 714 3709 Μωῦ
724 3662 784 3726 σῆ
805 3661 1067 3729 ἀνθρώπῳ
1089 3662 1179 3712 τοῦ
1195 3664 1345 3715 Θεοῦ⁸
1359 3664 1442 3714 »τὸ
1458 3665 1510 3714 δὲ
1537 3665 1782 3730 πέμπτον
1880 3671 1888 3723 i

1772 3681 1782 3711 ν
1880 3671 1953 3723 ita
1988 3670 2127 3724 Deus
2175 3672 2413 3738 loquitur
2445 3673 2625 3725 Israeli
2658 3692 2671 3725 :
2705 3672 2833 3740 Ego,
2867 3674 3058 3739 inquit,
3093 3671 3280 3722 brutus
3312 3666 3406 3718 ali-

245 3742 344 3793 ἐπὶ
368 3742 462 3810 τὴν
484 3745 784 3812 ἀκρώρειαν
812 3748 930 3813 ἄγει
962 3751 1056 3815 τῆς
1088 3750 1448 3811 ἀναϐάσεως’‹
1473 3752 1605 3818 Ἐμὴ
1638 3753 1781 3802 πᾶσα

1767 3769 1781 3802 ι
1879 3757 2094 3823 quando
2124 3773 2266 3809 eram
2290 3795 2302 3817 ,
2331 3773 2449 3810 cum
2504 3760 2553 3809 in
2588 3760 2964 3826 temporalibus
3004 3758 3200 3809 bonum
3237 3768 3401 3822 pone-

246 3834 640 3901 συμπλήρωσις
667 3837 761 3902 τῆς
788 3838 1123 3905 ἀνθρωπίνης
1154 3839 1418 3907 σωτηρίας
1444 3840 1558 3889 ὲστί
1578 3854 1593 3867 ο
1634 3841 1781 3891 πᾶσα

1772 3857 1781 3891 ι
1879 3843 2021 3906 bam,
2047 3859 2188 3896 nunc
2216 3858 2339 3896 vero
2366 3845 2457 3896 tibi
2486 3844 2752 3906 adhaereo,
2784 3852 3061 3913 postquam
3090 3844 3153 3896 ad
3181 3842 3406 3895 rectiora

243 3923 381 3990 γὰρ,
413 3923 561 3990 φησι,
591 3924 722 3992 πνοὴ
752 3926 1011 3977 αίνεσάτω
1040 3927 1127 3976 τὸν
1158 3925 1660 3994 Κύριον.›Τοιοῦτον
1686 3929 1781 3997 μὲν

1773 3946 1781 3974 ι
1879 3946 2166 3984 conversus
2196 3947 2335 3987 sum.
2363 3932 2560 3995 Quarta
2599 3948 2719 4000 pars
2745 3949 2849 3985 non
2880 3933 3105 3999 amplius
3135 3945 3230 3999 pro
3253 3930 3407 3983 dere-

240 4012 311 4080 δὴ
344 4012 406 4063 τὸ
443 4014 761 4082 προσόψημα
781 4032 794 4045 ·
840 4017 1023 4084 καιρὸς
1047 4017 1089 4068 δ’
1119 4016 1185 4068 ἂν
1218 4018 1323 4085 εἴη,
1366 4018 1457 4069 καὶ
1482 4017 1645 4085 αὐτὴν
1676 4033 1779 4069 πα-

1770 4046 1779 4057 ·
1880 4019 2005 4071 licto
2031 4018 2188 4071 habet
2218 4018 2507 4080 hominem,
2542 4020 2631 4071 sed
2660 4019 2769 4087 jam
2802 4019 2950 4071 illum
2981 4017 3086 4071 Deo
3114 4014 3404 4083 coniungit.

247 4099 494 4168 ραθεῖναι
540 4102 636 4172 τὴν
680 4106 1016 4171 πανδαισίαν,
1056 4106 1124 4175 ἢν
1164 4108 1191 4159 ὁ
1221 4106 1356 4168 θεῖος
1404 4107 1562 4159 Δαὸὶδ
1603 4107 1783 4169 καλοῖς
1880 4134 1881 4137 π

1880 4107 2252 4176 Octogesirnus
2283 4107 2423 4160 enim
2459 4114 2511 4161 et
2540 4123 2713 4161 nonus
2760 4108 3000 4175 psalmus
3053 4105 3262 4158 titulum
3311 4101 3409 4154 ιω-
3450 4129 3454 4135 ε

242 4187 403 4239 δαιτυ
413 4192 564 4257 μὸσιν
596 4193 937 4260 ἡτοιμάσατο.

1882 4199 1971 4252 bet
2025 4216 2037 4249 :
2093 4195 2275 4250 Oratio
2341 4198 2740 4250 accommodata
2809 4197 2968 4264 Moysi
3029 4193 3233 4247 homini
3292 4191 3406 4246 Dei.

243 4282 451 4343 Quinta
497 4296 621 4333 vero
663 4298 784 4348 pars
829 4285 894 4336 ad
931 4286 1136 4337 culmen
1178 4286 1323 4339 ducit
1352 4300 1623 4339 ascensus.
1658 4286 1928 4341 Gloriatur
1975 4288 2115 4341 enim
2150 4304 2163 4340 :
2232 4286 2345 4339 Mea
2388 4297 2469 4339 est
2519 4288 2695 4341 omnis
2743 4300 2950 4339 summa
3010 4281 3275 4336 felicitatis
3308 4280 3408 4331 hu-

242 4383 458 4433 manae;
494 4386 640 4438 ergo,
681 4374 827 4437 dicit,
860 4376 1034 4429 omnis
1060 4376 1232 4427 anima
1264 4378 1438 4429 laudet
1467 4376 1767 4429 Dominum.
1803 4377 1928 4430 Tale
1990 4377 2202 4443 quidem
2250 4385 2332 4429 est
2377 4377 2714 4443 convivium;
2780 4390 2923 4428 nunc
2978 4383 3187 4441 tempus
3210 4379 3290 4424 est
3313 4383 3407 4434 ap-

241 4475 451 4529 ponere
473 4476 681 4514 omnem
714 4464 1030 4517 ferculorum
1062 4466 1388 4529 varietatem,
1426 4482 1583 4534 quam
1611 4466 1776 4519 David
1804 4468 1985 4534 probis
2008 4469 2248 4521 convivis
2272 4467 2547 4534 apparavit

249 4576 451 4629 Versus
484 4577 690 4630 iambici
718 4580 771 4631 in
800 4590 1020 4648 quatuor
1049 4580 1341 4649 prophetas.
1363 4592 1479 4634 ante
1503 4581 1749 4634 Catenam
1780 4583 2033 4645 inscripti.
2078 4580 2510 4645 (Nicena-forsan
2546 4580 2920 4639 Heracleensis.
2956 4579 3224 4633 Constant.
3279 4580 3403 4634 εδει.

1271 4651 1494 4711 diaconi,
1522 4666 1607 4700 an.
1651 4651 1708 4703 C.
1746 4650 1897 4700 l077.
1932 4650 2145 4699 BANDINI
2175 4650 2213 4707 Ι,
2256 4648 2361 4713 19.)

877 4759 1139 4811 ΗΣΔΙᾹΣ.
1796 4755 1848 4811 Ι)

1119 4763 1139 4810 ’.
1796 4755 1848 4811 Ι)
2518 4755 2753 4811 ISAJAS.

370 4865 432 4916 Ἠ
466 4862 568 4915 τῶν
588 4866 873 4934 προφητῶν
902 4868 1131 4935 ἀκρότης
1178 4866 1419 4925 Ἡσαΐας,
1873 4864 2004 4931 Prop

1346 4881 1419 4925 ις,
1873 4864 2255 4931 Prophetarum
2287 4880 2414 4932 apex
2446 4864 2628 4925 Isaias.
2978 4906 2980 4909 -

357 4957 463 5006 Τὸν
488 4956 608 5007 νοῦν
636 4957 921 5023 καθαρθεὶς
948 4957 1169 5025 ἄνθρακι
1202 4954 1391 5021 φλοῩδς
1418 4953 1589 5019 ξένης,
1874 4949 1987 5002 Men

1495 4970 1589 5019 ρης,
1874 4949 2045 5003 Mente
2073 4961 2325 5019 purgatus
2358 4966 2385 5003 a
2418 4953 2645 5005 Carbone
2676 4953 2903 5006 ﬂamma)
2924 4955 3129 5017 alienae,

356 5048 470 5097 Καὶ
494 5045 555 5114 δὴ
584 5046 641 5095 τὸ
673 5047 859 5111 μέλλον
889 5047 957 5107 ὼς
988 5046 1211 5106 ἐνεστὼς
1244 5043 1573 5113 προϐλέπων,
1874 5038 1990 5091 Futt

1404 5043 1573 5104 .ἐπων,
1874 5038 2164 5107 Futurique
2197 5048 2253 5091 ut
2275 5040 2384 5107 jam
2418 5041 2744 5095 imminentis
2767 5044 3038 5109 providus,

353 5134 586 5203 Χριστοῦ
610 5136 925 5201 διετράνωσε
950 5136 1045 5201 τὴν
1074 5134 1385 5199 παρουσίαν,
1875 5130 1981 5180 Chr

1181 5134 1385 5195 ιουσίαν,
1875 5130 2071 5183 Christi
2103 5128 2420 5195 signiﬁcavit
2438 5132 2815 5201 'prtesentiam,

354 5225 566 5279 Πτῶσιν
598 5224 959 5291 προηγόρευσε
990 5223 1094 5273 τῶν
1120 5221 1535 5289 Χριστοκτὸνων,
1882 5218 1986 5269 Cas

1312 5221 1535 5281 ικτὸνων,
1882 5218 2185 5284 Casumque
2212 5219 2455 5284 przedixit
2486 5219 2946 5275 Christicidarum,

359 5319 546 5371 Πίστιν
576 5316 795 5382 προεῖπε
820 5312 923 5362 τῶν
950 5311 1074 5377 πρὶν
1107 5310 1299 5372 ἔξωθεν
1329 5309 1509 5375 νόμου,
1884 5305 1993 5357 Fidi

1884 5305 2061 5357 Fidem
2099 5306 2469 5373 praenuntiavit
2494 5316 2613 5359 ante
2637 5322 2664 5356 a
2700 5308 2807 5370 lege
2832 5304 3148 5368 alienorum,

360 5408 472 5459 Καὶ
506 5405 660 5456 παντὶ
690 5403 871 5468 κόσμῳ
899 5402 993 5466 τὴν
1025 5401 1335 5468 παλίρροιαν
1372 5400 1501 5466 βίου.
1881 5394 1994 5446 Toti

1279 5418 1335 5449 αν
1372 5400 1501 5466 βίου.
1881 5394 2104 5461 Totique
2132 5396 2327 5447 mundo
2364 5396 2480 5470 vitae
2510 5393 2913 5445 restitutionem.

366 5493 619 5553 Ποισθεὶς
648 5491 819 5559 φθόνῳ
846 5490 1033 5555 δὲ,κκαὶ
1062 5489 1217 5542 πόλον
1248 5488 1420 5558 λαχὼν
1453 5490 1647 5557 μένειν,
1880 5484 2000 5539 υἰεδη

1621 5505 1647 5555 ν,
1880 5484 2147 5539 Dissectus
2174 5495 2344 5537 autem
2366 5483 2578 5546 invidia,
2599 5481 2805 5548 polique
2833 5492 2978 5535 sorte
3012 5482 3255 5546 donatus,
