4138 6342
813 331 947 395 1075
1489 335 1863 394 OPUSCULA
1902 335 2508 396 SCRIPTURISTICA
2548 336 2885 396 INCERTIE
2922 336 3223 395 lETATlS.
3819 330 3967 394 1076

812 439 957 491 Dicta
989 437 1202 504 reliquit
1232 437 1389 491 vitam
1412 439 1677 505 adlatura,
2362 446 2405 500 Α

2362 446 2405 500 Α
2547 442 2753 512 Ῥήσεις
2791 442 3032 495 λέλοιπεν
3055 442 3133 504 εἰς
3156 434 3336 509 ὄνησιν
3362 442 3418 493 ἐν
3452 439 3566 509 βίῳ,

808 525 937 588 Qua:
958 522 1186 586 Nicetas,
1217 541 1373 592 quem
1411 540 1621 581 corona:
1650 527 1803 583 sedes
1840 528 2018 591 habet,

2530 531 2737 599 Ἀσπερ
2762 531 3022 597 Νικήτας,
3048 529 3107 581 δν
3138 529 3361 596 στέφους
3390 529 3581 581 κοιτὼν
3612 527 3742 597 ἔχει,

810 615 906 668 llic
935 616 1189 667 concinne
1216 616 1533 683 composuit,

2540 619 2626 670 ‘Ev
2657 617 2917 688 ὡραῖσμῷ
2941 616 3272 670 συντέθεικεν
3302 615 3482 670 ινθάδε

809 702 865 757 lu
903 703 1019 756 ﬁdei
1050 702 1442 760 documentum.
1475 706 1771 775 animaque
1800 706 2016 761 lvtrum.

2528 706 2622 768 Εἰς
2658 706 2888 768 πίστεως
2917 706 3189 775 ἔνδειγμα,
3218 706 3312 759 καὶ
3332 702 3505 776 ψυχῆς
3532 704 3744 775 λύτρον.

1385 827 1733 885 JEREMIAS.

1704 831 1733 885 ἱ.
3021 827 3338 883 ΙΕΡΕΜΙΔΣ

808 946 1025 1007 Deﬂere.
1042 948 1313 1017 propheta.
1332 950 1684 1021 lacrymisque
1710 951 1953 1020 prosequi
1980 947 2188 1014 urbem,

2106 964 2188 1014 ιω,
2526 949 2763 1018 Θρηνῶν,
2798 950 3062 1021 προφῆτα,
3089 949 3181 1004 καὶ
3207 950 3541 1020 μετακλαίων
3570 947 3740 1014 πόλιν,

810 1035 994 1089 Desine
1028 1038 1135 1104 jam
1160 1038 1391 1094 caedibus
1416 1039 1648 1107 plenam,

2530 1038 2779 1089 Πέπαυσο
2805 1037 2986 1090 λοιπὸν
3015 1036 3111 1106 τὴν
3143 1038 3312 1109 φόνων
3343 1036 3748 1106 πεπλησμένην,

805 1122 906 1186 Qui
940 1126 1120 1177 matris
1141 1127 1193 1178 in
1226 1137 1375 1180 utero
1396 1142 1452 1181 es
1473 1134 1841 1187 consecratus,

2542 1124 2599 1177 '0
2628 1126 2825 1195 μητρὸς
2858 1125 3001 1179 ἔνδον
3018 1124 3247 1195 γαστρὸς
3274 1125 3620 1197 ήγιασμὲνος,

805 1208 909 1264 Nec
941 1212 1170 1266 verearis
1202 1228 1322 1266 cum
1352 1216 1490 1266 inter
1512 1222 1695 1281 gentes
1724 1214 1936 1268 locutus
1966 1212 2153 1279 fueris,

1972 1212 2153 1279 fueris,
2529 1216 2635 1267 Kal
2661 1216 2733 1282 μὴ
2765 1214 3000 1283 mea;
3028 1216 3105 1277 εις
3132 1214 3257 1283 Εθνη
3285 1214 3606 1283 τεθειμένος,

806 1298 880 1351 Te
905 1307 1152 1365 tanquam
1183 1298 1249 1351 ad
1274 1298 1463 1355 inﬁdos
1487 1314 1601 1353 esse
1625 1299 1834 1367 iussum
1860 1300 2131 1365 accedere,

2541 1302 2628 1366 Ὦς
2647 1304 2725 1365 εἰς
2751 1302 2992 1365 ἀπειθεῖς
3018 1303 3143 1370 πρὶν
3181 1300 3486 1364 κελευσθεὶς
3520 1298 3818 1369 ὲντριχειν,

806 1384 941 1449 Quin
971 1387 1145 1455 potius
1170 1402 1377 1455 surgas,
1398 1388 1513 1441 leva
1544 1388 1731 1441 oculos
1760 1388 1811 1440 in
1838 1388 2091 1451 circuitu,

2076 1427 2091 1451 .
2539 1389 2677 1443 Ἀλλ’
2707 1389 3017 1454 ἐξαναστάς,
3048 1386 3175 1457 ἆρον
3202 1388 3471 1458 ὀφθαλμὸν
3505 1388 3707 1457 κύκλῳ,

806 1474 1261 1527 Lamentationum
1292 1486 1344 1529 et
1368 1474 1723 1545 lacrymarum
1752 1477 1900 1542 copia
1928 1475 2152 1539 omissa,

2136 1515 2152 1539 ,
2526 1479 2745 1549 θρήνων
2772 1479 2983 1547 ἑταῖρον
3012 1478 3257 1546 δακρύων
3282 1478 3381 1548 τὴν
3412 1476 3763 1546 πλημμύραν,

809 1559 1085 1628 Siquidem
1122 1576 1227 1614 non
1252 1570 1497 1614 mortuus
1518 1576 1597 1623 es,
1625 1561 1717 1614 sed
1750 1575 1961 1615 sursum
1995 1560 2153 1622 vivis,

1995 1560 2153 1622 vivis,
2540 1568 2790 1634 Ἐπείπερ
2823 1565 2882 1618 οὐ
2908 1565 3191 1633 τέθνηκας,
3218 1564 3351 1618 ἀλλὰ
3378 1565 3474 1632 ζῇς
3493 1565 3622 1616 ἄνω.

807 1648 943 1714 Quin
976 1658 1157 1717 gentes
1178 1650 1407 1717 aspicias
1428 1658 1586 1703 antea
1608 1659 1875 1715 externas,
1897 1663 2041 1702 nunc
2067 1649 2169 1717 legi
2200 1650 2327 1703 sub-

2133 1650 2169 1717 ;i
2200 1650 2327 1703 sub-
2528 1655 2635 1708 Kal
2664 1654 2852 1723 βλέψον
2880 1653 3029 1723 ιθνη,
3061 1654 3129 1706 τὰ
3160 1653 3289 1723 πρὶν
3315 1653 3490 1715 ἐκτὸς,
3518 1652 3575 1704 εν
3597 1650 3767 1721 νόμῳ,

2042 1734 2256 1809 ﬂectas,
2354 1727 2401 1786 B

808 1825 984 1879 Sionis
1010 1825 1146 1879 ﬁlios
1176 1834 1489 1895 praestantes
1516 1826 1567 1878 in
1594 1825 1860 1893 pulverem
1890 1823 2155 1888 redactos,

2063 1838 2155 1888 .08,
2538 1833 2691 1896 Υἰοὺς
2725 1831 2860 1885 Σιών
2885 1849 2963 1897 τε,
2996 1831 3121 1894 τοὺς
3148 1830 3497 1901 ὕπερτίμους,
3530 1828 3697 1892 κόνιν,

810 1911 1011 1965 Laetare
1033 1914 1241 1965 tandem
1280 1911 1606 1980 perfectione
1628 1920 1841 1965 tuorum
1881 1922 2210 1975 sermonum,

2077 1922 2210 1975 ιιιω,
2533 1922 2642 1974 Kal
2673 1924 2826 1990 χαῖρε
2853 1920 2959 1971 τῶν
2983 1919 3087 1971 σῶν
3113 1919 3193 1982 εἰς
3230 1917 3500 1971 τελείωσιν
3520 1916 3711 1987 λόγων,

809 2000 950 2066 Quos
975 2001 1057 2071 pia
1088 2017 1233 2057 mens
1260 2002 1345 2057 hic
1372 2001 1689 2071 composuit.
1956 1992 1959 1995 ’

1956 1992 1959 1995 Ι
2532 2009 2639 2074 Οὓς
2666 2010 2790 2081 τῇδε
2820 2008 3123 2079 συντίθησιν
3151 2006 3376 2079 εὐσεϐὴς
3407 2007 3525 2060 νόο-

1392 2123 1741 2180 EZECHIEL.
3024 2131 3364 2186 lEZEKlHA.

808 2241 996 2298 Mentis
1023 2244 1299 2312 splendore
1326 2253 1379 2297 et
1406 2243 1637 2313 puritate
1656 2243 1831 2297 cordis

2531 2258 2723 2328 Ψυχῆς
2748 2257 2809 2312 τὸ
2834 2256 3080 2327 λαμπρὸν
3099 2258 3192 2310 καὶ
3215 2256 3275 2309 es
3304 2255 3521 2326 φαιδρὸν
3551 2254 3801 2323 καρδίας,

811 2336 1071 2401 Ezechiel,
1102 2336 1457 2390 ineﬂahilibus
1488 2335 1822 2389 sermonibus

2543 2348 2795 2415 Ἰεζεκιὴλ
2831 2347 2938 2401 τῶν
2965 2347 3103 2416 ὑπὲρ
3133 2346 3286 2412 λόγον
3316 2344 3487 2413 λόγων
3524 2386 3528 2389 .

814 2426 1013 2493 Dignus
1029 2425 1240 2478 habitus
1265 2434 1367 2488 cst,
1406 2432 1459 2477 et
1495 2424 1649 2477 novis
1679 2422 2001 2487 visionibus,

1880 2423 2001 2487 bus:
2533 2437 2863 2506 Κατηξεωσε,
2891 2437 2982 2489 καὶ
3010 2435 3292 2503 θεαμάτων
3324 2434 3508 2501 ξένων.

814 2520 977 2573 Deum
1004 2521 1143 2573 enim
1162 2520 1293 2573 vidit
1318 2529 1569 2587 tanquam
1599 2520 1966 2574 accessibilem
1989 2518 2131 2581 visu,

2116 2556 2131 2581 τ
2533 2525 2662 2577 Θεὸν
2698 2526 2803 2594 γὰρ
2833 2520 2985 2587 εῖδεν,
3010 2525 3086 2587 ὡς
3116 2524 3332 2590 ἐφικτὸν
3366 2520 3745 2592 προσϐλέπειν,

814 2610 881 2662 Ει
908 2609 1193 2663 Cherubim
1226 2609 1410 2664 faciem
1438 2612 1653 2664 edoctus
1684 2618 1796 2673 est;

2531 2614 2639 2667 Kal
2662 2612 2767 2666 τῶν
2793 2612 3051 2682 χερουσὶμ
3071 2611 3487 2664 ικπεπαίδευται
3516 2610 3663 2673 θέαν,

814 2698 1041 2763 Statum,
1071 2698 1339 2763 timorem,
1384 2708 1609 2760 motum,
1647 2698 2009 2768 splendorem,
2034 2707 2330 2759 sermones,

2122 2707 2330 2759 mones,
2532 2701 2744 2764 Στάσιν,
2775 2699 2954 2768 φόόον,
2981 2699 3208 2769 κίνησιν,
3243 2698 3519 2768 ελλαμψιν,
3546 2699 3756 2766 λόγους,

811 2786 965 2840 Clare
994 2787 1198 2853 aspexit
1222 2785 1452 2841 caelestis
1476 2787 1780 2842 ministerii.

2534 2790 2723 2857 Σαφῶς
2753 2789 2939 2858 ἔϐλεψε
2968 2788 3067 2857 τῆς
3099 2789 3209 2843 ἄνω
3241 2789 3594 2860 λειτουργίας.

815 2875 948 2927 llinc
971 2876 1255 2929 mundatus
1287 2884 1340 2929 et
1362 2874 1552 2931 doctus
1582 2876 1676 2945 qui
1702 2876 2005 2945 praevidet“,

2535 2880 2691 2936 Ὅθεν
2720 2879 3007 2951 καθαρθεὶς
3033 2878 3125 2933 καὶ
3151 2880 3415 2949 διδαχθεὶς
3447 2878 3788 2949 προὸλέπειν,

816 2962 945 3016 Tam
978 2963 1121 3018 clare
1147 2964 1375 3019 ostendit
1410 2979 1468 3018 se
1506 2980 1663 3020 nosse
1687 2964 1843 3021 linem
1874 2978 2087 3021 omnem
2129 2971 2329 3021 rerum.
2366 3028 2400 3037 _

1878 2978 2087 3021 omnem
2129 2971 2329 3021 rerum:
2366 3028 2400 3037 _
2536 2969 2689 3024 Οὕτω
2714 2969 2895 3037 σαφῶς
2924 2969 3121 3033 ἔδειξεν
3145 2969 3339 3022 ειδέναι
3363 2969 3512 3031 τέλος

815 3054 887 3109 Ut
912 3055 1070 3109 etiam
1098 3054 1418 3110 describeret
1444 3055 1629 3110 modos
1658 3052 1957 3110 futurorum
1984 3050 2329 3109 consiliorum
2354 3028 2401 3094 (ἶ

2286 3063 2329 3103 τη
2354 3028 2401 3094 c
2536 3061 2655 3116 Τῶν
2677 3028 3010 3131 πραγμάτων
3032 3028 3157 3123 πᾶν,
3184 3059 3255 3121 ὡς
3278 3028 3506 3128 γράφειν
3523 3059 3616 3111 καὶ
3637 3058 3703 3110 τά
3728 3058 3920 3130 μέτρα

1807 3141 1881 3213 [in
1907 3138 2261 3204 monibus:
2537 3149 2656 3202 Τῶν
2691 3150 2770 3212 εἰς
2794 3149 2978 3201 ἔπειτα
3006 3150 3315 3216 κτισμάτων
3354 3149 3411 3199 ὲν

2152 3142 2261 3204 θυι,
2537 3149 2656 3202 Τῶν
2691 3150 2770 3212 εἰς
2794 3149 2978 3201 ἔπειτα
3006 3150 3315 3216 κτισμάτων
3354 3149 3411 3199 ὲν
3445 3150 3556 3210 τοῖς
3590 3148 3786 3214 λόγοις,

818 3231 964 3298 Quos
992 3231 1077 3285 hic
1104 3232 1256 3286 docta
1283 3246 1432 3286 mens
1456 3232 1734 3286 illustravit
1755 3233 1957 3287 labore.

1944 3269 1957 3287 .
2540 3237 2646 3300 Οὓς
2676 3230 2774 3291 ῶδε
2804 3240 2995 3307 κοσμεῖ
3018 3238 3215 3306 κοσμία
3244 3237 3387 3307 ψυχὴ
3411 3236 3578 3306 πόθῳ.

1450 3372 1711 3427 DANIEL.
3061 3377 3084 3426 Δ

1697 3412 1711 3425 .
3061 3374 3328 3427 ΔΔΝῙΗΛ.

818 3515 1104 3571 lncll'abilis
1137 3523 1219 3571 est
1244 3512 1334 3569 Dei
1368 3512 1719 3583 providentia,
2324 3538 2330 3544 ~

2324 3538 2330 3544 -
2542 3514 2843 3582 ’Δφραστος
2877 3512 2909 3581 ἡ
2940 3510 3160 3579 πρόνοια
3188 3511 3280 3564 τοῦ
3312 3511 3444 3564 Θεοῦ
3468 3512 3662 3579 λόγοις,

822 3607 892 3662 Ut
915 3608 966 3660 in
1004 3620 1122 3659 eum
1148 3605 1237 3674 qui
1272 3603 1598 3673 speraverint
1626 3616 1900 3665 coronare,

2538 3603 2722 3665 Ὅπως
2750 3602 2835 3654 ἐπ’
2861 3600 3019 3654 αὑτὸν
3053 3604 3175 3664 τοὺς
3201 3602 3519 3665 πεποιθότας
3543 3601 3754 3669 στέφειν

820 3692 1080 3747 Omnibus
1109 3690 1263 3745 bonis
1289 3688 1647 3756 consueverit,
1670 3689 1749 3743 vel
1776 3689 1826 3742 in
1864 3688 1979 3757 ipso
2002 3686 2265 3757 sepulcro,

1950 3701 1979 3742 ο
2002 3686 2265 3757 sepulcro,
2539 3693 2706 3746 Πᾶσιν
2732 3692 2911 3755 καλοῖς
2936 3693 3118 3747 εἴωθεν
3147 3691 3203 3744 ιν
3221 3708 3282 3760 γε
3309 3690 3386 3760 τῷ
3412 3691 3584 3759 τάφῳ.

823 3792 969 3847 Sicut
989 3800 1041 3845 et
1064 3790 1266 3851 Daniel,
1296 3790 1672 3859 prophetarum
1702 3787 1963 3858 voluptas,

2550 3781 2637 3844 Ὣς
2670 3781 2761 3834 καὶ
2787 3782 3001 3851 Δανιὴλ,
3027 3783 3060 3852 ἡ
3098 3780 3384 3852 προφητῶν
3412 3780 3729 3849 τερπνότης,

825 3880 1011 3931 Ensem
1038 3877 1220 3947 ellugit
1256 3876 1533 3931 Persarum
1560 3876 1847 3942 exercitus,
2406 3902 2414 3911 -

2406 3902 2414 3911 -
2539 3870 2697 3940 Ξίφος
2722 3871 3003 3940 πεφευγὼς
3037 3871 3309 3941 περσικῶν
3337 3868 3770 3939 στρατευμάτων,

824 3968 1074 4038 Captivos
1116 3967 1377 4022 abductus
1417 3965 1473 4019 in
1508 3965 1851 4034 alienigenam
1887 3964 2196 4035 pertransiit
2226 3972 2331 4017 ter-

2047 3964 2196 4018 tnsiit
2226 3972 2331 4017 ter-
2550 3960 2637 4024 Ὡς
2664 3960 2998 4030 αἰχμάλωτος
3022 3960 3253 4029 ἠγμένος
3283 3974 3341 4010 τε
3374 3956 3504 4025 πρὸς
3526 3955 3681 4023 ξένην

2103 4048 2265 4121 [γεω.

829 4156 991 4205 Deum
1017 4160 1190 4205 autem
1220 4165 1407 4206 rursus
1437 4149 1657 4202 invenit.

2544 4136 2777 4204 Ἤμειψε
2816 4135 2910 4203 μὲν
2938 4134 3062 4202 γῆν,
3086 4134 3173 4186 τδν
3199 4132 3327 4185 Θεὸν
3351 4130 3399 4184 δ’
3429 4124 3585 4201 εὗρεν
3617 4128 3798 4183 πάλιν.
3859 4208 3878 4227 ⁸

827 4240 947 4294 Fuit
975 4242 1207 4308 apprime
1232 4238 1445 4306 regibus
1470 4236 1690 4300 amicus,

2540 4226 2648 4277 Kal
2680 4226 2885 4293 πρῶτον
2916 4221 2981 4292 ἦν
3012 4223 3107 4291 μὲν
3134 4222 3238 4273 τῶν
3263 4220 3592 4273 ἀνασσόντων
3617 4218 3788 4286 φίλος,

830 4327 978 4391 Quod
1006 4326 1239 4399 futurum
1264 4333 1317 4380 et
1355 4338 1648 4393 temporum
1679 4332 1852 4377 nosset
1879 4323 2032 4378 linem
2361 4337 2409 4393 ι)

2361 4337 2409 4393 D
2543 4319 2615 4369 Τὸ
2648 4318 2832 4386 μέλλον
2859 4316 3007 4379 αὖθις
3037 4316 3141 4368 τῶν
3163 4315 3366 4383 χρόνων
3393 4313 3501 4383 ᾔδει
3529 4312 3696 4374 τέλος.

832 4414 989 4469 Feras
1011 4414 1300 4476 refrenans,
1328 4414 1619 4482 praevidens
1641 4420 1694 4467 et
1721 4412 1772 4465 in
1795 4412 2035 4473 somniis,

2538 4410 2715 4478 Θῆρας
2741 4408 2985 4477 χαλινῶν,
3012 4407 3323 4476 προδλέπων
3344 4406 3447 4457 κάν
3478 4404 3585 4463 τοῖς
3612 4400 3826 4465 ὕπνοις,

833 4506 1071 4559 Glorioso
1102 4505 1389 4559 immutans
1409 4502 1773 4573 superioribus
1799 4493 2068 4565 inferiora,

2535 4500 2721 4561 Καλῶς
2745 4498 2789 4551 δ’
2815 4498 3047 4567 ἀμείψας
3073 4496 3179 4549 τῶν
3204 4497 3312 4549 άνω
3347 4494 3414 4548 τὰ
3439 4493 3545 4545 τῶν
3569 4491 3738 4554 κάτω,

831 4593 1114 4649 Sermones
1143 4594 1372 4665 reliquit,
1391 4608 1615 4664 quorum
1639 4591 1726 4648 hic
1745 4592 1935 4647 adsunt
1957 4591 2337 4677 expositiones.

2075 4591 2337 4649 )sitiones.
2543 4590 2751 4660 Ῥήσεις
2776 4589 3035 4655 λέλοιπεν,
3066 4581 3141 4642 ῶν
3167 4588 3413 4657 πάρεισιν
3442 4582 3709 4645 ἐκϐάσεις.
