4138 6342
315 308 439 375 107⁵1

317 453 833 487 ε--α-...τ--ε--π

1800 425 3289 463 __————-—,——___———_______——-=-_—..—.=—:—‘-——=—"——"""

1264 308 1575 369 SCHOLIA
1610 304 1901 368 VETERA
1938 303 2016 361 IN
2052 298 2503 368 MATTH/EUM,

3330 275 3463 339 1078

1214 600 1837 737 ΣΧΟΛΙΑ
1914 572 2542 729 ΠΑΛΑΙΑ

892 842 1062 925 ΕΙΣ
1114 838 1532 923 ΕΥΑΓΓΕ
1543 834 1800 919 ΛΙΟΝ
1872 836 1879 915 ξ

1898 792 2195 914 ΚΑΤΑ
2231 818 2837 913 ΜΑΤΘΑΙΟΝ.

1259 1177 1852 1291 SCHOLIA
1932 1169 2496 1287 VETERA

635 1413 760 1500 IN
845 1408 1610 1500 EVANGELIUM
1686 1396 2313 1494 SECUNDUM
2386 1393 3121 1485 MATTHZEUM.

678 1598 770 1659 (Ex
791 1597 1000 1658 antiqais
1028 1596 1320 1645 membranis
1349 1593 1654 1643 bibliotheca:
1681 1590 1927 1640 Vaticana
1958 1588 2109 1638 edidit
2128 1584 2364 1648 Ang.Hn
2397 1581 2449 1633 in
2481 1581 2636 1632 Class.
2666 1584 2802 1633 Auct.
2823 1586 2940 1629 tom.
2967 1576 3075 1638 VI.)

703 1893 1091 1950 ΚΕΦΑΛΑῘΟΝ
1126 1891 1415 1945 ΠΡΩΤΟΝ.

372 1998 692 2066 Εὑαγγέλεον
727 1998 967 2051 καλεῖται
1000 1999 1033 2066 ὴ
1071 1996 1269 2065 βί6λος,
1313 1997 1396 2047 ὅτι
1423 1992 1693 2053 κολάσεως
1718 1992 1829 2044 δει-

308 2089 451 2142 κνύει
463 2090 759 2157 ἀναίρεσιν,
776 2087 866 2140 καὶ
882 2087 1122 2154 οὐρανῶν
1134 2084 1402 2153 βασιλείαν
1424 2081 1829 2149 ἐπαγγέλλεται*

308 2176 479 2243 βίϐλον
503 2174 762 2240 γενέσεως
786 2174 985 2239 ταύτην
1012 2172 1165 2225 καλεῖ
1194 2172 1287 2223 καὶ
1330 2169 1669 2238 παρέχουσαν
1702 2168 1835 2222 ἄλλα

308 2263 467 2315 πολλὰ
504 2263 596 2314 καὶ
615 2262 673 2313 ού
701 2262 798 2331 τὴν
828 2260 1057 2328 Χριστοῦ
1098 2260 1255 2327 μόνον
1303 2259 1519 2325 γένεσιν
1543 2274 1555 2287 ³
1600 2258 1731 2311 διότι
1772 2258 1833 2310 τὸ

306 2352 587 2421 κεφάλαιον
605 2351 702 2420 τῆς
725 2348 1030 2419 οἰκονομίας
1068 2347 1222 2401 τοῦτό
1252 2349 1417 2403 ἐστιν.

370 2522 441 2575 Τὸ
506 2520 726 2593 Ἰησοῦς,
781 2520 980 2590 Σωτὴρ
1027 2521 1381 2593 ἑρμηνεύεται
1443 2524 1510 2592 τῇ
1575 2523 1839 2594 Ἐϐραίων

305 2615 470 2681 φωνῇο

371 2699 538 2752 Πόθεν
558 2698 791 2769 δηλονότι
818 2697 923 2751 άπδ
947 2698 1043 2767 τῆς
1073 2698 1164 2751 τοῦ
1191 2700 1353 2752 Δαόὶδ
1382 2695 1447 2769 ἦν
1476 2702 1697 2768 γενεᾶς;
1743 2702 1835 2754 Ἐκ

304 2787 391 2840 τοῦ
443 2788 612 2839 εἰπεῖν
658 2785 749 2838 τὸν
789 2783 918 2838 Θεὸν
971 2788 1105 2857 πρὸς
1159 2786 1249 2839 τὸν
1295 2787 1528 2858 Γαϐριὴλ
1584 2789 1836 2841 ἀπελθεῖν

305 2876 433 2945 πρὸς
468 2877 565 2943 τὴν
605 2876 868 2941 παρθένον
912 2876 1392 2945 μεμνηστευμένην
1420 2877 1570 2946 ἀνδρὶ
1595 2873 1638 2942 ᾧ
1662 2877 1831 2943 ὄνομα

312 2964 502 3033 Ἰωσὴφ
548 2964 607 3027 ἐξ
632 2964 777 3014 οτκου
817 2963 909 3013 καὶ
961 2964 1192 3032 πατριᾶς
1237 2964 1431 3016 Δαδίδο
1478 2964 1690 3015 ἐκέλευε
1718 2964 1773 3015 δὲ
1806 2966 1835 3016 6

302 3054 455 3122 νόμος
488 3054 561 3121 μὴ
586 3053 641 3117 ἐξ
663 3051 826 3122 ἄλλης
855 3052 1023 3122 φυλῆς
1039 3051 1355 3120 λαμϐάνειν,
1386 3052 1499 3104 ἀλλ’
1528 3055 1590 3105 ἐκ
1632 3054 1729 3119 τῆς
1756 3053 1835 3103 ol-

302 3140 418 3201 κίας
440 3154 454 3167 ·
485 3138 605 3193 ὅθεν
639 3135 705 3208 ἦν
730 3140 758 3191 6
793 3138 989 3206 Ἰωσὴφ
1037 3138 1101 3191 ὲκ
1130 3138 1311 3202 Δασὶδ,
1340 3138 1431 3191 καὶ¹
1479 3140 1512 3208 ὴ
1544 3139 1727 3209 Μαρία
1771 3140 1834 3191 ἐκ
1864 3192 1905 3246 Β

300 3231 403 3281 Δαε
412 3229 476 3283 ιδ.
868 3266 873 3269 »

368 3319 464 3371 Διὰ
488 3318 538 3370 τί
569 3317 836 3387 μέμνηται
859 3315 957 3387 τῆς
976 3317 1287 3388 παρανόμου
1321 3318 1515 3389 μίξεως
1544 3318 1635 3371 τοῦ
1672 3317 1836 3371 Ἰούδα

302 3407 392 3460 καὶ
418 3407 514 3475 τῆς
542 3407 769 3477 Θάμαρ;
800 3406 1102 3478 Θαυμάζων
1130 3411 1157 3462 6
1201 3408 1586 3478 εύαγγελιστῂς
1617 3410 1708 3460 καὶ
1738 3409 1835 3479 τὴν

299 3498 389 3550 τοῦ
421 3496 552 3550 Θεοῦ
577 3498 782 3560 δεικνὺς
812 3498 1229 3567 φιλανθρωπίαν,
1277 3499 1359 3551 ὅτι
1404 3499 1503 3552 οὐκ
1560 3497 1836 3566 ἀπηξίωσε

304 3589 571 3651 τοιούτους
623 3588 762 3658 ἔχειν
815 3591 1114 3658 συγγενεῖς.
1146 3590 1301 3652 Τίνος
1342 3590 1499 3659 χάριν
1532 3589 1623 3642 τοῦ
1667 3591 1836 3657 Φαρὲς

304 3677 672 3745 μνημονεύσας
700 3678 793 3743 ἀφ’
809 3671 868 3728 οὗ
896 3678 984 3729 τὸν
1014 3676 1216 3745 Κύριον
1244 3678 1569 3743 γενεαλογεῖ,
1609 3680 1701 3729 καὶ
1742 3679 1834 3729 τοῦ

300 3767 444 3834 Ζαρᾶ
473 3765 789 3833 μνημονεύει
815 3781 829 3829 ;
862 3766 984 3818 Ὀτι
1014 3766 1105 3817 τοῦ
1135 3768 1283 3834 Ζαρᾶ
1311 3767 1369 3817 ὲν
1398 3766 1473 3835 τῷ
1511 3767 1712 3818 τίκτειν
1736 3768 1857 3835 τὴν·

300 3854 490 3921 Θάμαρ
523 3854 620 3922 τὴν
678 3856 833 3923 χεῖρα
885 3854 1392 3923 προεξενέγκαντος,
1418 3855 1722 3907 συνέστειλε
1772 3856 1833 3907 τὸ

300 3941 507 3993 παιδίον
535 3942 632 4011 τὴν
662 3945 837 4012 χεῖρα,
872 3944 963 3995 καὶ
995 3941 1260 4013 προῆλθεν
1281 3944 1308 3993 6
1337 3943 1529 4011 Φαρὲς,
1571 3943 1665 3996 καὶ
1707 3945 1832 3996 τότε

299 4033 326 4083 6
356 4032 505 4103 Ζαρᾶ
527 4048 542 4063 ⁸
572 4033 705 4103 ὅπερ
736 4032 843 4086 τῶν
871 4032 962 4085 δύο
984 4031 1128 4086 λαῶν
1145 4032 1309 4096 τύπος
1335 4028 1401 4103 ἦν
1421 4050 1433 4062 ·
1481 4034 1580 4103 τῆς
1608 4034 1715 4104 γὰρ
1742 4051 1835 4087 πο-

297 4122 499 4187 λιτείας
524 4125 619 4193 τῆς
641 4122 1088 4194 ὲκκλησιαστικῆς
1107 4124 1164 4177 ὲν
1182 4125 1291 4189 τοῖς
1318 4124 1458 4178 κατὰ
1473 4126 1562 4178 τὸν
1588 4125 1835 4196 Ἀϐραὰμ

298 4214 505 4283 χρόνοις
542 4213 817 4283 φανείσης,
866 4208 983 4268 εἶτα
1041 4216 1098 4267 ὲν
1126 4216 1202 4286 τῷ
1261 4216 1407 4286 μέσῳ
1463 4217 1833 4287 συσταλείσης,

294 4300 457 4375 ἦλθεν
485 4306 513 4357 ό
550 4304 830 4368 Ἰουδαῖκδς
858 4305 986 4369 λαὸς
1008 4306 1101 4358 καὶ
1120 4309 1152 4375 ἡ
1205 4306 1401 4378 νομικὴ
1432 4298 1672 4360 πολιτεία
1700 4324 1712 4337 ’
1742 4308 1834 4361 καὶ

296 4396 419 4445 τότε
447 4396 474 4446 6
499 4393 615 4456 νέος
645 4394 816 4465 ἐφάνη
854 4395 980 4457 λαὸς
1006 4396 1141 4464 μετά
1166 4396 1273 4449 τῶν
1299 4396 1473 4449 αὐτῶν
1498 4397 1693 4466 νόμων.
1724 4398 1831 4450 Καὶ

1853 1885 1907 1943 Α

2411 1875 2638 1932 CAPUT
2681 1873 2965 1931 PRIMUM.

2001 1985 2166 2039 Vens.
2221 1985 2273 2038 Ι.
2334 1982 2675 2052 Evangelium
2717 1987 2939 2032 vocatur
2988 1976 3076 2029 hic
3132 1977 3289 2041 liber,
3342 1977 3467 2046 quia

1932 2074 2294 2130 damnationis
2352 2070 2588 2125 ostendit
2652 2068 2997 2122 abolitionem
3020 2105 3047 2131 ,-
3086 2076 3141 2119 et
3210 2066 3468 2119 caelorum

1933 2178 2156 2233 regnum
2184 2162 2491 2216 annuntiat.
2542 2158 2761 2212 Librum
2806 2156 3167 2225 generationis
3218 2166 3369 2208 vneat
3403 2155 3471 2206 il-

1933 2250 2065 2313 lum,
2096 2251 2188 2320 qui
2220 2251 2323 2303 alia
2358 2250 2525 2302 multa
2562 2247 2803 2301 continet
2824 2253 2877 2298 et
2909 2258 3013 2297 non
3047 2244 3218 2297 solum
3267 2242 3465 2297 Christi

1934 2339 2378 2409 generationem;
2428 2336 2780 2406 quamobrem
2812 2339 2974 2403 caput
3020 2332 3163 2386 istud
3217 2332 3467 2385 incarna-

1937 2428 2095 2482 tionis
2123 2436 2225 2482 est.

2004 2513 2117 2569 Vox
2156 2515 2336 2582 Jesus,
2391 2512 2637 2567 Salvator
2682 2511 2935 2567 bebraica
2983 2510 3164 2581 lingua
3210 2510 3471 2578 interpre-

1936 2613 2099 2659 tatur.

2002 2694 2155 2749 Unde
2175 2694 2452 2749 evidenter
2484 2689 2583 2745 fuit
2614 2706 2681 2745 ex
2731 2690 2938 2744 semine
2988 2690 3193 2742 David?
3251 2689 3326 2741 Ει
3364 2688 3466 2742 hoc

1933 2782 2075 2851 quod
2105 2783 2235 2836 dicit
2265 2780 2430 2835 Deum
2466 2780 2679 2834 misisse
2717 2778 2927 2832 Gabriel
2963 2777 3037 2831 ad
3077 2778 3337 2846 virginem
3372 2779 3468 2829 de-

1934 2879 2243 2939 sponsatam
2274 2870 2393 2924 viro
2430 2870 2517 2924 cui
2566 2882 2760 2922 nomen
2794 2876 2911 2921 erat
2940 2865 3165 2936 Ioseph,
3194 2869 3262 2920 de
3310 2868 3470 2920 domo

1933 2968 1985 3012 et
2014 2961 2183 3027 patria
2222 2960 2408 3013 David.
2440 2957 2669 3013 Jubebat
2699 2967 2873 3010 autem
2907 2957 2991 3009 lex
3021 2971 3086 3010 ne
3113 2972 3178 3009 ex
3203 2958 3324 3010 aliis
3356 2959 3465 3008 tri-

1935 3049 2109 3102 bubus
2143 3048 2420 3101 ducerent.
2449 3046 2541 3099 sed
2581 3059 2646 3098 ex
2696 3046 2880 3099 eadem
2927 3045 3125 3107 domo;
3170 3046 3308 3098 unde
3356 3054 3471 3099 erat

1931 3134 2126 3205 Ioseph
2158 3151 2219 3188 ex
2250 3135 2440 3200 David,
2474 3135 2637 3190 Maria
2661 3149 2874 3205 quoque
2895 3147 2959 3186 ex
2991 3131 3176 3185 David.

2013 3319 2165 3375 iens.
2193 3322 2246 3378 3.
2280 3318 2458 3387 Quare
2482 3320 2724 3376 illicitam
2761 3325 3027 3373 memorat
3056 3317 3309 3371 unionem
3334 3317 3468 3370 Juda

1933 3419 1985 3464 et
2008 3410 2291 3465 Thamar?
2320 3411 2605 3465 Admirans
2626 3410 2954 3481 evangelista
2987 3418 3041 3464 et
3066 3407 3157 3461 Dei
3183 3410 3471 3462 ostendens

1898 3514 1905 3521 °
1934 3516 2171 3554 amorem
2213 3502 2267 3554 in
2299 3502 2564 3566 homines,
2595 3501 2737 3569 quod
2766 3515 2870 3552 non
2911 3499 3233 3567 dedignatus
3277 3508 3355 3550 est
3393 3506 3473 3548 ta-

1935 3591 2011 3643 les
2042 3590 2234 3645 habere
2262 3600 2532 3659 parentes.
2560 3591 2735 3655 Quam
2760 3590 2829 3644 oh
2851 3604 3068 3643 causam
3094 3588 3292 3641 Phares
3322 3604 3467 3639 cmu-

1934 3693 2237 3731 memorans
2260 3695 2288 3731 a
2320 3694 2428 3746 quo
2449 3679 2709 3732 Dominus
2733 3679 2878 3732 ducit
2902 3678 3252 3745 genelogiam.
3280 3676 3467 3727 Zaram

1931 3766 2092 3817 etiam
2148 3767 2449 3818 memorat?
2511 3767 2647 3830 Quia
2704 3767 2862 3829 Zara,
2914 3769 3158 3833 pariente
3212 3765 3465 3825 Thamar,

1932 3866 2052 3905 cum
2085 3868 2300 3906 manum
2354 3852 2499 3907 foras
2561 3854 2891 3922 protulisset,
2950 3855 3088 3907 hanc
3137 3856 3382 3914 retraxit,
3415 3865 3469 3905 et

1933 3944 2188 4012 processit
2221 3944 2445 4007 Phares,
2487 3952 2542 3998 et
2596 3946 2789 3999 deinde
2822 3944 2997 4008 Zara;
3044 3946 3185 4013 quod
3236 3946 3465 3998 duorum

1932 4034 2251 4103 populorum
2289 4034 2452 4103 ligura
2480 4044 2618 4090 erat.
2648 4036 2785 4089 Nam
2833 4050 2953 4089 cum
2991 4035 3217 4089 Abrahae
3260 4044 3469 4103 tempo-

1931 4124 2081 4178 ribus
2104 4125 2464 4180 ecclesiastica
2497 4125 2753 4196 viguisset
2787 4126 3123 4195 gubernatio,
3173 4127 3470 4194 deindeque

1932 4228 1962 4267 e
1994 4214 2170 4267 medio
2207 4215 2415 4268 sublata
2441 4214 2655 4281 fuisset,
2694 4215 2836 4268 venit
2894 4212 3201 4267 Judteorum
3237 4216 3466 4281 populus

1932 4314 1984 4357 et
2010 4304 2138 4372 legis
2171 4306 2505 4373 gubernatio,
2540 4315 2592 4359 et
2639 4315 2765 4359 tunc
2798 4320 2967 4358 novus
3020 4308 3265 4372 apparuit
3298 4321 3467 4371 popu-

1934 4394 2017 4446 lus
2044 4408 2165 4446 eum
2200 4394 2403 4462 legibus
2431 4395 2651 4448 eisdem.
2688 4394 2753 4446 Et
2786 4395 2850 4447 de
2877 4393 3018 4447 Ruth
3058 4395 3354 4459 alienigena
3386 4393 3464 4443 lo-

293 4484 398 4553 τῆς
435 4484 584 4537 Ῥοὺθ
612 4485 668 4536 δὲ
689 4485 785 4553 τῆς
811 4484 1107 4554 ἀλλοφύλου
1140 4486 1426 4554 μέμνηται,
1465 4487 1546 4537 ὅτι
1582 4486 1830 4556 καθάπερ
1859 4500 1879 4553 (

1931 4482 2132 4550 quitur,
2162 4484 2284 4549 quia
2317 4484 2459 4536 sicut
2495 4484 2638 4534 illam
2694 4490 2747 4534 et
2784 4475 3080 4533 mendicum
3122 4490 3172 4530 et
3214 4480 3467 4546 alienige-

295 4574 506 4643 ἐκείνης
535 4574 627 4626 καὶ
674 4573 890 4643 πτωχῆς
930 4574 1023 4625 καὶ
1053 4573 1343 4638 ἀλλοφύλου
1370 4574 1532 4638 οὔσης
1561 4578 1588 4627 6
1614 4576 1744 4637 Βοὸζ
1771 4577 1830 4627 ού

296 4665 714 4736 κατεφρόνησεν,
744 4662 864 4716 οὔτε
896 4663 992 4733 τὴν
1023 4663 1336 4731 δυσγένειαν
1364 4664 1699 4728 ὲὸδελύξατο,
1734 4666 1827 4716 καὶ
1865 4677 1875 4690 ‘

292 4754 324 4807 6
351 4754 579 4823 Xpunb;
631 4752 728 4823 τὴν
780 4753 1095 4823 Ἐκκλησίαν
1138 4754 1422 4823 δεξάμενος
1471 4756 1569 4808 οὐκ
1619 4755 1832 4807 ἐϐδελύ-

292 4846 446 4909 ξατο.
790 4845 793 4850 ’

352 4932 498 4991 ,Τοὺς
513 4933 658 5000 τρεῖς
690 4931 999 5001 παρέδραμε
1025 4931 1252 4999 βασιλεῖς
1274 4932 1347 4991 ὡς
1376 4934 1573 4993 κακούς
1597 4947 1609 4961 ο
1638 4931 1825 4982 ἔστιδὲ

299 5017 567 5087 Ὀχοζίας,
619 5020 709 5071 καὶ
754 5019 921 5083 Ἰωὰς,
981 5022 1073 5073 καὶ
1132 5020 1418 5088 ’Δμεσίαρ
1451 5019 1571 5079 ἔθος
1612 5018 1716 5085 γὰρ
1758 5021 1823 5087 τῇ

287 5107 479 5172 Γραφῇ
529 5105 650 5167 τοὺς
690 5105 788 5158 οὒκ
820 5106 998 5168 ἀξίους
1035 5108 1248 5176 μνήμης
1270 5105 1713 5173 καταλιμπάνειν,
1749 5105 1825 5168 ὡς

288 5193 389 5248 καὶ
416 5191 615 5259 Μωσῆς
641 5191 699 5242 ιν
724 5193 841 5253 ταῖς
859 5191 1126 5257 εὐλογίαις
1151 5192 1241 5244 τοῦ
1267 5192 1505 5261 Συμεών.

362 5279 461 5332 Διὰ
487 5278 537 5329 τί
566 5276 715 5331 εἶπεν
745 5278 933 5349 Ἰωσὴφ
957 5280 1047 5332 τὸν
1070 5280 1232 5348 ἄνδρα
1262 5283 1509 5350 Μαρίασ;
1538 5285 1651 5337 Ἵνα
1674 5286 1821 5357 δείξῃ

283 5374 372 5427 ὅτι
404 5369 473 5422 δι’
496 5367 656 5422 αὐτὸν
686 5369 775 5421 καὶ
820 5368 1018 5438 ταύτην
1045 5371 1455 5443 ἐγενεαλόγησεν
1476 5390 1490 5404 ο
1520 5375 1657 5429 κατὰ
1714 5377 1820 5447 γὰρ

286 5461 463 5533 φυλάς
490 5460 581 5516 καί⁷
600 5460 913 5528 ’συγγενείας
944 5460 1257 5530 ἑλάμόανον.

1931 4586 2050 4621 nam
2093 4570 2233 4622 Βοοῑ
2271 4586 2375 4622 non
2427 4571 2687 4634 despexit,
2724 4583 2895 4635 neque
2948 4568 3306 4621 infirmitatem
3347 4570 3465 4637 ejus

1928 4658 2229 4719 abhorruit,
2264 4656 2511 4708 Christus
2538 4656 2701 4707 etiam
2736 4654 3029 4709 Ecclesiam
3081 4656 3323 4725 accipere
3358 4675 3463 4711 non

1924 4746 2227 4798 abhorruit.

2002 4924 2167 4978 Vsus.
2193 4926 2284 5001 Ill.
2320 4924 2455 4983 Tres
2481 4927 2603 4982 illos
2641 4928 2828 4983 leviter
2870 4930 3049 4999 attigit
3076 4945 3229 4998 reges
3263 4938 3319 4981 ut
3351 4940 3463 4977 ma-

1932 5016 2011 5068 lus
2035 5031 2048 5078 ;
2074 5024 2198 5068 sunt
2233 5031 2359 5069 vero
2398 5016 2686 5083 Ocliozias,
2716 5016 2864 5084 Joas,
2937 5028 2991 5071 et
3047 5017 3309 5070 Amesias.
3353 5011 3462 5063 Mos

1927 5106 2069 5159 enim
2103 5116 2183 5161 est
2215 5106 2508 5177 Scriptura:
2538 5110 2789 5177 indignos
2814 5108 3076 5162 memoria
3106 5104 3376 5164 omittere,
3406 5110 3463 5153 ut

1929 5195 2135 5266 Moyses
2159 5199 2213 5251 in
2247 5198 2709 5253 benedictionibus
2740 5198 2976 5253 Simeon.

1994 5286 2157 5341 Vsus.
2191 5288 2274 5341 16.
2317 5288 2494 5353 Quare
2523 5288 2656 5341 dixit
2694 5286 2889 5352 Ioseph
2938 5283 3109 5335 virum
3142 5281 3321 5335 Maria:
3341 5282 3369 5333 ἲν
3391 5279 3460 5335 Ut

1926 5379 2229 5432 ostenderet
2266 5393 2355 5444 per
2416 5376 2609 5444 Joseph
2641 5373 2995 5444 genealogiam
3036 5369 3211 5425 Mariae
3264 5388 3458 5438 genea-

1925 5466 2064 5531 giam
2090 5466 2268 5519 datam
2302 5482 2455 5531 esse;
2509 5483 2632 5519 nam
2667 5461 2961 5519 secundum
3014 5462 3182 5518 tribus
3242 5471 3297 5518 et
3331 5479 3460 5517 con-

1927 5557 2312 5624 sanguinitates
2357 5557 2645 5611 nubebant.
