4138 6342
602 390 606 393 _
676 313 808 375 una

1356 317 1732 377 OPUSCULA
1768 297 2383 380 SCllll‘TUIllSTlCA
2420 321 2753 382 INCERTE
2789 323 3090 381 IETATIS.

3676 321 3824 382 l080

742 421 901 475 Vens.
934 422 1018 474 Π.
1047 421 1171 477 ldeo
1200 423 1442 476 meminit
1471 424 1694 477 Abrahze
1734 434 1785 477 et
1825 423 2008 485 David,
2055 425 2196 494 quod
2221 431 2260 488 Α

2266 475 2273 487 ,
2363 425 2460 478 Διά
2482 425 2635 479 τοῦτο
2655 428 3050 496 ἐμνημόνευσεν
3091 425 3332 494 Ἀϐραάμ
3355 427 3444 476 καὶ
3472 426 3650 493 Δαόὶδ,
3684 428 3830 481 διότι

672 509 738 562 ad
772 510 891 563 illos
927 510 1065 563 datae
1105 520 1258 566 erant
1297 513 1676 580 promissiones
1709 515 1852 566 circa
1891 513 2187 568 Christum.

746 596 1026 654 Duodecim
1083 615 1287 667 ponens
1338 602 1728 665 generationes,
1785 602 2190 668 quatuordecim

677 684 827 746 dixit,
868 686 988 751 quia
1019 695 1226 754 tempus
1278 689 1599 756 captivitatis
1653 690 1789 742 intra
1820 691 2193 757 generationes

675 772 968 838 ordinavit;
1002 775 1174 828 adhuc
1199 787 1372 829 autem
1411 777 1584 843 ipsum
1619 777 1889 830 Christum
1936 777 2074 829 intra
2099 792 2190 846 ge-

675 861 974 913 nerationes
1009 864 1163 917 nobis
1193 872 1572 917 connumerat.

742 946 895 1000 V'sns.
928 948 1010 1000 18.
1039 947 1153 1002 Νοιι
1193 951 1328 1003 dixit
1373 952 1683 1018 priusquam
1713 950 1995 1004 duceretur
2022 951 2108 1004 illa
2138 951 2192 1004 in

669 1033 907 1098 domum,
935 1036 1026 1089 sed
1061 1038 1374 1106 priusquam
1426 1041 1793 1100 convenirent,
1823 1039 1948 1106 quia
1971 1053 2078 1092 non
2112 1039 2194 1090 fo-

670 1123 744 1175 ris
776 1138 806 1175 ι
837 1124 953 1177 viro
993 1135 1148 1178 erant
1200 1127 1540 1194 desponsata
1590 1128 1763 1180 aetatis
1789 1128 2043 1195 imparis;
2085 1128 2188 1182 hoc

668 1218 843 1262 autem
864 1211 1086 1266 dixitne
1119 1214 1208 1266 det
1263 1214 1639 1282 suspicionem.
1665 1215 1834 1279 Quam
1859 1215 1926 1268 ob
1971 1229 2188 1269 causam

668 1313 772 1350 non
804 1309 926 1353 ante
954 1301 1414 1367 desponsationem
1443 1306 1682 1371 concepit
1713 1305 1734 1355 ?
1762 1303 1835 1357 Ne
1863 1316 2073 1371 pareret
2102 1320 2191 1358 su-

670 1386 960 1452 spicionem
999 1388 1142 1454 quod
1199 1388 1397 1442 factum
1452 1401 1587 1454 erat,
1625 1406 1747 1444 cum
1800 1406 1904 1444 non
1938 1399 2079 1446 esset
2112 1392 2191 1444 vir

671 1472 877 1524 zelosus
907 1480 959 1524 et
983 1473 1102 1525 ideo
1127 1473 1348 1527 Mariam
1383 1476 1697 1528 observans.

738 1576 896 1630 Vens.
930 1579 1014 1631 l9.
1056 1579 1362 1635 Secundum
1396 1582 1562 1648 legem
1594 1597 1696 1634 non
1727 1585 1986 1650 castigare
2015 1599 2191 1652 neque

670 1665 809 1716 hanc
831 1665 880 1716 in
926 1667 1226 1733 exemplum
1285 1670 1410 1719 dare
1461 1669 1664 1730 volens,
1707 1671 1871 1722 voluit
1927 1672 2192 1724 dimittere

667 1766 805 1804 eam.
836 1750 1150 1804 Prohibetur
1173 1761 1348 1806 autem
1390 1756 1457 1808 ab
1485 1758 1709 1824 angelo;
1741 1758 1875 1810 adeo
1903 1769 2016 1811 erat
2047 1762 2189 1814 mitis
2220 1734 2260 1788 Β

667 1849 722 1892 et
747 1839 957 1907 sapiens
985 1841 1204 1909 Joseph.
1227 1843 1304 1896 Ad
1338 1843 1748 1898 ministrandum
1803 1846 1874 1898 illi
1905 1859 2022 1911 post
2061 1863 2185 1915 par-

671 1935 805 1984 tum.
853 1927 1072 1981 evidens
1120 1937 1198 1982 est
1240 1929 1380 1997 quod
1429 1931 1693 1984 adductus
1724 1933 1794 1986 sit
1840 1931 2035 2001 Ioseph
2086 1933 2189 1988 hoc

667 2014 924 2082 prodigio.

736 2101 892 2156 Vens.
930 2103 1017 2158 20.
1055 2104 1163 2158 Cur
1186 2121 1288 2160 non
1323 2108 1464 2162 clara
1507 2110 1624 2164 luce
1660 2111 1808 2166 visus
1833 2121 1918 2166 est
1966 2114 2187 2182 angelus

664 2185 879 2253 Jnseph,
913 2189 1002 2240 sed
1034 2204 1125 2257 per
1146 2193 1444 2246 somnium?
1462 2195 1599 2260 Quia
1619 2210 1723 2250 non
1745 2208 1859 2252 erat
1881 2201 2187 2258 incredulus

669 2285 723 2326 ut
756 2286 991 2342 pastores
1020 2288 1072 2332 et
1105 2281 1409 2336 Zacharias.

736 2362 842 2416 Cur
871 2366 1082 2418 vocavit
1128 2367 1275 2418 illum
1305 2370 1522 2436 angelus
1561 2372 1725 2424 tilium
1759 2373 1924 2426 David
1952 2376 1976 2426 τ
2010 2375 2190 2430 Revo-

669 2464 794 2502 care
840 2450 913 2502 illi
951 2453 1181 2518 volebat,
1217 2455 1356 2508 unde
1393 2455 1618 2510 debebat
1655 2458 1900 2514 Christus
1931 2463 2186 2529 originem

671 2536 888 2591 ducere.

740 2649 846 2704 Cur
883 2653 1015 2705 dixit
1054 2655 1314 2724 conjugem
1362 2659 1549 2712 tuam?
1581 2657 1732 2723 Quod
1779 2673 1886 2712 non
1933 2669 2047 2714 erat
2078 2661 2191 2714 vio-

676 2738 801 2792 lata.
849 2739 1139 2812 Conjugem
1182 2753 1356 2799 autem
1400 2746 1542 2799 illam
1594 2756 1748 2801 vocat
1793 2748 1863 2802 ob
1897 2749 2191 2817 desponsa-

677 2825 897 2889 tionem,
929 2829 1084 2883 sicuti
1123 2839 1174 2884 et
1203 2846 1299 2886 nos
1320 2848 1528 2900 generos
1557 2833 1787 2888 dicimus
1818 2836 1900 2890 vel
1927 2847 2052 2889 ante
2093 2852 2192 2889 nu-

675 2914 812 2980 ptias
842 2915 1188 2984 desponsatas
1215 2920 1356 2972 tllize.

747 3000 904 3057 Vens.
937 3004 1022 3056 2t.
1052 3005 1161 3059 Non
1199 3006 1350 3070 dixit,
1394 3006 1572 3062 Pariet
1597 3009 1720 3072 tibi;
1757 3025 1861 3062 non
1897 3018 2015 3062 erat
2053 3010 2192 3063 cnim
2222 3028 2262 3082 ο

679 3090 821 3143 illius
847 3107 1059 3156 semen;
1088 3094 1179 3147 sed
1209 3097 1378 3162 pariet
1398 3097 1595 3148 mundo
1615 3098 1891 3150 evidenter
1913 3100 2191 3161 universo;

679 3179 822 3230 addit
847 3181 984 3231 enim
1013 3199 1025 3232 :
1066 3181 1182 3243 Ipse
1210 3185 1402 3234 salvum
1434 3184 1586 3250 faciet
1609 3186 1850 3250 populum
1881 3203 2052 3237 suum.

750 3267 854 3316 Cur
882 3269 1044 3329 dixit,
1084 3269 1296 3320 Vocubis
1327 3287 1506 3321 nomen
1536 3271 1644 3334 ejus
1681 3270 1904 3325 Iesum?
1944 3272 2018 3322 Ne
2051 3274 2203 3337 illum

688 3352 883 3402 faceret
925 3353 989 3401 ab
1033 3353 1205 3404 cilicio
1243 3355 1406 3418 patris
1438 3356 1690 3406 alienum.
1729 3354 1876 3406 Licet
1903 3358 2045 3408 enim
2079 3368 2199 3412 tttns

691 3441 829 3490 lilius
859 3454 959 3490 non
993 3440 1080 3501 sit,
1113 3441 1304 3507 inquit,
1345 3441 1432 3493 sed
1467 3457 1585 3509 quae
1610 3442 1775 3510 patris
1806 3453 1930 3496 sunt
1967 3459 2110 3512 ages,
2138 3461 2202 3500 eo

687 3528 828 3594 quod
861 3542 964 3578 non
997 3528 1068 3580 sit
1096 3544 1124 3580 e
1154 3527 1520 3582 fornicatione.

760 3631 915 3685 Vens.
947 3633 1030 3686 22.
1057 3635 1288 3702 Angelus
1336 3635 1463 3688 dicit
1493 3635 1632 3689 istud
1661 3652 1676 3689 :
1710 3634 1823 3688 Hoc
1846 3649 2016 3690 autem
2043 3649 2202 3692 totum

689 3721 881 3787 factum
936 3732 1007 3772 est
1061 3732 1117 3774 ut
1169 3722 1533 3790 adimpleretur
1568 3725 1704 3793 quod
1751 3725 1946 3779 dictant
1997 3738 2069 3779 est
2139 3729 2201 3781 ab

689 3811 867 3872 Isaia;
904 3827 1006 3864 non
1049 3823 1224 3864 autem
1251 3816 1591 3882 evangelista.

760 3901 918 3954 Vens.
951 3901 1035 3953 25.
1075 3901 1126 3952 Si
1154 3903 1269 3966 quis
1294 3903 1485 3954 dixerit
1515 3918 1617 3956 non
1654 3903 1852 3958 dixisse
1877 3904 2062 3958 Isaiam
2098 3906 2197 3957 vir-

693 3990 866 4056 ginem
919 3989 1008 4040 sed
1069 3989 1330 4053 puellam;
1386 3990 1531 4050 prius
1585 3991 1796 4057 quidem
1860 3993 2035 4043 ferunt
2109 3993 2206 4045 Sc-

695 4077 961 4140 ptuagiuta
993 4076 1074 4127 his
1118 4077 1352 4141 quinque
1380 4077 1770 4127 numerosiores
1804 4085 1855 4128 et
1884 4080 2204 4137 veraciores,

698 4172 876 4227 utpote
943 4163 1234 4214 scribentes
1310 4174 1432 4214 ante
1519 4166 1864 4228 patrationcm
1940 4168 2207 4231 mysterii;

2293 513 2424 582 πρὸς
2452 513 2640 575 αὐτοὺς
2669 511 2805 584 ἦσαν
2837 516 2892 566 at
2912 512 3227 578 ἐπαγγελίαι
3255 513 3381 580 περὶ
3403 514 3661 581 Χριστοῦ.

2358 601 2571 654 Δώδεκα
2598 602 2708 662 θεὶς
2735 601 3351 670 γενεάς,δεκατέσσαρας
3379 597 3549 666 εἶπεν,
3579 603 3708 656 διότι
3728 605 3826 658 καὶ

2291 687 2380 738 τὸν
2411 689 2597 756 χρόνον
2621 690 2718 757 τῆς
2744 688 3112 757 αἰχμαλωσίας
3145 690 3225 750 είς
3256 689 3442 754 γενεὰν
3471 689 3656 753 ἔταξεν
3676 709 3690 723 ·
3739 693 3830 745 ἔτι

2289 773 2345 824 δὲ
2369 775 2456 826 καὶ
2485 775 2646 828 αὑτὸν
2681 776 2769 828 τὸν
2799 775 3026 845 Χριστὸν
3050 776 3128 836 είς
3165 775 3350 842 γενεάν
3380 776 3658 831 συνάπτων
3687 779 3829 848 ἡμῖν

2289 861 2466 915 αὐτόν.

2365 950 2478 1001 Οὐκ
2499 946 2670 1014 εἷπεν,
2700 950 2830 1020 πρὶν
2857 949 2890 1019 ἢ
2923 951 3150 1020 ἀχθῆναι
3182 952 3348 1020 αὐτὴν
3379 951 3457 1013 είς
3488 951 3582 1020 τὴν
3619 953 3824 1014 οἰκίαν,

2289 1035 2443 1102 ἀλλὰ,
2469 1040 2595 1106 πρὶν
2627 1038 2660 1108 ἢ
2689 1039 2956 1093 συνελθεῖν
2994 1040 3207 1104 αὐτοὺς,
3227 1040 3312 1092 διὰ
3336 1041 3395 1092 16
3446 1042 3520 1109 μὴ
3548 1041 3650 1106 ἔξω
3676 1039 3824 1094 εἷναι

2289 1126 2392 1191 τῶν
2419 1128 2621 1197 ἀνδρῶν
2665 1129 2764 1192 τὰς
2796 1131 3269 1199 μιμνηστευμένας
3309 1130 3624 1196 άνιηλίκοιις⁸
3661 1132 3826 1182 τοῦτο

2287 1214 2343 1266 δὲ
2372 1211 2520 1267 εἶπεν
2545 1216 2632 1270 διὰ
2663 1217 2720 1268 τὸ
2758 1215 2833 1285 μὴ
2873 1215 3049 1269 δοῦναι
3080 1218 3328 1286 ὑποψίαν.
3389 1219 3539 1280 Τίνος
3569 1219 3726 1288 χάριν
3751 1221 3822 1270 οὐ

2288 1303 2392 1370 πρὸ
2418 1303 2515 1370 τῆς
2541 1306 2826 1372 μνηστείας
2849 1303 3165 1370 συνέλαϐενς
3191 1306 3305 1358 ἰνα
3332 1306 3404 1375 μὴ
3467 1307 3590 1377 δόξῃ
3618 1307 3825 1374 ὑποψία

2287 1392 2346 1445 τὺ
2377 1391 2612 1458 γεγονὸς,
2675 1392 2773 1444 οὐκ
2816 1390 2965 1455 ὄντος
3008 1392 3100 1445 τοῦ
3135 1391 3552 1461 ζηλοτυποῦντος
3604 1394 3694 1445 καὶ
3727 1394 3826 1446 διὰ

2287 1479 2440 1532 τοῦτο
2471 1478 2847 1546 φυλάσσοντος.

2357 1585 2509 1637 Κατὰ
2533 1587 2623 1636 τὸν
2648 1586 2808 1652 νόμον
2833 1585 2895 1636 οὐ
2924 1584 3145 1637 κολάσαι
3171 1582 3287 1634 οὐδι
3321 1583 3818 1651 παραδειγματίσαι

2288 1672 2454 1740 αὐτὴν
2495 1672 2809 1738 βουλόμενος
2863 1671 3124 1738 ὲῦουλήθη
3154 1667 3418 1722 ἀπολῦσαι
3465 1670 3629 1737 αὐτήν
3652 1686 3667 1700 ο
3699 1685 3819 1720 κω-

2289 1761 2468 1813 λύεται
2493 1760 2547 1811 δὲ
2578 1761 2666 1812 ὑπ’
2693 1759 2918 1824 ἀγγέλου
2945 1774 2960 1789 ⁸
3004 1757 3250 1809 τοσοῦτον
3287 1753 3352 1826 ἦν
3379 1759 3578 1825 ἥμερος
3603 1757 3694 1809 καὶ
3725 1774 3819 1822 φια-

2290 1847 2507 1912 λόσοφος
2558 1846 2586 1896 6
2633 1845 2849 1913 Ἰωσήφ.
2910 1844 2982 1895 T6
3023 1843 3336 1911 θεραπεύειν
3359 1842 3522 1912 αὐτὴν
3557 1843 3689 1909 μετὰ
3723 1844 3823 1894 τὸν

2289 1933 2464 1995 τόκον,
2493 1931 2709 2000 εὔδηλον
2745 1932 2818 1992 ὼς
2851 1930 3072 1998 ἐπείσθη
3102 1928 3177 1998 τῷ
3206 1929 3436 1998 Θαύματι
3462 1932 3488 1980 6
3526 1930 3742 1997 Ἰωσήφ.

2360 2105 2455 2158 Διὰ
2483 2105 2534 2157 τί
2552 2106 2611 2157 οὗ
2651 2103 2892 2171 φανερῶς
2949 2101 3098 2171 ὤφθη
3151 2103 3179 2154 ὁ
3219 2102 3443 2169 ἄγγελος
3469 2103 3544 2172 τῷ
3595 2103 3818 2172 Ἰωσὴφ,

2290 2193 2422 2245 άλλά
2443 2193 2559 2243 κατ’
2589 2193 2748 2260 δναρς
2789 2191 2907 2242 Ὀτι
2938 2190 3034 2242 οὐκ
3062 2187 3127 2261 ἦν
3154 2190 3394 2244 ἀπιστῶν
3430 2190 3503 2253 ὡς
3540 2193 3588 2243 οἱ
3619 2192 3820 2261 ποιμέο

2290 2297 2377 2340 νες
2408 2282 2499 2332 καὶ
2527 2281 2554 2330 ὁ
2582 2280 2869 2347 Ζαχαρίας.

2358 2368 2521 2418 Διὰτί
2552 2364 2700 2418 εἶπεν
2735 2369 2894 2419 αὑτὸν
2919 2370 2946 2420 6
2978 2367 3199 2434 ἄγγελος
3253 2367 3365 2418 υίὸν
3422 2368 3581 2418 Δαὸίδ
3607 2384 3620 2430 ;
3663 2368 3823 2417 Ἀνα-

2295 2453 2488 2520 μνῆσαι
2536 2453 2694 2506 αὑτὸν
2745 2454 3092 2523 βουλόμενος,
3122 2455 3240 2506 ὅθεν
3278 2454 3493 2522 ἔμελλεν
3517 2456 3545 2504 6
3587 2455 3822 2520 Χριστὸς

2292 2539 2587 2591 τίκτεσθαι.

2361 2643 2457 2694 Διὰ
2481 2645 2530 2696 τί
2557 2641 2724 2711 εἶπεν,
2763 2647 2878 2711 Τὴν
2901 2646 3150 2712 γυναῖκά
3177 2661 3327 2708 σου;
3355 2646 3440 2706 Ὠς
3470 2646 3544 2714 μὴ
3562 2646 3823 2715 διεφθαρ-

2298 2731 2458 2797 μένης
2479 2746 2496 2763 °
2528 2736 2754 2798 γυναῖκα
2787 2734 2840 2785 δὲ
2869 2733 3034 2803 αὐτὴν
3061 2734 3211 2786 καλεῖ
3250 2734 3354 2786 ἀπὸ
3378 2732 3475 2798 τῆς
3505 2736 3820 2802 μνηστείας,

2295 2819 2478 2889 ὥσπερ
2507 2822 2597 2873 καὶ
2627 2823 2781 2890 ἡμεῖς
2801 2823 3088 2890 γαμϐροὺς
3104 2823 3330 2890 λέγομεν
3350 2823 3442 2875 καὶ
3470 2824 3572 2892 πρὸ
3602 2823 3691 2875 τοῦ
3718 2825 3823 2890 γά-

2300 2922 2398 2974 μου
2433 2909 2555 2968 τοὺς
2582 2911 3007 2977 μνηστευθέντας
3034 2913 3096 2979 τῇ
3128 2910 3374 2980 θυγατρί.

2365 2997 2475 3048 Οὐκ
2506 2994 2673 3059 εἶπεν,
2692 2998 2912 3059 Τέξεταί
2931 3015 3011 3050 σοι
3034 3015 3047 3028 ·
3070 3000 3129 3051 οὑ
3156 3002 3262 3066 γὰρ
3283 2996 3349 3068 ἦν
3380 3000 3542 3054 αὑτοῦ
3577 3000 3822 3067 σπέρμα·

2296 3085 2450 3146 ἀλλὰ,
2482 3085 2731 3148 Τέξεται,
2754 3086 2829 3153 τῷ
2861 3087 3046 3155 κόσμῳ
3073 3089 3230 3139 παντὶ
3251 3087 3484 3155 δηλονότι
3506 3105 3522 3120 ο
3546 3088 3656 3157 ἔχει
3686 3089 3821 3156 γάρ·

2296 3174 2483 3235 Αὐτὸς
2515 3175 2695 3224 σώσει
2722 3175 2826 3224 τὸν
2851 3174 3002 3226 λαὸν
3017 3176 3222 3229 αὐτοῦ.

2365 3260 2459 3308 Δια
2481 3261 2530 3309 τί
2554 3256 2724 3322 εἷπεν,
2754 3261 3038 3324 Καλέσας
3053 3263 3118 3314 τὸ
3139 3263 3320 3329 ὄνομα
3335 3264 3515 3315 αὑτοῦ
3543 3265 3782 3327 Ἰησοῦν
3801 3279 3825 3324 ;

2300 3345 2410 3394 Οὐκ
2441 3345 2711 3412 ἀλλότριον
2757 3346 2923 3396 ποιῶν
2969 3347 3127 3398 αὐτὸν
3151 3349 3246 3413 τῆς
3289 3349 3575 3409 διακονίας.
3623 3350 3680 3398 Et
3712 3349 3824 3414 γὰρ

2299 3436 2389 3484 καὶ
2421 3435 2492 3500 μὴ
2517 3433 2602 3493 σὸς
2625 3437 2651 3484 6
2670 3435 2841 3498 τόκος,
2867 3436 3044 3501 φησὶν,
3069 3436 3200 3486 ἀλλα
3259 3437 3324 3488 τά
3354 3439 3549 3505 πατρὸς
3579 3437 3826 3506 πράξεις,

2300 3521 2387 3572 διὰ
2413 3523 2470 3572 τὸ
2501 3522 2573 3590 μὴ
2609 3522 2714 3573 ἀπὸ
2749 3525 2987 3590 μοιχείας
3013 3519 3170 3577 εἶναι.

2383 3632 2438 3682 '0
2491 3630 2713 3697 ἄγγελος
2745 3631 2888 3696 λέγει
2920 3631 2999 3696 16,
3053 3631 3229 3684 Τοῦτο
3277 3631 3344 3685 δὲ
3399 3632 3543 3685 ὅλον
3581 3635 3828 3701 γέγονεν’

2275 3721 2398 3772 ,ἵνα
2440 3719 2717 3787 πληρωθῇ
2744 3723 2810 3772 τὸ
2849 3720 3034 3787 ῥηθὲν
3062 3720 3193 3790 ὑπὸ,
3211 3722 3442 3776 Ἡσαΐου
3462 3738 3474 3752 ⁸
3502 3721 3613 3775 ἀλλ’
3648 3724 3766 3790 οὐχὶ
3793 3727 3828 3775 ὁ

2304 3810 2712 3876 εὐαγγελιστής.

2384 3901 2502 3950 Ἐάν
2529 3916 2609 3959 τις
2657 3899 2783 3969 λέγῃ
2815 3901 2892 3951 ὅτι
2941 3900 3036 3950 οὐκ
3086 3895 3234 3951 εἶπεν
3283 3901 3500 3960 Ἡσαΐας
3529 3899 3818 3966 παρθένον,

2305 3985 2435 4038 ἀλλά
2492 3985 2721 4046 νεάνιδα,
2780 3985 2988 4050 πρῶτον
3038 3985 3135 4050 μὲν
3183 3987 3232 4035 oi
3280 3986 3660 4052 Ἑϐδομήκοντα
3713 3987 3827 4037 τῶν

2307 4074 2461 4122 πέντε
2515 4072 2749 4130 πλείονες
2803 4073 2892 4121 καὶ
2943 4072 3389 4138 ἀνυποπτὰτεροι·
3439 4074 3540 4137 πρὸ
3588 4074 3691 4140 γὰρ
3729 4076 3833 4141 τῆς

2308 4159 2568 4224 διαμάχης
2597 4157 2688 4208 τοῦ
2719 4158 3006 4227 μυστηρίου
3026 4173 3039 4186 ·
3071 4159 3257 4210 ἔπειτα
3292 4160 3351 4207 16
3377 4161 3695 4222 νεανίσκοι,
3721 4165 3813 4212 καὶ

699 4251 886 4302 deinde
917 4251 1134 4317 puellas,
1165 4251 1396 4317 virgines
1430 4251 1694 4311 dicemus;
1727 4260 1798 4310 et,
1822 4251 1876 4302 Si
1914 4253 2208 4303 clamaverit
2244 4311 2260 4317 _

2266 4312 2274 4317 _
2311 4245 2584 4310 παρθένοι
2614 4245 2867 4312 λέξομεν·
2915 4246 3005 4297 καὶ
3041 4247 3118 4308 τὸ,
3160 4245 3296 4298 Ἐὰν
3315 4246 3515 4310 βοήσῃ
3540 4247 3577 4310 ἡ
3609 4247 3840 4310 νεᾶνις,

701 4336 888 4401 pnelta,
920 4338 983 4388 de
1029 4337 1230 4403 virgine
1273 4337 1504 4403 loquitur
1555 4337 1778 4403 Moyses,
1824 4340 1943 4404 quia
2001 4340 2211 4391 sciebat

705 4425 885 4486 puellm
909 4440 1099 4477 nomen
1139 4441 1232 4493 pro
1258 4426 1457 4493 virgine
1486 4428 1752 4492 usurpari.
1780 4426 1832 4477 Si
1879 4443 1905 4478 e
1928 4439 2214 4480 consuetu-

702 4515 822 4563 dine
891 4514 1110 4564 debebat
1154 4514 1392 4579 generari
1447 4513 1584 4579 quod
1648 4528 1675 4563 a
1754 4513 2003 4579 propheta
2074 4529 2212 4564 nuu-

706 4602 883 4651 tiatnm
908 4612 1040 4662 erat,
1072 4602 1198 4670 quid
1237 4602 1636 4669 signiﬁcationis
1667 4603 1820 4653 habet
1849 4604 1985 4667 quod
2015 4603 2211 4653 dictum

703 4688 819 4737 est?
861 4686 1000 4743 Nihil
1043 4699 1214 4750 certe;
1252 4690 1499 4755 denique,
1537 4707 1636 4741 non
1676 4692 1725 4741 in
1757 4692 2003 4756 Ezechia,
2039 4692 2128 4744 sed
2162 4693 2213 4743 in

705 4775 918 4824 Christo
945 4776 1284 4840 adimpletum
1309 4786 1409 4828 est.

774 4883 993 4948 Ohjiciet
1019 4881 1231 4935 Judmus
1260 4899 1353 4935 cur
1382 4900 1484 4936 non
1524 4896 1736 4937 vocatus
1785 4887 1851 4938 sit
1883 4889 2211 4950 Emmanuel,

711 4984 762 5024 ιιι
798 4973 1050 5040 propheta
1102 4972 1252 5032 dixit,
1307 4973 1394 5025 sed
1445 4971 1601 5025 Jesus
1661 4974 1942 5026 Christus?
1991 4979 2216 5030 Audiant

711 5063 1012 5129 prophetam
1036 5077 1136 5114 non
1175 5061 1387 5124 dixisse,
1419 5062 1662 5124 Vocabis,
1692 5063 1802 5122 sed,
1841 5062 2094 5114 Vocabunt
2125 5081 2216 5129 pu-

711 5152 852 5216 puli;
891 5152 1003 5203 haec
1034 5160 1113 5202 est
1137 5165 1311 5201 rerutn
1348 5151 1564 5201 istarum
1596 5151 1853 5214 expositio
1880 5170 1892 5201 :
1917 5151 2039 5217 quia
2073 5152 2217 5202 vide-

710 5242 837 5288 hnnt
878 5237 1040 5290 Deum
1094 5253 1214 5289 eum
1263 5237 1585 5289 hominibus.
1632 5238 1741 5291 Mos
1792 5246 1966 5289 autem
2015 5237 2097 5288 ille
2137 5249 2217 5290 est

712 5327 991 5391 Scriptura:
1038 5325 1133 5377 hoc
1171 5341 1262 5391 pro
1303 5324 1607 5376 nominibus
1634 5326 1920 5388 adhibere;
1959 5332 2035 5385 ut,
2079 5323 2213 5374 Voca

711 5429 884 5463 nomen
915 5414 1057 5478 ejus:
1091 5414 1204 5465 Cito
1229 5415 1428 5480 spolia;
1459 5411 1686 5463 celeriter
1721 5423 1860 5464 vasta
1886 5430 1902 5464 .·
1929 5415 2094 5480 genito
2127 5413 2215 5463 illo

709 5503 921 5553 vastatio
951 5504 1238 5568 prwdurum
1283 5505 1414 5569 facta
1467 5512 1576 5564 est;
1624 5512 1674 5556 ct
1723 5513 1778 5556 ut
1825 5504 1949 5557 illud
1989 5519 2214 5570 quoque,

2315 4334 2439 4400 περὶ
2470 4332 2732 4402 παρθένου
2759 4334 2926 4397 λέγων
2958 4335 2985 4385 6
3013 4336 3210 4401 Μωσῆς
3234 4351 3246 4364 ·
3287 4334 3421 4386 ὥστε
3471 4329 3605 4385 οἶδεν
3631 4335 3689 4385 16
3732 4338 3838 4404 τῆς

2315 4422 2543 4484 νεάνιδος
2589 4422 2755 4491 ὄνομα
2783 4425 2872 4474 ἐπὶ
2906 4424 3001 4491 τῆς
3050 4424 3312 4492 παρθένου
3359 4425 3620 4490 λέγεσθαι.
3658 4424 3721 4477 Εί
3769 4428 3836 4476 ὲκ

2314 4501 2537 4576 νομίμου
2574 4505 2809 4578 ’ἔμελλεν
2876 4511 3160 4576 γεννᾶσθαι
3217 4513 3278 4564 16
3341 4514 3830 4582 προφητευόμενον,

2258 4657 2264 4665 ,
2315 4603 2460 4650 ποῖον
2492 4604 2707 4666 σημεῖον
2730 4598 2794 4669 ἦν
2821 4601 2876 4651 τὸ
2904 4600 3083 4668 λεχθέν
3106 4617 3121 4664 ;
3146 4600 3279 4653 Οὐδὲ
3311 4605 3474 4653 ποῖον’
3503 4604 3701 4666 λοιπὸν,
3735 4605 3838 4655 οὐκ

2316 4691 2404 4741 ἐπί
2439 4689 2513 4758 τῷ
2551 4691 2782 4758 Ἐζεκία,
2820 4689 2930 4741 ἀλλ’
2976 4690 3066 4748 ἐπὶ
3093 4690 3167 4756 τῷ
3213 4691 3424 4759 Χριστῷ
3457 4692 3831 4761 πεπλήρωται.

2397 4893 2677 4958 ’Λπορήσει
2720 4889 2957 4948 Ἰουδαῖος
3009 4887 3092 4939 διὰ
3145 4887 3195 4938 τί
3224 4889 3319 4939 οὐκ
3365 4889 3558 4958 ἐκλήθη
3619 4893 3832 4960 Ἐμμα-

2317 4980 2493 5048 νουὴλ,
2523 4981 2591 5040 ὡς
2616 4981 2642 5029 6
2675 4978 2956 5044 προφήτης
2980 4971 3147 5039 εἶπεν,
3175 4977 3304 5028 ἀλλὰ
3338 4978 3538 5044 Ἰησοῦς
3561 4982 3787 5048 Χριστός
3813 4999 3831 5044 ;

2329 5070 2730 5120 Ἀκουσάτωσαν
2752 5067 2828 5115 ὅτι
2846 5066 2940 5114 οὐκ
2970 5063 3140 5128 εἶπεν,
3172 5066 3450 5129 Καλέσεις,
3474 5068 3626 5130 ἀλλὰ,
3651 5069 3836 5120 Καλέ-

2317 5173 2534 5208 σουσιν
2578 5157 2626 5206 oi.
2665 5155 2839 5220 ὄχλοιο
2883 5155 3148 5205 τουτέστιν
3186 5157 3216 5220 ἡ
3248 5156 3351 5206 τῶν
3392 5159 3716 5222 πραγμάτων
3743 5157 3836 5207 ικ-

2319 5245 2501 5304 6ασις’
2526 5245 2604 5298 ὅτι
2659 5241 2870 5308 ὄψονται
2912 5240 3040 5292 Θεὸν
3090 5244 3221 5308 μετὰ
3255 5242 3549 5310 ἀνθρώπων
3575 5261 3588 5272 ·
3628 5244 3741 5303 ἔθος
3777 5244 3835 5292 δὲ

2318 5329 2466 5379 τοῦτο
2489 5332 2550 5397 τῇ
2593 5329 2774 5395 Γραφῇ
2821 5326 2938 5376 ἀντὶ
2992 5329 3260 5394 ὀνομάτων
3290 5330 3520 5380 τιθέναι·
3553 5325 3679 5389 οἷον,
3715 5327 3833 5380 Iid-

2317 5419 2498 5467 ιῑεινσν
2573 5419 2633 5468 τὸ
2699 5417 2878 5475 ὄνομα
2931 5418 3130 5477 αὐτοῦ,
3191 5417 3409 5483 Ταχέως
3457 5419 3832 5467 σκύλευσογο

2320 5504 2494 5569 ὀξέως
2515 5506 2942 5571 ,τρίς-ονιῖμειινοιη
2969 5507 3341 5570 γεννηθέντος
3360 5505 3543 5558 αὑτοῦ
3564 5501 3835 5570 προνομῇ
