4138 6342
260 350 388 413 1081

1215 341 1527 402 SCHOLIA
1563 340 1853 404 VETERA
1893 339 1969 396 IN
2004 338 2461 395 MATTHEUM.

3110 238 3141 257 δ

3273 331 3410 394 1082

257 459 502 510 σκύλων
520 452 789 521 ἐγένετοδ
822 452 913 505 καὶ
942 450 1016 515 ὡς
1048 452 1127 514 τὸ,
1154 450 1214 504 Ἡ
1240 450 1409 512 πόλις
1429 447 1787 513 κληθήσεται
1815 451 1858 504 Δ

1779 451 1858 504 ιΔ
1893 445 2023 499 Urbs
2064 445 2327 497 vocabitur
2358 444 2480 495 urbs
2507 443 2754 508 justitiar,
2802 444 3098 503 metropolis
3136 444 3332 511 ρώπως
3360 452 3413 497 et

257 546 427 607 πόλις
487 543 888 607 δικαιοσύνης,
936 542 1293 609 μητρόπολις
1324 536 1544 605 πιστήο
1598 537 1774 590 καίτοι

258 633 485 702 μείνασα
516 630 793 683 καλεῖσθαι
829 630 1194 698 Ἰεροσόλυμα.

322 718 417 779 Th,
458 718 579 769 Οὐκ
622 708 943 784 ἐγίνωσκεν
968 714 1159 780 αὐτὴν
1200 711 1307 775 ἓως
1352 706 1423 765 οὗ
1464 710 1627 762 ἔτεκε
1677 708 1785 762 τόν

254 808 390 859 utor
406 804 593 872 αὐτῆς
610 806 715 857 τὸν
730 803 1115 870 πρωτότοκον,
1146 801 1203 852 οὐ
1226 800 1490 852 δείκνυσιν
1516 800 1594 851 ὅτι
1623 799 1783 868 ἐσχά-

260 910 362 954 τως
388 892 524 954 ἔγνω
552 876 718 961 αὐτήν
738 904 757 922 ⁸
802 891 862 942 τδ
893 889 1019 958 γὰρ,
1052 888 1180 952 ἕως,
1238 888 1296 939 οὐ
1333 888 1555 939 πάντοτε
1598 889 1781 956 χρόνον

255 980 411 1033 ἄλλον
432 970 598 1049 ζητεῖ,
629 980 762 1032 ἀλλὰ
789 977 1044 1039 πολλάκις
1071 978 1151 1038 είς
1180 976 1239 1027 τὸ
1268 975 1509 1043 διηνεκὲς
1532 977 1779 1044 εὑρίσκε-

253 1085 373 1120 ται·
397 1068 473 1131 ὡς
504 1069 582 1130 τὸ,
616 1067 721 1121 Καί
760 1068 869 1132 οὐχ
893 1056 1267 1131 ὑπέστρεψεν
1285 1067 1318 1117 δ
1339 1064 1519 1131 κόραξ
1538 1068 1622 1129 εὶς
1667 1066 1783 1131 τὴν

254 1155 501 1208 κιϐωτὸν
544 1153 653 1218 ἕως
697 1148 767 1207 οὗ
796 1153 1086 1220 ἐξηράνθη
1140 1155 1179 1221 ἠ
1225 1152 1300 1222 τῆ
1324 1170 1339 1185 ·
1378 1154 1549 1206 καίτοι
1576 1170 1638 1220 γε
1664 1154 1780 1206 οὐδὲ

257 1241 393 1308 μετὰ
428 1236 595 1291 ταῦτα
632 1239 968 1307 ὑπέστρεψεο
1003 1240 1099 1293 καὶ
1146 1241 1328 1303 πάλιν,
1374 1241 1677 1294 Ἀνατελεῖ
1712 1242 1779 1293 ὲν

253 1325 383 1390 ταῖς
402 1324 641 1391 ἡμέραις
654 1327 838 1379 αὐτοῦ
858 1326 1225 1396 δικαιοσύνη,
1250 1329 1347 1383 καί
1371 1327 1601 1397 πλῆθος
1626 1330 1780 1395 εἰρή-

252 1430 386 1477 νης.
422 1412 531 1478 ἕως
584 1410 655 1470 οὗ
702 1415 1091 1488 ἀνταναιρεθῇ
1128 1416 1168 1483 ἡ
1205 1417 1470 1485 σελήνη·
1521 1418 1675 1469 τοῦτο
1724 1417 1779 1469 δὲ

252 1497 404 1552 εἶπεν
430 1501 489 1553 οὗ
520 1500 689 1571 πέρας
714 1504 888 1567 διδοὺς
914 1504 990 1573 τῷ
1015 1505 1162 1574 καλῷ
1181 1506 1353 1574 τούτῳ
1368 1505 1505 1573 φωτί
1528 1522 1542 1536 ·
1566 1504 1777 1557 τέθεικε

252 1588 310 1639 δὲ
335 1587 413 1650 τὸ,
444 1588 575 1653 ἕως,
604 1590 690 1641 ἵνα
718 1592 875 1659 μόνον
905 1592 1161 1662 μάθωμεν
1189 1593 1252 1645 τδ
1295 1595 1401 1662 πρὸ
1449 1594 1555 1645 τῶν
1578 1594 1780 1646 ὠδίνων

253 1676 557 1745 ἀνέπαφονο
582 1679 647 1733 τά
666 1680 722 1732 δὲ
745 1680 878 1749 μετά
917 1681 1082 1734 ταῦτα
1127 1683 1256 1750 ἡμῖν
1290 1681 1553 1757 κατέλιπεὶ
1589 1682 1777 1735 συλλο-

1881 548 2001 587 cum
2025 542 2343 600 exspectans
2376 539 2601 584 vocatur
2626 528 2945 584 Jerusalem.

1945 706 2103 760 Vens.
2125 707 2213 759 24.
2244 705 2397 768 Illud,
2425 704 2543 756 Non
2572 706 2905 772 cognoscebat
2931 722 3045 758 eam
3072 707 3232 759 donec
3263 724 3420 775 prpe-

1878 799 1945 848 rit
1974 797 2141 863 ﬁlium
2188 810 2340 847 suum
2373 795 2789 861 primogenitum,
2846 794 3070 850 minime
3114 796 3315 849 indicat
3353 797 3415 850 il-

1885 885 1994 939 lum
2029 884 2217 937 ultimo
2249 885 2391 935 illam
2427 882 2761 951 cognovisse.
2792 881 2905 933 Vox
2937 882 3080 935 enim
3110 885 3274 936 donec
3308 900 3414 938 non

1879 986 2090 1039 semper
2138 972 2281 1024 aliud
2330 970 2393 1024 ad
2446 979 2652 1037 tempus
2699 984 2756 1021 se
2789 969 2975 1033 refert,
3006 969 3101 1023 sed
3145 986 3286 1037 sape
3315 987 3414 1038 pro

1878 1070 2135 1128 perpetuo
2180 1058 2475 1122 invenitur;
2525 1066 2583 1110 ut
2621 1057 2748 1108 illud
2792 1056 2973 1118 etiam,
3022 1053 3143 1107 Non
3182 1072 3414 1109 reuersus

1878 1158 1953 1203 est
1983 1164 2163 1199 corvus
2192 1149 2245 1198 in
2282 1163 2457 1197 arcam
2487 1146 2649 1197 donec
2679 1145 2875 1196 siccata
2903 1153 2979 1195 est
3020 1152 3194 1206 terra;
3224 1158 3415 1211 nempe

1881 1253 1987 1291 non
2020 1245 2203 1305 postea
2234 1248 2482 1288 reversus
2511 1243 2592 1286 est
2622 1252 2635 1286 :
2669 1241 2720 1285 et
2750 1232 2969 1296 iterum,
3004 1230 3185 1298 Surget
3218 1232 3272 1283 in
3303 1232 3415 1283 die-

1879 1330 1970 1377 bus
2001 1326 2111 1392 ejus
2165 1324 2402 1391 justitia,
2468 1332 2515 1375 et
2578 1320 2856 1373 multitudo
2918 1320 3064 1386 pacis
3114 1324 3271 1372 donec
3323 1320 3414 1372 ds-

1878 1424 2113 1466 struatur
2164 1413 2323 1474 tunc;
2372 1412 2471 1465 hoc
2507 1420 2685 1464 autem
2734 1408 2872 1461 dixit
2920 1423 3023 1460 non
3074 1407 3231 1460 linem
3278 1408 3413 1462 dans

1879 1504 2105 1571 pulchro
2151 1503 2241 1555 illo
2288 1502 2499 1562 lumini,
2536 1501 2713 1569 posuit
2759 1514 2884 1553 vero
2913 1500 3072 1551 donec
3119 1509 3177 1551 ut
3219 1498 3416 1552 intelli-

1880 1608 2069 1659 gamus
2102 1592 2274 1645 solum
2320 1591 2609 1644 firmiorem
2655 1589 3108 1642 commotionibus
3153 1589 3417 1642 stabilita-

1882 1692 2010 1736 tem.
2056 1681 2148 1735 llla
2180 1696 2307 1734 vero
2337 1679 2551 1733 tandem
2599 1678 2756 1731 nobis
2805 1677 3017 1745 reliquit
3047 1676 3406 1745 conjicienda,

252 1767 513 1833 γίζεσθαι,
536 1768 616 1821 ὅτι
639 1768 734 1839 τὴν
761 1769 929 1833 οὕτως
952 1773 1285 1841 γεννήσασαν
1308 1773 1403 1824 οὐκ
1431 1772 1497 1826 ἂν
1528 1774 1779 1840 ὑπέμεινε
1815 1763 1854 1816 Β
1883 1809 1886 1821 .

1815 1763 1854 1816 Β
1883 1771 2103 1839 Joseph,
2133 1785 2255 1823 cum
2290 1769 2467 1837 justus
2508 1776 2669 1833 esset,
2700 1768 2838 1819 hanc
2870 1775 2991 1835 post
3015 1766 3173 1819 talem
3205 1775 3413 1834 partum

252 1854 449 1921 γνιῖιναι
478 1856 682 1921 δίκαιος
708 1857 784 1911 ὢν
808 1860 836 1911 ὁ
879 1859 1095 1929 Ἰωσήφ.
1122 1860 1242 1922 Πῶς
1271 1861 1483 1928 ἀδελφοὶ
1532 1860 1621 1911 τοῦ
1649 1862 1779 1928 Χρι-

254 1942 381 1995 στοῦ
413 1944 652 2012 λέγονται
680 1948 727 1999 οἱ
756 1948 880 2017 περὶ
913 1949 1189 2014 Ἰάκωϐονς
1232 1949 1317 2011 Ὠς
1336 1953 1427 2001 καὶ
1464 1948 1655 2016 Ἰωσὴφ
1682 1950 1780 2015 τῆς

251 2030 465 2099 Μαρίας
495 2034 632 2104 ἀνήρ
653 2049 671 2066 ⁸
701 2036 906 2089 ἐκείνου
935 2037 1040 2105 γὰρ
1065 2033 1202 2106 ἦσαν
1224 2038 1405 2097 παῖδες
1428 2038 1490 2087 ὲκ
1518 2026 1781 2105 προτέρας

251 2120 536 2184 γυναικός·
566 2121 653 2175 διὰ
699 2124 791 2176 τὸν
836 2124 1162 2192 καλούμενον
1196 2120 1287 2176 οὖν
1339 2124 1566 2193 πατέρα,
1606 2126 1700 2176 καὶ
1728 2126 1780 2176 οἱ

249 2203 348 2257 τοῦ
381 2206 585 2274 πατρὸς
600 2209 739 2273 υίοὶ,’
754 2210 989 2277 ἀδελφοί.

832 2298 1076 2365 ΚΕΦΑΛ.
1124 2296 1195 2348 B'.

320 2385 427 2438 Τὸν
453 2385 638 2453 χρόνον
667 2384 901 2455 Ἡρώδου
928 2384 1101 2452 λέγει·
1132 2385 1262 2438 διότι
1284 2387 1375 2439 καὶ
1398 2386 1577 2456 ἕτερος
1616 2386 1779 2457 Ἦρώς

253 2473 347 2544 δης
379 2474 613 2541 λέγεται,
636 2472 693 2535 ὃς
724 2473 926 2526 ἀνεῖλεν
946 2473 1034 2525 τὸν
1074 2475 1396 2543 Πρόδρομον.

325 2566 461 2626 Τοὺς
490 2566 691 2633 μάγους
737 2566 817 2626 είς
871 2564 1085 2634 ἔλεγχον
1133 2565 1240 2618 τῶν
1281 2565 1544 2619 Ἰουδαίων
1584 2568 1779 2638 ἤνεγκε

254 2655 639 2724 προσκυνῆσαι,
669 2656 753 2707 ἵνα
806 2655 952 2722 παρὰ
982 2654 1267 2723 βαρϐάρων
1318 2656 1555 2723 μάθωσιν
1602 2656 1638 2709 ἃ
1678 2660 1779 2710 οὐκ

255 2743 442 2809 ἧθελον
473 2742 658 2809 μαθεῖν
693 2741 799 2794 ἀπὸ
822 2743 1111 2809 προφητῶν
1148 2743 1195 2793 οί
1231 2741 1483 2798 Ἰουδαῖοι.

324 2830 397 2881 Οὐ
428 2831 495 2881 δι’
535 2828 760 2897 ἀγγέλου
808 2832 931 2892 τοὺς
994 2832 1196 2899 μάγους
1238 2832 1478 2899 ἤνεγκεν,
1513 2832 1643 2885 ἀλλὰ
1692 2833 1779 2885 διά

254 2916 362 2968 τῶν
410 2917 650 2985 συνήθων
702 2920 971 2986 ἀστέρων’
1014 2919 1112 2972 κᾶν
1164 2920 1269 2987 γάρ
1325 2921 1546 2985 ἄγγελος
1587 2918 1675 2989 ἦν,
1705 2922 1780 2983 ὡς

1888 1875 2215 1929 cognoscere
2232 1874 2336 1911 non
2353 1860 2695 1913 sustinuisse.
2717 1859 2999 1922 Quomodo
3014 1857 3206 1913 fratres
3218 1858 3418 1911 Christi

1879 1950 2133 2001 dicuntur
2173 1946 2408 2000 Jacobus
2462 1955 2516 2000 et
2562 1948 2684 1999 alii?
2736 1947 2889 2009 Quod
2941 1946 3139 2015 Joseph
3188 1948 3267 2000 vir
3303 1958 3418 2001 erat

1876 2036 2091 2099 Mariae;
2122 2035 2238 2101 ejus
2278 2035 2418 2086 enim
2469 2043 2621 2087 erant
2647 2034 2738 2086 ﬁlii
2776 2049 2805 2087 e
2835 2035 3011 2101 priore
3047 2035 3269 2088 muliere
3298 2051 3419 2090 sus-

1878 2124 2046 2192 cepti;
2087 2140 2207 2177 cum
2243 2139 2372 2190 ergo
2427 2124 2514 2175 ille
2540 2132 2687 2189 pater
2712 2123 2910 2176 Christi
2936 2124 3222 2187 diceretur,
3250 2127 3418 2193 patris

1876 2228 2090 2282 quoque
2124 2213 2237 2275 lilii,
2262 2212 2462 2266 Christi
2490 2210 2680 2265 fratres
2700 2212 3034 2265 dicebantur.

2484 2298 2706 2351 CAPUT
2746 2300 2811 2351 11.

1948 2388 2108 2444 Vens.
2141 2390 2189 2444 l.
2211 2388 2272 2441 In
2294 2388 2472 2441 diebus
2507 2388 2724 2440 Herodis
2754 2389 2901 2453 dicit,
2925 2388 3049 2456 quia
3073 2388 3208 2443 alius
3232 2389 3403 2444 [iero-

1877 2478 1972 2531 des
1995 2487 2306 2530 numeratur
2336 2477 2426 2544 qui
2455 2474 2844 2529 Praacursorem
2876 2477 3112 2529 abstulit.

1946 2566 2129 2634 Magos
2162 2566 2212 2618 in
2241 2563 2552 2617 Judaaorum
2576 2564 3071 2616 condemnationem
3105 2564 3413 2619 adoravisse

1879 2655 2015 2709 dixit
2039 2664 2175 2708 utex
2206 2653 2452 2706 Barbaris
2473 2654 2680 2706 discant
2697 2653 2835 2721 quod
2853 2668 2881 2706 e
2906 2654 3182 2721 prophetis
3210 2656 3415 2708 discere

1879 2744 2159 2797 noluerant
2195 2736 2387 2795 Judaei.

1948 2831 2107 2884 Vens.
2147 2830 2201 2882 2.
2232 2829 2345 2883 Non
2379 2844 2473 2896 per
2517 2830 2756 2897 angelum
2812 2827 2991 2899 Magos
3034 2829 3265 2883 monitos
3297 2844 3416 2883 esse

1880 2926 2082 2977 narrat,
2114 2919 2203 2969 sed
2235 2931 2327 2983 per
2357 2916 2542 2968 solitas
2583 2916 2689 2967 illis
2720 2916 2940 2979 stellas;
2990 2917 3146 2968 etiam
3195 2917 3238 2968 si
3270 2917 3412 2968 enim

252 3004 429 3071 ἀστὴρ
465 3004 747 3057 ἐδείκνυτο.
805 3006 862 3056 '0
897 3007 1068 3074 ἀστὴρ
1104 3009 1131 3058 ό
1183 3008 1385 3072 φανεὶς,
1424 3009 1645 3077 δύναμίς
1696 3026 1778 3069 τις
1805 3042 1846 3098 c
1883 3023 1886 3053 ε

1805 3042 1846 3098 C
1883 3005 2103 3071 angelus
2150 3003 2361 3064 fuisset,
2402 3011 2459 3055 ut
2490 3003 2639 3055 Stella
2671 3005 2935 3070 apparuit.
2968 3004 3129 3057 Stella
3166 3006 3263 3058 ista
3292 3021 3412 3073 quae

252 3089 321 3162 ἦν
352 3094 578 3161 ἀόρατος
643 3095 722 3156 είς
749 3094 961 3163 ταύτην
1005 3095 1316 3162 φαινόμενος
1367 3097 1464 3165 τὴν
1488 3098 1608 3166 ὄψιν
1632 3115 1647 3129 ⁸
1686 3101 1777 3151 καὶ

255 3184 363 3249 γὰρ
387 3182 489 3233 ἀπὶ)
516 3183 713 3252 ἄρκτου
742 3185 820 3244 είς
848 3183 1187 3252 μεσημϐρίαν
1211 3185 1488 3253 ἐφαίνετο·
1506 3187 1645 3239 οὕτω
1674 3190 1777 3258 γάρ

254 3270 288 3337 ὴ
318 3268 641 3339 Παλαιστίνη
674 3270 806 3338 πρὸς
842 3271 937 3337 τὴν
974 3269 1207 3338 Περσίδα
1261 3273 1437 3324 κεῖται
1462 3289 1477 3305 ο
1533 3272 1779 3344 δεύτερον

255 3357 347 3408 καὶ
381 3357 460 3407 ὅτι
489 3358 545 3407 ὲν
580 3357 894 3426 μεσημϐρίᾳ
927 3357 1189 3425 ἐφαίνετο,
1220 3360 1316 3412 οὐκ
1343 3355 1408 3429 ἦν
1432 3362 1601 3431 ἀστήρ
1625 3379 1640 3395 ·
1664 3364 1779 3432 τρί-

253 3461 343 3495 τον
371 3444 474 3495 ἀπὸ
527 3444 619 3496 τοῦ
653 3445 931 3512 φαίνεσθαι
966 3447 1059 3499 καὶ⁸
1107 3447 1465 3515 κρύπτεσθαι·
1525 3451 1779 3519 τέταρτον

252 3528 362 3578 ἀπὸ
410 3529 503 3579 τοῦ
540 3529 687 3581 κάτω
717 3526 853 3583 εἶναι
875 3547 889 3560 ·
923 3532 971 3582 εί
1004 3532 1109 3601 γὰρ
1152 3534 1261 3585 ἀνω
1289 3529 1373 3602 ἦν,
1414 3535 1511 3588 οὐκ
1559 3538 1778 3606 ἠρκεῖτο

254 3613 385 3681 ὕψος
414 3618 604 3685 μικρὸν
630 3619 791 3671 τόπον
819 3622 1232 3690 χαρακτηρίσαι.

324 3790 415 3849 Τὸ,
455 3791 571 3840 Οὐκ
606 3790 869 3855 ἐκλείψει
890 3793 1083 3855 ἅρχων
1118 3793 1185 3855 ἐξ
1223 3794 1411 3854 Ἰούδα
1432 3798 1569 3848 οὐδὲ
1599 3800 1776 3865 ἡγού-

253 3890 427 3937 μενος
452 3874 520 3925 ἐκ
550 3872 661 3923 τῶν
696 3874 897 3940 μηρῶν
948 3876 1150 3935 αὑτοῦ.
1180 3878 1288 3942 ἕως
1308 3880 1381 3931 ἂν
1398 3882 1542 3948 ἔλθῃ
1574 3883 1604 3933 ὃ
1628 3885 1774 3936 ἀπό-

253 3979 454 4025 κειται,
481 3962 576 4014 καὶ
621 3964 796 4026 αὐτὸς
846 3964 1167 4029 προσδοκία
1198 3967 1401 4032 ἐθνῶν,
1453 3971 1621 4032 αὔτως
1663 3973 1779 4023 λύε-

250 4070 336 4105 ται
366 4069 379 4082 ο
431 4051 667 4121 Ἡρώδης
726 4054 1010 4120 ἀλλόφυλος
1062 4054 1157 4118 ὢν,
1207 4059 1335 4118 ,καὶ
1386 4060 1539 4111 τοῦτο
1592 4062 1776 4128 λέγει’

263 4145 565 4207 Ἐεέλιπον
592 4144 695 4211 γὰρ
709 4147 759 4196 ol
794 4146 1061 4198 Ἰουδαῖοι
1087 4147 1246 4213 ἔχειν
1264 4148 1570 4217 ἄρχοντας.

318 4232 415 4283 Διά
443 4232 491 4284 τί
524 4233 877 4301 ἐρωτηθέντες
913 4234 1062 4303 παρὰ
1082 4236 1170 4287 τοῦ
1206 4237 1458 4303 βασιλέως,
1486 4236 1634 4291 εἶπον
1680 4243 1777 4311 τὴν

1879 3100 1992 3150 visa
2019 3106 2120 3160 est,
2158 3109 2393 3165 potestas
2438 3098 2551 3150 erat
2595 3098 2837 3165 quaedam
2888 3099 3173 3153 invisibilis
3216 3101 3267 3152 in
3313 3102 3414 3154 hoc

1879 3194 2098 3253 aspectu
2140 3202 2434 3253 apparens;
2492 3202 2613 3238 nam
2662 3203 2689 3239 ιι
2739 3189 3103 3254 septentrione
3144 3190 3208 3241 ad
3262 3191 3415 3242 meri-

1879 3273 2019 3326 diem
2057 3274 2166 3327 visa
2193 3284 2300 3339 est;
2328 3275 2405 3328 sic
2436 3275 2575 3327 enim
2608 3274 2887 3328 Palaestina
2912 3278 2976 3328 ad
3002 3276 3271 3332 Persidem
3311 3281 3413 3334 sita

1878 3367 1994 3421 est;
2027 3360 2265 3412 secundo
2310 3359 2435 3425 quia
2468 3360 2517 3411 in
2569 3361 2791 3415 meridie
2824 3364 2937 3416 visa
2984 3372 3082 3424 est,
3128 3367 3275 3418 stella
3306 3383 3411 3420 non

1878 3453 2020 3507 erat;
2055 3445 2212 3495 tertio
2264 3447 2389 3511 quia
2417 3445 2696 3498 videbatur
2712 3456 2765 3500 et
2793 3448 3194 3515 occultabatur;
3222 3464 3412 3519 quarto

1880 3530 2005 3597 quia
2052 3532 2104 3583 in
2140 3541 2289 3599 parte
2334 3534 2458 3586 coeli
2494 3533 2745 3588 inferiore
2778 3545 2911 3591 erat.
2960 3538 3014 3591 Si
3057 3542 3198 3592 enim
3236 3542 3287 3593 in
3324 3558 3414 3595 su-

1878 3621 2087 3687 periore
2110 3621 2316 3683 fuisset,
2350 3638 2453 3676 non
2476 3624 2737 3691 potuisset
2762 3634 2906 3680 tanta
2932 3629 3157 3682 altitudo
3192 3648 3409 3699 parvum

1881 3708 2053 3759 locum
2080 3710 2330 3763 indicare.

1948 3794 2109 3847 Vens.
2140 3796 2191 3848 6.
2229 3796 2380 3860 Illud,
2431 3798 2549 3849 Non
2587 3801 2855 3866 auferetur
2879 3816 3134 3867 sceptrum
3162 3809 3225 3858 de
3244 3809 3407 3868 Juda,

1877 3888 1924 3931 et
1954 3881 2060 3931 dua:
2096 3883 2158 3932 de
2197 3884 2389 3947 femore
2434 3885 2565 3949 ejus,
2610 3888 2769 3939 donec
2800 3891 2968 3941 veniat
3013 3895 3101 3960 qui
3131 3896 3410 3949 mittendus

1877 3976 1973 4035 est,
2015 3984 2062 4023 et
2108 3976 2214 4039 ipse
2239 3979 2558 4043 exspectatio
2591 3980 2841 4046 gentium,
2877 3982 2947 4035 ita
2991 3985 3258 4038 solvitur:
3309 3989 3410 4041 lle—

1879 4063 2035 4114 rodes
2080 4064 2377 4132 alienigena
2423 4076 2557 4131 erat,
2600 4077 2653 4120 et
2702 4069 2831 4122 illud
2878 4071 3044 4125 dicit:
3076 4071 3409 4128 Cessaverant

1877 4151 2009 4201 enim
2037 4150 2210 4204 Judazi
2240 4170 2373 4221 reges
2400 4155 2600 4210 habere.

1951 4236 2127 4301 Quare
2181 4241 2491 4310 interrogati
2539 4259 2566 4293 a
2617 4259 2740 4314 rege
2780 4246 3031 4301 dixerunt
3075 4252 3407 4319 prephetia'm

256 4321 584 4388 προφητείαν
628 4321 728 4382 ἕως
754 4324 832 4383 τὸ,
866 4325 1139 4391 Ποιμανεῐ
1169 4326 1271 4378 τὸν
1313 4330 1463 4379 λαόν
1514 4348 1629 4395 μου
1676 4333 1780 4384 τὸν
1809 4342 1854 4397 D
1884 4340 1890 4373 ¹

1749 4350 1780 4384 ν
1809 4342 1854 4397 ι)
1884 4340 2048 4392 usque
2081 4327 2202 4391 huc,
2239 4327 2420 4380 Pascet
2450 4332 2692 4397 papulum
2724 4350 2888 4385 meum
2919 4336 3101 4401 Israel,
3137 4354 3237 4392 non
3266 4342 3383 4409 adje

267 4408 529 4472 Ἰσραὴλ,
560 4409 618 4458 οὐ
642 4410 976 4477 προσέθηκαν
1008 4412 1080 4473 δὲ,
1118 4415 1221 4464 Καὶ
1244 4414 1438 4475 ἔξοδοι
1474 4419 1657 4470 αὐτοῦ
1714 4421 1781 4482 ἐξ

254 4495 485 4562 ἡμερῶν
499 4495 739 4561 αἰῶνοςῚ
766 4499 910 4550 Ἐπεὶ
931 4503 1063 4566 πρὸς
1094 4502 1246 4568 χάριν
1278 4505 1366 4555 καὶ
1400 4507 1778 4573 κολακεύοντες

254 4586 487 4637 ἐλάλουν.

323 4674 420 4723 Διὰ
445 4674 495 4726 τί
524 4674 646 4736 τοὺς
702 4678 900 4743 μάγους
945 4679 1091 4727 καλεῖ
1138 4677 1372 4747 Ἡρώδης
1409 4682 1580 4748 λάθρα
1614 4700 1626 4746 ;
1657 4685 1795 4761 Ὀτιμ

253 4760 465 4828 ἐνόμιζε
500 4763 622 4822 τοὺς
668 4762 942 4824 Ἰουδαίους
985 4765 1235 4831 κήδεσθαι
1288 4766 1379 4817 τοῦ
1414 4769 1619 4820 παιδίου
1656 4787 1669 4801 ο
1697 4764 1793 4822 ἐτι

250 4848 305 4899 δὲ
336 4850 430 4900 καὶ
452 4850 657 4901 ἀνελεῖν
684 4853 943 4921 ἐπιχειρεῖ
977 4854 1038 4905 τὸ
1071 4854 1274 4921 τεχθέν.

316 4937 388 4986 Οὐ
425 4936 512 4987 τὸν
541 4939 724 5004 χρόνον
743 4938 834 4989 τοῦ
856 4941 1083 5000 παιδίου,
1100 4941 1329 4998 mmo
1357 4944 1575 5013 ἀστέρος
1600 4946 1769 5014 ζητεῖ,

250 5024 310 5073 ὲκ
342 5023 536 5090 πολλῆς
567 5029 873 5092 περιουσίας
900 5030 956 5079 τὸ
997 5032 1221 5098 πρᾶγμα
1250 5033 1494 5099 ἐρευνῶν.

318 5111 440 5170 Πῶς
458 5111 545 5161 τοῦ
570 5114 750 5164 Λουκᾶ
777 5116 832 5164 ὲν
855 5117 1022 5184 φάτνῃ
1056 5118 1293 5183 λέγοντος
1326 5121 1549 5184 κεῖσθαι,
1574 5124 1601 5172 ὁ
1622 5123 1771 5175 Ματ-

250 5197 394 5257 Baio;
426 5198 515 5247 ἐπὶ
567 5199 672 5249 τῶν
707 5203 941 5265 γονάτων
981 5206 1076 5272 τῆς
1117 5209 1317 5273 μητρὸς
1344 5209 1521 5273 λέγει;
1551 5211 1666 5279 Χρὴ
1713 5214 1767 5265 δὲ

250 5289 403 5344 νοεῖν,
440 5286 517 5337 ὅτι
546 5289 842 5355 γεννήσασα
871 5293 956 5343 διὰ
989 5294 1046 5343 τὸ
1074 5294 1146 5361 μὴ
1179 5292 1313 5347 εἶναι
1360 5299 1519 5349 τόπον
1556 5300 1642 5351 διὰ
1666 5303 1764 5371 τὴν

250 5378 351 5464 ἀ-πὺ
367 5378 465 5443 τῆς
484 5378 795 5447 ἀπογραφῆς
819 5381 1040 5447 πληθὺν,
1070 5385 1336 5439 ἀνέκλινεν
1365 5390 1420 5439 ἐν
1450 5391 1509 5459 τῇ
1567 5393 1761 5464 φάτνῃ,

250 5460 359 5519 εἶτα
394 5465 486 5517 καὶ
517 5466 603 5516 ἐπὶ
627 5467 730 5517 τὼν
753 5468 984 5533 γονάτων
1018 5470 1236 5526 ἀνεῖλεν.

1880 4426 2069 4467 cerunt
2093 4427 2291 4480 autem,
2326 4418 2390 4469 Et
2414 4436 2647 4487 egressus
2670 4423 2780 4489 ejus
2800 4441 2829 4475 a
2858 4424 3034 4477 diebus
3063 4431 3407 4482 (εἰει-κείαιὶδῖ

1880 4503 2010 4565 Quia
2038 4508 2367 4571 gratulantes
2398 4518 2450 4560 et
2478 4510 2761 4565 adulantes
2788 4514 3164 4580 loquebantur.

1944 4682 2101 4735 Vens.
2129 4686 2177 4735 7.
2212 4685 2387 4747 Quare
2411 4688 2545 4739 clam
2585 4690 2765 4757 Magos
2793 4702 2949 4744 vocat
2975 4692 3403 4764 llerodes?Quia

1872 4773 2084 4835 putabat
2119 4772 2330 4825 Judzeos
2358 4777 2422 4827 de
2453 4792 2618 4843 puern
2649 4794 2858 4845 curare,
2894 4783 3069 4839 adhuc
3108 4799 3282 4843 autem
3308 4808 3404 4845 anc

1870 4857 2011 4909 ferre
2043 4860 2397 4913 meditabatur
2428 4866 2735 4929 parvulum.

1936 4946 2048 4997 N0“
2102 4950 2253 5015 Pueri
2301 4960 2531 5021 telnpUS,
2578 4957 2669 5010 sed
2715 4960 2903 5027 stellae,
2936 4962 3177 5032 inquirit,
3218 4980 3399 5031 super-

1869 5051 2029 5088 vacue
2059 5054 2168 5091 rem
2208 5044 2517 5108 explorans.

1939 5125 2097 5182 Vens.
2122 5130 2519 5201 ll.Quomodo,
2544 5136 2683 5191 Luca
2707 5140 2910 5194 dicente
2931 5156 3148 5208 puerum
3183 5140 3231 5189 in
3264 5153 3390 5204 prae-

1868 5217 2015 5282 sopio
2032 5220 2296 5282 reclinari,
2315 5222 2592 5277 Matthseus
2620 5229 2670 5279 in
2690 5232 2870 5281 matris
2888 5230 3107 5294 genibus
3132 5225 3293 5278 fuisse
3311 5228 3395 5280 di-

1866 5307 1977 5359 cit?
2008 5308 2311 5363 Putandnm
2342 5326 2438 5375 est,
2472 5316 2631 5380 quod,
2670 5332 2788 5368 cum
2833 5331 2933 5366 non
2975 5324 3109 5366 esset
3141 5316 3292 5370 locus
3325 5318 3394 5371 ob

1868 5399 2255 5452 multitudinem
2289 5404 2354 5455 ad
2383 5404 2788 5470 descriptionem
2833 5402 3132 5467 adductam,
3162 5408 3390 5461 reclina-

1867 5488 1999 5535 verit
2032 5502 2150 5540 cum
2178 5488 2226 5541 in
2271 5491 2545 5558 praesepio,
2564 5489 2753 5545 deinde
2779 5489 2829 5541 in
2863 5492 3086 5559 genibus
3116 5511 3235 5549 cum
3274 5514 3392 5553 sus-

1866 5574 2061 5626 tulerit.
