4138 6342
352 354 489 421 1085
1308 356 1621 418 SCHOLIA
1653 356 1941 417 VETEBA

1981 360 2062 420 IN
2101 362 2562 423 MATTH/EUM.
3372 363 3507 429 1086

353 464 580 534 Πνεῦμα
636 461 937 534 πραότητός
987 464 1101 517 ἐστι
1148 464 1380 534 πνεῦμα,
1413 466 1502 519 διὰ
1537 468 1692 519 τοῦτο
1740 470 1879 521 οὕτω
1909 476 1953 537 Α

1983 482 2200 527 sanctus
2263 474 2498 542 Spiritus
2532 467 2960 531 mansuetudinis
2987 484 3071 531 est
3116 476 3354 544 spiritus,
3390 478 3508 533 ideo

348 554 591 623 φαίνεται
626 570 640 587 ο
672 553 765 606 καὶ
792 554 878 608 διά
904 554 964 607 τὸ
1010 554 1450 621 εὐαγγελίσασθαι
1478 555 1574 625 τὴν
1625 558 1876 624 Περιστε-

1977 565 2095 617 Ialis
2119 563 2359 626 videtur,
2400 572 2453 617 et
2479 567 2605 633 quia
2645 566 2909 619 nuntiavit
2946 568 3194 620 columba
3227 566 3383 620 ﬁnem
3425 567 3509 620 di-

350 644 452 713 ph
480 643 575 713 τὴν
595 642 745 696 λύσιν
764 644 853 697 τοῦ
875 645 1248 715 κατακλυσμώ
1276 660 1292 675 ο
1329 646 1423 697 καὶ
1452 646 1559 715 γὰρ
1582 646 1640 696 τὺ
1663 645 1877 714 πνεῦμα

1972 653 2133 716 luvii;
2166 654 2360 707 ctenim
2393 652 2625 720 Spiritus
2655 653 2809 708 nobis
2839 655 3101 709 malorum
3128 655 3288 710 linem
3311 656 3509 711 attulit.

350 732 500 786 λύσιν
524 734 630 787 τῶν
653 733 834 787 κακῶν
854 736 984 804 ἡμῖν
1034 737 1205 807 ἧγαγε
1238 751 1255 768 ·
1285 735 1567 802 γινώσκειν
1596 735 1651 787 δὲ
1694 735 1772 789 δεί
1797 737 1878 788 ὅτι

1975 740 2306 810 Cognoscere
2327 751 2499 795 autem
2520 749 2731 810 oportet
2759 756 2864 794 non
2893 751 3160 806 naturam,
3181 744 3271 797 sed
3294 745 3513 811 speciem

348 823 433 886 ού,
450 822 630 885 Φύσει,
663 819 836 887 εἴπεν,
865 824 999 889 ἀλλ’,
1030 826 1129 878 Ἐν
1153 823 1293 877 εῖδει
1319 822 1686 891 περιστερᾶς,
1711 824 1795 877 διὰ
1819 825 1880 877 τὸ

1980 830 2230 884 columbis
2261 829 2484 893 dixisse,
2523 830 2661 899 quod
2681 831 2863 898 rapide
2896 839 2947 883 et
2977 829 3253 897 splendide
3287 831 3511 885 descen-
3585 880 3587 883 .

353 910 615 979 ῥαγδαίως
641 911 733 963 καὶ
758 911 1025 979 φωτεινῶς
1071 912 1482 980 κατεληλυθέναι
1512 927 1526 941 ·
1548 914 1604 964 ἑν
1631 911 1759 965 εῖδει
1778 912 1870 967 οὖν

1976 920 2085 987 dit;
2116 919 2169 974 in
2200 921 2379 989 specie
2400 921 2561 989 igitur
2615 919 2871 973 columbae
2916 918 3205 973 descensus
3246 918 3368 985 fuit,
3401 936 3506 974 non

353 1001 726 1077 περιστερᾶςή
760 1001 1067 1065 κατάϐασις,
1098 1001 1208 1053 ἀλλ’
1268 1001 1385 1068 ούχὶ
1409 1000 1584 1070 μορφὴ
1616 998 1753 1064 {titan
1785 1043 1788 1046 .

1979 1018 2155 1063 autem
2182 1009 2435 1065 animalis
2469 1008 2664 1063 forma.

421 1089 516 1140 Διά
539 1088 692 1161 τοῦτο
716 1088 891 1156 ἔμεινε
938 1090 998 1139 τὸ
1026 1088 1245 1157 Πνεῦμα
1266 1089 1357 1139 ἐπὶ
1396 1089 1487 1139 τὸν
1518 1089 1766 1157 Χριστὸν,
1797 1091 1883 1153 ἴνα

2048 1096 2127 1151 0b
2150 1098 2252 1151 hoc
2281 1098 2478 1151 mansit
2530 1096 2759 1164 Spiritus
2794 1111 2953 1164 super
2987 1095 3281 1154 Christum.
3309 1102 3368 1149 ut
3420 1110 3513 1148 vo-

357 1176 390 1242 ή
416 1174 613 1228 ἄνωθεν
642 1175 791 1242 φωνὴ
824 1174 947 1243 περὶ
970 1173 1153 1225 τούτου
1194 1172 1440 1243 νομισθῇ,
1470 1173 1605 1227 ἀλλὰ
1640 1174 1718 1244 μὴ
1742 1174 1870 1245 περὶ

1980 1201 2095 1239 cem
2124 1187 2191 1239 de
2233 1187 2368 1239 cmlo
2399 1186 2463 1239 ad
2514 1185 2659 1239 illum
2689 1186 2942 1239 directam
2976 1186 3293 1253 putaverint,
3322 1191 3376 1237 et
3400 1196 3506 1235 non

370 1264 629 1317 Ἰωάννου.

958 1368 1206 1422 ΚΕΦΔΛ.
1230 1365 1301 1422 Δ’.

432 1474 567 1527 Τότε
596 1466 1055 1541 ἀνήχθηίφησὶν,
1095 1472 1212 1527 ὑπὸ
1240 1473 1345 1527 τοῦ
1372 1474 1712 1541 Πνεῦματος
1757 1488 1883 1527 πει-

352 1561 649 1630 ρασθῆναι
668 1576 682 1590 °
716 1561 819 1614 ὑπὸ
846 1560 934 1613 τοῦ
969 1562 1125 1629 ἁγίου
1158 1562 1465 1630 [πνεύματος
1490 1563 1636 1630 λέγει
1665 1578 1681 1596 ο
1722 1564 1884 1616 πάλιν

359 1654 440 1714 τδ,
465 1652 615 1715 τότε,
642 1651 738 1702 ούκ
766 1650 925 1712 εὐθὺς
955 1649 1303 1719 λαμϐάνεται,
1336 1650 1448 1703 ἀλλ’
1474 1649 1593 1705 ἀντὶ
1631 1650 1745 1715 τοῦ,
1775 1649 1884 1713 τοῖς

360 1741 570 1808 καιροῖς
592 1738 829 1800 ἐκείνοις.
1032 1802 1035 1804 _

431 1830 741 1900 Πειράζεται
763 1827 853 1882 καὶ
888 1828 965 1891 είς
998 1827 1194 1897 ἔρημον
1221 1828 1472 1896 ἀνάγεται
1498 1828 1591 1881 καὶ
1620 1826 1883 1898 νηστεύει,

359 1917 530 1979 διδοὺς
574 1917 736 1971 τύπον
761 1919 890 1988 ἡμῖν
934 1920 1178 1989 νηστείας
1221 1920 1312 1973 καὶ
1366 1922 1636 1990 ὑπομονῆς
1696 1937 1885 1990 πειρα-

366 2022 547 2078 σμων.

434 2096 598 2149 Πόθεν
622 2097 768 2164 λέγει
790 2098 1064 2161 ἀκούσαςό
1094 2098 1333 2157 διάϐολος
1355 2099 1433 2161 τὸ,
1458 2100 1524 2149 El
1558 2100 1688 2162 Υἱὸς
1708 2096 1763 2152 εἳ
1780 2099 1885 2153 τοῦ

365 2185 544 2249 Θεοῦ;
574 2187 665 2238 καὶ
708 2186 822 2255 τῆς,
848 2186 1049 2239 ἄνωθεν
1086 2188 1266 2253 φωνῆς
1294 2187 1487 2254 ἤκουσε
1514 2187 1605 2239 τοῦ
1644 2188 1885 2241 Ἰωάννου

360 2272 515 2326 τοῦτο
543 2273 787 2339 λέγοντος
820 2289 835 2304 ο
860 2273 907 2324 εί
939 2272 994 2324 δὲ
1040 2272 1346 2339 ἀμφέϐαλλε
1393 2273 1616 2341 πότερον
1661 2276 1709 2325 εἰ
1743 2272 1887 2327 ἔστιν

363 2361 490 2424 Υἱὸς
524 2359 616 2413 τοῦ
653 2358 844 2429 Θεοῦῆ
882 2360 978 2412 οὐκ
1006 2358 1167 2423 εστιν,
1201 2360 1285 2412 διὰ
1312 2359 1371 2410 τὸ
1400 2361 1648 2431 πεινῆσαι
1698 2361 1792 2413 καλ⁸
1822 2361 1888 2413 τὰ

361 2451 460 2519 τῆς
485 2448 795 2518 σωματικῆς
825 2445 1081 2516 ινδημίας
1099 2446 1377 2514 πράττειν.
1457 2483 1459 2486 ι

434 2539 539 2592 Τοῦ
567 2539 746 2591 Λουκᾶ
777 2537 1022 2607 λᾶγοντος
1041 2538 1120 2591 ὅτι
1148 2537 1320 2591 πάντα
1356 2538 1658 2609 πειρασμὸν
1709 2538 1889 2608 ἐκίνη-

364 2645 475 2694 σεν,
505 2629 779 2699 νοήσωμεν
804 2627 881 2691 ὡς
922 2627 991 2682 τὰ
1036 2627 1300 2695 κεφάλαια
1332 2628 1439 2680 τῶν
1466 2630 1780 2699 πειρασμῶν
1811 2648 1893 2685 κι-

365 2722 643 2789 νήσαντος,
682 2718 850 2782 οὕτως
880 2715 1029 2772 εἶπεν
1063 2733 1078 2749 ο
1109 2718 1177 2771 τά
1204 2721 1312 2788 γάρ
1342 2719 1553 2788 χείρονα
1578 2719 1685 2771 τῶν
1714 2723 1891 2789 ἀμαρ-

363 2809 615 2879 τημ-άτων
645 2809 1044 2879 γαστριμαργία
1068 2808 1183 2862 ἐστὶ
1208 2810 1301 2862 καὶ
1336 2809 1602 2877 κενοδοξία
1617 2811 1708 2864 καὶ
1723 2810 1894 2880 ἀπλη-

367 2896 488 2949 στία
512 2913 616 2966 χρη
626 2899 828 2964 μάτων.
1395 2884 1398 2889 Ι

433 2985 530 3038 Διὰ
558 2984 712 3037 τοῦτο
740 2976 971 3047 ἀκούσας
998 2986 1025 3037 δ
1070 2986 1292 3056 Ἰησοῦς
1320 2987 1403 3040 δτι
1462 2985 1708 3054 Ἰωάννης
1760 3002 1891 3056 παρ·

1979 1273 2046 1326 ad
2065 1272 2347 1326 Joannem.

2568 1377 2788 1433 CAPUT
2836 1376 2925 1432 IV.

2052 1476 2211 1535 Vens.
2242 1478 2295 1533 1.
2330 1476 2472 1531 Tunc
2488 1479 2669 1532 ductus
2696 1490 2792 1541 est,
2818 1481 3013 1547 inquit,
3041 1496 3071 1532 a
3103 1480 3291 1548 spiritu
3321 1486 3506 1533 atten-

1986 1582 2205 1636 taretur,
2231 1572 2283 1625 id
2340 1581 2425 1626 est
2459 1586 2489 1625 a
2535 1560 2719 1626 sancto
2751 1570 2973 1641 Spiritu.
3004 1573 3197 1624 lterum
3235 1587 3334 1624 vox
3368 1580 3510 1633 tunc,

1986 1677 2089 1715 non
2119 1660 2400 1715 confestim
2430 1660 2714 1730 signiﬁcat,
2746 1660 2839 1715 sed
2886 1673 3004 1729 pro,
3034 1659 3140 1715 illis
3165 1658 3510 1727 temporibus,

1991 1752 2238 1807 sumitur.

1991 1766 2238 1807 sumitur.

1919 1766 1989 1845 Β·
2053 1836 2386 1899 Tentatur,et
2411 1834 2465 1888 in
2485 1834 2753 1889 desertum
2779 1835 3082 1902 ducitur,et
3104 1836 3331 1905 jejunat,
3363 1836 3516 1891 nobis

1984 1927 2224 1995 praebens
2265 1924 2567 1992 exemplum
2596 1923 2787 1991 jejunii
2829 1932 2881 1977 et
2918 1925 3265 1978 tentationum
3304 1926 3513 1994 patien-

1985 2016 2089 2067 tiae.

2055 2102 2217 2156 Vens.
2276 2102 2327 2155 5.
2356 2100 2533 2166 Quare
2569 2098 2733 2161 dicit,
2767 2112 2886 2152 cum
2944 2098 3193 2162 audierit,
3223 2099 3466 2154 diabolus
3496 2117 3513 2155 :

1987 2190 2046 2245 Si
2074 2189 2245 2242 Filius
2284 2188 2374 2240 Dei
2408 2189 2573 2242 edet
2604 2201 2785 2240 vocem
2816 2185 2996 2239 audiit
3036 2201 3065 2239 e
3112 2186 3262 2239 caelis
3291 2184 3516 2241 Joannis

1987 2278 2113 2332 illud
2147 2277 2402 2341 dicentis;
2433 2277 2533 2328 etsi
2577 2290 2701 2329 vero
2739 2273 2943 2327 dubitet
2989 2291 3055 2327 an
3104 2272 3273 2326 Filius
3321 2274 3391 2327 sit
3425 2275 3515 2327 Dei

1988 2382 2175 2430 necne,
2202 2359 2418 2435 propter
2442 2364 2582 2434 quod
2606 2364 2840 2418 esuritet
2856 2363 3156 2432 corporales
3176 2363 3518 2416 necessitates

1989 2456 2282 2524 experitur.

2055 2544 2215 2598 Vrsas.
2248 2545 2301 2597 4.
2342 2543 2487 2598 Luca
2520 2541 2732 2596 dicente
2762 2539 2904 2610 quod
2932 2553 3139 2593 omnem
3171 2538 3517 2593 tentationem

1989 2644 2438 2699 consummasset,
2470 2632 2873 2702 intelligendum
2904 2643 2984 2686 est
3000 2632 3146 2683 illum
3180 2631 3247 2684 de
3271 2646 3520 2686 consum-
3548 2692 3553 2695 γ

1990 2724 2223 2777 matione
2257 2724 2643 2792 prmeipnarum
2671 2722 3021 2777 tentationum
3044 2721 3115 2774 ita
3143 2720 3344 2775 dixisse
3360 2736 3377 2788 ;
3393 2736 3519 2776 nam

1990 2813 2222 2881 pessima
2251 2819 2589 2881 peccatorum
2608 2821 2733 2866 sunt
2760 2812 2904 2881 gula,
2924 2826 3058 2865 vana
3088 2812 3277 2881 gloria,
3298 2821 3350 2867 et
3374 2801 3522 2866 inex-

1990 2899 2128 2966 pleta
2156 2898 2463 2966 cupiditas.

2060 2984 2225 3039 Vsus.
2259 2987 2341 3038 12.
2374 2984 2496 3039 Ideo
2524 2985 2745 3039 audiens
2769 2983 2920 3039 Jcsus
2948 2983 3204 3040 Joannem
3249 2988 3501 3039 traditum

363 3073 539 3143 εδόθη,
562 3073 898 3144 ἀνεχώρησεν
915 3077 991 3136 είς
1012 3076 1107 3143 τὴν
1137 3076 1441 3137 Γαλιλαίαν,
1463 3064 1608 3144 ἡμᾶς
1630 3075 1890 3128 παιδεύων
1915 3074 1959 3130 ο

1954 3074 1959 3128 ς
1990 3090 2126 3139 esse,
2163 3075 2386 3129 secessit
2424 3074 2477 3126 in
2516 3073 2882 3133 Galilaeam,ut
2914 3088 3011 3127 nos
3030 3074 3246 3127 doceret
3273 3074 3521 3126 tentatio-

365 3164 584 3232 φεύγειν
612 3164 736 3224 τοὺς
763 3163 1123 3234 ιπειρασμούς
1147 3178 1162 3195 ·
1197 3163 1257 3215 οὐ
1289 3163 1395 3231 γὰρ
1441 3163 1688 3233 ἔγκλημα
1717 3164 1776 3215 τὸ
1797 3152 1889 3234 ’μὴ

367 3254 575 3323 ῥίπτειν
594 3250 779 3304 ἑαυτὸν
812 3252 892 3314 εἰς
936 3252 1286 3321 πειρασμοὺς,
1308 3251 1440 3305 ἀλλά
1494 3253 1556 3304 τὸ
1590 3253 1890 3321 ἐμπεσόντα

368 3344 442 3412 μὴ
479 3343 664 3410 στῆναι
704 3342 960 3409 γενναίως
995 3357 1011 3374 ·
1040 3340 1122 3393 ετι
1151 3341 1206 3393 δὲ
1230 3342 1322 3394 καὶ
1368 3341 1494 3403 τοὺς
1525 3341 1877 3404 διδασκάλους

362 3433 463 3501 τῆς
509 3432 825 3501 οἰκουμένης
876 3431 1145 3501 ζωγρῆσαι
1184 3430 1441 3496 σπεύδων,
1476 3431 1524 3483 οἲ
1582 3433 1756 3483 ἐκεῖσε
1814 3430 1891 3484 δι-

363 3517 575 3585 έτριϐον
595 3535 609 3549 ο
629 3516 707 3570 ἔτι
720 3518 777 3570 δι
798 3517 887 3570 κα.)⁵
905 3514 1229 3586 προφητείαν
1246 3517 1348 3584 πλη
1357 3518 1479 3585 ρῶν
1497 3518 1559 3573 Ἠ
1581 3521 1890 3583 Γαλιλαία,

364 3612 518 3679 φησὶ,
540 3609 656 3664 τῶν
680 3608 887 3675 ἐθνῶν,
917 3611 950 3663 ὁ
977 3608 1125 3675 ,λαὸς
1155 3611 1187 3663 d
1215 3608 1543 3677 καθήμενος
1576 3610 1644 3663 ἐν
1670 3611 1889 3675 σκότει,

365 3698 532 3752 ἰδέτω
558 3697 681 3765 φῶς

432 3785 637 3856 Πέτρου
665 3786 756 3838 καὶ
797 3784 1038 3852 Ἀνδρίου
1052 3784 1240 3852 κλῆσις
1260 3784 1483 3853 δευτέρα
1507 3781 1575 3854 ἦν
1603 3786 1669 3854 ἢν
1698 3786 1891 3838 6M“-

364 3879 513 3941 θαῖος
536 3878 720 3943 λέγει·
745 3877 774 3929 δ
802 3876 898 3944 μὲν
927 3874 1034 3944 γὰρ
1079 3875 1324 3943 Ἰωάννης
1366 3874 1558 3943 φησὶν,’
1595 3875 1676 3927 δτι
1726 3874 1891 3926 Οὕπω

365 3969 647 4040 βληθέντος
674 3968 732 4020 ἐν
758 3969 822 4037 τῇ
854 3966 1060 4037 φυλακῇ
1104 3963 1194 4017 τοῦ
1232 3964 1474 4017 Ἰωάννου
1534 3963 1835 4035 προσῆλθον
1871 3982 1887 3997 ·

365 4062 597 4119 ινταῦθα
622 4060 676 4113 δὲ
704 4060 839 4130 μετὰ
862 4058 920 4111 τδ
967 4057 1290 4129 ἐμϐληθῆναι
1324 4056 1481 4111 αὐτόν
1513 4072 1529 4090 ·
1564 4059 1719 4109 κακετ
1751 4056 1893 4126 μὲνὸ

373 4154 629 4224 ’Δνδρὲας
643 4153 794 4207 καλεῖ
811 4152 899 4206 τὸν
922 4151 1141 4223 Πέτρον,
1168 4149 1394 4205 ἐνταῦθα
1422 4150 1479 4204 δὲ
1510 4150 1843 4221 ἀμφοτέρους
1864 4150 1893 4202 ὀ

363 4245 593 4315 Χριστός
626 4258 644 4275 ⁸
670 4244 806 4297 ὥστε
842 4242 1083 4313 δεύτερον
1106 4237 1265 4313 ἦλθον
1324 4239 1458 4311 πρὸς
1497 4235 1746 4311 Χριστόν.
1796 4240 1894 4294 Διὰ

363 4338 419 4389 τί
444 4337 708 4424 μετά-τὴν
746 4334 1199 4424 πρώτηνΑκλῆσιν,
1225 4334 1306 4424 είς
1325 4334 1425 4424 τὴν
1469 4333 1670 4424 οίκείαν
1697 4333 1888 4424 τέχνην
1915 4366 1967 4424 D

364 4422 664 4491 ιπανῆλθον
692 4423 873 4486 πάλιν;
902 4414 998 4474 Διὰ
1016 4421 1075 4474 τὸ
1097 4420 1186 4473 τὸν
1225 4418 1469 4489 Ἰωάννην
1496 4420 1573 4481 εἰς
1615 4418 1891 4486 δεσμωτή-

368 4526 486 4579 ριον
529 4508 780 4561 εἰσελθεῖν
808 4525 825 4541 ο
878 4507 1008 4571 τέως
1037 4506 1409 4577 ,συγχυθέντσς
1460 4503 1750 4575 εἴρχθησαν
1796 4502 1889 4555 τοῦ

373 4596 601 4651 σκοποῦ.

453 4686 537 4739 Ἐν
559 4686 677 4749 ταῖς
713 4683 949 4755 πρώταις
970 4684 1277 4754 θεραπείαις
1303 4682 1410 4737 τῶν
1430 4683 1601 4753 ὄχλων
1627 4685 1713 4738 διὰ
1738 4683 1796 4736 τὸ
1817 4681 1891 4751 μὴ

369 4777 563 4843 πεῖραν
583 4773 862 4827 δεδωκέναι
887 4774 985 4842 τῆς
1006 4771 1165 4826 αὐτοῦ
1202 4773 1480 4842 δυνάμεως
1505 4787 1518 4801 ·
1552 4773 1721 4833 άλλως
1757 4786 1813 4822 τε
1836 4769 1891 4821 δὲ

368 4863 467 4915 καὶ
492 4862 551 4915 τὸ
576 4861 759 4931 πόρρω
783 4860 974 4932 αὐτούς
1004 4860 1252 4932 ἔρχεσθαι
1281 4861 1513 4915 ὶδείκνυε
1549 4860 1645 4929 τὴν
1679 4858 1883 4909 πίστιν.

949 4966 1191 5021 ΚΕΦΔΔ.
1232 4964 1309 5019 Ε’.

450 5074 592 5141 τοὺς
617 5075 835 5142 ὄχλους
857 5076 995 5129 ιδὼν
1016 5074 1193 5141 ἀνέϐη
1204 5076 1287 5139 είς
1304 5075 1375 5128 τὰ
1401 5073 1525 5140 ὅρη.
1558 5073 1652 5124 Διά
1678 5073 1761 5135 τίς
1794 5072 1889 5123 Διὰ

370 5164 435 5215 τὺ
453 5162 761 5230 ἀφιλότιμον
794 5163 884 5214 καὶ
905 5161 1245 5229 ἀκόμπαστον
1272 5158 1532 5212 παιδεύων
1554 5157 1697 5227 ἡμᾶς
1727 5155 1888 5225 μηδὲν

369 5249 507 5322 πρὸς
533 5248 783 5312 ἐπίδειξιν
809 5252 998 5305 ποιεῖν.

440 5339 613 5391 meet
637 5339 968 5407 πρόσκειται,
989 5341 1071 5395 δτι
1111 5339 1453 5404 ’Δνοίεαςτὸ
1487 5339 1677 5403 στόμα
1712 5336 1890 5391 αὑτοῦ

369 5428 686 5483 ἐϐίϐασκεν
712 5430 962 5493 αὑτούς;
1000 5430 1113 5482 Ἵνα
1157 5429 1410 5497 μάθωμεν
1458 5428 1536 5478 ὅτι
1590 5427 1679 5477 καὶ
1728 5427 1890 5495 σιγῶν

372 5518 646 5573 ἐπαίδευεν
674 5518 884 5580 αὐτοὺς,
913 5500 1109 5571 auios
1135 5517 1304 5571 λαλῶν
1333 5516 1509 5581 μόνον.

449 5610 560 5661 Οὐκ
592 5610 643 5661 ἐν
674 5607 818 5672 τάξει
868 5607 1228 5675 παραινέσεως
1257 5606 1296 5674 ἢ
1330 5605 1629 5675 συμϐουλῆς
1679 5607 1889 5675 εἰσάγει

1989 3180 2084 3219 nes
2124 3163 2324 3231 fugere.
2367 3161 2481 3215 Non
2530 3162 2673 3214 enim
2714 3162 2870 3230 culpa
2916 3170 2998 3214 est
3046 3161 3281 3229 scipsum
3310 3176 3417 3214 non
3462 3160 3519 3214 in

1990 3253 2312 3307 teutationes
2367 3250 2655 3317 conjicere,
2683 3249 2775 3302 sed
2805 3249 2892 3301 ubi
2922 3248 3176 3303 inciditur
3236 3263 3343 3302 non
3378 3257 3523 3303 stare

1989 3343 2234 3397 viriliter.
2263 3340 2453 3393 Adhuc
2492 3348 2666 3404 autem
2695 3336 2980 3407 magistros
3004 3338 3148 3392 orbis
3178 3339 3267 3407 qui
3309 3338 3397 3393 hic
3431 3339 3523 3392 de-

1990 3432 2205 3500 gebant,
2236 3428 2300 3482 ad
2332 3442 2390 3481 se
2411 3425 2675 3481 adducere
2702 3440 2898 3481 curans
2926 3441 2943 3492 ;
2986 3426 3315 3494 prophetiam
3362 3425 3519 3479 etiam

1990 3517 2243 3585 implebat
2270 3533 2283 3568 :
2318 3514 2560 3578 Galilaza,
2590 3513 2785 3581 inquit,
2814 3514 3059 3582 gentium,
3095 3512 3311 3581 populus
3336 3514 3423 3582 qui
3445 3528 3521 3565 se-

1989 3608 2138 3660 debat
2170 3608 2224 3661 in
2258 3606 2501 3671 tenebris,
2530 3606 2655 3658 vidit
2683 3604 2847 3657 lucem
2872 3618 3133 3674 magnam.

2048 3788 2218 3870 γεω.
2252 3788 2338 3840 19.
2386 3786 2526 3840 Petri
2553 3797 2604 3839 et
2630 3786 2858 3839 Andreas
2888 3784 3096 3837 vacatio
3142 3785 3375 3839 secunda
3422 3782 3527 3840 fuit

1988 3892 2147 3946 quam
2206 3874 2486 3929 Mattheus
2540 3873 2687 3925 dicit.
2720 3873 2853 3926 Nam
2892 3872 3130 3928 Joannes
3157 3882 3365 3925 'narrat
3429 3887 3527 3927 eos

1986 3961 2222 4013 nondum
2258 3958 2312 4011 in
2348 3970 2612 4011 carcerem
2654 3973 2821 4011 misso
2872 3956 3076 4013 Joanne
3101 3966 3311 4013 secutos
3368 3972 3525 4026 esse;

1990 4050 2077 4104 hic
2099 4056 2274 4103 autem
2297 4045 2579 4115 postillius
2608 4062 2880 4103 carcerem
2910 4049 3124 4103 dicitur.
3158 4048 3271 4103 Illic
3306 4048 3523 4118 quidem

1988 4141 2226 4195 Andreas
2279 4138 2493 4193 Petrum
2547 4148 2720 4203 vocat,
2770 4138 2855 4194 hic
2910 4150 3086 4193 autem
3136 4141 3325 4194 ambos
3368 4147 3524 4215 vocat

1989 4232 2255 4295 Christus,
2308 4229 2382 4284 ita
2431 4238 2491 4283 ut
2539 4229 2775 4284 secundo
2821 4232 2887 4285 ad
2930 4231 3202 4285 Christum
3260 4231 3523 4285 venerint.

1990 4321 2117 4385 Cur,
2131 4328 2250 4389 post
2274 4320 2497 4388 primam
2526 4320 2880 4385 vacationem,
2914 4320 2978 4373 ad
3007 4334 3154 4374 suam
3188 4329 3353 4374 artem
3370 4333 3527 4372 exer-

1991 4412 2208 4466 cendam
2239 4410 2434 4464 reversi
2470 4418 2595 4463 sunt
2623 4409 2851 4463 iterum?
2877 4410 3009 4474 Quia
3045 4409 3277 4463 Joannes
3334 4409 3385 4460 in
3426 4421 3523 4458 cu-

1991 4502 2215 4555 stodiam
2244 4499 2515 4567 conjectus
2540 4499 2733 4561 fuerat,
2773 4507 2901 4553 tunc
2928 4496 3233 4552 conturbati
3267 4510 3293 4546 a
3322 4495 3521 4561 prepo-

1990 4588 2093 4641 sito
2113 4587 2347 4640 deterriti
2376 4594 2547 4640 erant.

2056 4671 2217 4726 Vens.
2248 4673 2336 4726 23.
2386 4672 2442 4725 In
2494 4672 2681 4740 primis
2716 4672 2989 4724 turbarum
3038 4669 3428 4734 sanationibus,
3451 4684 3522 4725 ne

1989 4766 2236 4832 probaret
2262 4779 2415 4817 suam
2440 4762 2768 4830 potentiam;
2802 4760 2959 4815 aliter
3011 4770 3190 4815 autem
3247 4760 3327 4816 illi
3392 4775 3517 4816 cum

1988 4853 2141 4919 longe
2168 4863 2520 4922 sequerentur
2546 4852 2703 4905 (idem
2738 4851 3115 4907 ostendebant.

2602 4955 2823 5015 CAPUT
2854 4956 2918 5011 ν.

2056 5065 2217 5122 Vsus.
2253 5068 2301 5122 1.
2324 5067 2510 5122 Videns
2534 5069 2712 5121 turbas
2727 5066 2954 5121 ascendit
2968 5067 3021 5119 in
3046 5074 3286 5118 montem.
3307 5061 3519 5127 Quare?

1990 5155 2059 5210 Ut
2086 5172 2177 5225 per
2199 5157 2339 5211 hanc
2367 5158 2541 5213 laudis
2573 5167 2629 5211 et
2654 5156 2918 5211 facundiae
2933 5156 3242 5224 despectum
3295 5152 3508 5204 doceret

1989 5261 2089 5300 nos
2113 5246 2244 5300 nihil
2271 5248 2335 5302 ad
2367 5246 2780 5301 ostentationem
2806 5244 3002 5297 facere.

2060 5334 2219 5391 Vsus.
2244 5339 2303 5391 Ξ.
2325 5337 2432 5391 Cur
2469 5337 2701 5399 additur,
2741 5334 2982 5399 Aperiat:
3025 5342 3080 5381 os
3116 5340 3267 5378 suum
3306 5323 3515 5379 docebat

1988 5428 2104 5480 eos?
2123 5426 2189 5481 Ut
2212 5426 2483 5481 discamus
2503 5426 2580 5479 vel
2608 5425 2850 5478 silentem
2873 5420 2991 5473 illos
3027 5414 3294 5477 docuisse,
3327 5422 3379 5467 et
3406 5429 3522 5468 non

1990 5517 2291 5582 loquentem
2320 5516 2504 5569 modo.

2055 5607 2171 5663 Non
2229 5604 2616 5662 exhortationis
2685 5608 2777 5653 aut
2831 5594 3039 5653 consilii
3096 5594 3505 5667 dispositionem
