  <div class='ocr_page' id='page_1' title='image "/cluster/home/n/w/nwhite01/storage/ocr_20150623/106/pst.000005714162/581.png"; bbox 0 0 4138 6342; ppageno 0'>
   <div class='ocr_carea' id='block_1_1' title="bbox 588 252 721 312">
    <p class='ocr_par' dir='ltr' id='par_1_1' title="bbox 588 252 721 312">
     <span class='ocr_line' id='line_1_1' title="bbox 588 252 721 312; baseline -0.008 -1"><span class='ocrx_word' id='word_1_1' title='bbox 588 252 721 312; x_wconf 80' lang='lat'><strong>1087</strong></span> 
     </span>
    </p>
   </div>
   <div class='ocr_carea' id='block_1_2' title="bbox 1270 218 2996 303">
    <p class='ocr_par' dir='ltr' id='par_1_2' title="bbox 1270 218 2996 303">
     <span class='ocr_line' id='line_1_2' title="bbox 1270 218 2996 303; baseline -0.016 -1"><span class='ocrx_word' id='word_1_2' title='bbox 1270 237 1640 303; x_wconf 76' lang='lat' dir='ltr'><strong>OPUSCULA</strong></span> <span class='ocrx_word' id='word_1_3' title='bbox 1679 223 2289 294; x_wconf 76' lang='lat' dir='ltr'><strong>SCRIPTURlSTICA</strong></span> <span class='ocrx_word' id='word_1_4' title='bbox 2328 222 2661 285; x_wconf 59' lang='lat' dir='ltr'><strong>INCERTJE</strong></span> <span class='ocrx_word' id='word_1_5' title='bbox 2700 218 2996 278; x_wconf 72' lang='lat' dir='ltr'><strong>IETATIS.</strong></span> 
     </span>
    </p>
   </div>
   <div class='ocr_carea' id='block_1_3' title="bbox 3591 205 3732 268">
    <p class='ocr_par' dir='ltr' id='par_1_3' title="bbox 3591 205 3732 268">
     <span class='ocr_line' id='line_1_3' title="bbox 3591 205 3732 268; baseline -0.021 0"><span class='ocrx_word' id='word_1_6' title='bbox 3591 205 3732 268; x_wconf 77' lang='lat'><strong>1088</strong></span> 
     </span>
    </p>
   </div>
   <div class='ocr_carea' id='block_1_4' title="bbox 586 323 2220 423">
    <p class='ocr_par' dir='ltr' id='par_1_4' title="bbox 586 343 2220 423">
     <span class='ocr_line' id='line_1_4' title="bbox 586 343 2220 423; baseline -0.015 -7"><span class='ocrx_word' id='word_1_7' title='bbox 586 363 830 423; x_wconf 65' lang='lat' dir='ltr'><strong>sequitur</strong></span> <span class='ocrx_word' id='word_1_8' title='bbox 886 358 940 410; x_wconf 90' lang='lat' dir='ltr'><strong>in</strong></span> <span class='ocrx_word' id='word_1_9' title='bbox 984 354 1244 418; x_wconf 89' lang='lat' dir='ltr'><strong>docendo,</strong></span> <span class='ocrx_word' id='word_1_10' title='bbox 1291 353 1381 415; x_wconf 85' lang='lat' dir='ltr'><strong>sed</strong></span> <span class='ocrx_word' id='word_1_11' title='bbox 1427 349 1815 404; x_wconf 70' lang='lat' dir='ltr'><strong>beatitudinum</strong></span> <span class='ocrx_word' id='word_1_12' title='bbox 1869 343 2100 411; x_wconf 82' lang='lat' dir='ltr'><strong>disposi—</strong></span> <span class='ocrx_word' id='word_1_13' title='bbox 2131 345 2173 399; x_wconf 75' lang='grc' dir='ltr'>Α</span> <span class='ocrx_word' id='word_1_14' title='bbox 2201 357 2220 391; x_wconf 87' lang='lat'><strong>-.</strong></span> 
     </span>
    </p>
   </div>
   <div class='ocr_carea' id='block_1_5' title="bbox 2093 323 3727 423">
    <p class='ocr_par' dir='ltr' id='par_1_5' title="bbox 2093 323 3727 409">
     <span class='ocr_line' id='line_1_5' title="bbox 2093 323 3727 409; baseline -0.013 -16"><span class='ocrx_word' id='word_1_15' title='bbox 2093 370 2100 379; x_wconf 88' lang='lat'><strong>-</strong></span> <span class='ocrx_word' id='word_1_16' title='bbox 2131 345 2173 399; x_wconf 75' lang='grc' dir='ltr'>Α</span> <span class='ocrx_word' id='word_1_17' title='bbox 2201 339 2296 409; x_wconf 82' lang='grc' dir='ltr'><strong>τὴν</strong></span> <span class='ocrx_word' id='word_1_18' title='bbox 2321 338 2552 406; x_wconf 82' lang='grc' dir='ltr'><strong>διδαχὴν,</strong></span> <span class='ocrx_word' id='word_1_19' title='bbox 2581 337 2692 390; x_wconf 79' lang='grc' dir='ltr'>ἀλλ’</span> <span class='ocrx_word' id='word_1_20' title='bbox 2713 339 2770 389; x_wconf 82' lang='grc' dir='ltr'>ὲν</span> <span class='ocrx_word' id='word_1_21' title='bbox 2800 333 2944 396; x_wconf 79' lang='grc' dir='ltr'>τάξει</span> <span class='ocrx_word' id='word_1_22' title='bbox 2961 325 3303 400; x_wconf 74' lang='grc' dir='ltr'><strong>μακαρισμοῦ</strong></span> <span class='ocrx_word' id='word_1_23' title='bbox 3325 323 3727 393; x_wconf 75' lang='grc' dir='ltr'>ἀνεπαχθέστε-</span> 
     </span>
    </p>
   </div>
   <div class='ocr_carea' id='block_1_6' title="bbox 593 438 1691 514">
    <p class='ocr_par' dir='ltr' id='par_1_6' title="bbox 593 438 1691 514">
     <span class='ocr_line' id='line_1_6' title="bbox 593 438 1691 514; baseline -0.012 -13"><span class='ocrx_word' id='word_1_24' title='bbox 593 452 736 502; x_wconf 90' lang='lat' dir='ltr'><strong>tione</strong></span> <span class='ocrx_word' id='word_1_25' title='bbox 763 446 999 514; x_wconf 81' lang='lat' dir='ltr'><strong>pervium</strong></span> <span class='ocrx_word' id='word_1_26' title='bbox 1033 443 1198 511; x_wconf 80' lang='lat' dir='ltr'><strong>magis</strong></span> <span class='ocrx_word' id='word_1_27' title='bbox 1223 455 1518 494; x_wconf 75' lang='lat' dir='ltr'><strong>sermonem</strong></span> <span class='ocrx_word' id='word_1_28' title='bbox 1549 438 1691 490; x_wconf 79' lang='lat' dir='ltr'><strong>facit.</strong></span> 
     </span>
    </p>
   </div>
   <div class='ocr_carea' id='block_1_7' title="bbox 662 516 2111 597">
    <p class='ocr_par' dir='ltr' id='par_1_7' title="bbox 662 516 2111 597">
     <span class='ocr_line' id='line_1_7' title="bbox 662 516 2111 597; baseline -0.012 -12"><span class='ocrx_word' id='word_1_29' title='bbox 662 533 825 585; x_wconf 83' lang='lat' dir='ltr'><strong>Vens.</strong></span> <span class='ocrx_word' id='word_1_30' title='bbox 848 533 899 584; x_wconf 74' lang='grc' dir='ltr'>ὅ.</span> <span class='ocrx_word' id='word_1_31' title='bbox 926 532 1188 597; x_wconf 82' lang='lat' dir='ltr'><strong>Pauperes</strong></span> <span class='ocrx_word' id='word_1_32' title='bbox 1212 528 1399 594; x_wconf 87' lang='lat' dir='ltr'><strong>spiritu</strong></span> <span class='ocrx_word' id='word_1_33' title='bbox 1436 525 1663 578; x_wconf 84' lang='lat' dir='ltr'><strong>humi-les</strong></span> <span class='ocrx_word' id='word_1_34' title='bbox 1688 521 1972 590; x_wconf 77' lang='lat' dir='ltr'><strong>signiﬁcat,</strong></span> <span class='ocrx_word' id='word_1_35' title='bbox 2003 516 2111 583; x_wconf 88' lang='lat' dir='ltr'><strong>spi-</strong></span> 
     </span>
    </p>
   </div>
   <div class='ocr_carea' id='block_1_8' title="bbox 2211 428 2801 498">
    <p class='ocr_par' dir='ltr' id='par_1_8' title="bbox 2211 428 2801 498">
     <span class='ocr_line' id='line_1_8' title="bbox 2211 428 2801 498; baseline -0.003 -18"><span class='ocrx_word' id='word_1_36' title='bbox 2211 446 2300 498; x_wconf 89' lang='grc' dir='ltr'><strong>ρον</strong></span> <span class='ocrx_word' id='word_1_37' title='bbox 2318 429 2481 479; x_wconf 85' lang='grc' dir='ltr'>ποιῶν</span> <span class='ocrx_word' id='word_1_38' title='bbox 2516 430 2601 479; x_wconf 71' lang='grc' dir='ltr'>τὸν</span> <span class='ocrx_word' id='word_1_39' title='bbox 2626 428 2801 493; x_wconf 90' lang='grc' dir='ltr'>λόγον.</span> 
     </span>
    </p>
   </div>
   <div class='ocr_carea' id='block_1_9' title="bbox 2278 500 3736 582">
    <p class='ocr_par' dir='ltr' id='par_1_9' title="bbox 2278 500 3736 582">
     <span class='ocr_line' id='line_1_9' title="bbox 2278 500 3736 582; baseline -0.012 -16"><span class='ocrx_word' id='word_1_40' title='bbox 2278 516 2526 581; x_wconf 82' lang='grc' dir='ltr'><strong>Πτωχοὺς</strong></span> <span class='ocrx_word' id='word_1_41' title='bbox 2572 514 2647 582; x_wconf 79' lang='grc' dir='ltr'>τῷ</span> <span class='ocrx_word' id='word_1_42' title='bbox 2709 511 2974 578; x_wconf 85' lang='grc' dir='ltr'>πνεύματι</span> <span class='ocrx_word' id='word_1_43' title='bbox 3029 506 3151 564; x_wconf 74' lang='grc' dir='ltr'>τοὺς</span> <span class='ocrx_word' id='word_1_44' title='bbox 3209 502 3486 561; x_wconf 84' lang='grc' dir='ltr'>ταπεινοὺς</span> <span class='ocrx_word' id='word_1_45' title='bbox 3551 500 3736 565; x_wconf 81' lang='grc' dir='ltr'>λέγει,</span> 
     </span>
    </p>
   </div>
   <div class='ocr_carea' id='block_1_10' title="bbox 597 585 2231 685">
    <p class='ocr_par' dir='ltr' id='par_1_10' title="bbox 597 608 2231 685">
     <span class='ocr_line' id='line_1_10' title="bbox 597 608 2231 685; baseline -0.011 -14"><span class='ocrx_word' id='word_1_46' title='bbox 597 621 754 672; x_wconf 81' lang='lat' dir='ltr'><strong>ritum</strong></span> <span class='ocrx_word' id='word_1_47' title='bbox 779 619 847 670; x_wconf 85' lang='lat' dir='ltr'><strong>ibi</strong></span> <span class='ocrx_word' id='word_1_48' title='bbox 874 632 968 685; x_wconf 92' lang='lat' dir='ltr'><strong>pro</strong></span> <span class='ocrx_word' id='word_1_49' title='bbox 997 617 1172 668; x_wconf 89' lang='lat' dir='ltr'><strong>anima</strong></span> <span class='ocrx_word' id='word_1_50' title='bbox 1197 628 1447 677; x_wconf 84' lang='lat' dir='ltr'><strong>sumens;</strong></span> <span class='ocrx_word' id='word_1_51' title='bbox 1475 621 1528 664; x_wconf 86' lang='lat' dir='ltr'><strong>et</strong></span> <span class='ocrx_word' id='word_1_52' title='bbox 1569 610 1660 678; x_wconf 85' lang='lat' dir='ltr'><strong>qui</strong></span> <span class='ocrx_word' id='word_1_53' title='bbox 1697 610 1855 660; x_wconf 83' lang='lat' dir='ltr'><strong>verba</strong></span> <span class='ocrx_word' id='word_1_54' title='bbox 1905 608 1992 658; x_wconf 86' lang='lat' dir='ltr'><strong>Dei</strong></span> <span class='ocrx_word' id='word_1_55' title='bbox 2028 620 2114 656; x_wconf 86' lang='lat' dir='ltr'><strong>re-</strong></span> <span class='ocrx_word' id='word_1_56' title='bbox 2213 621 2231 653; x_wconf 71' lang='grc' dir='ltr'><strong>τ</strong></span> 
     </span>
    </p>
   </div>
   <div class='ocr_carea' id='block_1_11' title="bbox 2107 585 3741 685">
    <p class='ocr_par' dir='ltr' id='par_1_11' title="bbox 2107 585 3741 670">
     <span class='ocr_line' id='line_1_11' title="bbox 2107 585 3741 670; baseline -0.012 -15"><span class='ocrx_word' id='word_1_57' title='bbox 2107 632 2114 643; x_wconf 75' lang='grc' dir='ltr'><strong>ι</strong></span> <span class='ocrx_word' id='word_1_58' title='bbox 2213 603 2423 670; x_wconf 75' lang='grc' dir='ltr'>πνεῦμα</span> <span class='ocrx_word' id='word_1_59' title='bbox 2447 599 2673 652; x_wconf 59' lang='grc' dir='ltr'>ἐνταῦθα</span> <span class='ocrx_word' id='word_1_60' title='bbox 2698 600 2790 669; x_wconf 80' lang='grc' dir='ltr'>τὴν</span> <span class='ocrx_word' id='word_1_61' title='bbox 2809 598 2981 667; x_wconf 79' lang='grc' dir='ltr'>ψυχὴν</span> <span class='ocrx_word' id='word_1_62' title='bbox 3001 595 3170 660; x_wconf 79' lang='grc' dir='ltr'>λέγων</span> <span class='ocrx_word' id='word_1_63' title='bbox 3190 607 3203 621; x_wconf 88' lang='grc'><strong>·</strong></span> <span class='ocrx_word' id='word_1_64' title='bbox 3229 591 3351 651; x_wconf 83' lang='grc' dir='ltr'>τοὺς</span> <span class='ocrx_word' id='word_1_65' title='bbox 3370 589 3435 640; x_wconf 75' lang='grc' dir='ltr'><strong>τὰ</strong></span> <span class='ocrx_word' id='word_1_66' title='bbox 3465 589 3614 654; x_wconf 75' lang='grc' dir='ltr'>λόγια</span> <span class='ocrx_word' id='word_1_67' title='bbox 3641 585 3741 638; x_wconf 80' lang='grc' dir='ltr'><strong>τοῦ</strong></span> 
     </span>
    </p>
   </div>
   <div class='ocr_carea' id='block_1_12' title="bbox 598 675 2232 770">
    <p class='ocr_par' dir='ltr' id='par_1_12' title="bbox 598 693 2232 770">
     <span class='ocr_line' id='line_1_12' title="bbox 598 693 2232 770; baseline -0.009 -11"><span class='ocrx_word' id='word_1_68' title='bbox 598 717 875 769; x_wconf 88' lang='lat' dir='ltr'><strong>verentur;</strong></span> <span class='ocrx_word' id='word_1_69' title='bbox 906 715 1100 770; x_wconf 85' lang='lat' dir='ltr'><strong>quanta</strong></span> <span class='ocrx_word' id='word_1_70' title='bbox 1134 703 1274 755; x_wconf 87' lang='lat' dir='ltr'><strong>enim</strong></span> <span class='ocrx_word' id='word_1_71' title='bbox 1304 701 1440 753; x_wconf 84' lang='lat' dir='ltr'><strong>mala</strong></span> <span class='ocrx_word' id='word_1_72' title='bbox 1484 699 1536 751; x_wconf 89' lang='lat' dir='ltr'><strong>iu</strong></span> <span class='ocrx_word' id='word_1_73' title='bbox 1567 697 1820 750; x_wconf 85' lang='lat' dir='ltr'><strong>mundum</strong></span> <span class='ocrx_word' id='word_1_74' title='bbox 1857 711 1921 748; x_wconf 83' lang='lat' dir='ltr'><strong>ex</strong></span> <span class='ocrx_word' id='word_1_75' title='bbox 1956 703 2117 746; x_wconf 86' lang='lat' dir='ltr'><strong>teme—</strong></span> <span class='ocrx_word' id='word_1_76' title='bbox 2213 693 2232 743; x_wconf 74' lang='grc' dir='ltr'>ε</span> 
     </span>
    </p>
   </div>
   <div class='ocr_carea' id='block_1_13' title="bbox 2112 675 3746 770">
    <p class='ocr_par' dir='ltr' id='par_1_13' title="bbox 2112 675 3746 758">
     <span class='ocr_line' id='line_1_13' title="bbox 2112 675 3746 758; baseline -0.012 -13"><span class='ocrx_word' id='word_1_77' title='bbox 2112 721 2117 730; x_wconf 90' lang='lat'><strong><em>-</em></strong></span> <span class='ocrx_word' id='word_1_78' title='bbox 2213 693 2344 744; x_wconf 81' lang='grc' dir='ltr'>Θεοῦ</span> <span class='ocrx_word' id='word_1_79' title='bbox 2384 691 2814 758; x_wconf 82' lang='grc' dir='ltr'>κατεπτηχόταςο</span> <span class='ocrx_word' id='word_1_80' title='bbox 2846 688 2941 740; x_wconf 86' lang='grc' dir='ltr'>ὅσα</span> <span class='ocrx_word' id='word_1_81' title='bbox 2977 685 3081 752; x_wconf 83' lang='grc' dir='ltr'>γὰρ</span> <span class='ocrx_word' id='word_1_82' title='bbox 3119 681 3261 735; x_wconf 85' lang='grc' dir='ltr'>κακὰ</span> <span class='ocrx_word' id='word_1_83' title='bbox 3289 683 3364 741; x_wconf 79' lang='grc' dir='ltr'>εἰς</span> <span class='ocrx_word' id='word_1_84' title='bbox 3404 679 3490 730; x_wconf 77' lang='grc' dir='ltr'>τὸν</span> <span class='ocrx_word' id='word_1_85' title='bbox 3526 678 3638 746; x_wconf 76' lang='grc' dir='ltr'>βίον</span> <span class='ocrx_word' id='word_1_86' title='bbox 3680 675 3746 738; x_wconf 78' lang='grc' dir='ltr'>ἐξ</span> 
     </span>
    </p>
   </div>
   <div class='ocr_carea' id='block_1_14' title="bbox 599 793 1126 860">
    <p class='ocr_par' dir='ltr' id='par_1_14' title="bbox 599 793 1126 860">
     <span class='ocr_line' id='line_1_14' title="bbox 599 793 1126 860; baseline -0.006 -13"><span class='ocrx_word' id='word_1_87' title='bbox 599 795 751 847; x_wconf 86' lang='lat' dir='ltr'><strong>ritate</strong></span> <span class='ocrx_word' id='word_1_88' title='bbox 784 793 1126 860; x_wconf 88' lang='lat' dir='ltr'><strong>proveniunt!</strong></span> 
     </span>
    </p>
   </div>
   <div class='ocr_carea' id='block_1_15' title="bbox 666 872 2118 945">
    <p class='ocr_par' dir='ltr' id='par_1_15' title="bbox 666 872 2118 945">
     <span class='ocr_line' id='line_1_15' title="bbox 666 872 2118 945; baseline -0.008 -13"><span class='ocrx_word' id='word_1_89' title='bbox 666 879 828 934; x_wconf 90' lang='lat' dir='ltr'><strong>Vens.</strong></span> <span class='ocrx_word' id='word_1_90' title='bbox 882 882 933 932; x_wconf 75' lang='grc'>4.</span> <span class='ocrx_word' id='word_1_91' title='bbox 966 879 1242 933; x_wconf 88' lang='lat' dir='ltr'><strong>Contraria</strong></span> <span class='ocrx_word' id='word_1_92' title='bbox 1266 882 1430 945; x_wconf 81' lang='lat' dir='ltr'><strong>agunt</strong></span> <span class='ocrx_word' id='word_1_93' title='bbox 1464 876 1552 943; x_wconf 89' lang='lat' dir='ltr'><strong>qui</strong></span> <span class='ocrx_word' id='word_1_94' title='bbox 1577 873 1762 943; x_wconf 81' lang='lat' dir='ltr'><strong>lugent</strong></span> <span class='ocrx_word' id='word_1_95' title='bbox 1794 872 1878 925; x_wconf 86' lang='lat' dir='ltr'><strong>his</strong></span> <span class='ocrx_word' id='word_1_96' title='bbox 1909 885 2026 938; x_wconf 74' lang='lat' dir='ltr'><strong>quae</strong></span> <span class='ocrx_word' id='word_1_97' title='bbox 2055 884 2118 922; x_wconf 82' lang='lat' dir='ltr'><strong>ex</strong></span> 
     </span>
    </p>
   </div>
   <div class='ocr_carea' id='block_1_16' title="bbox 2216 778 2753 847">
    <p class='ocr_par' dir='ltr' id='par_1_16' title="bbox 2216 778 2753 847">
     <span class='ocr_line' id='line_1_16' title="bbox 2216 778 2753 847; baseline -0.009 -15"><span class='ocrx_word' id='word_1_98' title='bbox 2216 779 2465 839; x_wconf 80' lang='grc' dir='ltr'><strong>ἀπονοίας</strong></span> <span class='ocrx_word' id='word_1_99' title='bbox 2489 778 2753 847; x_wconf 77' lang='grc' dir='ltr'>ἔρχονται.</span> 
     </span>
    </p>
   </div>
   <div class='ocr_carea' id='block_1_17' title="bbox 2298 854 3752 921">
    <p class='ocr_par' dir='ltr' id='par_1_17' title="bbox 2298 854 3752 921">
     <span class='ocr_line' id='line_1_17' title="bbox 2298 854 3752 921; baseline -0.01 -1"><span class='ocrx_word' id='word_1_100' title='bbox 2298 867 2550 920; x_wconf 80' lang='grc' dir='ltr'>Ἐναντίοι</span> <span class='ocrx_word' id='word_1_101' title='bbox 2583 867 2717 918; x_wconf 76' lang='grc' dir='ltr'>εἰσὶν</span> <span class='ocrx_word' id='word_1_102' title='bbox 2763 864 2812 917; x_wconf 80' lang='lat' dir='ltr'><strong>oi</strong></span> <span class='ocrx_word' id='word_1_103' title='bbox 2863 861 3179 921; x_wconf 78' lang='grc' dir='ltr'><strong>πενθοῦντες</strong></span> <span class='ocrx_word' id='word_1_104' title='bbox 3227 857 3334 910; x_wconf 85' lang='grc' dir='ltr'><strong>τῶν</strong></span> <span class='ocrx_word' id='word_1_105' title='bbox 3383 857 3442 920; x_wconf 70' lang='grc' dir='ltr'><strong>ἐξ</strong></span> <span class='ocrx_word' id='word_1_106' title='bbox 3488 854 3752 914; x_wconf 71' lang='grc' dir='ltr'>ἀπονοίας</span> 
     </span>
    </p>
   </div>
   <div class='ocr_carea' id='block_1_18' title="bbox 603 949 2237 1036">
    <p class='ocr_par' dir='ltr' id='par_1_18' title="bbox 603 957 2237 1036">
     <span class='ocr_line' id='line_1_18' title="bbox 603 957 2237 1036; baseline -0.008 -12"><span class='ocrx_word' id='word_1_107' title='bbox 603 971 901 1024; x_wconf 89' lang='lat' dir='ltr'><strong>temeritate</strong></span> <span class='ocrx_word' id='word_1_108' title='bbox 946 967 1285 1036; x_wconf 89' lang='lat' dir='ltr'><strong>proveniunt,</strong></span> <span class='ocrx_word' id='word_1_109' title='bbox 1320 977 1377 1018; x_wconf 91' lang='lat' dir='ltr'><strong>ut</strong></span> <span class='ocrx_word' id='word_1_110' title='bbox 1413 964 1609 1019; x_wconf 89' lang='lat' dir='ltr'><strong>dicitur</strong></span> <span class='ocrx_word' id='word_1_111' title='bbox 1661 963 1712 1014; x_wconf 93' lang='lat' dir='ltr'><strong>in</strong></span> <span class='ocrx_word' id='word_1_112' title='bbox 1746 961 1917 1029; x_wconf 86' lang='lat' dir='ltr'><strong>prima</strong></span> <span class='ocrx_word' id='word_1_113' title='bbox 1953 957 2121 1011; x_wconf 88' lang='lat' dir='ltr'><strong>beati-</strong></span> <span class='ocrx_word' id='word_1_114' title='bbox 2220 961 2237 1011; x_wconf 80' lang='grc' dir='ltr'>ἔ</span> 
     </span>
    </p>
   </div>
   <div class='ocr_carea' id='block_1_19' title="bbox 1619 949 3253 1036">
    <p class='ocr_par' dir='ltr' id='par_1_19' title="bbox 1661 949 3253 1029">
     <span class='ocr_line' id='line_1_19' title="bbox 1661 949 3253 1029; baseline -0.008 -15"><span class='ocrx_word' id='word_1_115' title='bbox 1661 963 1712 1014; x_wconf 90' lang='lat' dir='ltr'><strong>in</strong></span> <span class='ocrx_word' id='word_1_116' title='bbox 1746 961 1917 1029; x_wconf 83' lang='lat' dir='ltr'><strong>prima</strong></span> <span class='ocrx_word' id='word_1_117' title='bbox 1953 957 2121 1011; x_wconf 85' lang='lat' dir='ltr'><strong>beati-</strong></span> <span class='ocrx_word' id='word_1_118' title='bbox 2220 958 2523 1029; x_wconf 76' lang='grc' dir='ltr'><strong>ἐρχομένων</strong></span> <span class='ocrx_word' id='word_1_119' title='bbox 2547 955 2640 1009; x_wconf 87' lang='grc' dir='ltr'><strong>τοῦ</strong></span> <span class='ocrx_word' id='word_1_120' title='bbox 2671 954 2881 1026; x_wconf 79' lang='grc' dir='ltr'>πρώτου</span> <span class='ocrx_word' id='word_1_121' title='bbox 2914 949 3253 1023; x_wconf 79' lang='grc' dir='ltr'><strong>μακαρισμοῦ</strong></span> 
     </span>
    </p>
   </div>
   <div class='ocr_carea' id='block_1_20' title="bbox 602 1058 805 1109">
    <p class='ocr_par' dir='ltr' id='par_1_20' title="bbox 602 1058 805 1109">
     <span class='ocr_line' id='line_1_20' title="bbox 602 1058 805 1109; baseline -0.015 0"><span class='ocrx_word' id='word_1_122' title='bbox 602 1058 805 1109; x_wconf 89' lang='lat' dir='ltr'><strong>tudine.</strong></span> 
     </span>
    </p>
   </div>
   <div class='ocr_carea' id='block_1_21' title="bbox 667 1135 2127 1199">
    <p class='ocr_par' dir='ltr' id='par_1_21' title="bbox 667 1135 2127 1199">
     <span class='ocr_line' id='line_1_21' title="bbox 667 1135 2127 1199; baseline -0.009 -2"><span class='ocrx_word' id='word_1_123' title='bbox 667 1144 829 1198; x_wconf 89' lang='lat' dir='ltr'><strong>Vens.</strong></span> <span class='ocrx_word' id='word_1_124' title='bbox 863 1144 912 1196; x_wconf 83' lang='lat'><strong>5.</strong></span> <span class='ocrx_word' id='word_1_125' title='bbox 947 1142 1098 1194; x_wconf 76' lang='lat' dir='ltr'><strong>Miles</strong></span> <span class='ocrx_word' id='word_1_126' title='bbox 1134 1140 1525 1194; x_wconf 68' lang='lat' dir='ltr'><strong>hiereditabunt</strong></span> <span class='ocrx_word' id='word_1_127' title='bbox 1563 1148 1788 1199; x_wconf 89' lang='lat' dir='ltr'><strong>terram;</strong></span> <span class='ocrx_word' id='word_1_128' title='bbox 1820 1135 1944 1188; x_wconf 90' lang='lat' dir='ltr'><strong>dum</strong></span> <span class='ocrx_word' id='word_1_129' title='bbox 1995 1148 2127 1185; x_wconf 90' lang='lat' dir='ltr'><strong>cen-</strong></span> 
     </span>
    </p>
   </div>
   <div class='ocr_carea' id='block_1_22' title="bbox 605 1223 2125 1312">
    <p class='ocr_par' dir='ltr' id='par_1_22' title="bbox 605 1223 2125 1312">
     <span class='ocr_line' id='line_1_22' title="bbox 605 1223 2125 1312; baseline -0.007 -27"><span class='ocrx_word' id='word_1_130' title='bbox 605 1244 785 1312; x_wconf 66' lang='lat' dir='ltr'><strong>sentur</strong></span> <span class='ocrx_word' id='word_1_131' title='bbox 813 1233 879 1283; x_wconf 89' lang='lat' dir='ltr'><strong>ob</strong></span> <span class='ocrx_word' id='word_1_132' title='bbox 911 1223 1367 1283; x_wconf 76' lang='lat' dir='ltr'><strong>mansueltidinem</strong></span> <span class='ocrx_word' id='word_1_133' title='bbox 1393 1229 1571 1281; x_wconf 88' lang='lat' dir='ltr'><strong>omnia</strong></span> <span class='ocrx_word' id='word_1_134' title='bbox 1601 1225 1916 1293; x_wconf 88' lang='lat' dir='ltr'><strong>perdidisse,</strong></span> <span class='ocrx_word' id='word_1_135' title='bbox 1956 1224 2125 1275; x_wconf 65' lang='lat' dir='ltr'><strong>hare-</strong></span> 
     </span>
    </p>
   </div>
   <div class='ocr_carea' id='block_1_23' title="bbox 607 1313 2125 1386">
    <p class='ocr_par' dir='ltr' id='par_1_23' title="bbox 607 1313 2125 1386">
     <span class='ocr_line' id='line_1_23' title="bbox 607 1313 2125 1386; baseline -0.007 -14"><span class='ocrx_word' id='word_1_136' title='bbox 607 1322 777 1372; x_wconf 88' lang='lat' dir='ltr'><strong>ditare</strong></span> <span class='ocrx_word' id='word_1_137' title='bbox 797 1321 908 1386; x_wconf 89' lang='lat' dir='ltr'><strong>ipse</strong></span> <span class='ocrx_word' id='word_1_138' title='bbox 930 1320 1226 1386; x_wconf 80' lang='lat' dir='ltr'><strong>pollicetur,</strong></span> <span class='ocrx_word' id='word_1_139' title='bbox 1253 1327 1447 1369; x_wconf 86' lang='lat' dir='ltr'><strong>terram</strong></span> <span class='ocrx_word' id='word_1_140' title='bbox 1483 1332 1587 1368; x_wconf 89' lang='lat' dir='ltr'><strong>nou</strong></span> <span class='ocrx_word' id='word_1_141' title='bbox 1617 1316 1757 1366; x_wconf 86' lang='lat' dir='ltr'><strong>illam</strong></span> <span class='ocrx_word' id='word_1_142' title='bbox 1775 1313 2125 1379; x_wconf 81' lang='lat' dir='ltr'><strong>superiorem,</strong></span> 
     </span>
    </p>
   </div>
   <div class='ocr_carea' id='block_1_24' title="bbox 609 1399 2124 1476">
    <p class='ocr_par' dir='ltr' id='par_1_24' title="bbox 609 1399 2124 1476">
     <span class='ocr_line' id='line_1_24' title="bbox 609 1399 2124 1476; baseline -0.006 -19"><span class='ocrx_word' id='word_1_143' title='bbox 609 1407 702 1476; x_wconf 85' lang='lat' dir='ltr'><strong>sed</strong></span> <span class='ocrx_word' id='word_1_144' title='bbox 721 1408 896 1466; x_wconf 85' lang='lat' dir='ltr'><strong>istam,</strong></span> <span class='ocrx_word' id='word_1_145' title='bbox 917 1407 968 1456; x_wconf 93' lang='lat' dir='ltr'><strong>in</strong></span> <span class='ocrx_word' id='word_1_146' title='bbox 987 1420 1113 1472; x_wconf 86' lang='lat' dir='ltr'><strong>pace</strong></span> <span class='ocrx_word' id='word_1_147' title='bbox 1134 1405 1359 1457; x_wconf 80' lang='lat' dir='ltr'><strong>vivendo</strong></span> <span class='ocrx_word' id='word_1_148' title='bbox 1375 1415 1425 1456; x_wconf 83' lang='lat' dir='ltr'><strong>et</strong></span> <span class='ocrx_word' id='word_1_149' title='bbox 1445 1403 1788 1454; x_wconf 82' lang='lat' dir='ltr'><strong>necessitates</strong></span> <span class='ocrx_word' id='word_1_150' title='bbox 1801 1399 2124 1464; x_wconf 79' lang='lat' dir='ltr'><strong>accipiendo.</strong></span> 
     </span>
    </p>
   </div>
   <div class='ocr_carea' id='block_1_25' title="bbox 613 1483 2126 1556">
    <p class='ocr_par' dir='ltr' id='par_1_25' title="bbox 613 1483 2126 1556">
     <span class='ocr_line' id='line_1_25' title="bbox 613 1483 2126 1556; baseline -0.007 -14"><span class='ocrx_word' id='word_1_151' title='bbox 613 1490 856 1542; x_wconf 79' lang='lat' dir='ltr'><strong>Docendo</strong></span> <span class='ocrx_word' id='word_1_152' title='bbox 877 1490 1110 1542; x_wconf 77' lang='lat' dir='ltr'><strong>ctelestia</strong></span> <span class='ocrx_word' id='word_1_153' title='bbox 1127 1489 1402 1556; x_wconf 83' lang='lat' dir='ltr'><strong>pollicetur</strong></span> <span class='ocrx_word' id='word_1_154' title='bbox 1427 1496 1478 1537; x_wconf 91' lang='lat' dir='ltr'><strong>et</strong></span> <span class='ocrx_word' id='word_1_155' title='bbox 1504 1483 1777 1545; x_wconf 80' lang='lat' dir='ltr'><strong>inferiora,</strong></span> <span class='ocrx_word' id='word_1_156' title='bbox 1807 1498 1926 1536; x_wconf 91' lang='lat' dir='ltr'><strong>cum</strong></span> <span class='ocrx_word' id='word_1_157' title='bbox 1953 1483 2080 1533; x_wconf 90' lang='lat' dir='ltr'><strong>dicit</strong></span> <span class='ocrx_word' id='word_1_158' title='bbox 2113 1498 2126 1532; x_wconf 91' lang='lat'>:</span> 
     </span>
    </p>
   </div>
   <div class='ocr_carea' id='block_1_26' title="bbox 617 1569 2133 1641">
    <p class='ocr_par' dir='ltr' id='par_1_26' title="bbox 617 1569 2133 1641">
     <span class='ocr_line' id='line_1_26' title="bbox 617 1569 2133 1641; baseline -0.007 -14"><span class='ocrx_word' id='word_1_159' title='bbox 617 1577 841 1639; x_wconf 71' lang='lat' dir='ltr'><strong>Qumrite</strong></span> <span class='ocrx_word' id='word_1_160' title='bbox 864 1577 1088 1641; x_wconf 80' lang='lat' dir='ltr'><strong>primum</strong></span> <span class='ocrx_word' id='word_1_161' title='bbox 1109 1589 1318 1641; x_wconf 64' lang='lat' dir='ltr'><strong>regnum</strong></span> <span class='ocrx_word' id='word_1_162' title='bbox 1343 1573 1455 1632; x_wconf 86' lang='lat' dir='ltr'><strong>Dei.</strong></span> <span class='ocrx_word' id='word_1_163' title='bbox 1479 1582 1526 1623; x_wconf 83' lang='lat' dir='ltr'><strong>et</strong></span> <span class='ocrx_word' id='word_1_164' title='bbox 1547 1573 1653 1622; x_wconf 70' lang='lat' dir='ltr'><strong>ha&#39;c</strong></span> <span class='ocrx_word' id='word_1_165' title='bbox 1672 1572 1843 1622; x_wconf 81' lang='lat' dir='ltr'><strong>omnia</strong></span> <span class='ocrx_word' id='word_1_166' title='bbox 1882 1569 2133 1632; x_wconf 80' lang='lat' dir='ltr'><strong>adjicien-</strong></span> 
     </span>
    </p>
   </div>
   <div class='ocr_carea' id='block_1_27' title="bbox 2293 1120 3756 1204">
    <p class='ocr_par' dir='ltr' id='par_1_27' title="bbox 2293 1120 3756 1204">
     <span class='ocr_line' id='line_1_27' title="bbox 2293 1120 3756 1204; baseline -0.012 -15"><span class='ocrx_word' id='word_1_167' title='bbox 2293 1139 2352 1190; x_wconf 83' lang='grc' dir='ltr'><strong>Οἱ</strong></span> <span class='ocrx_word' id='word_1_168' title='bbox 2386 1136 2576 1204; x_wconf 74' lang='grc' dir='ltr'>πραεῖς</span> <span class='ocrx_word' id='word_1_169' title='bbox 2603 1132 3086 1203; x_wconf 80' lang='grc' dir='ltr'>κληρονομήσουσιν</span> <span class='ocrx_word' id='word_1_170' title='bbox 3128 1125 3224 1195; x_wconf 78' lang='grc' dir='ltr'>τὴν</span> <span class='ocrx_word' id='word_1_171' title='bbox 3253 1124 3357 1191; x_wconf 81' lang='grc' dir='ltr'>γῆν</span> <span class='ocrx_word' id='word_1_172' title='bbox 3377 1138 3394 1156; x_wconf 80' lang='grc' dir='ltr'><strong><em>ο</em></strong></span> <span class='ocrx_word' id='word_1_173' title='bbox 3435 1120 3614 1187; x_wconf 70' lang='grc' dir='ltr'>ἐπειδὴ</span> <span class='ocrx_word' id='word_1_174' title='bbox 3663 1135 3756 1171; x_wconf 80' lang='lat' dir='ltr'><strong>vo-</strong></span> 
     </span>
    </p>
   </div>
   <div class='ocr_carea' id='block_1_28' title="bbox 2233 1207 3761 1292">
    <p class='ocr_par' dir='ltr' id='par_1_28' title="bbox 2233 1207 3761 1292">
     <span class='ocr_line' id='line_1_28' title="bbox 2233 1207 3761 1292; baseline -0.013 -17"><span class='ocrx_word' id='word_1_175' title='bbox 2233 1224 2474 1292; x_wconf 76' lang='grc' dir='ltr'>μὶζονται</span> <span class='ocrx_word' id='word_1_176' title='bbox 2498 1221 2584 1271; x_wconf 86' lang='grc' dir='ltr'><strong>διὰ</strong></span> <span class='ocrx_word' id='word_1_177' title='bbox 2613 1219 2706 1287; x_wconf 84' lang='grc' dir='ltr'>τὴν</span> <span class='ocrx_word' id='word_1_178' title='bbox 2744 1219 3021 1287; x_wconf 83' lang='grc' dir='ltr'><strong>πραότητα</strong></span> <span class='ocrx_word' id='word_1_179' title='bbox 3052 1214 3226 1265; x_wconf 80' lang='grc' dir='ltr'>πάντα</span> <span class='ocrx_word' id='word_1_180' title='bbox 3254 1209 3529 1266; x_wconf 72' lang='grc' dir='ltr'>ἀπολέσαι.</span> <span class='ocrx_word' id='word_1_181' title='bbox 3560 1207 3761 1272; x_wconf 79' lang='grc' dir='ltr'>κληρο-</span> 
     </span>
    </p>
   </div>
   <div class='ocr_carea' id='block_1_29' title="bbox 2226 1293 3757 1376">
    <p class='ocr_par' dir='ltr' id='par_1_29' title="bbox 2226 1293 3757 1376">
     <span class='ocr_line' id='line_1_29' title="bbox 2226 1293 3757 1376; baseline -0.014 -14"><span class='ocrx_word' id='word_1_182' title='bbox 2226 1310 2454 1376; x_wconf 82' lang='grc' dir='ltr'>νομῆσαι</span> <span class='ocrx_word' id='word_1_183' title='bbox 2496 1307 2655 1367; x_wconf 82' lang='grc' dir='ltr'>αὐτὸς</span> <span class='ocrx_word' id='word_1_184' title='bbox 2704 1304 3068 1370; x_wconf 83' lang='grc' dir='ltr'>ὑπισχνεῖται·</span> <span class='ocrx_word' id='word_1_185' title='bbox 3116 1300 3226 1376; x_wconf 68' lang='grc' dir='ltr'><strong>γῆνΔ</strong></span> <span class='ocrx_word' id='word_1_186' title='bbox 3267 1295 3323 1348; x_wconf 74' lang='grc' dir='ltr'>δὲ</span> <span class='ocrx_word' id='word_1_187' title='bbox 3377 1296 3437 1347; x_wconf 81' lang='grc' dir='ltr'>οὐ</span> <span class='ocrx_word' id='word_1_188' title='bbox 3483 1293 3576 1360; x_wconf 79' lang='grc' dir='ltr'>τὴν</span> <span class='ocrx_word' id='word_1_189' title='bbox 3618 1293 3757 1350; x_wconf 78' lang='grc' dir='ltr'>ἄνω,</span> 
     </span>
    </p>
   </div>
   <div class='ocr_carea' id='block_1_30' title="bbox 2228 1371 3762 1462">
    <p class='ocr_par' dir='ltr' id='par_1_30' title="bbox 2228 1371 3762 1462">
     <span class='ocr_line' id='line_1_30' title="bbox 2228 1371 3762 1462; baseline -0.015 -13"><span class='ocrx_word' id='word_1_190' title='bbox 2228 1371 2362 1449; x_wconf 67' lang='grc' dir='ltr'><strong>ἀλλά</strong></span> <span class='ocrx_word' id='word_1_191' title='bbox 2395 1394 2614 1462; x_wconf 85' lang='grc' dir='ltr'>ταύτην,</span> <span class='ocrx_word' id='word_1_192' title='bbox 2646 1391 2706 1443; x_wconf 81' lang='grc' dir='ltr'>τὸ</span> <span class='ocrx_word' id='word_1_193' title='bbox 2735 1392 2790 1442; x_wconf 74' lang='grc' dir='ltr'>ὲν</span> <span class='ocrx_word' id='word_1_194' title='bbox 2839 1389 3026 1457; x_wconf 75' lang='grc' dir='ltr'>εἰρήνῃ</span> <span class='ocrx_word' id='word_1_195' title='bbox 3079 1371 3286 1451; x_wconf 73' lang='grc' dir='ltr'>διάγειν</span> <span class='ocrx_word' id='word_1_196' title='bbox 3317 1382 3410 1434; x_wconf 65' lang='grc' dir='ltr'><strong>καὶ⁵</strong></span> <span class='ocrx_word' id='word_1_197' title='bbox 3459 1379 3636 1431; x_wconf 80' lang='grc' dir='ltr'>λαϐεῖν</span> <span class='ocrx_word' id='word_1_198' title='bbox 3685 1376 3762 1427; x_wconf 73' lang='grc' dir='ltr'><strong>τὰ</strong></span> 
     </span>
    </p>
   </div>
   <div class='ocr_carea' id='block_1_31' title="bbox 2229 1468 3763 1548">
    <p class='ocr_par' dir='ltr' id='par_1_31' title="bbox 2229 1468 3763 1548">
     <span class='ocr_line' id='line_1_31' title="bbox 2229 1468 3763 1548; baseline -0.014 -13"><span class='ocrx_word' id='word_1_199' title='bbox 2229 1485 2427 1542; x_wconf 80' lang='grc' dir='ltr'>δέοντα,</span> <span class='ocrx_word' id='word_1_200' title='bbox 2461 1481 2620 1548; x_wconf 79' lang='grc' dir='ltr'>φημί.</span> <span class='ocrx_word' id='word_1_201' title='bbox 2649 1479 2920 1530; x_wconf 74' lang='grc' dir='ltr'>Διδάσκων</span> <span class='ocrx_word' id='word_1_202' title='bbox 2952 1475 3046 1527; x_wconf 69' lang='grc' dir='ltr'>καὶ</span> <span class='ocrx_word' id='word_1_203' title='bbox 3073 1473 3138 1524; x_wconf 81' lang='grc' dir='ltr'>τὰ</span> <span class='ocrx_word' id='word_1_204' title='bbox 3178 1472 3396 1538; x_wconf 76' lang='grc' dir='ltr'>οὐράνια</span> <span class='ocrx_word' id='word_1_205' title='bbox 3427 1468 3763 1534; x_wconf 81' lang='grc' dir='ltr'>ὑπισχνεῖται</span> 
     </span>
    </p>
   </div>
   <div class='ocr_carea' id='block_1_32' title="bbox 2233 1551 3767 1628">
    <p class='ocr_par' dir='ltr' id='par_1_32' title="bbox 2233 1551 3767 1628">
     <span class='ocr_line' id='line_1_32' title="bbox 2233 1551 3767 1628; baseline -0.01 -9"><span class='ocrx_word' id='word_1_206' title='bbox 2233 1567 2417 1620; x_wconf 77' lang='grc' dir='ltr'>καὶτὰ</span> <span class='ocrx_word' id='word_1_207' title='bbox 2441 1569 2604 1628; x_wconf 84' lang='grc' dir='ltr'>κάτω,</span> <span class='ocrx_word' id='word_1_208' title='bbox 2633 1566 2718 1616; x_wconf 76' lang='grc' dir='ltr'><strong>διὰ</strong></span> <span class='ocrx_word' id='word_1_209' title='bbox 2745 1563 2836 1615; x_wconf 81' lang='grc' dir='ltr'><strong>τοῦ</strong></span> <span class='ocrx_word' id='word_1_210' title='bbox 2866 1565 3041 1628; x_wconf 79' lang='grc' dir='ltr'>λέγειν</span> <span class='ocrx_word' id='word_1_211' title='bbox 3059 1578 3074 1593; x_wconf 71' lang='grc' dir='ltr'><strong>ι</strong></span> <span class='ocrx_word' id='word_1_212' title='bbox 3117 1557 3348 1623; x_wconf 70' lang='grc' dir='ltr'>Ζητεῖτε</span> <span class='ocrx_word' id='word_1_213' title='bbox 3385 1555 3609 1621; x_wconf 79' lang='grc' dir='ltr'>πρῶτον</span> <span class='ocrx_word' id='word_1_214' title='bbox 3645 1551 3767 1616; x_wconf 77' lang='grc' dir='ltr'><strong>τὴν</strong></span> 
     </span>
    </p>
   </div>
   <div class='ocr_carea' id='block_1_33' title="bbox 617 1628 2251 1731">
    <p class='ocr_par' dir='ltr' id='par_1_33' title="bbox 617 1628 2251 1731">
     <span class='ocr_line' id='line_1_33' title="bbox 617 1628 2251 1731; baseline -0.006 -16"><span class='ocrx_word' id='word_1_215' title='bbox 617 1628 702 1715; x_wconf 58' lang='grc' dir='ltr'><strong>ἴαν</strong></span> <span class='ocrx_word' id='word_1_216' title='bbox 717 1664 850 1716; x_wconf 85' lang='lat' dir='ltr'><strong>vobis</strong></span> <span class='ocrx_word' id='word_1_217' title='bbox 864 1628 887 1725; x_wconf 46' lang='lat' dir='ltr'><strong>l;</strong></span> <span class='ocrx_word' id='word_1_218' title='bbox 918 1672 968 1716; x_wconf 83' lang='lat' dir='ltr'><strong>et</strong></span> <span class='ocrx_word' id='word_1_219' title='bbox 986 1663 1110 1716; x_wconf 85' lang='lat' dir='ltr'><strong>alibi</strong></span> <span class='ocrx_word' id='word_1_220' title='bbox 1142 1628 1256 1715; x_wconf 54' lang='lat' dir='ltr'><strong>:-Si</strong></span> <span class='ocrx_word' id='word_1_221' title='bbox 1277 1663 1393 1731; x_wconf 78' lang='lat' dir='ltr'><strong>quis</strong></span> <span class='ocrx_word' id='word_1_222' title='bbox 1425 1628 1678 1712; x_wconf 80' lang='lat' dir='ltr'><strong>dimiserit</strong></span> <span class='ocrx_word' id='word_1_223' title='bbox 1709 1659 1905 1726; x_wconf 82' lang='lat' dir='ltr'><strong>aliquid</strong></span> <span class='ocrx_word' id='word_1_224' title='bbox 1927 1628 2133 1724; x_wconf 54' lang='lat' dir='ltr'><strong>propter</strong></span> <span class='ocrx_word' id='word_1_225' title='bbox 2166 1628 2204 1679; x_wconf 71' lang='grc' dir='ltr'><strong>Β</strong></span> <span class='ocrx_word' id='word_1_226' title='bbox 2231 1666 2251 1719; x_wconf 58' lang='lat' dir='ltr'><em>J</em></span> 
     </span>
    </p>
   </div>
   <div class='ocr_carea' id='block_1_34' title="bbox 2132 1628 3766 1731">
    <p class='ocr_par' dir='ltr' id='par_1_34' title="bbox 2132 1628 3766 1719">
     <span class='ocr_line' id='line_1_34' title="bbox 2132 1628 3766 1719; baseline -0.011 -11"><span class='ocrx_word' id='word_1_227' title='bbox 2132 1677 2133 1680; x_wconf 47' lang='grc' dir='ltr'><strong>η</strong></span> <span class='ocrx_word' id='word_1_228' title='bbox 2166 1628 2204 1679; x_wconf 70' lang='grc' dir='ltr'><strong>Β</strong></span> <span class='ocrx_word' id='word_1_229' title='bbox 2231 1656 2550 1719; x_wconf 66' lang='grc' dir='ltr'>,ϐασιλείαν</span> <span class='ocrx_word' id='word_1_230' title='bbox 2575 1653 2676 1704; x_wconf 85' lang='grc' dir='ltr'>τοῦ</span> <span class='ocrx_word' id='word_1_231' title='bbox 2722 1650 2887 1713; x_wconf 83' lang='grc' dir='ltr'><strong>Θεοῦ,</strong></span> <span class='ocrx_word' id='word_1_232' title='bbox 2925 1649 3018 1700; x_wconf 74' lang='grc' dir='ltr'>καὶ</span> <span class='ocrx_word' id='word_1_233' title='bbox 3065 1647 3246 1698; x_wconf 81' lang='grc' dir='ltr'>ταῦτα</span> <span class='ocrx_word' id='word_1_234' title='bbox 3274 1643 3463 1695; x_wconf 81' lang='grc' dir='ltr'>πάντα</span> <span class='ocrx_word' id='word_1_235' title='bbox 3511 1657 3766 1707; x_wconf 81' lang='grc' dir='ltr'>προστε-</span> 
     </span>
    </p>
   </div>
   <div class='ocr_carea' id='block_1_35' title="bbox 617 1745 2132 1820">
    <p class='ocr_par' dir='ltr' id='par_1_35' title="bbox 617 1745 2132 1820">
     <span class='ocr_line' id='line_1_35' title="bbox 617 1745 2132 1820; baseline -0.006 -17"><span class='ocrx_word' id='word_1_236' title='bbox 617 1769 714 1816; x_wconf 82' lang='lat' dir='ltr'><strong>me,</strong></span> <span class='ocrx_word' id='word_1_237' title='bbox 739 1753 1026 1820; x_wconf 75' lang='lat' dir='ltr'><strong>centuplum</strong></span> <span class='ocrx_word' id='word_1_238' title='bbox 1050 1752 1260 1820; x_wconf 72' lang='lat' dir='ltr'><strong>accipiet</strong></span> <span class='ocrx_word' id='word_1_239' title='bbox 1288 1760 1336 1802; x_wconf 73' lang='lat' dir='ltr'><strong>et</strong></span> <span class='ocrx_word' id='word_1_240' title='bbox 1359 1752 1518 1804; x_wconf 70' lang='lat' dir='ltr'><strong>vitam</strong></span> <span class='ocrx_word' id='word_1_241' title='bbox 1551 1758 1794 1802; x_wconf 79' lang='lat' dir='ltr'><strong>trternam</strong></span> <span class='ocrx_word' id='word_1_242' title='bbox 1824 1745 2132 1814; x_wconf 71' lang='lat' dir='ltr'><strong>possidebit,</strong></span> 
     </span>
    </p>
   </div>
   <div class='ocr_carea' id='block_1_36' title="bbox 685 2012 2137 2080">
    <p class='ocr_par' dir='ltr' id='par_1_36' title="bbox 685 2012 2137 2080">
     <span class='ocr_line' id='line_1_36' title="bbox 685 2012 2137 2080; baseline -0.006 -9"><span class='ocrx_word' id='word_1_243' title='bbox 685 2016 846 2071; x_wconf 85' lang='lat' dir='ltr'><strong>Vens.</strong></span> <span class='ocrx_word' id='word_1_244' title='bbox 883 2016 931 2069; x_wconf 91' lang='lat'><strong>6.</strong></span> <span class='ocrx_word' id='word_1_245' title='bbox 951 2015 1085 2070; x_wconf 79' lang='lat' dir='ltr'><strong>Ante</strong></span> <span class='ocrx_word' id='word_1_246' title='bbox 1120 2014 1713 2078; x_wconf 84' lang='lat' dir='ltr'><strong>misericordes,beatos</strong></span> <span class='ocrx_word' id='word_1_247' title='bbox 1737 2012 1867 2065; x_wconf 87' lang='lat' dir='ltr'><strong>dicit</strong></span> <span class='ocrx_word' id='word_1_248' title='bbox 1891 2012 1979 2080; x_wconf 90' lang='lat' dir='ltr'><strong>qui</strong></span> <span class='ocrx_word' id='word_1_249' title='bbox 2011 2025 2137 2064; x_wconf 84' lang='lat' dir='ltr'><strong>esu-</strong></span> 
     </span>
    </p>
   </div>
   <div class='ocr_carea' id='block_1_37' title="bbox 621 2101 2130 2172">
    <p class='ocr_par' dir='ltr' id='par_1_37' title="bbox 621 2101 2130 2172">
     <span class='ocr_line' id='line_1_37' title="bbox 621 2101 2130 2172; baseline -0.003 -14"><span class='ocrx_word' id='word_1_250' title='bbox 621 2107 766 2158; x_wconf 90' lang='lat' dir='ltr'><strong>riunt</strong></span> <span class='ocrx_word' id='word_1_251' title='bbox 796 2115 846 2157; x_wconf 90' lang='lat' dir='ltr'><strong>et</strong></span> <span class='ocrx_word' id='word_1_252' title='bbox 876 2108 1060 2158; x_wconf 87' lang='lat' dir='ltr'><strong>sitiunt</strong></span> <span class='ocrx_word' id='word_1_253' title='bbox 1079 2105 1364 2172; x_wconf 85' lang='lat' dir='ltr'><strong>justitiam.</strong></span> <span class='ocrx_word' id='word_1_254' title='bbox 1395 2103 1606 2167; x_wconf 85' lang='lat' dir='ltr'><strong>Quare?</strong></span> <span class='ocrx_word' id='word_1_255' title='bbox 1636 2102 1770 2167; x_wconf 87' lang='lat' dir='ltr'><strong>Quia</strong></span> <span class='ocrx_word' id='word_1_256' title='bbox 1797 2116 1899 2154; x_wconf 93' lang='lat' dir='ltr'><strong>non</strong></span> <span class='ocrx_word' id='word_1_257' title='bbox 1926 2117 1991 2155; x_wconf 72' lang='lat' dir='ltr'><strong>ex</strong></span> <span class='ocrx_word' id='word_1_258' title='bbox 2019 2101 2130 2154; x_wconf 77' lang='lat' dir='ltr'><strong>vio-</strong></span> 
     </span>
    </p>
   </div>
   <div class='ocr_carea' id='block_1_38' title="bbox 620 2192 1291 2260">
    <p class='ocr_par' dir='ltr' id='par_1_38' title="bbox 620 2192 1291 2260">
     <span class='ocr_line' id='line_1_38' title="bbox 620 2192 1291 2260; baseline -0.001 -15"><span class='ocrx_word' id='word_1_259' title='bbox 620 2193 779 2245; x_wconf 57' lang='lat' dir='ltr'><strong>lentia</strong></span> <span class='ocrx_word' id='word_1_260' title='bbox 801 2203 1003 2260; x_wconf 82' lang='lat' dir='ltr'><strong>oportet</strong></span> <span class='ocrx_word' id='word_1_261' title='bbox 1031 2192 1291 2245; x_wconf 85' lang='lat' dir='ltr'><strong>misereri.</strong></span> 
     </span>
    </p>
   </div>
   <div class='ocr_carea' id='block_1_39' title="bbox 693 2273 2140 2341">
    <p class='ocr_par' dir='ltr' id='par_1_39' title="bbox 693 2273 2140 2341">
     <span class='ocr_line' id='line_1_39' title="bbox 693 2273 2140 2341; baseline 0.002 -12"><span class='ocrx_word' id='word_1_262' title='bbox 693 2279 851 2333; x_wconf 83' lang='lat' dir='ltr'><strong>Vens.</strong></span> <span class='ocrx_word' id='word_1_263' title='bbox 880 2281 931 2332; x_wconf 90' lang='lat'><strong>8.</strong></span> <span class='ocrx_word' id='word_1_264' title='bbox 965 2277 1191 2331; x_wconf 80' lang='lat' dir='ltr'><strong>Mundus</strong></span> <span class='ocrx_word' id='word_1_265' title='bbox 1224 2273 1381 2330; x_wconf 77' lang='lat' dir='ltr'><strong>co&#39;rde</strong></span> <span class='ocrx_word' id='word_1_266' title='bbox 1402 2278 1548 2337; x_wconf 88' lang='lat' dir='ltr'><strong>dicit,</strong></span> <span class='ocrx_word' id='word_1_267' title='bbox 1580 2287 1668 2329; x_wconf 89' lang='lat' dir='ltr'><strong>aut</strong></span> <span class='ocrx_word' id='word_1_268' title='bbox 1696 2278 1784 2341; x_wconf 87' lang='lat' dir='ltr'><strong>qui</strong></span> <span class='ocrx_word' id='word_1_269' title='bbox 1813 2277 1863 2329; x_wconf 93' lang='lat' dir='ltr'><strong>in</strong></span> <span class='ocrx_word' id='word_1_270' title='bbox 1895 2279 2140 2332; x_wconf 75' lang='lat' dir='ltr'><strong>castitate</strong></span> 
     </span>
    </p>
   </div>
   <div class='ocr_carea' id='block_1_40' title="bbox 625 2365 2141 2432">
    <p class='ocr_par' dir='ltr' id='par_1_40' title="bbox 625 2365 2141 2432">
     <span class='ocr_line' id='line_1_40' title="bbox 625 2365 2141 2432; baseline 0.001 -16"><span class='ocrx_word' id='word_1_271' title='bbox 625 2366 842 2432; x_wconf 72' lang='lat' dir='ltr'><strong>degunt,</strong></span> <span class='ocrx_word' id='word_1_272' title='bbox 883 2375 972 2417; x_wconf 91' lang='lat' dir='ltr'><strong>aut</strong></span> <span class='ocrx_word' id='word_1_273' title='bbox 1011 2366 1101 2432; x_wconf 90' lang='lat' dir='ltr'><strong>qui</strong></span> <span class='ocrx_word' id='word_1_274' title='bbox 1136 2365 1417 2430; x_wconf 77' lang='lat' dir='ltr'><strong>perfectam</strong></span> <span class='ocrx_word' id='word_1_275' title='bbox 1479 2366 1724 2415; x_wconf 77' lang='lat' dir='ltr'><strong>virtutem</strong></span> <span class='ocrx_word' id='word_1_276' title='bbox 1775 2365 1946 2430; x_wconf 85' lang='lat' dir='ltr'><strong>adepti</strong></span> <span class='ocrx_word' id='word_1_277' title='bbox 1996 2375 2141 2417; x_wconf 83' lang='lat' dir='ltr'><strong>sunt.</strong></span> 
     </span>
    </p>
   </div>
   <div class='ocr_carea' id='block_1_41' title="bbox 629 2452 2142 2519">
    <p class='ocr_par' dir='ltr' id='par_1_41' title="bbox 629 2452 2142 2519">
     <span class='ocr_line' id='line_1_41' title="bbox 629 2452 2142 2519; baseline -0.001 -14"><span class='ocrx_word' id='word_1_278' title='bbox 629 2452 726 2505; x_wconf 86' lang='lat' dir='ltr'><strong>Isti</strong></span> <span class='ocrx_word' id='word_1_279' title='bbox 749 2454 906 2506; x_wconf 86' lang='lat' dir='ltr'><strong>Deum</strong></span> <span class='ocrx_word' id='word_1_280' title='bbox 927 2455 1191 2512; x_wconf 83' lang='lat' dir='ltr'><strong>videbunt;</strong></span> <span class='ocrx_word' id='word_1_281' title='bbox 1221 2454 1476 2504; x_wconf 86' lang='lat' dir='ltr'><strong>visionem</strong></span> <span class='ocrx_word' id='word_1_282' title='bbox 1511 2453 1595 2504; x_wconf 92' lang='lat' dir='ltr'><strong>hic</strong></span> <span class='ocrx_word' id='word_1_283' title='bbox 1640 2467 1854 2511; x_wconf 83' lang='lat' dir='ltr'><strong>vocans,</strong></span> <span class='ocrx_word' id='word_1_284' title='bbox 1884 2461 2142 2519; x_wconf 77' lang='lat' dir='ltr'><strong>quantum</strong></span> 
     </span>
    </p>
   </div>
   <div class='ocr_carea' id='block_1_42' title="bbox 631 2540 2145 2608">
    <p class='ocr_par' dir='ltr' id='par_1_42' title="bbox 631 2540 2145 2608">
     <span class='ocr_line' id='line_1_42' title="bbox 631 2540 2145 2608; baseline -0.001 -15"><span class='ocrx_word' id='word_1_285' title='bbox 631 2541 832 2593; x_wconf 81' lang='lat' dir='ltr'><strong>homini</strong></span> <span class='ocrx_word' id='word_1_286' title='bbox 854 2541 1103 2608; x_wconf 86' lang='lat' dir='ltr'><strong>possibile</strong></span> <span class='ocrx_word' id='word_1_287' title='bbox 1133 2548 1216 2593; x_wconf 88' lang='lat' dir='ltr'><strong>est</strong></span> <span class='ocrx_word' id='word_1_288' title='bbox 1247 2541 1425 2594; x_wconf 86' lang='lat' dir='ltr'><strong>videre</strong></span> <span class='ocrx_word' id='word_1_289' title='bbox 1446 2540 1708 2593; x_wconf 88' lang='lat' dir='ltr'><strong>invisibile</strong></span> <span class='ocrx_word' id='word_1_290' title='bbox 1731 2542 1966 2591; x_wconf 88' lang='lat' dir='ltr'><strong>omnium</strong></span> <span class='ocrx_word' id='word_1_291' title='bbox 1997 2540 2145 2607; x_wconf 84' lang='lat' dir='ltr'><strong>prin-</strong></span> 
     </span>
    </p>
   </div>
   <div class='ocr_carea' id='block_1_43' title="bbox 630 2630 850 2697">
    <p class='ocr_par' dir='ltr' id='par_1_43' title="bbox 630 2630 850 2697">
     <span class='ocr_line' id='line_1_43' title="bbox 630 2630 850 2697; baseline -0.014 -14"><span class='ocrx_word' id='word_1_292' title='bbox 630 2630 850 2697; x_wconf 79' lang='lat' dir='ltr'><strong>cipittm.</strong></span> 
     </span>
    </p>
   </div>
   <div class='ocr_carea' id='block_1_44' title="bbox 699 2715 2147 2784">
    <p class='ocr_par' dir='ltr' id='par_1_44' title="bbox 699 2715 2147 2784">
     <span class='ocr_line' id='line_1_44' title="bbox 699 2715 2147 2784; baseline -0.001 -15"><span class='ocrx_word' id='word_1_293' title='bbox 699 2715 860 2769; x_wconf 89' lang='lat' dir='ltr'><strong>Vens.</strong></span> <span class='ocrx_word' id='word_1_294' title='bbox 889 2716 942 2769; x_wconf 88' lang='lat'><strong>9.</strong></span> <span class='ocrx_word' id='word_1_295' title='bbox 979 2715 1236 2769; x_wconf 84' lang='lat' dir='ltr'><strong>Pacilicos</strong></span> <span class='ocrx_word' id='word_1_296' title='bbox 1265 2716 1413 2779; x_wconf 90' lang='lat' dir='ltr'><strong>dicit,</strong></span> <span class='ocrx_word' id='word_1_297' title='bbox 1436 2716 1523 2784; x_wconf 85' lang='lat' dir='ltr'><strong>q=-i</strong></span> <span class='ocrx_word' id='word_1_298' title='bbox 1548 2731 1651 2767; x_wconf 92' lang='lat' dir='ltr'><strong>non</strong></span> <span class='ocrx_word' id='word_1_299' title='bbox 1677 2716 1849 2768; x_wconf 87' lang='lat' dir='ltr'><strong>solum</strong></span> <span class='ocrx_word' id='word_1_300' title='bbox 1879 2716 2017 2768; x_wconf 87' lang='lat' dir='ltr'><strong>inter</strong></span> <span class='ocrx_word' id='word_1_301' title='bbox 2048 2729 2147 2782; x_wconf 88' lang='lat' dir='ltr'><strong>pu-</strong></span> 
     </span>
    </p>
   </div>
   <div class='ocr_carea' id='block_1_45' title="bbox 631 2804 2145 2874">
    <p class='ocr_par' dir='ltr' id='par_1_45' title="bbox 631 2804 2145 2874">
     <span class='ocr_line' id='line_1_45' title="bbox 631 2804 2145 2874; baseline 0.001 -20"><span class='ocrx_word' id='word_1_302' title='bbox 631 2814 873 2874; x_wconf 75' lang='lat' dir='ltr'><strong>gnantes,</strong></span> <span class='ocrx_word' id='word_1_303' title='bbox 897 2805 986 2858; x_wconf 90' lang='lat' dir='ltr'><strong>sed</strong></span> <span class='ocrx_word' id='word_1_304' title='bbox 1015 2806 1170 2857; x_wconf 84' lang='lat' dir='ltr'><strong>etiam</strong></span> <span class='ocrx_word' id='word_1_305' title='bbox 1197 2805 1333 2856; x_wconf 89' lang='lat' dir='ltr'><strong>inter</strong></span> <span class='ocrx_word' id='word_1_306' title='bbox 1358 2804 1555 2857; x_wconf 86' lang='lat' dir='ltr'><strong>divisos</strong></span> <span class='ocrx_word' id='word_1_307' title='bbox 1575 2819 1754 2870; x_wconf 86' lang='lat' dir='ltr'><strong>pacem</strong></span> <span class='ocrx_word' id='word_1_308' title='bbox 1781 2812 2145 2870; x_wconf 87' lang='lat' dir='ltr'><strong>componunt;</strong></span> 
     </span>
    </p>
   </div>
   <div class='ocr_carea' id='block_1_46' title="bbox 631 2890 2148 2957">
    <p class='ocr_par' dir='ltr' id='par_1_46' title="bbox 631 2890 2148 2957">
     <span class='ocr_line' id='line_1_46' title="bbox 631 2890 2148 2957; baseline -0.001 -15"><span class='ocrx_word' id='word_1_309' title='bbox 631 2892 805 2942; x_wconf 85' lang='lat' dir='ltr'><strong>adhuc</strong></span> <span class='ocrx_word' id='word_1_310' title='bbox 869 2901 1045 2942; x_wconf 66' lang='lat' dir='ltr'><strong>autem</strong></span> <span class='ocrx_word' id='word_1_311' title='bbox 1094 2901 1142 2942; x_wconf 88' lang='lat' dir='ltr'><strong>et</strong></span> <span class='ocrx_word' id='word_1_312' title='bbox 1175 2891 1262 2957; x_wconf 90' lang='lat' dir='ltr'><strong>qui</strong></span> <span class='ocrx_word' id='word_1_313' title='bbox 1307 2905 1499 2956; x_wconf 89' lang='lat' dir='ltr'><strong>corpus</strong></span> <span class='ocrx_word' id='word_1_314' title='bbox 1532 2905 1684 2941; x_wconf 89' lang='lat' dir='ltr'><strong>suum</strong></span> <span class='ocrx_word' id='word_1_315' title='bbox 1718 2890 1767 2941; x_wconf 92' lang='lat' dir='ltr'><strong>in</strong></span> <span class='ocrx_word' id='word_1_316' title='bbox 1795 2891 2026 2942; x_wconf 89' lang='lat' dir='ltr'><strong>animam</strong></span> <span class='ocrx_word' id='word_1_317' title='bbox 2067 2904 2148 2941; x_wconf 87' lang='lat' dir='ltr'><strong>re-</strong></span> 
     </span>
    </p>
   </div>
   <div class='ocr_carea' id='block_1_47' title="bbox 635 2979 2146 3046">
    <p class='ocr_par' dir='ltr' id='par_1_47' title="bbox 635 2979 2146 3046">
     <span class='ocr_line' id='line_1_47' title="bbox 635 2979 2146 3046; baseline -0.001 -14"><span class='ocrx_word' id='word_1_318' title='bbox 635 2982 824 3033; x_wconf 79' lang='lat' dir='ltr'><strong>bellare</strong></span> <span class='ocrx_word' id='word_1_319' title='bbox 856 2996 958 3033; x_wconf 88' lang='lat' dir='ltr'><strong>non</strong></span> <span class='ocrx_word' id='word_1_320' title='bbox 989 2980 1190 3041; x_wconf 85' lang='lat' dir='ltr'><strong>sinunt,</strong></span> <span class='ocrx_word' id='word_1_321' title='bbox 1223 2981 1312 3031; x_wconf 86' lang='lat' dir='ltr'><strong>sed</strong></span> <span class='ocrx_word' id='word_1_322' title='bbox 1343 2994 1535 3046; x_wconf 91' lang='lat' dir='ltr'><strong>corpus</strong></span> <span class='ocrx_word' id='word_1_323' title='bbox 1565 2979 1753 3031; x_wconf 71' lang='lat' dir='ltr'><strong>animae</strong></span> <span class='ocrx_word' id='word_1_324' title='bbox 1780 2993 1870 3045; x_wconf 91' lang='lat' dir='ltr'><strong>per</strong></span> <span class='ocrx_word' id='word_1_325' title='bbox 1899 2981 2146 3031; x_wconf 83' lang='lat' dir='ltr'><strong>virtutem</strong></span> 
     </span>
    </p>
   </div>
   <div class='ocr_carea' id='block_1_48' title="bbox 636 3070 973 3123">
    <p class='ocr_par' dir='ltr' id='par_1_48' title="bbox 636 3070 973 3123">
     <span class='ocr_line' id='line_1_48' title="bbox 636 3070 973 3123; baseline -0.012 0"><span class='ocrx_word' id='word_1_326' title='bbox 636 3070 973 3123; x_wconf 81' lang='lat' dir='ltr'><strong>submittunt.</strong></span> 
     </span>
    </p>
   </div>
   <div class='ocr_carea' id='block_1_49' title="bbox 704 3153 2156 3220">
    <p class='ocr_par' dir='ltr' id='par_1_49' title="bbox 704 3153 2156 3220">
     <span class='ocr_line' id='line_1_49' title="bbox 704 3153 2156 3220; baseline 0.001 -16"><span class='ocrx_word' id='word_1_327' title='bbox 704 3153 867 3206; x_wconf 85' lang='lat' dir='ltr'><strong>Vens.</strong></span> <span class='ocrx_word' id='word_1_328' title='bbox 905 3156 986 3206; x_wconf 82' lang='grc'>10.</span> <span class='ocrx_word' id='word_1_329' title='bbox 1015 3154 1305 3207; x_wconf 88' lang='lat' dir='ltr'><strong>Ostendens</strong></span> <span class='ocrx_word' id='word_1_330' title='bbox 1349 3169 1451 3206; x_wconf 90' lang='lat' dir='ltr'><strong>non</strong></span> <span class='ocrx_word' id='word_1_331' title='bbox 1487 3169 1692 3220; x_wconf 90' lang='lat' dir='ltr'><strong>semper</strong></span> <span class='ocrx_word' id='word_1_332' title='bbox 1723 3168 1908 3220; x_wconf 83' lang='lat' dir='ltr'><strong>pacem</strong></span> <span class='ocrx_word' id='word_1_333' title='bbox 1959 3156 2156 3206; x_wconf 91' lang='lat' dir='ltr'><strong>bonum</strong></span> 
     </span>
    </p>
   </div>
   <div class='ocr_carea' id='block_1_50' title="bbox 639 3244 2164 3312">
    <p class='ocr_par' dir='ltr' id='par_1_50' title="bbox 639 3244 2164 3312">
     <span class='ocr_line' id='line_1_50' title="bbox 639 3244 2164 3312; baseline 0.003 -20"><span class='ocrx_word' id='word_1_334' title='bbox 639 3256 785 3302; x_wconf 85' lang='lat' dir='ltr'><strong>esse,</strong></span> <span class='ocrx_word' id='word_1_335' title='bbox 842 3245 1043 3294; x_wconf 75' lang='lat' dir='ltr'><strong>addidit</strong></span> <span class='ocrx_word' id='word_1_336' title='bbox 1077 3261 1090 3295; x_wconf 89' lang='lat'><strong>:</strong></span> <span class='ocrx_word' id='word_1_337' title='bbox 1127 3244 1272 3294; x_wconf 76' lang='lat' dir='ltr'><strong>Beati</strong></span> <span class='ocrx_word' id='word_1_338' title='bbox 1312 3245 1400 3308; x_wconf 87' lang='lat' dir='ltr'><strong>qui</strong></span> <span class='ocrx_word' id='word_1_339' title='bbox 1452 3247 1852 3308; x_wconf 72' lang='lat' dir='ltr'><strong>persecutionem</strong></span> <span class='ocrx_word' id='word_1_340' title='bbox 1895 3247 2164 3312; x_wconf 84' lang='lat' dir='ltr'><strong>patiuntur</strong></span> 
     </span>
    </p>
   </div>
   <div class='ocr_carea' id='block_1_51' title="bbox 638 3330 1143 3395">
    <p class='ocr_par' dir='ltr' id='par_1_51' title="bbox 638 3330 1143 3395">
     <span class='ocr_line' id='line_1_51' title="bbox 638 3330 1143 3395; baseline 0.006 -17"><span class='ocrx_word' id='word_1_341' title='bbox 638 3340 844 3395; x_wconf 83' lang='lat' dir='ltr'><strong>propter</strong></span> <span class='ocrx_word' id='word_1_342' title='bbox 859 3330 1143 3394; x_wconf 78' lang='lat' dir='ltr'><strong>justitiam.</strong></span> 
     </span>
    </p>
   </div>
   <div class='ocr_carea' id='block_1_52' title="bbox 718 3418 2163 3499">
    <p class='ocr_par' dir='ltr' id='par_1_52' title="bbox 718 3418 2163 3499">
     <span class='ocr_line' id='line_1_52' title="bbox 718 3418 2163 3499; baseline 0.002 -29"><span class='ocrx_word' id='word_1_343' title='bbox 718 3419 879 3470; x_wconf 86' lang='lat' dir='ltr'><strong>Vens.</strong></span> <span class='ocrx_word' id='word_1_344' title='bbox 916 3420 1000 3470; x_wconf 78' lang='lat' dir='ltr'><strong>ll.</strong></span> <span class='ocrx_word' id='word_1_345' title='bbox 1038 3418 1226 3470; x_wconf 83' lang='lat' dir='ltr'><strong>Beatos</strong></span> <span class='ocrx_word' id='word_1_346' title='bbox 1253 3418 1433 3472; x_wconf 88' lang='lat' dir='ltr'><strong>dicens</strong></span> <span class='ocrx_word' id='word_1_347' title='bbox 1456 3419 1544 3487; x_wconf 89' lang='lat' dir='ltr'><strong>qui</strong></span> <span class='ocrx_word' id='word_1_348' title='bbox 1587 3420 1859 3473; x_wconf 88' lang='lat' dir='ltr'><strong>maledicta</strong></span> <span class='ocrx_word' id='word_1_349' title='bbox 1921 3423 2163 3499; x_wconf 71' lang='lat' dir='ltr'><strong>audiunt,</strong></span> 
     </span>
    </p>
   </div>
   <div class='ocr_carea' id='block_1_53' title="bbox 646 3505 2167 3575">
    <p class='ocr_par' dir='ltr' id='par_1_53' title="bbox 646 3505 2167 3575">
     <span class='ocr_line' id='line_1_53' title="bbox 646 3505 2167 3575; baseline 0.003 -16"><span class='ocrx_word' id='word_1_350' title='bbox 646 3507 780 3559; x_wconf 86' lang='lat' dir='ltr'><strong>duas</strong></span> <span class='ocrx_word' id='word_1_351' title='bbox 810 3505 1176 3559; x_wconf 86' lang='lat' dir='ltr'><strong>distinctiones</strong></span> <span class='ocrx_word' id='word_1_352' title='bbox 1203 3507 1397 3573; x_wconf 88' lang='lat' dir='ltr'><strong>posuit,</strong></span> <span class='ocrx_word' id='word_1_353' title='bbox 1428 3508 1637 3574; x_wconf 80' lang='lat' dir='ltr'><strong>quando</strong></span> <span class='ocrx_word' id='word_1_354' title='bbox 1669 3519 1877 3575; x_wconf 88' lang='lat' dir='ltr'><strong>propter</strong></span> <span class='ocrx_word' id='word_1_355' title='bbox 1908 3509 2092 3570; x_wconf 89' lang='lat' dir='ltr'><strong>Dcum,</strong></span> <span class='ocrx_word' id='word_1_356' title='bbox 2115 3523 2167 3564; x_wconf 80' lang='lat' dir='ltr'><strong>et</strong></span> 
     </span>
    </p>
   </div>
   <div class='ocr_carea' id='block_1_54' title="bbox 644 3595 2167 3664">
    <p class='ocr_par' dir='ltr' id='par_1_54' title="bbox 644 3595 2167 3664">
     <span class='ocr_line' id='line_1_54' title="bbox 644 3595 2167 3664; baseline 0.005 -17"><span class='ocrx_word' id='word_1_357' title='bbox 644 3597 856 3664; x_wconf 84' lang='lat' dir='ltr'><strong>quando</strong></span> <span class='ocrx_word' id='word_1_358' title='bbox 888 3595 1158 3648; x_wconf 86' lang='lat' dir='ltr'><strong>mendacia</strong></span> <span class='ocrx_word' id='word_1_359' title='bbox 1194 3603 1317 3647; x_wconf 86' lang='lat' dir='ltr'><strong>sunt</strong></span> <span class='ocrx_word' id='word_1_360' title='bbox 1344 3610 1461 3662; x_wconf 72' lang='lat' dir='ltr'><strong>quae</strong></span> <span class='ocrx_word' id='word_1_361' title='bbox 1489 3597 1755 3649; x_wconf 89' lang='lat' dir='ltr'><strong>dicuntur.</strong></span> <span class='ocrx_word' id='word_1_362' title='bbox 1792 3599 1844 3652; x_wconf 92' lang='lat' dir='ltr'><strong>Si</strong></span> <span class='ocrx_word' id='word_1_363' title='bbox 1874 3615 2012 3652; x_wconf 79' lang='lat' dir='ltr'><strong>enim</strong></span> <span class='ocrx_word' id='word_1_364' title='bbox 2056 3602 2167 3655; x_wconf 82' lang='lat' dir='ltr'><strong>haec</strong></span> 
     </span>
    </p>
   </div>
   <div class='ocr_carea' id='block_1_55' title="bbox 647 3684 2166 3750">
    <p class='ocr_par' dir='ltr' id='par_1_55' title="bbox 647 3684 2166 3750">
     <span class='ocr_line' id='line_1_55' title="bbox 647 3684 2166 3750; baseline 0.002 -11"><span class='ocrx_word' id='word_1_365' title='bbox 647 3701 752 3739; x_wconf 89' lang='lat' dir='ltr'><strong>non</strong></span> <span class='ocrx_word' id='word_1_366' title='bbox 783 3684 977 3750; x_wconf 87' lang='lat' dir='ltr'><strong>adsint,</strong></span> <span class='ocrx_word' id='word_1_367' title='bbox 1004 3699 1108 3736; x_wconf 90' lang='lat' dir='ltr'><strong>non</strong></span> <span class='ocrx_word' id='word_1_368' title='bbox 1139 3685 1318 3737; x_wconf 88' lang='lat' dir='ltr'><strong>solum&#39;</strong></span> <span class='ocrx_word' id='word_1_369' title='bbox 1336 3700 1435 3738; x_wconf 91' lang='lat' dir='ltr'><strong>non</strong></span> <span class='ocrx_word' id='word_1_370' title='bbox 1461 3686 1664 3748; x_wconf 87' lang='lat' dir='ltr'><strong>beatus,</strong></span> <span class='ocrx_word' id='word_1_371' title='bbox 1692 3688 1780 3741; x_wconf 88' lang='lat' dir='ltr'><strong>sed</strong></span> <span class='ocrx_word' id='word_1_372' title='bbox 1814 3689 1972 3742; x_wconf 86' lang='lat' dir='ltr'><strong>etiam</strong></span> <span class='ocrx_word' id='word_1_373' title='bbox 2007 3691 2166 3744; x_wconf 90' lang='lat' dir='ltr'><strong>miser</strong></span> 
     </span>
    </p>
   </div>
   <div class='ocr_carea' id='block_1_56' title="bbox 645 3773 2164 3842">
    <p class='ocr_par' dir='ltr' id='par_1_56' title="bbox 645 3773 2164 3842">
     <span class='ocr_line' id='line_1_56' title="bbox 645 3773 2164 3842; baseline 0.003 -14"><span class='ocrx_word' id='word_1_374' title='bbox 645 3774 844 3842; x_wconf 87' lang='lat' dir='ltr'><strong>estqui</strong></span> <span class='ocrx_word' id='word_1_375' title='bbox 889 3773 1127 3826; x_wconf 82' lang='lat' dir='ltr'><strong>convicia</strong></span> <span class='ocrx_word' id='word_1_376' title='bbox 1182 3773 1393 3842; x_wconf 86' lang='lat' dir='ltr'><strong>patitur.</strong></span> <span class='ocrx_word' id='word_1_377' title='bbox 1458 3773 1512 3826; x_wconf 94' lang='lat' dir='ltr'><strong>ln</strong></span> <span class='ocrx_word' id='word_1_378' title='bbox 1567 3778 1688 3830; x_wconf 87' lang='lat' dir='ltr'><strong>aliis</strong></span> <span class='ocrx_word' id='word_1_379' title='bbox 1753 3778 2164 3833; x_wconf 89' lang='lat' dir='ltr'><strong>beatitudinibus</strong></span> 
     </span>
    </p>
   </div>
   <div class='ocr_carea' id='block_1_57' title="bbox 649 3862 2164 3932">
    <p class='ocr_par' dir='ltr' id='par_1_57' title="bbox 649 3862 2164 3932">
     <span class='ocr_line' id='line_1_57' title="bbox 649 3862 2164 3932; baseline 0.003 -18"><span class='ocrx_word' id='word_1_380' title='bbox 649 3863 850 3928; x_wconf 87' lang='lat' dir='ltr'><strong>absque</strong></span> <span class='ocrx_word' id='word_1_381' title='bbox 883 3862 1221 3915; x_wconf 86' lang='lat' dir='ltr'><strong>distinctione</strong></span> <span class='ocrx_word' id='word_1_382' title='bbox 1257 3863 1636 3917; x_wconf 79' lang='lat' dir='ltr'><strong>beatitudinem</strong></span> <span class='ocrx_word' id='word_1_383' title='bbox 1677 3867 1953 3932; x_wconf 82' lang='lat' dir='ltr'><strong>exposuit,</strong></span> <span class='ocrx_word' id='word_1_384' title='bbox 1985 3869 2075 3920; x_wconf 90' lang='lat' dir='ltr'><strong>sed</strong></span> <span class='ocrx_word' id='word_1_385' title='bbox 2113 3869 2164 3919; x_wconf 91' lang='lat' dir='ltr'><strong>in</strong></span> 
     </span>
    </p>
   </div>
   <div class='ocr_carea' id='block_1_58' title="bbox 651 3949 2170 4019">
    <p class='ocr_par' dir='ltr' id='par_1_58' title="bbox 651 3949 2170 4019">
     <span class='ocr_line' id='line_1_58' title="bbox 651 3949 2170 4019; baseline 0.001 -17"><span class='ocrx_word' id='word_1_386' title='bbox 651 3952 833 4002; x_wconf 88' lang='lat' dir='ltr'><strong>ultima</strong></span> <span class='ocrx_word' id='word_1_387' title='bbox 871 3950 1098 4002; x_wconf 88' lang='lat' dir='ltr'><strong>ostendit</strong></span> <span class='ocrx_word' id='word_1_388' title='bbox 1128 3949 1262 4001; x_wconf 85' lang='lat' dir='ltr'><strong>hanc</strong></span> <span class='ocrx_word' id='word_1_389' title='bbox 1304 3964 1421 4001; x_wconf 86' lang='lat' dir='ltr'><strong>esse</strong></span> <span class='ocrx_word' id='word_1_390' title='bbox 1465 3953 1704 4003; x_wconf 90' lang='lat' dir='ltr'><strong>omnium</strong></span> <span class='ocrx_word' id='word_1_391' title='bbox 1754 3954 1977 4005; x_wconf 79' lang='lat' dir='ltr'><strong>maxime</strong></span> <span class='ocrx_word' id='word_1_392' title='bbox 2011 3954 2170 4019; x_wconf 84' lang='lat' dir='ltr'><strong>parti-</strong></span> 
     </span>
    </p>
   </div>
   <div class='ocr_carea' id='block_1_59' title="bbox 651 4035 2169 4104">
    <p class='ocr_par' dir='ltr' id='par_1_59' title="bbox 651 4035 2169 4104">
     <span class='ocr_line' id='line_1_59' title="bbox 651 4035 2169 4104; baseline 0 -15"><span class='ocrx_word' id='word_1_393' title='bbox 651 4039 884 4089; x_wconf 89' lang='lat' dir='ltr'><strong>cularem</strong></span> <span class='ocrx_word' id='word_1_394' title='bbox 919 4043 969 4086; x_wconf 92' lang='lat' dir='ltr'><strong>et</strong></span> <span class='ocrx_word' id='word_1_395' title='bbox 1010 4035 1346 4101; x_wconf 64' lang='lat' dir='ltr'><strong>pra&#39;cipuam.</strong></span> <span class='ocrx_word' id='word_1_396' title='bbox 1391 4035 1513 4089; x_wconf 66' lang='lat' dir='ltr'><strong>Haec</strong></span> <span class='ocrx_word' id='word_1_397' title='bbox 1556 4054 1676 4098; x_wconf 89' lang='lat' dir='ltr'><strong>vox,</strong></span> <span class='ocrx_word' id='word_1_398' title='bbox 1704 4038 1924 4104; x_wconf 86' lang='lat' dir='ltr'><strong>Propter</strong></span> <span class='ocrx_word' id='word_1_399' title='bbox 1958 4057 2053 4097; x_wconf 86' lang='lat' dir='ltr'><strong>me.</strong></span> <span class='ocrx_word' id='word_1_400' title='bbox 2091 4041 2169 4090; x_wconf 62' lang='lat' dir='ltr'><strong>dio</strong></span> 
     </span>
    </p>
   </div>
   <div class='ocr_carea' id='block_1_60' title="bbox 653 4106 2170 4192">
    <p class='ocr_par' dir='ltr' id='par_1_60' title="bbox 653 4106 2170 4192">
     <span class='ocr_line' id='line_1_60' title="bbox 653 4106 2170 4192; baseline 0.001 -18"><span class='ocrx_word' id='word_1_401' title='bbox 653 4125 790 4174; x_wconf 89' lang='lat' dir='ltr'><strong>citur</strong></span> <span class='ocrx_word' id='word_1_402' title='bbox 816 4121 1004 4175; x_wconf 79' lang='lat' dir='ltr'><strong>abillo.</strong></span> <span class='ocrx_word' id='word_1_403' title='bbox 1023 4121 1106 4171; x_wconf 87' lang='lat' dir='ltr'><strong>hic</strong></span> <span class='ocrx_word' id='word_1_404' title='bbox 1123 4121 1426 4187; x_wconf 78' lang='lat' dir='ltr'><strong>dignitatem</strong></span> <span class='ocrx_word' id='word_1_405' title='bbox 1459 4138 1606 4175; x_wconf 90' lang='lat' dir='ltr'><strong>suam</strong></span> <span class='ocrx_word' id='word_1_406' title='bbox 1626 4124 1942 4175; x_wconf 86' lang='lat' dir='ltr'><strong>insinuante.</strong></span> <span class='ocrx_word' id='word_1_407' title='bbox 1977 4106 2170 4192; x_wconf 42' lang='lat' dir='ltr'><strong>Singuo-</strong></span> 
     </span>
    </p>
   </div>
   <div class='ocr_carea' id='block_1_61' title="bbox 2238 1729 3771 1811">
    <p class='ocr_par' dir='ltr' id='par_1_61' title="bbox 2238 1729 3771 1811">
     <span class='ocr_line' id='line_1_61' title="bbox 2238 1729 3771 1811; baseline -0.014 -12"><span class='ocrx_word' id='word_1_408' title='bbox 2238 1745 2476 1811; x_wconf 81' lang='grc' dir='ltr'>οήσεται</span> <span class='ocrx_word' id='word_1_409' title='bbox 2523 1741 2690 1808; x_wconf 69' lang='grc' dir='ltr'><strong>ὑμῖνθ</strong></span> <span class='ocrx_word' id='word_1_410' title='bbox 2731 1739 2825 1790; x_wconf 73' lang='grc' dir='ltr'>καὶ</span> <span class='ocrx_word' id='word_1_411' title='bbox 2853 1737 3029 1799; x_wconf 80' lang='grc' dir='ltr'>πάλιν,</span> <span class='ocrx_word' id='word_1_412' title='bbox 3068 1737 3269 1795; x_wconf 84' lang='grc' dir='ltr'><em>Ὅστις</em></span> <span class='ocrx_word' id='word_1_413' title='bbox 3297 1730 3527 1796; x_wconf 72' lang='grc' dir='ltr'><strong>ἀφῆκεν</strong></span> <span class='ocrx_word' id='word_1_414' title='bbox 3564 1729 3771 1781; x_wconf 75' lang='grc' dir='ltr'>ὁτιοῦν</span> 
     </span>
    </p>
   </div>
   <div class='ocr_carea' id='block_1_62' title="bbox 2237 1815 3770 1897">
    <p class='ocr_par' dir='ltr' id='par_1_62' title="bbox 2237 1815 3770 1897">
     <span class='ocr_line' id='line_1_62' title="bbox 2237 1815 3770 1897; baseline -0.014 -10"><span class='ocrx_word' id='word_1_415' title='bbox 2237 1835 2439 1886; x_wconf 75' lang='grc' dir='ltr'>ἕνεκεν</span> <span class='ocrx_word' id='word_1_416' title='bbox 2488 1829 2651 1897; x_wconf 80' lang='grc' dir='ltr'>ἐμοῦ,</span> <span class='ocrx_word' id='word_1_417' title='bbox 2705 1823 3284 1879; x_wconf 71' lang='grc' dir='ltr'>ἑκατονταπλασίονα</span> <span class='ocrx_word' id='word_1_418' title='bbox 3330 1818 3602 1883; x_wconf 71' lang='grc' dir='ltr'>λήψεται,</span> <span class='ocrx_word' id='word_1_419' title='bbox 3665 1815 3770 1866; x_wconf 77' lang='grc' dir='ltr'>καὶ</span> 
     </span>
    </p>
   </div>
   <div class='ocr_carea' id='block_1_63' title="bbox 2241 1912 3112 1986">
    <p class='ocr_par' dir='ltr' id='par_1_63' title="bbox 2241 1912 3112 1986">
     <span class='ocr_line' id='line_1_63' title="bbox 2241 1912 3112 1986; baseline -0.011 -13"><span class='ocrx_word' id='word_1_420' title='bbox 2241 1922 2389 1986; x_wconf 79' lang='grc' dir='ltr'><strong>ζωὴν</strong></span> <span class='ocrx_word' id='word_1_421' title='bbox 2408 1919 2641 1972; x_wconf 79' lang='grc' dir='ltr'>αἰώνιον</span> <span class='ocrx_word' id='word_1_422' title='bbox 2661 1912 3112 1982; x_wconf 78' lang='grc' dir='ltr'>κληρονομήσει.</span> 
     </span>
    </p>
   </div>
   <div class='ocr_carea' id='block_1_64' title="bbox 2313 1992 3776 2077">
    <p class='ocr_par' dir='ltr' id='par_1_64' title="bbox 2313 1992 3776 2077">
     <span class='ocr_line' id='line_1_64' title="bbox 2313 1992 3776 2077; baseline -0.012 -16"><span class='ocrx_word' id='word_1_423' title='bbox 2313 2009 2424 2077; x_wconf 80' lang='grc' dir='ltr'>Πρὸ</span> <span class='ocrx_word' id='word_1_424' title='bbox 2447 2008 2554 2059; x_wconf 88' lang='grc' dir='ltr'><strong>τῶν</strong></span> <span class='ocrx_word' id='word_1_425' title='bbox 2580 2004 2878 2072; x_wconf 84' lang='grc' dir='ltr'>ἐλεημόνων</span> <span class='ocrx_word' id='word_1_426' title='bbox 2912 1999 3199 2069; x_wconf 81' lang='grc' dir='ltr'>μακαρίζει</span> <span class='ocrx_word' id='word_1_427' title='bbox 3216 1997 3338 2058; x_wconf 78' lang='grc' dir='ltr'>τοὺς</span> <span class='ocrx_word' id='word_1_428' title='bbox 3362 1996 3648 2053; x_wconf 74' lang='grc' dir='ltr'>πεινῶντας</span> <span class='ocrx_word' id='word_1_429' title='bbox 3673 1992 3776 2044; x_wconf 74' lang='grc' dir='ltr'>καὶ</span> 
     </span>
    </p>
   </div>
   <div class='ocr_carea' id='block_1_65' title="bbox 2241 2083 3777 2167">
    <p class='ocr_par' dir='ltr' id='par_1_65' title="bbox 2241 2083 3777 2167">
     <span class='ocr_line' id='line_1_65' title="bbox 2241 2083 3777 2167; baseline -0.014 -14"><span class='ocrx_word' id='word_1_430' title='bbox 2241 2100 2498 2167; x_wconf 77' lang='grc' dir='ltr'>διψῶντας</span> <span class='ocrx_word' id='word_1_431' title='bbox 2528 2095 2624 2164; x_wconf 84' lang='grc' dir='ltr'>τὴν</span> <span class='ocrx_word' id='word_1_432' title='bbox 2651 2089 3002 2159; x_wconf 82' lang='grc' dir='ltr'>δικαιοσύνην.</span> <span class='ocrx_word' id='word_1_433' title='bbox 3021 2089 3116 2140; x_wconf 64' lang='grc' dir='ltr'><strong>Διά</strong></span> <span class='ocrx_word' id='word_1_434' title='bbox 3146 2086 3225 2150; x_wconf 83' lang='grc' dir='ltr'><strong>τι;</strong></span> <span class='ocrx_word' id='word_1_435' title='bbox 3253 2085 3372 2136; x_wconf 85' lang='grc' dir='ltr'>’Ότι</span> <span class='ocrx_word' id='word_1_436' title='bbox 3391 2084 3488 2135; x_wconf 73' lang='grc' dir='ltr'>οὐκ</span> <span class='ocrx_word' id='word_1_437' title='bbox 3509 2084 3564 2148; x_wconf 81' lang='grc' dir='ltr'><strong>ἐξ</strong></span> <span class='ocrx_word' id='word_1_438' title='bbox 3591 2083 3777 2153; x_wconf 80' lang='grc' dir='ltr'>ἁρπα-</span> 
     </span>
    </p>
   </div>
   <div class='ocr_carea' id='block_1_66' title="bbox 2243 2186 3373 2258">
    <p class='ocr_par' dir='ltr' id='par_1_66' title="bbox 2243 2186 3373 2258">
     <span class='ocr_line' id='line_1_66' title="bbox 2243 2186 3373 2258; baseline -0.004 -18"><span class='ocrx_word' id='word_1_439' title='bbox 2243 2191 2346 2258; x_wconf 82' lang='grc' dir='ltr'>γῆς</span> <span class='ocrx_word' id='word_1_440' title='bbox 2382 2188 2460 2240; x_wconf 85' lang='grc' dir='ltr'><strong>δεῖ</strong></span> <span class='ocrx_word' id='word_1_441' title='bbox 2490 2186 2676 2236; x_wconf 74' lang='grc' dir='ltr'>ἐλεεῖν.</span> <span class='ocrx_word' id='word_1_442' title='bbox 3366 2201 3373 2209; x_wconf 96' lang='grc'><strong>·</strong></span> 
     </span>
    </p>
   </div>
   <div class='ocr_carea' id='block_1_67' title="bbox 2314 2259 3776 2340">
    <p class='ocr_par' dir='ltr' id='par_1_67' title="bbox 2314 2259 3776 2340">
     <span class='ocr_line' id='line_1_67' title="bbox 2314 2259 3776 2340; baseline -0.011 -13"><span class='ocrx_word' id='word_1_443' title='bbox 2314 2274 2596 2340; x_wconf 78' lang='grc' dir='ltr'>Καθαροὺς</span> <span class='ocrx_word' id='word_1_444' title='bbox 2635 2272 2699 2338; x_wconf 75' lang='grc' dir='ltr'><strong>τῇ</strong></span> <span class='ocrx_word' id='word_1_445' title='bbox 2729 2267 2920 2338; x_wconf 79' lang='grc' dir='ltr'>καρδίᾳ</span> <span class='ocrx_word' id='word_1_446' title='bbox 2950 2266 3115 2332; x_wconf 79' lang='grc' dir='ltr'>λέγει,</span> <span class='ocrx_word' id='word_1_447' title='bbox 3145 2264 3177 2335; x_wconf 79' lang='grc' dir='ltr'>ἢ</span> <span class='ocrx_word' id='word_1_448' title='bbox 3219 2263 3341 2325; x_wconf 82' lang='grc' dir='ltr'>τοὺς</span> <span class='ocrx_word' id='word_1_449' title='bbox 3371 2263 3427 2315; x_wconf 78' lang='grc' dir='ltr'>ὲν</span> <span class='ocrx_word' id='word_1_450' title='bbox 3457 2259 3776 2330; x_wconf 58' lang='grc' dir='ltr'>σωφροσύνῃ</span> 
     </span>
    </p>
   </div>
   <div class='ocr_carea' id='block_1_68' title="bbox 2245 2350 3774 2428">
    <p class='ocr_par' dir='ltr' id='par_1_68' title="bbox 2245 2350 3774 2428">
     <span class='ocr_line' id='line_1_68' title="bbox 2245 2350 3774 2428; baseline -0.01 -13"><span class='ocrx_word' id='word_1_451' title='bbox 2245 2359 2609 2428; x_wconf 80' lang='grc' dir='ltr'>διάγοντας,ἦ</span> <span class='ocrx_word' id='word_1_452' title='bbox 2659 2359 2782 2419; x_wconf 82' lang='grc' dir='ltr'>τοὺς</span> <span class='ocrx_word' id='word_1_453' title='bbox 2834 2355 3067 2422; x_wconf 82' lang='grc' dir='ltr'>παντελῆ</span> <span class='ocrx_word' id='word_1_454' title='bbox 3135 2352 3330 2422; x_wconf 80' lang='grc' dir='ltr'>ἀρετὴν</span> <span class='ocrx_word' id='word_1_455' title='bbox 3385 2350 3774 2418; x_wconf 79' lang='grc' dir='ltr'><strong>κεκτημένους.</strong></span> 
     </span>
    </p>
   </div>
   <div class='ocr_carea' id='block_1_69' title="bbox 2240 2438 3778 2509">
    <p class='ocr_par' dir='ltr' id='par_1_69' title="bbox 2240 2438 3778 2509">
     <span class='ocr_line' id='line_1_69' title="bbox 2240 2438 3778 2509; baseline -0.01 -6"><span class='ocrx_word' id='word_1_456' title='bbox 2240 2449 2409 2503; x_wconf 77' lang='grc' dir='ltr'>Αὐτοὶ</span> <span class='ocrx_word' id='word_1_457' title='bbox 2436 2448 2539 2498; x_wconf 77' lang='grc' dir='ltr'><strong>τὸν</strong></span> <span class='ocrx_word' id='word_1_458' title='bbox 2569 2444 2712 2496; x_wconf 77' lang='grc' dir='ltr'><strong>Θεὸν</strong></span> <span class='ocrx_word' id='word_1_459' title='bbox 2759 2443 3003 2509; x_wconf 71' lang='grc' dir='ltr'>ὄψονται</span> <span class='ocrx_word' id='word_1_460' title='bbox 3024 2459 3037 2473; x_wconf 93' lang='grc'><strong>·</strong></span> <span class='ocrx_word' id='word_1_461' title='bbox 3071 2440 3189 2507; x_wconf 72' lang='grc' dir='ltr'>ὄψιν</span> <span class='ocrx_word' id='word_1_462' title='bbox 3220 2438 3445 2492; x_wconf 75' lang='grc' dir='ltr'>ἐνταῦθα</span> <span class='ocrx_word' id='word_1_463' title='bbox 3472 2439 3645 2493; x_wconf 82' lang='grc' dir='ltr'>καλῶν</span> <span class='ocrx_word' id='word_1_464' title='bbox 3673 2438 3778 2504; x_wconf 78' lang='grc' dir='ltr'>τὴν</span> 
     </span>
    </p>
   </div>
   <div class='ocr_carea' id='block_1_70' title="bbox 2247 2526 3781 2598">
    <p class='ocr_par' dir='ltr' id='par_1_70' title="bbox 2247 2526 3781 2598">
     <span class='ocr_line' id='line_1_70' title="bbox 2247 2526 3781 2598; baseline -0.008 -10"><span class='ocrx_word' id='word_1_465' title='bbox 2247 2537 2321 2596; x_wconf 85' lang='grc' dir='ltr'>ὼς</span> <span class='ocrx_word' id='word_1_466' title='bbox 2343 2535 2485 2586; x_wconf 75' lang='grc' dir='ltr'>ἔστιν</span> <span class='ocrx_word' id='word_1_467' title='bbox 2511 2529 2777 2598; x_wconf 78' lang='grc' dir='ltr'>ἀνθρώπῳ</span> <span class='ocrx_word' id='word_1_468' title='bbox 2811 2528 3029 2582; x_wconf 80' lang='grc' dir='ltr'>δυνατὸν</span> <span class='ocrx_word' id='word_1_469' title='bbox 3065 2527 3190 2577; x_wconf 78' lang='grc' dir='ltr'>ἰδεῖν</span> <span class='ocrx_word' id='word_1_470' title='bbox 3221 2526 3314 2592; x_wconf 78' lang='grc' dir='ltr'>τὴν</span> <span class='ocrx_word' id='word_1_471' title='bbox 3359 2526 3581 2594; x_wconf 83' lang='grc' dir='ltr'>ἀόρατον</span> <span class='ocrx_word' id='word_1_472' title='bbox 3603 2527 3781 2578; x_wconf 84' lang='grc' dir='ltr'>ἁπάν-</span> 
     </span>
    </p>
   </div>
   <div class='ocr_carea' id='block_1_71' title="bbox 2247 2627 2572 2694">
    <p class='ocr_par' dir='ltr' id='par_1_71' title="bbox 2247 2627 2572 2694">
     <span class='ocr_line' id='line_1_71' title="bbox 2247 2627 2572 2694; baseline 0 -15"><span class='ocrx_word' id='word_1_473' title='bbox 2247 2643 2352 2679; x_wconf 84' lang='grc' dir='ltr'><strong>των</strong></span> <span class='ocrx_word' id='word_1_474' title='bbox 2386 2627 2572 2694; x_wconf 81' lang='grc' dir='ltr'>ἀρχήν.</span> 
     </span>
    </p>
   </div>
   <div class='ocr_carea' id='block_1_72' title="bbox 2319 2705 3780 2784">
    <p class='ocr_par' dir='ltr' id='par_1_72' title="bbox 2319 2705 3780 2784">
     <span class='ocr_line' id='line_1_72' title="bbox 2319 2705 3780 2784; baseline -0.009 -18"><span class='ocrx_word' id='word_1_475' title='bbox 2319 2716 2699 2784; x_wconf 74' lang='grc' dir='ltr'>Εἱρηνοποιοὺς</span> <span class='ocrx_word' id='word_1_476' title='bbox 2723 2714 2888 2778; x_wconf 82' lang='grc' dir='ltr'>λέγει,</span> <span class='ocrx_word' id='word_1_477' title='bbox 2914 2712 2973 2764; x_wconf 84' lang='grc' dir='ltr'>οὐ</span> <span class='ocrx_word' id='word_1_478' title='bbox 3002 2711 3158 2780; x_wconf 87' lang='grc' dir='ltr'>μόνον</span> <span class='ocrx_word' id='word_1_479' title='bbox 3183 2710 3306 2770; x_wconf 77' lang='grc' dir='ltr'>τοὺς</span> <span class='ocrx_word' id='word_1_480' title='bbox 3328 2705 3780 2774; x_wconf 79' lang='grc' dir='ltr'>διαμαχομένους,</span> 
     </span>
    </p>
   </div>
   <div class='ocr_carea' id='block_1_73' title="bbox 2251 2791 3785 2867">
    <p class='ocr_par' dir='ltr' id='par_1_73' title="bbox 2251 2791 3785 2867">
     <span class='ocr_line' id='line_1_73' title="bbox 2251 2791 3785 2867; baseline -0.008 -11"><span class='ocrx_word' id='word_1_481' title='bbox 2251 2803 2386 2856; x_wconf 87' lang='grc' dir='ltr'>ἀλλὰ</span> <span class='ocrx_word' id='word_1_482' title='bbox 2422 2805 2514 2856; x_wconf 73' lang='grc' dir='ltr'>καὶ</span> <span class='ocrx_word' id='word_1_483' title='bbox 2548 2805 2670 2866; x_wconf 84' lang='grc' dir='ltr'>τοὺς</span> <span class='ocrx_word' id='word_1_484' title='bbox 2701 2802 3080 2865; x_wconf 79' lang='grc' dir='ltr'>στασιάζοντας</span> <span class='ocrx_word' id='word_1_485' title='bbox 3113 2797 3356 2867; x_wconf 74' lang='grc' dir='ltr'>ἀλλήλοις</span> <span class='ocrx_word' id='word_1_486' title='bbox 3386 2791 3785 2863; x_wconf 76' lang='grc' dir='ltr'>εἰρηνοποιοῦν-</span> 
     </span>
    </p>
   </div>
   <div class='ocr_carea' id='block_1_74' title="bbox 2249 2879 3784 2954">
    <p class='ocr_par' dir='ltr' id='par_1_74' title="bbox 2249 2879 3784 2954">
     <span class='ocr_line' id='line_1_74' title="bbox 2249 2879 3784 2954; baseline -0.008 -9"><span class='ocrx_word' id='word_1_487' title='bbox 2249 2909 2346 2954; x_wconf 81' lang='grc' dir='ltr'><strong>τας</strong></span> <span class='ocrx_word' id='word_1_488' title='bbox 2370 2909 2382 2922; x_wconf 74' lang='grc' dir='ltr'><strong>ο</strong></span> <span class='ocrx_word' id='word_1_489' title='bbox 2422 2893 2502 2943; x_wconf 74' lang='grc' dir='ltr'>ἔτι</span> <span class='ocrx_word' id='word_1_490' title='bbox 2542 2893 2597 2944; x_wconf 81' lang='grc' dir='ltr'>δὲ</span> <span class='ocrx_word' id='word_1_491' title='bbox 2643 2892 2734 2943; x_wconf 80' lang='grc' dir='ltr'>καὶ</span> <span class='ocrx_word' id='word_1_492' title='bbox 2766 2893 2888 2950; x_wconf 82' lang='grc' dir='ltr'>τοὺς</span> <span class='ocrx_word' id='word_1_493' title='bbox 2920 2891 2979 2941; x_wconf 77' lang='grc' dir='ltr'>τὸ</span> <span class='ocrx_word' id='word_1_494' title='bbox 3020 2887 3224 2940; x_wconf 78' lang='grc' dir='ltr'>ἑαυτῶν</span> <span class='ocrx_word' id='word_1_495' title='bbox 3258 2886 3412 2953; x_wconf 83' lang='grc' dir='ltr'>σῶμα</span> <span class='ocrx_word' id='word_1_496' title='bbox 3462 2884 3535 2952; x_wconf 80' lang='grc' dir='ltr'>μὴ</span> <span class='ocrx_word' id='word_1_497' title='bbox 3588 2879 3784 2941; x_wconf 82' lang='grc' dir='ltr'>κατεξ-</span> 
     </span>
    </p>
   </div>
   <div class='ocr_carea' id='block_1_75' title="bbox 2257 2967 3787 3049">
    <p class='ocr_par' dir='ltr' id='par_1_75' title="bbox 2257 2967 3787 3049">
     <span class='ocr_line' id='line_1_75' title="bbox 2257 2967 3787 3049; baseline -0.008 -17"><span class='ocrx_word' id='word_1_498' title='bbox 2257 2981 2570 3034; x_wconf 77' lang='grc' dir='ltr'>ανίστασθαι</span> <span class='ocrx_word' id='word_1_499' title='bbox 2588 2982 2684 3048; x_wconf 76' lang='grc' dir='ltr'>τῆς</span> <span class='ocrx_word' id='word_1_500' title='bbox 2707 2981 2880 3049; x_wconf 80' lang='grc' dir='ltr'>ψυχῆς</span> <span class='ocrx_word' id='word_1_501' title='bbox 2907 2978 3207 3039; x_wconf 81' lang='grc' dir='ltr'>ποιοῦντας,</span> <span class='ocrx_word' id='word_1_502' title='bbox 3228 2975 3358 3026; x_wconf 81' lang='grc' dir='ltr'>ἀλλὰ</span> <span class='ocrx_word' id='word_1_503' title='bbox 3385 2972 3694 3029; x_wconf 77' lang='grc' dir='ltr'>δουλοῦντας</span> <span class='ocrx_word' id='word_1_504' title='bbox 3718 2967 3787 3020; x_wconf 73' lang='grc' dir='ltr'>τὸ</span> 
     </span>
    </p>
   </div>
   <div class='ocr_carea' id='block_1_76' title="bbox 2262 3069 3026 3136">
    <p class='ocr_par' dir='ltr' id='par_1_76' title="bbox 2262 3069 3026 3136">
     <span class='ocr_line' id='line_1_76' title="bbox 2262 3069 3026 3136; baseline -0.003 -16"><span class='ocrx_word' id='word_1_505' title='bbox 2262 3070 2412 3136; x_wconf 87' lang='grc' dir='ltr'>σῶμα</span> <span class='ocrx_word' id='word_1_506' title='bbox 2443 3070 2508 3120; x_wconf 81' lang='grc' dir='ltr'><strong>δι’</strong></span> <span class='ocrx_word' id='word_1_507' title='bbox 2541 3070 2734 3136; x_wconf 83' lang='grc' dir='ltr'>ἀρετῆς</span> <span class='ocrx_word' id='word_1_508' title='bbox 2767 3071 2829 3136; x_wconf 77' lang='grc' dir='ltr'><strong>τῇ</strong></span> <span class='ocrx_word' id='word_1_509' title='bbox 2862 3069 3026 3134; x_wconf 81' lang='grc' dir='ltr'>ψυχῇ.</span> 
     </span>
    </p>
   </div>
   <div class='ocr_carea' id='block_1_77' title="bbox 2329 3149 3789 3220">
    <p class='ocr_par' dir='ltr' id='par_1_77' title="bbox 2329 3149 3789 3220">
     <span class='ocr_line' id='line_1_77' title="bbox 2329 3149 3789 3220; baseline -0.006 -14"><span class='ocrx_word' id='word_1_510' title='bbox 2329 3155 2588 3206; x_wconf 83' lang='grc' dir='ltr'>Δεικνύων</span> <span class='ocrx_word' id='word_1_511' title='bbox 2621 3158 2700 3205; x_wconf 77' lang='grc' dir='ltr'>ὅτι</span> <span class='ocrx_word' id='word_1_512' title='bbox 2731 3157 2788 3205; x_wconf 83' lang='grc' dir='ltr'>οὺ</span> <span class='ocrx_word' id='word_1_513' title='bbox 2838 3152 3111 3220; x_wconf 53' lang='grc' dir='ltr'>παππχοῦ</span> <span class='ocrx_word' id='word_1_514' title='bbox 3150 3155 3182 3217; x_wconf 82' lang='grc' dir='ltr'>ὴ</span> <span class='ocrx_word' id='word_1_515' title='bbox 3227 3154 3410 3218; x_wconf 81' lang='grc' dir='ltr'>εἰρήνη</span> <span class='ocrx_word' id='word_1_516' title='bbox 3457 3149 3634 3211; x_wconf 70' lang='grc' dir='ltr'>καλὸν,</span> <span class='ocrx_word' id='word_1_517' title='bbox 3679 3149 3789 3198; x_wconf 81' lang='grc' dir='ltr'><strong>ὲπ-</strong></span> 
     </span>
    </p>
   </div>
   <div class='ocr_carea' id='block_1_78' title="bbox 2262 3238 3794 3310">
    <p class='ocr_par' dir='ltr' id='par_1_78' title="bbox 2262 3238 3794 3310">
     <span class='ocr_line' id='line_1_78' title="bbox 2262 3238 3794 3310; baseline -0.005 -15"><span class='ocrx_word' id='word_1_518' title='bbox 2262 3244 2433 3310; x_wconf 85' lang='grc' dir='ltr'>ήγαγε</span> <span class='ocrx_word' id='word_1_519' title='bbox 2462 3259 2476 3273; x_wconf 90' lang='grc'><strong>·</strong></span> <span class='ocrx_word' id='word_1_520' title='bbox 2508 3242 2793 3308; x_wconf 79' lang='grc' dir='ltr'>Μακάριοι</span> <span class='ocrx_word' id='word_1_521' title='bbox 2839 3246 2892 3294; x_wconf 81' lang='grc' dir='ltr'><strong>οι</strong></span> <span class='ocrx_word' id='word_1_522' title='bbox 2925 3241 3293 3307; x_wconf 75' lang='grc' dir='ltr'>δεδιωγμένοι</span> <span class='ocrx_word' id='word_1_523' title='bbox 3327 3239 3529 3290; x_wconf 77' lang='grc' dir='ltr'>ἕνεκεν</span> <span class='ocrx_word' id='word_1_524' title='bbox 3572 3238 3794 3288; x_wconf 82' lang='grc' dir='ltr'>δικαιο-</span> 
     </span>
    </p>
   </div>
   <div class='ocr_carea' id='block_1_79' title="bbox 2263 3333 2478 3396">
    <p class='ocr_par' dir='ltr' id='par_1_79' title="bbox 2263 3333 2478 3396">
     <span class='ocr_line' id='line_1_79' title="bbox 2263 3333 2478 3396; baseline 0.005 -14"><span class='ocrx_word' id='word_1_525' title='bbox 2263 3333 2478 3396; x_wconf 81' lang='grc' dir='ltr'>σύν-ης.</span> 
     </span>
    </p>
   </div>
   <div class='ocr_carea' id='block_1_80' title="bbox 2336 3415 3791 3488">
    <p class='ocr_par' dir='ltr' id='par_1_80' title="bbox 2336 3415 3791 3488">
     <span class='ocr_line' id='line_1_80' title="bbox 2336 3415 3791 3488; baseline -0.004 -17"><span class='ocrx_word' id='word_1_526' title='bbox 2336 3419 2665 3488; x_wconf 75' lang='grc' dir='ltr'>Μακαρῐζων</span> <span class='ocrx_word' id='word_1_527' title='bbox 2708 3418 2831 3478; x_wconf 78' lang='grc' dir='ltr'>τοὺς</span> <span class='ocrx_word' id='word_1_528' title='bbox 2882 3418 3064 3479; x_wconf 86' lang='grc' dir='ltr'>κακῶς</span> <span class='ocrx_word' id='word_1_529' title='bbox 3103 3415 3412 3477; x_wconf 78' lang='grc' dir='ltr'>ἀκούοντας,</span> <span class='ocrx_word' id='word_1_530' title='bbox 3443 3416 3533 3467; x_wconf 79' lang='grc' dir='ltr'>δύο</span> <span class='ocrx_word' id='word_1_531' title='bbox 3579 3415 3791 3466; x_wconf 81' lang='grc' dir='ltr'>τέθεικε</span> 
     </span>
    </p>
   </div>
   <div class='ocr_carea' id='block_1_81' title="bbox 2265 3498 3790 3576">
    <p class='ocr_par' dir='ltr' id='par_1_81' title="bbox 2265 3498 3790 3576">
     <span class='ocr_line' id='line_1_81' title="bbox 2265 3498 3790 3576; baseline -0.003 -17"><span class='ocrx_word' id='word_1_532' title='bbox 2265 3509 2587 3576; x_wconf 76' lang='grc' dir='ltr'>διορισμοὺς,</span> <span class='ocrx_word' id='word_1_533' title='bbox 2619 3508 2692 3558; x_wconf 75' lang='grc' dir='ltr'><strong>ὅτ’</strong></span> <span class='ocrx_word' id='word_1_534' title='bbox 2726 3508 2788 3559; x_wconf 85' lang='grc' dir='ltr'>ἂν</span> <span class='ocrx_word' id='word_1_535' title='bbox 2816 3507 2899 3558; x_wconf 84' lang='grc' dir='ltr'><strong>διὰ</strong></span> <span class='ocrx_word' id='word_1_536' title='bbox 2931 3508 3082 3569; x_wconf 69' lang='grc' dir='ltr'>Θεὸν,</span> <span class='ocrx_word' id='word_1_537' title='bbox 3136 3509 3227 3558; x_wconf 75' lang='grc' dir='ltr'>καὶ</span> <span class='ocrx_word' id='word_1_538' title='bbox 3271 3506 3345 3558; x_wconf 76' lang='grc' dir='ltr'><strong>ὅτ’</strong></span> <span class='ocrx_word' id='word_1_539' title='bbox 3377 3506 3441 3558; x_wconf 84' lang='grc' dir='ltr'>ἂν</span> <span class='ocrx_word' id='word_1_540' title='bbox 3472 3505 3634 3572; x_wconf 81' lang='grc' dir='ltr'>ψευδῆ</span> <span class='ocrx_word' id='word_1_541' title='bbox 3684 3498 3790 3555; x_wconf 81' lang='grc' dir='ltr'>ὦσι</span> 
     </span>
    </p>
   </div>
   <div class='ocr_carea' id='block_1_82' title="bbox 2265 3594 3789 3667">
    <p class='ocr_par' dir='ltr' id='par_1_82' title="bbox 2265 3594 3789 3667">
     <span class='ocr_line' id='line_1_82' title="bbox 2265 3594 3789 3667; baseline -0.002 -19"><span class='ocrx_word' id='word_1_542' title='bbox 2265 3599 2330 3650; x_wconf 73' lang='grc' dir='ltr'><strong>τὰ</strong></span> <span class='ocrx_word' id='word_1_543' title='bbox 2358 3598 2644 3666; x_wconf 83' lang='grc' dir='ltr'>λεγόμενα·</span> <span class='ocrx_word' id='word_1_544' title='bbox 2677 3598 2724 3648; x_wconf 88' lang='grc' dir='ltr'>εἰ</span> <span class='ocrx_word' id='word_1_545' title='bbox 2759 3597 2863 3667; x_wconf 77' lang='grc' dir='ltr'>γὰρ</span> <span class='ocrx_word' id='word_1_546' title='bbox 2913 3597 2985 3666; x_wconf 81' lang='grc' dir='ltr'>μὴ</span> <span class='ocrx_word' id='word_1_547' title='bbox 3025 3597 3190 3648; x_wconf 81' lang='grc' dir='ltr'>ταῦτα</span> <span class='ocrx_word' id='word_1_548' title='bbox 3219 3600 3414 3666; x_wconf 78' lang='grc' dir='ltr'>προσῇ,</span> <span class='ocrx_word' id='word_1_549' title='bbox 3451 3597 3509 3647; x_wconf 89' lang='grc' dir='ltr'>οὐ</span> <span class='ocrx_word' id='word_1_550' title='bbox 3542 3596 3694 3664; x_wconf 87' lang='grc' dir='ltr'>μόνον</span> <span class='ocrx_word' id='word_1_551' title='bbox 3726 3594 3789 3645; x_wconf 79' lang='grc' dir='ltr'>οὐ</span> 
     </span>
    </p>
   </div>
   <div class='ocr_carea' id='block_1_83' title="bbox 2269 3683 3791 3754">
    <p class='ocr_par' dir='ltr' id='par_1_83' title="bbox 2269 3683 3791 3754">
     <span class='ocr_line' id='line_1_83' title="bbox 2269 3683 3791 3754; baseline -0.004 -15"><span class='ocrx_word' id='word_1_552' title='bbox 2269 3687 2551 3754; x_wconf 79' lang='grc' dir='ltr'>μακάριος,</span> <span class='ocrx_word' id='word_1_553' title='bbox 2599 3686 2732 3738; x_wconf 85' lang='grc' dir='ltr'>ἀλλὰ</span> <span class='ocrx_word' id='word_1_554' title='bbox 2765 3687 2855 3737; x_wconf 78' lang='grc' dir='ltr'>καὶ</span> <span class='ocrx_word' id='word_1_555' title='bbox 2899 3685 3076 3746; x_wconf 81' lang='grc' dir='ltr'>ἄθλιός</span> <span class='ocrx_word' id='word_1_556' title='bbox 3111 3686 3251 3735; x_wconf 72' lang='grc' dir='ltr'>ἐστιν</span> <span class='ocrx_word' id='word_1_557' title='bbox 3282 3685 3308 3734; x_wconf 91' lang='lat'><strong>6</strong></span> <span class='ocrx_word' id='word_1_558' title='bbox 3352 3683 3791 3751; x_wconf 76' lang='grc' dir='ltr'>κωμῳδούμενος.</span> 
     </span>
    </p>
   </div>
   <div class='ocr_carea' id='block_1_84' title="bbox 2277 3772 3795 3842">
    <p class='ocr_par' dir='ltr' id='par_1_84' title="bbox 2277 3772 3795 3842">
     <span class='ocr_line' id='line_1_84' title="bbox 2277 3772 3795 3842; baseline -0.003 -16"><span class='ocrx_word' id='word_1_559' title='bbox 2277 3775 2397 3826; x_wconf 78' lang='grc' dir='ltr'><strong>Ἐπὶ</strong></span> <span class='ocrx_word' id='word_1_560' title='bbox 2429 3775 2530 3826; x_wconf 88' lang='grc' dir='ltr'><strong>τῶν</strong></span> <span class='ocrx_word' id='word_1_561' title='bbox 2561 3775 2732 3827; x_wconf 80' lang='grc' dir='ltr'>ἄλλων</span> <span class='ocrx_word' id='word_1_562' title='bbox 2767 3775 3123 3842; x_wconf 85' lang='grc' dir='ltr'>μακαρισμῶν</span> <span class='ocrx_word' id='word_1_563' title='bbox 3155 3774 3466 3841; x_wconf 82' lang='grc' dir='ltr'>ἀδιορίστως</span> <span class='ocrx_word' id='word_1_564' title='bbox 3495 3772 3702 3825; x_wconf 80' lang='grc' dir='ltr'>τέθεικε</span> <span class='ocrx_word' id='word_1_565' title='bbox 3730 3772 3795 3823; x_wconf 72' lang='grc' dir='ltr'>τὸ</span> 
     </span>
    </p>
   </div>
   <div class='ocr_carea' id='block_1_85' title="bbox 2270 3861 3794 3934">
    <p class='ocr_par' dir='ltr' id='par_1_85' title="bbox 2270 3861 3794 3934">
     <span class='ocr_line' id='line_1_85' title="bbox 2270 3861 3794 3934; baseline -0.003 -18"><span class='ocrx_word' id='word_1_566' title='bbox 2270 3864 2566 3934; x_wconf 83' lang='grc' dir='ltr'>μακάριον·</span> <span class='ocrx_word' id='word_1_567' title='bbox 2611 3864 2700 3915; x_wconf 75' lang='grc' dir='ltr'><strong>ἐπὶ</strong></span> <span class='ocrx_word' id='word_1_568' title='bbox 2727 3864 2783 3914; x_wconf 84' lang='grc' dir='ltr'>δὲ</span> <span class='ocrx_word' id='word_1_569' title='bbox 2814 3863 2905 3914; x_wconf 81' lang='grc' dir='ltr'>τοῦ</span> <span class='ocrx_word' id='word_1_570' title='bbox 2953 3864 3196 3930; x_wconf 76' lang='grc' dir='ltr'>ἐσχάτου,</span> <span class='ocrx_word' id='word_1_571' title='bbox 3250 3862 3444 3925; x_wconf 77' lang='grc' dir='ltr'>ἔδειξεν</span> <span class='ocrx_word' id='word_1_572' title='bbox 3491 3863 3569 3913; x_wconf 83' lang='grc' dir='ltr'>ὅτι</span> <span class='ocrx_word' id='word_1_573' title='bbox 3616 3861 3794 3913; x_wconf 83' lang='grc' dir='ltr'>αὐτῶν</span> 
     </span>
    </p>
   </div>
   <div class='ocr_carea' id='block_1_86' title="bbox 2273 3950 3792 4018">
    <p class='ocr_par' dir='ltr' id='par_1_86' title="bbox 2273 3950 3792 4018">
     <span class='ocr_line' id='line_1_86' title="bbox 2273 3950 3792 4018; baseline -0.001 -16"><span class='ocrx_word' id='word_1_574' title='bbox 2273 3954 2495 4018; x_wconf 81' lang='grc' dir='ltr'>μάλιστα</span> <span class='ocrx_word' id='word_1_575' title='bbox 2542 3952 2696 4002; x_wconf 81' lang='grc' dir='ltr'>τοῦτό</span> <span class='ocrx_word' id='word_1_576' title='bbox 2739 3954 2882 4001; x_wconf 75' lang='grc' dir='ltr'>ἐστιν</span> <span class='ocrx_word' id='word_1_577' title='bbox 2937 3951 3061 4001; x_wconf 79' lang='grc' dir='ltr'>[διον</span> <span class='ocrx_word' id='word_1_578' title='bbox 3099 3952 3190 4001; x_wconf 77' lang='grc' dir='ltr'>καὶ</span> <span class='ocrx_word' id='word_1_579' title='bbox 3239 3950 3546 4017; x_wconf 68' lang='grc' dir='ltr'>ἐξαίρει-ον’</span> <span class='ocrx_word' id='word_1_580' title='bbox 3598 3950 3658 4000; x_wconf 81' lang='grc' dir='ltr'>τὸ</span> <span class='ocrx_word' id='word_1_581' title='bbox 3710 3950 3792 4011; x_wconf 81' lang='grc' dir='ltr'>δὲ,</span> 
     </span>
    </p>
   </div>
   <div class='ocr_carea' id='block_1_87' title="bbox 2272 4038 3795 4106">
    <p class='ocr_par' dir='ltr' id='par_1_87' title="bbox 2272 4038 3795 4106">
     <span class='ocr_line' id='line_1_87' title="bbox 2272 4038 3795 4106; baseline -0.001 -16"><span class='ocrx_word' id='word_1_582' title='bbox 2272 4041 2516 4090; x_wconf 76' lang='grc' dir='ltr'>Ἕνεκεν</span> <span class='ocrx_word' id='word_1_583' title='bbox 2551 4039 2712 4104; x_wconf 76' lang='grc' dir='ltr'>ἐμοῦ,</span> <span class='ocrx_word' id='word_1_584' title='bbox 2760 4039 2986 4106; x_wconf 74' lang='grc' dir='ltr'>εἴρηται,</span> <span class='ocrx_word' id='word_1_585' title='bbox 3018 4038 3076 4089; x_wconf 80' lang='grc' dir='ltr'>τὸ</span> <span class='ocrx_word' id='word_1_586' title='bbox 3122 4039 3279 4088; x_wconf 80' lang='grc' dir='ltr'>αὑτοῦ</span> <span class='ocrx_word' id='word_1_587' title='bbox 3321 4038 3531 4104; x_wconf 71' lang='grc' dir='ltr'>ἀξίωμα</span> <span class='ocrx_word' id='word_1_588' title='bbox 3563 4038 3795 4089; x_wconf 63' lang='grc' dir='ltr'>ἐνταῦθα</span> 
     </span>
    </p>
   </div>
   <div class='ocr_carea' id='block_1_88' title="bbox 2271 4119 3794 4192">
    <p class='ocr_par' dir='ltr' id='par_1_88' title="bbox 2271 4119 3794 4192">
     <span class='ocr_line' id='line_1_88' title="bbox 2271 4119 3794 4192; baseline 0.002 -18"><span class='ocrx_word' id='word_1_589' title='bbox 2271 4126 2648 4192; x_wconf 73' lang='grc' dir='ltr'>αἰνιττόμενος.</span> <span class='ocrx_word' id='word_1_590' title='bbox 2675 4119 2765 4184; x_wconf 75' lang='grc' dir='ltr'><strong>Εἷς</strong></span> <span class='ocrx_word' id='word_1_591' title='bbox 2809 4124 2900 4174; x_wconf 78' lang='grc' dir='ltr'>τοῦ</span> <span class='ocrx_word' id='word_1_592' title='bbox 2928 4125 3041 4185; x_wconf 80' lang='grc' dir='ltr'>ἑνὸς</span> <span class='ocrx_word' id='word_1_593' title='bbox 3068 4123 3245 4191; x_wconf 72' lang='grc' dir='ltr'>ἔχεται</span> <span class='ocrx_word' id='word_1_594' title='bbox 3287 4124 3620 4191; x_wconf 84' lang='grc' dir='ltr'>μακαρισμός</span> <span class='ocrx_word' id='word_1_595' title='bbox 3643 4141 3657 4154; x_wconf 78' lang='grc' dir='ltr'><strong>ο</strong></span> <span class='ocrx_word' id='word_1_596' title='bbox 3682 4119 3794 4177; x_wconf 73' lang='grc' dir='ltr'>οἷον</span> 
     </span>
    </p>
   </div>
   <div class='ocr_carea' id='block_1_89' title="bbox 658 4210 2292 4282">
    <p class='ocr_par' dir='ltr' id='par_1_89' title="bbox 658 4210 2292 4279">
     <span class='ocr_line' id='line_1_89' title="bbox 658 4210 2292 4279; baseline 0.002 -19"><span class='ocrx_word' id='word_1_597' title='bbox 658 4210 718 4262; x_wconf 64' lang='lat' dir='ltr'><strong>lae</strong></span> <span class='ocrx_word' id='word_1_598' title='bbox 744 4226 805 4262; x_wconf 80' lang='lat' dir='ltr'><strong>ex</strong></span> <span class='ocrx_word' id='word_1_599' title='bbox 819 4212 1037 4275; x_wconf 80' lang='lat' dir='ltr'><strong>singulis</strong></span> <span class='ocrx_word' id='word_1_600' title='bbox 1053 4211 1281 4277; x_wconf 87' lang='lat' dir='ltr'><strong>pendent</strong></span> <span class='ocrx_word' id='word_1_601' title='bbox 1321 4210 1672 4263; x_wconf 88' lang='lat' dir='ltr'><strong>beatitudines</strong></span> <span class='ocrx_word' id='word_1_602' title='bbox 1703 4227 1715 4260; x_wconf 90' lang='lat'><strong>:</strong></span> <span class='ocrx_word' id='word_1_603' title='bbox 1739 4211 2172 4279; x_wconf 84' lang='lat' dir='ltr'><strong>scilicet,paup_er</strong></span> <span class='ocrx_word' id='word_1_604' title='bbox 2199 4214 2248 4271; x_wconf 94' lang='lat' dir='ltr'><strong>D</strong></span> <span class='ocrx_word' id='word_1_605' title='bbox 2275 4214 2292 4263; x_wconf 72' lang='grc' dir='ltr'>ἐ</span> 
     </span>
    </p>
   </div>
   <div class='ocr_carea' id='block_1_90' title="bbox 2159 4210 3793 4282">
    <p class='ocr_par' dir='ltr' id='par_1_90' title="bbox 2159 4212 3793 4282">
     <span class='ocr_line' id='line_1_90' title="bbox 2159 4212 3793 4282; baseline -0.001 -18"><span class='ocrx_word' id='word_1_606' title='bbox 2159 4229 2172 4264; x_wconf 70' lang='grc' dir='ltr'><strong><em>Γ</em></strong></span> <span class='ocrx_word' id='word_1_607' title='bbox 2199 4214 2248 4271; x_wconf 93' lang='lat' dir='ltr'><strong>D</strong></span> <span class='ocrx_word' id='word_1_608' title='bbox 2275 4214 2300 4263; x_wconf 98' lang='lat'><strong>6</strong></span> <span class='ocrx_word' id='word_1_609' title='bbox 2339 4213 2547 4280; x_wconf 79' lang='grc' dir='ltr'>πτωχὸς</span> <span class='ocrx_word' id='word_1_610' title='bbox 2577 4213 2650 4281; x_wconf 83' lang='grc' dir='ltr'>τῷ</span> <span class='ocrx_word' id='word_1_611' title='bbox 2689 4212 2974 4280; x_wconf 84' lang='grc' dir='ltr'>πνεύματι,</span> <span class='ocrx_word' id='word_1_612' title='bbox 3005 4213 3098 4265; x_wconf 75' lang='grc' dir='ltr'>καὶ</span> <span class='ocrx_word' id='word_1_613' title='bbox 3125 4213 3371 4282; x_wconf 88' lang='grc' dir='ltr'>πενθήσει</span> <span class='ocrx_word' id='word_1_614' title='bbox 3397 4213 3759 4280; x_wconf 84' lang='grc' dir='ltr'>ἁμαρτήματα</span> <span class='ocrx_word' id='word_1_615' title='bbox 3777 4229 3793 4240; x_wconf 89' lang='grc'><strong>·</strong></span> 
     </span>
    </p>
   </div>
   <div class='ocr_carea' id='block_1_91' title="bbox 659 4298 2174 4365">
    <p class='ocr_par' dir='ltr' id='par_1_91' title="bbox 659 4298 2174 4365">
     <span class='ocr_line' id='line_1_91' title="bbox 659 4298 2174 4365; baseline 0.003 -16"><span class='ocrx_word' id='word_1_616' title='bbox 659 4299 844 4364; x_wconf 88' lang='lat' dir='ltr'><strong>spiritu</strong></span> <span class='ocrx_word' id='word_1_617' title='bbox 879 4308 1088 4365; x_wconf 85' lang='lat' dir='ltr'><strong>peccata</strong></span> <span class='ocrx_word' id='word_1_618' title='bbox 1133 4298 1358 4365; x_wconf 78' lang='lat' dir='ltr'><strong>lugebit;</strong></span> <span class='ocrx_word' id='word_1_619' title='bbox 1392 4299 1478 4362; x_wconf 93' lang='lat' dir='ltr'><strong>qui</strong></span> <span class='ocrx_word' id='word_1_620' title='bbox 1525 4298 1663 4365; x_wconf 79' lang='lat' dir='ltr'><strong>luget</strong></span> <span class='ocrx_word' id='word_1_621' title='bbox 1701 4299 1844 4351; x_wconf 89' lang='lat' dir='ltr'><strong>mitis</strong></span> <span class='ocrx_word' id='word_1_622' title='bbox 1873 4301 1998 4364; x_wconf 84' lang='lat' dir='ltr'><strong>erit;</strong></span> <span class='ocrx_word' id='word_1_623' title='bbox 2032 4303 2174 4354; x_wconf 88' lang='lat' dir='ltr'><strong>mitis</strong></span> 
     </span>
    </p>
   </div>
   <div class='ocr_carea' id='block_1_92' title="bbox 656 4386 2176 4454">
    <p class='ocr_par' dir='ltr' id='par_1_92' title="bbox 656 4386 2176 4454">
     <span class='ocr_line' id='line_1_92' title="bbox 656 4386 2176 4454; baseline 0.003 -17"><span class='ocrx_word' id='word_1_624' title='bbox 656 4386 831 4452; x_wconf 85' lang='lat' dir='ltr'><strong>justus</strong></span> <span class='ocrx_word' id='word_1_625' title='bbox 855 4387 986 4449; x_wconf 89' lang='lat' dir='ltr'><strong>erit;</strong></span> <span class='ocrx_word' id='word_1_626' title='bbox 1011 4386 1211 4454; x_wconf 86' lang='lat' dir='ltr'><strong>justus,</strong></span> <span class='ocrx_word' id='word_1_627' title='bbox 1233 4386 1566 4449; x_wconf 82' lang='lat' dir='ltr'><strong>misericors;</strong></span> <span class='ocrx_word' id='word_1_628' title='bbox 1591 4395 1642 4438; x_wconf 92' lang='lat' dir='ltr'><strong>et</strong></span> <span class='ocrx_word' id='word_1_629' title='bbox 1671 4387 1993 4448; x_wconf 78' lang='lat' dir='ltr'><strong>misericors,</strong></span> <span class='ocrx_word' id='word_1_630' title='bbox 2024 4407 2176 4442; x_wconf 91' lang='lat' dir='ltr'><strong>mun-</strong></span> 
     </span>
    </p>
   </div>
   <div class='ocr_carea' id='block_1_93' title="bbox 661 4474 2176 4542">
    <p class='ocr_par' dir='ltr' id='par_1_93' title="bbox 661 4474 2176 4542">
     <span class='ocr_line' id='line_1_93' title="bbox 661 4474 2176 4542; baseline 0.003 -16"><span class='ocrx_word' id='word_1_631' title='bbox 661 4476 760 4527; x_wconf 90' lang='lat' dir='ltr'><strong>dus</strong></span> <span class='ocrx_word' id='word_1_632' title='bbox 787 4475 970 4540; x_wconf 91' lang='lat' dir='ltr'><strong>corde;</strong></span> <span class='ocrx_word' id='word_1_633' title='bbox 1004 4477 1101 4529; x_wconf 88' lang='lat' dir='ltr'><strong>iste</strong></span> <span class='ocrx_word' id='word_1_634' title='bbox 1151 4483 1324 4528; x_wconf 85' lang='lat' dir='ltr'><strong>autem</strong></span> <span class='ocrx_word' id='word_1_635' title='bbox 1369 4474 1618 4542; x_wconf 77' lang='lat' dir='ltr'><strong>pacificus</strong></span> <span class='ocrx_word' id='word_1_636' title='bbox 1652 4476 1782 4538; x_wconf 83' lang='lat' dir='ltr'><strong>erit;</strong></span> <span class='ocrx_word' id='word_1_637' title='bbox 1813 4476 1900 4542; x_wconf 88' lang='lat' dir='ltr'><strong>qui</strong></span> <span class='ocrx_word' id='word_1_638' title='bbox 1941 4477 2059 4529; x_wconf 81' lang='lat' dir='ltr'><strong>talia</strong></span> <span class='ocrx_word' id='word_1_639' title='bbox 2093 4479 2176 4530; x_wconf 87' lang='lat' dir='ltr'><strong>in-</strong></span> 
     </span>
    </p>
   </div>
   <div class='ocr_carea' id='block_1_94' title="bbox 663 4563 2178 4635">
    <p class='ocr_par' dir='ltr' id='par_1_94' title="bbox 663 4563 2178 4635">
     <span class='ocr_line' id='line_1_94' title="bbox 663 4563 2178 4635; baseline 0.003 -19"><span class='ocrx_word' id='word_1_640' title='bbox 663 4563 850 4627; x_wconf 87' lang='lat' dir='ltr'><strong>stituit,</strong></span> <span class='ocrx_word' id='word_1_641' title='bbox 883 4567 945 4617; x_wconf 89' lang='lat' dir='ltr'><strong>ad</strong></span> <span class='ocrx_word' id='word_1_642' title='bbox 978 4565 1210 4632; x_wconf 88' lang='lat' dir='ltr'><strong>pericula</strong></span> <span class='ocrx_word' id='word_1_643' title='bbox 1237 4575 1318 4619; x_wconf 87' lang='lat' dir='ltr'><strong>est</strong></span> <span class='ocrx_word' id='word_1_644' title='bbox 1349 4575 1579 4635; x_wconf 86' lang='lat' dir='ltr'><strong>paratus,</strong></span> <span class='ocrx_word' id='word_1_645' title='bbox 1606 4573 1659 4617; x_wconf 90' lang='lat' dir='ltr'><strong>et</strong></span> <span class='ocrx_word' id='word_1_646' title='bbox 1687 4564 1773 4617; x_wconf 90' lang='lat' dir='ltr'><strong>ille</strong></span> <span class='ocrx_word' id='word_1_647' title='bbox 1803 4581 1906 4618; x_wconf 92' lang='lat' dir='ltr'><strong>non</strong></span> <span class='ocrx_word' id='word_1_648' title='bbox 1944 4568 2178 4620; x_wconf 86' lang='lat' dir='ltr'><strong>turbabi-</strong></span> 
     </span>
    </p>
   </div>
   <div class='ocr_carea' id='block_1_95' title="bbox 666 4652 1320 4706">
    <p class='ocr_par' dir='ltr' id='par_1_95' title="bbox 666 4652 1320 4706">
     <span class='ocr_line' id='line_1_95' title="bbox 666 4652 1320 4706; baseline 0.008 -5"><span class='ocrx_word' id='word_1_649' title='bbox 666 4659 751 4702; x_wconf 91' lang='lat' dir='ltr'><strong>tur</strong></span> <span class='ocrx_word' id='word_1_650' title='bbox 783 4652 1053 4703; x_wconf 89' lang='lat' dir='ltr'><strong>maledicta</strong></span> <span class='ocrx_word' id='word_1_651' title='bbox 1082 4653 1320 4706; x_wconf 87' lang='lat' dir='ltr'><strong>audiens.</strong></span> 
     </span>
    </p>
   </div>
   <div class='ocr_carea' id='block_1_96' title="bbox 735 4737 2179 4813">
    <p class='ocr_par' dir='ltr' id='par_1_96' title="bbox 735 4737 2179 4813">
     <span class='ocr_line' id='line_1_96' title="bbox 735 4737 2179 4813; baseline 0.008 -25"><span class='ocrx_word' id='word_1_652' title='bbox 735 4737 892 4790; x_wconf 83' lang='lat' dir='ltr'><strong>Vens.</strong></span> <span class='ocrx_word' id='word_1_653' title='bbox 929 4738 1010 4789; x_wconf 75' lang='lat'><strong>1‘2.</strong></span> <span class='ocrx_word' id='word_1_654' title='bbox 1043 4741 1146 4791; x_wconf 90' lang='lat' dir='ltr'><strong>Cur</strong></span> <span class='ocrx_word' id='word_1_655' title='bbox 1187 4742 1336 4805; x_wconf 83' lang='lat' dir='ltr'><strong>dixit,</strong></span> <span class='ocrx_word' id='word_1_656' title='bbox 1385 4743 1661 4813; x_wconf 82' lang='lat' dir='ltr'><strong>Prop/tetas</strong></span> <span class='ocrx_word' id='word_1_657' title='bbox 1693 4747 1780 4813; x_wconf 84' lang='lat' dir='ltr'><strong>qui</strong></span> <span class='ocrx_word' id='word_1_658' title='bbox 1827 4747 2035 4813; x_wconf 76' lang='lat' dir='ltr'><strong>fuerunt</strong></span> <span class='ocrx_word' id='word_1_659' title='bbox 2063 4757 2179 4799; x_wconf 86' lang='lat' dir='ltr'><strong>ante</strong></span> 
     </span>
    </p>
   </div>
   <div class='ocr_carea' id='block_1_97' title="bbox 668 4827 2179 4903">
    <p class='ocr_par' dir='ltr' id='par_1_97' title="bbox 668 4827 2179 4903">
     <span class='ocr_line' id='line_1_97' title="bbox 668 4827 2179 4903; baseline 0.007 -25"><span class='ocrx_word' id='word_1_660' title='bbox 668 4828 799 4879; x_wconf 75' lang='lat' dir='ltr'><strong>vos?</strong></span> <span class='ocrx_word' id='word_1_661' title='bbox 852 4827 1092 4878; x_wconf 82' lang='lat' dir='ltr'><strong>Ostendit</strong></span> <span class='ocrx_word' id='word_1_662' title='bbox 1131 4828 1209 4880; x_wconf 87' lang='lat' dir='ltr'><strong>sic</strong></span> <span class='ocrx_word' id='word_1_663' title='bbox 1261 4833 1545 4898; x_wconf 83' lang='lat' dir='ltr'><strong>prophetas</strong></span> <span class='ocrx_word' id='word_1_664' title='bbox 1595 4850 1808 4903; x_wconf 84' lang='lat' dir='ltr'><strong>quoque</strong></span> <span class='ocrx_word' id='word_1_665' title='bbox 1865 4850 1986 4889; x_wconf 84' lang='lat' dir='ltr'><strong>esse</strong></span> <span class='ocrx_word' id='word_1_666' title='bbox 2035 4836 2179 4903; x_wconf 89' lang='lat' dir='ltr'><strong>ipsos</strong></span> 
     </span>
    </p>
   </div>
   <div class='ocr_carea' id='block_1_98' title="bbox 667 4914 957 4981">
    <p class='ocr_par' dir='ltr' id='par_1_98' title="bbox 667 4914 957 4981">
     <span class='ocr_line' id='line_1_98' title="bbox 667 4914 957 4981; baseline -0.003 -14"><span class='ocrx_word' id='word_1_667' title='bbox 667 4914 957 4981; x_wconf 87' lang='lat' dir='ltr'><strong>apostolos.</strong></span> 
     </span>
    </p>
   </div>
   <div class='ocr_carea' id='block_1_99' title="bbox 747 5003 2181 5080">
    <p class='ocr_par' dir='ltr' id='par_1_99' title="bbox 747 5003 2181 5080">
     <span class='ocr_line' id='line_1_99' title="bbox 747 5003 2181 5080; baseline 0.007 -25"><span class='ocrx_word' id='word_1_668' title='bbox 747 5004 904 5056; x_wconf 78' lang='lat' dir='ltr'><strong>Vens.</strong></span> <span class='ocrx_word' id='word_1_669' title='bbox 939 5003 1021 5055; x_wconf 78' lang='grc'><strong>13.</strong></span> <span class='ocrx_word' id='word_1_670' title='bbox 1053 5004 1307 5066; x_wconf 78' lang='lat' dir='ltr'><strong>Dicenda,</strong></span> <span class='ocrx_word' id='word_1_671' title='bbox 1331 5006 1432 5059; x_wconf 84' lang='lat' dir='ltr'><strong>Vos</strong></span> <span class='ocrx_word' id='word_1_672' title='bbox 1470 5013 1588 5065; x_wconf 79' lang='lat' dir='ltr'><strong>estis</strong></span> <span class='ocrx_word' id='word_1_673' title='bbox 1612 5013 1690 5064; x_wconf 82' lang='lat' dir='ltr'><strong>sal</strong></span> <span class='ocrx_word' id='word_1_674' title='bbox 1717 5022 1883 5075; x_wconf 69' lang='lat' dir='ltr'><strong>terrm,</strong></span> <span class='ocrx_word' id='word_1_675' title='bbox 1916 5011 2181 5080; x_wconf 76' lang='lat' dir='ltr'><strong>signiﬁca-</strong></span> 
     </span>
    </p>
   </div>
   <div class='ocr_carea' id='block_1_100' title="bbox 674 5093 2184 5160">
    <p class='ocr_par' dir='ltr' id='par_1_100' title="bbox 674 5093 2184 5160">
     <span class='ocr_line' id='line_1_100' title="bbox 674 5093 2184 5160; baseline 0.006 -18"><span class='ocrx_word' id='word_1_676' title='bbox 674 5093 748 5142; x_wconf 89' lang='lat' dir='ltr'><strong>vit</strong></span> <span class='ocrx_word' id='word_1_677' title='bbox 798 5102 1101 5160; x_wconf 84' lang='lat' dir='ltr'><strong>corruptam</strong></span> <span class='ocrx_word' id='word_1_678' title='bbox 1151 5107 1268 5145; x_wconf 85' lang='lat' dir='ltr'><strong>esse</strong></span> <span class='ocrx_word' id='word_1_679' title='bbox 1321 5094 1593 5148; x_wconf 87' lang='lat' dir='ltr'><strong>hominum</strong></span> <span class='ocrx_word' id='word_1_680' title='bbox 1639 5111 1903 5158; x_wconf 79' lang='lat' dir='ltr'><strong>naturam.</strong></span> <span class='ocrx_word' id='word_1_681' title='bbox 1943 5099 2184 5151; x_wconf 86' lang='lat' dir='ltr'><strong>Ostendit</strong></span> 
     </span>
    </p>
   </div>
   <div class='ocr_carea' id='block_1_101' title="bbox 680 5183 2186 5250">
    <p class='ocr_par' dir='ltr' id='par_1_101' title="bbox 680 5183 2186 5250">
     <span class='ocr_line' id='line_1_101' title="bbox 680 5183 2186 5250; baseline 0.007 -20"><span class='ocrx_word' id='word_1_682' title='bbox 680 5191 852 5233; x_wconf 84' lang='lat' dir='ltr'><strong>autem</strong></span> <span class='ocrx_word' id='word_1_683' title='bbox 885 5198 973 5235; x_wconf 91' lang='lat' dir='ltr'><strong>eos</strong></span> <span class='ocrx_word' id='word_1_684' title='bbox 1004 5183 1185 5235; x_wconf 82' lang='lat' dir='ltr'><strong>ﬁrmos</strong></span> <span class='ocrx_word' id='word_1_685' title='bbox 1231 5199 1350 5237; x_wconf 88' lang='lat' dir='ltr'><strong>esse</strong></span> <span class='ocrx_word' id='word_1_686' title='bbox 1381 5183 1591 5246; x_wconf 85' lang='lat' dir='ltr'><strong>debere,</strong></span> <span class='ocrx_word' id='word_1_687' title='bbox 1640 5202 1740 5238; x_wconf 91' lang='lat' dir='ltr'><strong>non</strong></span> <span class='ocrx_word' id='word_1_688' title='bbox 1774 5189 2092 5250; x_wconf 83' lang='lat' dir='ltr'><strong>adulatores,</strong></span> <span class='ocrx_word' id='word_1_689' title='bbox 2131 5197 2186 5239; x_wconf 91' lang='lat' dir='ltr'><strong>ut</strong></span> 
     </span>
    </p>
   </div>
   <div class='ocr_carea' id='block_1_102' title="bbox 681 5272 1532 5339">
    <p class='ocr_par' dir='ltr' id='par_1_102' title="bbox 681 5272 1532 5339">
     <span class='ocr_line' id='line_1_102' title="bbox 681 5272 1532 5339; baseline 0.004 -18"><span class='ocrx_word' id='word_1_690' title='bbox 681 5272 956 5336; x_wconf 72' lang='lat' dir='ltr'><strong>magistros</strong></span> <span class='ocrx_word' id='word_1_691' title='bbox 987 5283 1037 5325; x_wconf 87' lang='lat' dir='ltr'><strong>et</strong></span> <span class='ocrx_word' id='word_1_692' title='bbox 1069 5275 1335 5339; x_wconf 87' lang='lat' dir='ltr'><strong>apostolos</strong></span> <span class='ocrx_word' id='word_1_693' title='bbox 1366 5273 1532 5324; x_wconf 84' lang='lat' dir='ltr'><strong>decet.</strong></span> 
     </span>
    </p>
   </div>
   <div class='ocr_carea' id='block_1_103' title="bbox 752 5359 2186 5425">
    <p class='ocr_par' dir='ltr' id='par_1_103' title="bbox 752 5359 2186 5425">
     <span class='ocr_line' id='line_1_103' title="bbox 752 5359 2186 5425; baseline 0.005 -17"><span class='ocrx_word' id='word_1_694' title='bbox 752 5359 856 5408; x_wconf 71' lang='lat' dir='ltr'><strong>(Zur</strong></span> <span class='ocrx_word' id='word_1_695' title='bbox 887 5360 1032 5419; x_wconf 81' lang='lat' dir='ltr'><strong>dicit,</strong></span> <span class='ocrx_word' id='word_1_696' title='bbox 1071 5361 1124 5411; x_wconf 88' lang='lat' dir='ltr'><strong>Si</strong></span> <span class='ocrx_word' id='word_1_697' title='bbox 1179 5362 1259 5411; x_wconf 83' lang='lat' dir='ltr'><strong>sal</strong></span> <span class='ocrx_word' id='word_1_698' title='bbox 1311 5361 1609 5411; x_wconf 78' lang='lat' dir='ltr'><strong>evanuerit?</strong></span> <span class='ocrx_word' id='word_1_699' title='bbox 1660 5360 1821 5422; x_wconf 86' lang='lat' dir='ltr'><strong>Quasi</strong></span> <span class='ocrx_word' id='word_1_700' title='bbox 1870 5364 2110 5425; x_wconf 74' lang='lat' dir='ltr'><strong>dixisset,</strong></span> <span class='ocrx_word' id='word_1_701' title='bbox 2143 5364 2186 5415; x_wconf 85' lang='lat' dir='ltr'><strong>si</strong></span> 
     </span>
    </p>
   </div>
   <div class='ocr_carea' id='block_1_104' title="bbox 690 5445 2179 5515">
    <p class='ocr_par' dir='ltr' id='par_1_104' title="bbox 690 5445 2179 5515">
     <span class='ocr_line' id='line_1_104' title="bbox 690 5445 2179 5515; baseline 0.008 -21"><span class='ocrx_word' id='word_1_702' title='bbox 690 5445 915 5511; x_wconf 80' lang='lat' dir='ltr'><strong>patiatur</strong></span> <span class='ocrx_word' id='word_1_703' title='bbox 953 5460 1003 5498; x_wconf 88' lang='lat' dir='ltr'><strong>et</strong></span> <span class='ocrx_word' id='word_1_704' title='bbox 1032 5448 1312 5515; x_wconf 82' lang='lat' dir='ltr'><strong>insipidum</strong></span> <span class='ocrx_word' id='word_1_705' title='bbox 1353 5451 1439 5503; x_wconf 82' lang='lat' dir='ltr'><strong>Iiat</strong></span> <span class='ocrx_word' id='word_1_706' title='bbox 1477 5467 1489 5502; x_wconf 89' lang='lat'>:</span> <span class='ocrx_word' id='word_1_707' title='bbox 1528 5452 1574 5503; x_wconf 88' lang='lat' dir='ltr'><strong>id</strong></span> <span class='ocrx_word' id='word_1_708' title='bbox 1605 5460 1704 5512; x_wconf 81' lang='lat' dir='ltr'><strong>est,</strong></span> <span class='ocrx_word' id='word_1_709' title='bbox 1745 5452 1786 5504; x_wconf 92' lang='lat' dir='ltr'><strong>si</strong></span> <span class='ocrx_word' id='word_1_710' title='bbox 1822 5469 1910 5507; x_wconf 87' lang='lat' dir='ltr'><strong>vos</strong></span> <span class='ocrx_word' id='word_1_711' title='bbox 1946 5454 2179 5508; x_wconf 83' lang='lat' dir='ltr'><strong>adulato-</strong></span> 
     </span>
    </p>
   </div>
   <div class='ocr_carea' id='block_1_105' title="bbox 2271 4301 3791 4372">
    <p class='ocr_par' dir='ltr' id='par_1_105' title="bbox 2271 4301 3791 4372">
     <span class='ocr_line' id='line_1_105' title="bbox 2271 4301 3791 4372; baseline 0.001 -20"><span class='ocrx_word' id='word_1_712' title='bbox 2271 4304 2298 4353; x_wconf 88' lang='lat'><strong>6</strong></span> <span class='ocrx_word' id='word_1_713' title='bbox 2327 4301 2556 4363; x_wconf 88' lang='grc' dir='ltr'>πενθῶν,</span> <span class='ocrx_word' id='word_1_714' title='bbox 2592 4304 2679 4353; x_wconf 71' lang='grc' dir='ltr'>καὶ</span> <span class='ocrx_word' id='word_1_715' title='bbox 2703 4305 2872 4372; x_wconf 82' lang='grc' dir='ltr'>πρᾶος</span> <span class='ocrx_word' id='word_1_716' title='bbox 2913 4303 3088 4354; x_wconf 76' lang='grc' dir='ltr'>ἔσται·</span> <span class='ocrx_word' id='word_1_717' title='bbox 3121 4305 3147 4356; x_wconf 91' lang='lat'><strong>6</strong></span> <span class='ocrx_word' id='word_1_718' title='bbox 3180 4305 3368 4372; x_wconf 81' lang='grc' dir='ltr'>πρᾶος,</span> <span class='ocrx_word' id='word_1_719' title='bbox 3393 4304 3591 4360; x_wconf 78' lang='grc' dir='ltr'>δίκαιος</span> <span class='ocrx_word' id='word_1_720' title='bbox 3611 4317 3624 4330; x_wconf 73' lang='grc' dir='ltr'><strong><em>ο</em></strong></span> <span class='ocrx_word' id='word_1_721' title='bbox 3651 4304 3678 4354; x_wconf 89' lang='lat'><strong>6</strong></span> <span class='ocrx_word' id='word_1_722' title='bbox 3712 4301 3791 4354; x_wconf 83' lang='grc' dir='ltr'><strong>δί-</strong></span> 
     </span>
    </p>
   </div>
   <div class='ocr_carea' id='block_1_106' title="bbox 2273 4391 3786 4464">
    <p class='ocr_par' dir='ltr' id='par_1_106' title="bbox 2273 4391 3786 4464">
     <span class='ocr_line' id='line_1_106' title="bbox 2273 4391 3786 4464; baseline 0.001 -24"><span class='ocrx_word' id='word_1_723' title='bbox 2273 4408 2442 4453; x_wconf 84' lang='grc' dir='ltr'>καιος,</span> <span class='ocrx_word' id='word_1_724' title='bbox 2469 4391 2707 4458; x_wconf 77' lang='grc' dir='ltr'>ἐλεήμων</span> <span class='ocrx_word' id='word_1_725' title='bbox 2730 4410 2742 4422; x_wconf 94' lang='grc'><strong>·</strong></span> <span class='ocrx_word' id='word_1_726' title='bbox 2765 4394 2791 4444; x_wconf 88' lang='lat'><strong>6</strong></span> <span class='ocrx_word' id='word_1_727' title='bbox 2809 4392 3048 4462; x_wconf 73' lang='grc' dir='ltr'>ἐλεήμων</span> <span class='ocrx_word' id='word_1_728' title='bbox 3073 4393 3164 4444; x_wconf 56' lang='grc' dir='ltr'><strong>καὶ⁸</strong></span> <span class='ocrx_word' id='word_1_729' title='bbox 3177 4392 3406 4464; x_wconf 76' lang='grc' dir='ltr'>καθαρὸς</span> <span class='ocrx_word' id='word_1_730' title='bbox 3431 4392 3525 4460; x_wconf 84' lang='grc' dir='ltr'><strong>τὴν</strong></span> <span class='ocrx_word' id='word_1_731' title='bbox 3549 4391 3786 4458; x_wconf 85' lang='grc' dir='ltr'>καρδίαν·</span> 
     </span>
    </p>
   </div>
   <div class='ocr_carea' id='block_1_107' title="bbox 2275 4479 3791 4551">
    <p class='ocr_par' dir='ltr' id='par_1_107' title="bbox 2275 4479 3791 4551">
     <span class='ocr_line' id='line_1_107' title="bbox 2275 4479 3791 4551; baseline 0.001 -22"><span class='ocrx_word' id='word_1_732' title='bbox 2275 4481 2302 4529; x_wconf 93' lang='lat'><strong>6</strong></span> <span class='ocrx_word' id='word_1_733' title='bbox 2333 4479 2392 4529; x_wconf 81' lang='grc' dir='ltr'>δὲ</span> <span class='ocrx_word' id='word_1_734' title='bbox 2422 4482 2653 4543; x_wconf 82' lang='grc' dir='ltr'>τοιοῦτος</span> <span class='ocrx_word' id='word_1_735' title='bbox 2685 4482 2780 4551; x_wconf 76' lang='grc' dir='ltr'>ήδη</span> <span class='ocrx_word' id='word_1_736' title='bbox 2819 4483 2910 4534; x_wconf 81' lang='grc' dir='ltr'>καὶ</span> <span class='ocrx_word' id='word_1_737' title='bbox 2942 4483 3271 4551; x_wconf 76' lang='grc' dir='ltr'>εἰρηνοποιός</span> <span class='ocrx_word' id='word_1_738' title='bbox 3290 4500 3302 4512; x_wconf 88' lang='grc'>·</span> <span class='ocrx_word' id='word_1_739' title='bbox 3331 4485 3358 4534; x_wconf 89' lang='lat'><strong>6</strong></span> <span class='ocrx_word' id='word_1_740' title='bbox 3384 4484 3436 4532; x_wconf 87' lang='grc' dir='ltr'>δὲ</span> <span class='ocrx_word' id='word_1_741' title='bbox 3461 4482 3624 4533; x_wconf 82' lang='grc' dir='ltr'>ταῦτα</span> <span class='ocrx_word' id='word_1_742' title='bbox 3661 4497 3791 4532; x_wconf 84' lang='grc' dir='ltr'>κατ-</span> 
     </span>
    </p>
   </div>
   <div class='ocr_carea' id='block_1_108' title="bbox 2273 4569 3790 4641">
    <p class='ocr_par' dir='ltr' id='par_1_108' title="bbox 2273 4569 3790 4641">
     <span class='ocr_line' id='line_1_108' title="bbox 2273 4569 3790 4641; baseline 0.003 -23"><span class='ocrx_word' id='word_1_743' title='bbox 2273 4569 2530 4636; x_wconf 85' lang='grc' dir='ltr'>ορθώσας,</span> <span class='ocrx_word' id='word_1_744' title='bbox 2554 4573 2643 4624; x_wconf 74' lang='grc' dir='ltr'>καὶ</span> <span class='ocrx_word' id='word_1_745' title='bbox 2667 4573 2797 4641; x_wconf 77' lang='grc' dir='ltr'>πρὸς</span> <span class='ocrx_word' id='word_1_746' title='bbox 2841 4573 3107 4632; x_wconf 83' lang='grc' dir='ltr'>κινδύνους</span> <span class='ocrx_word' id='word_1_747' title='bbox 3129 4574 3337 4641; x_wconf 70' lang='grc' dir='ltr'>ἕτοιμος</span> <span class='ocrx_word' id='word_1_748' title='bbox 3358 4588 3370 4603; x_wconf 74' lang='grc'><strong><em>⁸</em></strong></span> <span class='ocrx_word' id='word_1_749' title='bbox 3396 4573 3423 4623; x_wconf 89' lang='lat'><strong>6</strong></span> <span class='ocrx_word' id='word_1_750' title='bbox 3447 4572 3502 4624; x_wconf 80' lang='grc' dir='ltr'>δὲ</span> <span class='ocrx_word' id='word_1_751' title='bbox 3535 4571 3790 4632; x_wconf 74' lang='grc' dir='ltr'>τοιοῦτος,</span> 
     </span>
    </p>
   </div>
   <div class='ocr_carea' id='block_1_109' title="bbox 2277 4657 3255 4728">
    <p class='ocr_par' dir='ltr' id='par_1_109' title="bbox 2277 4657 3255 4728">
     <span class='ocr_line' id='line_1_109' title="bbox 2277 4657 3255 4728; baseline 0.007 -23"><span class='ocrx_word' id='word_1_752' title='bbox 2277 4657 2333 4706; x_wconf 85' lang='grc' dir='ltr'>οὑ</span> <span class='ocrx_word' id='word_1_753' title='bbox 2375 4660 2767 4728; x_wconf 84' lang='grc' dir='ltr'>ταραχθὴσεται</span> <span class='ocrx_word' id='word_1_754' title='bbox 2792 4660 3024 4721; x_wconf 79' lang='grc' dir='ltr'>ἀκούσας</span> <span class='ocrx_word' id='word_1_755' title='bbox 3052 4661 3255 4721; x_wconf 86' lang='grc' dir='ltr'>κακῶς.</span> 
     </span>
    </p>
   </div>
   <div class='ocr_carea' id='block_1_110' title="bbox 2345 4745 3796 4816">
    <p class='ocr_par' dir='ltr' id='par_1_110' title="bbox 2345 4745 3796 4816">
     <span class='ocr_line' id='line_1_110' title="bbox 2345 4745 3796 4816; baseline 0.008 -20"><span class='ocrx_word' id='word_1_756' title='bbox 2345 4747 2436 4797; x_wconf 81' lang='grc' dir='ltr'><strong>Διά</strong></span> <span class='ocrx_word' id='word_1_757' title='bbox 2468 4749 2518 4798; x_wconf 82' lang='grc' dir='ltr'>τί</span> <span class='ocrx_word' id='word_1_758' title='bbox 2558 4745 2734 4807; x_wconf 84' lang='grc' dir='ltr'>εἶπεν,</span> <span class='ocrx_word' id='word_1_759' title='bbox 2772 4747 2914 4811; x_wconf 87' lang='grc' dir='ltr'>Τοὺς</span> <span class='ocrx_word' id='word_1_760' title='bbox 2953 4750 3254 4815; x_wconf 67' lang='grc' dir='ltr'>προφήτας</span> <span class='ocrx_word' id='word_1_761' title='bbox 3278 4750 3414 4813; x_wconf 85' lang='grc' dir='ltr'>τοὺς</span> <span class='ocrx_word' id='word_1_762' title='bbox 3446 4751 3556 4815; x_wconf 81' lang='grc' dir='ltr'>πρὸ</span> <span class='ocrx_word' id='word_1_763' title='bbox 3586 4747 3747 4816; x_wconf 76' lang='grc' dir='ltr'>ὑμῶν</span> <span class='ocrx_word' id='word_1_764' title='bbox 3775 4763 3796 4810; x_wconf 80' lang='lat'><strong>.&#39;</strong></span> 
     </span>
    </p>
   </div>
   <div class='ocr_carea' id='block_1_111' title="bbox 2279 4835 3720 4903">
    <p class='ocr_par' dir='ltr' id='par_1_111' title="bbox 2279 4835 3720 4903">
     <span class='ocr_line' id='line_1_111' title="bbox 2279 4835 3720 4903; baseline 0.006 -21"><span class='ocrx_word' id='word_1_765' title='bbox 2279 4835 2493 4895; x_wconf 80' lang='grc' dir='ltr'>Δεικνὺς</span> <span class='ocrx_word' id='word_1_766' title='bbox 2527 4836 2604 4886; x_wconf 79' lang='grc' dir='ltr'>ὅτι</span> <span class='ocrx_word' id='word_1_767' title='bbox 2638 4836 2729 4886; x_wconf 74' lang='grc' dir='ltr'>καὶ</span> <span class='ocrx_word' id='word_1_768' title='bbox 2751 4835 2900 4887; x_wconf 71' lang='grc' dir='ltr'>αὐτοὶ</span> <span class='ocrx_word' id='word_1_769' title='bbox 2931 4835 3198 4903; x_wconf 73' lang='grc' dir='ltr'>προφῆται</span> <span class='ocrx_word' id='word_1_770' title='bbox 3221 4837 3322 4886; x_wconf 79' lang='grc' dir='ltr'>εἰσι</span> <span class='ocrx_word' id='word_1_771' title='bbox 3351 4839 3397 4887; x_wconf 81' lang='grc' dir='ltr'>οἱ</span> <span class='ocrx_word' id='word_1_772' title='bbox 3423 4837 3720 4890; x_wconf 83' lang='grc' dir='ltr'>ἀπόστολοι.</span> 
     </span>
    </p>
   </div>
   <div class='ocr_carea' id='block_1_112' title="bbox 2362 5010 3794 5082">
    <p class='ocr_par' dir='ltr' id='par_1_112' title="bbox 2362 5010 3794 5082">
     <span class='ocr_line' id='line_1_112' title="bbox 2362 5010 3794 5082; baseline -0.007 -16"><span class='ocrx_word' id='word_1_773' title='bbox 2362 5016 2447 5066; x_wconf 88' lang='grc' dir='ltr'>Ἐν</span> <span class='ocrx_word' id='word_1_774' title='bbox 2486 5015 2562 5082; x_wconf 84' lang='grc' dir='ltr'>τῷ</span> <span class='ocrx_word' id='word_1_775' title='bbox 2592 5013 2780 5071; x_wconf 76' lang='grc' dir='ltr'>ε’ῐπεῖν,</span> <span class='ocrx_word' id='word_1_776' title='bbox 2824 5011 3015 5079; x_wconf 78' lang='grc' dir='ltr'>Ὑμεῖς</span> <span class='ocrx_word' id='word_1_777' title='bbox 3060 5011 3194 5063; x_wconf 86' lang='grc' dir='ltr'>ἐστε</span> <span class='ocrx_word' id='word_1_778' title='bbox 3226 5010 3290 5061; x_wconf 83' lang='grc' dir='ltr'>τὸ</span> <span class='ocrx_word' id='word_1_779' title='bbox 3334 5011 3482 5075; x_wconf 79' lang='grc' dir='ltr'>ἅλας</span> <span class='ocrx_word' id='word_1_780' title='bbox 3523 5013 3630 5077; x_wconf 84' lang='grc' dir='ltr'>τῆς</span> <span class='ocrx_word' id='word_1_781' title='bbox 3659 5010 3794 5080; x_wconf 72' lang='grc' dir='ltr'>γῆς,</span> 
     </span>
    </p>
   </div>
   <div class='ocr_carea' id='block_1_113' title="bbox 2284 5099 3800 5166">
    <p class='ocr_par' dir='ltr' id='par_1_113' title="bbox 2284 5099 3800 5166">
     <span class='ocr_line' id='line_1_113' title="bbox 2284 5099 3800 5166; baseline -0.001 -14"><span class='ocrx_word' id='word_1_782' title='bbox 2284 5102 2443 5166; x_wconf 79' lang='grc' dir='ltr'>ἔδειξε</span> <span class='ocrx_word' id='word_1_783' title='bbox 2478 5103 2869 5154; x_wconf 84' lang='grc' dir='ltr'>κατασαπείσαν</span> <span class='ocrx_word' id='word_1_784' title='bbox 2898 5100 2991 5166; x_wconf 83' lang='grc' dir='ltr'>τὴν</span> <span class='ocrx_word' id='word_1_785' title='bbox 3030 5100 3186 5164; x_wconf 79' lang='grc' dir='ltr'>φύσιν</span> <span class='ocrx_word' id='word_1_786' title='bbox 3213 5099 3317 5150; x_wconf 90' lang='grc' dir='ltr'><strong>τῶν</strong></span> <span class='ocrx_word' id='word_1_787' title='bbox 3341 5099 3633 5166; x_wconf 80' lang='grc' dir='ltr'>ἀνθρώπιον</span> <span class='ocrx_word' id='word_1_788' title='bbox 3657 5115 3669 5127; x_wconf 82' lang='grc'><strong><em>⁸</em></strong></span> <span class='ocrx_word' id='word_1_789' title='bbox 3700 5101 3800 5165; x_wconf 86' lang='grc' dir='ltr'>δη-</span> 
     </span>
    </p>
   </div>
   <div class='ocr_carea' id='block_1_114' title="bbox 2283 5189 3801 5254">
    <p class='ocr_par' dir='ltr' id='par_1_114' title="bbox 2283 5189 3801 5254">
     <span class='ocr_line' id='line_1_114' title="bbox 2283 5189 3801 5254; baseline -0.002 -12"><span class='ocrx_word' id='word_1_790' title='bbox 2283 5193 2362 5242; x_wconf 82' lang='grc' dir='ltr'>λοῖ</span> <span class='ocrx_word' id='word_1_791' title='bbox 2391 5193 2445 5242; x_wconf 76' lang='grc' dir='ltr'>δὲ</span> <span class='ocrx_word' id='word_1_792' title='bbox 2476 5192 2569 5243; x_wconf 67' lang='grc' dir='ltr'>καὶ</span> <span class='ocrx_word' id='word_1_793' title='bbox 2593 5192 2650 5242; x_wconf 80' lang='grc' dir='ltr'>τὸ</span> <span class='ocrx_word' id='word_1_794' title='bbox 2679 5191 2869 5254; x_wconf 75' lang='grc' dir='ltr'>στυφὸν</span> <span class='ocrx_word' id='word_1_795' title='bbox 2899 5190 3091 5250; x_wconf 74' lang='grc' dir='ltr'>αὐτῶν,</span> <span class='ocrx_word' id='word_1_796' title='bbox 3121 5189 3231 5241; x_wconf 84' lang='grc' dir='ltr'>ἀλλ’</span> <span class='ocrx_word' id='word_1_797' title='bbox 3259 5190 3317 5239; x_wconf 80' lang='grc' dir='ltr'>οὐ</span> <span class='ocrx_word' id='word_1_798' title='bbox 3343 5189 3740 5251; x_wconf 78' lang='grc' dir='ltr'>κολακευτικὸν,</span> <span class='ocrx_word' id='word_1_799' title='bbox 3772 5189 3801 5239; x_wconf 85' lang='grc' dir='ltr'><strong>ὃ</strong></span> 
     </span>
    </p>
   </div>
   <div class='ocr_carea' id='block_1_115' title="bbox 2287 5277 3450 5332">
    <p class='ocr_par' dir='ltr' id='par_1_115' title="bbox 2287 5277 3450 5332">
     <span class='ocr_line' id='line_1_115' title="bbox 2287 5277 3450 5332; baseline 0.002 -3"><span class='ocrx_word' id='word_1_800' title='bbox 2287 5280 2379 5330; x_wconf 73' lang='grc' dir='ltr'>καὶ</span> <span class='ocrx_word' id='word_1_801' title='bbox 2412 5277 2779 5330; x_wconf 84' lang='grc' dir='ltr'>διδασκαλικόν</span> <span class='ocrx_word' id='word_1_802' title='bbox 2816 5278 2928 5326; x_wconf 79' lang='grc' dir='ltr'>ἐστι</span> <span class='ocrx_word' id='word_1_803' title='bbox 2963 5278 3055 5328; x_wconf 71' lang='grc' dir='ltr'>καὶ</span> <span class='ocrx_word' id='word_1_804' title='bbox 3086 5278 3450 5332; x_wconf 72' lang='grc' dir='ltr'>ἀποστολικόν.</span> 
     </span>
    </p>
   </div>
   <div class='ocr_carea' id='block_1_116' title="bbox 2356 5365 3801 5433">
    <p class='ocr_par' dir='ltr' id='par_1_116' title="bbox 2356 5365 3801 5433">
     <span class='ocr_line' id='line_1_116' title="bbox 2356 5365 3801 5433; baseline -0.003 -16"><span class='ocrx_word' id='word_1_805' title='bbox 2356 5369 2416 5417; x_wconf 84' lang='grc' dir='ltr'><strong>Τί</strong></span> <span class='ocrx_word' id='word_1_806' title='bbox 2446 5367 2608 5430; x_wconf 83' lang='grc' dir='ltr'>λέγει,</span> <span class='ocrx_word' id='word_1_807' title='bbox 2652 5366 2788 5416; x_wconf 77' lang='grc' dir='ltr'><em>Ἐὰν</em></span> <span class='ocrx_word' id='word_1_808' title='bbox 2846 5369 2907 5415; x_wconf 80' lang='grc' dir='ltr'><strong>τό</strong></span> <span class='ocrx_word' id='word_1_809' title='bbox 2952 5367 3453 5433; x_wconf 72' lang='grc' dir='ltr'>ἅ.1ας,μωρσνθῇ;</span> <span class='ocrx_word' id='word_1_810' title='bbox 3507 5367 3646 5418; x_wconf 78' lang='grc' dir='ltr'>Ἀντὶ</span> <span class='ocrx_word' id='word_1_811' title='bbox 3680 5365 3801 5427; x_wconf 79' lang='grc' dir='ltr'>τοῦ,</span> 
     </span>
    </p>
   </div>
   <div class='ocr_carea' id='block_1_117' title="bbox 2301 5453 3807 5524">
    <p class='ocr_par' dir='ltr' id='par_1_117' title="bbox 2301 5453 3807 5524">
     <span class='ocr_line' id='line_1_117' title="bbox 2301 5453 3807 5524; baseline 0 -17"><span class='ocrx_word' id='word_1_812' title='bbox 2301 5456 2419 5507; x_wconf 73' lang='grc' dir='ltr'><strong>Ἐὰν</strong></span> <span class='ocrx_word' id='word_1_813' title='bbox 2453 5455 2592 5524; x_wconf 69' lang='grc' dir='ltr'>πάθῃ</span> <span class='ocrx_word' id='word_1_814' title='bbox 2636 5453 2723 5505; x_wconf 72' lang='grc' dir='ltr'>καὶ</span> <span class='ocrx_word' id='word_1_815' title='bbox 2758 5454 3103 5523; x_wconf 82' lang='grc' dir='ltr'>ἀνενὲργητον</span> <span class='ocrx_word' id='word_1_816' title='bbox 3154 5456 3402 5524; x_wconf 74' lang='grc' dir='ltr'>γένηταιο</span> <span class='ocrx_word' id='word_1_817' title='bbox 3439 5457 3619 5522; x_wconf 71' lang='grc' dir='ltr'>ἤγουν,</span> <span class='ocrx_word' id='word_1_818' title='bbox 3675 5455 3807 5511; x_wconf 71' lang='grc' dir='ltr'>Ἐὰν</span> 
     </span>
    </p>
   </div>
  </div>
