4138 6342
350 300 484 368 1089

1303 311 1615 370 SCHOLIA
1656 308 1944 370 VETERA
1986 309 2061 368 IN
2104 313 2564 380 ΜΑΤΤΙῘΑΞῙῙΜ.

3366 333 3502 395 1090

347 410 502 476 ὑμεῖς
531 410 776 474 κόλακες,
807 412 922 467 ἀλλ’
965 417 1062 468 οὐκ
1093 416 1226 481 ἄξιοι
1265 418 1565 471 διδάσκαλοι
1625 419 1874 485 γένησθε,
1906 424 1948 472 Δ
1978 433 1981 466 1

1864 424 1948 479 ,Δ
1976 432 2083 508 res,
2134 430 2186 474 et
2231 439 2338 478 non
2391 427 2537 492 digni
2568 429 2808 498 magistri
2858 429 2980 486 facti
3037 432 3265 501 fueritis,
3312 438 3363 492 in
3395 459 3498 508 quo

341 499 403 548 ἐν
420 498 524 549 τίνι
553 499 614 551 τὸ
645 503 957 555 κατασαπέν
1003 507 1108 557 τῶν
1153 505 1447 573 ἀνθρώπων
1495 507 1871 575 ἀλισθήσεταις

412 586 529 649 Φῶς
554 589 709 640 καλεῖ
735 590 950 655 αὐτοὺς,
978 594 1050 656 ὡς
1071 595 1167 662 τῆς
1197 594 1466 654 εὐσεϐείας
1489 594 1873 663 καταλάμψαν-

342 691 440 736 τας
469 677 528 727 τὸ
561 677 675 744 φῶς
699 678 789 730 ἐπὶ
823 683 914 748 τῆς
940 681 1061 748 γῆς.

408 784 500 845 Τὸ,
540 787 619 838 Οὐ
655 780 898 839 δύναται
953 791 1127 852 πόλις
1171 788 1450 855 κρυϐῆναι
1475 789 1668 841 ἐπάνω
1700 790 1870 855 ὄρους

339 875 605 941 κειμένη·
632 879 722 927 καὶ
747 877 828 938 τὸ,
856 879 936 929 Οὐ
966 880 1197 929 καίουσι
1229 880 1456 946 λύχνον
1476 880 1568 931 καί
1607 875 1870 932 τιθέασιν

337 962 456 1014 ὑπὸ
476 965 580 1015 τὸν
610 964 838 1030 μόδιον,
875 967 1009 1017 ἀλλ’
1042 965 1139 1016 ἐπὶ
1181 966 1293 1030 τὴν
1317 967 1594 1034 λυχνίαν,
1623 968 1682 1019 τὸ
1715 985 1867 1019 κατα·

340 1053 502 1116 «pavi;
535 1052 709 1104 ain:th
742 1052 889 1120 δηλοῖ
911 1069 924 1082 ·
959 1055 1046 1104 καὶ
1072 1054 1152 1104 ὅτι
1186 1055 1437 1107 ἀδύνατον
1465 1056 1523 1106 τὸ
1556 1056 1864 1124 κηρύγμασι

336 1143 641 1208 γεγηθέναι.

409 1232 471 1280 At
508 1230 712 1280 ἐντολαὶ
739 1228 830 1280 τοῦ
865 1230 1097 1298 Χριστοῦ
1130 1232 1188 1283 οὐ
1217 1231 1309 1283 τοῦ
1345 1234 1506 1300 νόμου
1551 1233 1686 1284 εἰσὶν
1723 1233 1866 1285 ἀναί-

337 1334 504 1386 ρεσις,
528 1318 657 1369 ἀλλὰ
679 1318 953 1387 πλήρωσις
993 1321 1296 1390 τελεωτέρα
1325 1323 1414 1374 καὶ
1449 1323 1712 1387 ἀσφάλεια
1733 1336 1745 1348 ·
1768 1322 1859 1374 τοῦ

330 1406 438 1473 γὰρ
477 1407 548 1475 μὴ
579 1406 818 1474 φονεὺειν
848 1410 944 1460 οὐκ
971 1409 1239 1478 ἀναίρεσις
1273 1412 1332 1461 τὸ
1377 1412 1507 1479 μηδὲ
1531 1413 1858 1480 ὀργίζεσθαι,

329 1493 446 1544 ἀλλ’
470 1494 732 1559 ἀσφάλεια
756 1510 770 1523 ·
795 1495 935 1546 οὕτω
964 1496 1017 1547 δὲ
1042 1499 1132 1547 καὶ
1165 1499 1254 1548 ἐπὶ
1278 1498 1382 1548 τῶν
1408 1497 1575 1550 ἄλλων
1588 1500 1858 1550 ἁπάντων.

412 1581 498 1631 Ἐν
525 1579 600 1647 τῷ
632 1582 823 1644 εἰπεῖν,
865 1583 1068 1646 Ὅστις
1103 1585 1273 1636 λύσει
1303 1585 1443 1649 μίαν
1471 1585 1586 1636 τῶν
1608 1585 1860 1637 ἐντολῶν

324 1671 566 1732 τούτων,
592 1671 652 1721 οὗ
683 1673 807 1738 περὶ
833 1672 937 1723 τῶν
960 1673 1198 1725 παλαιῶν
1231 1675 1470 1740 νομίμων
1502 1673 1655 1726 τοῦτο
1686 1671 1852 1737 εἶπεν,

324 1758 460 1810 ἀλλὰ
501 1761 626 1828 περὶ
671 1761 767 1828 τῆς
812 1761 1048 1830 χάριτος.
1076 1764 1172 1814 Διὰ.
1199 1762 1250 1814 τί
1281 1764 1434 1815 καλεί
1453 1764 1733 1831 ἐλαχίστας
1762 1765 1855 1826 τὰς

323 1848 538 1911 ἐντολὰς
572 1850 789 1911 ταύτας,
833 1852 1013 1903 καίτοι
1061 1852 1300 1920 μεγάλας
1344 1851 1540 1915 οὕσαςς
1588 1853 1854 1905 Παιδεύων

323 1936 470 2002 ἡμᾶς
499 1937 581 1988 ἵνα
615 1939 702 1990 ὅτε
736 1938 1076 2008 διδάσκομεν,
1105 1940 1177 2010 μὴ
1211 1940 1429 2009 ὑψῶμὲν
1461 1942 1553 2009 τὴν
1584 1944 1850 2012 ἡμετέραν

317 2025 557 2092 διδαχὴν.

391 2114 589 2178 Εἰπὼν,
630 2118 710 2168 ὅτι
753 2116 1100 2184 Ἐλάχιστος
1123 2118 1190 2170 ἐν
1217 2119 1290 2185 τῇ
1309 2122 1588 2188 ,ϐασιλείᾳ
1609 2122 1726 2175 τῶν
1749 2125 1849 2176 οὺ-

312 2202 516 2269 ρανῶν
558 2205 937 2269 κληθήσεται,
969 2207 1234 2274 ἐσήμανεν
1269 2208 1349 2260 ὃτι
1383 2213 1459 2270 είς
1503 2214 1720 2276 γέενναν
1761 2211 1849 2264 καὶ

317 2293 536 2344 κόλασιν
593 2293 809 2345 αἰώνιον
883 2293 1276 2358 ἀπελεύσεται,
1332 2298 1645 2366 ἀνεπαχθῶς
1695 2299 1849 2352 τοῦτο

315 2381 570 2448 εἰρηκώς.

388 2475 450 2524 Τί
483 2475 628 2539 λέγει
658 2473 736 2538 τὸ,
788 2473 928 2527 Ἐὰν
953 2473 1036 2542 μὴ
1079 2479 1451 2545 περισσεύσῃ
1496 2477 1844 2548 δικαιοσύνη

311 2560 480 2626 ὑμῶν
511 2561 696 2614 πλέον
731 2560 849 2613 τῶν
896 2563 1288 2629 Γριιμματέων
1335 2567 1430 2618 καί
1485 2570 1845 2635 Φαρισαι’ων;

314 2650 485 2702 Τοῦτό
507 2652 671 2714 ἐστιν,
723 2649 848 2703 Ἐὰν
883 2650 956 2720 μὴ
989 2651 1126 2721 ὑπὲρ
1170 2653 1267 2715 τὰς
1301 2653 1525 2718 δεκάτας
1577 2657 1844 2726 παρέχητε

309 2739 422 2798 τοῖς
451 2738 740 2806 δεομένοις.

386 2845 535 2896 Ποῖόν
561 2847 703 2897 ἐστιν
731 2845 922 2914 δλέγει
963 2848 1236 2917 περισσὸν,
1267 2847 1294 2900 ὃ
1321 2850 1426 2901 ἔδει
1468 2851 1592 2911 τοὺς
1618 2851 1844 2904 ἀποστό-

309 2932 434 2994 λους
455 2933 558 2983 τῶν
581 2934 882 3002 Φαρισαίων
897 2933 1236 3005 περισσεύειν
1261 2950 1275 2998 ;
1313 2935 1563 2986 Ἐκείνων
1576 2937 1663 2987 τὸν
1683 2938 1841 3005 νόμον

1974 505 2252 563 hominum
2289 517 2561 582 corruptio
2585 519 2842 572 salietur?

2042 593 2206 648 Vsus.
2242 597 2327 649 Η.
2359 598 2554 653 Lucem
2589 604 2686 655 hos
2735 615 2906 670 vocat,
2957 617 3007 660 ut
3069 610 3282 678 pietatis
3329 614 3498 670 lucem

1969 678 2327 739 dilfundeutes
2355 689 2404 739 in
2433 697 2649 745 terram.

2038 787 2193 854 Illud,
2259 791 2379 845 Non
2420 805 2583 862 potest
2616 799 2796 851 ciuitas
2823 802 3064 855 abscondi
3088 822 3245 872 supra
3279 819 3500 859 montem

1966 879 2172 942 posita;
2219 891 2295 945 et,
2347 882 2525 952 Neque
2579 889 2861 941 accendunt
2894 891 3156 944 lucernam
3207 907 3254 947 et
3303 909 3498 962 ponunt

1966 977 2078 1014 eam
2121 964 2212 1017 sub
2253 970 2444 1032 modio,
2480 973 2568 1024 sed
2607 991 2758 1035 super
2791 975 3175 1042 candelabrum,
3205 985 3493 1036 claritatem

1965 1063 2152 1102 eorum
2185 1054 2486 1122 signiﬁcat;
2523 1069 2576 1112 et
2613 1062 2753 1126 quod
2784 1063 3117 1130 impossibile
3143 1069 3210 1119 sit
3238 1071 3495 1135 prurdica—

1966 1137 2204 1192 tionibus
2236 1143 2481 1207 gaudere.

2023 1221 2184 1278 Vens.
2216 1226 2303 1280 17.
2337 1228 2580 1284 Mandata
2609 1232 2806 1287 Christi
2836 1235 2968 1304 legis
2989 1251 3092 1290 non
3115 1247 3240 1291 sunt
3271 1238 3489 1302 ablatio,

1964 1313 2054 1365 sed
2091 1314 2330 1381 impletio
2364 1319 2648 1386 perfectior
2691 1333 2742 1377 et
2773 1327 3130 1380 conlirmatio.
3163 1326 3316 1392 Nam,
3371 1327 3487 1380 Non

1963 1403 2183 1465 occides,
2216 1419 2322 1458 non
2377 1407 2619 1462 aufertur
2663 1426 2754 1478 per
2787 1413 2905 1475 hoc,
2959 1413 3077 1466 Non
3105 1416 3364 1478 irasceris,
3397 1417 3488 1469 sed

1961 1490 2338 1557 conﬁrmatur;
2371 1505 2422 1547 et
2450 1497 2527 1549 sic
2557 1499 2609 1549 in
2636 1501 2888 1554 omnibus
2917 1504 3154 1556 caeteris.

2034 1579 2190 1631 Vens.
2235 1582 2319 1635 i9.
2375 1583 2627 1649 Diceudo,
2662 1587 2764 1650 Qui
2793 1590 3001 1641 solverit
3041 1609 3199 1644 unum
3239 1593 3301 1644 de
3337 1609 3486 1643 man-

1961 1664 2098 1716 datis
2147 1669 2281 1730 istis,
2341 1686 2443 1722 non
2489 1672 2554 1724 de
2590 1676 2861 1727 veteribus
2912 1680 3176 1732 tuandatis
3229 1681 3485 1747 loquitur,

1962 1755 2050 1805 sed
2083 1756 2148 1807 de
2200 1759 2381 1823 gratia:
2414 1762 2701 1815 mandatis.
2742 1763 2850 1816 Cur
2887 1776 3040 1819 vocat
3083 1768 3300 1820 minima
3336 1783 3487 1820 man-

1955 1841 2076 1894 data
2107 1843 2228 1906 ista,
2264 1845 2387 1898 licet
2414 1862 2603 1914 tnagna
2636 1850 2782 1902 sint?
2805 1852 3010 1906 Docens
3042 1869 3139 1908 nos
3161 1871 3245 1920 ne,
3271 1858 3486 1923 quando

1953 1932 2228 1998 docemus,
2259 1938 2580 1992 extollantus
2607 1952 2849 1995 nostram
2875 1943 3194 1998 doctrinam.

2019 2111 2229 2177 Dicens,
2260 2116 2400 2181 quod
2415 2115 2662 2168 Minimus
2684 2119 2946 2170 vocabitur
2965 2121 3018 2172 in
3042 2137 3190 2188 regno
3215 2127 3477 2190 caelorum,

1951 2199 2271 2266 signiﬁcavit
2301 2204 2352 2254 in
2389 2205 2685 2272 gehennam
2707 2215 2759 2258 et
2789 2216 3040 2260 aeternam
3074 2208 3473 2264 damnationem

1949 2287 2392 2354 praecipitandum
2429 2288 2564 2353 fore,
2595 2291 2710 2344 sine
2734 2294 2895 2346 dubio
2933 2294 3070 2347 istud
3104 2295 3337 2348 locutus.

2018 2461 2184 2518 Vsns.
2219 2466 2308 2519 20.
2358 2465 2494 2530 Quid
2547 2468 2694 2530 dicit,
2734 2469 2857 2522 Nisi
2892 2469 3225 2524 abundaverit
3263 2473 3474 2544 justitia

1946 2562 2110 2605 vestra
2162 2555 2278 2620 plus
2315 2573 2468 2620 quant
2513 2557 2814 2610 Scribarum
2845 2569 2892 2611 et
2947 2561 3367 2616 Pharisaeorum?
3418 2566 3471 2618 Id

1944 2652 2046 2704 est,
2077 2640 2189 2694 Nisi
2226 2644 2456 2711 amplius
2480 2659 2640 2713 quam
2675 2647 2912 2700 decimas
2942 2647 3303 2715 indigentibus
3337 2668 3473 2720 prui-

1943 2727 2184 2782 bneritis.

2012 2833 2195 2896 Qualis
2228 2846 2309 2889 est
2338 2836 2436 2890 ista
2463 2837 2825 2901 abundantia,
2863 2854 2970 2905 qua
3004 2848 3212 2905 Oportet
3253 2853 3469 2909 aposto-

1944 2921 2024 2974 los
2057 2937 2216 2990 supra
2247 2925 2545 2978 Pharists
2578 2925 2888 2978 abundare?
2923 2926 3013 2978 llis
3049 2927 3214 2993 legem
3254 2944 3472 2981 servan-

307 3021 683 3088 φυλαττόντων
715 3023 808 3075 τοῦ
844 3023 917 3092 μὴ
946 3023 1247 3092 μοιχεῦσαι,
1277 3019 1416 3076 οὗτοι
1462 3025 1545 3075 ἵνα
1581 3025 1712 3091 μηδὲ
1745 3027 1834 3094 ἐμ·
1863 3019 1907 3082 C

1863 3019 1907 3082 ρ
1947 3011 2087 3064 tibus
2119 3028 2220 3064 non
2250 3012 2506 3066 fm'nicari
2533 3016 2926 3082 prohibentem,
2964 3016 3036 3067 illi
3067 3032 3132 3068 ne
3164 3017 3469 3070 intueantur

307 3111 544 3178 ϐλέψωσι
589 3111 721 3181 πρὸς
759 3112 1046 3180 ἐπιθυμίαν
1069 3129 1082 3144 ·
1118 3112 1336 3164 ἐκείνων
1381 3113 1454 3181 μὴ
1494 3114 1838 3179 φονευόντων,

305 3195 454 3254 οἶτοι
484 3201 569 3254 ἵνα
607 3202 682 3271 μὴ
708 3202 1026 3273 ὀργισθῶσι,
1073 3203 1163 3254 καὶ
1189 3202 1348 3254 τᾶλλα
1375 3203 1547 3272 ὃμοια.

378 3306 497 3376 Χρὴ
531 3307 730 3362 ειδέναι
761 3310 841 3362 ὅτι
873 3307 1146 3376 βασιλείαν
1199 3308 1437 3378 οὐρανῶν
1479 3310 1536 3360 ού
1581 3308 1676 3380 τὴν
1705 3308 1839 3363 ἀπύ-

307 3397 500 3448 λαυσιν
523 3397 666 3465 λέγει
686 3398 864 3467 μόνον,
892 3397 1023 3452 ἀλλὰ
1047 3398 1139 3452 καὶ
1163 3398 1252 3451 τὸν
1278 3399 1465 3468 καιρὸν
1494 3403 1590 3467 τῆς
1613 3401 1842 3452 ἀναστά-

305 3499 365 3535 σε
378 3501 470 3548 ως,
501 3485 591 3537 καὶ
609 3486 706 3555 τὴν
728 3487 1026 3556 παρουσίαν
1048 3487 1259 3556 ἐκείνην
1280 3487 1376 3555 τὴν
1400 3486 1631 3557 φοϐεράν
1650 3503 1663 3516 ·
1694 3489 1839 3540 ἐστιν

301 3574 393 3626 ὅτε
425 3576 520 3627 καὶ
551 3576 840 3645 ἐπιδημίαν
870 3578 1033 3630 αὐτοῦ
1065 3594 1078 3606 ·
1119 3578 1251 3647 πρὸς
1282 3577 1370 3630 οὖν
1407 3578 1497 3630 τοῦ
1523 3580 1717 3648 χωρίου
1750 3580 1838 3633 τὸν

301 3660 449 3722 νοῦν,
482 3662 587 3713 νόει
619 3663 679 3713 τδ
703 3663 888 3730 ὄνομα.

385 3749 451 3800 '0
473 3749 662 3816 λέγων
682 3751 786 3802 τὸν
803 3751 1064 3817 ἀδελφὸν
1088 3752 1269 3804 αὐτοῦ
1286 3753 1458 3817 ρακά.
1493 3756 1564 3805 Οὐ
1599 3756 1836 3823 μεγάλης

235 3846 242 3856 ⁸
301 3837 453 3889 ἐστὶν
497 3836 701 3904 ὕϐρεως
741 3838 802 3889 τὸ
836 3839 1003 3907 ῥῆμα,
1048 3838 1178 3890 ἀλλὰ
1229 3842 1706 3908 καταφρονήσεως·
1739 3859 1834 3909 ση-

305 3927 577 3996 μαίνειδέ
628 3926 762 3990 σῦς,
817 3929 881 3996 τῇ
933 3927 1114 3998 Σύρων
1165 3927 1414 3998 γλώττῃ·
1468 3929 1615 3982 ἄλλοι
1651 3930 1705 3981 δὲ
1752 3931 1831 3995 τὸ,

299 4015 748 4085 διαρερηγμένος,
772 4017 803 4076 ὅ
836 4019 949 4069 ἐστι
981 4017 1318 4087 ρακοστὸὶρς,
1351 4018 1617 4083 λέγουσιν.

371 4123 625 4190 Ἔνοχος
653 4125 817 4177 ἔσται
847 4122 924 4188 τῷ
953 4123 1242 4190 συνεδρίῳ
1261 4141 1274 4154 ·
1307 4125 1366 4176 τὸ
1419 4124 1522 4176 τῶν
1568 4127 1832 4178 Ἰουδαίων

296 4212 641 4282 δικαστήριον
683 4213 862 4280 λέγει·
908 4213 1113 4266 τέθεικε
1158 4215 1212 4266 δὲ
1259 4215 1406 4276 αὐτὸ,
1458 4215 1543 4267 ἵνα
1592 4216 1665 4285 μὴ
1710 4216 1833 4288 δόξῃ

298 4304 576 4371 πανταχοῦ
604 4303 830 4368 ξενίζειν
869 4305 961 4356 καὶ
996 4307 1351 4372 καινοτομεῖν.

381 4392 436 4441 '0
463 4393 650 4458 λέγων
670 4391 774 4444 τὸν
794 4393 1058 4460 ἀδελφὸν
1080 4393 1259 4446 αὑτοῦ
1285 4395 1498 4461 μωρόν.
1515 4393 1672 4456 Τινὲς
1713 4394 1829 4446 ἐνό-

301 4493 468 4545 μισαν
493 4479 572 4530 ὅτι
607 4483 794 4548 μικρόν
825 4483 959 4544 ἐστι,
991 4483 1081 4533 καὶ
1101 4483 1181 4534 ὅτι
1214 4483 1336 4551 περὶ
1375 4483 1568 4552 μικροῦ
1595 4485 1835 4552 ῥήματος

303 4569 512 4636 μεγάλη
539 4571 686 4620 ἐστὶν
733 4573 765 4638 ή
794 4571 1025 4638 τιμωρία
1047 4587 1058 4600 ·
1088 4572 1184 4621 οὐκ
1207 4572 1378 4623 οἴδασι
1405 4572 1456 4623 δὲ
1485 4574 1530 4623 οἱ
1563 4574 1716 4624 τοῦτο
1747 4574 1833 4625 λέ-

297 4674 506 4722 γοντες,
533 4659 610 4709 ὅτι
660 4659 725 4710 τὰ
754 4661 961 4725 μεγάλα
1005 4661 1109 4711 τῶν
1141 4662 1321 4711 κακῶν
1352 4662 1456 4712 ἀπὸ
1492 4666 1696 4730 μικρῶν
1741 4666 1833 4731 ρη-

301 4749 488 4812 μᾶτων
518 4746 696 4813 ἔχουσι
735 4749 832 4813 τὴν
862 4750 1032 4817 ἀρχήν
1052 4762 1068 4777 ·
1125 4749 1264 4815 μέγα
1294 4749 1347 4800 δέ
1379 4751 1490 4800 ἐστι
1521 4753 1610 4802 καὶ
1645 4752 1796 4804 τοῦτο
1817 4767 1830 4782 ·

295 4827 338 4899 ᾧ
369 4833 478 4900 γὰρ
503 4833 608 4882 τῶν
637 4834 841 4899 ἀλόγων
868 4835 1220 4902 διεστήκαμεν
1246 4836 1407 4903 ἤγουν
1442 4835 1515 4902 τῷ
1549 4840 1640 4902 νῷ,
1679 4837 1832 4888 τοῦτο

296 4924 552 4990 ἐστέρησε
577 4923 662 4973 τὸν
695 4923 917 4990 ἀδελφὸν
948 4925 1002 4976 ἐν
1031 4924 1106 4990 τῷ
1135 4925 1302 4973 εἰπεῖν
1328 4940 1337 4950 ·
1373 4925 1552 4992 Μωρέ.

364 5028 463 5088 Τὸ,
492 5029 643 5080 Ἰσθι
680 5026 904 5080 εὐνοῶν
944 5026 1020 5090 τῷ
1057 5026 1328 5090 ἀντιδίκῳ
1381 5044 1514 5088 σου,
1554 5031 1677 5098 περὶ
1723 5032 1829 5081 τῶν

1940 3100 2006 3153 ad
2032 3102 2557 3168 concupiscendum;
2599 3105 2682 3156 his
2733 3118 2835 3156 non
2870 3105 3255 3169 occidentibus,
3288 3107 3361 3159 illi
3401 3121 3468 3161 ne

1940 3188 2276 3256 irascantur;
2307 3201 2359 3245 et
2393 3201 2583 3246 cxx-tera
2619 3193 2888 3247 similiter.

2008 3294 2230 3362 Oportet
2254 3296 2391 3349 scire
2427 3298 2570 3364 quod
2605 3313 2825 3366 regnum
2867 3299 3123 3352 caelorum
3161 3314 3263 3352 non
3291 3303 3464 3354 solum

1938 3386 2120 3454 gloria
2156 3385 2462 3440 fruitionem
2519 3388 2734 3454 iudicet,
2793 3389 2884 3442 sed
2915 3390 3074 3442 etiam
3127 3400 3335 3458 tempus
3384 3407 3469 3446 re-

1938 3478 2308 3543 surrectionis,
2341 3488 2393 3533 et
2419 3478 2703 3533 adventum
2738 3481 2910 3544 illum,
2936 3488 3290 3536 tremendum.

2003 3746 2166 3800 Vsus.
2197 3747 2285 3798 22.
2323 3747 2426 3810 Qui
2451 3748 2642 3798 dixerit
2696 3749 2853 3814 fratri
2897 3765 2991 3801 suo
3027 3766 3170 3802 rata.
3203 3749 3317 3805 Non
3352 3770 3467 3808 ma-

1934 3831 2047 3900 gna:
2083 3833 2294 3899 injuriae
2342 3848 2442 3884 vox
2489 3843 2592 3892 est,
2627 3837 2716 3885 sed
2757 3844 3126 3900 contemptus;
3185 3853 3333 3890 suem
3393 3843 3466 3894 si-

1933 3921 2169 3988 gniﬁcat,
2205 3921 2421 3987 Syriaca
2465 3920 2677 3986 lingua;
2714 3921 2800 3972 alii
2863 3933 3036 3973 autem
3091 3925 3460 3994 dilaceratur",

1933 4012 2033 4064 hoc
2066 4019 2167 4073 est,
2203 4023 2528 4076 pannosum,
2564 4010 3004 4076 interpretantur.

2005 4115 2138 4168 Reus
2191 4116 2286 4167 erit
2327 4114 2567 4166 concilio.
2621 4113 2922 4167 Judmorutn
2977 4114 3228 4181 judiciale
3284 4116 3456 4170 l'orutn

1935 4209 2096 4269 dicit;
2135 4208 2236 4260 hoc.
2283 4215 2456 4259 autem
2525 4207 2783 4266 adhibuit,
2824 4221 2888 4258 ne
2939 4207 3176 4278 videatur
3239 4209 3459 4260 omnino

1854 4319 1906 4376 D
1937 4306 2218 4350 extraneos
2249 4305 2300 4349 et
2331 4309 2497 4348 DOVOS
2526 4311 2701 4348 IIIOI‘CS
2726 4309 3003 4361 usurpare.

1997 4385 2100 4450 Qui
2131 4386 2317 4438 dixerit
2350 4384 2506 4449 fratri
2533 4399 2649 4445 suo,
2674 4382 2859 4436 Fatue.
2885 4383 3109 4447 Quidam
3141 4397 3460 4453 putaverunt

1932 4475 2059 4528 illud
2102 4491 2324 4543 parvum
2352 4487 2491 4536 esse,
2523 4482 2574 4526 et
2596 4473 2662 4524 de
2691 4488 2851 4540 parva
2879 4475 3196 4527 contumelia
3217 4491 3456 4544 magnam

1932 4581 2051 4618 esse
2083 4566 2454 4633 punitionetn;
2489 4578 2592 4614 non
2625 4571 2800 4613 autem
2837 4564 3010 4615 sciunt
3045 4564 3166 4614 talia
3201 4566 3455 4629 dicentes,

1932 4670 2122 4720 magna
2173 4655 2307 4705 mala
2354 4669 2381 4704 a
2420 4655 2596 4718 parvis
2656 4653 2814 4704 rebus
2867 4653 3182 4717 principium
3240 4651 3457 4710 habere.

1934 4745 2074 4798 Istud
2106 4759 2230 4796 vero
2271 4758 2522 4808 magnum
2553 4751 2632 4793 est
2658 4759 2670 4801 ;
2704 4755 2809 4806 quo
2836 4741 2974 4791 enim
3004 4742 3070 4791 at)
3116 4743 3458 4797 irrationabi-

1930 4837 2069 4889 libus
2101 4832 2416 4892 diﬁerimus,
2456 4832 2504 4882 id
2537 4841 2637 4902 est,
2686 4839 2891 4892 mente,
2924 4832 3024 4883 hoc
3082 4829 3298 4884 fratrem
3344 4833 3458 4888 fru-

1931 4926 2120 4979 stravit
2151 4923 2396 4984 dicendo,
2430 4919 2613 4973 Fatue.

2003 5033 2162 5083 Vens.
2183 5029 2270 5080 25.
2298 5027 2424 5078 Esto
2447 5028 2768 5078 consentiens
2794 5026 3086 5079 adversario
3112 5037 3216 5086 tuo.
3241 5035 3456 5096 propter

297 5115 531 5170 ἐνταῦθα
565 5116 832 5167 δικαστῶν
866 5117 1077 5182 καὶτῆς
1113 5116 1202 5166 ἐπὶ
1251 5115 1310 5165 τὸ
1336 5117 1680 5184 δικαστήριον
1710 5120 1826 5171 ὁδοῦ
1923 5176 1931 5190 ε

1821 5121 1826 5167 i
1923 5121 2137 5190 judices
2164 5117 2253 5185 qui
2288 5115 2395 5168 illic
2431 5125 2557 5167 sunt
2589 5124 2640 5167 et
2687 5117 2827 5167 viam
2875 5117 3181 5180 tribunalis;
3222 5115 3455 5167 reconci-

297 5211 468 5272 λέγει.
498 5206 894 5274 Καταλλάγηθι,
929 5206 1078 5272 φησὶ,
1113 5207 1216 5272 πρὸ
1249 5207 1345 5273 τῆς
1379 5209 1455 5268 εἰς
1487 5207 1828 5276 δικαστήριον

293 5299 438 5360 ὁδοῦ,
485 5298 574 5348 καὶ
606 5297 894 5364 καταδὲχου
932 5295 1125 5363 μᾶλλον
1167 5295 1498 5347 ἀδικεῖσθαι·
1536 5298 1686 5348 τοῦτό
1715 5301 1825 5350 ἐστι

293 5391 352 5442 τὸ
378 5388 622 5441 εὐνοῶν.

368 5482 467 5543 ⁸0(
498 5477 572 5529 ἂν
604 5478 867 5544 ἐμϐλέψῃ
898 5475 1042 5541 πρὸς
1064 5477 1130 5527 τὸ
1161 5475 1537 5542 ἐπιθυμῆσαι.
1565 5477 1674 5528 Οὐκ
1709 5473 1824 5530 εἷπε

297 5571 393 5638 τὴν
425 5569 603 5629 ἁπλῶς
643 5569 966 5621 ἐπιθυμίαν·
1014 5565 1167 5619 τοῦτο
1215 5567 1318 5628 γὰρ
1370 5567 1457 5618 καὶ
1509 5568 1555 5618 οἱ
1590 5569 1643 5619 ἐν
1678 5570 1822 5621 ὅοεσι

1930 5211 2080 5269 liare,
2117 5205 2311 5272 inquit,
2353 5211 2477 5256 ante
2516 5204 2651 5256 viam
2689 5203 2989 5264 tribunalis,
3022 5214 3073 5255 et
3118 5201 3322 5255 sustine
3363 5216 3456 5269 po-

1939 5302 2047 5352 tius
2078 5297 2274 5364 injuria
2309 5293 2468 5363 plccti
2494 5311 2508 5360 ;
2549 5295 2648 5348 hoc
2674 5295 2814 5346 cnim
2842 5302 2992 5345 sonat
3012 5291 3350 5343 consentiens.

1998 5473 2162 5527 νεεδ.
2203 5473 2292 5526 28.
2335 5472 2436 5535 Qui
2479 5473 2657 5525 viderit
2707 5470 2774 5522 ad
2812 5468 3287 5534 concupiscendum.
3338 5464 3453 5520 Non

1929 5567 2061 5619 dixit
2089 5563 2404 5627 simpliciter
2435 5557 2955 5628 concupiscentiam;
2983 5573 3100 5611 nam
3131 5568 3182 5610 ct
3207 5556 3336 5609 illud
3364 5557 3454 5628 qui
