4138 6342
293 356 426 421 1093

1244 350 1560 409 SCHOLIA
1596 349 1889 410 VETERA
1926 348 2001 409 IN
2045 350 2508 413 MATTIIAEUM.

3303 355 3441 414 10M

289 466 355 532 τῇ
386 459 571 530 αὔριον
598 458 867 525 διδόμενον
887 469 901 486 ·
935 456 982 506 οί
1008 452 1063 505 δὲ
1106 453 1165 504 τδ
1191 453 1347 519 σῶμα
1370 452 1601 521 Χριστοῦ
1631 451 1817 520 λέγου-
1843 460 1887 515 Α

1843 460 1888 515 Α
1917 468 2044 505 uutn
2074 464 2229 507 sonat
2257 464 2349 507 aut
2380 456 2470 523 qui
2512 455 2562 506 in
2595 455 2886 508 crastinum
2920 456 3096 509 datur.
3134 455 3233 508 Alii
3265 469 3437 511 autt-m

291 564 397 615 σιν,
430 548 504 610 ὡς
528 548 592 617 τῇ
619 545 772 613 οὐσία
799 543 951 613 ἡμῶν
990 540 1378 611 συμϐάλλοντα.

358 725 457 787 To,
495 723 591 789 Μὴ
620 720 962 790 εἰσενέγκῃς
986 717 1137 785 ἡμᾶς
1169 720 1253 781 είς
1290 716 1635 784 πειρασμὸν,
1665 715 1817 785 εὔχε-

293 816 418 867 σθαι
448 812 702 875 διδάσκει,
731 813 803 880 μὴ
823 810 1103 878 ὲπιπηδᾷν,
1133 808 1265 860 ἀλλὰ
1294 806 1666 876 παραιτεῖσθαι
1695 807 1817 868 τοὺς

294 902 508 968 ἀγῶνας
532 917 543 931 ·
579 900 826 961 ἐλθόντας
849 898 905 950 δὲ
938 896 1314 964 ἀναδέχεσθαι·
1363 896 1447 948 ἵνα
1485 896 1577 947 καὶ
1608 894 1667 947 τὸ
1691 895 1819 947 άκεο

291 988 499 1051 νόδοξον
524 1004 615 1039 και
642 992 700 1038 τὸ
729 987 968 1053 γενναῖον
991 981 1397 1051 ὲπιδειξὼμεθα.

363 1077 456 1140 Τὸ,
489 1075 761 1143 Ἀλειψαί
799 1090 912 1126 σου
944 1072 1006 1125 τὸ
1036 1071 1371 1137 πρόσωπον,
1412 1068 1473 1120 οὐ
1515 1065 1819 1130 κελεύοντός

293 1166 441 1217 ἔστιν
461 1163 719 1230 ἀλείφειν,
745 1161 874 1214 ἀλλὰ
902 1157 1307 1228 νομοθετοῦντος
1331 1160 1578 1210 τοσοῦτον
1600 1156 1818 1226 κρύδειν

295 1253 506 1315 ἑαυτὸν,
555 1250 691 1303 ὥστε
735 1249 1007 1311 παντελῶς
1035 1247 1336 1313 λανθάνειν,
1375 1247 1561 1317 ὥσπερ
1604 1247 1728 1309 τοὺς
1762 1248 1820 1301 ὲν

293 1339 596 1411 εὐφροσύνῃ
624 1336 1019 1408 ἀλειφομένους.

374 1429 436 1481 '0
456 1430 699 1495 λύχνος,
722 1426 825 1479 τοῦ
846 1425 1108 1493 σώματός
1132 1424 1298 1480 ἐστιν
1325 1428 1357 1479 ό
1385 1424 1819 1493 ὀφθαλμὸς,’καὶ

293 1516 363 1567 τὰ
390 1516 533 1582 ἑξῆς.
572 1516 634 1565 ὐ
684 1513 829 1579 λέγει
874 1510 1109 1563 τοιοῦτόν
1134 1513 1297 1573 ἐστιν,
1340 1514 1420 1564 ὅτι
1448 1514 1578 1579 ὅπερ
1616 1512 1759 1561 ἐστὶν
1791 1512 1819 1563 ὁ

293 1602 566 1672 ὀφθαλμὸς
594 1602 670 1672 τῷ
692 1603 917 1669 σώματι,
948 1600 1100 1652 τοῦτο
1125 1602 1152 1651 ὁ
1184 1599 1303 1661 νοῦς
1334 1602 1399 1672 τῇ
1429 1600 1570 1669 ψυχῇ
1589 1618 1602 1631 ·
1635 1600 1817 1668 ὥσπερ

292 1689 387 1745 οὖν
414 1692 562 1744 οὐδὲν
583 1691 768 1761 ὖφγελος
797 1690 873 1760 τῷ
903 1689 1107 1757 σώματι
1143 1688 1219 1757 τῷ
1244 1688 1316 1757 μὴ
1354 1689 1619 1755 βλέποντι,
1650 1689 1818 1747 οὕτως

292 1778 370 1848 τῷ
396 1755 755 1849 ἑσκοτισμένῳ
786 1755 882 1849 τήν
909 1755 1138 1830 διάνοιαν
1166 1755 1542 1828 ἐπιτεθόλωται
1579 1772 1817 1845 ὴὲντεῦ-
1848 1755 1887 1808 Β

293 1868 385 1921 θεν
414 1871 559 1920 πᾶσα
591 1867 725 1935 ζωή.

362 1954 485 2014 Πῶς
515 1952 726 2019 νοητέον
752 1952 831 2013 τὸ,
887 1951 1083 2015 Οὐδείς
1130 1950 1372 2004 δύναται
1420 1949 1559 2003 δυσὶ
1595 1948 1816 2016 κυρίοις

290 2036 638 2098 δοινλεύειν;
684 2035 785 2088 Δύο
814 2037 934 2098 τοὺς
971 2036 1183 2088 ἐναντία
1229 2037 1603 2097 ἐπιτάττοντας
1642 2035 1812 2101 λέγει·

292 2124 360 2176 ἂν
393 2124 497 2191 γάρ
526 2125 597 2191 μὴ
618 2123 769 2174 τοῦτο
796 2124 899 2189 εἴη,
930 2124 1046 2174 οὐδὲ
1077 2123 1167 2174 δύο
1212 2124 1275 2175 ἂν
1311 2120 1436 2187 εἷεν,
1466 2123 1576 2173 ἀλλ’
1605 2117 1715 2183 εἷς·
1742 2123 1817 2183 ὡς

288 2214 371 2277 τὸ,
401 2213 507 2266 Καὶ
535 2213 640 2279 γὰρ
666 2212 770 2264 τοῦ
816 2212 1080 2279 πλήθους
1108 2210 1224 2263 τῶν
1263 2211 1704 2263 πιστευσάντων
1739 2206 1818 2278 ἦν

290 2303 332 2368 ἡ
372 2301 539 2368 ψυχὴ
573 2301 696 2366 μία-

363 2389 611 2456 Μαμωνᾶ
639 2388 726 2439 τὸν
760 2386 981 2439 πλοῦτον
1009 2386 1172 2455 λέγει,
1204 2386 1313 2439 ἀλλ’
1346 2387 1405 2439 οὐ
1431 2387 1518 2439 τὸν
1553 2386 1813 2450 διάϐολον,

268 2478 373 2539 ,ὥς
405 2479 453 2528 οἱ
488 2476 666 2528 πολλοὶ
694 2476 956 2541 λέγουσιν.
1248 2542 1250 2546 τ
1490 2460 1495 2463 ’

363 2566 460 2632 Μὴ
504 2563 900 2632 μεριμνήσητε
944 2561 1018 2629 τῇ
1056 2561 1224 2630 ψυχῇ
1264 2561 1425 2629 ὑμῶν
1468 2563 1523 2615 τι
1561 2561 1815 2630 φάγητν

290 2657 433 2711 κατὰ
459 2656 550 2723 τὴν
579 2652 758 2721 κοινὴν
790 2651 1069 2720 συνήθειαν
1103 2653 1246 2719 λέγει
1276 2654 1367 2704 καὶ
1395 2652 1460 2703 τὰ
1488 2652 1653 2703 πολλά
1680 2649 1818 2719 βρώ-

293 2760 472 2813 ματα·
518 2741 685 2794 ταῦτα
734 2741 837 2811 γάρ
892 2739 1025 2810 μετά
1063 2742 1359 2810 μερίμνηςο
1395 2742 1426 2811 ἢ
1471 2742 1608 2793 κατὰ
1643 2739 1816 2808 ψυχὴν

291 2832 441 2899 λέγει
477 2832 548 2899 μὴ
577 2828 793 2882 τοιαῦτα
834 2829 1131 2896 φροντίζειν
1153 2844 1166 2859 ·
1216 2829 1351 2881 ὥστε
1381 2830 1515 2881 κατὰ
1542 2828 1817 2879 διάστασιν

289 2919 682 2985 ἀναγνωστέον,
709 2918 755 2968 εί
786 2916 953 2979 οὕτως
987 2920 1122 2967 νοεῖν
1154 2917 1394 2986 θέλοιμεν
1414 2934 1427 2947 ⁸
1455 2918 1545 2970 καὶ
1569 2914 1817 2984 στίξομεν

288 3013 373 3074 εἰς
401 3010 494 3079 τὴν
524 3007 697 3076 ψυχὴν
717 3046 733 3073 ,
760 3001 875 3058 εἶτα
904 3006 1195 3075 ἀρξόμεθα.

371 3188 733 3258 Ἐμόλέψατε
752 3187 838 3252 εις
862 3185 931 3239 τὰ
959 3184 1191 3239 πετεινὰ
1206 3184 1309 3239 τοῦ
1330 3185 1604 3253 οὐρανοῦ,
1626 3185 1714 3239 ὅτι
1739 3188 1809 3241 οὐ

286 3268 639 3347 σπείρουσιό
676 3276 831 3329 τοῦτο
863 3276 918 3329 δὲ
956 3275 1100 3343 λέγει
1128 3276 1225 3343 οὐχ
1265 3275 1349 3327 ἵνα
1380 3274 1452 3346 μὴ
1483 3276 1807 3344 σπείρωμεν,

284 3371 406 3426 ἀλλ’
432 3371 515 3421 ἵνα
546 3368 619 3438 μὴ
654 3367 1080 3437 μικροψυχῶμεν.

363 3461 479 3511 Ἵνα
512 3459 638 3527 εἴπῃ
658 3458 736 3508 ὅτι
764 3455 899 3524 ήὲπ’
936 3456 1099 3524 αὐτῆς
1128 3454 1371 3525 ἐργασία,
1406 3457 1604 3524 μυρίων
1634 3457 1811 3510 κόπων

284 3551 387 3600 καὶ
444 3547 618 3598 πόνων
687 3546 917 3614 ὑπάρχει
976 3544 1245 3612 πρόξενος.
1313 3546 1419 3596 Καὶ
1482 3546 1686 3608 ἄλλωςο
1742 3547 1808 3599 Τὸ

281 3637 538 3701 ἀρκετὸν
584 3635 656 3701 τῇ
713 3635 893 3701 ἡμέρᾳ
927 3634 963 3699 ἡ
1006 3636 1179 3685 κακία
1241 3632 1464 3700 αὐτῆς,
1528 3635 1587 3685 οὐ
1645 3650 1810 3699 πονη-

287 3727 414 3793 ρίαν
446 3724 651 3793 ήμέρας
682 3724 845 3790 λέγει,
870 3724 1001 3775 ἀλλὰ
1028 3724 1119 3774 τὸν
1145 3723 1298 3774 πόνον
1328 3724 1417 3774 καὶ
1444 3722 1537 3790 τὴν
1564 3723 1809 3792 φροντίδα

283 3809 468 3878 ἡμῶν

865 3932 1105 3983 ΚΕΦΑΛ.
1156 3932 1227 3983 Z'.

355 4056 481 4117 Πῶς
510 4053 724 4123 νοητέον
752 4051 833 4114 τὸ,
866 4050 960 4119 Μὴ
1007 4051 1253 4117 κρίνετε,
1302 4051 1400 4102 ἵνα
1422 4050 1503 4119 μὴ
1530 4049 1805 4117 κριθῆτε;

282 4146 461 4198 Τοῦτο
484 4144 651 4210 λέγει,
680 4142 764 4194 ἵνα
805 4141 877 4211 μὴ
904 4143 931 4193 ὁ
961 4141 1166 4209 μυρίων
1206 4139 1385 4208 γέμων
1437 4141 1637 4203 κακῶν,
1670 4142 1806 4207 ὑπὲρ

284 4235 501 4307 μικρῶν
528 4250 681 4285 τινων
703 4230 979 4301 ἁμαρτιῶν
1022 4230 1173 4282 ἄλλον
1208 4230 1468 4301 ὀνειδίζῃθ
1495 4232 1573 4283 διὸ
1594 4232 1685 4282 καὶ
1706 4233 1803 4282 ἑπ-

280 4328 465 4396 ήγαγε
494 4322 619 4394 περὶ
651 4320 747 4374 τοῦ
775 4322 1033 4390 κάρφους.

356 4498 423 4549 Τί
454 4494 700 4557 βλέπεις
724 4493 788 4546 τὸ
820 4492 1039 4564 κάρφος
1071 4493 1134 4545 τὸ
1163 4494 1223 4546 ἐν
1262 4492 1340 4557 τῷ
1378 4494 1653 4563 ὀφθαλμῷ
1701 4511 1806 4549 του

276 4578 549 4647 ἀδελφοῦ
576 4593 690 4630 σου
710 4594 728 4641 ;
748 4579 840 4630 καὶ
862 4582 928 4631 τά
950 4578 1093 4646 ἑξῆς.
1123 4578 1307 4630 Πολλοὶ
1326 4580 1379 4631 δὲ
1404 4580 1554 4631 τοῦτο
1580 4581 1807 4632 ποιοῦσιο

276 4673 379 4724 καὶ
418 4670 508 4719 ἐὰν
542 4666 689 4718 rem:
738 4667 927 4735 μικρὸν
977 4670 1231 4736 πταῖσμα,
1270 4669 1466 4729 εὐθέως
1513 4671 1803 4738 ἐλέγχουσι,

275 4760 349 4811 τὰ
398 4757 621 4824 μέγιστα
667 4754 817 4806 αὐτοὶ
846 4755 1054 4823 ἔχοντες
1095 4758 1425 4824 πταίσματα.
1464 4758 1804 4825 Διορθοῦσθαι

275 4846 377 4899 οὖν
430 4843 553 4911 χρὴ,
588 4842 718 4893 ἀλλά
753 4842 826 4910 μὴ
874 4843 946 4903 ῶς
989 4842 1270 4911 πολεμίους
1324 4845 1587 4913 ἐλέγχειν,
1630 4849 1721 4898 καὶ
1748 4848 1804 4899 ὲν

275 4935 399 4992 τοῖς
452 4930 648 4995 ἑτέρων
698 4928 1076 4997 ἁμαρτήμασιν
1137 4930 1398 4998 ὑπάρχειν
1472 4932 1661 5000 πικρὸν
1711 4932 1804 4984 καὶ

275 5018 599 5085 ὑποκριτήν.

347 5107 451 5174 Μὴ
481 5105 622 5156 δῶτε
647 5104 713 5156 τὸ
743 5103 908 5170 ἄγνον
932 5105 1054 5170 τοῖς
1069 5108 1233 5173 κυσὶ,
1263 5112 1351 5159 καὶ
1369 5110 1436 5161 τὰ
1454 5109 1595 5177 ἑξῆς.
1625 5110 1803 5172 Κύνας

269 5199 408 5257 τοὺς
436 5196 494 5245 ἐν
527 5190 741 5258 ἀσεϐείᾳ
768 5190 973 5253 ζῶντάς
1002 5209 1130 5260 φησι
1149 5209 1163 5224 ·
1196 5194 1270 5263 μὴ
1294 5197 1621 5264 μεταδιδόναι
1644 5197 1800 5263 λόγου

270 5282 556 5343 εὐσεϐείας
588 5280 750 5345 λέγει.

345 5376 532 5443 Χοϊροι
564 5374 611 5423 οἱ
648 5372 703 5423 ἐν
734 5370 806 5437 τῷ
837 5371 932 5438 τῆς
964 5370 1229 5439 ἁμαρτίας
1283 5373 1520 5443 βορϐόρῳ
1562 5376 1801 5442 ὲγκυλιό-

271 5484 454 5540 μενοι.
767 5483 772 5487 ·

342 5557 421 5611 Τὸ
450 5556 530 5619 δὲ,
563 5555 689 5610 Ἵνα
710 5552 788 5620 μὴ
816 5551 1169 5619 στραφέντες
1194 5555 1457 5620 ῥήξωσιν
1488 5555 1655 5623 ὑμᾶς,
1682 5542 1798 5611 ἀντὶ

1914 540 2121 596 Christi
2170 556 2365 611 corpus
2410 543 2736 612 intelligunt,
2788 554 2847 597 ut
2894 546 3206 598 substantia:
3250 558 3441 601 nostra:

1911 628 2293 685 coadunalum.

1981 718 2140 771 Vens.
2177 719 2259 771 15.
2289 717 2367 772 Ne
2390 734 2481 771 nos
2510 719 2727 773 inducas
2768 722 2822 775 in
2850 725 3205 787 tentationem,
3232 723 3440 791 precari

1913 805 2089 867 docet,
2125 820 2189 858 ne
2220 807 2427 859 irruant
2478 807 2532 859 i-n
2584 822 2702 873 nos,
2734 810 2825 864 sed
2883 820 3190 865 avertantur
3242 812 3440 879 praelia,

1917 896 2416 961 supervenientibus
2459 908 2634 949 autem
2667 906 2726 950 ut
2756 899 3102 965 resistamus;
3141 900 3318 969 itaque
3346 916 3443 954 nec

1916 997 2053 1035 vane
2079 984 2293 1050 gloriosi
2324 1000 2419 1039 ncc
2451 987 2704 1039 socordes
2735 985 3090 1042 inveniamur.

1990 1069 2150 1123 Vens.
2182 1072 2266 1125 i7.
2301 1072 2467 1143 illud,
2494 1072 2703 1126 Facient
2737 1082 2879 1126 tuam
2912 1091 3063 1143 unge,
3108 1090 3212 1128 non
3241 1090 3440 1144 prmcc-

1917 1165 2063 1225 ptum
2095 1168 2176 1212 est
2212 1161 2463 1227 ungendi,
2492 1162 2581 1214 sed
2611 1162 2913 1215 occultandi
2951 1178 3009 1216 se
3045 1163 3138 1215 tali
3174 1164 3353 1229 modo,
3382 1172 3443 1218 ιιι

1917 1246 2141 1299 omnino
2172 1247 2390 1312 lateant,
2417 1258 2667 1317 tauquam
2699 1248 2752 1302 in
2787 1249 2977 1317 gaudio
3012 1250 3173 1304 uncti.

1986 1419 2262 1474 Vsas.‘22.
2300 1418 2534 1473 Lucerna
2582 1423 2807 1489 carparis
2845 1432 2922 1476 est
2975 1422 3172 1489 oculus,
3221 1432 3273 1477 et
3322 1439 3441 1493 quas

1919 1518 2236 1576 sequuntur.
2280 1509 2431 1573 Quod
2474 1511 2621 1571 dicit,
2662 1512 2765 1565 tale
2786 1520 2867 1565 est
2904 1528 2917 1564 :
2960 1511 3107 1577 Quod
3140 1512 3324 1565 oculus
3359 1522 3439 1566 est

1917 1598 2149 1663 corpori,
2181 1597 2309 1649 illud
2349 1607 2430 1650 est
2455 1598 2651 1650 animas
2690 1613 2874 1663 mens;
2905 1607 2962 1652 ut
3002 1613 3128 1666 ergo
3159 1599 3290 1651 nihil
3317 1614 3443 1667 pro-

1917 1685 2031 1737 dest
2062 1700 2254 1752 corpus
2283 1684 2400 1738 visu
2425 1700 2632 1749 carens,
2667 1686 2739 1739 ita
2768 1687 2855 1755 qui
2878 1687 3257 1740 conscientiam
3288 1686 3444 1739 liabet

1917 1773 2152 1826 tenebris
2213 1773 2526 1839 involutam,
2584 1774 2728 1827 illius
2786 1774 2909 1828 inde
2963 1775 3138 1827 omnis
3176 1774 3282 1825 vita
3325 1788 3445 1827 cor-

1915 1863 2208 1929 rumpitur.

1991 1949 2153 2004 Vens.
2191 1949 2280 2003 24.
2313 1947 2594 2014 Quomodo
2637 1949 3052 2016 intelligendum,
3086 1948 3249 2003 Nemo
3280 1959 3444 2017 potest

1915 2039 2111 2092 duobus
2162 2039 2388 2091 dominis
2427 2039 2654 2091 servire?
2691 2038 2829 2089 Duos
2880 2039 3148 2089 contraria
3194 2039 3442 2105 jubentes

1914 2130 2077 2193 dicit;
2112 2129 2153 2182 si
2188 2127 2403 2180 enimid
2443 2141 2545 2178 non
2581 2126 2928 2196 contingeret,
2960 2139 3066 2176 non
3105 2126 3210 2177 duo
3234 2136 3437 2188 essent,

1914 2219 2006 2273 sed
2059 2232 2244 2270 unus:
2282 2227 2338 2269 ut
2387 2218 2438 2267 in
2486 2216 2589 2268 isto
2645 2216 2796 2278 loco,
2826 2212 3027 2266 Etenim
3080 2213 3430 2267 multitudinis

1914 2305 2226 2357 credentium
2258 2314 2366 2356 erat
2398 2303 2570 2355 aninta
2601 2320 2726 2355 una.

1982 2393 2283 2445 Mummona
2328 2392 2540 2445 divitias
2594 2402 2769 2458 sonat,
2809 2401 2861 2446 et
2898 2408 3001 2445 non
3045 2391 3339 2457 diabolum,
3384 2402 3439 2443 ut

1914 2478 2065 2532 multi
2096 2479 2301 2533 dicunt.

1985 2566 2144 2621 Vens.
2176 2568 2265 2623 25.
2318 2567 2398 2621 Ne
2431 2568 2644 2622 solliciti
2689 2570 2801 2623 sitis
2852 2569 3039 2621 anith
3088 2576 3267 2620 vestra
3315 2569 3440 2637 quid

1915 2659 2256 2713 manducetis.
2289 2658 2441 2713 Circa
2473 2673 2809 2711 communem
2834 2658 3275 2711 consuetudinem
3308 2658 3439 2710 dicit

1913 2754 1966 2797 et
2007 2748 2170 2798 multa
2220 2746 2504 2810 alimenta;
2559 2748 2671 2800 haec
2717 2748 2859 2800 enim
2897 2761 3017 2800 cum
3080 2747 3439 2798 sollicitudine

1916 2843 2073 2896 sunt;
2099 2842 2189 2886 aut
2222 2835 2362 2887 circa
2402 2835 2633 2887 animam
2666 2850 2768 2886 non
2799 2835 2861 2887 de
2889 2834 3084 2887 talibus
3111 2847 3337 2895 curare;
3367 2834 3436 2884 ita

1916 2933 1975 2975 ut
2004 2923 2298 2991 separando
2346 2924 2621 2991 legendum
2657 2926 2745 2987 sit,
2778 2922 2820 2976 si
2863 2923 2931 2975 ita
2965 2922 3257 2988 intelligere
3286 2924 3438 2971 volu-

1840 3034 1883 3090 ο
1919 3027 2057 3074 tuus,
2086 3019 2135 3063 et
2164 3020 2417 3079 punctum
2446 3011 2496 3062 in
2532 3012 2761 3063 animam
2786 3010 3055 3078 ponimus,
3090 3008 3283 3091 deinde
3310 3007 3437 3060 inci-
3479 3024 3481 3027 ‘

1915 3114 2111 3168 pimus.

1992 3188 2147 3242 Vens.
2182 3186 2271 3241 9.6.
2298 3187 2548 3254 Respicite
2599 3186 2834 3241 volatilia
2880 3186 3013 3249 cwli,
3063 3185 3305 3255 quoniam
3335 3200 3437 3237 non

1912 3288 2109 3334 serunt.
2134 3278 2245 3333 Hoc
2276 3288 2447 3332 autem
2477 3280 2605 3333 dicit
2634 3293 2738 3332 non
2760 3286 2814 3331 ut
2841 3293 2944 3331 non
2975 3277 3319 3340 seminemus,
3343 3274 3437 3329 sed

1916 3383 1983 3421 ne
2013 3369 2194 3421 animo
2223 3368 2557 3421 deﬁciamus.

1992 3459 2151 3514 Vans.
2176 3460 2260 3513 34.
2280 3458 2440 3523 Quasi
2469 3458 2686 3521 diceret,
2710 3457 2761 3509 in
2786 3456 2887 3510 hac
2914 3454 3000 3509 die
3023 3468 3117 3507 sua
3145 3460 3226 3505 est
3251 3465 3437 3519 opera,

1914 3550 2155 3604 laborum
2186 3549 2469 3602 multorum
2502 3558 2554 3602 et
2578 3548 2911 3616 negotiorum
2938 3559 3116 3598 causa.
3151 3541 3213 3594 Et
3234 3542 3387 3594 aliter
3415 3556 3432 3592 :

1917 3641 2114 3709 Sit/ficit
2151 3640 2255 3691 diei
2288 3638 2490 3691 malitia
2528 3654 2647 3702 sua,
2692 3651 2807 3693 non,
2834 3634 3085 3687 malitiam
3124 3633 3229 3685 diei
3268 3632 3433 3694 audit,

1914 3730 2006 3782 sed
2032 3730 2266 3781 laborem
2302 3736 2539 3781 nostrum
2572 3733 2627 3779 et
2650 3725 3083 3779 sollicitudinem.
3138 3798 3149 3803 ἕ

2485 3917 2706 3985 CAPUT
2744 3925 2857 3981 vn.

1982 4052 2141 4107 Vsas.
2185 4052 2235 4103 l'.
2267 4048 2546 4114 Quomodo
2583 4047 2998 4115 intelligendum,
3033 4045 3151 4100 Non
3191 4046 3428 4114 judicate

1912 4154 1967 4197 ut
2008 4159 2107 4195 non
2139 4140 2493 4210 judicemini?
2526 4141 2638 4193 Hoc
2682 4138 2828 4201 dicit,
2862 4148 2919 4190 ut
2945 4138 3033 4206 qui
3069 4138 3249 4191 multis
3295 4152 3426 4190 one-

1911 4246 2062 4287 ratur
2100 4232 2292 4299 culpis.
2323 4238 2533 4298 propter
2577 4228 2717 4282 levcs
2746 4228 2998 4295 quasdam
3048 4228 3228 4295 culpas
3260 4227 3423 4280 alium

1833 4337 1879 4394 ι)
1912 4334 2016 4373 non
2082 4320 2389 4388 impugnet;
2458 4319 2575 4387 ideo
2623 4317 2964 4385 prosequitur
3006 4319 3069 4371 de
3116 4317 3319 4371 festuca
3346 4318 3424 4371 lo-

1905 4424 2140 4550 migras.
2159 4496 2211 4550 5.
2246 4494 2382 4559 Quid
2410 4495 2546 4547 vides
2570 4495 2819 4561 festucam
2851 4495 2905 4545 in
2936 4493 3081 4546 oculo
3114 4495 3292 4563 fratris
3320 4497 3394 4547 tui
3405 4494 3429 4547 τ

1907 4597 1960 4640 et
1991 4587 2210 4654 reliqua.
2263 4585 2409 4637 Multi
2443 4594 2621 4637 autem
2661 4585 2763 4636 hoc
2800 4592 2994 4651 agunt;
3040 4591 3093 4635 et
3122 4584 3165 4634 si
3198 4584 3425 4635 viderint

1905 4676 2071 4728 levem
2120 4674 2349 4739 culpam,
2404 4673 2649 4723 incusare
2696 4671 2968 4731 festinant,
3024 4669 3281 4721 maximas
3324 4672 3420 4736 ipsi

1906 4763 2090 4829 culpas
2114 4761 2385 4812 habentes.
2409 4759 2685 4825 Cori-igere
2714 4772 2837 4825 ergo
2866 4770 2963 4809 nos
2986 4765 3214 4823 oportet,
3248 4771 3419 4823 neque

1904 4861 1960 4902 ut
1990 4832 2234 4901 inimicos
2275 4849 2583 4914 impugnare
2631 4860 2801 4913 neque
2827 4845 2879 4898 in
2909 4846 3133 4898 aliorum
3185 4849 3418 4912 peccatis

1898 4935 2121 4990 acerbos
2158 4949 2275 4987 esse
2300 4942 2349 4986 et
2376 4932 2695 5001 bypocritas.

1972 5119 2130 5173 Vens.
2162 5116 2211 5168 6.
2245 5115 2420 5168 Nolite
2450 5117 2575 5169 dare
2623 5128 2856 5170 sanctum
2894 5120 3143 5181 canibus;
3195 5130 3249 5173 et
3291 5120 3418 5172 reli-

1897 5225 2024 5280 qua.
2048 5206 2219 5260 Canes
2250 5204 2339 5272 qui
2381 5205 2432 5257 in
2480 5205 2749 5273 impietate
2782 5206 2979 5274 degunt
3024 5214 3195 5275 vet-at,
3235 5208 3416 5259 docet-

1897 5313 2003 5368 que
2032 5311 2137 5348 non
2168 5294 2251 5347 bis
2280 5294 2523 5346 tradatur
2553 5296 2693 5346 verbi
2734 5296 2937 5362 religio.

1968 5384 2118 5439 Porci
2154 5389 2297 5453 sunt,
2329 5382 2418 5449 qui
2454 5383 2505 5433 in
2542 5384 2739 5450 peccati
2775 5382 3048 5434 volutabra
3077 5390 3409 5449 merguntur.

1963 5559 2093 5614 Illud
2130 5564 2327 5619 autem,
2366 5554 2441 5607 Nc
2479 5559 2705 5609 cont-arsi
2737 5557 3031 5620 dirumpunt
3064 5572 3171 5618 vos,
3200 5556 3429 5616 ponitur.
