4138 6342
709 319 845 385 1095

1403 319 1785 379 OPUSCULA
1824 315 2443 377 SCRIPTURISTICA
2479 316 2818 374 INCERTJ‘I
2855 316 3150 376 lETATIS.

3737 315 3872 378 1096

702 446 820 498 pro.
851 429 926 484 Ne
959 431 1188 500 primum
1224 428 1556 492 simulantes,
1589 428 1779 482 deinde
1799 440 1897 480 vos
1922 434 1975 480 et
2005 434 2236 480 vestram
2268 433 2311 487 Α

2268 433 2311 487 Α
2340 423 2451 487 τοῦ,
2493 426 2604 477 Ἵνα
2638 426 2710 494 μὴ
2759 427 3017 493 πρότερον
3056 423 3458 492 ὑποκριθέντες,
3506 425 3726 496 ὕστερον
3777 428 3875 478 καὶ

698 521 996 574 doctrinam
1029 521 1316 572 invideant.

774 606 934 660 Vsus.
969 608 1016 658 ’1.
1049 606 1157 660 Cur
1189 614 1427 673 petentes
1451 617 1558 657 non
1587 603 1903 670 accipimus,
1929 611 1980 655 et
2003 616 2235 670 praiser-

703 697 794 748 tin:
847 697 1056 762 quando
1107 694 1400 762 spiritualia
1459 693 1728 761 petimus?
1782 692 1917 755 Quia
1968 706 2073 744 non
2109 705 2232 744 cum

703 786 863 836 multa
899 786 942 836 vi
974 785 1232 851 pulsasti;
1269 790 1363 836 aut
1425 782 1644 835 omnino
1684 782 1932 850 indignus
1962 795 2020 833 es
2047 794 2233 832 eorum

699 887 817 940 quze
855 873 1074 940 petiisti,
1108 881 1202 925 aut
1229 870 1370 939 quod
1400 872 1646 924 celeriter
1673 877 1851 938 petere
1882 867 2127 922 cessasti.

776 958 930 1012 Vnus.
990 963 1077 1013 Η.
1116 959 1393 1024 Quomodo
1449 971 1730 1027 angustam
1783 966 1987 1025 portant
2043 964 2096 1008 et
2150 969 2237 1007 ar-

698 1060 835 1102 ctam
888 1059 1062 1112 vocat,
1098 1063 1222 1102 cum
1269 1048 1321 1102 in
1373 1049 1478 1101 alio
1501 1048 1619 1101 loco
1652 1049 1796 1100 dicat
1837 1046 2023 1113 jugnm
2078 1057 2235 1095 suum

697 1152 858 1189 suave
894 1144 947 1190 et
994 1151 1131 1190 onus
1186 1138 1332 1191 leve?
1379 1137 1670 1205 Gregorius
1718 1136 1866 1204 prius
1915 1136 1980 1189 de
2033 1135 2238 1200 labore,

699 1225 960 1290 pesterius
989 1225 1056 1278 de
1083 1239 1178 1292 spe
1207 1225 1610 1293 interpretatur.
1650 1224 1883 1278 Joannes
1913 1234 2090 1277 autem
2152 1238 2239 1276 so-

700 1313 845 1364 brio-.2
874 1328 971 1366 nos
1003 1329 1119 1366 esse
1140 1313 1294 1380 jubet
1325 1323 1377 1366 et
1407 1314 1612 1381 vigiles,
1648 1322 1701 1366 et
1730 1315 1927 1366 excitat
1957 1316 2240 1381 cogitatio-

700 1417 795 1454 nes
825 1411 1056 1464 nostras,
1097 1417 1163 1454 ne
1199 1411 1447 1468 tauquam
1483 1401 1695 1453 facilem
1734 1416 2103 1468 aspernemur,
2144 1403 2238 1456 sed

703 1501 957 1558 tanquam
998 1501 1274 1557 angustam
1305 1493 1529 1544 viriliter
1568 1493 1960 1558 aggrediamur.

771 1577 934 1630 Vtilis.
955 1580 1042 1629 2L
1068 1578 1185 1630 Non
1213 1581 1376 1630 omnis
1405 1580 1490 1645 qui
1513 1579 1638 1629 dicit
1681 1580 1824 1643 mihi,
1861 1578 2098 1638 Domine,
2133 1579 2238 1630 Do-

705 1668 860 1724 mine.
911 1667 1126 1717 intrabit
1169 1668 1222 1718 in
1254 1683 1463 1734 regnum
1521 1668 1786 1729 calorum,
1843 1670 1930 1720 sed
1973 1670 2059 1735 qui
2111 1669 2237 1734 facit

2337 515 2477 582 ὑμᾶς
2511 517 2598 567 καὶ.
2629 514 2725 584 τὴν
2755 515 2968 584 διδαχὴν
2998 515 3417 584 κωμῳδήσωσιν.

2402 605 2498 654 Διά
2528 603 2578 653 τί
2606 605 2874 666 αἰτοῦντες
2894 606 2953 656 οὐ
2981 605 3320 672 λαμϐάνομεν
3346 644 3361 667 ,
3384 603 3475 656 καὶ
3495 605 3723 673 μάλιστα
3744 605 3874 657 ὅταν

2335 689 2674 756 πνευματικά
2703 691 2937 758 αἰτῶμεν
2964 707 2976 752 ς
3007 691 3127 742 Ὅτι
3155 690 3381 758 οὐμετά
3416 690 3646 753 σπουδῆς
3671 690 3871 757 πολλῆς

2335 778 2614 846 ἔκρουστις·
2636 779 2667 846 ἦ
2688 780 2898 841 πάντως
2923 779 3137 843 ἀνάξιος
3156 780 3228 832 ῶν
3250 780 3473 850 ﬁtquc,
3500 779 3531 848 ἢ
3559 781 3638 832 δτι
3661 781 3874 850 ταχέως

2335 867 2572 934 ἀπέστης
2609 870 2941 938 αἰτούμενος.
3724 929 3733 937 ,

2405 955 2522 1016 Πῶς
2557 958 2742 1025 στενὴν
2767 958 2862 1027 τὴν
2887 955 3057 1026 πύλην
3083 957 3172 1012 καὶ
3196 958 3555 1027 τεθλιμμένην
3581 956 3781 1022 καλῶν,
3811 957 3871 1008 ἐν

2334 1046 2473 1115 ἄλλῳ
2505 1047 2648 1113 λέγει
2680 1048 2769 1099 τὸν
2791 1049 2949 1115 ζυγὸν
2986 1048 3147 1101 αὑτοῦ
3177 1051 3404 1118 χρηστὸν
3440 1048 3532 1100 καὶ
3564 1047 3624 1100 τδ
3652 1049 3873 1117 φορτίον

2335 1135 2596 1202 ὶλαφρόν;
2634 1137 2691 1188 ’0
2723 1139 2819 1206 μὲν
2845 1139 3138 1207 Γρηγόριος
3165 1138 3223 1190 τὸ
3252 1139 3350 1208 μὲν
3375 1138 3461 1191 διά
3485 1139 3573 1191 τὸν
3603 1139 3781 1198 πόνον,
3809 1138 3872 1188 τὸ

2334 1223 2388 1274 δὲ
2423 1224 2506 1275 διὰ
2535 1224 2631 1292 τὴν
2671 1226 2856 1277 ἐλπίδα
2885 1223 3056 1279 εἶπεν.
3095 1227 3344 1296 Ἰωάννης
3367 1227 3453 1289 δὲ,
3487 1229 3675 1295 νήφειν
3722 1229 3874 1296 ἡμᾶς

2337 1312 2761 1378 παρασκευάζων
2785 1314 2875 1364 καὶ
2899 1315 3269 1383 ἐγρηγορέναι,
3301 1314 3393 1366 καὶ
3417 1314 3693 1382 διεγείρων
3713 1314 3876 1382 ἡμῶν

2334 1399 2402 1451 τά
2437 1402 2769 1468 φρονήματα,
2803 1403 2884 1453 ἵνα
2915 1403 2988 1470 μὴ
3012 1404 3086 1465 ὼς
3110 1404 3326 1456 εὑκόλον
3356 1405 3872 1473 καταφρονήσωμεν,

2336 1487 2446 1538 ἀλλ’
2481 1489 2552 1549 ὠς
2577 1491 2784 1556 στενῆς,
2808 1491 3174 1559 ἀντεχώμεθα.

2406 1577 2496 1639 Τὸ,
2537 1580 2616 1630 Οὐ
2647 1577 2760 1642 πᾶς
2807 1582 2839 1630 ό
2872 1580 3064 1647 λέγων
3087 1598 3208 1647 μοι,
3249 1581 3450 1646 Κύριε,
3490 1583 3692 1648 Κύριε,
3747 1583 3878 1634 εισ-

2337 1665 2640 1715 ελεύσεται
2667 1667 2743 1727 εὶς
2774 1665 3220 1729 τὴνβασιλείαν
3242 1665 3355 1717 τῶν
3371 1666 3656 1732 οὐρανῶν,
3681 1667 3819 1720 ἀλλ’
3841 1667 3875 1718 ό

702 1756 1016 1807 voluntatem
1093 1772 1278 1807 meam.
1351 1756 1511 1820 Quasi
1572 1757 1811 1819 diceret,
1874 1756 1988 1809 Non
2046 1741 2310 1810 snllicitB

2270 1741 2310 1796 Β
2339 1752 2522 1803 ποιῶν
2572 1752 2636 1803 τὸ
2689 1752 2911 1819 θέλημά
2961 1771 3114 1820 μου,
3171 1755 3286 1805 ἀντὶ
3342 1754 3470 1819 τοῦ,
3518 1757 3590 1806 Οὐ
3641 1757 3722 1806 δεῖ
3771 1757 3875 1823 μό-

703 1855 904 1897 tantum
939 1845 1091 1899 Iidem
1151 1846 1380 1911 habere,
1420 1845 1511 1899 sed
1537 1855 1589 1899 et
1621 1862 1782 1914 opera
1863 1847 1946 1913 pia
2000 1848 2241 1915 proferre

697 1944 924 2001 Oportet.
1980 1991 1982 1994 ,

773 2020 933 2073 Vens.
966 2020 1051 2073 22.
1115 2022 1224 2074 Etsi
1280 2022 1420 2074 enim
1474 2022 1712 2090 prodigia
1769 2023 1932 2074 multa
1991 2023 2234 2086 iecerint,

699 2109 890 2175 inquit,
929 2109 1048 2160 Non
1073 2111 1185 2161 novi
1224 2125 1332 2163 vos.
1363 2109 1445 2162 Fit
1476 2121 1650 2162 autem
1698 2111 1798 2163 hoc
1830 2125 1858 2163 a
1913 2110 2026 2163 sola
2067 2112 2235 2177 gratia

700 2197 1080 2251 benevolentiae
1127 2198 1244 2266 ejus
1293 2200 1595 2274 qui.dedit;
1652 2201 1790 2253 unde
1817 2210 1870 2252 et
1908 2200 2228 2253 condemna-

700 2286 842 2338 tione
890 2295 1011 2338 sunt
1057 2286 1222 2354 digni.
1261 2288 1570 2354 Magnnpere
1607 2290 1674 2340 ita
1710 2289 1950 2341 honorati
1981 2299 2037 2340 ut
2069 2290 2232 2342 vitam

701 2387 900 2427 rectam
933 2378 1326 2441 proﬁterentur,
1363 2379 1552 2442 ingrati
1590 2379 1710 2430 lacti
1765 2388 1968 2431 suntet
2003 2379 2228 2432 insensi-

701 2463 873 2526 biles;
939 2475 1034 2516 aut
1076 2477 1290 2533 preptcr
1334 2467 1642 2520 adeuntium
1685 2467 1836 2520 ﬁdem
1878 2467 2074 2521 factum
2115 2478 2233 2532 est;

703 2565 806 2602 non
837 2551 976 2602 enini
1015 2560 1116 2614 est,
1142 2561 1196 2605 ut
1222 2554 1310 2604 alii
1358 2555 1796 2623 interpretantur,
1830 2557 1970 2624 quod
2003 2557 2256 2623 primum-

702 2638 914 2706 quidem
939 2641 1007 2692 ob
1044 2644 1204 2693 vitam
1253 2653 1450 2696 rectam
1501 2645 1772 2698 miraculis
1827 2647 2072 2699 honorati
2116 2647 2232 2698 lue-

703 2728 829 2786 rint,
874 2739 1059 2795 postea
1091 2739 1264 2784 autem
1329 2743 1636 2800 peccatores
1689 2732 1812 2788 lacti
1847 2735 2234 2789 condemnandi

700 2825 828 2868 Sint.

1265 2941 1484 2997 CAPUT
1518 2943 1648 2996 Vl".

2340 1858 2426 1893 νον
2470 1841 2648 1894 πίστιν
2694 1843 2864 1910 ἔχειν,
2914 1843 3047 1896 ἀλλά
3093 1845 3184 1898 καὶ
3226 1843 3359 1913 ἔργα
3394 1845 3586 1912 εὐσεϐῆ
3638 1844 3881 1913 προϐάλ-

2339 1928 2542 1981 λεσθαι.

2408 2019 2524 2071 Κᾶν
2555 2019 2662 2088 γὰρ
2694 2023 2910 2088 σημεῖα,
2945 2023 3095 2090 φησὶ,
3126 2022 3291 2075 πολλὰ
3321 2022 3563 2083 ποιῶσιν,
3599 2022 3718 2072 Οὐκ
3741 2015 3877 2071 οἶδα

2336 2109 2489 2177 ὑμᾶς
2513 2126 2524 2137 ·
2557 2112 2762 2176 γίνεται
2793 2112 2848 2163 δὲ
2880 2111 3034 2164 τοῦτο
3061 2113 3167 2164 ἀπὸ
3198 2113 3415 2180 χάριτος
3453 2110 3740 2182 μόνηςτῆς
3773 2107 3872 2158 τοῦ

2334 2199 2624 2262 δεδωκότος
2669 2201 2907 2268 δωρεᾶςο
2957 2201 3076 2252 ὅθεν
3115 2200 3327 2253 καὶτοῦ
3377 2199 3692 2263 κολάζεσθαί
3729 2200 3873 2247 εἰσιν

2334 2285 2502 2350 ἄξιοι·
2546 2291 2794 2356 περιττὸν
2849 2289 3016 2353 οὕτως
3061 2290 3376 2360 τῳηθέντες
3427 2291 3510 2341 ἵνα
3562 2289 3673 2357 βίον
3711 2286 3875 2356 ὀρθὸν

2335 2376 2720 2440 ἐπιδείξωνται,
2758 2378 3064 2446 ἀγνώμονες
3094 2366 3374 2445 γεγόνασιν
3408 2378 3500 2430 καὶ
3533 2375 3871 2443 ἀναίσθητον

2335 2465 2368 2534 ἢ
2401 2466 2488 2518 διὰ
2531 2467 2626 2534 τὴν
2659 2458 2776 2518 ’τῶν
2808 2468 3248 2537 προσερχομένων
3286 2467 3464 2519 πίστιν
3489 2481 3504 2496 ⁸
3533 2466 3592 2518 οὐ
3632 2465 3763 2531 γὰρ,
3791 2461 3876 2524 ὡς

2335 2552 2510 2621 ἕτεροι
2559 2555 2842 2617 ὑπέλαϐον,
2878 2557 3049 2619 ἔστιν,
3081 2558 3161 2608 ὃτι
3200 2556 3459 2625 πρότερον
3494 2553 3592 2623 μὲν
3617 2554 3684 2606 δι’
3711 2553 3877 2622 ὀρθὸν

2338 2640 2448 2708 βίον
2501 2643 3047 2714 ὲθαυματούργησαν,
3105 2645 3325 2716 ὓστερον
3355 2645 3412 2697 δὲ
3455 2644 3878 2714 ἀμαρτήσωηις

2335 2731 2838 2800 κατακριθήσονται.

2909 2946 3150 2999 ΚΕΦΑΛ.
3212 2948 3290 3001 [ι’.

769 3057 930 3112 Vens.
981 3061 1034 3114 3.
1079 3062 1244 3130 Cujus
1291 3066 1366 3118 rei
1419 3081 1581 3119 causa
1639 3067 1905 3135 leprosum
1964 3056 2303 3125 mundansC

2262 3056 2303 3110 (ἶ
2405 3070 2560 3130 Τίνος
2605 3070 2760 3139 χάριν
2795 3071 3064 3140 καθαίρων
3109 3070 3198 3124 τὸν
3241 3070 3437 3141 λεπρδν
3464 3071 3604 3141 λόγῳ
3630 3071 3871 3139 ἐπέθηκε

701 3149 862 3200 verbo
900 3166 1114 3204 manum
1146 3156 1383 3208 extendit
1410 3157 1432 3207 ?
1464 3157 1531 3209 Ut
1577 3158 1882 3213 ostenderet
1907 3175 1964 3213 se
1994 3177 2098 3212 non
2135 3163 2232 3228 legi

703 3238 947 3298 subesse,
985 3241 1074 3291 sed
1096 3256 1342 3307 praeesse,
1370 3255 1422 3296 et
1452 3246 1583 3297 nihil
1629 3262 1762 3312 puro
1797 3247 2064 3315 impurum
2091 3265 2232 3302 che.

701 3323 781 3376 Ob
814 3325 911 3378 hoc
947 3328 1167 3380 Eliszeus
1209 3329 1445 3383 Naaman
1479 3348 1582 3385 non
1631 3335 1781 3397 vidit,
1840 3351 2060 3391 servans
2108 3339 2236 3407 legis

709 3414 962 3478 rigorem,
993 3414 1147 3481 cujus
1173 3431 1360 3473 servus
1388 3430 1526 3483 erat,
1551 3436 1657 3474 non
1685 3423 1959 3479 dominus.

776 3587 942 3642 Vens.
975 3592 1027 3644 4.
1062 3591 1338 3656 Quomodo
1389 3596 1474 3650 hic
1516 3597 1708 3666 jubens
1752 3609 1808 3655 ut
1860 3603 2054 3657 nemini
2094 3607 2236 3660 dii-at

705 3682 1047 3741 miraculum,
1087 3683 1220 3737 alias
1261 3693 1319 3738 ut
1352 3687 1531 3740 dicant
1573 3689 1762 3756 jubet?
1793 3690 1887 3744 llic
1925 3694 2136 3754 quidem
2179 3707 2234 3749 ut

2335 3159 2430 3226 τὴν
2464 3161 2648 3226 χεῖρα;
2686 3161 2800 3212 ’Ὶνα
2831 3161 2975 3230 δείξῃ
3003 3163 3081 3212 ὄτι
3109 3162 3202 3228 οὐχ
3244 3160 3519 3213 ὑπόκειται
3554 3162 3721 3230 νόμῳ,
3745 3158 3872 3216 ἀλλ’

2337 3249 2623 3308 ἐπίκειται,
2657 3248 2749 3300 καὶ
2780 3250 2860 3298 ὅτι
2884 3249 2957 3313 τῷ
2985 3247 3201 3315 καθαρῷ
3234 3247 3380 3298 οὐδὲν
3419 3248 3716 3316 ἀκάθαρτον
3738 3265 3752 3277 ·
3776 3248 3874 3300 διὰ

2336 3337 2489 3387 τοῦτο
2554 3337 2849 3397 Ἐλισσαῖος
2903 3337 3018 3386 οὐδὲ
3068 3336 3209 3404 ἑώρα
3258 3335 3345 3386 τὸν
3382 3335 3635 3402 Νεεμάν,
3680 3336 3873 3401 τηρῶν

2336 3424 2426 3474 τοῦ
2480 3425 2639 3492 νόμον
2675 3426 2772 3492 τὴν
2821 3424 3121 3492 ἀκρίϐειαν,
3171 3424 3249 3475 δτι
3283 3423 3461 3486 δοῦλος
3510 3420 3599 3491 ἦν,
3639 3425 3752 3476 ἀλλ’
3801 3427 3871 3476 οὑ

2336 3509 2616 3577 δεσπότης.

2407 3601 2527 3662 Πῶς
2558 3595 2656 3652 ὧδε
2686 3599 2916 3653 κελεύων
2950 3599 3133 3668 μηδενὶ
3181 3601 3349 3652 εἰπεῖν
3377 3599 3436 3651 τδ
3473 3600 3672 3669 θαῦμα,
3701 3600 3875 3654 ἀλλα-

2335 3689 2430 3758 χοῦ
2481 3691 2688 3742 κελεύει
2737 3692 2941 3755 είπεῖν;
2985 3685 3107 3743 ⁷Ωδε
3163 3691 3258 3759 μὲν
3294 3690 3380 3742 διὰ
3412 3691 3471 3741 τὸ
3517 3693 3874 3760 ἀκόμπαστον

704 3771 830 3820 vitet
858 3769 1204 3834 jactationem
1232 3782 1284 3826 et
1324 3791 1512 3828 vanam
1542 3778 1762 3847 gloriam
1789 3799 1802 3844 ;
1836 3780 1943 3834 illic
1971 3791 2144 3836 autem
2177 3795 2233 3838 ut
2333 3797 2338 3830 1

2333 3781 2425 3831 καὶ
2461 3779 2797 3843 ἀκενόδοξον,
2847 3781 2961 3832 ἐκεῖ
2993 3780 3047 3830 δὲ
3093 3779 3177 3830 διὰ
3218 3779 3275 3831 τὸ
3318 3779 3661 3848 εὐγνώμονας
3715 3781 3873 3848 ἡμᾶς

706 3874 800 3909 nos
832 3868 1010 3925 gratos
1040 3860 1203 3914 iaciat
1235 3865 1474 3925 videntes
1503 3879 1551 3921 et
1588 3878 1826 3924 curatos.

773 3948 945 4010 Quare
988 3951 1150 4018 legem
1204 3956 1361 4009 modo
1399 3960 1700 4024 confirmat,
1735 3962 1874 4016 velut
1917 3977 2037 4015 cum
2077 3965 2229 4028 dicit,

707 4035 926 4090 Ostende
960 4051 1004 4091 te
1035 4045 1311 4109 sacerdoti,
1346 4050 1502 4100 modo
1540 4050 1715 4116 solvit,
1749 4062 1822 4114 ut,
1862 4051 2001 4106 Tolle
2038 4056 2229 4122 graba-

2331 3864 2466 3920 εἶναι
2498 3871 2619 3931 τοὺς
2647 3869 2882 3937 δρῶντας
2910 3870 2999 3921 καὶ
3028 3870 3290 3930 ίαθέντας.

2404 3959 2501 4010 Διά
2528 3959 2579 4011 τί
2609 3961 2735 4033 ποτὲ
2767 3960 2860 4026 μὲν
2895 3959 3088 4028 ἐκύρου
3116 3959 3204 4011 τὸν
3242 3960 3421 4027 νόμον,
3453 3959 3524 4020 ὡς
3552 3958 3630 4022 τὸ,
3658 3958 3874 4020 Δεῖξον

2332 4049 2543 4101 ἑαυτὸν
2571 4049 2647 4111 τῷ
2676 4049 2814 4115 lapsi
2835 4065 2847 4077 ·
2877 4049 3004 4100 ποτὲ
3055 4049 3108 4100 δὲ
3159 4050 3385 4116 ἀναιρεῖ,
3421 4049 3496 4109 ὡς
3539 4045 3719 4114 Ἀρον
3753 4049 3875 4099 τὸν

705 4135 811 4172 tum
857 4137 997 4176 tuum
1027 4138 1073 4178 et
1111 4132 1337 4193 ambula,
1382 4136 1433 4186 in
1480 4135 1708 4191 Sabbato
1747 4141 1849 4192 tale
1877 4145 2077 4209 agens?
2121 4142 2232 4197 Hoc
2331 4153 2339 4184 ⁵

2331 4137 2652 4201 κράόὄατόν
2682 4153 2794 4187 σου
2843 4135 2936 4185 καὶ
2978 4135 3295 4199 περιπάτει,
3335 4136 3390 4183 ὲν
3425 4135 3672 4202 σαϐϐάτῳ
3704 4134 3873 4185 τοῦτο

703 4209 916 4270 quidem
958 4221 1014 4261 ut
1043 4216 1224 4278 gratiae
1258 4217 1424 4282 legem
1474 4220 1811 4287 introdueat,
1849 4226 1977 4279 illud
2021 4243 2146 4282 vero
2175 4239 2232 4282 ut
2332 4239 2337 4253 ‘

2332 4223 2530 4284 ποιῶν;
2562 4222 2727 4272 Τοῦτο
2758 4222 2853 4288 μὲν
2882 4222 3133 4271 ὁδοποιῶν
3159 4221 3225 4272 τά
3249 4222 3345 4287 τῆς
3369 4222 3603 4289 χάριτος,
3630 4222 3780 4272 τοῦτο
3806 4223 3871 4274 δὲ

707 4289 1014 4345 Judmorum
1066 4310 1251 4351 contra
1279 4318 1335 4354 se
1365 4305 1640 4358 audaciam
1676 4320 1728 4360 et
1757 4309 1988 4364 furorem
2037 4315 2231 4367 identi-
2259 4352 2306 4408 υ
2333 4327 2341 4340 '

707 4381 824 4408 ΑΛ..-
858 4391 1105 4408 nun---“-

2259 4352 2306 4408 D
2333 4313 2429 4377 τὴν
2460 4311 2576 4360 κατ’
2610 4312 2770 4361 αὐτοῦ
2809 4311 2914 4360 τῶν
2976 4309 3235 4361 Ἰουδαίων
3281 4311 3481 4377 τόλμαν
3525 4313 3615 4362 καὶ
3661 4311 3870 4378 μανίαν

705 4381 824 4430 dent
858 4391 1128 4450 temperet.
2259 4381 2306 4408 "
2333 4417 2339 4430 ε

2259 4381 2306 4408 υ
2333 4402 2462 4456 τέως
2493 4399 2767 4466 κοιμίζων.

779 4467 935 4522 Vens.
965 4474 1014 4526 8.
1069 4475 1342 4542 Centurio,
1393 4484 1541 4547 quia
1592 4485 1836 4540 Matthaco
1883 4501 2228 4556 memoratur,

2224 4535 2228 4552 ,
2417 4487 2472 4537 '0
2523 4489 2908 4556 ἑκατόνταρχος
2947 4489 2974 4538 ὁ
3019 4487 3166 4556 παρά
3209 4487 3469 4558 Ματθαίῳ
3529 4489 3858 4558 μνημονευό-

708 4558 842 4650 idem
871 4571 944 4614 est
975 4578 1035 4618 ac
1065 4566 1150 4619 ille
1181 4573 1271 4636 qui
1321 4577 1460 4639 apud
1514 4576 1745 4643 Lucam;
1797 4580 1887 4646 qui
1938 4597 2062 4634 vero
2089 4585 2228 4650 apud
2335 4597 2342 4645 ι

2335 4595 2491 4645 μενος
2515 4619 2527 4641 ,
2557 4581 2582 4628 ὁ
2627 4579 2786 4638 αὑτός
2837 4582 2980 4629 ἐστιν
3011 4582 3036 4629 ὁ
3067 4578 3526 4648 μνημονευόμενος
3578 4580 3724 4647 παρὰ
3777 4580 3871 4646 τῷ

705 4644 957 4705 Joannem
990 4659 1232 4710 centurio
1260 4663 1393 4714 alter
1425 4673 1521 4715 est.
1814 4644 1828 4646 _
2125 4644 2139 4650 -
2329 4689 2339 4715 λ

2329 4644 2538 4734 Λουκᾷο
2575 4668 2600 4716 ὁ
2633 4666 2686 4716 δὲ
2716 4668 2860 4733 παρά
2885 4667 2958 4734 τῷ
3005 4644 3214 4736 Ἰωάννῂ
3246 4644 3623 4741 ἑκατδνταρχος
3662 4644 3859 4743 δτερός

2329 4757 2496 4808 ἐστιν.

779 4828 936 4884 Vnus.
991 4836 1072 4887 l6.
1119 4839 1423 4896 Morborum
1461 4846 1699 4912 plerique
1724 4862 1750 4899 a
1780 4851 2009 4916 peccatis
2047 4854 2230 4907 oriun-

2398 4846 2473 4896 Τά
2508 4845 2720 4898 πλείονα
2747 4847 2848 4898 τῶν
2874 4850 3184 4916 νοσημάτων
3214 4851 3318 4901 ἀπὸ
3347 4853 3741 4924 ἁμαρτημάτων
3767 4857 3867 4922 γί-

708 4923 814 4967 tur.

2327 4953 2492 4989 νεται.

781 5005 936 5059 Vens.
962 5010 1068 5062 Cur
1095 5013 1352 5069 dicentem
1383 5021 1642 5086 Scribam,
1681 5027 1876 5094 Sequar
1899 5041 1943 5082 te
1978 5048 2228 5095 quocum-

2380 5025 2491 5080 ,Διά
2523 5027 2572 5077 τί
2603 5026 2678 5093 τῷ
2706 5027 2905 5077 είπὸντι
2935 5025 3096 5092 αὐτῷ,
3143 5028 3549 5092 Ἀκολουθήσω
3578 5047 3669 5084 σοι
3699 5031 3867 5084 ὅπου

655 5101 658 5103 ’
707 5109 800 5158 quc
841 5096 981 5157 ieris,
1017 5116 1120 5150 nou
1152 5107 1396 5170 excepit?
1429 5109 1576 5171 Quod
1605 5117 1819 5178 putabat
1868 5121 2228 5171 curationibus

2326 5117 2433 5167 ἐὰν
2460 5118 2707 5182 ἀπέρχῃ,
2761 5117 2856 5166 οὐκ
2906 5116 3155 5180 ἐδέξατο;
3198 5119 3315 5169 Ὅτι
3369 5122 3609 5188 ἐνόμιζεν
3642 5125 3702 5174 ὲκ
3741 5123 3866 5174 τῶν

707 5184 998 5250 ditescere;
1041 5191 1198 5242 verba
1245 5204 1416 5246 autem
1466 5199 1581 5265 ejus
1612 5209 1720 5253 non
1769 5210 2058 5260 aversantis
2084 5220 2227 5274 sunt,

706 5275 796 5325 sed
828 5279 1286 5343 reprehendentis.

780 5363 939 5420 Vsus.
972 5370 1060 5422 21.
1091 5374 1190 5436 Qui
1217 5375 1367 5435 dicit,
1411 5375 1658 5428 I’crmilte
1692 5381 2085 5442 mihi,l)ominc,
2117 5387 2226 5451 pri-

2331 5209 2522 5258 ἱὰσεων
2553 5205 3009 5274 χρηματίζεσθαι·
3043 5209 3208 5260 ταῦτα
3237 5211 3290 5261 δὲ
3325 5215 3391 5262 τὰ
3421 5215 3630 5281 ῥήματα
3661 5213 3758 5263 οὐκ
3783 5208 3867 5281 ἦν

2327 5297 2786 5364 ἀποτρεπομένου,
2821 5296 2930 5346 ἀλλ’
2961 5297 3280 5364 ἐλέγχοντος.

2405 5389 2462 5438 Ὀ
2486 5387 2670 5446 εἰπὼν,
2690 5387 3035 5451 Ἐπίτρεψόν
3050 5405 3169 5453 μοι,
3202 5391 3392 5455 Κύριε,
3425 5391 3652 5456 πρῶτον
3670 5391 3852 5443 d181-

711 5466 843 5503 ntum
876 5457 966 5518 ire,
997 5468 1041 5509 et
1067 5463 1277 5526 sepelire
1301 5474 1496 5528 putrem
1530 5482 1712 5525 meum,
1741 5481 1981 5535 acceptus
2014 5475 2224 5536 quidem
2325 5481 2345 5528 ί

2325 5475 2450 5544 θεῖν
2482 5477 2576 5526 καί
2619 5476 2798 5540 θάψαι
2833 5476 2935 5527 τὸν
2982 5479 3198 5543 πατέρα
3231 5497 3368 5545 μου,
3415 5480 3676 5547 ἀπεδέχθη
3729 5480 3860 5546 μὲν,

707 5553 806 5605 εει,
848 5547 935 5597 sed
963 5563 1065 5600 non
1121 5556 1445 5618 permissus;
1490 5555 1577 5608 sed
1609 5556 1768 5607 audiit
1803 5576 1813 5608 :
1850 5559 2054 5612 Dimitte
2090 5580 2223 5612 mor—

2330 5567 2425 5616 οὐκ
2483 5565 2760 5633 ἐπετράπη
2817 5564 2906 5616 δέ’
2973 5567 3085 5619 ἀλλ’
3139 5569 3398 5636 ἤκουσενο
3469 5571 3639 5633 ’Ἄφες
3710 5569 3856 5635 τοὺς
