4138 6342
685 269 704 329 1
717 267 817 328 θθθ

1387 262 1762 340 (muscum
1810 220 2422 319 scmrrumsrm
2459 261 2799 324 [Nasum
2832 264 3133 326 )ETATIS.

3709 256 3848 326 1100

680 381 884 433 visibile
929 387 1026 441 cst,
1065 377 1320 430 minorem
1354 392 1462 438 rem
1492 360 1726 443 expono,
1761 386 1818 428 ut
1853 376 2018 442 major
2046 383 2096 427 et
2132 375 2215 426 in-
2242 382 2285 436 Α

2242 382 2285 436 Α
2319 376 2432 443 ρον,
2463 377 2791 446 προστίθημι
2811 378 2871 431 τδ
2898 359 3334 448 καταδεέστερον,
3355 380 3438 433 ἵνα
3465 378 3522 432 τὸ
3546 379 3725 448 μεῖζον
3754 380 3851 430 καὶ

682 470 900 522 visibilis
927 469 1194 520 credatur.

747 555 907 608 Vrns.
938 557 987 607 9.
1023 541 1335 609 lnsitliantes
1367 555 1576 610 cvitans
1609 569 1715 608 non
1745 564 1984 606 moratur
2017 553 2206 606 iisdem

680 644 828 708 locis,
865 645 951 696 sed
987 629 1288 713 frequenter
1329 646 1614 709 immutat,
1665 645 1845 698 odium
1888 653 1945 696 ιιι
1993 641 2206 695 facilius

678 735 926 802 placetur.

751 822 904 875 \‘zns.
943 821 1024 873 ll.
1061 819 1339 873 Matthzrus
1375 819 1691 887 publicanus
1714 857 1729 882 ,
1770 817 1860 885 qui
1889 826 1941 870 et
1972 830 2202 884 evange—

675 913 812 972 .ista,
846 912 1089 976 ingressu
1115 908 1312 962 Christi
1338 908 1657 970 honoratus,
1679 919 1868 958 omnes
1887 904 2201 973 publicanos

672 998 997 1052 convocavit.

741 1087 900 1139 νεηε.
935 1087 1018 1136 15.
1057 1084 1180 1136 Ideo
1211 1082 1394 1135 dicunt
1437 1080 1692 1134 Pharisaei
1722 1066 2048 1147 discipulis-3
2083 1077 2200 1129 Ma-

670 1177 823 1238 gister
849 1182 1008 1223 avster
1039 1173 1233 1240 amicus
1259 1168 1652 1234 publicanorum
1676 1176 1724 1220 et
1751 1176 2074 1234 peccatorum
2102 1174 2198 1227 est,

670 1264 901 1316 volentes
923 1270 1160 1314 avertere
1187 1260 1302 1313 illos
1325 1260 1390 1310 ab
1415 1271 1498 1311 eo.

738 1440 896 1492 Vens.
933 1438 1015 1490 Ui.
1063 1437 1241 1500 Quare
1275 1434 1500 1488 Joannis
1543 1433 1840 1501 discipulos
1883 1433 2199 1500 ohjicientes

668 1530 804 1594 quod
834 1527 950 1593 ejus
988 1524 1237 1591 discipuli
1273 1536 1376 1574 non
1412 1521 1756 1588 jejunarent,
1796 1535 1901 1573 non
1937 1522 2201 1588 vituperat

672 1626 728 1668 ut
754 1630 883 1666 vane
914 1614 1197 1681 gloriosos,
1233 1611 1321 1663 sed
1344 1609 1527 1676 sponsi
1545 1609 1846 1674 exemplum
1879 1609 1986 1661 illis
2016 1610 2200 1661 aﬂert?

2265 525 2277 533 _
2313 465 2512 530 ἀφανὲς
2539 466 2818 535 πιστευθῇ.

2393 550 2679 605 Ἐκκλίνων
2707 555 2834 615 τοὺς
2863 553 3320 616 ἐπιϐουλεύοντας,
3345 554 3440 604 οὐκ
3465 553 3702 620 ἐπιμένει
3734 553 3849 612 τοῖς

2311 641 2513 702 τόποις,
2547 641 2681 695 ἀλλά
2715 644 2881 711 συχνὰ
2916 639 3316 712 μετανίσταται,
3346 641 3518 702 διδοὺς
3545 640 3850 710 ὑποχωρεῖν

2312 729 2401 782 τὸν
2427 729 2638 796 φθόνον.

2392 816 2448 868 ⁸0
2480 817 2752 880 Ματθαῖος
2777 815 3008 886 τελώνης
3032 855 3047 880 ,
3073 816 3131 877 ὃς
3179 815 3271 868 καὶ
3299 812 3680 881 εὐαγγελιστὴς
3711 813 3848 866 καλ-

2307 904 2671 974 λωπιζόμενος
2687 910 2752 976 τῇ
2775 903 2959 984 εἰσόδῳ
2976 905 3227 977 Χριστοῦ,
3249 904 3451 965 πάντας
3466 901 3847 973 τοῦςιτεὶὼνας

2308 996 2678 1048 συνεκάλεσεν.
2711 1009 2719 1018 ’

2375 1085 2470 1134 Διά
2512 1085 2667 1137 τοῦτο
2711 1085 2956 1151 λέγουσιν
2997 1087 3045 1139 οἱ
3089 1077 3364 1155 Φαρισαῖοι
3397 1086 3511 1146 τοῖς
3546 1084 3845 1154 μαθηταῖς,

2306 1171 2384 1222 ὃτι
2412 1173 2463 1221 '0
2485 1170 2844 1238 διδάσκαλος
2870 1175 3036 1240 ὑμῶν
3057 1176 3233 1240 φίλος
3251 1173 3518 1228 τελωνῶν
3538 1175 3631 1226 καὶ
3657 1176 3846 1241 ἁμαρ-

2305 1259 2504 1311 τωλῶν
2522 1261 2670 1325 ἐστι,
2695 1261 3001 1331 βουλόμενοι
3028 1263 3378 1332 ἀποχωρῆσαι
3406 1263 3597 1325 αὐτοὺς
3620 1264 3713 1316 ἀπ’
3744 1263 3847 1313 αύ-

2305 1362 2416 1397 του.

2375 1431 2530 1493 Τίνος
2553 1432 2738 1485 ’ένεκεν
2763 1437 2885 1496 τοὺς
2926 1438 3166 1491 Ἰωάννου
3199 1437 3444 1507 μαθητὰς
3480 1438 3843 1504 ἐγκαλοῦντας

2303 1520 2382 1572 δτι
2418 1521 2651 1589 μαθηταὶ
2686 1523 2844 1574 αὑτοῦ
2875 1525 2934 1575 ού
2965 1515 3340 1594 νήστεύουσιν,
3378 1528 3475 1579 οὐκ
3513 1528 3735 1596 ἐπιτιμᾷ
3762 1527 3845 1587 ὡς

2305 1606 2627 1668 κενοδόξους,
2653 1607 2784 1659 ἀλλά
2812 1610 3042 1676 νυμφίου
3069 1615 3364 1680 μέμνηται;
3390 1615 3502 1666 Ούκ
3527 1613 3750 1682 ἐπιτιμᾷ
3771 1611 3846 1664 δι’

670 1704 782 1757 Non
814 1704 1076 1770 vituperat
1121 1715 1212 1768 per
1252 1697 1753 1762 mansuetudinem;
1786 1713 2041 1766 sponsum
2076 1713 2200 1751 vero
2232 1701 2273 1756 Β
2302 1714 2304 1739 ι

2232 1694 2634 1756 Βέπιείκειαν·
2688 1696 2918 1761 νυμφίου
2969 1697 3025 1748 δὲ
3087 1699 3354 1767 μέμνηται
3414 1701 3845 1768 ἀναμιμνήσκων

669 1790 934 1860 proponit,
959 1788 1062 1841 illis
1086 1788 1136 1840 in
1164 1784 1470 1839 memoriam
1495 1784 1992 1838 revocansJoannis
2019 1788 2197 1851 verba,

670 1895 791 1933 cutn
843 1877 975 1930 dixit
1021 1891 1033 1924 :
1072 1873 1173 1937 Qui
1206 1888 1447 1940 sponsam
1475 1871 1624 1923 habet
1658 1886 1876 1937 sponsus
1915 1882 2015 1924 est.
2045 1873 2198 1936 Quod

669 1979 839 2021 autem
872 1965 997 2017 dicit
1030 1962 1133 2015 tale
1165 1971 1246 2016 est
1280 1979 1292 2014 ι
1337 1959 1571 2025 Tempus
1605 1972 1779 2012 meum
1809 1968 1862 2012 et
1901 1974 2030 2013 mea:
2079 1963 2198 2015 vita:

667 2068 894 2126 tempus,
945 2053 1140 2107 laetitia:
1169 2061 1251 2105 cst
1300 2050 1406 2104 illis
1455 2049 1706 2113 occasio;
1761 2050 1971 2102 venient
2018 2061 2193 2105 autem

665 2149 778 2202 dies
814 2142 1026 2213 quando
1057 2143 1123 2194 ab
1155 2141 1257 2194 illis
1290 2138 1563 2192 auferetur
1595 2153 1847 2207 sponsus.

735 2233 895 2286 Vatis.
946 2232 1028 2285 Hi.
1080 2229 1220 2295 Quid
1266 2238 1347 2284 est
1377 2227 1517 2294 quod
1561 2228 1712 2292 dicit,
1759 2227 1923 2280 Nemo
1966 2230 2194 2282 immittit

666 2323 1050 2374 commissuram
1095 2318 1254 2385 panni
1306 2315 1448 2367 rudis
1507 2314 1560 2364 in
1605 2314 1959 2365 vestimentum
2010 2318 2194 2369 vetus?

666 2411 908 2466 Ostendit
934 2424 1038 2462 non
1075 2407 1245 2461 factos
1283 2419 1400 2459 esse
1435 2401 1637 2455 validos
1665 2402 1838 2455 adhuc
1866 2403 2192 2469 discipulos;

666 2511 720 2556 et
754 2501 824 2553 ita
873 2500 925 2551 in
978 2497 1260 2567 praesentia
1304 2492 1475 2548 obviis
1520 2504 1624 2542 non
1677 2498 1883 2557 oportet
1921 2491 2195 2559 imponere

665 2595 941 2656 praccpta-
958 2597 1210 2636 onerosa.

737 2675 896 2728 Vens.
932 2673 1010 2724 l7.
1044 2671 1202 2724 Utres
1235 2679 1286 2722 ct
1319 2671 1500 2721 viuum
1535 2666 1805 2737 proponit,
1844 2664 2098 2733 quoniam
2130 2665 2194 2718 de

667 2763 786 2830 gula
835 2775 1006 2814 sermo
1043 2769 1194 2822 erat;
1225 2757 1340 2809 ideo
1370 2756 1436 2808 ab
1485 2756 1671 2808 iisdem
1708 2755 1870 2808 sumit
1911 2753 2152 2821 exempla
2178 2790 2192 2813 .

665 2861 718 2903 et
742 2850 881 2917 quod
909 2847 1036 2898 nihil
1058 2855 1330 2898 austerum
1357 2844 1639 2910 praecipere
1661 2848 1898 2909 oporteat
1919 2855 2016 2895 nec
2036 2855 2194 2908 grave

667 2940 752 2992 his
781 2939 868 3006 qui
900 2935 1176 3004 incipiunt.

2299 1782 2489 1842 αὐτοὺς
2518 1782 2625 1832 τῶν
2666 1783 2905 1838 Ἰωάννου
2942 1786 3234 1853 ῥημάτων,
3279 1787 3343 1838 δι’
3388 1781 3463 1840 ὧν
3501 1788 3680 1855 ἔλεγεν
3704 1803 3719 1818 ⁸
3777 1789 3847 1839 '0

2296 1869 2449 1942 ἔχων
2472 1871 2583 1936 τὴν
2607 1871 2847 1938 νύμφην
2873 1868 3126 1940 νυμφίος
3151 1875 3340 1926 ἐστιν·
3369 1875 3397 1927 δ
3432 1875 3487 1927 δὲ
3515 1875 3659 1941 λέγει
3683 1915 3697 1938 ,
3728 1891 3846 1926 τοι-

2295 1957 2448 2010 οῦτόν
2489 1960 2653 2011 ἐστιν’
2695 1960 2752 2011 '0
2779 1962 2964 2029 καιρὸς
2992 1965 3020 2014 ό
3065 1963 3194 2031 ἐμὸς
3219 1964 3313 2016 καὶ
3338 1965 3441 2033 τῆς
3474 1965 3609 2033 ἐμῆς
3638 1965 3845 2030 διαγω-

2294 2047 2414 2115 γῆς,
2452 2049 2621 2115 χαρᾶς
2671 2050 2816 2099 ἐστιν
2855 2050 3031 2113 αὐτοῖς
3081 2053 3376 2117 ὑπόθεσις·
3423 2054 3728 2106 ἐλεύσονται
3777 2052 3843 2105 δὲ

2293 2137 2490 2204 ἡμέραι
2535 2138 2659 2188 ὅταν
2687 2137 2781 2188 ἀπ’
2815 2139 2990 2192 αὐτῶν
3017 2130 3153 2210 ἀρθῇ
3187 2143 3215 2194 ό
3246 2144 3496 2210 νυμφίος.

2363 2228 2427 2278 Τί
2457 2227 2603 2278 ἐστιν
2626 2227 2652 2278 ὃ
2684 2229 2850 2297 λέγει,
2875 2231 2956 2282 ὅτι
2981 2229 3188 2296 Οὐδείς
3215 2231 3518 2284 ἐπιϐάλλει
3539 2232 3842 2298 ἐπίϐλημα

2285 2314 2502 2381 ῥάκους
2539 2316 2808 2384 ἀγνάφου
2843 2318 2941 2370 ἐπὶ
2979 2319 3182 2385 ίματίῳ
3226 2318 3486 2389 παΜιῷς
3519 2321 3705 2387 Δηλῶν
3747 2321 3841 2372 ὅτι

2292 2403 2442 2454 οῦπω
2489 2406 2772 2470 γεγόνασιν
2810 2406 3018 2474 ἰσχυροὶ
3059 2410 3107 2458 oi
3145 2407 3399 2476 μαθηταί·
3432 2407 3572 2460 οὕτω
3610 2409 3663 2460 δὲ
3706 2409 3842 2476 ἄρτι

2291 2491 2662 2560 διακειμένους
2685 2533 2699 2556 ,
2734 2494 2792 2544 ού
2828 2493 2933 2562 χρὴ
3001 2495 3302 2549 ἐπιτιθέναι
3349 2499 3689 2565 ἐπιτάγματα
3731 2499 3840 2565 βα-

2295 2593 2507 2645 ρουντα.
3356 2624 3364 2631 .

2371 2665 2573 2716 Ἀσκῶν
2603 2667 2869 2735 μέμνηται
2899 2671 2993 2721 καὶ
3020 2669 3161 2722 οἴνου
3186 2707 3200 2732 ,
3237 2669 3421 2740 ἐπειδὴ
3446 2671 3570 2738 περὶ
3601 2689 3838 2740 γαστρι-

2296 2755 2528 2821 μαργίας
2559 2751 2676 2829 ἦνό
2704 2757 2877 2824 λόγος⁹
2910 2758 2997 2810 διὰ
3024 2758 3177 2810 τοῦτο
3207 2758 3312 2811 ἀπὸ
3345 2760 3451 2810 τῶν
3476 2761 3656 2812 αὐτῶν
3684 2762 3838 2829 λαμ-

2292 2841 2438 2893 ϐάνει
2475 2844 2541 2894 τά
2572 2844 2937 2913 ὑποδείγματα
2964 2859 2979 2874 ·
3012 2848 3103 2898 καὶ
3135 2847 3215 2897 ὅτι
3254 2845 3404 2898 ούδέν
3425 2845 3686 2918 αὐστηρὸν
3713 2851 3839 2903 ἐπι-

2291 2929 2498 2982 τάττειν
2517 2932 2619 3000 χρὴ
2650 2933 2742 2984 καὶ
2770 2933 2930 3002 βάρος
2960 2934 3080 3004 ἔχον
3109 2936 3225 2999 τοῖς
3256 2935 3593 3006 ἀρχομένοις.

743 2990 898 3078 Vens.
939 3026 1025 3076 20.
1087 3023 1192 3075 Cur
1241 3038 1342 3075 non
1373 3021 1542 3090 palam
1578 3019 1988 3075 limmorrhoissa
2013 2990 2263 3076 venit?
2347 3022 2377 3068 ἰ

2218 2990 2263 3076 C
2347 3019 2464 3070 ’Διά
2731 2990 3056 3094 φανεράςηῆ
3091 2990 3454 3095 αιμᾶρρὲξῠᾶα
3483 2990 3683 3095 me“;
3737 3029 3838 3090 Ὡς

671 3117 821 3183 Quod
865 3115 1125 3180 impuram
1166 3126 1280 3165 esse
1313 3128 1368 3163 se
1414 3112 1631 3179 putabat
1672 3110 1740 3163 ob
1778 3110 2009 3174 ﬂuxum;
2037 3118 2196 3177 atque

669 3205 827 3256 etiam
847 3200 981 3268 quod
999 3200 1392 3252 convenientem
1413 3213 1513 3249 non
1537 3197 1765 3251 habebat
1784 3199 1848 3250 de
1869 3197 1956 3248 illo
1984 3197 2194 3264 opinio-

671 3306 812 3354 nem,
846 3302 964 3340 nam
1000 3288 1160 3340 latere
1193 3302 1292 3338 non
1338 3293 1591 3352 putasset.
1617 3284 1706 3337 ltlc
1742 3294 1918 3336 autem
1948 3297 2055 3336 non
2080 3297 2196 3350 pcr-

671 3379 815 3431 misit
841 3392 954 3428 eam
979 3375 1163 3431 latere.
1189 3382 1238 3424 ut
1272 3371 1498 3438 primum
1523 3370 1766 3422 timorem
1792 3369 1908 3434 ejus
1936 3370 2192 3431 solveret;

671 3464 902 3520 SCt'UllliO
936 3474 990 3513 ut
1012 3462 1304 3526 corrigeret
1337 3473 1474 3521 eam,
1505 3457 1756 3524 quoniam
1791 3458 1954 3510 latere
1977 3468 2194 3524 putave-

673 3563 787 3615 rut;
815 3551 967 3602 tertio
997 3557 1053 3598 ut
1082 3547 1235 3598 ﬁdem
1273 3545 1388 3612 ejus
1429 3545 1695 3612 publicam
1735 3543 1964 3606 faceret;
2004 3553 2194 3612 quarto

672 3651 867 3701 autem,
894 3648 948 3689 ut
971 3635 1443 3703 archisynagogum
1473 3633 1775 3686 credentem
1805 3631 2032 3685 clliccrct
2052 3635 2190 3684 circa

673 3726 1111 3781 resurrectionem
1139 3725 1285 3787 tiliae;
1323 3737 1442 3775 nam
1479 3730 1604 3775 tunc
1630 3721 1775 3774 illum
1803 3721 1903 3774 istc
1935 3722 2219 3793 implora-I

673 3818 782 3870 bat.

738 3908 892 3958 Vrns.
933 3905 1018 3956 23.
1062 3902 1137 3956 Ne
1183 3903 1352 3955 latens
1398 3899 1814 3968 angustiaretur,
1852 3908 1904 3952 ct
1934 3907 1990 3952 ut
2035 3898 2189 3952 (idem
2269 3885 2275 3903 ⁵

671 3996 934 4063 publicam
956 3994 1191 4054 taceret;
1225 4000 1276 4043 et
1303 3990 1548 4042 morbum
1577 3989 1931 4055 comprimere
1955 4001 2059 4040 non
2090 3988 2190 4039 mi-

671 4093 772 4130 nus
805 4085 882 4126 est
911 4090 1065 4140 quam
1095 4075 1424 4140 perspicere.
1668 4082 1676 4092 ‘

743 4163 900 4214 \‘cns.
931 4162 1018 4212 2'5.
1061 4161 1131 4211 De
1166 4160 1471 4211 tibicinibus
1502 4159 1555 4211 in
1585 4159 1744 4211 domo
1786 4158 2188 4225 archisynagogi

2298 3104 2598 3177 ἀκάθαρτος
2631 3107 2766 3162 εἶναι
2793 3112 3082 3179 νομίζουσα
3102 3112 3187 3165 διὰ
3210 3113 3307 3181 τὴν
3335 3113 3516 3183 ῥύσινο
3543 3113 3621 3165 ἐτι
3646 3113 3701 3164 δέ
3731 3114 3838 3166 καὶ

2294 3196 2389 3262 τὴν
2426 3199 2798 3265 προσήκουσαν
2833 3202 2957 3266 περὶ
2989 3200 3150 3252 αὑτοῦ
3175 3202 3255 3270 μὴ
3280 3203 3472 3270 ἔχουσα
3499 3204 3672 3267 δόξαν,
3703 3204 3837 3255 ἐπεὶ

2295 3283 2391 3331 οὐκ
2419 3283 2483 3333 ἂν
2519 3284 2730 3350 ἐνόμισε
2759 3284 3038 3336 λανθάνειν
3060 3301 3074 3316 ο
3111 3287 3208 3337 ούκ
3234 3285 3410 3353 ἀφῆκε
3439 3287 3490 3338 δὲ
3535 3289 3698 3353 αὐτὴν
3726 3288 3836 3339 λα-

2295 3368 2423 3432 θεῖν,
2453 3371 2536 3420 ῖνα
2561 3371 2771 3438 πρῶτον
2792 3372 2887 3438 μὲν
2907 3373 3039 3442 λύσῃ
3068 3376 3232 3450 αὐτῆς
3259 3373 3348 3426 τὸν
3380 3375 3556 3440 φόὸονο
3574 3364 3835 3444 δεύτερον

2295 3457 2381 3508 ἵνα
2407 3457 2758 3527 διορθὼσηται
2786 3459 3006 3528 ταύτην,
3039 3462 3225 3530 ἐπειδὴ
3261 3464 3474 3530 ἐνόμισε
3505 3464 3785 3516 λανθάνειν
3816 3483 3832 3498 ο

2294 3546 2472 3612 τρίτον
2513 3548 2596 3598 ῐνα
2629 3550 2726 3616 τὴν
2765 3550 2944 3600 πίστιν
2982 3551 3146 3618 αὐτῆς
3180 3551 3538 3622 δημοσιεύσῃ’
3569 3555 3834 3621 τέταρτον

2291 3632 2345 3682 δὲ
2383 3633 2466 3684 ἵνα
2497 3635 2586 3685 καὶ
2629 3635 2716 3685 τὸν
2762 3636 3202 3711 ἀρχισυνάγωγον
3251 3639 3438 3689 πιστὸν
3473 3641 3668 3711 ποιήσῃ
3695 3643 3836 3710 περὶ

2291 3724 2386 3794 τὴν
2412 3726 2697 3779 ἀνάστασιν
2724 3727 2814 3780 τοῦ
2837 3728 3039 3790 παιδός·
3063 3730 3181 3781 τότε
3205 3729 3310 3799 γάρ
3330 3731 3489 3784 αὑτὸν
3514 3734 3708 3801 ἐζήτει.

2361 3901 2472 3952 Ἵνα
2501 3902 2572 3970 μὴ
2606 3903 2811 3970 ἀγωνιᾷ
2860 3903 3180 3970 κεκλοφυῐα,
3214 3904 3304 3956 καὶ
3346 3905 3431 3956 ῑνα
3473 3905 3830 3978 δημιοσιεύσῃ

2287 3987 2382 4051 τὴν
2418 3987 2594 4038 πίστιν
2617 4004 2631 4017 ο
2671 3990 2760 4038 καὶ
2790 3989 2849 4038 τὺ
2887 3990 3075 4056 στῆσαι
3103 3991 3160 4040 δὲ
3201 3991 3297 4057 τὴν
3326 3993 3495 4057 νόσον,
3523 3992 3619 4043 οὐκ
3650 3994 3820 4049 ἔλατ-

2289 4091 2377 4123 τον
2404 4075 2493 4125 τοῦ
2520 4075 2707 4141 νοῆσαί
2729 4079 2894 4127 ἐστιν.

2370 4161 2639 4229 Ἐμνήσθη
2672 4163 2777 4213 τῶν
2810 4162 3055 4229 αὐλητῶν
3078 4164 3133 4214 ἐν
3160 4163 3235 4230 τῷ
3259 4165 3696 4234 ἀρχισυναγώγῳ,
3727 4169 3828 4221 ἵνα.

675 4257 1012 4309 ι.ιριιι‹›ι-ειιηι·,
1047 4257 1101 4298 ιιι
1132 4247 1181 4298 in
1216 4247 1312 4297 hoc
1339 4260 1550 4313 quoque
1579 4246 1749 4312 palam
1771 4245 2084 4316 ostendatur
2108 4261 2190 4297 ar-
2223 4281 2264 4334 ι)
2294 4267 2309 4299 ι

2223 4281 2264 4334 D
2294 4250 2383 4299 mi
2427 4253 2482 4298 ἐν
2525 4251 2696 4318 τούτῳ
2730 4250 3056 4318 δημοσιεύσῃ
3090 4253 3186 4319 τὴν
3219 4253 3324 4303 τῶν
3363 4255 3826 4323 ἀρχισυναγώγων

672 4339 1147 4405 chisynngogorum
1182 4333 1405 4386 insania.

741 4425 1114 4478 Lamentantcs
1146 4432 1197 4473 ct
1227 4421 1470 4473 tibicines
1501 4434 1532 4473 a
1565 4425 1725 4474 domo
1753 4418 1973 4487 expulit.
2011 4428 2066 4472 ut
2106 4421 2189 4472 in-

669 4516 852 4581 dignos
893 4511 980 4580 qui
1038 4511 1276 4564 miraculi
1320 4519 1480 4562 testes
1534 4515 1731 4563 essent.
1800 4508 1856 4561 In
1919 4508 2078 4562 domo
2106 4524 2189 4561 ar-

671 4601 1008 4670 cltisynagogi
1035 4599 1179 4653 foras
1200 4613 1388 4652 omnes
1421 4599 1619 4662 emisit,
1651 4609 1702 4651 et
1731 4599 2018 4666 discipulos
2048 4599 2189 4651 solos

672 4689 881 4740 admisit
931 4688 994 4738 ad
1048 4685 1347 4753 prodigium
1382 4684 1705 4750 videndum;
1755 4685 1952 4738 docens
1990 4700 2086 4739 nos
2132 4693 2189 4736 ut

673 4775 888 4843 gloriam
919 4789 1036 4840 qua:
1070 4789 1099 4825 a
1128 4774 1306 4826 multis
1347 4774 1493 4826 venit
1517 4774 1745 4827 vitemus
1767 4811 1783 4835 ,
1815 4783 1867 4827 ct
1895 4774 2186 4841 discipulos

673 4864 849 4916 animo
889 4861 1147 4912 ﬁrmiores
1185 4860 1404 4912 faciens.

743 4950 901 5002 Vsus.
935 4947 1023 5000 24.
1062 4946 1181 4998 Non
1225 4956 1428 4998 mortua
1475 4957 1554 5004 est
1592 4948 1796 5014 puella,
1844 4950 1930 5001 sed
1974 4951 2181 5002 dormit.

668 5040 965 5097 Ostendunt
1004 5038 1116 5093 bzec
1145 5036 1302 5090 verba
1351 5043 1572 5088 mortem
1604 5051 1708 5089 non
1745 5051 1862 5090 esse
1901 5053 2039 5091 nunc
2071 5054 2182 5091 mc-

671 5131 939 5184 tucndam.
1370 5187 1374 5192 ,
1574 5117 1577 5120 ’

740 5219 1029 5287 ldcojubet
1075 5227 1130 5269 ut
1158 5215 1233 5268 illi
1279 5213 1431 5266 detur
1462 5212 1815 5277 manducare,
1848 5228 1911 5266 ne
1946 5213 2183 5266 videatur

673 5309 998 5377 phantasiam
1023 5323 1138 5360 csse
1159 5304 1298 5374 quod
1331 5304 1528 5356 factum
1554 5310 1652 5355 est.
1677 5301 1928 5368 (Pertinet
1958 5301 2019 5354 ad
2045 5299 2180 5354 Mar-

671 5413 810 5469 cum,
837 5413 886 5461 γ,
911 5398 1020 5464 45.)

741 5480 897 5536 Vsus.
936 5484 1022 5536 Ἦ.
1077 5483 1257 5539 (Ξωὸοε
1303 5482 1523 5538 attrahit
1555 5480 1880 5544 clamantes,
1932 5496 2033 5536 non
2085 5496 2176 5550 per

2292 4337 2494 4389 ἄνοιαν.

2358 4427 2490 4486 Τοὺς
2538 4425 2860 4494 θρηνοῦντας
2918 4428 3008 4478 καὶ
3053 4427 3342 4491 αὐλοῦντας
3385 4431 3486 4493 ἔξω
3514 4433 3610 4502 τῆς
3635 4437 3824 4500 οἰκίας
3883 4414 3886 4417 Ι

2288 4510 2563 4576 ἐξέϐαλεν,
2596 4514 2668 4574 ὼς
2703 4516 2946 4578 ἀναξίους
2980 4517 3169 4575 αὐτοὺς
3195 4517 3286 4568 τοῦ
3319 4518 3583 4587 θαύματος
3613 4526 3824 4593 κρίνων

2287 4598 2441 4652 εἶναι.
2483 4602 2601 4653 Ἐπὶ
2632 4603 2722 4653 τοῦ
2746 4604 3185 4671 ἀρχισυναγώγου
3215 4606 3387 4659 πάντα
3415 4609 3654 4672 ἐξέϐαλεν
3677 4616 3817 4679 ἔξω,

2287 4689 2407 4749 τοὺς
2432 4689 2487 4740 δὲ
2524 4689 2766 4757 μαθητὰς
2792 4690 2979 4757 μόνους
3010 4692 3316 4757 εἰσήνεγκεν
3347 4697 3473 4764 όρᾷν
3500 4699 3558 4748 τὸ
3591 4700 3776 4768 θαῦμα,
3797 4719 3815 4733 ο

2285 4777 2541 4830 διδάσκων
2582 4780 2723 4846 ἡμᾶς
2753 4779 2849 4846 τὴν
2881 4781 3024 4846 παρὰ
3055 4779 3160 4830 τῶν
3190 4781 3391 4834 πολλῶν
3434 4786 3817 4854 διακρούεσθαι

2284 4866 2456 4929 δόξαν,
2488 4868 2610 4926 τοὺς
2644 4866 2881 4934 μαθητὰς
2913 4867 2966 4916 δὲ
2997 4867 3418 4937 προθυμοτέρους
3448 4875 3627 4928 ποιῶν,

2358 4955 2450 5018 Τὸ,
2489 4956 2567 5006 Οὐ
2603 4953 2904 5018 τέθνηκεν,
2941 4954 3098 5005 ἀλλὰ
3130 4958 3425 5022 καθεύδει,
3456 4960 3625 5027 λέγειν
3646 5002 3661 5027 ,
3692 4963 3818 5017 δει-

2282 5043 2430 5095 κνύει
2459 5043 2538 5093 ὅτι
2572 5043 2631 5092 ού
2659 5041 2882 5108 φοϐερὸς
2919 5043 2946 5091 ὁ
2978 5042 3196 5104 θάνατος
3229 5047 3331 5098 ἀπὸ
3362 5049 3452 5100 τοῦ
3482 5049 3593 5105 νῦν.

2355 5222 2449 5272 Διὰ
2477 5221 2631 5272 τοῦτο
2662 5217 2879 5300 ,κελεύει
2917 5219 3047 5287 αὐτῇ
3080 5220 3288 5290 δοθῆναι
3331 5229 3553 5293 φαγεῖν,
3597 5228 3682 5282 ἵνα
3725 5231 3815 5303 μὴ

2279 5309 2406 5379 δόξῃ
2441 5309 2701 5377 φαντασία
2740 5304 2873 5359 εἶναι
2907 5310 2964 5358 τὸ
2996 5315 3364 5382 γεγενημένον.
3553 5305 3558 5310 ’

2351 5487 2484 5547 Τοὺς
2513 5485 2739 5551 τυφλοὺς
2771 5484 3030 5553 παρέλκει
3062 5491 3373 5558 κράζοντας,
3406 5493 3465 5545 ού
3491 5492 3814 5562 κενώοξῶν,
