4138 6342
237 306 362 369 1101

1194 310 1509 368 SCHOLIA
1546 308 1835 368 VETERA
1876 306 1948 365 1N
1986 304 2447 365 MATTHA‘IUM.

3240 310 3373 374 1102

232 416 341 466 ἀλλ’
364 416 449 467 ἵνα
468 414 614 487 δείξῃ
636 416 694 469 τὸ
722 417 906 470 πιστὸν
928 411 1124 471 αὐτῶν.
1149 418 1459 487 Κατηγορία
1495 417 1757 471 Ἰουδαίων
1785 423 1827 477 Α
1864 433 1866 440 λ

1735 435 1757 469 ν
1785 423 1827 477 Α
1864 429 2053 468 vanam
2080 415 2323 483 gloriam,
2357 418 2447 469 sed
2477 417 2541 468 ad
2574 417 2952 471 ostendendam
2983 433 3165 473 eorum
3196 420 3369 475 ﬁdem.

234 505 322 555 καὶ
356 503 509 554 τοῦτο
549 500 636 573 ἦν,
670 506 731 557 τὸ
775 507 833 570 ἐξ
864 507 1031 575 ἀκοῆς
1068 508 1231 576 μόνης
1262 508 1442 574 ζητεῖν
1476 506 1573 575 τὴν
1619 510 1757 559 ἴασιν

232 596 337 652 τοῖς
369 594 583 660 τυφλοῖς
607 611 619 623 ·
655 596 852 663 ἢκουον
881 597 987 665 γὰρ
1033 596 1158 663 περὶ
1185 598 1277 648 τοῦ
1315 596 1545 663 Χριστοῦ
1585 596 1753 648 οὓτω“

234 682 423 734 ἐκεῖνοι
453 683 507 734 δὲ
540 685 631 736 καὶ
657 685 881 737 ἔϐλεπον
912 687 1005 739 καὶ
1032 687 1129 738 οὐκ
1158 686 1457 738 ἐπίστευον.

300 858 423 909 Υίὸν
455 859 614 913 Δαϐὶδ
642 862 689 913 οξ
718 860 903 929 τυφλοὶ
935 862 1174 925 ἐκάλουν,
1198 864 1330 917 διότι
1354 865 1517 935 τιμῆς
1538 862 1677 921 εἶναι
1700 870 1760 920 τὸ

233 944 317 996 ovo
324 964 398 1012 μα
432 947 621 1001 ἐδόκει.

305 1037 566 1103 Δευτέραν
598 1037 857 1106 ἐρώτησιν
890 1041 1150 1106 προσάγει
1178 1042 1313 1110 πρὸς
1341 1042 1559 1107 αὐτοὺς,
1584 1045 1644 1096 οὐ
1670 1045 1759 1097 δο-

238 1124 497 1191 ξομανῶν,
551 1126 684 1179 ἀλλὰ
734 1130 1044 1192 σπουδάζων
1094 1131 1422 1185 ίκετεύεσθαι
1471 1134 1758 1197 πολλάκιςο

239 1213 321 1263 ἵνα
351 1214 423 1282 μὴ
456 1215 646 1285 νομίσῃ
678 1233 755 1275 τις
786 1216 971 1270 τοῦτον
998 1217 1073 1279 ὡς
1102 1218 1387 1307 φιλότιμονε
1412 1223 1539 1277 ὂντα
1563 1225 1761 1294 ἐπιπη-

236 1300 327 1370 δᾷν
359 1306 469 1364 τοῖς
499 1303 781 1372 θαύμασιν.

308 1394 435 1444 Ὅτε
464 1394 522 1444 τὸ
556 1393 734 1461 μεῖζον
764 1394 922 1449 αὐτὸν
946 1397 1200 1450 ἐκάλεσαν
1226 1399 1392 1468 ὄνομα
1412 1400 1630 1469 ᾐτοῦντο
1653 1401 1761 1455 Κύ-

240 1496 372 1549 ριον,
400 1482 517 1534 τότε
559 1486 698 1535 ἰᾶται
729 1484 941 1550 αὐτοὺς,
999 1487 1348 1557 ἐφελκόμενος
1380 1490 1456 1552 είς
1490 1488 1642 1542 τοῦτο
1678 1506 1765 1544 πι-

238 1569 446 1621 στεύειν
472 1570 593 1631 τοὺς
627 1572 934 1635 ἀκούοντας.

308 1659 674 1727 Παραγγὲλλει
727 1661 912 1731 μηδενὶ
962 1666 1135 1717 εἰπεῖν
1183 1665 1271 1719 διὰ
1313 1667 1375 1719 τὸ
1424 1667 1624 1737 ἄτυφον
1675 1671 1766 1722 καὶ

236 1748 560 1812 ἁκενόδοξον.

319 1839 383 1889 ’11
429 1839 696 1906 κὼφευσις
733 1842 833 1895 οὐκ
873 1838 939 1913 ἦν
967 1845 1168 1915 φυσικὴ
1205 1846 1474 1915 ἀσθένεια,
1524 1849 1656 1902 ἀλλὰ
1704 1850 1768 1903 ἐκ

237 1926 485 1996 δαίμονος
515 1929 824 2000 ἐπιϐουλῆς.
1220 1947 1223 1950 ’
1270 1930 1279 1939 ’

816 2056 1059 2112 ΚΕΦΔΛ.
1134 2060 1187 2110 1'.

308 2180 405 2231 Διὰ
435 2180 486 2232 τί
513 2180 725 2248 Σίμωνα
759 2181 903 2249 λέγει
946 2183 1035 2235 τὸν
1082 2184 1365 2253 λεγόμενον
1414 2186 1646 2255 Πέτρον;
1678 2190 1770 2238 και

234 2268 325 2322 διὰ
367 2271 417 2322 τί
474 2270 724 2323 Ἰάκωϐον
768 2273 858 2323 τὸν
913 2273 1168 2341 Ἀλφέους
1199 2276 1323 2328 Ὅτι
1361 2272 1431 2345 ἦν
1475 2278 1567 2329 καὶ
1613 2278 1771 2339 ἄλλος

239 2359 420 2427 Σίμων
454 2361 547 2411 καὶ
566 2360 719 2422 ἄλλος
762 2362 1030 2423 Ἰάκωϐος.

314 2450 429 2501 Ἵνα
463 2450 534 2518 μὴ
574 2449 879 2518 ἐπαρθῶσιν
926 2453 1028 2506 ὑπὸ
1057 2453 1167 2508 τῶν
1203 2456 1499 2524 γινομίνων
1545 2458 1635 2511 ὑπ’
1674 2460 1773 2511 αὐ-

238 2538 349 2590 τῶν
378 2537 664 2608 Θαυμὰτων
682 2578 697 2603 ,
727 2536 877 2594 εἶπεν
903 2557 917 2572 θ
960 2542 1186 2610 Δωρεὰν
1228 2543 1467 2599 ἐλάϐετε
1490 2583 1507 2611 ,
1555 2545 1777 2615 δωρεὰν

238 2631 398 2686 δότε.

318 2719 383 2773 Τί
408 2721 514 2791 γὰρ
539 2723 572 2791 ἡ
602 2722 790 2792 ῥάϐδος
818 2724 1013 2776 κωλύει
1040 2726 1173 2796 πρὸς
1201 2727 1260 2779 τὸ
1284 2728 1539 2797 κήρυγμα
1559 2745 1575 2793 ;
1596 2728 1628 2799 ἢ
1652 2731 1781 2783 ποία

245 2811 485 2880 ἁμαρτία
512 2807 577 2881 ἦν
603 2813 637 2882 ἡ
662 2812 760 2881 τῆς
790 2814 981 2883 ῥάϐδου
1012 2816 1307 2885 κράτησις;
1349 2817 1506 2871 ’Δλλὰ
1529 2818 1587 2871 τὸ
1608 2820 1779 2889 τραχὺ

244 2904 347 2969 τῆς
396 2900 639 2962 παιδείας
686 2904 751 2972 τῇ
800 2903 978 2973 ῥάϐδῳ
1028 2906 1406 2975 παρεικάζων,
1452 2909 1780 2978 ἀπαγορεύει

1858 505 2243 559 Cortdemnatio
2268 503 2572 556 Judaeorum
2606 506 2653 556 id
2684 521 2895 574 quoque
2922 518 3034 561 erat
3058 549 3073 573 ,
3097 509 3234 577 quod
3261 511 3377 565 solo
3466 556 3467 559 η

1858 594 2040 647 auditu
2086 601 2383 662 quaererent
2425 594 2753 647 curationem
2802 598 2949 649 (περὶ.
2993 596 3083 651 Sic
3125 601 3264 652 enim
3312 602 3379 654 de

1857 682 2072 737 Christo
2101 682 2409 747 audierant;
2446 682 2521 735 illi
2546 692 2720 735 autem
2754 684 3002 738 videbant
3034 695 3087 740 et
3115 703 3221 742 non
3266 705 3381 745 cre-

1857 772 2070 826 debant.

1927 861 2119 915 Filium
2144 861 2308 917 David
2329 861 2453 917 cazci
2475 860 2756 928 vocabant,
2779 864 2905 933 quia
2938 864 3158 921 honoris
3185 882 3379 924 nomen
3486 918 3491 923 .

1857 964 1975 1004 esse
2003 950 2293 1004 videbatur.

1925 1036 2087 1091 Vens.
2115 1037 2203 1091 28.
2236 1037 2532 1092 Secundam
2564 1037 3026 1107 interrogationem
3064 1040 3129 1094 ad
3171 1042 3271 1097 hos
3297 1043 3382 1096 di-

1860 1126 2002 1195 rigit,
2029 1140 2131 1179 non
2154 1142 2246 1194 per
2263 1126 2597 1195 iactantiam,
2621 1126 2712 1179 sed
2740 1127 2923 1181 volens
2944 1129 3379 1196 sapiusrogati;

1861 1232 1927 1271 ne
1949 1218 2072 1285 quis
2100 1226 2248 1285 putet
2280 1217 2431 1271 illum
2455 1216 2523 1270 ob
2550 1216 2726 1272 laudis
2753 1218 3094 1273 ambitionem
3125 1221 3381 1275 miracula

1862 1314 2097 1375 patrare.

1932 1395 2153 1460 Quando
2182 1395 2369 1464 majori
2389 1395 2538 1449 illum
2562 1403 2819 1450 vocarunt
2838 1398 3071 1462 nomine,
3101 1396 3382 1454 Dominum

1861 1484 2243 1553 supplicantes,
2276 1494 2403 1539 tunc
2424 1499 2519 1539 eos
2543 1494 2717 1551 curat,
2735 1486 2993 1541 adductus
3021 1487 3084 1540 ad
3112 1487 3162 1541 id
3184 1498 3242 1542 ut
3268 1503 3386 1542 cre-

1861 1576 2046 1631 derent
2064 1576 2361 1631 audientes.

1928 1664 2093 1719 Vens.
2123 1665 2210 1719 30.
2245 1666 2488 1735 Praecipit
2520 1668 2723 1721 nemini
2752 1668 2931 1723 dicant
2957 1685 3051 1739 per
3078 1670 3387 1726 modestiam

1800 1733 1839 1789 Β
1865 1761 1919 1806 et
1940 1768 2087 1806 vanae
2116 1754 2296 1822 gloriae
2327 1756 2679 1811 avet-sionem.

1940 1839 2100 1896 Vens.
2130 1842 2217 1895 ⁸52.
2253 1842 2533 1899 Mutismus
2564 1861 2667 1899 non
2698 1846 2977 1902 inﬁrmitas
3003 1858 3119 1903 erat
3149 1847 3390 1919 physica,

1868 1932 1959 1986 sed
1991 1948 2021 1988 e
2051 1934 2308 1988 daemonis
2335 1934 2563 1989 artiﬁcio
2591 1936 2881 1991 oriebatur.

2467 2055 2690 2111 CAPUT
2723 2056 2786 2111 Χ.

1940 2177 2099 2231 Vens.
2129 2179 2183 2231 ε.
2208 2179 2317 2233 Cur
2346 2176 2618 2232 Simonem
2644 2187 2817 2243 vocat,
2847 2180 2935 2247 qui
2952 2180 3149 2233 dicitur
3168 2181 3392 2239 Petrus?

1869 2277 1923 2321 et
1950 2282 2046 2320 cur
2071 2266 2324 2321 Iacobum
2357 2268 2595 2334 Atpluei?
2626 2268 2760 2330 Qua
2793 2268 2929 2324 alter
2959 2278 3075 2324 erat
3113 2270 3297 2327 Simon
3337 2285 3394 2329 et

1873 2356 2006 2410 alter
2028 2355 2283 2411 Iacobus.

1942 2444 2106 2501 Vsus.
2153 2446 2206 2501 8.
2251 2446 2328 2500 Ne
2374 2432 2710 2501 lucrifaciant
2745 2462 2807 2501 ex
2855 2450 3127 2506 miraculis
3158 2450 3226 2505 ab
3266 2452 3398 2523 ipsis

1874 2542 2118 2609 patratis,
2148 2540 2278 2596 dicit
2305 2559 2319 2597 :
2356 2541 2531 2597 Gratis
2572 2545 2863 2613 accepistis,
2893 2546 3057 2616 gratis
3086 2547 3223 2635 date:

1902 2773 1908 2781 .
1953 2723 2109 2778 Vens.
2154 2724 2240 2777 £0.
2282 2722 2420 2789 Quid
2467 2724 2609 2778 enim
2657 2726 2857 2795 virgam
2909 2737 3049 2782 vetat
3096 2729 3290 2785 habere
3335 2730 3404 2784 ad

1878 2809 2334 2881 praedicationem,
2354 2820 2577 2881 antqua:
2594 2813 2748 2881 culpa
2768 2824 2907 2869 esset
2926 2816 3085 2885 virgae
3108 2818 3408 2887 possessio?

1881 2899 2097 2954 Scilicet
2148 2914 2386 2956 severam
2441 2902 2833 2956 institutionem
2877 2905 3038 2974 virga:
3090 2907 3404 2973 conferens,

244 2994 384 3052 τέως
420 2988 496 3057 τῷ
545 2988 758 3072 σκληρῷ
797 2992 892 3058 τῆς
940 2994 1183 3057 παιδείας
1235 2994 1307 3064 μὴ
1352 2997 1582 3063 χρᾶσθαι
1633 2997 1780 3066 παρὰ
1804 3032 1849 3093 C

1772 3014 1780 3049 ι
1804 3032 1849 3093 C
1880 2990 2124 3057 prohibet
2146 3004 2212 3043 ne
2234 2999 2446 3093 austera
2462 2991 2803 3093 institutione
2827 3002 3044 3048 utantur
3066 2995 3118 3049 in
3144 2997 3406 3065 principio

244 3080 347 3150 τὴν
376 3080 544 3151 ἀρχὴν
570 3082 667 3151 τῆς
699 3081 1060 3143 διδασκαλίας*
1091 3083 1171 3134 ὅτι
1196 3083 1252 3134 δέ
1284 3084 1376 3135 ἐπὶ
1405 3084 1598 3152 ῥάϐδου
1636 3085 1778 3152 λαμο

246 3170 468 3225 ϐάνεται
512 3170 571 3222 τὸ
611 3170 875 3238 αὐστηρὸν
913 3170 1010 3237 τῆς
1054 3170 1329 3235 παιδείας,
1386 3175 1779 3241 μαρτυρησάτω

248 3276 343 3329 μοι
374 3257 599 3322 Παῦλος·
634 3258 865 3317 ἀκούσας
901 3259 1006 3329 γὰρ
1044 3260 1099 3311 ἐν
1140 3259 1385 3329 Κορίνθῳ
1428 3263 1574 3322 τινὰς
1605 3262 1782 3331 ἀμαρ-

245 3351 553 3421 τήσαντας,
599 3351 796 3419 γράφει
842 3349 1012 3417 λέγων
1034 3366 1049 3381 ⁸
1104 3351 1162 3402 Τί
1204 3348 1436 3415 eum;
1481 3352 1548 3404 ἐν
1588 3352 1783 3419 ῥάϐδῳ

247 3443 408 3496 ἔλθω
433 3443 579 3509 πρὸς
604 3441 777 3511 ὑμᾶς,
816 3442 853 3508 ἢ
882 3442 949 3495 ἐν
974 3440 1174 3509 ἀγάπῃ
1207 3442 1492 3510 πνεύματί
1520 3459 1582 3494 τε
1608 3443 1784 3509 πραό-

247 3548 463 3598 τητος;
491 3533 586 3585 Διὰ
609 3533 763 3585 τοῦτο
790 3534 883 3586 καὶ
912 3534 940 3585 ό
962 3532 1159 3602 Κύριος
1180 3533 1304 3594 τοὺς
1336 3531 1527 3584 νεωστὶ
1555 3532 1785 3601 προσελ-

252 3623 448 3684 θόντας
497 3623 643 3691 αὐτῷ
694 3623 1046 3691 ἀνθρώπους,
1096 3624 1155 3675 οὗ
1205 3624 1464 3692 πρότερον
1514 3622 1788 3693 νηστεύειν

249 3711 569 3777 ἐπιτρέπει,
606 3711 737 3762 ἀλλὰ
775 3711 1034 3779 πρότερον
1068 3710 1341 3761 πιστεύειν
1383 3711 1476 3762 καὶ
1525 3710 1644 3761 τότε
1690 3729 1785 3779 νη·

252 3798 485 3849 στεύεινο
529 3799 646 3849 ὅθεν
677 3798 1067 3864 ἐγκαλούμενος
1099 3798 1202 3849 ὑπὸ
1234 3797 1340 3849 τῶν
1368 3797 1671 3865 Φαρισαίων
1701 3798 1787 3849 διὰ

248 3887 306 3938 τί
331 3888 383 3938 οἰ
427 3886 664 3937 Ἰωάννου
700 3883 935 3952 μαθηταὶ
966 3885 1280 3951 νηστεύουσι
1299 3920 1316 3945 ,
1350 3884 1667 3951 προσφόρως
1696 3884 1789 3934 καὶ

252 3972 601 4043 ἁρμοζόντως
630 3971 975 4039 ἀποκρίνεται
1005 3970 1176 4035 λέγων
1198 3985 1213 4001 ο
1251 3969 1458 4033 οὐδεὶς
1484 3968 1788 4021 ἐπιϐάλλει

252 4064 556 4129 ἐπίϐλημα
572 4059 795 4127 ῥάκους
824 4056 1091 4126 ἀγνάφου
1117 4055 1212 4108 ἐπὶ
1236 4058 1437 4125 ίματίῳ
1468 4054 1714 4119 παλαιῷ·
1740 4056 1792 4107 ει

250 4154 326 4206 δὲ
346 4152 431 4221 μή
453 4168 534 4220 τε,
562 4150 769 4203 πλεῖον
790 4149 1019 4217 σχίσμα
1038 4148 1274 4216 γίνεται.
1291 4147 1522 4216 Ἰμάτιον
1545 4145 1789 4211 παλαιὸν,

1883 3077 2294 3147 praedicationis.
2325 3076 2479 3141 Quod
2503 3088 2681 3133 autem
2713 3080 2766 3132 in
2798 3080 2944 3146 virga
2974 3083 3228 3137 severitas
3254 3083 3407 3137 insti-

1883 3166 2105 3219 tutionis
2135 3165 2517 3228 adumbretur,
2551 3165 2702 3220 testis
2750 3167 2880 3219 mihi
2926 3168 2997 3220 sit
3026 3166 3258 3234 Paulus;
3307 3186 3407 3222 au-

1883 3257 2035 3311 diens
2082 3256 2223 3310 enim
2273 3256 2532 3325 quosdam
2576 3255 2816 3311 Corinthi
2849 3260 3185 3327 peccavisse,
3221 3260 3408 3315 scribit

1884 3342 2068 3397 dicens
2101 3361 2113 3396 :
2148 3342 2283 3407 Quid
2311 3342 2507 3397 vultis?
2530 3343 2583 3395 in
2604 3344 2745 3411 uirga
2775 3347 2973 3397 veniam
3007 3347 3072 3398 ad
3096 3362 3201 3411 vos,
3224 3357 3311 3400 aut
3357 3350 3408 3400 iu

1886 3432 2138 3486 charitate
2160 3441 2208 3485 et
2235 3433 2419 3501 spiritu
2448 3434 2900 3486 mansuetudinis?
2922 3434 3001 3487 01)
3024 3449 3141 3488 eam
3169 3452 3277 3487 rem
3308 3435 3410 3489 Do-

1888 3523 2067 3576 minus
2102 3522 2346 3576 homines
2374 3522 2543 3589 prima
2569 3523 2684 3576 vice
2717 3524 2781 3577 ad
2811 3523 2957 3576 illum
3001 3524 3276 3587 adeuntes,
3307 3542 3411 3577 non

1887 3613 2115 3681 primum
2135 3611 2377 3679 ieiunare
2398 3612 2659 3676 hortatur,
2675 3613 2765 3667 sed
2787 3614 2955 3681 primo
2976 3614 3209 3677 credere,
3230 3615 3417 3669 deinde

1885 3703 2146 3771 ieiunare.
2179 3689 2327 3755 Unde
2355 3701 2713 3770 interrogatus
2749 3718 2779 3756 a
2807 3703 3090 3757 Pharisaeis
3124 3720 3220 3757 cur
3250 3703 3411 3758 JUull'

1890 3792 1975 3843 nis
2007 3791 2251 3858 discipuli
2286 3792 2557 3859 ieiuncnt,
2593 3807 2881 3860 congruam
2919 3800 2972 3846 et
3016 3794 3413 3847 cenvenientcm

1890 3880 2292 3943 responsionem
2324 3881 2414 3932 dat
2432 3880 2655 3933 dicendo
2684 3878 2883 3932 :Nemo
2917 3881 3145 3932 immittit
3174 3885 3414 3936 commis-

1889 3982 2066 4017 suram
2102 3968 2261 4033 panni
2294 3968 2438 4019 rudis
2462 3968 2516 4018 in
2548 3968 2897 4020 vestimentum
2923 3977 3060 4021 vetus
3082 3984 3100 4032 ;
3123 3970 3199 4021 sin
3225 3981 3416 4035 autem,

1889 4055 2033 4123 pejor
2066 4057 2291 4108 scissura
2314 4056 2391 4121 ﬁt.
2420 4054 2520 4109 Per
2547 4056 2917 4109 vestimentum
2946 4068 3115 4122 vetus,
3145 4060 3417 4114 hominem

1892 4146 1945 4198 in
1979 4153 2242 4199 vetustate
2269 4145 2714 4213 transgressionis
2744 4146 2944 4215 antiqui
2977 4147 3142 4201 Adam
3183 4150 3416 4217 genitum

250 4246 354 4296 τὸν
376 4244 430 4294 ἐν
452 4245 516 4309 τῇ
541 4240 849 4307 παλαιότητι
874 4239 1232 4307 παραϐάσεως
1253 4238 1346 4290 τοῦ
1361 4236 1586 4307 ἀρχαίου
1624 4236 1790 4304 Ἀδὰμ

1784 4274 1790 4286 .
1893 4234 2192 4303 signiﬁcat;
2230 4248 2320 4301 per
2353 4249 2547 4286 novum
2589 4241 2765 4286 autem
2798 4249 3030 4302 pannum
3052 4275 3067 4299 ,
3099 4252 3286 4290 recens
3318 4239 3418 4292 ista

250 4333 580 4403 γεννηθέντα
609 4330 887 4399 ἄνθρωπον
933 4329 1121 4394 λέγει’
1166 4328 1346 4380 καινὸν
1386 4326 1443 4378 δέ
1486 4325 1679 4393 ῥάκος,
1732 4324 1793 4376 τὸ
1825 4336 1869 4391 ι)

1784 4342 1793 4375 ›
1825 4324 2081 4395 Dieiunii
2110 4325 2435 4392 praedicatio.
2468 4324 2524 4376 Si
2565 4325 2707 4378 enim
2754 4326 2988 4379 volueris
3019 4328 3132 4380 seni
3177 4328 3317 4383 facto
3368 4329 3418 4381 in

251 4424 453 4491 νεαρὸν
491 4412 741 4490 κήρυγμα
767 4420 865 4487 τῆς
900 4419 1147 4487 νηστείας
1167 4434 1180 4447 ⁸
1212 4418 1306 4469 ἐὰν
1334 4417 1440 4485 γὰρ
1470 4415 1693 4483 θελήσῃς
1717 4413 1795 4481 τῷ

1785 4432 1795 4463 ι
1896 4417 2126 4484 peccatis
2160 4416 2344 4469 Grzeeo
2386 4416 2612 4482 primum
2660 4416 2878 4483 iniicere
2925 4427 3189 4471 recentem
3232 4417 3419 4485 ieiunii

254 4512 623 4566 παλαιωθέντι
651 4512 706 4561 ἐν
731 4512 793 4577 τῇ
830 4509 1066 4576 ἁμαρτίᾳ
1098 4506 1313 4575 Ἕλληνι
1337 4506 1546 4575 πρῶτον
1578 4502 1796 4555 ἐπιϐάλ-

1784 4530 1796 4541 -
1896 4506 2348 4573 praedicationem,
2375 4506 2636 4559 scinditur
2666 4505 2833 4574 magis
2858 4521 3018 4574 quam
3050 4509 3418 4571 committitur,

254 4603 379 4653 λειν
415 4601 472 4650 τὸ
503 4598 690 4665 νεαρὸν
724 4598 977 4665 κήρυγμα
1004 4598 1099 4664 τῆς
1132 4596 1399 4663 νηστείας,
1432 4594 1590 4645 πλέον
1620 4591 1796 4659 σχίζε-

1227 4596 1399 4659 πείας,
1432 4594 1590 4645 πλέον
1620 4591 1796 4659 σχίζε-
1898 4592 2172 4659 magisque
2206 4591 2272 4643 ab
2307 4590 2540 4644 Ecclesia
2569 4600 2861 4643 amovctur.

254 4709 353 4743 ται
384 4691 523 4757 ἤπερ
556 4688 899 4751 συνάπτεται,
925 4687 1083 4738 πλέον
1114 4685 1400 4755 χωρίζεται
1432 4684 1530 4750 τῆς
1572 4682 1794 4748 Ἐκκλη-

256 4781 409 4840 σίας.

324 4869 423 4931 Τὸ,
466 4869 649 4931 Ἄξιος
700 4869 946 4934 ἐργάτης
993 4866 1096 4918 τοῦ
1130 4864 1344 4931 μισθοῦ
1388 4864 1598 4924 αὑτοῦ,
1629 4862 1715 4912 διὰ
1738 4861 1796 4911 τὸ

252 4963 323 5010 ἐκ
352 4958 458 5007 τῶν
490 4956 630 5007 ἰδίων
655 4956 907 5025 μαθητῶν
945 4953 1253 5022 τρέφεσθαι·
1292 4950 1435 5014 λέγει
1463 4950 1567 5016 γὰρ
1605 4948 1796 5006 αὐτοὺς

254 5050 392 5106 τοὺς
431 5047 751 5107 ἀποστόλους
783 5045 1036 5113 δηλονότι.

1966 4857 2119 4918 Illud,
2144 4856 2336 4923 Dignus
2368 4865 2438 4906 est
2480 4854 2742 4920 operarius
2786 4852 2896 4906 cibo
2930 4870 3040 4917 suo,
3080 4870 3345 4925 quemque
3394 4874 3424 4911 a

1899 4946 2010 4997 suis
2043 4944 2316 5011 discipulis
2352 4943 2580 5010 propriis
2607 4942 2851 4995 alendum
2880 4958 2997 4996 esse
3035 4945 3267 5008 indicat;
3302 4947 3426 4999 dicit

1898 5036 2037 5086 enim
2072 5034 2169 5087 hos
2211 5034 2478 5101 apostolos
2513 5034 2705 5100 palam.

347 5138 409 5189 [ὸ
456 5136 529 5202 μὴ
566 5135 737 5185 οἰκίαν
786 5136 842 5198 ἐξ
882 5136 1055 5194 οίκίας
1096 5129 1359 5200 ἀμείϐειν,
1395 5127 1553 5177 ἕνεκα
1595 5124 1684 5174 τοῦ
1726 5126 1796 5193 μὴ

251 5226 571 5291 δοξομανεῖν
615 5227 852 5291 εἴρηται,
884 5225 914 5293 ἦ
945 5224 1033 5275 τοῦ
1080 5223 1153 5291 μὴ
1182 5217 1462 5270 λυπεῖσθαι
1500 5215 1586 5266 τὸν
1632 5230 1797 5264 κατα-

253 5329 308 5375 in.
319 5315 500 5386 μπανό
508 5329 660 5381 μενον
670 5351 682 5363 .

352 5406 422 5457 Τὸ
453 5401 788 5453 ἐκτινάσσειν
838 5400 926 5451 τὸν
966 5397 1234 5465 κονιορτὸν
1272 5394 1376 5445 τῶν
1412 5392 1583 5443 ποδῶν
1630 5390 1801 5442 αὐτῶν

260 5496 599 5553 ἐπετέτακτο
653 5491 743 5540 καὶ
784 5492 1075 5556 ἐπράττετο
1123 5484 1403 5551 αὐτοῖς,ῆ
1452 5482 1586 5532 ὥστε
1638 5480 1802 5545 δεῖξαι

263 5587 440 5657 μηδὲν
474 5582 654 5643 λαϐεῖν
686 5578 875 5638 αὐτοὺς
912 5580 1035 5645 παρ’
1068 5578 1239 5631 αὐτῶν
1271 5574 1400 5643 μηδὲ
1434 5570 1707 5638 βούλεσθαι
1729 5589 1740 5601 ·
1770 5570 1801 5636 ἢ

1970 5122 2129 5176 Vens.
2174 5124 2254 5176 1‘2.
2300 5123 2375 5176 Ne
2403 5124 2615 5176 domum
2668 5123 2827 5175 domo
2862 5132 3065 5177 mutent
3115 5134 3311 5183 monet.
3367 5134 3424 5176 ut

1901 5229 2005 5266 non
2036 5214 2345 5281 iactantiam
2385 5213 2822 5275 exhibeant,'aut
2853 5227 2957 5265 non
3000 5213 3172 5264 deleat
3202 5214 3287 5279 qui
3335 5228 3420 5263 rc-

1860 5326 1863 5329 ·
1902 5305 2057 5357 lietus
2083 5314 2242 5358 esset.

1972 5391 2132 5444 Vens.
2164 5392 2250 5443 Ut.
2277 5392 2536 5443 Excutere
2565 5388 2831 5456 pulverem
2861 5384 2924 5434 de
2948 5383 3165 5449 pedibus
3190 5383 3422 5449 ipsorum

1903 5482 2229 5551 praecipitur,
2246 5492 2297 5533 et
2323 5486 2599 5531 exercetur
2620 5476 2683 5527 ah
2704 5475 2798 5534 eis,
2820 5473 2930 5524 sive
2957 5470 3019 5521 ad
3044 5473 3425 5525 ostendendum

1905 5588 1995 5627 eos
2021 5572 2151 5624 nihil
2177 5572 2277 5625 sibi
2312 5570 2550 5636 accipere
2579 5580 2641 5617 ex
2664 5564 2765 5617 illis
2786 5561 2934 5626 velle,
2962 5560 3071 5615 sive
3098 5570 3150 5615 ut
3182 5564 3249 5617 sit
3278 5564 3429 5619 testi-
