4138 6342
239 294 370 358 1105

1192 303 1504 364 SCHOLIA
1539 306 1828 370 VETERA
1869 310 1947 369 IN
1988 311 2444 372 MATTIIIEUM.

3265 317 3432 380 1106,

233 402 512 479 νενοσηκὸς
557 403 666 457 ἀπὸ
713 403 804 456 τοῦ
842 406 1192 472 ὑγιαίνοντος,
1238 411 1331 464 καὶ
1387 413 1445 464 τὸ
1477 414 1760 477 στασιάζον

1872 418 2011 484 Quod
2056 422 2296 475 morbum
2330 423 2489 476 infert
2519 438 2614 492 pro
2638 433 2875 489 curante,
2904 425 3045 493 quod
3109 427 3402 481 rebellatio-

231 491 335 541 ἀπὸ
358 477 454 545 ’τοῦ
483 493 845 562 εἰρηνεύοντος
868 495 1036 564 λέγει.

299 583 390 649 Τὸ,
432 585 493 636 '0
521 585 714 653 φιλῶν
739 588 981 658 πατέρα,
1012 584 1102 643 καὶ
1121 592 1189 645 τὰ
1213 592 1358 662 ἑξῆς,
1398 592 1553 647 τοῦτο
1595 595 1761 662 λέγει·

232 674 356 726 ὅταν
391 676 549 731 πλέον
586 679 682 746 τῆς
723 678 941 748 ἀγάπης
989 682 1079 734 τοῦ
1143 683 1275 736 Θεοῦ
1314 685 1406 736 καὶ
1457 683 1564 736 τῶν
1600 685 1763 738 αὑτοῦ

231 763 472 819 ἐντολῶν.
495 766 705 847 Λουκᾶς
732 767 897 836 λέγει,
929 770 1009 820 ὅτι
1039 771 1109 823 Εἴ
1134 789 1221 837 τις
1246 773 1477 840 ἔρχεται
1510 776 1656 840 πρός
1669 792 1762 843 με,

187 910 189 913 ,
232 853 325 904 καὶ
361 855 430 906 οὐ
468 857 638 922 μισεῖ
677 856 782 910 τὸν
835 860 1056 927 πατέρα
1096 863 1302 927 αὐτοῦ,
1355 864 1476 918 ἀντὶ
1518 865 1609 916 τοῦ
1642 867 1767 919 ἀπι-

233 944 478 1008 στοῦντος
511 946 605 1001 τοῦ
654 950 856 1020 πατρὸς
899 951 1079 1003 αὑτοῦ·
1125 953 1157 1022 ἢ
1204 955 1280 1022 μὴ
1306 954 1534 1008 ἀπίστου
1583 956 1755 1020 δντος,

229 1035 577 1100 ἀπαιτοῦντος
604 1035 661 1092 δὲ
703 1042 860 1094 πλέον
890 1043 1063 1111 φιλεῖν
1109 1045 1270 1097 αὐτὸν
1319 1045 1456 1117 ὑπὲρ
1511 1048 1762 1117 Χριστὸν,

214 1121 327 1184 δεῖ,
355 1127 511 1192 φησι,
543 1127 731 1181 τοῦτον
759 1131 1214 1200 ἀποστρέφεσθαι.
1499 1131 1506 1137 ’

298 1213 389 1276 Τὸ,
419 1215 626 1283 Ὅστις
653 1220 725 1273 οὐ
740 1219 1022 1285 βαστάζει
1051 1222 1159 1275 τὸν
1184 1223 1449 1289 σταυρὸν
1469 1223 1650 1279 αὑτοῦ
1671 1227 1767 1278 καὶ

229 1300 548 1358 ἀκολουθεῖ
572 1324 696 1375 μοι,
729 1309 886 1367 τοῦτο
911 1311 1077 1381 δηλοῖ,
1124 1311 1186 1364 τὸ
1222 1311 1353 1381 πρός
1386 1311 1609 1366 θάνατον
1633 1311 1769 1368 εἶναι

232 1391 500 1460 ἑτοίμους·
533 1396 607 1458 ὡς
631 1397 722 1450 ἐπὶ
753 1400 887 1453 πολὺ
926 1402 1032 1470 γὰρ
1059 1404 1088 1454 ό
1125 1402 1237 1454 τῶν
1261 1401 1505 1456 παλαιῶν
1540 1404 1767 1467 θάνατος

228 1479 312 1531 διὰ
343 1485 567 1552 σταυροῦ
609 1482 695 1555 ἦν,
721 1489 794 1550 ὡς
829 1489 923 1541 νῦν
940 1490 1025 1543 διὰ
1052 1491 1258 1559 ξίφους.

302 1571 392 1636 To,
429 1573 487 1628 Ὁ
510 1576 697 1642 εὑρὼν
739 1577 854 1645 τὴν
884 1578 1094 1648 ψυχὴν
1137 1582 1344 1644 αὐτοῦ,
1379 1581 1498 1635 ἀντὶ
1553 1581 1670 1645 τοῦ,
1713 1582 1770 1632 '0

231 1661 401 1729 φιλῶν
437 1665 602 1735 αὐτὴν
631 1668 688 1719 ὲν
710 1667 939 1736 ἡδοναῖς,
980 1670 1146 1737 λέγει.

1867 524 1984 563 nem
2017 511 2213 564 excitat
2247 526 2339 578 pro
2367 513 2678 580 paciﬁcante
2711 515 2859 568 dicit.

1934 599 2088 652 Vnus.
2127 600 2212 653 37.
2248 600 2401 665 Illud,
2443 603 2546 665 Qui
2597 614 2738 655 amat
2776 613 2995 669 patrem,
3042 614 3170 666 ctc.,
3233 606 3400 656 inter-

1865 692 2140 753 pretamur
2187 688 2280 751 ita,
2330 688 2544 755 quando
2587 690 2757 754 magis
2788 700 2931 742 amat
2969 705 3127 758 quam
3162 690 3324 743 Deum
3352 699 3396 739 t'l

1865 777 1980 846 ejus
2018 778 2284 830 mandata.
2328 777 2498 832 Lucas
2534 777 2678 840 dicit,
2724 780 2864 848 quod
2907 777 2967 832 Si
3008 781 3121 847 quis
3175 781 3305 831 venit
3335 778 3401 829 ml

1866 880 1945 916 me
1978 876 2024 918 et
2064 881 2164 918 non
2188 867 2291 919 odit
2319 877 2517 934 patrem
2576 883 2747 930 suum,
2777 866 2828 919 id
2863 875 2945 921 cst
2985 881 3186 935 patrem
3241 883 3396 921 suum

1868 954 2151 1008 infidelem.
2180 955 2235 1009 Si
2263 970 2386 1008 vero
2414 971 2517 1009 non
2547 956 2775 1011 inﬁdelis
2809 965 2909 1020 est,
2951 965 3003 1011 et
3027 957 3192 1023 exigit
3230 957 3397 1008 amari

1867 1041 2035 1104 magis
2067 1055 2224 1109 quam
2257 1040 2550 1106 Christum,
2592 1051 2816 1111 oportet,
2857 1043 3049 1112 inquit,
3071 1044 3215 1096 illum
3248 1057 3401 1095 aver-

1868 1144 1996 1184 SEN.

1939 1219 2098 1277 Vsus.
2131 1220 2216 1275 58.
2251 1221 2352 1283 Qui
2382 1236 2482 1274 non
2510 1221 2693 1286 accipit
2741 1237 2940 1274 crucem
2963 1237 3110 1273 suam
3157 1228 3205 1272 et
3232 1222 3404 1286 sequi-

1869 1319 1952 1361 tur
1977 1325 2073 1372 ore,
2127 1310 2356 1364 ostendit
2387 1310 2457 1364 ad
2500 1319 2722 1363 mortem
2776 1317 2994 1377 paratos
3044 1323 3164 1364 esse
3192 1310 3402 1362 debere.

1870 1397 2102 1453 Utenim
2163 1401 2470 1468 plerumque
2518 1400 2817 1468 priscorum
2871 1414 3015 1453 mors
3048 1413 3142 1466 per
3190 1412 3403 1452 crucem
3489 1433 3496 1442 -

1868 1496 2002 1545 erat.
2037 1503 2177 1542 nunc
2205 1503 2296 1556 per
2318 1489 2571 1556 gladium.

1940 1575 2104 1630 Vsus.
2133 1576 2219 1629 '57.
2251 1575 2352 1640 Qui
2383 1576 2570 1628 invenit
2616 1577 2846 1627 animant
2886 1590 3054 1638 suam,
3085 1573 3220 1628 idem
3239 1583 3318 1628 est
3346 1589 3408 1627 ac

1871 1665 1960 1733 qui
1996 1674 2138 1719 amat
2168 1681 2285 1720 eam
2313 1665 2364 1719 in
2401 1665 2786 1732 voluptatibus.
2818 1672 2821 1676 '

301 1751 395 1811 Τὸ,
433 1752 766 1821 Ἀπολέσας
788 1758 903 1824 τὴν
920 1759 1130 1827 ψυχὴν
1148 1760 1351 1825 αὑτοῦ,
1387 1760 1506 1813 ἀντὶ
1533 1760 1646 1823 τοῦ,
1675 1759 1772 1812 Διὰ

1944 1754 2047 1818 Qui
2080 1755 2360 1822 perdiderit
2408 1757 2636 1809 animum
2690 1770 2858 1821 suam,
2914 1755 3050 1808 idem
3080 1764 3164 1809 est
3195 1769 3257 1808 ac
3315 1756 3407 1820 qui

231 1838 458 1894 θανάτου
496 1845 772 1914 στερηθεὶς
801 1847 989 1916 αὐτῆς,
1027 1849 1194 1917 λέγει.

301 1930 392 1994 Τὸ,
434 1932 487 1984 Ὀ
509 1933 827 2003 δεχόμενος
872 1938 1184 2006 προφήτην
1208 1942 1295 2006 εις
1325 1941 1508 2007 ὄνομα
1545 1940 1772 2007 προφή-

189 2066 193 2069 ,
230 2034 336 2071 του
360 2020 455 2072 καὶ
476 2022 724 2083 δικαίου,
745 2027 962 2092 μισθὸν
977 2029 1282 2095 προφήτου
1315 2030 1589 2095 λήψεται,
1613 2027 1768 2080 τοῦτο

228 2100 397 2165 λέγει,
423 2104 482 2155 τὸ
503 2105 575 2172 μὴ
599 2106 688 2158 διὰ
719 2107 978 2178 βιωτικὴν
1032 2112 1363 2179 προστασίαν
1393 2111 1645 2173 δέξασθαι
1673 2114 1769 2163 αὺ-

230 2191 339 2245 τὸν,
389 2191 520 2243 ἀλλὰ
570 2194 703 2246 διότι
759 2199 1040 2266 προφήτης
1090 2199 1256 2263 ἐστὶν,
1299 2201 1330 2267 ἢ
1391 2201 1522 2252 διότι
1569 2201 1772 2261 δίκαιός

231 2281 370 2330 ἐστι·
403 2282 462 2332 τὸ
496 2282 572 2342 δὲ,
602 2285 660 2335 Μ
662 2285 836 2336 ισθὸν
865 2286 1170 2353 προφήτου
1190 2290 1464 2354 λήψεται,
1491 2289 1583 2339 καὶ
1604 2289 1772 2350 ἄλλως

233 2367 348 2418 ἔστι
375 2368 580 2437 νοῆσαι·
614 2371 668 2439 ἢ,
699 2367 806 2425 οἷον
849 2374 1008 2436 αὐτὸς
1047 2377 1074 2428 ὁ
1109 2378 1389 2445 προφήτης
1422 2378 1600 2444 μέλλοι
1631 2378 1767 2445 λαμ-

232 2454 418 2507 ϐάνειν
452 2458 661 2525 μισθόν
686 2464 968 2532 προφήτην
996 2464 1051 2516 δὲ
1088 2467 1299 2534 νοήσεις
1336 2466 1428 2518 καὶ
1473 2467 1560 2518 τὸν
1585 2467 1771 2535 ψευδο-

232 2547 537 2614 προφήτην.

303 2635 378 2685 Τὸ
412 2638 665 2706 ποτήριον
692 2641 783 2692 τοῦ
826 2641 1013 2706 ὕδατος
1038 2643 1128 2696 τοῦ
1153 2645 1380 2714 ψυχροῦ,
1411 2645 1596 2699 τοῦτου
1619 2649 1774 2717 χάριν

231 2720 468 2788 δέχεται,
500 2725 584 2778 ἵνα
615 2729 706 2780 καὶ
728 2731 832 2782 τῶν
873 2734 1118 2802 πενήτων
1147 2737 1246 2804 τὴν
1275 2737 1525 2806 ἀφορμὴν
1546 2738 1772 2805 ἐκκόψῃ,

234 2812 306 2872 ὡς
344 2812 560 2868 δύναται
599 2822 876 2891 παρέχειν,
908 2824 1000 2879 καὶ.
1026 2825 1120 2894 τὴν
1153 2825 1468 2894 προαίρεσιν
1513 2827 1774 2898 γυμνώσῃ

234 2918 434 2958 αυτων.

810 3035 1056 3091 ΚΕΦΑΛ.
1093 3037 1194 3093 lA’.

310 3153 408 3204 Διὰ
435 3152 608 3218 τοῦτο,
646 3158 780 3224 μετὰ
813 3158 872 3209 τὸ
913 3157 1117 3223 διδάξαι
1167 3159 1289 3221 τοὺς
1346 3161 1606 3231 μαθητὰς,
1657 3181 1784 3232 μετ-

239 3243 366 3310 έϐη,
424 3243 603 3314 φησὶν,
643 3247 846 3300 ἐκεῖθεν
903 3248 1072 3311 διδοὺς
1116 3249 1292 3317 χώραν
1336 3252 1527 3314 αὐτοῖς
1579 3253 1777 3305 ἰᾶσθαιο

241 3337 508 3404 παρόντος
545 3338 650 3407 γὰρ
693 3339 875 3404 αὑτοῦ,
936 3341 1107 3405 οὐδεὶς
1166 3342 1230 3395 ἂν
1282 3343 1507 3412 ἐκείνοις
1554 3344 1782 3413 ἠθέλησε

242 3427 558 3496 προσελθεῖν
590 3428 722 3497 πρὸς
750 3429 1064 3500 θεραπείαν.

315 3519 413 3569 Διά
443 3518 766 3586 ζηλοτυπίαν
813 3522 1056 3574 Ἰωάννου
1099 3522 1348 3593 μαθητῶν
1392 3524 1527 3592 πρὸς
1557 3524 1786 3592 Χριστὸν

243 3609 460 3672 ὶγένετο
483 3611 513 3676 ἡ
533 3611 799 3678 ἀποστολὴ
826 3613 971 3680 παρὰ
1014 3613 1281 3664 Ἰωάννου·
1311 3614 1405 3666 καὶ
1429 3614 1488 3664 τὸ
1518 3614 1786 3680 ἐρωτῆσαι

243 3698 413 3749 αὑτὸν
435 3699 514 3758 τίς
549 3694 637 3766 ἧν·
672 3697 813 3767 εἶχον
844 3702 951 3766 γὰρ
987 3701 1076 3752 τὸν
1122 3702 1220 3768 μὲν
1249 3703 1483 3766 Χριστὸν
1513 3702 1663 3768 ψιλὸν
1696 3703 1788 3753 ἄν·

243 3787 272 3837 0
284 3804 484 3854 ρωπον,
512 3788 602 3839 τὸν
631 3788 686 3838 δὲ
736 3788 982 3852 Ἰωάννην
1019 3788 1296 3856 κρείττονα
1329 3790 1361 3858 ἢ
1409 3790 1546 3840 κατὰ
1575 3789 1785 3858 ἄνθρω-

243 3895 372 3929 πον·
399 3879 520 3928 ἐπεὶ
555 3879 654 3930 οὐκ
697 3878 986 3944 ἐγίνωσκεν
1037 3879 1225 3930 ἑαυτὸν
1269 3878 1660 3946 παρεχόμενον,
1703 3878 1788 3930 ἵνα

243 3970 508 4039 ὠφελήσῃ
533 3968 745 4030 αὐτούς·
781 3967 970 4020 τούτου
1020 3968 1175 4037 χάριν
1202 3968 1409 4036 πέμπει
1445 3967 1601 4036 δῆθεν
1633 3967 1791 4028 αὐτὸς

249 4060 468 4130 μαθεῖν,
508 4061 590 4112 ἵν’·
627 4061 819 4111 ἐκεῖνοι
852 4059 1110 4128 μάθωσιν·
1145 4055 1267 4109 οὗτε
1318 4058 1423 4125 γὰρ
1471 4058 1529 4108 τὸ
1577 4057 1792 4126 σιγῆσαι

261 4153 518 4219 Ἰωάννην
553 4151 679 4219 περὶ
705 4151 891 4204 τούτου
933 4149 1113 4210 καλὸν,
1163 4146 1285 4200 οὔτε
1311 4148 1370 4200 τὸ
1419 4150 1608 4210 εἰπεῖν,
1662 4148 1794 4201 Μεί-

1876 1853 2043 1896 morte
2079 1858 2140 1899 ea
2166 1845 2400 1911 privatus
2415 1857 2513 1899 est.
2596 1905 2603 1910 ,

1943 1928 2104 1981 Vsus.
2132 1929 2219 1982 4i.
2252 1930 2354 1994 Qui
2404 1934 2586 1997 recipit
2633 1933 2931 2000 praphetam
2960 1934 3009 1984 in
3064 1933 3266 1984 nomine
3293 1948 3413 1997 pro-

1873 2021 2038 2085 pheta:
2062 2029 2110 2071 et
2129 2020 2284 2087 justi,
2320 2021 2598 2072 mercedem
2635 2021 2894 2088 propheta:
2942 2021 3178 2088 accipiet,
3213 2021 3262 2072 id
3311 2030 3416 2085 est,

1875 2125 1977 2161 non
2034 2119 2249 2177 propter
2311 2119 2616 2163 terrestrem
2679 2117 2978 2176 respectum
3064 2111 3272 2178 recipit.
3321 2111 3411 2163 sed

1873 2199 1995 2265 quia
2030 2199 2281 2265 propheta
2331 2208 2421 2251 aut
2457 2199 2637 2264 justus
2680 2209 2780 2263 csl;
2833 2199 3107 2252 mercedem
3157 2201 3414 2267 prop/tela!

1873 2289 2176 2355 accipiet,ct
2205 2288 2357 2342 aliter
2385 2289 2782 2357 intelligendum
2805 2299 2888 2343 est
2918 2299 3042 2342 :aut
3069 2290 3222 2342 talem
3249 2304 3408 2357 quam

1874 2378 1986 2443 ipse
2017 2377 2269 2445 propheta
2310 2379 2610 2431 mercedem
2632 2379 2873 2446 accipere
2905 2380 3152 2443 deberet;
3185 2381 3413 2447 prophe-
3506 2398 3509 2402 '

1875 2472 1979 2516 tam
2049 2475 2226 2518 autem
2255 2466 2514 2536 intelliges
2544 2476 2590 2520 et
2617 2468 3154 2535 psetuloprOphetam.

1944 2549 2104 2603 Vsus.
2132 2551 2218 2602 42.
2247 2551 2477 2606 Calicem
2507 2567 2658 2618 aquae
2697 2551 2903 2621 frigida:
2939 2553 3236 2606 mercedem
3265 2552 3411 2606 acci-

1874 2641 1970 2707 pit,
2039 2650 2096 2691 ut
2159 2656 2453 2708 pauperum
2497 2643 2768 2696 miseriam
2826 2644 3102 2712 exstirpet,
3155 2654 3415 2710 quantum

1876 2742 2123 2797 praestare
2179 2741 2369 2799 potest,
2393 2741 2443 2784 ct
2469 2747 2655 2787 eorum
2684 2733 3004 2788 voluntatem
3045 2733 3346 2800 patefaciat.

2464 3040 2686 3094 CAPUT
2728 3041 2819 3095 XI.

1952 3164 2114 3219 Vsus.
2142 3166 2187 3218 l.
2221 3165 2341 3220 ldeo
2373 3175 2650 3234 postquam
2685 3165 2974 3234 discipulos
3026 3181 3154 3220 suos
3209 3167 3424 3225 docuis-

1884 3263 1983 3317 set,
2009 3255 2201 3308 transit
2235 3254 2377 3314 inde,
2405 3255 2596 3321 inquit,
2628 3255 2732 3322 illis
2764 3256 2938 3308 locum
2971 3257 3166 3308 cedens
3191 3265 3422 3309 utcura~

1885 3353 2036 3408 rent;
2077 3351 2336 3413 praesente
2374 3345 2514 3398 enim
2546 3358 2628 3407 eo,
2661 3359 2817 3398 nemo
2853 3346 2971 3400 illos
3000 3346 3253 3400 voluisset
3282 3345 3428 3398 adirc

1886 3436 1937 3490 in
1962 3438 2314 3489 curationem.
2355 3468 2358 3471 -

1955 3525 2117 3579 Vsus.
2139 3526 2190 3578 2.
2228 3526 2327 3580 Per
2357 3526 2670 3596 zelotypiam
2701 3525 3085 3594 discipulorum
3117 3523 3340 3578 Joannis
3364 3525 3426 3577 ad

1886 3615 2159 3668 Christum
2197 3615 2336 3668 facta
2363 3628 2443 3668 est
2471 3631 2498 3667 a
2524 3614 2728 3667 J0anne
2755 3613 2958 3673 missio,
2999 3614 3062 3665 ad
3097 3613 3428 3679 interrogan-

1890 3709 2011 3758 dum
2038 3720 2155 3757 eum
2205 3704 2324 3770 quis
2352 3713 2513 3756 esset.
2571 3703 2849 3754 llabebant
2875 3702 3018 3753 enim
3059 3702 3347 3753 Christum
3372 3709 3431 3751 ut

1892 3805 2094 3842 merum
2139 3789 2432 3850 hominem,
2480 3788 2734 3842 Joannem
2784 3803 2910 3846 vero
2963 3789 3216 3851 majorem
3269 3802 3428 3853 quam

1890 3878 2182 3930 secundum
2215 3873 2508 3930 hominem.
2538 3876 2671 3928 Cum
2701 3890 2804 3926 non
2835 3890 2890 3928 se
2910 3882 3226 3943 cognoseret
3248 3883 3430 3940 aptum

1893 3967 1957 4018 ad
1987 3954 2269 4018 utilitatem
2314 3966 2443 4032 ipsis
2502 3965 2880 4032 pi'aistamlam,
2923 3960 3041 4016 ideo
3090 3963 3427 4030 millitquasi

1895 4063 1952 4107 ut
1975 4055 2087 4122 ipse
2112 4055 2304 4117 discat,
2338 4054 2513 4122 reipsa
2568 4064 2627 4106 ut
2678 4054 2780 4121 ipsi
2810 4054 3036 4106 discant.
3065 4051 3178 4105 Non
3201 4053 3342 4104 enim
3387 4053 3430 4104 si

1892 4142 2123 4196 Joannes
2175 4142 2241 4195 de
2292 4143 2382 4195 illo
2428 4142 2634 4195 silucrit
2685 4143 2880 4196 bonum
2918 4140 3125 4204 fuisset,
3179 4155 3351 4207 neque
3387 4140 3432 4192 si

245 4243 370 4302 ζων
391 4243 507 4309 μού
548 4242 702 4305 ἐστι,
740 4239 1156 4301 δυσαποστάτως
1196 4237 1406 4307 ἔχοντες
1441 4241 1574 4307 πρὸς
1617 4239 1780 4291 Ἰωάν-

1894 4232 2106 4296 dixerit,
2125 4231 2497 4298 Maiormeest,
2518 4233 2568 4283 in
2614 4230 2878 4284 Joannem
2906 4230 3087 4284 ﬁdeles
3104 4245 3159 4284 se
3173 4228 3436 4283 ostendis-

246 4348 376 4401 νην·
407 4330 492 4384 διὰ
522 4330 680 4383 τοῦτο
723 4332 816 4382 καὶ
859 4328 1120 4381 ἐλθόντων
1159 4326 1334 4381 αὐτῶν
1359 4327 1588 4381 ἐνώπιον
1615 4328 1780 4381 αὐτῶι

1902 4330 2037 4377 sent.
2061 4321 2179 4376 Ideo
2209 4323 2544 4376 venientibus
2573 4322 2699 4385 illis,
2738 4336 2918 4375 coram
2963 4321 3177 4375 morbos
3206 4319 3434 4374 sanavit.

247 4421 644 4488 ἐθεράπευσεν.

328 4508 427 4558 Διὰ
454 4507 545 4558 τοῦ
573 4509 761 4568 εἰπεῖν,
802 4509 1098 4574 Μακάριος
1145 4509 1211 4572 ὃς
1260 4510 1330 4561 οὐ
1385 4509 1800 4576 σκανδαλισθῇ

248 4603 327 4652 ἐν
367 4598 512 4663 ἐμοὶ,
542 4596 705 4658 ἔδειξε
734 4597 812 4647 ὃτι
846 4597 936 4648 καὶ
968 4596 1035 4648 τὰ
1079 4599 1361 4666 ἀπόρρητα
1405 4594 1512 4649 οἶδε
1541 4598 1648 4650 τῶν
1673 4599 1799 4650 ἀπι-

253 4688 548 4744 στούντων.

338 4777 436 4830 Διά
469 4779 529 4829 τὸ
569 4777 641 4846 μὴ
667 4775 1000 4828 ὑποπτεῦσαι
1038 4777 1162 4836 τοὺς
1199 4775 1387 4844 ὄχλους
1416 4777 1496 4829 ὅτι
1542 4777 1802 4846 πρότερον

263 4868 560 4939 μαρτυρῶν
594 4870 622 4919 ὁ
663 4868 905 4936 Ἰωάννης
961 4868 1088 4935 περὶ
1132 4865 1223 4917 τοῦ
1281 4865 1537 4934 Χριστοῦ,
1577 4865 1801 4934 ὕστερον

256 4958 466 5028 ἐρωτᾷ,
491 4957 549 5009 Ei
579 4958 640 5008 σὺ
671 4952 750 5007 εἷ·
789 4957 976 5008 τούτου
1016 4957 1171 5027 χάριν
1201 4955 1343 5020 λέγει
1376 4957 1676 5008 ἀκουόντων
1699 4958 1801 5009 τῶν

252 5050 456 5117 aliter
497 5047 553 5098 Τί
574 5046 848 5113 ἐξήλθετε
876 5046 1020 5097 ἰδεῖν
1033 5048 1118 5109 εὶς
1141 5044 1251 5111 τὴν
1269 5044 1523 5110 ἓρημον;
1543 5044 1806 5112 κάλαμον

260 5134 389 5190 ὑπὸ
407 5133 648 5200 ἀνέμους
680 5135 770 5184 καὶ
795 5135 860 5185 τὰ
882 5135 1030 5200 ἐξῆςσ
1054 5131 1208 5184 τοῦτο
1237 5132 1292 5184 δὲ
1314 5131 1459 5198 λέγει
1483 5132 1563 5182 ὅτι
1594 5132 1807 5202 ὲδραῖός

263 5231 410 5288 ἐστι,
448 5224 540 5276 καὶ
569 5223 667 5273 οὐκ
689 5223 997 5292 εὐρίπιστος
1025 5223 1097 5284 ὡς
1130 5222 1389 5289 κάλαμος.

345 5402 768 5470 Περισσότερόν
819 5402 964 5454 ἐστιν
1013 5401 1338 5469 προφήτου,
1370 5398 1452 5448 ὅτι
1499 5396 1664 5461 ἐγγύς
1696 5397 1810 5449 ἐστι

269 5495 372 5564 τοῦ
398 5494 866 5564 προφητευομένου
895 5493 986 5544 καὶ
1011 5493 1308 5560 πρόδρομος
1327 5487 1508 5539 αὑτοῦ.
1533 5486 1597 5538 υἱ
1633 5485 1812 5552 λέγον-

272 5603 369 5648 τες
387 5584 543 5638 αὑτὸν
571 5581 641 5649 μὴ
665 5582 882 5649 μείζονα
906 5578 1039 5635 εἶναι
1074 5578 1358 5648 προφητῶν
1387 5577 1458 5638 ὡς
1497 5575 1807 5642 ἀγνοοῦντα,

1971 4500 2132 4554 VERS.
2167 4500 2219 4554 6.
2256 4501 2503 4561 Dicenda,
2565 4499 2754 4552 Beatus
2778 4501 2863 4566 qui
2903 4515 3002 4550 non
3053 4497 3438 4548 scandalizatus

1904 4593 2057 4658 fuerit
2081 4592 2132 4643 in
2163 4608 2257 4656 me,
2279 4592 2509 4644 ostendit
2535 4606 2588 4642 se
2619 4605 2815 4641 arcana
2847 4600 3062 4654 quoque
3082 4601 3183 4638 non
3216 4585 3436 4636 creden-

1905 4682 2034 4733 tium
2059 4680 2214 4734 scire.

1973 4767 2132 4821 Vens.
2165 4769 2216 4818 7.
2251 4765 2323 4818 Ne
2350 4767 2404 4818 in
2449 4764 2803 4830 suspicionem
2839 4762 3009 4815 turbis
3045 4761 3261 4821 incidat,
3302 4760 3440 4828 quod

1904 4858 2137 4911 Joannes
2192 4856 2420 4924 primum
2472 4854 2832 4907 testimonium
2887 4854 3023 4906 dans
3093 4852 3157 4905 de
3203 4852 3440 4914 Christo,

1907 4957 2089 5016 postea
2144 4945 2482 5011 interrogat:
2551 4945 2628 4995 An
2681 4952 2736 4996 tu
2790 4959 2848 4996 es
2875 4942 3174 4996 Christus?
3203 4942 3318 4994 ideo
3352 4957 3446 4993 au-

1908 5034 2177 5090 dientibus
2245 5033 2416 5085 turbis
2467 5033 2618 5095 dicit,
2677 5032 2820 5096 Quid
2862 5033 3043 5084 existis
3095 5032 3148 5082 in
3192 5030 3445 5082 desertum

1911 5126 2104 5180 videre?
2137 5125 2443 5177 arundinem
2502 5133 2642 5176 vento
2672 5125 2948 5191 agitatam?
2987 5132 3038 5174 et
3071 5120 3294 5185 reliqua.
3341 5117 3446 5170 ΙΙυο

1911 5225 2088 5268 autem
2133 5215 2283 5280 dicit,
2331 5214 2455 5280 quia
2493 5214 2682 5267 ﬁrmus
2716 5221 2877 5266 estet
2927 5224 3028 5263 non
3064 5215 3220 5260 vento
3255 5207 3448 5260 cedens

1914 5317 1972 5359 ut
1999 5307 2204 5359 arundo

1987 5394 2144 5446 Vens.
2188 5397 2237 5447 '7.
2282 5395 2401 5447 Mus
2463 5409 2617 5457 quant
2671 5390 2914 5455 propheta
2951 5396 3051 5450 est,
3089 5387 3211 5455 quia
3249 5387 3453 5441 vicinus

1915 5496 1996 5537 est
2042 5484 2392 5551 prophetizati
2438 5493 2490 5535 et
2557 5482 2697 5533 illius
2765 5491 3077 5545 pra-cursor.
3119 5477 3218 5540 Qui
3258 5477 3455 5537 dicunt

1917 5575 2066 5626 illum
2117 5590 2218 5628 non
2261 5575 2510 5640 majorem
2541 5583 2658 5624 esse
2702 5565 2971 5635 prophetis
2994 5573 3048 5619 ut
3091 5566 3452 5635 ignorantem,
