4138 6342
715 252 842 320 11οἹ
1291 300 1294 304 η
1406 252 1788 314 OPUSCULA
1821 251 2438 315 SCRIPTUBISTICA
2471 252 2815 313 INCERTAE
2857 253 3156 313 ZETATIS.
3721 247 3864 316 “08

715 359 960 413 nesciunt
997 356 1138 426 quod
1198 357 1398 412 dicunt.
1431 358 1544 411 Non
1599 359 1740 414 enim
1795 360 2098 427 ignorabat,
2152 360 2243 413 sed
2273 367 2349 421 At

2229 360 2316 421 ΙΑ
2345 360 2442 413 οὐκ
2469 360 2637 413 οἴδασι
2685 360 2736 412 τί
2783 360 3044 426 λέγουσιν’
3085 358 3144 412 οὐ
3175 355 3282 427 γὰρ
3331 355 3401 426 ἠγ
3435 356 3532 417 όει,
3590 353 3724 409 ἄλλα
3774 357 3863 407 δια

716 458 930 516 propter
958 447 1247 515 discipulos
1271 447 1372 502 hoc
1403 448 1572 502 ﬁnxit.
1591 451 1847 503 Praeterea
1869 449 2037 502 multo
2075 449 2241 517 major
2343 465 2350 482 ι

2229 464 2241 499 ρ
2343 448 2464 508 τοὺς
2497 447 2754 518 μαθητάς·
2806 447 2988 500 ἔπειτα
3022 445 3216 498 μείνων
3242 446 3349 514 ὅσῳ
3389 445 3596 497 καὶτὸν
3649 459 3863 514 προφη-

718 538 1138 606 prophetizalum
1163 535 1317 592 vidit.
1397 564 1400 567 λ
2342 553 2352 570 .

1173 535 1317 592 vidit.
1397 564 1400 567 λ
2342 536 2623 604 τευόμενον
2651 533 2807 592 εἶδεν.

778 625 1375 694 CognoscebatJoannes
1391 636 1634 695 oportere
1646 627 1913 682 Christum
1933 629 2060 694 pati;
2074 644 2244 696 quan-

722 714 790 765 do
809 715 946 766 ettim
973 713 1096 766 dicit
1112 729 1229 767 eum
1249 715 1454 782 Agnum
1483 715 1572 781 qui
1594 715 1728 769 tollit
1747 725 2018 784 peccatum
2040 715 2243 777 mundi,

725 803 824 856 hoc
849 818 938 870 per
966 792 1277 857 allusionem
1300 804 1556 872 loquitur;
1573 814 1623 857 et
1646 818 1766 856 cum
1791 803 1941 867 dicit,
1962 805 2012 854 in
2045 802 2244 869 Spiritu

722 908 810 945 vos
843 890 1144 958 baptizabit,
1181 893 1366 946 alludit
1403 893 1468 945 ad
1498 907 1560 945 ea
1599 907 1718 960 quae
1746 898 1866 960 post
1900 891 2244 946 resurrectio-

723 996 839 1033 nem
865 982 916 1034 in
936 981 1248 1035 Pentecoste
1281 982 1418 1035 facta
1455 991 1600 1035 sunt.

789 1070 951 1125 Vens.
981 1072 1066 1124 ii.
1102 1072 1220 1124 Non
1243 1073 1469 1124 surrexit
1500 1072 1668 1137 major
1688 1069 1890 1123 Joanne
1929 1070 2064 1123 inter
2097 1079 2245 1122 natos

722 1159 1015 1223 mulierum,
1035 1158 1300 1226 praeterito
1332 1157 1397 1211 de
1427 1167 1662 1224 tempore
1687 1165 1787 1221 est,
1805 1170 1909 1209 non
1944 1155 2152 1220 futuro;
2180 1170 2247 1210 ne

720 1249 840 1315 quis
866 1247 1166 1316 suspicetur
1195 1246 1276 1300 vel
1323 1245 1578 1313 apostolis
1603 1247 1692 1310 qui
1739 1243 2042 1307 succedent,
2078 1243 2247 1310 majo-

720 1350 806 1388 res
827 1348 944 1390 esse
976 1334 1066 1403 qui
1107 1334 1486 1402 praeterieram,
1517 1333 1583 1387 de
1627 1332 1716 1386 illo
1767 1341 1970 1387 tantum
2008 1347 2244 1400 pronun-

723 1424 837 1476 tiat.

791 1511 1046 1566 Minorem
1106 1511 1389 1580 quemdam
1439 1510 1662 1565 dicendo
1734 1511 1960 1580 aliquem
2023 1510 2244 1573 Joanne,

723 1601 955 1668 scipsum
1014 1601 1273 1653 minorem
1325 1599 1563 1667 designat
1653 1602 1939 1654 secundum
2015 1610 2244 1667 tempus,

2424 625 2742 692 Ἐγίνωσκεν
2779 627 3027 695 Ἰωάννης
3052 627 3133 679 ὅτι
3161 626 3242 679 δεῖ
3278 625 3467 677 παθεῖν
3487 623 3576 676 τὸν
3606 620 3863 691 Χριστόν·

2343 714 2468 766 ὅταν
2501 714 2607 784 γὰρ
2634 715 2766 786 λέγῃ
2802 715 2960 767 αὐτὸν
2994 714 3186 783 Ἀμνδν
3217 714 3433 783 αίροντα
3465 713 3562 782 τὴν
3588 709 3867 780 ἁμαρτίαν

2342 803 2433 854 τοῦ
2461 803 2684 873 κόσμου,
2714 804 2867 857 τοῦτο
2906 805 3269 873 αἰνιττόμενος
3313 803 3480 869 λέγει·
3530 802 3623 854 καὶ
3648 800 3728 863 τὸ,
3764 801 3870 852 Ἐν

2344 894 2630 961 Πνεύματι
2647 895 2925 957 βαπτίσει
2947 893 3118 961 ὑμᾶς,
3150 894 3216 945 τὰ
3246 891 3381 961 μετὰ
3422 891 3519 945 τὴν
3575 889 3869 942 ἀνάστασιν

2343 981 2427 1033 διὰ
2461 983 2553 1050 τὴν
2590 983 2959 1052 Πεντηκοστὴν
2985 983 3296 1035 αἰνίττεται.

2411 1072 2502 1134 Τὸ,
2537 1074 2654 1125 Οὐκ
2684 1072 2984 1140 ἐγήγερται
3008 1071 3212 1139 μείζων
3246 1068 3522 1124 Ἰωάννου
3547 1065 3616 1119 ἐν
3655 1080 3868 1131 γεννηο

2343 1158 2465 1223 τοῖς
2481 1160 2791 1227 γυναικῶν,
2822 1159 3243 1230 παρεληλυθότος
3268 1161 3382 1212 ἐστὶ⁵
3409 1157 3619 1230 χρόνου,
3650 1154 3708 1206 οὐ
3741 1151 3872 1221 μέλ-

2345 1249 2545 1310 λοντος’
2569 1250 2653 1300 ’ίνα
2677 1250 2750 1317 μή
2791 1265 2873 1310 τις
2893 1249 3200 1322 ὑποπτεύσῃ
3231 1248 3324 1301 καὶ
3376 1248 3479 1299 τῶν
3508 1245 3640 1313 μετά
3695 1242 3872 1294 ταῦτα

2345 1336 2649 1389 ἀποστόλων
2697 1336 3003 1406 κρείττονας
3062 1331 3196 1390 εἶναι
3226 1337 3349 1399 τοὺς
3404 1333 3870 1406 παρεληλυθότας,

2346 1423 2615 1494 συγκρίνει
2645 1426 2799 1492 μόνον
2821 1426 2953 1494 πρὸς
2971 1427 3147 1481 αὐτόν.

2411 1517 2484 1568 Τὸ
2516 1517 2828 1587 μικρότερον
2846 1518 3024 1584 λέγειν
3043 1517 3161 1568 τινὰ
3203 1516 3465 1576 Ἰωάννου,
3498 1513 3683 1567 ἑαυτὸν
3719 1511 3873 1577 λέγει

2350 1605 2662 1673 μικρότερον
2689 1605 2828 1657 κατὰ
2861 1606 2949 1656 τὸν
2995 1605 3199 1673 χρόνον,
3242 1603 3553 1672 μικρότερον
3603 1603 3743 1653 κατὰ
3769 1600 3872 1667 τὴν

724 1685 983 1739 minorem
1051 1686 1342 1741 secundum
1409 1687 1694 1739 multorum
1763 1687 2086 1755 opinionem.
2138 1669 2358 1740 HocB1

2237 1701 2248 1740 :
2279 1669 2318 1723 Β
2485 1669 2689 1745 πολλῶν
2722 1693 2893 1758 δόξαν·
2924 1669 3078 1750 τοῦτο
3102 1694 3155 1745 δὲ
3177 1669 3321 1756 λέγει
3344 1669 3484 1759 ’μετὰ
3506 1691 3565 1741 τὸ
3590 1690 3871 1756 ἐγκωμιά-

723 1784 896 1827 autem
918 1775 1045 1828 dicit
1089 1782 1369 1843 postquam
1410 1775 1557 1827 illum
1612 1775 1921 1835 laudaverit,
1948 1790 2012 1828 ne
2043 1775 2245 1843 magni-

726 1862 854 1916 tudo
899 1872 953 1916 et
1012 1864 1223 1917 insolita
1272 1863 1484 1916 laudum
1554 1864 1844 1931 propositio
1911 1863 2250 1932 principalem

724 1951 1161 2014 illum-ostendat,
1194 1952 1272 2004 vel
1304 1952 1420 2020 ipso
1447 1953 1696 2006 laudante
1717 1952 1947 2008 Christo.

792 2038 952 2092 Vens.
995 2039 1078 2094 12.
1138 2039 1432 2104 Quodnam'
1467 2039 1594 2092 dicit
1643 2039 1887 2107 regnum?
1945 2039 2124 2096 Fidem
2195 2042 2248 2095 in

724 2126 868 2180 illum
897 2145 910 2179 :
935 2127 1045 2193 ipse
1069 2127 1210 2180 enim
1245 2135 1362 2179 erat
1387 2126 1646 2179 caelorum
1682 2141 1796 2180 rex.

792 2215 1029 2284 Regnum
1082 2216 1338 2269 caelorum
1367 2229 1488 2269 esse
1535 2215 1696 2283 aliqui
1733 2216 1916 2269 dicunt
1967 2216 2245 2286 dignorum

722 2303 776 2358 in
807 2306 956 2360 emlis
986 2305 1478 2367 conversationem;
1506 2304 1595 2356 alii
1617 2313 1789 2358 autem
1829 2304 2052 2358 similem
2086 2320 2248 2374 ange-

723 2391 790 2445 lis
840 2393 1160 2446 salvatorum
1211 2381 1583 2453 morationem;
1635 2389 1723 2442 alii
1757 2390 2014 2443 visionem
2081 2392 2247 2458 ipsam

723 2481 912 2534 divina:
937 2478 1366 2548 pulchritudinis,
1397 2478 1744 2531 similitudine
1767 2477 2000 2532 ctelestis
2028 2477 2248 2530 indutis.

722 2570 1030 2625 Consouaut
1058 2577 1228 2621 autem
1263 2582 1469 2630 revera,
1499 2576 1556 2620 ut
1587 2567 1713 2619 mihi
1733 2566 1962 2631 videtur,
1993 2574 2104 2620 tres
2133 2566 2250 2620 ista

722 2659 787 2711 de
815 2659 913 2712 hoc
942 2658 1249 2725 opiniones;
1281 2656 1475 2722 cuique
1493 2656 1635 2710 enim
1661 2655 1727 2708 ad
1773 2656 2068 2723 analogiam
2106 2657 2249 2710 illius

724 2749 776 2800 in
813 2748 916 2800 illis
934 2757 1014 2800 est
1038 2746 1213 2816 quoad
1261 2745 1418 2814 quale
1441 2753 1494 2798 et
1521 2752 1779 2814 quantum
1806 2743 2047 2813 iustitiae,
2068 2744 2247 2798 futura

722 2847 801 2891 est
832 2838 1021 2904 gratia.

792 3022 950 3074 Vens.
985 3021 1071 3076 Η.
1127 3021 1279 3085 Illud,
1306 3018 1421 3087 Ipse
1448 3027 1523 3072 est
1575 3019 1720 3071 Elias
1747 3020 1834 3087 qui
1858 3026 2096 3072 venturus
2145 3028 2242 3082 est,

728 3127 829 3163 non
861 3110 1032 3163 solum
1069 3109 1288 3175 intelligi
1315 3108 1470 3160 debet
1523 3107 1664 3174 quod
1699 3107 1786 3160 hic
1822 3107 1885 3160 de
1912 3123 2019 3175 quo
2045 3110 2244 3161 dictum

726 3207 804 3249 est
833 3205 1084 3250 venturus
1115 3197 1202 3259 sit,
1223 3196 1314 3247 sed
1339 3195 1477 3260 quod
1506 3194 1643 3246 sicut
1670 3191 1900 3248 Joannes
1953 3210 2248 3262 prmcursor

727 3283 825 3336 fuit
849 3284 1042 3350 prioris
1080 3283 1274 3336 Christi
1308 3283 1587 3341 adventus,
1619 3283 1688 3334 ita
1739 3283 1880 3335 Elias
1937 3285 2247 3350 posterioris

726 3372 937 3426 futurus
965 3373 1054 3425 sit.

793 3461 952 3514 Vsus.
976 3462 1057 3515 15.
1083 3459 1184 3523 Qui
1201 3459 1347 3513 habet
1373 3475 1520 3511 aures
1535 3458 1779 3512 audiendi
1800 3459 2002 3514 audiat.
2022 3460 2143 3515 Vult
2157 3476 2249 3530 per

724 3551 837 3602 iure
873 3548 1028 3601 verba
1064 3548 1297 3600 excitare
1321 3545 1644 3599 audientium
1677 3556 1928 3611 mentem,
1961 3557 2013 3602 et
2048 3548 2248 3603 idcirco

724 3655 818 3706 per
844 3637 1122 3703 parabolas
1158 3638 1410 3706 loquitur.

794 3726 949 3782 Vens.
985 3727 1068 3781 16.
1095 3727 1379 3782 Cecinimus
1412 3740 1459 3785 et
1492 3747 1589 3783 non
1613 3730 1883 3791 saltastis;
1922 3728 2061 3783 istud
2087 3741 2244 3781 nemo

723 3827 781 3870 ut
807 3817 1149 3884 improprium
1201 3818 1462 3886 accipiat;
1491 3835 1613 3874 nam
1663 3821 1728 3874 ad
1768 3819 2094 3887 assignatum
2124 3832 2247 3871 sen-

724 3922 840 3958 sum
870 3907 1014 3958 dicit.

793 3992 954 4045 Vens.
985 3994 1065 4045 18.
1092 3993 1265 4061 Neque
1285 3995 1603 4047 mundurans
1625 4010 1780 4062 neque
1809 3994 2004 4056 bibens;
2034 3991 2248 4045 eviden-

727 4089 806 4132 ter
831 4093 1042 4131 carnem
1075 4094 1172 4133 nec
1234 4081 1444 4144 vinum;
1498 4081 1611 4133 sine
1640 4080 1843 4134 cmteris
1875 4080 2016 4132 enim
2072 4079 2248 4129 vivere

727 4183 830 4221 non
855 4167 1129 4234 potuisset.
1723 4185 1726 4188 ’

2357 1799 2444 1833 σαι
2477 1781 2654 1834 αὐτόν·
2687 1782 2770 1834 ἵνα
2801 1781 2874 1849 μὴ
2921 1781 2956 1848 ἡ
2977 1779 3246 1848 ὑπερϐολὴ
3291 1779 3382 1830 καὶ
3408 1779 3728 1844 ἀσύγκριτος
3761 1776 3875 1826 τῶν

2351 1871 2634 1938 ἐγκωμίων
2686 1869 2980 1938 παράθεσις
3033 1869 3305 1936 ἐξαίρετον
3349 1866 3508 1920 αὑτὸν
3558 1864 3725 1931 δείξῃ,
3777 1865 3877 1914 καὶ

2349 1960 2508 2012 αὑτοῦ
2538 1958 2628 2012 τοῦ
2658 1957 2998 2020 ἐπαινοῦντος
3018 1957 3269 2027 Χριστοῦ.

2417 2047 2546 2100 Τίνα
2567 2046 2736 2112 λέγων
2772 2045 3080 2113 βασιλείανς
3112 2045 3220 2113 Τὴν
3239 2044 3416 2095 πίστιν
3443 2041 3540 2110 τὴν
3576 2042 3652 2102 εἰς
3683 2041 3874 2093 αὐτόν’

2347 2130 2497 2197 οὗτος
2524 2135 2628 2204 γὰρ
2649 2137 2676 2186 ὁ
2701 2135 2945 2203 οὐράνιος
2982 2133 3248 2202 βασιλεύς.

2415 2226 2523 2294 Τὴν
2549 2224 2817 2292 βασιλείαν
2851 2224 2956 2274 τῶν
3011 2222 3252 2290 οὐρανῶν
3290 2214 3427 2274 εἷναί
3471 2236 3614 2281 τινες
3651 2218 3875 2283 λέγουσι

2344 2314 2442 2382 τὴν
2467 2314 2520 2364 ἐν
2543 2310 2782 2381 οὐρανοῖς
2809 2309 2915 2361 τῶν
2949 2309 3111 2372 ἀξίων
3145 2307 3433 2376 διαγωγήν·
3479 2307 3566 2358 ’ἐτε
3577 2322 3655 2372 ροι
3682 2304 3739 2354 δέ
3767 2303 3876 2371 τὴν

2347 2401 2531 2466 ὁμοίαν
2556 2402 2664 2460 τοῖς
2696 2397 2943 2464 ἀγγέλοις
2988 2395 3098 2448 τῶν
3126 2395 3440 2462 σωζομένων
3505 2393 3835 2445 κατάστασιν
3858 2406 3875 2420 ·

2347 2489 2491 2543 ἄλλοι
2520 2489 2573 2540 δὲ
2601 2487 2659 2539 τὸ
2690 2483 2828 2548 εἶδος
2874 2485 3004 2538 αὐτὸ
3033 2484 3132 2552 τῆς
3152 2484 3335 2553 θεῖκῆς
3385 2483 3732 2553 ὡραιότητος,
3759 2482 3878 2532 τῶν

2348 2578 2684 2645 φορεσάντων
2716 2574 2810 2643 τὴν
2840 2575 3020 2625 εἰκόνα
3064 2571 3155 2624 τοῦ
3189 2571 3525 2636 ἐπουρανίου.
3575 2569 3880 2634 Συνάγουσι

2345 2667 2401 2718 δέ
2427 2669 2488 2735 τῇ
2512 2663 2754 2732 ἀληθείᾳ,
2790 2662 2928 2716 κατὰ
2958 2662 3018 2712 τὸ
3062 2661 3182 2729 ἐμοὶ
3231 2660 3436 2722 δοκοῦν,
3473 2661 3565 2711 καὶ
3618 2658 3672 2709 ai
3718 2659 3878 2724 τρεῖς

2349 2753 2473 2816 περὶ
2500 2751 2683 2803 τούτου
2710 2751 2854 2814 δόξαι
2879 2766 2894 2781 ·
2929 2747 3139 2816 ἑκάστῳ
3165 2747 3270 2815 γὰρ
3299 2746 3437 2798 κατὰ
3460 2748 3556 2813 τὴν
3581 2743 3878 2808 ἀναλογίαν

2345 2842 2440 2910 τῆς
2464 2841 2521 2892 ἐν
2551 2841 2727 2901 αὐτοῖς
2763 2837 2900 2890 κατὰ
2930 2837 2988 2890 τὸ
3023 2837 3172 2889 ποιόν
3217 2853 3274 2889 τε
3328 2837 3419 2888 καὶ
3451 2835 3612 2886 ποσὸν
3661 2833 3878 2884 δικαιο-

2273 2970 2314 3025 C
2349 2929 2529 2996 σύνης,
2560 2929 2591 2995 ἡ
2624 2926 2881 2995 μέλλουσα
2897 2927 3073 2995 χάρις.

2412 3020 2502 3078 Τὸ,
2554 3017 2739 3081 Αὐτός
2771 3018 2939 3070 ἐστιν
2982 3017 3181 3081 Ἠλίας
3219 3018 3249 3069 ὀ
3276 3015 3514 3083 μέλιων
3567 3002 3876 3078 ἐρέεσθαι,

2342 3108 2401 3159 οὑ
2436 3107 2590 3174 μόνον
2619 3107 2787 3158 νοοῖτο
2818 3106 2897 3157 ὅτι
2939 3106 2966 3155 ὁ
2993 3104 3200 3172 λεχθεὶς
3243 3103 3575 3160 ἐλεύσεσθαι,
3608 3101 3718 3153 ἀλλ’
3760 3101 3878 3159 ὅτι,

2345 3195 2524 3262 φησιν,
2584 3194 2766 3261 ὥσπερ
2848 3192 3095 3258 Ἰωάννης
3163 3191 3459 3260 πρόδρομος
3513 3189 3696 3254 γέγονε
3768 3186 3880 3252 τῆς

2347 3281 2562 3348 πρώτης
2593 3281 2752 3332 αὑτοῦ
2781 3279 3092 3346 παρουσίας,
3139 3278 3306 3339 οὕτως
3372 3277 3555 3337 Ἠλίας
3605 3279 3696 3343 τῆς
3744 3275 3876 3324 δευ-

2343 3367 2503 3437 τέρας
2541 3367 2708 3418 ἔσται.

2413 3457 2504 3522 Τὸ,
2549 3455 2611 3508 '0
2630 3457 2782 3524 ἔχων
2801 3470 2919 3509 ωτα
2947 3461 3206 3513 ἀκουειν,
3237 3451 3514 3511 ἀκουέτω,
3553 3449 3882 3517 βουλομένου

2348 3549 2462 3601 ἐστὶ
2484 3530 2755 3614 διεγεῖραί
2773 3545 2869 3612 τὴν
2899 3543 3118 3612 γνώμην
3139 3542 3244 3595 τῶν
3272 3541 3574 3594 ἀκουόντων
3596 3557 3609 3570 ·
3649 3539 3740 3592 καί
3779 3538 3884 3592 διὰ

2345 3635 2499 3690 τοῦτο
2520 3633 2922 3702 αἰνιγματωδῶς
2946 3633 3211 3699 λέγοντος.

2412 3727 2502 3787 Τὸ,
2540 3726 2928 3792 Ηύλήσαμεν,
2970 3723 3065 3776 καί
3115 3725 3224 3776 οὐκ
3260 3722 3631 3789 ὠρχήσασθε,
3684 3717 3883 3787 μηδεὶς

2343 3817 2415 3880 ὡς
2465 3818 2811 3882 κακέμφατον
2861 3814 3180 3882 ἐπιλάϐηται
3208 3829 3221 3843 ’
3253 3813 3326 3874 ὡς
3358 3813 3490 3880 πρὸς
3539 3809 3718 3863 ἱδιῶτα
3759 3807 3884 3877 γὰρ

2344 3907 2486 3973 λέγει
2513 3906 2654 3957 νοῦν.

2412 3995 2571 4058 Μήτε
2599 3995 2831 4052 ἐσθίων,
2857 3992 3005 4058 μήτε
3037 3991 3241 4052 πίνων,
3287 3989 3481 4055 δηλαδη
3512 3992 3647 4056 κρέα
3677 3987 3765 4037 καὶ
3792 3980 3880 4036 οῖ-

2345 4095 2433 4130 νον
2456 4093 2470 4107 ⁸
2499 4079 2620 4128 ἄνευ
2651 4077 2757 4145 γὰρ
2787 4076 2893 4127 τῶν
2920 4076 3091 4127 ἄλλων
3121 4073 3219 4142 ζῇν
3247 4076 3346 4125 οὐκ
3375 4073 3618 4140 ἠδύνατο.

798 4257 936 4310 Vens
960 4257 1041 4310 i9.
1069 4257 1367 4325 Justiﬁcata
1392 4265 1466 4310 est
1495 4257 1745 4323 sapientia
1766 4271 1796 4308 a
1820 4256 1942 4323 ﬁliis
1967 4255 2092 4317 suis;
2138 4254 2241 4306 hoc
2275 4254 2316 4308 D
2412 4257 2432 4307 ’1

2238 4272 2241 4304 :
2275 4254 2316 4308 D
2412 4256 2504 4318 Τὸ,
2533 4252 2863 4317 ἐδικαιὼθη
2881 4252 2916 4316 ὴ
2944 4252 3126 4318 σοφία
3150 4249 3264 4303 ἀπὸ
3283 4248 3399 4302 τῶν
3421 4251 3639 4303 τέκνων
3655 4250 3872 4315 αὐτῆς,

725 4346 872 4408 dicit,
903 4346 1026 4412 quia
1051 4345 1096 4398 si
1138 4360 1241 4397 non
1272 4344 1596 4398 crediderint
1637 4343 1824 4407 Judaei,
1853 4356 2071 4413 arguere
2096 4342 2242 4396 illum

725 4447 830 4484 nou
860 4433 937 4485 eis
959 4431 1098 4485 licet.
1145 4430 1349 4485 Etenim
1373 4431 1548 4484 omnia
1576 4446 1671 4500 pro
1696 4446 1791 4485 sua
1813 4438 1958 4497 parte
1989 4429 2241 4497 implevit,

724 4522 794 4572 ita
828 4529 884 4572 ut
925 4521 1005 4572 vel
1065 4520 1426 4587 imprudenter
1494 4534 1552 4572 se
1596 4533 1773 4586 gerere
1827 4518 2122 4572 volentibus
2178 4532 2245 4570 ne

727 4608 970 4659 umbram
1035 4607 1246 4670 quidem
1330 4606 1627 4662 aversionis
1675 4606 1958 4675 reliquerit.
2020 4605 2147 4667 Nam
2196 4605 2239 4658 si

722 4693 890 4744 Judaei
927 4706 1027 4743 non
1049 4693 1364 4746 crediderint
1391 4695 1442 4746 in
1464 4694 1753 4757 Christum,
1789 4710 1890 4747 non
1914 4693 2012 4748 fuit
2033 4703 2240 4763 propter

721 4781 940 4832 Joannis
968 4779 1227 4848 jejunium
1263 4788 1317 4833 et
1357 4782 1647 4835 silvestrem
1693 4785 1872 4848 vitam,
1903 4800 2073 4853 neque
2121 4801 2243 4854 pro-

726 4880 839 4937 pter
863 4868 1165 4923 communis
1194 4868 1315 4920 vita!
1358 4871 1790 4924 consuetudinem
1837 4883 1890 4925 et
1927 4873 2237 4928 familiarem

722 4959 1178 5014 conversationem
1237 4955 1442 5009 Domini
1500 4959 1638 5011 illius
1677 4961 1870 5015 Christi
1901 4964 2027 5017 :sed
2081 4964 2242 5030 igitur

725 5053 810 5103 hic
829 5052 916 5118 qui
942 5048 1120 5103 omnia
1145 5047 1409 5114 sapienter
1436 5048 1751 5114 complebat,
1793 5050 1920 5102 nihil
1950 5052 2240 5106 omittendo

724 5154 908 5192 eorum
963 5153 1079 5204 qua
1138 5134 1482 5188 conferebant
1519 5136 1581 5187 ad
1636 5151 1815 5188 eorum
1878 5139 2151 5193 utilitatem
2187 5151 2240 5195 et

723 5227 964 5289 salutem,
996 5227 1061 5277 ab
1089 5226 1169 5279 eis
1215 5224 1597 5278 condemnatus
1625 5213 1737 5286 est;
1761 5233 1814 5277 et
1866 5227 1994 5278 nihil
2026 5232 2240 5282 omnino

723 5313 917 5367 habent
937 5329 1040 5381 quo
1067 5315 1209 5367 illum
1252 5321 1621 5381 arguant,nam
1663 5314 1836 5366 omnia
1863 5331 1954 5382 pro
1975 5332 2068 5370 sua
2097 5330 2242 5385 parte

723 5400 973 5465 implevit,
995 5417 1057 5454 ne
1074 5404 1310 5456 umbram
1339 5404 1547 5472 quidem
1566 5403 1642 5456 eis
1666 5402 1968 5471 ignorantia:
1997 5415 2046 5460 et
2067 5409 2254 5478 iugra-‘

724 5482 958 5545 ῐιιιισέυἱς
996 5489 1312 5558 relinquens.

2345 4341 2499 4394 τοῦτο
2547 4341 2713 4406 λέγει,
2760 4339 2841 4390 ὅτι
2899 4340 2944 4389 εἰ
2979 4340 3070 4388 καὶ
3107 4339 3204 4388 οὐκ
3233 4338 3550 4390 ἐπίστευσαν
3605 4338 3872 4400 Ἰουδαῖοι,

2343 4425 2589 4493 ἐγκαλεῖν
2640 4425 2736 4476 οὐκ
2771 4425 2979 4492 ἔχουσιν
3011 4422 3155 4492 αὐτῷ
3185 4439 3198 4452 ·
3252 4424 3345 4476 καὶ
3405 4425 3508 4492 γὰρ
3576 4426 3644 4478 τὰ
3692 4426 3872 4478 αὐτοῦ

2345 4517 2517 4568 πάντα
2549 4517 2876 4583 ἐπλήρωσεν·
2912 4513 3047 4565 ὥστε
3081 4516 3189 4574 τοῖς
3219 4515 3582 4582 ἀναισχυντεῖν
3611 4517 3873 4585 βουλομέ-

2343 4622 2469 4667 νοις,
2500 4604 2617 4656 οὑδέ
2646 4605 2798 4655 σκιὰν
2829 4603 3138 4654 καταλιπεῖν
3157 4603 3424 4670 ἀφορμῆς·
3460 4605 3548 4656 καὶ
3574 4606 3676 4674 γὰρ
3701 4607 3746 4656 εἰ
3771 4606 3875 4656 καὶ

2346 4695 2417 4762 μὴ
2460 4695 2695 4746 Ἰουδαῖοι
2729 4692 3042 4744 ἐπίστευσαν
3091 4692 3168 4753 είς
3206 4692 3292 4743 τὸν
3327 4693 3571 4761 Χριστὸν,
3610 4696 3742 4763 μήτε
3774 4694 3873 4747 διὰ

2341 4786 2436 4852 τῆς
2487 4782 2724 4835 Ἰωάννου
2758 4781 3004 4848 νηστείας
3031 4779 3233 4831 καὶτοῦ
3262 4783 3520 4849 ἐρημικοῦ
3552 4783 3685 4850 βίου,
3727 4784 3871 4851 μηδὲ

2339 4875 2426 4927 διὰ
2479 4875 2574 4942 τῆς
2608 4871 3072 4938 ωγκαταὸατικῆς
3127 4871 3330 4937 διαίτης
3394 4874 3484 4924 καὶ
3524 4873 3871 4940 οἰκονομικῆς

2341 4962 2608 5021 πολιτείας
2659 4959 2817 5012 αὐτοῦ
2857 4957 2948 5009 τοῦ
2993 4958 3252 5009 Δεσπότου
3294 4961 3544 5026 Χριστοῦ·
3606 4961 3716 5014 ἀλλ’
3767 4959 3876 5013 οὖν

2342 5052 2498 5111 αὐτὸς
2529 5051 2556 5100 ὁ
2592 5049 2767 5101 πάντα
2801 5047 2974 5112 σοφῶς
3038 5047 3264 5097 ἐκτελῶν
3311 5049 3384 5114 τῷ
3417 5051 3577 5117 μηδὲν
3635 5049 3878 5118 παραλι-

2342 5143 2460 5192 πεῖν
2519 5138 2625 5190 τῶν
2679 5136 3064 5188 συντελούντων
3112 5136 3187 5197 εἰς
3236 5137 3414 5203 ὄνησιν
3456 5141 3547 5192 καὶ
3591 5139 3872 5206 σωτηρίαν

2340 5229 2534 5289 αὐτῶν,
2579 5225 2859 5292 ἐδικαιώθη
2909 5224 2999 5275 ἀπ’
3051 5225 3244 5276 αὐτῶνθ
3300 5228 3392 5278 καὶ
3424 5231 3601 5281 οὐκέτι
3678 5227 3876 5280 λοιπὸν

2339 5317 2546 5385 ἔχουσιν
2575 5313 2718 5380 αὐτῷ
2750 5329 2799 5362 τι
2828 5312 3090 5376 ἐγκαλεῖνο
3124 5313 3294 5365 πάντα
3351 5317 3454 5384 γὰρ
3490 5315 3876 5382 ἐξεπλήρωσεν

2340 5409 2404 5457 τὰ
2434 5405 2617 5466 αὑτοῦ,
2662 5401 2791 5470 μηδέ
2829 5403 2983 5456 σκιὰν
3013 5405 3186 5467 αὐτοῖς
3234 5407 3616 5474 ἀννωιιοσύνης
3656 5405 3686 5472 ἢ
3719 5406 3868 5474 ἀχα-

2346 5494 2546 5563 ριστίας
2568 5489 2886 5545 καταλιπών.
