4138 6342
295 240 431 306 1109

1248 239 1564 300 SCHOLIA
1602 239 1900 302 VETERA
1930 239 2008 301 IN
2043 239 2503 300 MATTIIEUM.

3335 235 3469 297 1110

362 349 456 414 Τὸ,
515 347 1004 417 Ἐξομολογοῦμαί
1075 359 1193 412 σοι,
1247 349 1456 416 Πάτερ,
1517 350 1639 404 ἀντὶ
1708 349 1825 413 τοῦ,
1855 355 1903 412 Α

1855 355 1903 412 Δ
1996 351 2158 407 Vens.
2193 353 2281 406 25.
2317 351 2576 419 Conﬁteor
2609 350 2725 412 tibi,
2762 348 2937 410 Pater,
2971 361 3088 416 pro.
3130 347 3336 400 Gratias
3369 362 3468 416 ago

297 437 610 508 Εὑχαριστῶ
671 456 773 500 σοι,
807 441 1002 490 κεῖται·
1061 438 1141 490 ὅτι
1180 440 1267 502 ‘A,
1323 439 1476 508 φησὶ,
1527 442 1680 507 σοφοὶ
1731 442 1831 494 οὐκ

297 529 554 596 ἔγνωσαν,
583 531 754 598 νήπιοι
773 528 942 582 ταῦτα
963 528 1222 594 ἔγνωσαν,
1254 529 1420 597 ἤγουν
1446 533 1494 583 οί
1518 530 1827 584 ἀπόστολοι.

366 617 456 681 Τὸ,
524 616 787 678 Ἐγένετο
846 615 1086 668 εὐδοκία
1140 615 1478 682 ἔμπροσθέν
1524 632 1661 682 σου,
1712 615 1832 668 ἀντὶ

296 705 411 768 τοῦ,
454 703 650 773 Ἤρεσὲ
688 720 792 768 σοι,
825 706 1018 757 κεῖται.

368 793 567 846 Πάντα
597 811 691 861 μοι
719 793 1009 861 παρεδόθη
1035 793 1151 848 ὑπὸ
1177 794 1284 849 τοῦ
1314 796 1558 864 Πατρός,
1587 795 1827 864 λέγεται,

299 882 383 934 ῐνα
419 881 493 951 μὴ
521 881 758 952 ἀντίθεος
787 880 1034 950 νομισθῇ.

883 1021 1128 1076 ΚΕΦΑΔ.
1158 1021 1257 1075 IB'.

365 1142 608 1213 οὐδαμοῦ
633 1144 873 1210 φαίνεται
896 1142 1034 1195 λύων
1066 1143 1124 1196 τὸ
1146 1143 1415 1197 Σάδδατον
1437 1145 1606 1214 χωρὶς
1630 1143 1830 1209 αίτίας,

299 1235 384 1287 ἵνα
412 1233 613 1286 καὶτὸν
639 1233 798 1301 νόμον
826 1233 1128 1301 ἀναπαύσῃ,
1161 1234 1395 1296 καὶτοὺς
1439 1233 1722 1297 Ἰουδαίους
1757 1235 1832 1303 μὴ

299 1322 506 1392 πλήξῃ,
537 1321 628 1374 καὶ
657 1323 721 1374 τὸ.
754 1319 1002 1390 θαύματα
1034 1320 1240 1390 τελέσῃ.

369 1411 531 1463 Ὀταν
567 1409 638 1480 μὴ
679 1409 1017 1478 ὲγκαλῆταιό
1058 1408 1386 1479 πεποιηκὼς,
1418 1411 1580 1481 νόμος
1627 1412 1835 1479 γίνεται

298 1498 331 1564 ἡ
385 1496 643 1564 ἀπολογία
691 1495 783 1548 τοῦ
828 1494 1186 1564 τολμήματοςο
1245 1498 1400 1552 τοῦτο
1427 1498 1484 1551 δὲ
1537 1499 1668 1568 πρὸς
1712 1501 1836 1562 τοὺς

297 1589 490 1656 ἄρτους
511 1587 606 1655 τῆς
630 1585 931 1655 προθέσεως
956 1589 1148 1640 νοεῖται
1172 1587 1264 1650 οὓς
1289 1587 1455 1656 ἔφαγε
1480 1589 1662 1643 Δαϐίδ.

1929 443 2045 505 tihi,
2080 442 2379 506 adhibetur,
2423 441 2544 509 quia
2586 455 2705 507 qua:
2749 439 3016 506 sapientes
3055 452 3160 489 non
3209 451 3472 503 cognove-

1930 541 2076 591 runt,
2107 531 2306 599 parvuli
2329 538 2709 598 cognoverunt,
2750 527 2799 579 id
2822 535 2904 579 est
2931 525 3176 592 apostoli.
3445 584 3456 596 .

1999 621 2161 675 Vens.
2185 620 2273 673 26.
2307 620 2460 681 lllud,
2517 617 2635 671 Fuit
2665 617 2915 685 placitum
2941 625 3059 668 (mle
3089 626 3156 676 te,
3199 629 3314 683 pro,
3347 614 3460 682 pla-

1932 711 2042 766 cuit
2070 711 2187 771 tibi,
2222 709 2530 778 apponitur.

2000 798 2160 852 Vens.
2183 798 2270 851 27.
2307 797 2494 850 Omnia
2522 795 2645 847 mihi
2673 793 2870 847 tradita
2898 799 3018 844 sunt
3071 808 3100 842 ο
3129 788 3303 856 Patre,
3333 790 3467 844 dici~

1933 899 2040 954 tur,
2081 904 2144 944 ne
2177 887 2268 942 Dei
2289 885 2625 941 adversarius
2647 891 2938 952 reputetur.

2511 1021 2733 1080 CAPUT
2769 1021 2880 1076 XII.

1928 1151 1965 1222 ζ
2003 1151 2162 1206 Vens.
2196 1151 2246 1202 l.
2273 1124 2467 1202 Νυιιῖΰῑ
2518 1147 2756 1201 cernitur
2777 1143 3069 1197 Sabbatum
3116 1141 3326 1196 solvens
3347 1141 3463 1195 sine

1926 1224 2115 1306 causa,
2147 1249 2204 1294 ut
2227 1240 2392 1308 legem
2420 1252 2629 1291 cessare
2651 1234 2829 1300 iaciat,
2853 1230 3137 1288 ctJudzens
3161 1247 3262 1285 non
3283 1232 3459 1295 laedat,

1933 1338 1984 1383 et
2016 1327 2269 1383 miracula
2304 1328 2562 1397 perﬁciat.

1999 1416 2158 1472 Vens.
2198 1418 2248 1470 4.
2287 1416 2510 1482 Quando
2567 1412 2971 1483 reprehenditur
2999 1406 3078 1466 sic
3123 1414 3318 1480 egisse,
3375 1410 3457 1461 lex

1934 1508 1992 1561 iit
2025 1507 2265 1576 apologia
2311 1506 2429 1574 ejus
2482 1503 2748 1568 audacite;
2792 1503 2890 1555 hoc
2931 1509 3106 1554 autem
3155 1499 3463 1566 intelligitur

1932 1599 1998 1653 de
2030 1597 2252 1666 panibus
2272 1594 2654 1665 propositionis
2681 1607 2816 1662 quos
2853 1590 3014 1643 David
3042 1587 3291 1644 comedit.

380 1675 465 1726 'Ev
503 1675 609 1744 γὰρ
650 1676 757 1735 τοῖς
793 1673 1027 1726 Σάὁδασι
1058 1676 1255 1737 παντὸς
1287 1677 1447 1746 ἔργου
1474 1679 1832 1749 χειροκμήτου
1862 1673 1906 1728 Β
2001 1689 2014 1713 π

1831 1705 1832 1723 π
1862 1673 1906 1728 Β
2001 1689 2164 1745 Vens.
2195 1689 2247 1744 5.
2281 1687 2413 1741 Nam
2453 1688 2506 1740 in
2531 1681 2966 1748 Sabbalis,omui
3014 1695 3266 1734 manuum
3307 1693 3465 1746 Opere

298 1765 702 1833 κεκωλυμένου,
745 1764 896 1816 αὐτοὶ
926 1766 983 1816 ὲν
1012 1763 1087 1834 τῷ
1116 1764 1244 1834 ίερῷ
1273 1767 1321 1817 oi
1378 1766 1541 1836 ίερεῖς
1589 1765 1833 1830 ὲξυλοκὸ-

299 1872 459 1919 πουν,
492 1854 585 1907 καὶ
618 1853 724 1924 πῦρ
757 1850 926 1926 ἦπτον
960 1855 1052 1908 καὶ
1072 1855 1452 1925 ἐκρεανόμουν.

365 1945 465 1996 Διά
490 1943 674 1996 τούτου
726 1945 821 2013 τὴν
867 1943 1028 1997 αὐτοῦ
1057 1946 1207 2013 ίσχὺν
1237 1944 1327 1997 καὶ
1379 1944 1680 2012 πραότητα,
1739 1945 1834 1998 καὶ

295 2035 404 2086 τῶν
445 2034 704 2085 Ἰουδαίων
734 2033 794 2085 τὸ
828 2033 1047 2095 ἀσθενὲς
1080 2033 1406 2102 ὑπογράφει,
1450 2034 1531 2086 ὅτι
1563 2033 1638 2096 ὡς
1659 2036 1830 2087 κάλα·-

299 2122 398 2190 μὸς
425 2124 539 2174 ἐστι
578 2122 1022 2190 συντετριμμένος
1060 2120 1284 2173 ἐνώπιον
1313 2121 1496 2184 αὑτοῦ,
1531 2121 1584 2172 εί
1615 2138 1678 2189 γε
1711 2121 1835 2191 βού-

296 2210 438 2262 λοιτο
467 2210 658 2271 αὐτοὺς
693 2208 980 2275 ἀφανίσαι·
1015 2208 1147 2260 ἀλλᾶ
1197 2208 1329 2270 τέως
1359 2209 1417 2260 οὐ
1453 2209 1679 2276 κατάγει
1737 2211 1832 2262 αὐ-

295 2299 452 2361 τούς·
490 2300 580 2351 καὶ
611 2299 751 2360 λίνος
771 2300 825 2351 δὲ
857 2299 1147 2369 τυφόμενος
1175 2298 1383 2367 ὁουμδς
1410 2297 1585 2352 αὐτῶν
1615 2301 1643 2352 δ
1667 2301 1831 2354 ἀκατ-

295 2390 515 2458 άσχετος
536 2387 788 2457 δηλωθείη
820 2390 902 2442 ἄν.

381 2478 437 2530 '0
465 2477 658 2544 τυφλὸς
689 2479 780 2531 καὶ
820 2479 996 2547 κωφὸς
1025 2479 1089 2530 ὲκ
1121 2477 1214 2530 τοῦ
1242 2478 1486 2548 δαίμονος
1517 2479 1672 2533 τοῦτο
1695 2480 1829 2533 ἐπα-

297 2567 390 2620 θον
409 2583 423 2597 ⁸
453 2567 565 2619 ἀλλ’
589 2571 615 2621 ὁ
647 2568 875 2637 Χριστὸς
925 2569 1002 2630 είς
1044 2569 1104 2621 τδ
1127 2568 1287 2620 αὐτὸν
1324 2569 1471 2635 ίδεῖν,
1496 2571 1590 2622 καὶ
1614 2570 1683 2622 τὰ
1708 2570 1833 2622 ἑαυ-

303 2655 398 2707 τοῦ
431 2654 678 2719 ἀκοῦσαι,
702 2656 994 2724 δμμάτωσε
1019 2657 1113 2708 καὶ
1134 2655 1365 2710 ἀκοῦσαι
1391 2656 1828 2728 παρεσκεύασεν

297 2745 330 2813 ἢ
363 2745 440 2805 είς
467 2745 524 2796 τὸ
539 2745 851 2814 δοξασοῆναι
878 2745 1128 2815 Χριστόν.

368 2840 429 2890 Oi
455 2841 733 2892 ἀπόστολοι
757 2841 1016 2910 δηλονότι.

1931 1779 2221 1847 prohibito,
2277 1776 2378 1845 ipsi
2428 1777 2480 1829 in
2527 1775 2724 1842 templo
2775 1772 3079 1827 sacerdotes
3126 1771 3322 1838 lignum
3375 1781 3461 1821 sc-

1932 1875 2078 1928 cant,
2126 1867 2300 1935 ignem
2360 1864 2670 1926 incendunt,
2711 1870 2765 1917 et
2809 1875 2998 1914 carnes
3029 1859 3289 1913 dividunt.

1998 1953 2160 2007 Vens.
2219 1953 2309 2005 20.
2343 1954 2444 2007 Per
2483 1953 2581 2005 hoc
2635 1951 2798 2004 robur
2829 1949 2971 2001 illius
2988 1956 3041 2001 et
3084 1947 3460 2012 mansuetudo,

1929 2053 1982 2098 et
2010 2040 2312 2095 Iudaeorum
2343 2041 2587 2096 debilitas
2625 2038 2996 2101 adumbratur,
3047 2032 3172 2103 quia
3209 2045 3265 2089 ut
3293 2051 3461 2088 aruu-

1929 2133 1997 2186 do
2046 2143 2296 2201 quassata
2343 2145 2523 2185 coram
2589 2129 2682 2183 illo
2743 2136 2887 2191 sunt,
2954 2125 2998 2179 si
3055 2126 3286 2179 voluerit
3340 2125 3464 2178 illus

1929 2222 2219 2283 destruere,
2282 2220 2373 2274 sed
2434 2219 2592 2274 modo
2649 2233 2756 2273 non
2813 2218 2931 2271 illos
2994 2215 3193 2285 dejicit.
3270 2215 3458 2268 Linum
3563 2292 3566 2295 _

1929 2320 2104 2364 autem
2171 2308 2470 2379 fumigans,
2545 2323 2637 2363 eor
2697 2322 2882 2362 eorum
2942 2305 3172 2360 indocile
3238 2304 3460 2373 intelligi

1928 2407 2134 2466 posset.

1999 2484 2162 2540 Vens.
2220 2485 2308 2539 22.
2373 2484 2560 2539 Czecus
2623 2493 2677 2538 et
2734 2491 2914 2536 mutus
2969 2497 2997 2534 .1
3057 2481 3297 2536 daemone
3354 2482 3467 2534 lucc

1929 2577 2263 2645 patiebatur;
2307 2576 2397 2632 sed
2427 2576 2699 2638 Christus,
2752 2581 2810 2627 ut
2859 2573 3129 2626 videretur
3157 2582 3208 2625 ct
3254 2569 3469 2623 audire-

1931 2672 2016 2716 tur
2043 2664 2110 2718 ab
2154 2679 2241 2731 eo,
2289 2663 2461 2718 visum
2517 2673 2569 2717 et
2611 2663 2856 2717 auditum
2906 2662 2953 2715 ei
3007 2659 3270 2729 pralstitit,
3300 2657 3467 2712 velut

1927 2754 2198 2810 Christum
2237 2755 2642 2825 gloriﬁcaretur.

1997 2845 2161 2901 Vens.
2210 2846 2298 2900 27.
2351 2846 2593 2915 Apostoli
2624 2843 2920 2899 evidenter.

380 2925 714 3025 :Eléyxovts;
779 2928 928 2997 ὑμῶν
993 2929 1091 2998 τὴν
1148 2930 1403 2984 ἀπιστίαν
1462 2931 1556 2986 καὶ
1630 2931 1828 3002 θριαμ-
1857 2967 1900 3025 c
1999 2936 2014 2988 t

1857 2967 1900 3025 α
1999 2934 2436 2990 Condemnantes
2493 2943 2730 2989 vestram
2790 2930 3218 2987 incredulitatem
3273 2936 3326 2982 et
3395 2925 3462 2981 de

296 3014 563 3077 δεύοντες.

367 3099 476 3168 Οὐχ
502 3101 534 3168 ἡ
563 3099 803 3169 δευτέρα,
833 3101 944 3153 ἀλλ’
979 3103 1010 3172 ἡ
1045 3101 1253 3174 πρώτη,
1293 3105 1377 3172 ἐφ’
1473 3107 1682 3176 χαίρειν
1711 3108 1830 3162 διον

293 3191 393 3243 καὶ
417 3192 689 3260 ἀνυμνείν,
720 3193 873 3261 ὑμεῖς
901 3192 1177 3262 ὀργίζεσθε
1209 3195 1299 3248 καλ⁸
1320 3195 1653 3253 διαϐάλλετι.

366 3370 460 3433 Τὸ,
506 3369 636 3424 Ἐὰν
662 3369 747 3438 μὴ
801 3369 961 3439 δήσῃ
995 3373 1098 3426 τὸν
1128 3353 1412 3441 ίσχυρὸνξ
1460 3375 1550 3429 τὸν
1613 3377 1832 3447 ίσχυρδν

289 3458 442 3526 λέγει
469 3459 558 3511 τὸν
591 3459 846 3526 διάϐολον,
873 3462 972 3514 οὐκ
1020 3463 1084 3515 ὲκ
1106 3463 1202 3533 τῆς
1251 3463 1411 3518 αὑτοῦ
1446 3466 1681 3534 φύσεως,
1716 3467 1829 3520 ἀλλ’

287 3552 364 3604 ἐκ
392 3553 488 3619 τῆς
516 3553 780 3621 ἡμετέρας
810 3553 1083 3620 ἀμελείας.

384 3639 445 3691 '0
468 3639 554 3707 μὴ
591 3639 674 3691 ὢν
691 3639 816 3706 μετ’
852 3641 1015 3706 ἐμοῦ,
1057 3643 1184 3693 κατ’
1211 3643 1354 3708 ἐμοῦ
1400 3643 1587 3706 ἐστιν,
1631 3647 1829 3697 σκοπὸν

286 3728 408 3797 ἔχει
437 3727 688 3791 τοιοῦτον,
719 3727 798 3779 ὅτι
841 3726 978 3793 Ἐγὼ
1026 3728 1122 3795 μὲν
1154 3729 1349 3797 ἀρετὴν
1385 3730 1640 3795 διδάσκω,
1694 3733 1742 3783 οί
1773 3733 1830 3784 δὲ

284 3819 546 3886 δαίμονες
573 3817 639 3870 τὰ
682 3816 893 3868 ἐναντία
939 3817 1164 3879 τούτοις.
1209 3817 1329 3879 Πῶς
1382 3813 1474 3871 οὖν
1515 3819 1543 3871 δ
1598 3819 1672 3886 μὴ
1713 3821 1830 3889 μετ’

285 3906 430 3974 ἐμοῦ
462 3906 556 3967 ὣν,
584 3906 705 3974 ἐμοὶ
728 3905 1093 3974 συμπράττειν
1118 3905 1334 3974 ἔμελλεν
1356 3919 1371 3967 ;

381 3995 840 4065 Ἀπροφασίστως·
873 3993 1026 4048 τοῦτο
1070 3995 1224 4063 δῆλον
1247 3996 1626 4066 ἀμετανοήτων
1649 3995 1832 4064 μενόν-

285 4102 403 4143 των
433 4087 732 4154 ίῐκατιίρων⁸
774 4088 820 4138 εί
855 4086 915 4156 δή
947 4103 1009 4153 γε
1041 4085 1194 4149 ἀξίαν
1215 4086 1314 4154 τῆς
1347 4087 1614 4156 ἁμαρτίας
1662 4088 1831 4156 μετάο

284 4193 444 4228 νοιαν
474 4175 840 4239 ἐπιδείξαιντο,
879 4175 1236 4245 ἀφεθήσεται·
1291 4178 1318 4228 δ
1364 4177 1462 4245 μὲν
1486 4175 1581 4246 τὴν
1615 4177 1831 4246 ἐκείνην

1932 3023 2082 3078 vobis
2111 3025 2520 3092 triumphantes.

2000 3112 2164 3170 Vens.
2219 3113 2311 3168 28.
2359 3111 2473 3167 Non
2502 3112 2814 3176 secundum,
2839 3109 2935 3167 sed
2982 3111 3212 3180 primum
3242 3119 3464 3177 regnum

1931 3205 1985 3259 in
2029 3219 2138 3274 quo
2183 3203 2351 3258 laetari
2397 3211 2607 3271 oportet
2649 3213 2702 3255 et
2750 3209 2984 3263 cantare,
3033 3213 3126 3252 vos
3173 3193 3465 3251 irascimini

1930 3303 1982 3348 et
2004 3294 2227 3362 rejieitis

2001 3381 2161 3438 Vens.
2216 3383 2305 3437 29.
2355 3381 2472 3435 Nisi
2510 3383 2656 3451 prius
2691 3380 2986 3450 alligaverit
3027 3379 3240 3448 fortem;
3276 3376 3464 3445 fortem

1930 3471 2200 3526 diabolum
2229 3470 2448 3535 indicat,
2479 3485 2584 3525 non
2612 3485 2676 3524 ex
2705 3469 2820 3539 ejus
2837 3477 3052 3532 natura,
3072 3466 3164 3523 sed
3188 3480 3250 3520 ex
3287 3471 3465 3518 nostra

1931 3560 2274 3628 negligentia.
3388 3545 3390 3548 ’

2001 3646 2161 3702 Vens.
2222 3648 2311 3701 50.
2363 3647 2466 3710 Qui
2521 3663 2621 3699 non
2675 3655 2748 3698 est
2782 3659 2978 3696 mecum
3023 3652 3202 3696 contra
3245 3656 3322 3692 me
3365 3651 3466 3699 est,

1931 3731 2090 3784 talem
2117 3731 2274 3784 habet
2303 3732 2748 3800 signiﬁcationem
2784 3747 2796 3781 :
2832 3730 2938 3796 Ego
2970 3728 3182 3793 quidem
3215 3729 3463 3779 virtutem

1929 3818 2116 3880 doceo,
2164 3819 2434 3872 daemones
2460 3831 2584 3871 vero
2608 3817 2902 3870 contraria.
2956 3815 3237 3878 Quomolo
3303 3814 3465 3878 igitur

1930 3907 2018 3977 qui
2050 3922 2156 3960 non
2186 3915 2268 3961 est
2296 3921 2529 3970 mecum,
2587 3919 2798 3960 mecum
2833 3901 3040 3972 operari
3076 3901 3328 3955 deberet?

2001 3998 2163 4052 Vens.
2221 3996 2544 4066 5l.Ahsque
2597 3993 3140 4058 excusatione;illud
3189 3991 3466 4045 evidenter

1930 4088 2058 4144 dum
2088 4097 2376 4156 utrumque
2410 4087 2528 4141 sine
2553 4085 2866 4156 pcenitcntia
2898 4081 3238 4147 remanserit;
3270 4083 3312 4135 si
3339 4093 3466 4133 vero

1932 4177 2144 4244 dignam
2166 4178 2366 4246 peccati
2388 4175 2754 4248 paenitentiam
2768 4173 3126 4235 exhibueriut,
3152 4173 3463 4231 remittetur;

283 4266 451 4333 δίκην
489 4267 552 4335 ἣν
583 4267 670 4318 καὶ
704 4265 944 4317 ὑπέτεινε
982 4267 1148 4335 μόνην
1171 4281 1184 4296 ⁸
1216 4267 1243 4318 ὁ
1269 4264 1326 4319 δὲ
1380 4263 1445 4328 ἃς
1477 4261 1672 4334 ὦφλεν,
1732 4269 1829 4335 τήν
1860 4276 1904 4332 D

1860 4276 1904 4332 ι)
1933 4267 2007 4320 illi
2041 4266 2255 4336 quidem
2306 4280 2518 4334 penam
2553 4266 2604 4318 in
2633 4281 2793 4334 quam
2830 4264 2997 4319 solam
3038 4264 3290 4328 incurrit;
3345 4261 3466 4314 huic

284 4373 357 4408 τε
393 4355 616 4408 ἐνταῦθα
643 4356 733 4407 καί¹
755 4356 851 4423 τὴν
881 4355 1108 4409 ἐκεῖθεν.

384 4535 731 4603 ’ΛφεΘήσεται
785 4538 893 4597 τοῖς
922 4535 1220 4605 ἀνθρώποις
1248 4539 1280 4605 ἡ
1319 4540 1398 4600 είς
1425 4538 1516 4589 τὸν
1566 4539 1690 4590 Υίδν
1738 4539 1832 4592 τοῦ

287 4623 583 4692 ἀνθρώπου
614 4625 852 4692 ἁμαρτία
879 4627 936 4677 ὲν
971 4625 1048 4694 τῷ
1075 4626 1167 4677 νῦν
1206 4627 1360 4679 αἰῶνι
1385 4643 1399 4657 ο
1436 4629 1527 4679 καὶ
1556 4629 1616 4679 οὐ
1652 4629 1833 4681 τίσου-

287 4733 387 4769 σιν
424 4714 557 4785 ὑπὲρ
588 4715 751 4785 αὐτῆς
785 4716 1012 4769 ἐνταῦθα
1051 4717 1224 4785 δίκην,
1260 4719 1318 4768 ὲν
1350 4717 1532 4785 μέντοι
1592 4719 1668 4787 τῷ
1707 4721 1834 4787 μέλ-

288 4803 444 4853 λοντι
475 4799 823 4853 ἀποτίσουσιν
843 4815 858 4830 ·
909 4803 942 4868 ὴ
969 4801 1012 4852 δ’
1045 4803 1122 4863 είς
1155 4802 1215 4852 τὺ
1243 4802 1464 4871 Πνεῦμα
1494 4804 1831 4875 βλασφημία,

287 4890 422 4945 οὔτε
449 4891 504 4942 ἐν
533 4890 609 4956 τῷ
639 4891 730 4942 νῦν
762 4890 882 4942 οὔτε
936 4894 992 4943 ὲν
1043 4891 1119 4960 τῷ
1171 4891 1411 4960 μέλλοντι
1466 4894 1832 4964 ἀφεθήσεται·

289 4980 517 5048 καὶγὰρ
542 4980 635 5048 ὅλη
665 4981 807 5031 ἐστὶν
839 4982 871 5047 η
902 4981 1121 5046 τοιαύτη
1158 4980 1422 5047 ἁμαρτία.

373 5070 460 5137 Τῷ
490 5069 888 5137 βλασφημοῦντι
949 5070 1027 5130 είς
1087 5070 1148 5120 τὸ
1180 5071 1396 5137 Πνεῦμα
1441 5070 1539 5122 οὐκ
1572 5072 1837 5141 ἀφεθήσε-

287 5175 391 5212 ται
415 5174 427 5186 ·
460 5156 613 5208 τοῦτο
637 5157 691 5208 δὲ
721 5157 862 5221 λέγει
914 5156 1038 5222 περὶ
1068 5156 1160 5206 τοῦ
1193 5156 1348 5221 ἁγίου
1376 5156 1688 5226 Πνεύματος
1743 5162 1838 5212 καὶ

287 5249 406 5302 τῶν
439 5247 673 5315 σημείων
717 5240 788 5297 ὧν
816 5245 1024 5298 ἐποίειο
1085 5246 1144 5296 τὸ
1200 5246 1276 5308 δὲ,
1329 5249 1446 5299 Οὐκ
1477 5247 1838 5314 ἀφεθήσεται

288 5340 435 5393 οὔτε
458 5337 525 5389 ἐν
553 5334 629 5399 τῷ
660 5335 772 5388 νῦν
805 5335 938 5387 οὔτε
987 5335 1054 5387 ἐν
1108 5333 1185 5398 τῷ
1231 5335 1533 5402 μέλλοντι,
1593 5340 1704 5401 τοῖς
1766 5339 1839 5410 μὴ

291 5427 634 5502 μετανοοῦσι,
669 5427 834 5493 λέγει.
879 5422 884 5429 ’

374 5518 465 5576 Τὸ.
499 5520 571 5571 Ἣ
595 5514 877 5582 ποιήσατε
930 5514 994 5567 τὸ
1027 5513 1273 5582 δένδρον
1297 5517 1550 5584 σαπρὸν,
1585 5519 1679 5571 καί
1734 5521 1838 5574 τὸν

1933 4365 2111 4411 autem
2147 4372 2281 4426 quas
2309 4357 2553 4422 debebat,
2579 4371 2792 4426 poenam
2823 4357 2873 4409 in
2906 4356 3008 4409 hoc
3046 4354 3263 4418 smculo,
3284 4361 3335 4406 et
3357 4365 3467 4420 pa:-

1932 4461 2056 4499 nam
2094 4446 2145 4499 in
2179 4445 2378 4502 futuro.

2006 4534 2323 4587 Remittetur
2345 4534 2650 4588 hominibus
2670 4535 2721 4586 in
2737 4533 2928 4585 Filium
2948 4531 3180 4583 hominis
3195 4540 3467 4598 peccatum

1934 4624 1986 4676 in
2018 4624 2120 4676 hoc
2155 4623 2402 4690 praesenti
2440 4624 2669 4686 sreculo;
2701 4631 2754 4675 et
2784 4637 2887 4674 non
2919 4636 3104 4688 ptenas
3142 4621 3207 4674 de
3252 4622 3340 4673 illo
3373 4622 3459 4672 hic

1934 4714 2102 4774 luent,
2131 4714 2183 4765 in
2221 4712 2402 4766 futuro
2436 4728 2565 4766 vero
2613 4713 2851 4776 solvent;
2905 4711 3232 4778 blasphemia
3286 4721 3461 4763 autem

1936 4803 1989 4855 in
2041 4802 2319 4870 Spiritum,
2357 4817 2531 4870 neque
2579 4803 2630 4853 in
2681 4801 2928 4869 prccscnti
2974 4816 3146 4869 neque
3182 4801 3230 4853 in
3283 4799 3463 4852 futuro

1933 4892 2249 4956 remittetur;
2303 4891 2497 4944 etenim
2539 4886 2867 4944 'uuiversum
2902 4898 2985 4944 est
3033 4891 3138 4943 tale
3169 4897 3463 4958 peccatum.

2004 5065 2396 5141 Blaslﬂtemanti
2429 5071 2480 5124 in
2543 5071 2800 5140 Spiritum
2842 5086 2946 5123 non
2995 5067 3321 5121 remittetur.
3357 5062 3464 5117 lloc

1936 5171 2112 5218 autem
2143 5163 2269 5217 dicit
2307 5162 2372 5215 de
2402 5171 2589 5215 sancto
2621 5162 2822 5230 Spiritu
2859 5170 2910 5214 et
2946 5156 3115 5226 signis
3149 5170 3266 5223 qua:
3300 5154 3463 5207 facie-

1938 5253 2042 5305 bat.
2115 5251 2344 5305 Dicendo
2398 5265 2519 5303 vero
2552 5266 2564 5302 :
2607 5248 2726 5301 Non
2770 5247 3068 5299 rmnittetur
3096 5258 3252 5308 neque
3279 5243 3330 5295 in
3371 5243 3464 5295 hoc

1937 5342 2124 5394 swculo
2172 5359 2328 5410 neque
2364 5343 2416 5395 in
2457 5340 2652 5407 futuro,
2703 5339 2767 5392 de
2822 5350 2922 5389 non
2962 5332 3343 5401 pecniteutibus
3391 5331 3463 5388 lo-

1938 5430 2139 5498 quitur.

2009 5517 2168 5574 Vens.
2204 5520 2289 5574 55.
2342 5518 2494 5586 illud,
2531 5519 2631 5569 Aut
2680 5517 2834 5582 facile
2885 5515 3118 5571 arborem
3150 5517 3360 5577 malum.
3416 5525 3464 5570 et
