4138 6342
267 334 406 399 1113

1244 334 1562 394 SCHOLIA
1599 335 1894 395 VETEBA
1932 334 2014 393 IN
2051 336 2531 412 ΜΑΤΤΗίΕυΜη

3333 334 3468 402 1114

265 451 358 500 xz".
387 445 616 516 ρᾁυμοι
635 461 648 476 ’
683 446 792 497 εἰσὶ
819 445 875 497 δὲ
897 446 953 497 ἐν
980 447 1045 513 τῇ
1078 446 1249 514 πέτρᾳ
1301 445 1352 494 οἱ
1409 443 1809 511 ἀσθενέστεροι,

1922 459 2102 512 segnes
2131 455 2292 510 sunt;
2327 448 2380 500 in
2420 455 2566 515 petra
2615 457 2793 501 autem
2839 449 3238 509 imlweilliorcs.
3273 453 3441 504 Solum

267 535 429 602 μόνον
453 536 703 597 λαὸόντες
732 536 826 587 καὶ
859 535 932 602 μὴ
966 533 1428 603 ἀειαμοχλεὺοντες
1452 537 1532 594 εἰς
1563 533 1621 584 τὸ
1655 534 1815 596 δέξα-

266 624 423 674 σθαι’
467 625 516 674 οἱ
538 623 580 675 δ’
614 625 671 676 ὲν
697 626 816 686 ταῖς
838 623 1116 684 ἀκάνθαις,
1151 625 1197 674 οἱ
1223 627 1277 676 ὲν
1324 624 1635 692 μερίμναις.

341 713 436 775 Τίς
459 717 487 766 ὁ
509 714 870 784 καρποφορῶν
898 715 963 766 τὰ
987 714 1211 778 ὲκατόν;
1235 714 1317 776 τις
1340 717 1368 766 ὸ
1393 714 1461 766 τὰ
1513 714 1775 783 ἑξήκοντα
1796 730 1812 779 ;

268 801 353 862 τίς
387 801 413 852 ὁ
461 803 784 870 τρ;ἀκοντα;
835 802 988 853 Ἔστι
1034 802 1088 853 δὲ
1131 802 1343 861 ἑκατὸν,
1391 802 1688 869 παρθενὶα’
1749 803 1815 853 τὰ

271 891 559 956 ἑξήκοντα,
589 891 762 959 γάμος
788 890 978 957 σεμνὸς
1018 891 1113 941 καὶ
1162 889 1412 959 σώφρων,
1463 889 1816 959 μεριζόμενος

273 979 412 1047 μετὰ
470 977 704 1048 Χριστοῦ
759 978 824 1030 τὰ
864 979 1213 1048 ὑπάρχονταο
1265 980 1332 1031 τὰ
1386 979 1441 1031 δὲ
1485 979 1813 1048 τριάκοντα,

269 1068 472 1136 ὁμοίως
496 1069 670 1137 γάμος
708 1068 902 1137 σεμνὸς
942 1069 1038 1121 καλ⁸
1064 1068 1291 1138 σώφρων
1319 1070 1415 1138 τὴν
1434 1069 1622 1139 τρίτην
1642 1069 1817 1130 διδοὺς

274 1159 489 1227 μοῖραν,
539 1157 818 1227 προδήλως
868 1156 1281 1227 φυλαττομένων
1327 1161 1419 1212 καὶ
1466 1160 1572 1210 τῶν
1614 1159 1816 1211 λοιπῶν

271 1246 512 1316 ἀρετῶν.

343 1337 440 1388 Διὰ
464 1335 516 1388 τι
549 1335 642 1388 νῦν
681 1336 776 1405 μὲν
797 1336 853 1389 ὲν
897 1336 1228 1406 παραϐολαῖς
1249 1337 1578 1404 διαλέγεται,
1626 1339 1714 1391 ὅτε
1758 1339 1815 1391 δὲ

272 1427 367 1479 ἐπὶ
392 1426 483 1477 τοῦ
522 1426 679 1494 ὅρους
720 1420 994 1478 ὲᾶδασκεν
1025 1428 1120 1495 οὐχ
1151 1427 1352 1491 οὕτως;
1383 1428 1506 1480 Ὀτι
1554 1416 1817 1495 τότεμὲν

275 1516 432 1586 δχλος
468 1517 673 1579 ἄκακος
693 1511 781 1586 ἦν,
807 1516 901 1570 νῦν
925 1516 984 1569 δὲ
1005 1517 1352 1587 Γραμματετς
1382 1519 1478 1571 καὶ
1505 1519 1816 1588 Φαρισαῖοι.

343 1692 437 1754 Τὸ.
484 1694 688 1760 Ὅστις
731 1692 874 1762 ἔχει,
927 1692 1242 1759 δοθήσεται
1271 1694 1430 1759 αὑτῷ
1475 1695 1574 1747 καὶ
1613 1710 1816 1762 aspic-

1919 534 2076 586 modo
2103 536 2416 602 recipientcs
2446 547 2500 590 et
2527 552 2631 589 non
2665 538 3009 591 cannitcntt-s
3041 556 3067 590 a
3092 541 3103 590 Ι
3137 555 3472 592 conservan-

1917 623 2075 690 dum;
2111 627 2199 693 qni
2234 640 2355 679 vero
2388 627 2440 678 in
2472 627 2664 695 Spinis,
2711 629 2859 682 curis
2903 630 3132 681 anxiuli.

1989 711 2149 766 Vens.
2229 714 2282 766 8.
2358 715 2489 780 Quis
2555 715 2789 768 fructum
2850 717 2996 769 dedit
3063 719 3473 770 centesimum?

1916 803 2038 870 quis
2084 805 2515 873 sexagesimum?
2561 804 2691 869 Quis
2753 805 3124 858 tricesimum?
3179 807 3284 870 Qui
3345 823 3465 860 cr-n-

1919 894 2191 955 tesimum,
2233 893 2542 958 virginitas;
2574 895 2663 961 qui
2722 895 3142 961 sexagesimum,
3195 897 3472 947 matrimo-

1917 980 2065 1031 nium
2083 968 2395 1033 honorabile
2412 989 2464 1034 et
2482 994 2690 1034 caszum
2708 981 2953 1034 dividens
2972 997 3092 1034 cum
3112 981 3327 1034 Christo
3353 999 3471 1047 qua:

1919 1068 2179 1136 possidet;
2214 1069 2301 1134 qui
2336 1070 2685 1133 tricesimum,
2717 1071 2877 1123 etiam
2939 1071 3341 1124 matrimonium
3370 1073 3468 1123 ho-

1917 1160 2159 1212 norabile
2200 1170 2252 1212 et
2297 1168 2500 1212 castum
2563 1160 2771 1211 tertiam
2828 1160 2962 1212 dans
3018 1168 3242 1227 partem,
3309 1161 3470 1214 modo

1917 1249 2017 1300 rite
2049 1249 2402 1300 observentur
2432 1249 2651 1315 reliqua}
2684 1251 2928 1300 virtutes.

1989 1333 2148 1387 Vens.
2187 1335 2268 1387 10.
2304 1335 2413 1387 Cur
2447 1350 2589 1386 nunc
2621 1334 2839 1401 quidem
2889 1333 2939 1384 in
2977 1333 3246 1399 parabolis
3291 1331 3472 1397 loqui-

1918 1436 2025 1489 tur,
2058 1441 2179 1479 cum
2209 1425 2260 1478 in
2288 1433 2467 1478 monte
2510 1441 2616 1478 non
2667 1426 2760 1478 tali
2807 1425 2964 1477 modo
3010 1424 3300 1477 docuerit?
3335 1422 3467 1487 Quia

1919 1527 2048 1570 tunc
2073 1518 2227 1568 turba
2260 1517 2519 1569 innocens
2541 1525 2677 1580 erat,
2719 1531 2862 1568 nunc
2888 1530 3012 1568 vero
3033 1514 3233 1568 Scriba:
3264 1522 3390 1568 sunt
3418 1521 3470 1564 ct

1920 1605 2198 1660 Pharisaei.

1995 1695 2157 1748 Vana.
2202 1693 2470 1756 12.1ilnd,
2502 1694 2604 1756 Qui
2659 1693 2833 1755 habet,
2885 1693 3112 1744 dabitur
3132 1694 3180 1744 ei
3217 1702 3266 1743 et
3309 1691 3472 1741 aban-

275 1779 657 1845 σευθιὲσεται,
700 1783 794 1833 καὶ
836 1783 902 1834 τὰ
930 1779 1074 1849 ἑξῆς,
1103 1781 1282 1850 δηλοῖο
1309 1782 1478 1835 Ὅταν
1519 1799 1601 1843 τις
1626 1783 1824 1853 προθυ-

1922 1785 2090 1849 dabit,
2147 1793 2202 1838 et
2247 1783 2480 1850 reliqua;
2529 1782 2767 1836 ostendit
2819 1782 3001 1846 alicui,
3052 1783 3178 1834 dum
3239 1781 3470 1833 favorem

245 1920 255 1923 ..
280 1872 406 1938 μίαν
446 1870 567 1940 ἔχῃ,
611 1871 893 1942 δοθήσεται
916 1870 1061 1940 αὐτῷ
1105 1872 1197 1923 καὶ
1239 1872 1307 1924 τὰ
1351 1871 1500 1941 παρὰ
1538 1871 1633 1924 τοῦ
1686 1870 1820 1924 Θεοῦ

275 1975 510 2016 απαντα.

346 2047 495 2117 Αὕτη
543 2049 575 2118 ἠ
619 2049 903 2119 παραϐολὴ
953 2047 1079 2116 περὶ
1118 2048 1228 2102 τῶν
1282 2049 1546 2119 αἱρέσεων
1589 2049 1820 2119 διαλαμ-

276 2138 448 2190 δάνει.

358 2228 421 2298 ’11
440 2231 564 2297 περὶ
579 2228 686 2280 τῶν
709 2227 957 2292 ζιζανίων
983 2227 1262 2297 παραϐολὴ
1281 2230 1313 2294 ἡ
1340 2229 1589 2293 λέγουσα,
1615 2229 1695 2279 ὅτι
1729 2229 1825 2280 Ἐν

274 2314 357 2378 τῷ
383 2317 688 2369 καθεύδειν
715 2317 848 2378 τοὺς
867 2317 1209 2382 ἀνθρώπους
1235 2313 1420 2386 ἦλθεν
1450 2317 1636 2369 αὑτοῦ
1672 2321 1704 2369 ό
1731 2317 1826 2383 ἐχ-

274 2404 418 2467 θρὸς
473 2403 569 2456 καὶ
618 2403 854 2469 ἔσπειρε
895 2401 1104 2462 (trama
1155 2402 1268 2455 ἀνὰ
1299 2401 1493 2469 μέσον
1526 2402 1631 2454 τοῦ
1651 2404 1825 2455 σίτου

275 2493 381 2544 καὶ
407 2491 655 2557 ἀπῆλθε,
685 2493 896 2556 ζιζάνια
914 2493 1059 2560 λέγει
1085 2493 1210 2554 τοὺς
1241 2491 1546 2563 αἱρετικούς
1570 2509 1585 2523 ·
1615 2495 1736 2554 τοὺς
1768 2492 1826 2545 δὲ

276 2580 599 2643 ὑπνοῦντας,
625 2582 747 2642 τοὺς
783 2583 965 2652 ἱερεῖς’
989 2581 1140 2653 ὃτιδὲ
1164 2581 1349 2648 ὥσπερ
1370 2581 1429 2632 τὸ
1451 2580 1692 2643 ζιζάνιον
1729 2581 1827 2632 ἐοι-

276 2686 374 2722 κεν
393 2668 469 2738 τῷ
491 2671 644 2738 σίτῳ,
667 2668 835 2731 οὕτως
861 2672 953 2723 καὶ
977 2672 1008 2741 ή
1032 2670 1238 2736 αἵρεσις
1274 2674 1338 2740 τῇ
1383 2671 1607 2738 ἀληθείᾳ
1624 2687 1638 2700 ·
1685 2668 1824 2721 ὥστε

274 2760 542 2829 διηνεκῶς
565 2760 804 2830 φυλακῆς
828 2761 931 2813 δεῖ*
966 2761 1113 2814 ἄλλοι
1137 2762 1192 2812 δὲ
1231 2762 1327 2830 τὴν
1352 2759 1664 2831 παραϐολὴν
1697 2759 1826 2811 ταύ-

275 2866 378 2919 την
407 2851 484 2911 εις
511 2851 606 2914 τὰς
639 2852 925 2913 ἐπιϐουλὰς
953 2851 1061 2903 τῶν
1098 2852 1368 2920 δαιμόνων
1411 2851 1718 2916 ὲνενὸησαν.

353 2939 491 2993 Ὅτε
520 2940 586 2992 δὲ
615 2941 990 3007 ἐϐλάστησεν
1023 2945 1054 2994 ό
1088 2943 1314 3008 χόρτος,
1349 2941 1479 2992 τότε
1511 2939 1700 3007 ἐφάνη
1728 2938 1824 2991 καὶ

274 3030 354 3083 τὰ
409 3027 642 3089 ᾱζὰνια.
695 3029 852 3100 Παρὰ
905 3031 1002 3099 μὲν
1045 3034 1109 3100 τῇ
1161 3031 1300 3100 ἀρχῇ
1350 3031 1721 3090 συσκιάζουσιν
1776 3028 1824 3079 oi

278 3121 550 3190 αἰρετικοὶ
586 3089 808 3185 ἑαυτούς
831 3138 845 3152 ο
881 3089 968 3174 ἐπ’
1016 3089 1174 3174 avias
1436 3089 1640 3184 λάϐωσι
1682 3123 1823 3191 παρ-
1851 3089 1897 3151 c

279 3211 501 3282 ῥησίαν,
535 3211 654 3264 τότε
684 3211 773 3264 τὸν
808 3213 883 3266 ἰὸν
906 3211 1202 3281 ἐκχέουσιν.

349 3302 619 3373 Θερισμὺν
657 3303 750 3356 νῦν
788 3302 883 3373 τὴν
931 3301 1236 3356 συντέλειαν
1271 3301 1458 3370 λέγει·
1512 3301 1725 3366 ζιζάνια
1772 3303 1829 3356 δὲ

275 3394 407 3457 τοὺς
433 3395 757 3464 αἱρετικοὺς,
790 3394 881 3456 οὓς
907 3395 999 3448 καὶ
1031 3393 1226 3446 κωλύει
1245 3392 1596 3462 ἀναιρεῖσθαι·
1617 3393 1676 3444 οὐ
1699 3393 1827 3463 μέν-

275 3502 366 3538 ⁶τοι
395 3503 459 3554 γε
500 3486 573 3556 μὴ
609 3486 1026 3556 περικόπτεσθαι
1058 3485 1235 3538 αὐτῶν
1267 3486 1365 3555 τὴν
1397 3486 1706 3556 παρρησίαν
1738 3484 1829 3537 καὶ

276 3575 381 3637 τὰς
421 3560 700 3637 συνόδουςέ
739 3577 832 3629 καὶ
871 3575 1099 3644 ἀλλαχοῦ
1153 3574 1407 3644 θερισμὸν
1438 3574 1828 3665 τὴνὶύπακοὴν

276 3665 391 3717 τῶν
433 3666 798 3731 ἀκουσάντων,
833 3665 906 3726 ὡς
938 3665 1033 3733 μὶν
1061 3665 1314 3733 θερισμὸς
1349 3665 1533 3727 πολὺς,
1554 3667 1610 3717 -οῐ
1643 3665 1700 3718 δὲ
1735 3668 1829 3735 ἑρ-

277 3757 470 3821 γάται,
502 3755 618 3822 1ἢτοι
645 3756 693 3806 οἱ
718 3755 1045 3818 διδάσκαλοι,
1084 3753 1282 3821 ὀλίγοιο
1310 3753 1516 3806 δώδεκα
1551 3754 1658 3822 γὰρ
1688 3750 1829 3822 ἦσαν

277 3846 330 3897 οἱ
368 3842 636 3912 μαθηταί..

354 3933 418 3985 Οἱ
447 3932 685 4000 θερισταὶ
727 3933 944 4000 ἄγγελοί
971 3933 1109 3984 εἰσιν
1141 3933 1188 3984 οἱ
1233 3931 1512 4000 μισοῦντες
1553 3932 1648 3995 τὰς
1675 3933 1828 4001 αἱρέ-

279 4040 421 4088 σεις,
460 4025 553 4075 καὶ
581 4023 804 4091 ἐκκόψαι
847 4021 1011 4083 αὐτὰς
1056 4020 1405 4089 βουλόμενοι·
1457 4019 1518 4072 τὸ
1559 4021 1639 4084 δὲ,
1678 4023 1831 4072 ἐκκό-

276 4114 400 4182 ψαι,
439 4112 589 4180 δηλοῖ
619 4112 716 4180 τὴν
757 4110 932 4164 αὐτῶν
964 4111 1176 4180 σφαγήν
1201 4127 1214 4142 ·
1253 4111 1350 4162 οὐκ
1390 4110 1672 4180 ἐπιτρέπει
1716 4110 1772 4163 δὲ
1804 4113 1832 4164 ὁ

276 4206 438 4272 Θεὸς,
471 4204 556 4256 ἵνα
584 4203 657 4272 μὴ
676 4202 924 4270 πολέμων
955 4200 1303 4271 κινηθέντων,
1331 4203 1386 4251 ἐν
1414 4200 1490 4269 τῷ
1519 4202 1832 4270 κατασφάτ-

277 4298 473 4351 τεσθαι
521 4296 714 4356 αὐτοὺς
751 4293 960 4363 ἀνάγκη
1009 4292 1177 4361 πολλὴ
1216 4294 1312 4344 καὶ
1359 4292 1482 4354 τοὺς
1509 4291 1604 4344 τοῦ
1660 4292 1827 4357 σίτου,

1923 1872 2142 1935 habeat,
2176 1872 2351 1924 danda
2380 1886 2497 1924 esse
2524 1885 2552 1921 at
2583 1872 2685 1923 Deo
2713 1886 2928 1937 quoque
2973 1872 3178 1923 omnia.

1998 2047 2155 2101 Vens.
2190 2046 2273 2100 18.
2308 2045 2425 2115 Ipsa
2457 2046 2710 2113 parabola
2740 2047 2806 2100 de
2828 2020 3119 2129 lizpresibus
3155 2056 3364 2101 tractat.

1992 2225 2159 2280 Vens.
2189 2226 2277 2278 25.
2309 2212 2570 2279 Parabola
2618 2225 2684 2280 de
2723 2225 2944 2280 zizaniis
2990 2225 3130 2278 dicta
3190 2235 3292 2288 est,
3344 2228 3468 2293 quia

1922 2329 2044 2370 eum
2084 2315 2382 2368 dormirent
2417 2316 2680 2378 homines,
2713 2317 2857 2371 venit
2906 2304 3254 2368 ininiicuiset
3304 2319 3470 2368 semi-

1923 2405 2072 2459 navit
2117 2406 2320 2457 zizania
2366 2404 2418 2458 in
2472 2406 2648 2458 medio
2701 2405 2861 2457 tritici
2918 2418 2971 2459 et
3048 2406 3207 2457 aniit.
3247 2404 3470 2458 Zizaida

1925 2495 2207 2549 haereticos
2256 2495 2570 2564 designant;
2614 2494 2855 2547 homines
2886 2493 3233 2552 dormientes,
3295 2509 3472 2546 sacer-

1924 2586 2107 2649 dotes;
2150 2585 2241 2639 sed
2270 2594 2326 2638 ut
2355 2585 2558 2637 zizania
2591 2583 2782 2638 similia
2811 2590 2937 2636 sunt
2963 2583 3165 2644 tritico,
3201 2584 3281 2636 sic
3308 2584 3474 2636 haere-

1926 2677 2003 2731 sis
2056 2675 2293 2739 veritati,
2346 2677 2418 2727 ita
2451 2684 2509 2727 ut
2566 2688 2784 2727 necesse
2819 2674 2888 2726 sit
2922 2681 3174 2738 perpetuo
3225 2673 3468 2740 vigilare.

1925 2765 2029 2818 Alii
2081 2774 2255 2818 autem
2292 2767 2430 2817 hanc
2462 2763 2770 2832 parabolam
2807 2761 2873 2814 de
2914 2761 3122 2814 insidiis
3167 2761 3471 2814 daemonum

1926 2858 2322 2912 intellexerunt.
3374 2902 3384 2912 ,

1999 2948 2154 3000 Vens.
2189 2947 2278 3000 i6.
2311 2945 2436 3000 Cum
2461 2954 2632 2998 autem
2664 2946 2899 2998 crevisset
2931 2943 3109 3012 herba.
3146 2954 3267 2996 tunc
3314 2943 3502 3010 appa-'

1928 3047 2143 3091 ruerunt
2173 3047 2222 3090 et
2270 3038 2498 3089 zizania.
2527 3035 2580 3088 In
2629 3035 2894 3104 principio
2945 3034 3160 3102 quidem
3205 3033 3478 3085 oet-ulzant

1927 3142 1984 3182 se
2015 3125 2267 3189 haeretici,
2303 3125 2394 3178 sed
2435 3139 2556 3178 cum
2600 3124 2820 3176 multam
2870 3121 3172 3175 libertatem
3197 3119 3466 3188 ceperint,

1927 3228 2055 3272 tunc
2078 3231 2337 3270 venenum
2366 3214 2691 3269 diﬂ'undunt.
3208 3273 3211 3277 η

1997 3311 2157 3365 Vens.
2199 3311 2286 3364 50.
2335 3307 2556 3362 Mcssem
2610 3308 2697 3361 hic
2747 3304 3266 3360 consummationem
3316 3302 3476 3366 dicit;

1929 3404 2134 3457 zizania
2165 3401 2464 3464 luereticos,
2483 3414 2617 3468 quos
2645 3397 2889 3466 prohibet
2913 3395 3136 3457 destrui,
3172 3410 3274 3448 non
3303 3409 3478 3447 autem

1931 3493 2150 3562 reprimi
2182 3507 2369 3546 eorum
2397 3491 2697 3544 libertatem
2729 3497 2783 3542 et
2818 3486 3220 3550 conventicula;
3265 3493 3318 3538 et
3354 3483 3479 3536 alibi

1931 3599 2161 3638 messem
2209 3583 2340 3636 dicit
2379 3582 2718 3635 audientium
2769 3578 3112 3644 obsequium,
3165 3587 3243 3638 ut,
3297 3573 3479 3626 Messi:

1929 3674 2132 3740 quidem
2164 3672 2349 3731 multa,
2386 3671 2609 3736 aperarii
2642 3678 2840 3731 autem,
2875 3667 2925 3718 id
2971 3674 3050 3718 est
3082 3665 3479 3732 prtedicatorcs,

1930 3763 2085 3826 pauci
2117 3776 2134 3811 :
2166 3760 2448 3813 duodecim
2480 3760 2621 3810 enim
2649 3767 2802 3810 erant
2823 3755 3092 3822 discipuli.

2000 3936 2266 3989 Messores
2303 3935 2475 4002 angeli
2511 3943 2635 3986 sunt
2674 3933 2922 3986 odientes
2947 3933 3197 3989 hmreses.
3223 3940 3270 3984 et
3305 3931 3483 3983 volen-

1934 4037 2010 4082 tes
2058 4029 2176 4080 illas
2227 4025 2530 4088 succidere;
2558 4024 2834 4077 succidere
2872 4031 3048 4075 autem
3108 4021 3479 4074 haereticorum

1931 4116 2347 4170 destructionem
2366 4115 2651 4183 signiﬁcat.
2678 4111 2792 4164 Non
2833 4121 3012 4165 autem
3039 4111 3294 4179 permittit
3319 4109 3479 4168 Dens.

1933 4223 1999 4260 ne
2057 4206 2420 4275 in‘bellornm
2471 4205 2865 4258 turbationibus
2915 4203 2980 4256 ad
3042 4216 3134 4255 eos
3157 4202 3482 4256 occidendos

1934 4314 2124 4368 magna
2156 4298 2399 4366 angustia
2437 4297 2488 4348 in
2530 4297 2789 4360 triticum,
2819 4295 2868 4348 id
2887 4304 2988 4358 est,
3016 4294 3069 4345 in
3097 4308 3188 4347 eos
3212 4293 3302 4362 qui
3326 4292 3481 4345 tidem

277 4392 454 4458 ἧγουν
495 4387 755 4456 τοὺςλτῆς
790 4384 1068 4456 ὀρθοδόξου
1106 4384 1356 4448 πίστεως,
1382 4386 1446 4454 τῇ
1482 4388 1662 4454 σφαγῇ
1702 4387 1831 4446 ὑπο-

1936 4398 2117 4443 tenent
2146 4389 2516 4449 orthodoxam,
2554 4387 2788 4451 recidat;
2826 4395 2883 4438 ut
2908 4401 3033 4453 ergo
3068 4387 3189 4438 talia
3222 4401 3326 4438 non
3356 4400 3484 4437 eon-

281 4479 526 4530 πιπτειν.
570 4476 687 4528 Ἵνα
724 4474 815 4528 οὖν
844 4473 996 4526 τοῦτο
1029 4471 1102 4542 μὴ
1140 4472 1398 4542 γένηται,
1429 4471 1509 4524 ἔτι
1544 4472 1598 4524 δὲ
1631 4473 1720 4525 καὶ
1748 4473 1833 4526 διὰ

277 4569 348 4620 τὸ
383 4565 700 4634 ἐπιστρέψαι
745 4566 868 4627 τοὺς
900 4564 1235 4633 αἰρετικοὺς,
1276 4563 1420 4615 ἐστιν
1458 4565 1544 4616 ὅτε
1587 4563 1712 4624 ἴσως
1742 4564 1834 4631 γὲο

279 4674 445 4727 νηται
476 4659 614 4718 σῖτος
637 4657 704 4707 τὰ
733 4654 964 4718 ζιζάνια,
989 4653 1262 4715 παντελῶς
1292 4654 1527 4705 ἐκώλυσε
1557 4655 1653 4723 τὴν
1684 4653 1834 4706 ἀναί-

285 4761 442 4818 ρεσιν
467 4746 662 4799 αὐτῶν.
691 4746 784 4808 Τὸ,
821 4746 1209 4811 Ἀναϐλέψατε
1229 4743 1314 4794 ὅτι
1335 4745 1391 4794 al
1418 4742 1598 4810 χῶραι
1620 4745 1835 4797 λευκαί

279 4842 468 4901 εἰσιν,
491 4837 587 4904 τὴν
606 4835 812 4888 τελείαν
835 4834 1075 4904 ὑπακοὴν
1094 4835 1200 4886 τῶν
1226 4833 1624 4886 πιστευσάντων
1653 4836 1797 4902 λέγει
1816 4875 1831 4890 .

281 4929 407 4982 ἔστι
450 4928 503 4978 δὲ
542 4929 628 4979 ὅτε
668 4927 920 4997 θερισμὸν
958 4926 1055 4997 τὴν
1095 4923 1435 4976 συντέλειανο
1475 4923 1590 4975 ἔστι
1618 4925 1674 4977 δὲ
1698 4927 1832 4978 ὅπου

282 5019 386 5073 καὶ
416 5016 669 5086 θερισμὸν
694 5017 786 5068 καὶ
815 5016 1008 5085 σπόρον
1044 5014 1172 5067 αὐτὸ
1206 5012 1386 5076 καλεῖ,
1429 5015 1560 5082 πρὸς
1589 5015 1713 5068 ἄλλο
1743 5018 1834 5068 καὶ

234 5124 236 5126 ⁷
281 5112 422 5167 ἄλλο
447 5110 513 5162 λα
519 5108 866 5177 μὸανόμενον.

266 5194 275 5202 ’
367 5203 575 5256 Κόκκον
608 5199 871 5260 σινάπεως
896 5199 991 5267 τὴν
1027 5196 1300 5266 βασιλείαν
1330 5194 1435 5246 τῶν
1470 5197 1711 5264 οὐρανῶν
1743 5200 1832 5250 Ἀέ-

280 5309 399 5362 γει,
430 5290 524 5359 τὴν
552 5287 637 5341 διὰ
662 5288 754 5340 τοῦ
792 5286 1140 5355 κηρύγματος
1181 5285 1578 5353 φανερωθεῖσαν
1600 5302 1612 5314 ·
1650 5289 1833 5357 ἐπειδὴ

286 5383 493 5452 σπῦραν
527 5381 636 5448 ἔχει
683 5379 745 5430 τὸ
788 5379 1042 5444 λάχανον,
1085 5375 1243 5428 τοῦτο
1289 5374 1517 5444 αὑξηθὲν
1558 5377 1612 5426 δὲ
1653 5379 1833 5445 μεῖζον

284 5474 497 5542 γίνεται
532 5469 639 5521 τῶν
667 5467 950 5536 λαχάνων·
984 5466 1153 5528 οὕτως
1185 5467 1277 5526 καὶ
1310 5465 1401 5517 ἐπὶ
1430 5467 1520 5519 τοῦ
1550 5468 1832 5537 κηρύγμα-

281 5581 382 5626 τος
409 5563 623 5617 πάντων
653 5561 701 5613 οἱ
748 5558 1026 5612 ἀπόστολοι
1064 5557 1435 5629 ἀσθενέστεροι
1495 5558 1676 5622 ὄντες,
1750 5562 1834 5626 ἐξ-

282 5652 548 5718 ἠπλωσαν
579 5649 638 5702 τὸ
671 5649 924 5717 κήρυγμα
953 5646 1237 5715 πανταχοῦ.

1942 4482 2167 4543 ιίηιιιιιιι,
2225 4478 2360 4531 adde
2415 4487 2591 4530 autem
2654 4476 2869 4545 quando
2929 4493 3022 4544 per
3077 4464 3484 4529 conversionem

1941 4569 2314 4641 haereticorum
2397 4567 2452 4620 ﬁt
2499 4579 2551 4620 ut
2577 4569 2782 4638 (pariter
2822 4567 3024 4619 zizania
3064 4566 3299 4619 triticum
3334 4565 3480 4626 fiant,

1940 4658 2181 4710 absolute
2255 4656 2530 4724 prohibuit
2575 4670 2762 4708 eorum
2813 4655 3254 4708 destruetioncm.
3307 4653 3479 4719 Illud,

1939 4750 2162 4815 Aspicite
2193 4747 2435 4815 quoniam
2464 4747 2634 4814 campi
2669 4747 2776 4796 albi
2817 4757 2956 4807 sunt,
2989 4745 3280 4813 perfectum
3328 4747 3483 4798 obse-

1939 4838 2124 4906 quium
2187 4835 2519 4888 credentium
2570 4833 2838 4896 ostendit;
2906 4843 2988 4886 est
3039 4841 3218 4886 autem
3271 4835 3504 4900 quando.

1941 4928 2132 4979 messis
2182 4922 2598 4984 consummatio,
2631 4931 2684 4975 et
2718 4922 2806 4974 ubi
2840 4925 3031 4976 messis
3071 4938 3255 4977 semen
3311 4924 3480 4990 ipsum

1940 5025 2156 5070 vocetur
2182 5024 2228 5067 ct
2255 5027 2350 5081 pro
2384 5013 2489 5064 alio
2517 5021 2570 5063 et
2617 5014 2722 5066 alfo
2747 5023 3011 5066 sumatur.

2013 5198 2170 5252 Vens.
2237 5197 2322 5249 3|.
2377 5192 2613 5245 Granum
2682 5192 2887 5258 sinapis
2940 5207 3160 5260 regnum
3216 5192 3477 5244 cmlornm

1940 5292 2240 5352 adumbrat,
2273 5285 2411 5355 quod
2450 5298 2540 5351 per
2572 5281 3010 5349 pr;t-.die:ttioneni
3051 5281 3338 5333 revelatum
3373 5292 3476 5334 cst.

1938 5379 2202 5445 Quoniam
2261 5372 2669 5429 seminationem
2709 5370 2869 5422 habet
2923 5369 3075 5430 olus,
3137 5384 3257 5420 cum
3313 5372 3482 5424 crevit

1941 5473 2116 5540 majus
2153 5470 2208 5523 fit
2234 5467 2506 5527 oleribus;
2541 5463 2703 5515 ita-et
2733 5461 2782 5512 in
2817 5459 3194 5528 praedicatione
3227 5461 3480 5518 omnibus

1939 5562 2163 5630 apostoli
2208 5558 2492 5613 debiliorcs
2519 5568 2639 5608 eum
2672 5550 2890 5618 fuerint,
2923 5564 3251 5620 quocunque
3280 5553 3469 5620 pracdi-

1937 5652 2202 5706 cationcm
2237 5642 2611 5703 extenderunt.
