4138 6342
682 187 818 251 1115

1375 190 1753 254 OPUSCULA
1789 194 2414 256 SCRIPTURISTICA
2451 195 2797 257 INCERTIE
2831 195 3139 257 IETATIS.

3719 193 3860 256 1116

749 301 914 355 Vens.
957 302 1047 354 ⁸55.
1089 301 1269 354 Simile
1294 313 1368 355 est
1407 321 1615 371 regnum
1649 304 1740 357 Dei
1772 307 2043 374 fermento,
2082 306 2218 375 quod
2248 309 2292 360 Α

2248 309 2292 360 Α
2390 307 2492 370 Τὸ,
2533 307 2728 375 Ὁμοία
2765 306 2938 361 ἐστὶν
2966 307 3003 372 ἠ
3041 305 3328 371 βασιλέα
3372 304 3474 359 τοῦ
3506 306 3652 361 Θεοῦ
3687 309 3860 376 ζύμῃ,

679 392 935 456 accipiens
982 392 1168 443 mulier
1217 392 1482 444 absromlit
1522 396 1576 445 in
1610 395 1799 462 farina:
1847 397 1979 449 satis
2009 397 2210 461 tribus,

680 481 838 531 donec
870 480 1230 545 fermentatum
1266 492 1337 532 est
1370 491 1556 533 totum.
1597 481 1940 535 Fermentum
1972 483 2212 538 divinum

680 571 900 621 verbum
949 572 999 622 in
1032 570 1286 636 apostolis
1319 580 1420 632 est,
1454 572 1594 636 quod
1645 580 1887 638 penetrat
1921 587 2016 640 per
2057 587 2211 626 suam

679 660 924 711 virtutem
979 660 1283 713 universum
1336 661 1627 724 mundum,
1692 645 1832 714 velut
1888 661 2210 716 fermentum

680 768 770 821 per
816 769 965 805 suam
999 755 1104 806 vim
1142 755 1392 808 farinam.
1427 755 1551 808 Tria
1598 766 1735 819 sata,
1781 766 1881 823 pro‘
1912 756 2097 810 multis
2130 757 2215 808 di-

677 853 910 905 cuntur;
941 858 1036 910 pro
1071 843 1413 896 multitudine
1445 845 1586 896 enim
1622 845 1762 898 hunc
1792 860 2074 898 numerum
2122 861 2213 898 su-

677 945 819 981 mere
853 929 1126 998 Seriptura
1157 930 1366 997 suevit;
1398 933 1488 985 sed
1519 932 1680 985 etiam
1709 933 1897 994 exteri,
1934 937 2027 986 ut:
2067 954 2084 984 ι
2110 933 2214 986 Ter

677 1015 810 1068 beati
846 1015 1029 1069 Danai.
1069 1036 1087 1068 ι

747 1104 904 1159 Vens.
952 1107 1039 1160 56.
1097 1107 1230 1160 Cum
1289 1108 1343 1159 in
1406 1109 1678 1176 parabolis
1729 1110 2050 1177 loquebatur
2101 1110 2210 1174 eis,

675 1195 1020 1262 interrogans
1049 1196 1114 1247 ad
1164 1210 1258 1248 eos
1308 1212 1366 1250 se
1408 1197 1713 1264 dirigebat;
1744 1214 1864 1250 eum
1904 1199 2085 1250 nullus
2129 1200 2213 1250 in-

675 1293 995 1350 terrogaret,
1029 1285 1306 1337 dimittens
1335 1298 1427 1337 cos
1461 1285 1606 1337 abiit.

745 1373 855 1425 Cur
898 1374 961 1425 ad
1012 1373 1162 1424 illum
1208 1372 1407 1425 adeunt
1455 1388 1573 1426 cum
1621 1375 1864 1426 libertate
1918 1384 2215 1441 qttmrentcs

676 1460 1088 1526 explicationem
1151 1461 1419 1527 parabolas
1486 1462 1854 1514 zizanim-um?
1909 1464 2044 1526 Quia
2100 1465 2210 1531 jam

678 1548 959 1601 audierant
993 1566 1004 1600 :
1051 1547 1202 1599 Vobis
1229 1549 1408 1600 datum
1445 1559 1520 1601 est
1562 1552 1738 1602 audire
1774 1555 2017 1618 mysteria
2050 1555 2210 1620 regni.

2316 394 2396 463 ἢν
2438 397 2707 452 λαϐοῦσα
2764 398 2919 466 γυνὴ
2971 397 3237 464 ἔκρυψεν
3274 399 3360 462 εις
3404 398 3656 464 ἀλεύρου
3702 398 3862 451 σάτα

2316 487 2464 553 τρία,
2490 489 2598 552 ἕως
2624 485 2694 543 οὗ
2729 487 2986 555 ἐζυμώθη
3023 486 3188 540 ὅλον.
3227 485 3381 555 Ζύμη
3411 486 3439 536 6
3475 486 3614 549 θεῖος
3647 486 3802 555 λόγος
3830 490 3862 540 6

2317 575 2375 627 ὲν
2401 576 2510 636 τοῖς
2548 574 2883 634 ἀποστόλοις,
2913 575 2942 624 ὁ
2982 573 3318 640 μεταστήσας
3365 571 3501 639 πρὸς
3531 573 3628 642 τὴν
3659 573 3860 625 ἑαυτοῦ

2317 664 2541 732 δύναμιν
2580 663 2670 714 τὸν
2713 665 2887 714 πάντα
2936 661 3171 730 κόσμονο
3213 659 3400 729 ὥσπερ
3452 663 3484 730 ἡ
3526 661 3668 730 ζύμη
3719 662 3860 730 πρὸς

2316 755 2412 823 τὴν
2452 755 2648 822 ἑαυτῆς
2690 753 2838 820 ἰσχὺν
2887 751 2946 802 τὸ
2981 752 3236 819 ἄλευρονο
3287 751 3413 820 τρία
3460 751 3516 802 δὲ
3560 751 3730 815 σάτα,
3788 753 3856 802 τὰ

2319 841 2486 893 πολλὰ
2517 840 2699 906 λέγει·
2751 841 2840 893 ἐπὶ
2878 839 3107 908 πλήθους
3155 839 3261 908 γὰρ
3308 840 3398 891 τὸν
3437 840 3661 907 ἀριθμὸν
3704 840 3857 891 τόνδε

2317 930 2606 998 λαμϐάνειν
2654 930 2686 997 ἡ
2721 929 2905 998 Γραφὴ
2952 930 3190 996 πέφυκε·
3235 928 3367 980 ἀλλὰ
3399 929 3491 980 καὶ
3521 931 3569 980 ol
3613 929 3736 992 ἔξω,
3779 927 3859 988 ὡς

2316 1021 2396 1084 τὸ,
2432 1039 2449 1070 ι
2486 1018 2864 1088 Τρισμάκαρες
2894 1018 3101 1071 Δαναοί.
3145 1037 3163 1070 ι

2387 1107 2508 1159 Ὅτι
2546 1110 2600 1158 ἐν
2642 1105 2968 1175 παραϐολαῖς
3003 1104 3178 1157 ἐλάλει
3214 1104 3426 1165 αύτοῖς,
3462 1106 3538 1166 εἰς
3584 1105 3854 1173 ἑρωτησιν

2317 1198 2509 1259 αὐτοὺς
2543 1197 2971 1266 προτρεπόμενος
2990 1212 3002 1226 ’
3031 1195 3214 1264 ἐπειδὴ
3245 1195 3302 1247 δὲ
3338 1194 3509 1257 οὐδεὶς
3538 1194 3850 1264 ἠρώτησεν,
3879 1213 3888 1218 ·

2316 1286 2473 1353 ἀφεὶς
2506 1286 2698 1348 αὐτοὺς
2727 1273 2980 1354 ἀπῆλθεν.

2381 1375 2475 1426 Διὰ
2506 1375 2555 1426 τί
2581 1375 2881 1444 προσῆλθον
2905 1371 3048 1442 αὐτῷ
3075 1375 3209 1444 μετὰ
3232 1375 3534 1445 παρρησίας
3562 1374 3852 1445 ζητοῦντες

2315 1463 2411 1532 τὴν
2449 1463 2597 1515 λύσιν
2629 1464 2725 1532 τῆς
2772 1464 3077 1533 παραϐολῆς
3116 1463 3222 1515 τῶν
3261 1463 3546 1529 ζιζανίωνς
3591 1466 3709 1517 Ὀτι
3745 1466 3850 1532 ήδη

2321 1553 2574 1620 ῆκουσαν·
2613 1551 2782 1620 ’Υμῒν
2810 1552 3039 1604 δέδοται
3061 1552 3299 1605 ἀκούειν
3329 1553 3398 1604 τὰ
3421 1553 3716 1620 μυστήρια
3738 1552 3853 1619 τῆς

679 1638 745 1690 Ει
767 1652 862 1690 cur
894 1637 944 1690 in
976 1637 1284 1705 particulari
1323 1639 1695 1707 interrogant?
1720 1641 1833 1694 Non
1859 1645 2001 1711 quod
2031 1644 2213 1697 multi-
2249 1626 2288 1679 Β

2249 1626 2288 1679 Β
2313 1641 2628 1703 βασιλείας
2653 1655 2664 1666 ·
2700 1641 2789 1690 καὶ
2817 1640 2902 1691 διὰ
2928 1639 2979 1690 τί
3010 1640 3128 1691 κατ’
3166 1639 3297 1690 ἰδίαν
3326 1639 3632 1706 ἐρωτῶσιν;
3666 1640 3738 1691 Ού
3770 1640 3851 1704 τῷ

680 1726 850 1779 tudini
901 1725 1206 1788 inviderint,
1245 1727 1335 1780 sed
1387 1738 1442 1779 ut
1484 1729 1683 1782 Christi
1727 1731 1894 1799 legem
1941 1743 2214 1786 servarent

680 1817 908 1869 dicentis
945 1817 1064 1870 aliis
1099 1831 1203 1869 non
1235 1832 1352 1871 esse
1390 1818 1594 1872 datum.
1632 1819 1907 1888 Tanquam
1947 1821 2013 1874 de
2039 1831 2215 1876 extra-

683 1920 781 1958 nea
823 1904 990 1972 magis
1025 1905 1352 1957 zizaniorum
1393 1908 1646 1974 parabola
1681 1910 2034 1979 interrogant,
2063 1927 2214 1977 para-

680 1995 832 2047 bolas
856 2008 981 2046 vero
1005 1994 1206 2062 sinapis
1232 2006 1285 2048 et
1307 1995 1548 2048 fermenti
1582 2000 2011 2065 praetermittunt.
2043 1999 2212 2068 Opor-

681 2093 755 2136 tet
801 2084 938 2135 scire
973 2083 1112 2150 quod
1154 2085 1585 2151 quandoquidem
1633 2088 1880 2149 seminat,
1912 2104 2004 2155 per
2043 2105 2100 2144 se
2131 2106 2212 2143 sc-

680 2175 881 2238 minal;
915 2175 1043 2227 dicit
1071 2173 1209 2227 enim
1234 2191 1245 2226 :
1277 2174 1377 2237 Qui
1404 2176 1621 2226 seruiunt
1651 2177 1833 2227 bonum
1850 2194 2013 2230 semen
2040 2177 2210 2231 Filius

680 2273 752 2316 est
787 2264 1041 2323 hominis;
1084 2263 1301 2330 quando
1349 2272 1528 2314 autem
1572 2266 1832 2332 castigat,
1868 2281 1958 2333 per
1999 2268 2212 2335 angelos

682 2351 810 2403 illud
840 2351 984 2404 facit.
1013 2351 1257 2404 Ostendit
1284 2351 1359 2404 sic
1388 2352 1764 2420 benignitatem
1792 2353 1842 2405 itt
1875 2355 2209 2420 seminando,

682 2442 732 2494 id
771 2450 851 2494 est
895 2441 946 2493 in
978 2442 1347 2509 praedicando,
1384 2450 1436 2493 et
1477 2456 1506 2492 a
1540 2443 1712 2508 pinnis
1757 2443 2030 2499 sumendis
2063 2460 2211 2498 arer-

680 2531 906 2585 sionem.

749 2618 910 2672 Vens.
962 2620 1048 2673 37.
1083 2619 1212 2682 Cur,
1253 2621 1448 2675 amotis
1491 2621 1994 2690 turbis,diseipulos
2027 2626 2077 2677 in
2119 2640 2212 2693 pa-

680 2711 880 2764 rabolis
921 2712 1252 2780 alloquitur?
1301 2711 1564 2776 Quoniam
1614 2714 1964 2782 sapientiores
2005 2731 2069 2768 ex
2100 2716 2210 2786 jam

679 2799 836 2852 dictis
865 2801 1130 2866 parabolis
1162 2801 1285 2853 facti
1315 2811 1487 2854 erant.

750 2887 908 2979 Vens.
1058 2891 1110 2979 In
1139 2891 1708 2979 suppliciosumendo.
1733 2891 1999 2947 Memento
2030 2903 2206 2947 autem
2239 2923 2282 2979 ο

683 2975 823 3043 quod
854 2977 905 3028 in
935 2977 1203 3029 Abraham
1235 2987 1286 3031 ct
1318 2976 1613 3033 Sodomitis
1639 2981 1776 3033 idem
1807 2980 2008 3033 fecerit.

753 3063 915 3116 Vens.
960 3065 1047 3117 45.
1096 3065 1273 3130 Quare
1315 3067 1447 3120 alias
1491 3067 1619 3131 justi
1665 3069 1999 3121 adducuntur
2033 3070 2211 3137 primi.

683 3151 770 3203 hic
830 3161 1007 3205 autem
1053 3163 1331 3222 postquam
1381 3156 1694 3222 prtecipitati
1744 3165 1869 3208 sunt
1906 3166 2215 3223 peccatores

682 3240 736 3291 in
776 3240 1297 3307 condemnationem,
1348 3251 1475 3296 tunc
1523 3245 1650 3310 iusti
1699 3243 2006 3311 fulgebunt?
2038 3247 2215 3299 Addu-

682 3337 881 3381 cuntnr
920 3329 1078 3396 primi
1127 3330 1258 3396 justi
1301 3331 1533 3383 venienti
1568 3333 1780 3384 Christo
1811 3334 2020 3386 obviam
2053 3335 2213 3401 ituri;

681 3424 893 3469 astante
947 3427 1123 3471 autem
1159 3419 1250 3470 illo
1288 3427 1340 3472 et
1377 3421 1587 3475 traditis
1628 3422 1693 3475 ad
1742 3424 2059 3491 supplicium
2093 3440 2215 3493 pec-

680 3507 972 3572 catoribus,
1007 3517 1132 3564 tunc
1157 3510 1209 3563 in
1234 3526 1452 3580 regnum
1482 3512 1739 3567 caelorum
1770 3513 1969 3568 intrant
1991 3514 2142 3583 justi.

759 3695 914 3746 Vens.
946 3691 1034 3745 45.
1072 3692 1348 3761 Margarita
1380 3694 1610 3762 pretiosa
1650 3709 1677 3748 a
1720 3697 1852 3748 mari
1882 3704 1983 3760 est,
2013 3704 2066 3751 ct
2094 3711 2209 3749 ma-

682 3786 767 3854 gni
804 3783 956 3852 pretii
1008 3781 1304 3835 aestimatur
1358 3783 1428 3836 ob
1480 3783 1843 3839 difﬁcultatem
1883 3787 2207 3842 inveniendi.

680 3871 795 3924 Non
847 3884 1024 3924 escam
1080 3869 1297 3936 praebet,
1351 3870 1439 3922 sed
1482 3869 1832 3938 jactantiam;
1888 3888 1994 3926 non
2055 3882 2211 3941 potus

678 3959 1064 4028 jucunditatem
1118 3956 1350 4024 praebet,
1413 3958 1505 4009 sed
1563 3960 1846 4010 multarum
1906 3961 2209 4013 divitiarum

682 4047 904 4108 famam,
945 4044 1248 4112 snperbiam
1288 4043 1681 4109 producentem.
1720 4045 1913 4098 Eadem
1957 4048 2088 4101 levis
2131 4057 2213 4102 est

681 4135 967 4204 ponderis;
1030 4146 1297 4199 parvaque.
1344 4147 1464 4185 cum
1523 4132 1626 4194 sit,
1679 4149 1864 4199 magna
1904 4143 2111 4201 potest,
2161 4147 2216 4188 et

2316 1731 2504 1799 πλήθει
2540 1729 2948 1798 βασκαίνοντες,
2994 1729 3126 1781 ἀλλὰ
3153 1729 3242 1780 τὸν
3282 1728 3439 1795 νόμον
3482 1727 3714 1796 Χριστοῦ
3743 1745 3852 1794 φυ-

2312 1821 2590 1881 λάττοντες
2637 1819 2725 1891 τον
2779 1819 3019 1886 λέγοντα,
3060 1819 3139 1870 ὄτι
3164 1818 3343 1879 αὐτοῖς
3380 1817 3440 1870 οὐ
3473 1817 3694 1870 δέδοται.
3760 1818 3854 1878 Ὠς

2311 1911 2611 1978 δεινοτέρας
2637 1908 2800 1971 οὔσης
2820 1910 2918 1976 τῆς
2948 1909 3049 1960 τῶν
3081 1906 3330 1971 ζιζανίων
3361 1908 3691 1978 παραϐολῆς,
3718 1907 3855 1959 ταύ-

2310 2015 2408 2067 την
2437 1997 2712 2066 ἐρωτῶσιν
2744 1998 2840 2065 τὴν
2872 1998 2926 2049 δὲ
2961 1995 3052 2050 τοῦ
3091 1982 3359 2057 σινάπεως
3403 1996 3495 2047 καὶ
3537 1995 3636 2064 τῆς
3670 1993 3855 2061 ζύμης

2312 2093 2582 2160 παρῆκαν.
2619 2088 2736 2158 Χρὴ
2767 2089 2983 2151 εἰδέναι,
3029 2088 3110 2139 δτι
3141 2087 3226 2138 ὅτε
3245 2088 3339 2153 μὲν
3361 2085 3590 2154 σπείρει,
3621 2085 3687 2136 δι’
3724 2083 3857 2134 ἑαυ-

2309 2177 2400 2231 τοῦ
2455 2178 2702 2245 σπείρει·
2756 2177 2900 2243 λέγει
2940 2177 3045 2244 γάρ
3075 2193 3088 2208 ·
3149 2176 3211 2227 '0
3254 2175 3512 2240 σπείρων
3550 2174 3613 2226 τὸ
3657 2173 3855 2225 καλὸν

2311 2267 2562 2334 σπέρμα,
2597 2266 2770 2317 ἔστιν
2809 2269 2840 2318 ό
2882 2266 3013 2328 Υἱὸς
3044 2264 3148 2317 τοῦ
3183 2262 3491 2330 ἀνθρώπου
3519 2280 3531 2293 ·
3556 2263 3641 2313 ὅτε
3663 2260 3720 2312 δὲ
3753 2277 3855 2311 κου

2311 2356 2480 2419 λάζει,
2512 2353 2596 2407 διὰ
2628 2353 2731 2404 τῶν
2767 2353 3009 2420 ἀγγέλων
3035 2351 3189 2404 τοῦτο
3222 2353 3389 2402 ποιεῖ’
3419 2348 3585 2402 οὕτως
3610 2348 3853 2400 δείκνυσι

2311 2444 2404 2496 καὶ
2457 2445 2554 2512 τὴν
2602 2441 3003 2509 φιλανθρωπίαν
3043 2442 3099 2492 ἐν
3133 2438 3208 2506 τῷ
3263 2438 3521 2507 σπείρειν,
3561 2438 3723 2505 ἤγουν
3764 2435 3854 2504 τῷ

2311 2531 2600 2590 διδάσκειν,
2629 2532 2721 2582 καὶ
2746 2529 2806 2581 τὸ
2837 2530 2969 2598 πρὸς
2995 2528 3260 2597 τιμωρίαν
3293 2526 3734 2594 ἡλλοτριωμένον.

2387 2620 2485 2671 Διὰ
2504 2619 2574 2682 τί,
2605 2617 3068 2686 ἀναχωρησάντων
3100 2616 3204 2668 τῶν
3236 2615 3420 2683 ὄχλων,
3442 2615 3549 2674 τοῖς
3581 2612 3856 2680 μαθηταῖς

2312 2712 2368 2761 ἐν
2404 2709 2731 2777 παραϐολαῖς
2757 2707 3086 2772 διαλέγεταις
3112 2706 3324 2774 Ἐπειδὴ
3343 2705 3629 2774 σοφώτεροι
3651 2705 3712 2755 ὲκ
3738 2702 3855 2754 τῶν

2314 2801 2611 2870 εἰρημένων
2652 2799 2748 2867 ῆδη
2789 2797 3102 2866 παραϐολῶν
3137 2796 3400 2863 ἐγένοντο.

2345 2889 2361 2906 ⁸
2394 2892 2480 2942 Ἐν
2535 2890 2612 2957 τῷ
2659 2887 2902 2949 κολάζειν
2928 2903 2940 2917 ·
2981 2885 3245 2955 μνήσθητι
3287 2885 3342 2937 δὲ
3371 2885 3450 2936 ὅτι
3500 2883 3592 2935 καὶ
3629 2882 3718 2933 ἐπὶ
3747 2877 3853 2931 τοῦ

2325 2979 2568 3047 ’Λϐραὰμ
2601 2978 2693 3030 καὶ
2723 2977 2829 3029 τῶν
2858 2975 3156 3044 Σοδομιτῶν
3182 2973 3336 3026 τοῦτο
3371 2975 3531 3025 ποιεῖ.

2383 3069 2534 3130 Τίνος
2561 3069 2714 3136 χάριν
2747 3066 2971 3134 ἀλλαχοῦ
3004 3068 3051 3118 οἱ
3087 3066 3278 3117 δίκαιοι
3318 3063 3645 3132 ἁρπάζονται
3691 3059 3852 3128 πρῶ-

2312 3175 2412 3220 τοι,
2438 3158 2530 3208 νῦν
2557 3158 2610 3208 δὲ
2635 3158 2714 3208 ὅτι
2751 3157 2886 3222 μετὰ
2909 3155 2968 3205 τὸ
2999 3153 3327 3221 ἐμϐληθῆναι
3353 3153 3477 3212 τοὺς
3499 3149 3856 3217 ἁμαρτωλοὺς

2314 3245 2392 3305 εἰς
2432 3243 2647 3295 κόλασιν
2672 3279 2686 3303 ,
2722 3242 2840 3293 τότε
2887 3242 2934 3291 οἱ
2968 3240 3165 3292 δίκαιοι
3198 3237 3592 3306 ὲκλάμψουσινς
3643 3236 3857 3304 Ἀρπά-

2315 3336 2491 3396 ζονται
2527 3333 2622 3399 μὲν
2660 3331 2860 3398 πρῶτοι
2891 3332 2939 3382 οἱ
2967 3329 3160 3381 δίκαιοι
3190 3327 3480 3397 ἐρχομένου
3510 3327 3735 3396 Χριστοῦ
3763 3327 3855 3389 εἰς

2313 3424 2608 3490 ἀπάντησιν
2628 3434 2641 3449 °
2676 3419 3108 3488 παραγενομένου
3138 3418 3193 3469 δὲ
3219 3416 3377 3469 αὑτοῦ
3402 3416 3493 3468 καὶ
3520 3414 3856 3484 παραδοθέν-

2313 3529 2417 3564 των
2446 3513 2524 3573 είς
2547 3510 2762 3563 κόλασιν
2789 3509 2893 3561 τῶν
2923 3507 3276 3578 ἁμαρτωλῶν,
3309 3506 3427 3558 τότε
3462 3508 3539 3567 είς
3574 3504 3854 3575 βασιλείαν

2310 3601 2548 3670 οὐρανῶν
2567 3584 2898 3669 ιἀπέρχονται
2929 3599 2978 3650 οἱ
3007 3597 3222 3650 δίκαιοι.
3590 3613 3594 3620 ·

2394 3691 2451 3743 ’0
2480 3690 2815 3760 μαργαρίτης
2845 3690 2872 3740 ὁ
2909 3686 3084 3757 τίμιος
3113 3687 3255 3740 ἐστιν
3283 3689 3388 3742 ἀπὸ
3417 3687 3705 3754 θαλάσσης,
3743 3683 3849 3737 καὶ

2310 3779 2506 3840 πολλῆς
2555 3779 2719 3845 τιμῆς
2763 3777 2910 3839 ἄξιός
2960 3778 3102 3828 ἐστιν
3141 3777 3226 3828 διὰ
3265 3777 3324 3828 τὸ
3373 3777 3706 3845 δυσεύρετον.
3758 3775 3845 3826 Οὐ

2310 3871 2533 3937 παρέχει
2573 3868 2790 3935 βρῶσιν,
2826 3867 2956 3919 ἀλλὰ
2995 3865 3281 3934 καύχημα⁶
3330 3867 3389 3918 ού
3417 3867 3636 3935 παρέχει
3675 3865 3846 3916 ποτοῦ

2311 3958 2621 4018 ἀπόλαυσιν,
2670 3955 2781 4006 ἀλλ’
2829 3955 3065 4017 εὐδοξίαν
3099 3954 3302 4004 πολλῶν
3331 3955 3620 4020 χρημάτων
3653 3951 3847 4003 ποιοῦ-

2313 4061 2410 4096 σαν
2452 4044 2608 4108 δγκον
2634 4058 2646 4070 ·
2692 4037 2840 4102 οὗτος
2869 4042 2912 4093 δ’
2942 4042 3278 4107 ἐπικουφίζει
3307 4041 3366 4091 τὸ
3412 4042 3592 4108 βάρος.
3628 4041 3849 4107 Βραχὺς

2314 4133 2385 4185 ὢν
2427 4133 2632 4201 μεγάλα
2664 4133 2917 4183 δύναται·
2949 4132 3040 4182 καὶ
3069 4131 3324 4196 σύντομος
3357 4131 3432 4191 εἰς
3462 4130 3518 4180 τὸ
3545 4130 3850 4197 βασταχθῆ-

681 4224 900 4290 pra-cisa
932 4223 998 4275 ad
1032 4222 1527 4288 transportandum,
1568 4231 1619 4273 et
1659 4223 1868 4276 mobilis
1901 4225 1964 4276 ad
2001 4220 2288 4280 restau-VD

2220 4220 2288 4280 ὐ
2315 4240 2430 4283 ναι,
2489 4222 2580 4273 καὶ
2626 4220 2978 4289 εὐμετάθετος
3024 4222 3101 4280 είς
3145 4220 3603 4282 ἀποκατάστασιν,
3645 4218 3846 4286 ῥαδίως

678 4313 903 4367 randum
964 4311 1015 4364 in
1057 4311 1230 4364 locum
1288 4326 1466 4371 suum,
1523 4310 1679 4366 facile
1729 4312 2104 4377 absconditur,
2159 4324 2210 4367 et

678 4403 887 4455 diﬂicile
943 4402 1233 4456 invenitur.
1283 4400 1356 4454 lta
1403 4411 1485 4454 est
1523 4417 1742 4469 regnum
1792 4404 2084 4466 cmlorum;
2137 4403 2207 4456 ita

677 4502 757 4544 cst
798 4491 935 4544 Deus
986 4490 1213 4543 Verbum
1264 4489 1315 4542 in
1359 4506 1523 4559 parvo
1556 4507 1798 4559 magnam
1838 4492 2084 4544 virtutem
2128 4491 2208 4544 in-

679 4580 839 4630 dubie
897 4579 1207 4645 possidens;
1265 4593 1370 4631 non
1427 4579 1692 4646 profertur
1737 4581 1800 4634 ad
1851 4596 2065 4643 escam,
2103 4596 2206 4632 non

680 4668 823 4717 enim
862 4673 946 4716 est
989 4675 1454 4729 momentaneum;
1511 4683 1614 4719 non
1654 4676 1734 4721 est
1783 4669 2102 4736 pauperibus
2156 4669 2206 4720 in

681 4768 871 4814 usum,
926 4751 1014 4804 sed
1065 4752 1117 4802 in
1161 4755 1465 4819 cognitione
1509 4755 1763 4809 divitibus
1816 4758 1866 4809 in
1917 4757 2209 4823 possessio-

681 4856 842 4904 nem;
901 4839 1079 4893 nullus
1114 4853 1232 4891 eum
1278 4841 1474 4894 habere
1527 4852 1700 4908 potest
1746 4836 2207 4912 virtute-indigen-

679 4935 848 4996 tium;
925 4929 1282 4999 perfectorem
1337 4945 1462 4983 vero
1518 4933 1801 4998 acquisitio
1859 4934 1931 4985 fit.
1993 4933 2058 4984 Et
2098 4945 2207 5000 pos!

679 5041 867 5093 pauca.
919 5022 1204 5090 Margarita
1260 5022 1395 5089 lapis
1431 5030 1514 5074 est
1555 5035 1583 5073 e
1626 5022 1875 5075 carnibus
1909 5033 2080 5086 ortus,
2119 5025 2210 5090 qui

683 5128 874 5181 nempe
933 5127 998 5166 ex
1055 5111 1248 5166 ostreis
1303 5110 1545 5178 provenit
1593 5129 1605 5161 :
1646 5111 1765 5177 quis
1809 5127 1931 5179 ergo
1977 5114 2211 5165 crederet

684 5204 848 5256 Deum
881 5218 1093 5270 quoque
1123 5217 1152 5255 e
1177 5217 1339 5254 carne
1370 5201 1638 5252 hominem
1670 5193 1855 5252 natum
1886 5202 2037 5254 esse?
2062 5202 2207 5254 lllam

684 5307 789 5342 non
829 5291 1150 5343 concharum
1205 5290 1379 5343 coitus
1431 5287 1704 5355 producit,
1753 5287 1842 5338 sed
1893 5286 2113 5352 fulguris
2160 5297 2210 5340 et

687 5395 838 5445 aqua:
862 5380 1212 5449 commistio;
1235 5380 1304 5430 ita
1344 5388 1396 5430 et
1433 5376 1681 5429 Christus
1716 5387 2002 5442 conceptus
2035 5386 2115 5428 cst
2157 5377 2208 5428 in

691 5467 922 5538 Virgine,
967 5485 1030 5522 ex
1069 5468 1376 5536 operatione
1416 5466 1648 5536 Spiritus
1688 5464 1876 5527 sancti,
1919 5467 2208 5532 producen-

2310 4310 2624 4378 κρύπτεται,
2666 4309 2758 4360 καὶ
2790 4306 3054 4367 δυσκόλως
3099 4306 3420 4372 εὑρίσκεται.
3478 4305 3657 4366 Οὕτως
3689 4305 3844 4356 ἐστὶν

2309 4402 2341 4468 ἡ
2371 4399 2609 4467 βασιλεία
2661 4398 2766 4448 τῶν
2813 4395 3055 4464 οὐρανῶν
3082 4412 3094 4426 ο
3129 4394 3294 4455 οὓτως
3337 4395 3480 4446 ἐστὶν
3517 4399 3543 4446 ὁ
3579 4395 3703 4456 Θεὸς
3735 4395 3844 4446 Λό-

2309 4503 2421 4552 γος,
2470 4488 2524 4536 ἐν
2565 4485 2754 4552 βραχεῖ
2804 4483 2998 4551 πολλὴν
3042 4482 3264 4549 δύναμιν
3317 4483 3577 4552 περιέχων
3630 4483 3842 4550 σαφῶς.

2310 4576 2382 4626 Ού
2410 4575 2687 4644 πρόκειται
2718 4575 2794 4633 είς
2821 4572 3017 4641 βρῶσιν
3038 4587 3050 4602 ο
3078 4571 3136 4621 ού
3163 4573 3266 4639 γάρ
3298 4573 3438 4623 ἐστιν
3470 4573 3790 4641 πρόσκαιρος
3820 4588 3837 4601 ·

2309 4666 2405 4717 οὐκ
2441 4665 2581 4715 ἔστιν
2617 4664 2856 4731 πενήτων
2909 4662 3118 4729 χρῆσις,
3163 4661 3291 4712 ἀλλὰ
3323 4663 3428 4714 τῶν
3470 4663 3842 4715 πλουτούντων

2309 4755 2364 4804 ἐν
2392 4753 2583 4819 γνώσει
2619 4754 2650 4818 ἡ
2683 4750 2980 4816 κατάληψις
3005 4766 3016 4778 ·
3044 4749 3212 4808 οὐδεὶς
3243 4749 3398 4800 αὑτὸν
3435 4751 3575 4818 ἔχειν
3613 4752 3843 4803 δύναται

2309 4844 2412 4893 τῶν
2461 4840 2684 4908 πτωχῶν
2720 4842 2774 4891 ὲν
2812 4840 3008 4907 ἀρετῇ’
3051 4838 3264 4889 τελείων
3301 4839 3354 4889 δὲ
3388 4842 3567 4907 κτῆμα
3605 4840 3836 4906 γίνεται.

2309 4931 2415 4983 Καὶ
2436 4931 2558 4997 μετ’
2588 4931 2755 4996 ὀλίγα
2776 4944 2789 4957 ’
2826 4927 2881 4980 Ὀ
2915 4928 3250 4995 μαργαρίτης
3273 4929 3410 4990 λίθος
3441 4930 3583 4980 ἐστὶν
3615 4931 3676 4980 ὲκ
3705 4945 3843 4994 σαρ-

2309 5019 2418 5072 κῶν
2447 5019 2746 5086 γενόμενος,
2778 5018 2857 5068 ὅτι
2888 5019 2951 5068 ὲκ
2984 5017 3086 5066 τῶν
3114 5018 3341 5084 ὀστρέων
3375 5019 3706 5086 προέρχεται.
3741 5017 3842 5077 Τίς

2309 5106 2398 5161 οὗν
2447 5108 2519 5175 μὴ
2577 5106 2911 5158 πιστεύσειεν
2965 5107 3044 5156 ὅτι
3085 5106 3174 5157 καὶ
3204 5106 3328 5166 Θεὸς
3365 5109 3424 5157 ἐκ
3466 5107 3707 5174 σώματος
3739 5107 3843 5157 ἄν·

2311 5198 2520 5265 θρωπος
2576 5197 2921 5264 γεγέννηται;
2969 5197 3168 5245 ἐκεῖνον
3225 5197 3317 5262 οὐχ
3361 5199 3391 5264 ὴ
3436 5197 3685 5248 συνουσία
3730 5194 3844 5246 τῶν

2311 5288 2514 5356 κόγχων
2549 5287 2787 5352 συνιστᾷ,
2820 5284 2930 5335 ἀλλ’
2963 5286 2992 5351 ἡ
3025 5284 3118 5352 τῆς
3149 5286 3424 5354 ἀστραπῆς
3467 5289 3557 5337 καὶ
3585 5287 3674 5336 τοῦ
3705 5283 3844 5335 ὕδα-

2312 5394 2396 5438 τος
2438 5378 2763 5445 σύγκρασις·
2800 5374 2963 5432 οὕτως
2993 5377 3082 5424 καὶ
3119 5376 3145 5423 ὁ
3189 5376 3413 5444 Χριστὸς
3447 5371 3745 5438 συνελήφθη
3778 5373 3844 5421 ἐν

2312 5469 2374 5535 τῇ
2429 5466 2676 5534 Παρθένῳ
2728 5467 2785 5514 ἔκ
2819 5465 2909 5531 τῆς
2960 5463 3143 5533 ἡδονῆς
3179 5465 3266 5517 τοῦ
3312 5465 3462 5532 ἁγίου
3505 5461 3843 5529 Πηνεύμαῖος,
