4138 6342
321 315 459 384 1117

1284 313 1597 374 SCHOLIA
1634 313 1923 375 VETERA
1954 265 2041 374 1N
2076 313 2536 374 ΜΑΤΤΗᾹΞΗΜ.

3334 309 3474 372 1118

320 426 386 477 ὲκ
411 424 504 477 τοῦ
551 423 862 494 φυράματος
892 421 1056 493 αὐτῆς
1089 423 1446 493 συστήσαντος
1487 424 1566 491 τῷ
1612 423 1729 492 Θεῷ
1756 423 1852 490 τὴν
1880 433 1895 483 Α

2071 438 2134 476 ex
2199 424 2342 480 illius
2407 437 2570 478 carne
2632 428 2975 492 corpoream
3013 421 3120 475 Deo
3166 421 3485 486 assumptio-

223 593 238 603 .
321 513 641 582 πρόσληψιν.

403 601 524 653 Ἐὰν
557 602 631 670 μὴ
660 602 929 673 πωλήσῃς,
955 601 1061 654 οὒτ’
1091 602 1156 655 ἂν
1180 602 1389 673 πράξῃς
1414 601 1592 654 πίστιν
1614 617 1629 632 ’
1664 602 1849 670 ῆγουν,

323 688 387 741 Εἰ
413 688 487 758 μὴ
510 689 633 761 ἔχῃς
659 690 1037 760 ἐλεημοσύνην,
1063 689 1179 741 οὺδὶ
1207 689 1387 751 πίστις
1409 705 1468 741 σε
1492 687 1780 759 ὠφελήσει.

397 861 516 931 Χρὴ
543 859 825 928 γινώσκειν
850 861 931 913 ὅτι
959 859 1233 929 διέστηκεν
1253 861 1285 927 ἠ
1320 858 1597 928 παραϐολὴ
1630 859 1728 928 τῆς
1757 875 1852 910 σα-

327 952 499 1021 γήνης
539 955 602 1021 τῇ
631 952 735 1004 τῶν
765 951 1013 1015 ζιζανίων
1031 967 1046 982 θ
1080 951 1192 1004 tate!
1222 951 1328 1020 γὰρ
1354 951 1438 1002 διά
1463 952 1671 1018 αἵρεσιν
1700 949 1855 1002 ἀπόλ-

326 1042 510 1093 λυνται
528 1057 543 1072 ⁸
574 1042 663 1093 καὶ
679 1042 724 1092 oi
753 1041 858 1110 πρὸ
883 1040 1078 1108 ταύτης
1103 1039 1200 1106 τῆς
1233 1039 1562 1108 παραϐολῆς,
1594 1039 1736 1104 λέγω
1761 1039 1851 1106 δὴ,

327 1132 379 1182 οἱ
420 1132 496 1192 είς
518 1132 605 1205 τὸν
636 1131 852 1197 σπόρον,
875 1129 960 1180 διὰ
983 1129 1043 1180 τὸ
1074 1129 1148 1198 μὴ
1183 1129 1466 1196 προσέχειν
1493 1130 1603 1190 τοῖς
1630 1129 1858 1195 λεγομέ-

328 1234 475 1280 νοις⁹
508 1214 649 1271 οὗτοι
694 1219 750 1269 δὲ
791 1217 878 1270 διὰ
927 1218 1038 1286 βίου
1077 1217 1336 1285 πονηρίαν
1361 1232 1374 1247 ·
1416 1217 1608 1278 οἵτινες
1649 1216 1858 1269 πάντων

330 1308 465 1358 εἰσὶν
498 1308 830 1376 ἀθλιώτεροι,
856 1308 951 1375 τῆς
993 1307 1088 1375 μὲν
1122 1305 1369 1373 γνώσεως
1405 1305 1764 1375 ἐπιτυχόντες,
1799 1306 1856 1358 οὐ

329 1396 637 1464 δυνηθέντες
662 1396 717 1448 δὲ
736 1397 956 1458 δεόντως
989 1395 1242 1464 σωθῆναι.

399 1574 490 1624 Δεῖ
526 1573 715 1627 εἰδέναι
757 1575 837 1626 ὅτι
866 1574 1117 1627 τοσαῦταί
1145 1575 1280 1627 εἰσιν
1305 1575 1411 1626 ὁδοὶ
1443 1575 1540 1643 τῆς
1569 1573 1857 1638 ἀπωλείας,

333 1663 368 1732 ἢ
411 1663 497 1715 διά
527 1667 623 1728 τῆς
660 1664 862 1733 πέτρης
898 1664 930 1732 ἢ
980 1665 1067 1716 διὰ
1121 1663 1226 1715 τῶν
1271 1664 1538 1726 ἀκανθῶν,
1586 1663 1619 1732 ἢ
1652 1662 1736 1714 διὰ
1767 1663 1863 1729 τῆς

1956 527 2099 567 nem.

2029 600 2188 656 Vens.
2236 604 2325 657 46.
2366 602 2475 657 Nisi
2516 602 2852 663 vendideris,
2906 616 3010 653 non
3057 616 3234 652 eruere
3290 599 3489 666 potet-is

1959 701 2149 755 iidem;
2192 695 2243 747 id
2284 703 2386 757 est,
2427 693 2530 748 nisi
2569 693 2963 761 eleemosynam
3009 690 3218 751 feceris,
3256 705 3356 741 non
3397 688 3488 739 tibi

1959 789 2194 859 proderit
2223 787 2370 839 fides.

2033 875 2190 928 Vens.
2222 874 2303 926 47.
2351 873 2570 940 Oportet
2613 885 2934 937 cognoscere
2969 869 3108 936 quod
3151 867 3352 920 dill'eral
3393 882 3487 932 pa-

1960 967 2142 1020 rahola
2174 978 2380 1032 sagenaa
2433 977 2462 1013 a
2514 962 2837 1013 zizaniorum
2883 959 3150 1027 parabola.
3196 956 3311 1009 Illic
3346 956 3485 1007 enim

1961 1052 2031 1107 ob
2069 1051 2312 1103 haeresim
2365 1049 2776 1114 tlisperduntur.
2807 1056 2859 1097 et
2906 1046 2955 1096 hi
2997 1058 3209 1112 quoque
3244 1044 3334 1109 qui
3366 1049 3488 1094 ante

1961 1142 2199 1194 eamdem
2241 1138 2565 1206 parabolam,
2601 1127 2699 1188 hos
2723 1137 2842 1188 dico
2871 1135 2960 1203 qui
2993 1142 3119 1186 sunt
3161 1134 3212 1184 iu
3258 1132 3489 1184 semina-

1965 1229 2124 1281 tionis
2173 1226 2447 1291 parabola,
2475 1239 2538 1277 eo
2575 1224 2713 1291 quod
2750 1238 2855 1275 non
2896 1223 3054 1276 dictis
3082 1223 3483 1286 obtemperent:

1963 1319 2053 1370 sed
2107 1316 2192 1368 hic
2244 1316 2316 1367 ob
2368 1314 2491 1366 vita:
2537 1313 2859 1380 nequitiam,
2906 1311 2996 1378 qui
3046 1323 3232 1376 nempe
3283 1308 3487 1374 pejores

1964 1403 2213 1455 omnibus
2247 1412 2390 1459 sunt.
2416 1401 2772 1466 cognitionem
2795 1399 3006 1466 quidem
3039 1396 3235 1463 adepti,
3261 1394 3351 1449 sed
3384 1408 3486 1444 non

1964 1494 2199 1546 valentes
2227 1500 2367 1544 recte
2395 1491 2608 1542 salvari.

2037 1581 2201 1634 Vens.
2235 1580 2318 1634 50.
2357 1579 2642 1632 Sciendum
2674 1587 2755 1631 est
2791 1588 2894 1630 tam
2944 1575 3136 1628 multas
3165 1589 3284 1627 csse
3320 1568 3494 1640 perdi-

1969 1670 2127 1722 tionis
2161 1669 2295 1731 vias,
2336 1670 2448 1721 sive
2477 1682 2569 1736 per
2599 1677 2822 1734 petram,
2855 1677 2945 1717 aut
2974 1666 3177 1732 spinas,
3212 1671 3302 1714 aut
3331 1663 3490 1723 viam,

331 1753 472 1815 ὁδοῦ,
502 1753 534 1820 ἢ
561 1755 648 1806 διὰ
679 1755 784 1806 τῶν
818 1754 1085 1818 ζιζανίων,
1113 1754 1145 1821 ἦ
1175 1754 1262 1806 διὰ
1290 1753 1387 1820 τῆς
1417 1754 1656 1821 σαγήνης
1679 1767 1692 1782 °
1734 1750 1863 1817 ἀλη-

2043 1773 2073 1811 e
2099 1774 2193 1826 per
2227 1759 2453 1818 zizania,
2483 1757 2594 1809 sive
2620 1771 2713 1823 per
2740 1770 3025 1824 sagenam;
3065 1768 3190 1807 vere
3220 1753 3382 1820 igitur
3416 1756 3497 1801 est

334 1840 441 1902 θῶς
479 1841 584 1911 ἀρα
631 1841 854 1895 πλατεῖά
886 1843 1075 1911 ἐστινὴ
1116 1841 1227 1903 ὁδὸς
1259 1841 1291 1909 ἡ
1337 1840 1617 1906 ἀπάγουσα
1657 1838 1733 1899 είς
1764 1837 1863 1904 τὴν

331 1933 624 1986 ἀπώλειαν.

404 2022 496 2085 Τὸ,
549 2020 671 2086 Πᾶς
717 2020 1116 2088 Γραμματεὺς,
1155 2018 1334 2086 φησὶν,
1365 2012 1747 2082 μαθητευθεὶς
1791 2009 1862 2078 τῇ

329 2109 612 2172 ,βασιλείᾳ
666 2105 782 2158 τῶν
824 2105 1106 2172 οὐρανῶν,
1133 2103 1330 2170 ὅμοιός
1374 2103 1542 2154 ἐστιν
1584 2097 1865 2164 ἀνθρώπῳ

334 2197 763 2260 οἰκοδεσπότῃ,
798 2195 962 2257 ὅστις
1007 2191 1278 2244 ἐκϐάλλει
1321 2190 1388 2242 ἐκ
1425 2188 1528 2242 τοῦ
1563 2187 1864 2253 θησαυροῦ

334 2284 518 2339 αὐτοῦ
563 2283 736 2336 καινὰ
781 2282 872 2335 καὶ
918 2278 1158 2332 παλαιά.
1219 2278 1552 2349 Γραμματέα
1595 2277 1738 2342 λέγει
1775 2276 1865 2328 τὸν

334 2375 511 2427 εἰδότα
545 2374 636 2425 τὸν
676 2372 855 2440 νόμον,
888 2371 946 2422 ὃν
977 2369 1259 2436 ἐπιγνόντα
1299 2370 1392 2420 καὶ
1423 2368 1490 2420 τὰ
1521 2367 1618 2435 τῆς
1648 2366 1864 2435 χάριτος

335 2460 543 2522 εἰκάζει
565 2458 812 2510 πλούσιον
837 2457 1121 2523 δυνάμενον
1142 2454 1280 2523 ἔχειν
1310 2453 1505 2505 πολλά-
1535 2452 1594 2504 τὺ
1618 2452 1672 2504 δὲ
1708 2450 1866 2503 καινὰ

340 2553 436 2601 καὶ
465 2548 664 2601 παλαιά
687 2547 984 2608 ἐκϐάλλειν,
1003 2546 1120 2597 ἀντὶ
1137 2544 1250 2608 τοῦ,
1283 2544 1390 2596 ἀπὸ
1417 2543 1516 2611 τῆς
1547 2542 1748 2607 Καινῆς
1777 2541 1868 2593 καὶ

337 2638 578 2699 Παλαιᾶς
607 2637 825 2706 Γραφῆς
841 2634 1196 2701 διαλέγεσθαι,
1219 2633 1456 2685 δύναται.

412 2729 506 2778 Διά
531 2726 581 2777 τί
605 2728 660 2778 ὲν
691 2726 788 2794 μὲν
813 2727 876 2794 τῇ
904 2722 1268 2792 Καπερναοὺμ
1293 2720 1540 2788 ἐποίησεν
1566 2719 1779 2788 σημεῖα,
1812 2719 1869 2770 ὲν

339 2817 400 2869 δὲ
438 2818 501 2884 τῇ
548 2815 781 2882 πατρίδι,
826 2815 922 2883 τὴν
961 2813 1205 2882 Ναζαρὲθ
1236 2812 1398 2878 λέγω.
1446 2811 1542 2861 οὐκ
1581 2810 1867 2877 ὲποίησενς

341 2907 442 2959 Διὶ
479 2906 574 2973 τὴν
599 2904 850 2957 ἀπιστίαν
883 2903 1078 2964 αὐτῶν,
1118 2903 1208 2954 καὶ
1247 2902 1332 2952 διὰ
1358 2900 1425 2951 τὸ
1453 2900 1630 2964 λέγειν
1655 2897 1866 2956 αὐτούς·

1962 1847 2066 1899 lata
2095 1848 2178 1898 via
2209 1861 2328 1913 quae
2355 1845 2502 1898 ducit
2534 1844 2601 1896 ad
2632 1844 2999 1919 perditionem.

2029 2020 2189 2075 Vatis.
2235 2019 2324 2072 52.
2357 2019 2535 2073 Omnis
2567 2018 2786 2081 Scriba,
2831 2019 2959 2070 dicit
2983 2057 2996 2079 ,
3033 2017 3215 2069 doctus
3256 2020 3310 2069 in
3345 2034 3497 2085 regno

1963 2111 2224 2169 calorum,
2255 2109 2442 2161 similis
2481 2118 2556 2160 est
2583 2108 2775 2159 homini
2811 2107 3203 2173 patrifamilias,
3242 2107 3328 2172 qui
3371 2123 3493 2173 pro-

1962 2199 2062 2265 fert
2108 2199 2171 2249 de
2204 2198 2446 2250 thesauro
2475 2213 2568 2248 suo
2603 2211 2728 2248 nova
2768 2205 2814 2247 et
2859 2206 3045 2247 vetera.
3080 2194 3322 2246 Scribam
3367 2195 3497 2246 dicit

1963 2288 2093 2355 legis
2125 2287 2374 2354 peritum,
2407 2300 2566 2354 quem
2613 2287 2866 2338 scientem
2897 2293 2948 2338 et
2985 2283 3166 2352 gratim
3198 2285 3333 2334 dona
3374 2298 3496 2350 pos-

1965 2375 2225 2430 sidentem
2273 2376 2432 2427 multa
2491 2375 2688 2426 habere
2736 2388 2892 2441 posse
2941 2372 3210 2440 Supponit.
3254 2370 3397 2422 Nova
3444 2382 3496 2424 et

1965 2472 2138 2514 vetera
2180 2461 2437 2529 proferre,
2484 2463 2620 2516 idem
2653 2472 2808 2515 sonat
2839 2477 2902 2514 ae
2943 2475 3100 2529 posse
3131 2460 3195 2513 de
3232 2460 3406 2513 Veteri
3445 2469 3498 2513 ct

1965 2550 2112 2606 Nova
2145 2551 2420 2606 Scriptura
2450 2554 2734 2608 disserere.

2041 2734 2198 2791 Vens.
2231 2735 2319 2789 58.
2347 2735 2454 2790 Cur
2492 2736 2544 2790 in
2583 2733 2952 2807 Capharnaum
2993 2733 3118 2786 fecit
3148 2734 3320 2801 signa,
3353 2739 3405 2784 et
3443 2733 3496 2784 in
3599 2784 3605 2791 ,

1967 2829 2160 2898 patria,
2182 2829 2228 2880 id
2254 2827 2409 2881 estin
2441 2823 2724 2886 Nazareth,
2753 2839 2855 2875 non
2887 2821 3042 2874 fecit?
3070 2819 3289 2887 Propter
3312 2833 3497 2872 eorum

1971 2917 2432 2976 incredulitatem,
2470 2922 2523 2967 et
2565 2929 2629 2967 eo
2659 2913 2798 2978 quod
2833 2910 3082 2963 dicebant
3132 2925 3146 2960 :
3193 2907 3375 2960 Nonne
3413 2908 3500 2960 hic

346 2981 468 3061 Οὐχ
499 2993 670 3058 οὗτός
717 2994 883 3046 ἐστιν
926 2995 956 3046 d
989 2991 1261 3053 τέκτονος
1296 2989 1451 3053 vide;
1488 2987 1576 3050 Ἐξ
1615 2980 1688 3039 ὧν
1718 2989 1807 3038 καὶ
1843 2988 1870 3038 ὁ

2041 3014 2051 3056 L
2075 3003 2208 3056 fabri
2236 3002 2416 3056 lilius?
2454 3002 2530 3054 Ex
2562 3017 2668 3068 quo
2696 2999 2944 3053 Christus
2968 2998 3099 3050 dicit
3125 3012 3337 3048 omnem
3379 3010 3500 3062 pro-

341 3085 574 3154 Χριστδς
613 3084 787 3150 λέγει,
831 3084 909 3134 ὅτι
957 3079 1077 3146 Πᾶς
1124 3079 1427 3147 προφήτης
1469 3077 1537 3129 ἐν
1578 3077 1650 3142 τῇ
1688 3077 1872 3142 οἰκείᾳ

2043 3102 2180 3146 etam
2236 3091 2287 3144 in
2345 3089 2556 3158 propria
2601 3087 2769 3156 patria
2815 3102 2932 3140 esse
2964 3088 3078 3138 sine
3118 3085 3342 3136 honore.
3384 3081 3499 3135 Non

342 3173 576 3240 ,πατρίδι
605 3172 825 3238 ἄτιμος.
859 3173 930 3223 Οὐ
960 3171 1037 3222 δεῖ
1064 3170 1120 3222 δὶ
1149 3168 1253 3220 ἀπὸ
1281 3168 1386 3220 τῶν
1418 3165 1646 3218 εὐτελῶν
1674 3164 1872 3230 γονέων

343 3263 587 3325 κακίζειν
642 3263 792 3324 τινάς
820 3277 834 3291 °
875 3261 992 3313 ἐπεὶ
1033 3261 1124 3313 καὶ
1166 3259 1346 3323 Δαϐὶδ,
1404 3258 1494 3310 καὶ
1550 3255 1747 3324 Ἀμὼς,
1783 3254 1873 3306 καὶ

341 3357 602 3422 Μωῦσῆς,
638 3353 730 3406 καὶ
761 3355 952 3415 πάντες
985 3353 1031 3404 οἱ
1062 3351 1328 3421 προφῆται
1350 3347 1871 3414 ὲξουδενωθήσονται.

415 3448 512 3497 Διά
537 3445 586 3496 τί
619 3445 864 3512 εποίησεν
899 3443 993 3511 μὲν
1025 3439 1426 3508 σημεῖα,λόλὶγα
1469 3438 1524 3489 δὲ
1558 3437 1694 3488 πάνυ
1725 3436 1782 3486 ὲν
1810 3436 1872 3499 τῇ

343 3534 563 3601 πατρίδι
591 3532 792 3597 αὐτοῦ;
845 3533 958 3584 Ἵνα
1008 3532 1081 3596 μὴ
1130 3530 1250 3597 δόξῃ
1286 3529 1550 3596 ὑπερορᾷν
1584 3525 1774 3585 αὐτοὺς
1803 3523 1876 3584 ὡς

343 3621 602 3687 πολέμιος
637 3621 728 3670 καὶ
757 3618 943 3685 ἐχθρός
969 3634 981 3645 °
1029 3616 1195 3667 πολλὰ
1226 3616 1281 3666 δὲ
1313 3615 1411 3665 οὐκ
1437 3612 1686 3680 ἐποίησεν
1718 3613 1790 3672 ὡς
1820 3613 1875 3662 ὲν

341 3703 732 3770 Καπερναοὺμ,
758 3701 843 3753 ἵνα
877 3700 950 3769 μὴ
982 3699 1171 3760 αὐτοὺς
1195 3697 1548 3758 ἀπιστοῦντας
1575 3698 1876 3765 κατακρίνει

345 3789 628 3860 μειζόνως.

922 3910 1166 3965 ΚΕΦΔΔ.
1202 3909 1296 3963 IA'.

432 4039 806 4101 Ἀποθανόντος
843 4035 937 4090 τοῦ
976 4034 1215 4088 Ἰωάννου
1247 4034 1278 4104 ἢ
1313 4034 1405 4086 xui.
1431 4028 1871 4104 παραδιδομένου,

342 4134 438 4185 ὅτε
471 4129 703 4198 ἥκουσαν
739 4128 788 4179 οἱ
826 4125 1058 4178 Ἰουδαῖοι
1099 4124 1179 4176 ὅτι
1207 4123 1450 4184 πλείονας
1481 4122 1588 4192 ἔχει
1632 4123 1895 4193 μαθητὰς·

343 4224 379 4275 ὁ
408 4219 652 4288 Χριστὸς,
683 4217 768 4270 διά
801 4214 854 4268 τί
877 4214 1114 4267 κατιδίαν
1141 4214 1476 4282 ἀνεχώρησεν
1500 4231 1514 4276 ;
1547 4214 1667 4265 Ὅτι
1693 4214 1875 4283 καιρὸς

1975 3189 2183 3248 Oportet
2210 3189 2384 3232 autem
2435 3177 2504 3230 ob
2545 3185 2825 3244 parentum
2871 3172 3289 3226 mediocritatem
3340 3184 3503 3237 quos-

1978 3271 2099 3323 dam
2149 3267 2493 3336 cxprobrare,
2543 3280 2663 3317 eum
2703 3263 2887 3324 David,
2945 3263 3128 3323 Amos,
3172 3258 3400 3328 Moyses.
3448 3267 3502 3312 et

1972 3375 2159 3414 omnes
2190 3357 2723 3427 prophetaeinlimam
2753 3354 3014 3423 originem
3045 3352 3347 3405 habuerint.

2042 3449 2149 3501 Cur
2178 3447 2302 3499 fecit
2345 3445 2556 3514 quidem
2606 3445 2793 3512 signa,
2839 3443 3125 3495 admodum
3165 3455 3289 3492 vero
3335 3453 3503 3507 pauca

1972 3539 2024 3590 in
2058 3537 2224 3605 patria
2265 3536 2403 3589 sua?
2436 3533 2510 3587 Ne
2543 3535 2813 3587 videretur
2846 3533 2965 3585 illos
3009 3531 3282 3597 despicere
3312 3539 3368 3604 u_t
3411 3529 3504 3580 ini-

1973 3628 2145 3680 micus
2167 3635 2218 3678 et
2246 3625 2487 3678 infensus
2512 3641 2527 3688 ;
2554 3624 2716 3675 multa
2744 3632 2920 3675 autem
2952 3637 3054 3674 non
3085 3620 3210 3674 fecit
3239 3628 3295 3671 ttt
3329 3619 3379 3670 in
3405 3618 3503 3671 Ca-

1973 3716 2291 3781 pharnaum.
2322 3727 2388 3764 ne
2420 3712 2540 3764 illos
2566 3710 2870 3763 incredulos
2899 3709 3070 3776 magis
3099 3709 3500 3761 condemnaret.

2539 3915 2762 3971 CAPUT
2800 3912 2938 3969 XIV.

1990 4030 1995 4034 ’
2042 4046 2200 4101 Vsus.
2238 4045 2288 4098 1.
2339 4043 2550 4097 Mortuo
2579 4041 2784 4095 Joanne
2817 4048 2909 4093 aut
2939 4037 3004 4092 ad
3032 4037 3351 4107 supplicium
3395 4045 3502 4090 tra-

1974 4138 2113 4197 dito,
2147 4152 2270 4189 cum
2325 4133 2612 4187 audierunt
2660 4131 2827 4184 Judaei
2875 4132 3058 4198 plures
3109 4129 3506 4191 hahe'reﬁisei-

1975 4227 2131 4294 pulos
2186 4224 2460 4278 Christum
2485 4262 2501 4286 ,
2550 4237 2647 4274 cur
2698 4235 2940 4274 seorsum
2981 4233 3038 4272 se
3079 4217 3335 4271 contulit?
3372 4215 3507 4281 Quia

344 4309 445 4362 τοῦ
474 4308 670 4370 πάθους
695 4307 794 4359 οὔκ
827 4301 913 4374 ἦν,
945 4305 1035 4358 καὶ
1060 4305 1138 4356 ὅτι
1165 4303 1645 4372 ἀνθρωπικώτερον
1667 4303 1871 4368 διοικεῖ,

2041 4329 2185 4382 mpus
2210 4312 2480 4383 passionis
2521 4327 2626 4362 non
2665 4323 2799 4370 erat,
2827 4318 2879 4362 et
2906 4307 3205 4360 humaniori
3252 4307 3409 4360 modo
3451 4321 3509 4359 se

349 4399 431 4468 μὴ
479 4398 786 4466 βουλόμενος
815 4396 1113 4464 γνωσθῆναι
1149 4397 1226 4447 ὃτι
1261 4397 1290 4448 ό
1335 4397 1564 4465 Χριστός
1603 4397 1751 4447 ἐστι·
1797 4396 1876 4448 διὸ

345 4490 446 4540 καὶ
474 4489 580 4547 τοῖς
617 4487 878 4554 μαθηταῖς
911 4487 1089 4553 ἔλεγεν
1122 4486 1304 4554 μηδενὶ
1336 4488 1524 4545 εἰπεῖν,
1563 4487 1643 4537 ὅτι
1670 4487 1815 4538 ἐστιν
1848 4488 1877 4538 ό

342 4578 613 4645 Χριστός·
667 4577 801 4643 μετά
842 4577 947 4646 γὰρ
976 4577 1068 4646 τὴν
1118 4577 1406 4630 ἀνάστασιν
1447 4577 1690 4640 ἐϐούλετο
1720 4577 1876 4630 τοῦτο

346 4665 600 4734 γενέσθαι
629 4665 1054 4735 γνωριμώτερον.

426 4757 518 4808 Διά
562 4753 620 4807 τί
659 4756 743 4807 ἀεὶ
783 4756 880 4808 οὐκ
912 4759 967 4808 ἐν
997 4757 1234 4825 πολιτείᾳ
1281 4759 1310 4822 ἢ
1346 4756 1432 4808 ἀεί
1464 4757 1562 4807 οὐκ
1591 4759 1645 4807 ἐν
1676 4759 1877 4827 ἐρημίᾳ

344 4846 506 4915 διῆγε
531 4862 544 4908 ;
574 4845 680 4897 Καὶ
709 4846 792 4897 ἀεὶ
825 4845 921 4914 μὲν
962 4848 1018 4898 ὲν
1051 4846 1288 4913 πολιτείᾳ
1334 4847 1392 4896 οὐ
1434 4839 1614 4912 διῆγεν
1645 4845 1675 4913 ἢ
1703 4847 1875 4898 ἐδίδα-

346 4952 483 4989 σκεν
506 4974 518 4995 ,
550 4934 632 4984 ἵνα
681 4934 751 5002 μὴ
796 4937 1136 5004 κατηγορηθῇ
1170 4936 1241 4997 ὡς
1277 4936 1570 5003 μαχόμενος
1611 4935 1706 5003 τὴν
1734 4936 1879 4987 πολι-

342 5026 520 5086 τείαν,
547 5025 638 5075 καὶ
663 5023 962 5094 ἀποσχίζων
992 5026 1190 5077 ἐκεῖθεν
1216 5027 1330 5085 τοὺς
1362 5024 1601 5085 πολλούς.

419 5115 514 5166 Διὰ
564 5114 612 5165 τί
657 5114 754 5164 οὐκ
796 5115 1009 5164 ἀπαιτεῖ
1043 5116 1220 5166 πίστιν
1253 5117 1361 5173 τοῖς
1409 5113 1619 5181 δχλοις;
1672 5114 1788 5164 Ὀτι
1823 5113 1879 5165 τὸ

343 5202 773 5272 παρακολουθεῖν
803 5202 896 5253 καὶ
935 5204 1000 5266 ,τὸ
1027 5205 1082 5253 ἐν
1123 5205 1376 5271 ἐρημίαις
1403 5203 1649 5270 ἔρχεσθαι
1689 5203 1784 5254 καῖ
1821 5203 1881 5254 τὸ

344 5292 778 5360 προσκαρτερεῖν
808 5292 895 5342 καὶ
925 5291 1078 5360 δίψης
1104 5292 1415 5360 ἀνέχεσθαι,
1448 5292 1541 5360 τὴν
1573 5291 1750 5343 πίστιν
1791 5292 1881 5344 αὐο

344 5385 506 5436 ’τόθεν
538 5381 806 5449 γνώριμον
839 5381 966 5448 ἔχει.

422 5472 521 5525 Διά
560 5471 609 5521 τί
657 5470 752 5520 οὐκ
801 5468 970 5529 εἶπεν,
1019 5470 1212 5537 Δίδωμι
1261 5473 1437 5533 αὐτοῖς
1472 5472 1678 5538 φαγεῖν,
1717 5471 1877 5534 ἀλλὰ,

363 5561 564 5629 ’Χμεῖς
615 5560 747 5613 δότε
789 5560 1019 5622 αὐτοῖς;
1074 5560 1500 5631 Ειρωνικώτερὸν
1549 5577 1656 5620 πως
1713 5558 1881 5626 λέγων

1977 4405 2131 4474 gerit.
2181 4404 2368 4456 nolens
2401 4399 2652 4470 cognOsci
2699 4411 2756 4450 ut
2797 4398 3064 4450 Christus.
3094 4395 3218 4448 Ideo
3251 4405 3306 4447 et
3345 4395 3510 4448 disci-

1976 4493 2111 4561 pulis
2137 4492 2358 4559 juhebat
2389 4488 2586 4541 nemini
2628 4483 2867 4539 dicerent
2901 4483 3040 4551 quod
3071 4482 3316 4536 Christus
3345 4493 3505 4537 esset.

1977 4581 2107 4634 Nam
2159 4590 2275 4648 post
2322 4578 2767 4630 resurrectionem
2813 4573 3018 4625 volebat
3062 4571 3114 4624 id
3153 4571 3262 4648 lieri
3301 4572 3508 4626 illustre

1977 4670 2164 4737 magis.
2880 4720 2884 4724 ί
3160 4647 3169 4655 ’

2050 4757 2206 4809 Vens.
2241 4755 2325 4806 15.
2376 4752 2551 4815 Quare
2599 4765 2808 4817 semper
2850 4757 2943 4802 aut
2977 4749 3028 4802 in
3080 4749 3366 4812 societate,
3419 4757 3509 4803 aut

1979 4860 2187 4914 semper
2223 4845 2274 4897 in
2321 4842 2611 4896 solitudine
2641 4857 2747 4893 non
2780 4841 2957 4908 degit?
3001 4839 3221 4908 Semper
3252 4842 3300 4892 in
3339 4843 3510 4894 socie-

1979 4946 2084 4990 tate
2119 4951 2220 4987 non
2258 4933 2400 5003 degit
2433 4933 2519 4985 vel
2549 4933 2752 4994 docuit,
2795 4947 2861 4984 ne
2894 4943 3240 4985 accusaretur
3270 4932 3509 4985 societati

1978 5025 2219 5079 infensus
2248 5021 2434 5087 fuisse,
2463 5031 2522 5075 et
2557 5023 2623 5075 ab
2649 5038 2710 5075 ea
2743 5022 2939 5074 multos
2967 5030 3224 5073 avertere.

2048 5114 2208 5167 Vens.
2247 5113 2331 5166 H.
2368 5113 2471 5166 Cur
2504 5127 2607 5164 non
2640 5113 2794 5164 Iidem
2824 5127 2858 5163 ιι
2894 5099 3065 5164 turbis
3106 5109 3347 5177 expetit?
3374 5108 3508 5174 Quia

1980 5206 2127 5273 sequi
2163 5204 2420 5265 illum,-in
2452 5202 2677 5254 desertis
2716 5202 2815 5253 iter
2845 5200 3038 5260 facere,
3072 5209 3123 5250 et
3150 5214 3509 5265 perseverare,

1980 5306 2032 5349 et
2073 5296 2214 5348 sitim
2255 5288 2543 5358 sustinere,
2587 5293 2740 5345 tidem
2789 5307 2880 5358 per
2918 5305 2976 5342 se
3005 5289 3302 5340 evidentem
3351 5289 3510 5346 facie-

1980 5385 2127 5438 baut.

2051 5473 2210 5526 Vens.
2244 5473 2323 5526 16.
2355 5473 2461 5525 Cur
2484 5488 2584 5524 non
2614 5470 2767 5528 dixit,
2795 5467 2867 5519 Do
2894 5468 2998 5520 illis
3025 5469 3371 5535 manducare,
3394 5469 3510 5536 sed,

1983 5562 2112 5616 Date
2154 5579 2234 5614 vos
2261 5563 2412 5614 iiiis?
2441 5561 2704 5614 lronicum
2735 5557 3003 5624 quoddam
3039 5558 3115 5612 eis
3143 5559 3352 5625 dicens,
3382 5576 3505 5627 quo
