4138 6342
641 288 778 354 1H9

1333 289 1714 349 OPUSCULA
1747 290 2364 354 SCRIPTURISTICA
2402 293 2742 354 INCERTE
2778 292 3080 352 ZETATIS.

3677 290 3855 355 1120‘

639 402 783 452 niam
845 407 906 451 ut
947 397 1152 450 homini
1195 396 1370 450 adhuc
1402 399 1480 450 illi
1518 397 1887 464 adltmrebaut;
1933 401 2050 453 ideo
2099 418 2176 454 re-
2206 409 2248 463 Α

2206 409 2248 463 Α
2278 402 2411 470 πρὸς
2451 403 2663 462 αὐτοὺς,
2697 401 2880 470 ἐπειδὴ
2917 401 2991 461 ὼς
3033 397 3296 468 ἀνθρώπῳ
3342 403 3620 469 προσεῖχον
3669 402 3828 470 αὐτῷ

641 488 906 554 spondent
937 507 948 543 :
983 486 1101 539 Non
1138 487 1378 539 habemus
1405 488 1504 539 nisi
1530 489 1751 556 quinque
1782 504 1939 554 partes
1970 499 2016 541 el
2050 491 2179 542 duos

638 582 820 644 pisces.

713 668 876 720 Vens.
911 669 992 720 19.
1037 666 1178 729 Hanc,
1207 667 1575 734 superfenum
1602 683 1792 722 omnes
1815 668 2176 732 discumbere,

640 769 693 810 et
735 772 954 810 securos
1013 772 1152 816 esse,
1190 755 1336 824 quod
1386 757 1512 808 nihil
1551 758 1722 824 magis
1773 771 1968 822 panutn
2001 767 2051 808 et
2099 756 2179 822 pi-

639 847 808 900 Scium
843 845 1026 898 datum
1053 847 1173 907 erit,
1211 855 1264 899 et
1295 841 1565 914 apponere
1599 847 1687 897 illa
1725 847 2054 903 communia.
2078 845 2180 897 hu-

639 937 940 996 militatem,
975 937 1355 1004 :equalitatem,
1397 947 1452 990 et
1495 937 1898 998 abstinentiam,
1931 937 2030 989 hoc
2063 936 2179 988 solo

636 1025 776 1093 quod
809 1028 986 1078 omnia
1020 1035 1146 1080 sunt
1178 1028 1478 1080 communia
1515 1027 1827 1078 edocebant.

703 1117 811 1168 Cur
857 1118 1066 1184 aspexit
1117 1117 1169 1167 in
1201 1119 1398 1170 cmlum
1445 1125 1496 1168 et
1541 1115 1850 1168 benedixit?
1897 1114 1966 1168 Ut
2003 1125 2184 1168 osten-

635 1205 786 1258 deret
831 1220 889 1258 se
917 1220 945 1257 a
986 1205 1141 1258 Patre
1173 1221 1313 1270 esse,
1360 1215 1408 1259 et
1459 1206 1522 1258 ad
1581 1221 1822 1258 mensam
1875 1207 2182 1259 acccdendo

634 1306 886 1362 oportere
919 1312 1103 1363 preces
1132 1307 1184 1349 et
1216 1297 1508 1364 gratiarum
1546 1298 1787 1349 actiones
1819 1297 1882 1348 ad
1915 1297 2061 1349 illum
2089 1300 2177 1365 qui

633 1397 812 1434 eseam
843 1384 1042 1449 praebet
1071 1384 1323 1449 dirigere.

631 1463 636 1469 “
705 1467 820 1520 Non
854 1471 981 1522 facit
1018 1486 1047 1522 e
1091 1485 1195 1522 non
1230 1470 1641 1532 exsislcntibus,
1681 1471 1772 1522 sed
1817 1484 1878 1522 ex
1916 1471 2181 1524 exsislen-

638 1557 781 1610 tibus
803 1560 1052 1625 panibus,
1100 1559 1390 1612 occludens
1430 1558 1719 1612 Marcionis
1763 1568 1816 1611 et
1857 1560 2182 1622 Villanichazo-

639 1663 758 1701 rum
807 1665 869 1702 os
906 1651 1230 1703 creationem
1273 1651 1346 1704 illi
1390 1654 1738 1705 almnentium
1777 1671 1792 1705 ε
1852 1656 2008 1707 simul
2056 1658 2179 1722 quia

2281 490 2390 540 ἕτιο
2433 490 2510 540 διὸ
2572 491 2662 541 καὶ
2713 483 2989 555 λέγουσιν·
3049 491 3166 541 Οὐκ
3202 488 3416 556 ἔχομεν
3443 491 3492 542 εί
3521 492 3606 557 μὴ
3641 490 3829 543 πέντε

2279 578 2489 643 ἄρτους
2519 577 2611 629 καὶ
2636 577 2741 629 δύο
2767 578 2990 642 ἰχθύας.

2350 666 2420 716 Τὸ
2461 666 2549 716 ἐπὶ
2605 665 2844 726 στιϐάδος
2906 666 3099 726 αὐτοὺς
3147 664 3447 726 ἀνακλῖναι,
3506 666 3687 718 καὶτὸ
3736 666 3823 727 εἰς

2281 755 2456 806 ἄδειαν
2485 751 2644 815 εἶναι,
2678 756 2842 823 μηδὲν
2875 756 3030 806 πλέον
3059 754 3234 820 ἄρτων
3262 753 3441 806 δοῦναι
3471 755 3563 806 καὶ
3591 757 3649 806 τὸ
3680 773 3822 824 προ-

2281 847 2446 897 θεῖναι
2484 846 2619 897 αὐτὰ
2673 846 2852 907 κοινά,
2903 846 3394 912 ταπεινοφροσύνην
3423 847 3514 896 καὶ
3541 849 3596 896 τὸ
3635 847 3822 912 ὅμοιον

2281 936 2371 986 καὶ
2401 935 2510 987 ἴσον
2536 937 2624 986 καὶ
2654 938 2988 1004 ἐγκράτειαν,
3014 936 3087 1004 τῷ
3115 936 3265 988 κοινὰ
3289 931 3424 988 εἶναι
3458 937 3630 989 πάντα
3660 935 3824 988 ἐπαί-

2279 1024 2444 1078 δευεν.

2349 1117 2500 1176 Τίνος
2533 1117 2687 1184 χάριν
2720 1117 3003 1185 ἀνέῦλεψεν
3047 1118 3126 1178 εἰς
3162 1118 3252 1169 τὸν
3286 1118 3513 1186 οὐρανὸν
3545 1117 3636 1169 καὶ
3669 1117 3829 1168 εὐλό-

2281 1220 2444 1271 γησεν
2467 1226 2480 1269 ;
2506 1208 2617 1258 'lvz
2643 1208 2788 1277 δείξῃ
2817 1210 2896 1259 ὅτι
2927 1208 3030 1259 ἀπὸ
3057 1209 3146 1260 τοῦ
3173 1209 3380 1276 Πατρός
3404 1211 3551 1260 ἐστιν
3574 1224 3586 1237 ·
3618 1209 3709 1259 καὶ
3735 1209 3826 1260 ὅτι
3916 1200 3930 1206 ’

2283 1293 2579 1360 ἁπτόμενος
2603 1297 2871 1363 τραπέζης
2901 1298 3002 1365 χρὴ
3038 1298 3447 1366 προσεύχεσθαι,
3469 1297 3546 1365 τῷ
3571 1298 3668 1366 τὴν
3690 1314 3826 1366 τροο

2283 1381 2386 1446 φὴν
2413 1382 2694 1450 παρέχοντι
2717 1384 3170 1452 εὐχαριστοῦντες.

2351 1470 2424 1520 Οὐ
2458 1474 2599 1521 ποιεῖ
2623 1473 2683 1522 ὲκ
2711 1473 2784 1540 μὴ
2808 1473 2973 1524 ὅντων
3002 1474 3114 1526 ἀλλ’
3141 1475 3198 1537 ἐξ
3226 1475 3391 1528 ὄντων
3421 1476 3544 1535 τοὺς
3585 1475 3784 1542 ἄρτους
3803 1510 3825 1536 ,

2283 1559 2601 1627 ἐμφράττων
2627 1561 2684 1611 τὸ
2711 1563 3028 1630 Μαρκίωνος
3050 1565 3142 1615 καὶ
3169 1564 3480 1630 Μανιχαῐων
3516 1562 3688 1630 στόμα
3709 1563 3826 1612 τῶν

2284 1646 2379 1715 τὴν
2424 1649 2596 1700 κτίσιν
2641 1649 3055 1718 ἀλλοτριούντων
3099 1651 3289 1703 αὐτοῦ’
3346 1653 3459 1719 ἅμα
3511 1653 3590 1704 ὅτι
3629 1652 3720 1703 καὶ
3750 1652 3826 1703 τὰ

640 1753 760 1805 quae
794 1737 1039 1792 videntur
1065 1755 1227 1808 opera
1256 1741 1398 1796 illius
1425 1752 1569 1805 sunt,
1596 1750 1650 1795 ct
1683 1744 1902 1809 ipsequi
1922 1720 2175 1812 loquitur:
2210 1720 2254 1778 Β

2210 1720 2254 1778 Β
2282 1736 2530 1806 ὁρώμενα
2578 1739 2712 1806 ἔργα
2773 1739 2931 1790 αὐτοῦ
2983 1742 3160 1793 ὲστινο
3207 1741 3298 1792 καὶ
3348 1741 3506 1802 αὐτὸς
3544 1743 3572 1793 ὁ
3620 1740 3822 1792 εἰπών’

641 1826 848 1880 Educat
873 1844 1036 1896 aquas
1060 1829 1352 1896 inferiores.

710 1915 872 1970 Vens.
908 1918 994 1971 20.
1031 1917 1139 1972 Cur
1162 1920 1324 1987 jussit
1355 1936 1640 1988 superesse
1675 1938 1845 1991 panes
1891 1933 1942 1976 et
1978 1939 2176 1992 panum

639 2005 976 2074 fragmenta?
1023 2007 1098 2061 Ne
1154 2018 1433 2075 putaretur
1478 2011 1814 2078 phantasiam
1868 2029 1987 2066 esse
2035 2016 2178 2080 quod

639 2095 836 2147 factum
887 2105 1023 2155 erat.
1055 2097 1146 2150 sed
1191 2099 1506 2166 probaretur
1532 2115 1624 2167 per
1668 2102 1977 2168 superantia
2007 2111 2060 2154 et
2095 2103 2180 2156 die

633 2185 867 2238 crastino
891 2185 1116 2240 videnda
1144 2195 1196 2239 et
1225 2189 1569 2252 comedenda,
1599 2188 1726 2241 illud
1759 2205 1942 2242 rerum
1967 2205 2107 2243 esse.

708 2349 981 2419 Vens-21.
1015 2365 1070 2418 In
1105 2365 1317 2419 deserto
1348 2367 1474 2418 facit
1506 2382 1704 2434 panum
1737 2369 2078 2433 miraculum,
2113 2386 2181 2423 ne

635 2458 917 2508 videantur
936 2473 964 2509 e
995 2472 1128 2525 pago
1154 2472 1318 2524 panes
1344 2459 1673 2522 sumpsisse;
1704 2470 1755 2510 et
1783 2460 1911 2511 hora
1938 2461 2178 2527 ejusdem

637 2563 797 2598 causa
830 2547 1061 2599 indicata
1093 2546 1191 2599 fuit
1223 2566 1235 2600 :
1271 2547 1400 2599 Sero
1426 2547 1535 2615 jam
1567 2557 1703 2607 erat,
1735 2548 1941 2601 dicunt.

709 2637 864 2690 Vsus.
929 2637 1016 2691 22.
1060 2638 1184 2691 Post
1222 2637 1541 2689 miraculum
1603 2639 1884 2690 confestim
1933 2641 1982 2691 in
2033 2640 2181 2691 navi-

637 2725 814 2776 culam
870 2727 1134 2786 ascendit,
1186 2726 1385 2779 docens
1433 2741 1539 2778 non
1591 2728 1660 2778 ob
1711 2741 1899 2777 vanam
1956 2728 2178 2794 gloriam

638 2815 820 2867 turbas
852 2817 1062 2868 trahere
1086 2825 1206 2883 post
1235 2831 1313 2876 se,
1345 2817 1466 2869 vani
1493 2816 1722 2868 nominis
1753 2816 1944 2882 gratia.

707 2904 932 2957 Tantum
972 2907 1233 2958 admirata
1282 2915 1363 2959 est
1393 2907 1574 2970 turba,
1615 2917 1671 2958 ut
1704 2922 1878 2974 regem
1915 2906 2182 2960 voluerint

2293 1827 2647 1896 Ἐξαγαγέτω
2674 1829 2743 1880 τὰ
2769 1829 2952 1881 ὕδατα
2979 1828 3210 1895 ἑρπετά.

2349 1916 2446 1968 Διά
2493 1916 2546 1967 τί
2587 1917 2864 1969 ἐκέλευσεν
2913 1918 3258 1987 περισσεῦσαι
3287 1917 3481 1986 ἄρτους
3519 1918 3608 1968 καὶ
3641 1919 3829 1986 ἄρτων

2280 2006 2589 2074 κλάσματα;
2628 2007 2744 2059 Ἵνα
2791 2008 2864 2077 μὴ
2898 2009 3117 2077 νομισθῇ
3163 2007 3428 2076 φαντασία
3473 2007 3531 2058 τὸ
3565 2005 3827 2072 γεγονὸς,

2279 2097 2392 2148 ἀλλ’
2437 2097 2663 2167 ἐλεγχθῇ
2714 2100 2779 2150 ἐκ
2828 2101 2934 2151 τῶν
2970 2100 3235 2168 περιττῶν
3279 2101 3370 2152 καὶ
3418 2099 3705 2166 ὁρωμένων
3741 2099 3831 2158 εἰς

2277 2189 2374 2255 τὴν
2430 2186 2614 2255 αὔριον
2671 2189 2764 2239 καὶ
2829 2189 3173 2257 ἐσθιομένων,
3247 2190 3328 2240 ὅτι
3377 2189 3599 2239 καλεῖνα
3647 2185 3828 2253 ἁληθῆ

2276 2273 2436 2345 ἦσαν.

2357 2367 2448 2420 Ἐν
2494 2370 2681 2438 ἐρήμῳ
2730 2372 2873 2421 ποιεῖ
2917 2370 2977 2422 τὸ
3025 2369 3131 2421 τῶν
3179 2369 3354 2439 ἄρτων
3393 2368 3591 2436 θαῦμα,
3628 2369 3712 2419 ἵνα
3745 2367 3832 2436 μὴ

2278 2455 2494 2518 δόξωσιν
2540 2459 2644 2510 ἀπὸ
2691 2461 2880 2528 κώμης
2927 2460 3104 2511 λαϐεῖν
3141 2461 3368 2528 ἄρτουςο
3419 2459 3512 2511 καὶ
3555 2459 3733 2528 ἡῶρα
3764 2458 3831 2510 δὲ

2279 2547 2365 2596 διὰ
2395 2547 2547 2596 τοῦτο
2583 2549 2840 2616 ἐδηλώθη.
2882 2551 3004 2616 Ὀψὲ
3029 2549 3134 2617 γὰρ
3162 2546 3248 2618 ἦν,
3279 2549 3458 2616 φησίν.

2349 2635 2500 2685 Μετὰ
2542 2636 2599 2686 τὶ)
2638 2636 2814 2702 θαῦμα
2854 2637 3009 2696 εὐθὺς
3038 2637 3278 2703 ἐμϐαίνει
3306 2639 3384 2698 είς
3410 2635 3470 2686 τὸ
3505 2634 3701 2696 πλοῖον,
3739 2633 3828 2684 δι-

2280 2723 2490 2774 δάσκων
2524 2724 2596 2792 μὴ
2634 2728 2694 2775 ὲκ
2739 2725 3040 2789 κενοδοξίας
3069 2725 3344 2794 ἐπισύρειν
3381 2726 3589 2794 ὄχλους,
3619 2723 3828 2791 ὀνόμα-

2279 2828 2368 2872 τος
2397 2813 2576 2864 ἕνεκεν
2609 2814 2784 2867 κενοῦ.

2350 2903 2609 2954 Τοσοῦτον
2639 2903 2941 2972 ἐθαύμασεν
2969 2903 2995 2953 ὁ
3025 2903 3194 2972 ὄχλος,
3229 2905 3307 2954 ὅτι
3340 2904 3430 2955 καὶ
3456 2903 3674 2970 βασιλέα
3705 2901 3829 2954 ἑθέ-

638 2995 786 3047 illiilli
840 2995 1051 3059 facere;
1103 3004 1336 3048 attamen
1399 2997 1450 3048 in
1508 2996 1628 3049 aliis
1669 2997 1945 3050 miraculis
1992 2997 2176 3048 nullibi
2210 3033 2252 3089 C

2210 3033 2252 3089 C
2283 2992 2448 3058 λησαν
2481 2995 2695 3059 ποιῆσαι
2735 2994 2919 3044 αὐτόν·
2954 2993 3124 3044 καίτοι
3152 3009 3213 3058 γε
3243 2973 3333 3044 ιτέι
3359 2993 3464 3043 τῶν
3495 2993 3664 3044 ἄλλων
3690 2993 3827 3043 θαυ-

639 3085 778 3136 idcm
809 3087 1047 3153 conligit.

714 3174 872 3227 Vens.
905 3176 988 3227 24.
1024 3176 1202 3228 Primo
1245 3175 1405 3227 ﬂuctu
1430 3175 1645 3242 iactatis
1678 3175 1966 3226 auxiliatur
1997 3189 2024 3226 a
2060 3189 2182 3241 pro-

640 3265 844 3332 posito;
889 3280 1008 3315 mox
1055 3273 1229 3316 autem
1266 3264 1390 3315 sinit
1437 3263 1630 3329 jactari
1675 3263 1727 3312 in
1769 3262 1934 3314 maris
1985 3263 2179 3324 medio,

643 3355 911 3405 sustinere
939 3353 1058 3404 illos
1080 3352 1319 3405 ducens:
1355 3367 1458 3402 non
1499 3350 1777 3403 confestim
1816 3359 1991 3401 autem
2035 3350 2185 3404 adve-

649 3443 746 3506 nit,
803 3457 1060 3496 exercens
1093 3457 1184 3494 eos
1219 3442 1282 3492 ad
1319 3442 1575 3510 majorem
1628 3441 1797 3508 ipsius
1831 3440 2181 3504 desiderium,

644 3539 696 3581 et
751 3544 975 3580 mouens
1040 3542 1107 3580 ne
1160 3527 1403 3582 celeriter
1458 3537 1771 3596 exspectent
1822 3529 2181 3597 periculorum

643 3619 1037 3671 liberationem.

721 3707 880 3761 Vens.
914 3708 1001 3761 28.
1037 3708 1143 3759 Cur
1182 3722 1286 3760 nou
1313 3707 1444 3761 dixit
1475 3705 1681 3769 Petrus,
1711 3705 1845 3760 Jube
1877 3720 1962 3759 me
1994 3708 2184 3758 ambu-

640 3797 751 3850 lare
778 3812 935 3864 super
964 3812 1149 3864 aquas,
1193 3798 1304 3859 sed,
1339 3797 1472 3849 lube
1503 3813 1580 3849 me
1616 3798 1682 3848 ad
1715 3810 1760 3848 te
1809 3796 2019 3848 uenire?
2046 3796 2182 3860 Quia

644 3889 791 3954 prius
822 3902 884 3940 ex
917 3886 1296 3950 ostentatione,
1330 3886 1598 3954 posterius
1645 3895 1822 3938 autem
1859 3900 1888 3938 e
1920 3885 2184 3939 charitato

638 3989 744 4032 CSI.

714 4068 875 4122 Vens.
927 4068 1011 4120 50.
1065 4068 1172 4120 Cur
1218 4082 1337 4120 cum
1391 4066 1723 4134 permisisset
1759 4065 1939 4117 venire
1974 4065 2039 4116 ad
2093 4079 2181 4125 se,

649 4173 785 4224 aqua
843 4156 1006 4221 mergi
1045 4154 1279 4206 dimisit?
1313 4153 1387 4203 Eo
1421 4153 1560 4220 quod
1591 4153 1786 4204 ardens
1813 4161 1928 4203 erat
1954 4161 2006 4203 et
2034 4150 2186 4201 adni-

646 4255 784 4302 tcus,
816 4260 916 4295 non
951 4243 1256 4310 prohibuit;
1285 4241 1373 4294 sed
1400 4241 1558 4293 rebus
1587 4241 1919 4306 persuadere
1938 4238 2183 4303 suscipit,

2288 3080 2469 3148 μάτων
2498 3082 2730 3148 οὐδαμοῦ
2759 3083 2912 3134 τοῦτο
2941 3084 3271 3150 ποιήσαντες.

2353 3171 2422 3221 Τὸ
2479 3172 2686 3237 πρῶτον
2738 3171 3211 3241 κλυδωνιζομένοις
3264 3173 3445 3241 βοηθεῖ
3493 3174 3550 3236 ἐξ
3579 3172 3825 3239 ἑτοίμου,

2282 3258 2405 3324 ἄρτι
2451 3259 2509 3311 δὲ
2561 3261 2623 3328 ἑᾷ
2674 3260 3084 3323 κλυδωνὶζεσθαι
3151 3262 3310 3327 μέσον
3365 3260 3460 3326 τῆς
3513 3259 3829 3322 θαλάσσης,

2284 3349 2568 3416 ὑπομένειν
2610 3349 2868 3401 διδάσκων
2897 3349 3118 3411 αὐτούς·
3153 3349 3250 3400 οὐκ
3283 3349 3440 3408 εὐθὺς
3479 3348 3532 3397 δὲ
3564 3347 3832 3414 παρίστα-

2280 3451 2391 3493 ται,
2422 3435 2711 3503 γυμνάζων
2739 3437 2932 3498 αὐτοὺς
2966 3438 3040 3498 είς
3080 3435 3370 3502 ἐπιθυμίαν
3398 3433 3557 3486 αὑτοῦ
3583 3433 3828 3501 μείζονα,

2283 3525 2377 3576 καὶ
2401 3527 2662 3578 παιδεύων
2688 3526 2762 3595 μὴ
2787 3529 2991 3596 ταχέως
3014 3526 3455 3594 λύσινέπιζητεῖν
3485 3525 3588 3576 τῶν
3616 3523 3825 3577 δεινῶν.

2352 3709 2446 3759 Διά
2493 3709 2543 3759 τί
2590 3714 2685 3760 οὐκ
2727 3709 2880 3760 εἶπεν
2938 3709 3155 3776 Πέτρος,
3188 3707 3454 3758 Κέλευσον
3486 3723 3572 3775 μοι
3610 3705 3829 3773 βαδίσαι

2280 3797 2372 3849 ἐπὶ
2416 3798 2484 3850 τὰ
2505 3798 2690 3858 ὕδατα.
2717 3799 2870 3860 ἀλλὰ,
2919 3798 3148 3851 Ἐλθεῖν
3196 3799 3344 3864 πρὸς
3376 3797 3479 3860 σέ;
3521 3797 3733 3866 Ἐπειδὴ
3764 3798 3829 3848 τὸ

2284 3888 2383 3956 μὲν
2414 3888 2718 3953 ἐπιδείξεως
2746 3886 2834 3960 ἦν,
2863 3888 3017 3942 τοῦτο
3045 3889 3101 3941 δὲ
3135 3889 3367 3956 ἀγάπης.

2279 4115 2288 4130 ε
2353 4089 2447 4123 Δια
2488 4089 2538 4121 τ.
2572 4071 2865 4138 ἐπιτρέψας
2915 4071 3082 4123 ελθείν
3118 4071 3248 4137 πρὸς
3282 4069 3459 4132 αὑτὸν,
3488 4069 3696 4134 ἀφῆκεν
3724 4086 3830 4120 κα-

2284 4161 2717 4223 ταποντίζεσθαι;
2766 4159 2862 4211 Διά
2888 4159 2943 4210 δὲ
2971 4159 3075 4210 τῶν
3114 4157 3446 4225 πραγμάτων
3474 4157 3675 4208 πείθειν
3702 4159 3824 4207 ἑπι-

2288 4255 2455 4320 χειρεῖ
2483 4251 2554 4310 ὡς
2596 4251 2654 4301 οὐ
2683 4249 2901 4301 δυνατὸν
2932 4247 3098 4306 οὓτως
3131 4248 3278 4299 οὐδέν
3305 4249 3449 4299 ἐστιν
3480 4247 3538 4297 τὸ
3566 4241 3701 4298 εἶναι
3735 4249 3829 4313 Ey-

647 4350 752 4386 nen
783 4335 850 4386 ita
882 4333 1132 4401 possibile
1158 4348 1275 4385 esse
1306 4346 1470 4399 prope
1496 4330 1768 4383 Christum
1801 4343 1936 4392 esse,
1970 4328 2185 4394 quando
2221 4309 2261 4360 θ

1748 4346 1768 4380 ιι
1801 4343 1936 4392 εδεθν
1970 4328 2185 4394 quando
2221 4309 2261 4360 ο
2290 4343 2387 4407 γὺς
2413 4339 2502 4392 τοῦ
2532 4338 2762 4407 Χριστοῦ
2791 4339 2925 4388 ὅπου
2957 4337 3053 4388 οὐκ
3080 4336 3156 4388 ἐνι
3186 4336 3382 4396 πίστις.

647 4441 750 4477 non
786 4427 932 4478 adest
963 4424 1111 4477 fides.

715 4517 875 4570 Vens.
910 4517 996 4568 3|.
1032 4514 1158 4578 Cur,
1185 4524 1468 4582 antequam
1492 4523 1674 4566 ventos
1705 4510 1935 4574 sedaret,
1966 4521 2182 4561 manum

641 4608 1025 4675 apprehendit?
1071 4606 1137 4661 Ut
1169 4607 1474 4660 ostenderet
1519 4605 1664 4656 illum
1703 4619 1806 4656 non
1836 4617 1864 4654 a
1895 4599 2184 4668 tranquillo

644 4699 901 4748 salvatuut
929 4713 1068 4758 esse,
1099 4697 1187 4748 sed
1219 4712 1244 4747 a
1278 4696 1490 4748 Christo
1519 4695 1656 4763 ipso.

713 4786 955 4839 Ostendit
1009 4789 1150 4852 quod
1200 4785 1311 4838 Nisi
1371 4802 1476 4839 non
1534 4786 1854 4839 credidisses
1905 4787 2177 4849 dubitans,

646 4887 749 4924 non
777 4888 992 4925 eversus
1025 4888 1172 4926 esses
1200 4890 1212 4924 :
1255 4874 1373 4926 ideo
1404 4883 1558 4927 vento
1590 4874 1767 4938 ﬂante,
1810 4876 1955 4927 illmn
1987 4889 2180 4942 appre-

646 4963 831 5017 hendit
858 4973 908 5016 et
937 4963 1212 5015 ambulare
1239 4961 1382 5015 fecit.

1227 5103 1446 5159 CAPUT
1483 5104 1596 5159 XV.

715 5235 875 5288 Vens.
910 5235 959 5287 l.
988 5233 1165 5298 Quare
1200 5231 1344 5284 illum
1373 5231 1716 5298 alloquuntur
1743 5231 1944 5285 Scriba:
1969 5243 2019 5285 et
2045 5232 2182 5286 Pha-

645 5328 783 5381 νὶεωί
816 5328 882 5379 ab
915 5323 1436 5395 ilierosolymis?Ad
1471 5323 1601 5375 iram
1634 5325 1779 5375 illum
1817 5326 2050 5377 excitare
2085 5341 2180 5377 vo-

646 5414 833 5475 lentes,
873 5421 930 5466 ut
957 5414 998 5468 si
1046 5415 1289 5468 seniores
1331 5413 1730 5478 contempserit,
1776 5413 1924 5465 illum
1959 5428 2178 5468 accusa-

645 5513 784 5555 rent.

720 5592 873 5646 Vsus.
908 5593 958 5647 ‘2.
1000 5594 1108 5648 Cur
1142 5595 1535 5649 manducabant
1575 5594 1734 5648 illotis
1765 5593 2008 5648 manibus
2044 5611 2169 5661 apo-
2257 5591 2260 5594 ’

2355 4519 2451 4572 Διὰ
2477 4520 2527 4572 τί
2556 4519 2678 4588 πρὶν
2713 4520 2833 4579 τοὺς
2859 4517 3084 4586 ἀνέμους
3115 4516 3336 4579 παῦσαι,
3368 4517 3462 4586 τῆς
3490 4517 3666 4586 χειρὸς
3697 4517 3824 4571 ἐλά-

2285 4613 2436 4675 6ετο;
2495 4611 2611 4662 ’Ίνα
2652 4611 2796 4680 δείξῃ
2848 4611 2928 4662 ὅτι
2971 4611 3066 4676 οὐχ
3115 4610 3145 4674 ἠ
3203 4607 3404 4676 γαλήνη
3454 4610 3670 4667 ἔσωσεν.
3705 4608 3822 4661 ἀλλ’

2283 4703 2462 4763 αὑτός.

2353 4793 2624 4844 Δείκνυσιν
2668 4791 2741 4850 ὼς
2785 4791 2866 4841 ὅτι
2893 4791 2939 4839 εί
2995 4788 3064 4855 μὴ
3111 4788 3410 4854 ἠπίστησας
3457 4788 3728 4850 διστάσας.
3759 4789 3823 4838 οὗ

2284 4882 2648 4952 περιετράπης
2678 4881 2767 4931 ἄν·
2794 4879 2881 4930 διὰ
2909 4875 3061 4929 τοῦτο
3091 4879 3181 4928 καὶ
3203 4877 3293 4927 τοῦ
3322 4878 3518 4945 ἀνέμου
3550 4879 3820 4941 πνέοντος,

2284 4971 2571 5022 ἐπελάϐετο
2604 4967 2765 5021 αὑτοῦ
2798 4968 2888 5018 καὶ
2918 4966 3136 5034 ἐποίησε
3167 4969 3494 5020 πεοιπατεῖν.

2867 5109 3106 5159 ΚΙΞΦᾹΛ.
3147 5106 3220 5158 IE'

2353 5236 2504 5296 Τίνος
2535 5235 2715 5283 ἕνεκεν
2750 5230 3080 5292 διαλέγονται
3114 5229 3256 5298 αὐτῷ
3287 5233 3336 5281 οἱ
3383 5231 3486 5280 ἀπὸ
3532 5227 3823 5300 Ἱεροσολύ-

2286 5343 2399 5395 μων
2431 5323 2775 5393 Γραμματεῖς
2823 5321 2915 5372 καὶ
2963 5320 3269 5386 Φαρισαῖοι;
3327 5323 3418 5381 Εἰς
3460 5321 3625 5390 ὀργὴν
3659 5320 3823 5371 αὐτὸν

2285 5417 2502 5482 κινῆσαι
2533 5411 2856 5481 βουλόμενοι,
2893 5409 2977 5459 ἴνα
2998 5410 3149 5478 εἴπερ
3174 5409 3509 5471 ἐξουδενώσει
3540 5410 3661 5469 τοὺς
3688 5424 3822 5476 πρε-

2287 5503 2571 5570 σϐυτέρους
2594 5539 2607 5561 ,
2647 5498 3083 5565 κατηγορήσωσιν
3117 5497 3277 5549 αὐτοῦ

2358 5593 2450 5643 Διὰ
2479 5593 2528 5643 τί
2562 5590 2740 5659 ἤσθιον
2791 5588 3026 5650 ἀνίπτοις
3075 5589 3255 5659 χερσὶν
3284 5593 3330 5641 οἱ
3367 5585 3673 5647 ἀπόστολοι;
3707 5583 3824 5635 οὐκ
