4138 6342
606 291 740 356 1123

1293 286 1668 349 OPUSCULA
1710 283 2330 344 SCRIP'I‘URISTICA
2369 284 2709 346 INCERTE
2746 289 3042 350 ETATIS.

3640 287 3785 352 ιιξε

539 441 541 443 -
601 402 655 455 in
697 412 935 469 qumque
985 398 1229 468 panibus,
1286 397 1422 463 Quid
1481 398 1594 452 haec
1647 403 1774 451 sunt
1826 395 1960 450 inter
2018 404 2173 456 tan-,

2169 403 2212 456 Α
2239 392 2483 460 λέγουσιν
2525 395 2657 466 ὅπερ
2708 396 2801 449 ἐπὶ
2854 396 2960 450 τῶν
3010 395 3165 448 πέντε
3219 397 3414 466 ἄρτων,
3459 399 3538 450 ὅτι
3580 400 3681 452 Καὶ
3713 400 3784 452 τί

604 501 687 545 tos
701 492 725 543 τ

678 580 840 634 Vens.
862 580 951 633 ει.
972 577 1344 647 Apostolorum
1361 577 1711 646 temperantia
1730 593 1792 630 ex
1818 577 1921 630 hoc
1941 574 2134 637 elucet,

604 668 746 735 quod
791 675 895 720 tam
927 666 1076 719 multi
1118 666 1217 719 viri
1263 681 1384 720 cum
1413 675 1614 728 essent,
1651 667 1703 718 in
1731 666 1906 719 aliena
1948 673 2003 718 et
2042 663 2138 717 dc-

607 767 744 810 serta
775 765 935 818 terra,
965 755 1201 824 quinque
1226 770 1391 823 panes
1423 756 1598 808 solum
1619 754 1908 807 habebant.

673 843 835 897 Vens.
885 843 970 898 57.
1027 845 1134 898 Cur
1191 847 1243 897 in
1291 845 1530 914 quinque
1586 842 1824 896 millibus
1881 842 2137 904 virorum,

2241 483 2422 537 ταῦτὰ
2446 485 2612 537 ἐστιν
2637 489 2724 549 εἰς
2750 487 3100 551 τοσούτους;

2307 572 2380 626 Τὸ
2426 576 2686 645 ἐγκρατὲς
2729 577 2836 629 τῶν
2869 577 3177 630 ἀποστόλων
3206 578 3296 629 καὶ
3331 579 3398 645 ἐκ.
3430 579 3615 630 τούτου
3660 578 3782 630 δεί-

2237 679 2449 729 κνυται,
2491 666 2571 718 ὅτι
2615 668 2878 720 τοσούτων
2906 667 3071 720 ὄντων
3119 667 3323 737 ἀνδρῶν
3358 670 3447 720 ἐπὶ
3489 668 3643 738 ξένης
3679 669 3783 721 καὶ

2237 755 2489 823 ἐρημίας,
2518 754 2674 808 πέντε
2697 758 2888 827 ἄρτους
2919 758 3074 826 μόνον
3102 753 3260 826 εἶχον.

2306 842 2402 894 Διά
2427 843 2477 895 τί
2503 844 2592 896 ἐπὶ
2629 845 2725 912 μὲν
2749 846 2856 900 τῶν
2882 843 3325 914 πεντακισχιλίων
3350 846 3572 915 ἀνδρῶν,
3603 847 3783 916 χωρὶς

607 945 795 1003 ρι’ςῑειρι·
844 936 1093 990 mulieres
1121 944 1174 989 ct
1216 950 1434 1004 pueros,
1483 934 1765 989 duodecim
1791 934 2003 1002 copltini
2047 947 2140 985 suo
2236 930 2241 982 ἶ

2236 930 2376 998 λέγω
2400 933 2673 997 γυναικῶν
2704 937 2796 988 καὶ
2823 936 3064 999 παιδίων,
3088 934 3288 988 δώδεκα
3317 935 3520 1001 κόφινοι
3556 935 3783 1004 περιέσ-

608 1037 923 1091 perm-erunt
965 1041 1028 1078 ex
1066 1027 1302 1093 quinque
1330 1025 1577 1094 panibus,
1621 1024 1707 1077 hic
1750 1039 1877 1077 vero
1923 1024 1974 1094 in
2012 1037 2143 1090 qua-

610 1127 728 1166 tuor
765 1115 1021 1178 millibus,
1055 1130 1083 1168 e
1129 1123 1331 1182 septem
1379 1115 1606 1182 panibus
1658 1122 1860 1182 septem
1913 1112 2144 1180 sportte?

609 1202 894 1256 Dicendum
942 1218 1073 1257 sane
1125 1213 1210 1257 est
1265 1213 1476 1272 sportas
1529 1203 1693 1256 fuisse
1745 1203 1988 1272 copltinis
2031 1216 2144 1254 ma-

607 1290 784 1356 jores;
829 1307 892 1342 ne
917 1280 1195 1358 aequalitas
1237 1293 1288 1344 in
1332 1293 1493 1346 simili
1530 1292 1790 1344 miracqu
1820 1291 1872 1343 itt
1917 1290 2142 1342 oblivio-

611 1395 729 1431 ncnt
777 1394 867 1431 eos
914 1381 1132 1434 inducat
1165 1383 1345 1445 unius,
1395 1380 1647 1435 differens
1692 1381 1865 1434 factus
1911 1388 1992 1434 est
2046 1395 2147 1432 nu-

613 1484 790 1520 merus
819 1484 1002 1522 eorum
1028 1485 1145 1536 quae
1180 1479 1579 1537 superaverant.

688 1555 847 1609 Vens.
881 1557 971 1611 59.
1000 1557 1079 1610 01)
1103 1558 1153 1610 id
1180 1559 1453 1610 dimittens
1480 1572 1593 1620 eos,
1618 1558 1668 1610 in
1693 1558 1990 1609 navicutam
2020 1572 2147 1609 con-

2241 1037 2434 1074 σευσαν
2467 1022 2622 1074 πέντε
2661 1023 2835 1089 ἄρτων
2864 1024 3051 1084 ὄντων.
3077 1023 3302 1077 ἐνταῦθα
3341 1023 3398 1074 δέ
3427 1039 3780 1091 τετρακισχι-

2239 1107 2364 1159 λίων
2409 1109 2593 1175 ὄντων,
2645 1112 2736 1164 καὶ¹
2783 1113 2916 1165 ἑπτὰ
2962 1113 3139 1181 ἄρτων
3184 1111 3321 1165 ἑπτὰ
3375 1112 3656 1182 σπυρίδες;
3703 1110 3805 1186 -η,

2241 1201 2413 1253 τοίνυν
2456 1202 2600 1256 ἔστιν
2650 1207 2822 1256 είπεῖν
2871 1207 2950 1256 ὅτι
2998 1208 3053 1258 αἱ
3090 1206 3336 1276 σπυρίδες
3384 1205 3491 1257 τῶν
3541 1203 3782 1272 κοφίνων

2245 1289 2455 1356 μείζους
2475 1285 2633 1359 ἦσαν,
2665 1292 2751 1344 ἵνα
2774 1293 2901 1362 μὴή
2932 1294 3111 1361 ἰσότης
3138 1293 3228 1344 τοῦ
3255 1293 3477 1360 σημείου
3504 1293 3580 1353 εἰς
3609 1291 3782 1359 λήθην

2243 1378 2434 1441 αὐτοὺς
2465 1380 2673 1452 ἐμὸἀλῃ
2699 1380 2789 1432 τοῦ
2825 1381 2939 1444 ἐνὸς
2969 1381 3215 1450 διάφορος
3243 1381 3459 1448 γέγονεν
3490 1382 3517 1431 ὁ
3548 1379 3784 1448 ἀριομὺς

2243 1487 2309 1521 πε
2319 1473 2731 1540 ρισσευσάντων.

2311 1562 2409 1615 Διὰ
2451 1561 2604 1614 τοῦτο
2644 1563 2800 1630 ἀφεὶς
2831 1563 3048 1626 αὐτοὺς,
3076 1563 3152 1627 είς
3192 1562 3367 1614 πλοῖον
3396 1559 3656 1628 εἰσῆλθεν,
3693 1558 3786 1610 ἵνα.

614 1647 838 1708 scendit,
871 1661 934 1698 ne
957 1647 1102 1699 illum
1137 1653 1492 1713 sequerentur
1525 1663 1540 1698 :
1570 1647 1767 1699 etenim
1791 1646 2038 1699 volebant
2063 1661 2147 1699 re-

2249 1653 2324 1721 μὴ
2351 1653 2784 1721 ἀκολουθήσωσιν
2805 1654 2950 1723 αὺτῴ
2970 1671 2984 1685 ·
3012 1653 3104 1705 καὶ
3147 1653 3252 1721 γὰρ
3280 1652 3464 1720 ἡθελον
3495 1651 3655 1703 αὐτὸν
3683 1650 3787 1718 βα-

619 1748 736 1800 gent
763 1749 882 1787 eum
915 1734 1119 1799 facere;
1149 1734 1354 1804 fugiens
1384 1735 1544 1803 igitur
1569 1734 1948 1790 dominationis
1976 1734 2147 1788 ambi-
2177 1726 2220 1782 Β
2251 1765 2253 1781 ‹

2177 1726 2220 1782 Β
2251 1739 2397 1792 σιλὲα
2430 1740 2666 1808 ποιῆσαι.
2705 1740 2922 1806 Φεύγων
2958 1737 3050 1794 οὖν
3088 1741 3181 1793 καὶ
3216 1741 3312 1807 τῆς
3343 1739 3647 1807 τυραννίδος
3683 1738 3788 1807 τὴν

619 1825 837 1886 tionem,
872 1823 990 1879 illos
1014 1824 1237 1878 dimisit.

1178 1959 1400 2017 CAPUT
1449 1962 1582 2017 XVI.

687 2084 848 2140 Vens.
891 2085 938 2138 l.
972 2084 1138 2149 Quale
1181 2085 1391 2153 signum
1435 2100 1465 2139 e
1502 2084 1640 2141 ccelo
1671 2094 1854 2154 petunt
1880 2101 1908 2139 a
1942 2085 2153 2141 Christo

617 2171 913 2227 Pharisaei?
945 2174 1013 2228 Ut
1051 2174 1215 2226 solem
1256 2174 1510 2236 detineat,
1549 2185 1642 2228 aut
1675 2176 1855 2228 lunam
1901 2175 2150 2240 refrenet,

619 2271 708 2312 aut
768 2261 990 2313 fulmina
1038 2262 1266 2324 emittat,
1305 2272 1397 2315 aut
1442 2271 1619 2316 aere'm
1656 2264 1949 2330 perturbet,
2006 2264 2147 2333 quod

619 2351 778 2402 etiam
810 2352 992 2401 datum
1019 2359 1134 2416 est;
1179 2348 1323 2402 aliud
1352 2349 1493 2402 enim
1538 2365 1774 2418 prtesens
1805 2359 1886 2406 est
1918 2363 2150 2420 tempus,

624 2443 765 2495 aliud
798 2442 990 2496 futurae
1020 2444 1123 2498 diei
1157 2452 1385 2511 tempus.
1438 2444 1654 2511 quando
1706 2444 1808 2497 ista
1864 2444 2010 2499 ﬂent.
2044 2445 2155 2514 Ego

626 2541 804 2584 autem
845 2533 965 2586 dico
1000 2533 1146 2586 illuni
1182 2531 1426 2599 quamvis
1467 2546 1573 2584 non
1617 2532 2061 2610 obtemperaverit
2092 2534 2155 2588 iis

630 2628 886 2689 tauquam
954 2620 1409 2690 praecipientibus,
1462 2629 1732 2690 postremo
1757 2623 2055 2676 ostendisse
2097 2637 2156 2677 se

620 2704 798 2762 facere
831 2710 914 2762 illa
947 2725 1119 2778 posse.
1147 2709 1237 2761 Sol
1263 2708 1404 2762 enim
1425 2718 1477 2762 et
1509 2709 1634 2762 luna
1658 2709 1989 2763 obtenebrati
2009 2721 2154 2774 sunt,

624 2810 677 2852 et
707 2809 905 2852 tremor
948 2809 1104 2853 terrae
1161 2798 1337 2852 factus
1385 2806 1486 2863 est,
1531 2807 1582 2852 et
1632 2799 1684 2851 in
1745 2800 1942 2868 templo
1983 2800 2157 2852 velum

627 2889 855 2942 scissum
889 2898 989 2941 est.
1022 2888 1229 2941 Accidit
1263 2895 1443 2941 autem
1471 2887 1600 2941 solis
1634 2886 1874 2942 defectus
1925 2903 2032 2941 non
2062 2902 2150 2941 ra-

629 2978 774 3031 tione
799 2978 1061 3030 naturalis
1088 2977 1323 3046 eclipsis,
1352 2977 1444 3032 sed
1473 2977 1678 3030 ratione
1698 2976 1966 3046 potentiae.

698 3065 858 3118 Vens.
893 3066 945 3120 3.
981 3065 1293 3136 Hypocritas
1321 3080 1415 3121 eos
1460 3073 1635 3129 vocat,
1667 3064 1793 3133 quia
1819 3065 1923 3117 alia
1945 3064 2157 3132 quidem

628 3157 1009 3221 loquebantur,
1042 3157 1144 3208 alia
1170 3169 1296 3208 vero
1326 3154 1627 3209 sentiebant
1652 3153 1758 3207 τοι)
1788 3153 1924 3206 lianc
1943 3168 2160 3206 causam

629 3259 733 3296 non
765 3245 973 3310 signum
1005 3244 1183 3307 dedit;
1217 3258 1321 3296 non
1345 3243 1488 3296 enim
1536 3242 1602 3295 ad
1647 3243 1971 3296 credendum
2026 3250 2163 3308 pete-

623 3332 777 3394 bant,
798 3334 888 3384 sed
907 3331 972 3383 ad
1002 3332 1147 3384 illum
1173 3331 1488 3397 capiendum
1512 3345 1528 3393 ;
1559 3344 1680 3382 cum
1710 3330 1857 3381 nullo
1882 3330 2040 3380 modo
2069 3330 2163 3382 de-

633 3419 771 3472 derit
799 3434 921 3471 cum
957 3428 1150 3487 potest,
1179 3421 1268 3486 qui
1290 3419 1422 3471 dicit
1441 3418 1759 3470 Chananzeze
1791 3434 1804 3470 :
1841 3415 1958 3468 Non
1988 3428 2058 3469 est
2084 3419 2167 3469 bo-

637 3523 760 3558 num
790 3523 987 3559 sumere
1035 3523 1217 3575 partem
1267 3507 1518 3573 ﬁliorum,
1575 3514 1625 3558 et
1683 3507 1888 3557 mittere
1925 3506 2165 3568 canibus;

631 3608 687 3652 et
717 3613 836 3650 cum
884 3598 972 3649 illo
996 3597 1224 3657 dicente,
1261 3594 1481 3664 Signum
1524 3592 1675 3646 J0me
1723 3595 1978 3662 propheta
2029 3595 2174 3646 vobis

633 3688 862 3750 dabitur,
895 3701 997 3739 non
1032 3686 1355 3754 interrogent
1383 3683 1656 3755 quodnam
1690 3684 1826 3737 forte
1851 3693 2014 3738 esset.
2043 3683 2164 3739 Ideo

635 3776 723 3828 ille
751 3775 948 3828 relictis
979 3775 1081 3828 illis
1113 3774 1263 3827 abiit.

707 3861 871 3917 Vens.
897 3863 946 3915 6.
981 3861 1163 3916 Cavete
1207 3878 1238 3914 a
1269 3861 1516 3930 fermento
1545 3859 1954 3926 Pltaristeorttm,
1986 3861 2162 3928 idest,

635 3953 701 4005 ab
734 3967 918 4006 eorum
949 3952 1212 4006 doctrina.

708 4040 868 4093 Vens.
896 4038 949 4090 8.
978 4037 1116 4101 Quid
1159 4038 1386 4091 intendit
1411 4038 1597 4091 dicens
1632 4036 1911 4105 apostolis,
1948 4034 2167 4087 Modice

635 4130 796 4197 ﬁdei?
821 4129 943 4182 Illos
971 4128 1238 4196 objurgat,
1266 4142 1371 4180 non
1398 4129 1542 4180 enim
1587 4126 1784 4193 ubique
1813 4124 2166 4178 mansuetudo

640 4219 835 4268 bonum
869 4230 971 4268 est.
1317 4239 1346 4264 ν

2251 1824 2500 1893 ὑποψίαν,
2524 1825 2728 1895 ἀφῆκεν
2751 1826 2963 1888 αὐτούς.

2774 1935 3051 2019 «ΕΜ.
3101 1967 3215 2031 ις’.

2324 2093 2478 2146 Ποῖον
2530 2094 2748 2161 σημεῖον
2801 2091 2857 2155 ἐξ
2888 2089 3114 2160 οὐρανοῦ
3149 2088 3396 2157 ζητοῦσιν
3436 2088 3483 2140 oi
3507 2088 3795 2156 Φαρισαῖοι

2251 2179 2338 2231 τὸν
2368 2179 2629 2249 Χριστὸνς
2663 2177 2777 2230 Ἵνα
2810 2178 2980 2246 στήσῃ
3019 2176 3106 2226 τὸν
3149 2175 3315 2242 ἥλιον,
3349 2172 3380 2240 ἢ
3422 2174 3518 2241 τὴν
3561 2173 3794 2240 σελήνην

2251 2266 2541 2336 χαλινώσῃ,
2572 2265 2604 2333 ἦ
2639 2263 2936 2333 κεραυνοὺς
2977 2262 3298 2330 κατενέγκῃ,
3329 2261 3361 2328 ἢ
3391 2260 3480 2311 τὸν
3520 2261 3652 2327 ἀέρα
3685 2275 3793 2326 με·

2255 2356 2484 2426 ταϐἁλῃ.
2509 2356 2537 2412 ὃ
2558 2356 2650 2408 καὶ
2685 2355 2890 2408 δέδοται
2910 2367 2924 2380 ⁸
2957 2352 3110 2413 ἄλλος
3134 2352 3238 2420 γὰρ
3269 2352 3295 2402 ὀ
3334 2350 3425 2402 νῦν
3453 2348 3654 2417 καιρδ·,
3693 2345 3794 2398 aut

2252 2446 2405 2507 ἄλλος
2429 2447 2456 2496 ὁ
2477 2447 2574 2513 τῆς
2599 2442 2890 2512 μελλούσης
2917 2441 3142 2510 ἡμέρας,
3172 2441 3258 2491 ὅτε
3278 2437 3444 2490 ταῦτα
3472 2438 3793 2506 γενήσεται*

2252 2533 2452 2601 ἐγὼ.δὲ
2502 2549 2641 2600 φημι
2686 2532 2766 2583 ὅτι
2799 2529 2898 2583 κᾶν
2943 2529 3015 2599 μὴ
3062 2527 3218 2589 εὐθὺς
3269 2527 3566 2596 ὑπήκουσεν
3611 2524 3794 2576 αὐτῶν

2254 2621 2439 2690 ὥσπερ
2476 2620 2936 2690 προστασσόντων,
2973 2618 3192 2686 ὕστερον
3234 2616 3426 2680 ἔδειξεν
3455 2617 3535 2668 ὅτι
3567 2615 3795 2668 δύναται

2256 2712 2451 2764 ποιεῖν’
2479 2708 2627 2777 ἥλιος
2651 2707 2870 2776 γὰρκαὶ
2898 2707 3088 2776 σελήνη
3118 2704 3420 2774 ἐσκοτίσθη,
3448 2705 3538 2756 καὶ
3572 2702 3796 2770 σεισμὸς

2256 2799 2462 2867 γέγονε·
2495 2799 2587 2850 καὶ
2623 2798 2681 2850 τὸ
2709 2799 2765 2850 ἐν
2810 2796 2888 2866 τῷ
2916 2795 3044 2866 ἱερῷ
3072 2796 3462 2865 καταπέτασμα
3487 2793 3790 2862 διεσχίσοηο

2254 2888 2445 2955 γέγονε
2489 2887 2545 2939 δέ
2587 2887 2646 2939 τὸ
2674 2885 2766 2938 τοῦ
2815 2885 2962 2956 ἡλίου
3011 2885 3181 2947 πάθος
3216 2885 3278 2937 οὐ
3320 2883 3460 2953 λόγῳ
3501 2882 3796 2948 ἐκλείψεως

2186 3025 2230 3084 c
2262 2977 2514 3046 φυσικῆς,
2548 2973 2682 3028 ἀλλὰ
2709 2975 2847 3044 λόγῳ
2875 2973 3167 3042 δυνάμεως.

2341 3064 2663 3135 ’Υποκριτὰς
2705 3065 2759 3118 δέ
2803 3065 2996 3127 αὐτοὺς
3029 3063 3180 3116 καλεῖ
3209 3062 3288 3115 δτι
3336 3062 3494 3131 ἕτερα
3538 3060 3634 3129 μὲν
3664 3058 3793 3111 ἐλά·

2256 3154 2398 3221 λουν,
2427 3156 2586 3224 ἕτερα
2610 3154 2667 3206 δὲ
2701 3154 2974 3225 ἐφρόνουν·
3009 3154 3096 3205 διὰ
3129 3153 3282 3204 τοῦτο
3313 3153 3427 3204 οὐδὲ
3457 3151 3652 3204 δέδωκε
3690 3166 3796 3215 ση-

2262 3246 2425 3311 μεῖονο
2457 3245 2517 3295 οὺ
2555 3243 2662 3313 γὰρ
2699 3243 2785 3295 διὰ
2811 3243 2871 3294 τὸ
2903 3241 3186 3294 πιστεῦσαι
3222 3242 3465 3309 ἐζήτουν,
3500 3240 3610 3291 ἀλλ’
3650 3239 3795 3290 ὥστε

2260 3332 2604 3384 ἐπιλαϐέσθαι
2631 3331 2816 3383 αὐτοῦ’
2847 3333 2967 3382 ἐπεὶ
2995 3330 3110 3391 πῶς
3140 3331 3204 3380 ἂν
3235 3330 3332 3380 οὐκ
3356 3329 3552 3380 ἔδωκεν
3579 3332 3606 3381 ὀ
3636 3329 3797 3380 δυνά-

2264 3435 2438 3488 μενος,
2467 3420 2496 3470 ὀ
2526 3421 2591 3486 τῇ
2618 3419 2893 3487 Χαναναία
2919 3418 3112 3483 λέγων,
3146 3419 3263 3469 Οὐκ
3290 3417 3419 3468 ἐστι
3451 3417 3638 3468 καλὸν
3681 3420 3794 3468 ,ια-

2261 3507 2384 3560 6εῖν
2418 3505 2534 3559 τῶν
2560 3504 2781 3558 τέκνων
2807 3508 2912 3558 τὸν
2947 3506 3126 3571 ἄρτον
3160 3506 3254 3557 καί
3307 3505 3509 3557 δοῦναι
3541 3506 3660 3569 τοῖς
3688 3524 3797 3559 κυ-

2261 3596 2510 3664 ναρίοις-ς
2538 3596 2629 3648 καὶ
2659 3597 2736 3648 ὅτι
2762 3596 3000 3658 εἰπόντος
3033 3595 3213 3658 αὑτοῦ,
3254 3595 3321 3648 Τὸ
3348 3595 3594 3663 σημεῖον
3628 3594 3798 3649 Ἰωνᾶ

2261 3684 2368 3737 τοῦ
2410 3683 2710 3752 προφήτου
2751 3683 3062 3752 δοθήσεται
3093 3685 3252 3751 ὑμῖν,
3298 3685 3395 3735 οὐκ
3440 3683 3708 3752 ἐρωτῶσι]
3743 3683 3798 3733 τί

2263 3793 2392 3829 ποτε
2423 3771 2510 3846 ἦν’
2537 3776 2624 3829 διὰ
2651 3775 2807 3829 τοῦτο
2831 3777 2925 3829 καὶ
2941 3777 3098 3838 αὐτὸς
3125 3777 3280 3845 ἀφεὶς
3309 3767 3499 3835 αὐτοὺς
3530 3776 3790 3843 ἀπῆλθεν.

2329 3865 2419 3929 Τὸ,
2457 3866 2782 3935 Προσέχετε
2817 3866 2934 3920 ἀπὸ
2963 3865 3069 3934 τῆς
3095 3865 3272 3934 ζύμης
3308 3865 3424 3918 τῶν
3447 3868 3795 3933 Φαρισαῖων,

2261 3954 2368 4008 ἀπὸ
2399 3955 2494 4021 τῆς
2524 3955 2865 4017 διδασκαλίας
2902 3955 3076 4006 αὐτῶν
3113 3955 3276 4022 λέγει.

2329 4044 2394 4094 Τί
2425 4045 2694 4111 οἰκονομεῖ
2723 4046 2779 4095 ἐν
2809 4043 2884 4112 τῷ
2912 4043 3092 4109 λέγειν
3135 4045 3242 4103 τοῖς
3271 4044 3600 4105 ἀποστόλοις,
3649 4046 3798 4096 Ὀλι-

2263 4135 2568 4201 γόπιστοι;
2634 4133 2888 4200 Ἐπιτιμᾷ
2931 4131 3142 4192 αὐτούς’
3199 4133 3256 4182 οὑ
3303 4134 3413 4199 γὰρ
3438 4135 3706 4202 πανταχοῦ
3762 4136 3794 4202 ὴ

2267 4222 2502 4289 πραότης
2530 4219 2708 4272 καλόν.

717 4301 875 4351 Vens.
906 4300 990 4351 15.
1014 4300 1121 4352 Cur
1148 4301 1446 4352 (Itesareatn
1483 4297 1713 4365 Philippi
1759 4298 2046 4351 deveniens
2091 4297 2164 4348 in-
2202 4341 2246 4393 Β
2337 4321 2351 4361 Α

2163 4326 2164 4334 ‘
2202 4341 2246 4393 Β
2337 4310 2435 4361 Διὰ
2480 4311 2530 4360 τί
2577 4311 2651 4369 είς
2700 4307 3029 4377 Καισάρειαν
3063 4310 3154 4377 τὴν
3202 4307 3458 4360 Φιλίππου
3511 4310 3797 4376 ἐπαγαγὼν

640 4399 876 4456 terrogat
901 4403 994 4441 eos
1027 4405 1038 4439 :
1074 4388 1237 4450 Quem
1265 4403 1343 4439 me
1374 4388 1549 4438 dicunt
1593 4386 1820 4437 homines
1865 4386 2007 4436 esse?
2038 4383 2171 4447 Quia

641 4481 822 4547 procul
849 4489 1000 4532 erant
1028 4478 1154 4531 illia
1179 4475 1375 4529 Iudaeis
1411 4484 1465 4528 et
1501 4489 1686 4528 eorum
1725 4473 2172 4543 aggressionibus.

639 4571 733 4622 Est
754 4577 927 4622 autem
951 4568 1054 4620 alia
1076 4568 1314 4620 Cmsarea
1339 4563 1625 4619 Stratonis.
1655 4563 1782 4617 Post
1801 4563 1963 4616 multa
2001 4571 2174 4614 autem

639 4661 896 4715 miracula
937 4661 1257 4726 interrogat;
1297 4665 1351 4710 et
1397 4671 1501 4709 non
1541 4656 1858 4722 interrogat,
1896 4652 2061 4716 Quem
2093 4665 2177 4704 me

639 4751 821 4801 dicunt
852 4747 1088 4800 Scribte?
1133 4748 1222 4800 sed
1254 4747 1454 4798 innoxii
1475 4743 1981 4814 populisententiant
2006 4752 2175 4810 rOgat.

643 4837 836 4887 Filium
862 4845 1036 4887 autem
1067 4836 1297 4887 hominis
1333 4850 1470 4901 saepe
1508 4850 1564 4888 se
1593 4835 1745 4893 dicit,
1781 4832 1964 4884 volens
1998 4832 2176 4883 incar-

648 4924 916 4975 nationem
947 4931 1187 4988 patenter
1213 4923 1484 4987 cognosci.

728 5101 882 5154 Vens.
922 5097 1321 5157 16.Attendile,
1368 5111 1567 5163 quaeso,
1612 5098 1688 5168 ad,
1719 5100 1823 5151 vim
1874 5100 2177 5153 verborum.

2274 4398 2462 4457 αὐτοὺς
2501 4397 2693 4465 ἐρωτᾷ.
2730 4398 2864 4448 Τίνα
2899 4414 2974 4464 με
3002 4397 3284 4466 λέγουσιν
3320 4401 3371 4450 ol
3403 4398 3691 4465 ἄνθρωποι
3720 4402 3800 4452 εἷ-

2275 4503 2404 4549 ναιξ
2460 4487 2546 4548 Ὠς
2587 4487 2797 4555 μακρὰν
2840 4488 3013 4538 αὐτῶν
3045 4489 3208 4540 ὄντων
3251 4488 3355 4540 τῶν
3406 4487 3668 4541 Ἰουδαίων
3709 4492 3801 4542 καὶ

2275 4579 2368 4644 τῆς
2401 4577 2648 4643 ἀγωνίας⁸
2699 4577 2812 4628 ἔστι
2844 4578 2899 4628 δὲ
2944 4579 3035 4629 καὶ
3065 4579 3193 4645 ἄλλη
3229 4579 3530 4646 Καισάρεια
3562 4581 3594 4647 ἡ
3625 4581 3800 4646 Στρά-

2275 4683 2458 4729 τωνοςο
2522 4666 2654 4735 μετὰ
2693 4665 2859 4717 πολλὰ
2910 4665 2965 4716 δὲ
3012 4667 3259 4734 Οαύματα
3307 4670 3499 4738 ἐρωτᾷ·
3560 4670 3652 4719 καὶ
3704 4669 3804 4720 οὐκ

2277 4758 2472 4826 ἐρωτᾷ,
2496 4757 2626 4808 Τίνα
2641 4772 2703 4824 με
2727 4754 2967 4820 λέγουσιν
2987 4756 3033 4805 οἱ
3057 4757 3416 4823 Γραμματεῖς,
3437 4759 3564 4810 ἀλλὰ
3579 4757 3669 4809 τοῦ
3684 4759 3806 4810 ἁδε-

2276 4849 2473 4902 κάστου
2497 4847 2726 4914 πλήθους
2748 4847 2845 4914 τὴν
2873 4845 3110 4912 γνώμην·
3141 4847 3264 4897 Υίδν
3293 4848 3346 4898 δὲ
3372 4849 3651 4918 ἀνθρώπου
3677 4853 3805 4900 ἑαυ-

2277 4938 2366 4986 τὸν
2405 4937 2658 4997 πολλάκις
2688 4935 2851 5002 λέγει,
2884 4934 3198 5003 βουλόμενος
3227 4935 3321 4999 τὴν
3353 4939 3653 5006 οἰκονομίαν
3681 4942 3806 5008 ὁμο-

2280 5026 2570 5091 λογείσϐαι.

2351 5117 2667 5183 Προσέχετε,
2715 5114 3024 5183 παρακαλῶ,
3081 5117 3144 5182 τῇ
3175 5114 3393 5184 δυνάμει
3444 5119 3549 5170 τῶν
3591 5120 3805 5182 λέξεων*

2281 5203 2410 5253 ὅπου
2447 5204 2541 5270 μὲν
2569 5203 2673 5269 γὰρ
2720 5204 2814 5262 τὰς
2849 5202 3043 5268 ἐτέρων
3071 5203 3373 5271 ἀπήντησεν
3417 5206 3590 5271 δόξας,
3638 5223 3809 5275 προσ-

2285 5293 2442 5357 ἐῦηκε
2474 5293 2559 5341 τὸν
2605 5290 2728 5340 Υἱδν
2757 5287 3179 5355 τοῦ·ἁνορώττου.
3219 5292 3351 5344 Τίνα
3380 5294 3596 5360 γάρμε,
3626 5294 3808 5356 φησὶν,

2284 5381 2561 5445 λέγουσιν
2590 5382 2641 5430 οἱ
2679 5379 2964 5441 ἅνθρωποι
3001 5373 3145 5427 εἶναι.
3173 5379 3272 5429 τὸν
3306 5383 3436 5431 Υὶὸν
3467 5381 3570 5431 τοῦ
3595 5381 3803 5443 ἀνθρώ·

650 5484 769 5520 tum
802 5468 1116 5520 sententiam
1140 5465 1402 5534 exposcit,
1434 5479 1537 5515 non
1565 5464 1781 5517 adhibet
1806 5465 1924 5517 Filii
1956 5464 2186 5516 hominis

2176 5481 2186 5516 ς
2287 5483 2432 5530 ποι›;
2486 5469 2654 5518 Ὅπου
2702 5466 2756 5516 δὲ
2804 5465 2899 5532 τὴν
2937 5467 3110 5518 αὐτῶν
3159 5469 3333 5536 κρίσιν
3384 5471 3595 5536 ἐζήτει,
3631 5470 3810 5519 οὐκέτι

652 5569 865 5608 nomen.
889 5555 1025 5619 Quid
1046 5555 1208 5609 vero?
1241 5552 1338 5606 Vos
1373 5561 1566 5614 autem,
1588 5565 1731 5616 quem
1762 5569 1835 5605 me
1855 5569 1960 5607 esse
1989 5553 2188 5604 dicitis?

2174 5555 2188 5603 ί
2291 5556 2622 5624 προσέθηκεν
2658 5554 2743 5605 τὸν
2766 5551 2886 5605 Υίδν
2915 5553 3004 5606 τοῦ
3029 5554 3327 5623 ἀνθρώπουο
3356 5558 3485 5609 ἀλλὰ
3512 5556 3582 5620 τί;
3620 5554 3808 5620 ’Υμεῖς

647 5192 751 5246 Ubi
788 5194 926 5245 enim
955 5191 1184 5242 aliorum
1221 5188 1526 5240 sciscitatus
1561 5197 1642 5241 cst
1686 5190 1983 5255 Opiniones,
2031 5192 2181 5244 aditi-

649 5286 762 5338 lrJit
806 5283 921 5335 Filii
969 5280 1201 5334 heminis
1239 5294 1427 5330 nomen
1454 5297 1466 5330 :
1495 5280 1655 5343 Quem
1691 5279 1853 5342 enim,
1885 5281 2074 5347 inquit,
2100 5280 2183 5330 tli-

649 5385 769 5427 cuut
801 5375 1030 5425 homines
1057 5388 1164 5424 esse
1186 5369 1380 5422 Filium
1413 5371 1675 5421 hominis?
1713 5370 1807 5422 Ubi
1838 5383 2014 5423 autent
2068 5371 2185 5421 illo-
