4138 6342
248 386 388 449 1125

1219 377 1529 436 ΞΟΊἸΟΗΛ
1575 377 1869 435 VETERA
1900 377 1982 436 IN
2019 376 2481 437 MATTHEUM.

3280 381 3412 445 1126

240 493 308 545 δὲ
325 495 456 545 τίνα
478 509 553 560 με
573 492 774 560 λέγετε
801 485 985 551 sirm;
1016 488 1076 540 Ol
1114 488 1208 555 μὲν
1239 488 1344 554 γὰρ
1387 486 1555 549 ἄλλοι,
1593 487 1776 554 φησιν,
1811 494 1854 547 Α

1811 494 1854 547 Α
1881 487 1981 540 Alii
2006 487 2170 551 enim,
2196 489 2347 554 dicit,
2377 488 2624 543 homines
2649 489 2814 543 ﬁlium
2833 485 3030 560 Joseph
3059 507 3144 546 me
3169 507 3290 548 esse
3316 511 3413 562 pu-

241 584 516 652 ἄνθρωποι
555 578 666 630 υίόν
724 595 788 646 με
848 576 1157 644 νομίζουσιν
1211 569 1350 624 εἶναι
1403 573 1493 624 τοῦ
1563 574 1777 642 Ἰωσὴφ,

243 672 359 722 υιὸν
390 667 694 736 ἀνθρώπου,
729 667 822 719 καί⁵
853 665 1009 717 πλέον
1035 662 1203 714 οὐδέν*
1231 662 1291 713 οὐ
1321 663 1428 729 γὰρ
1461 661 1651 712 ἔλαϐόν
1681 678 1782 728 μου

243 765 434 831 πεῖραν
463 758 726 827 τοσαύτην
751 760 845 826 τῆς
868 757 1048 824 οε-ῐκῆς
1075 772 1171 822 μου
1195 754 1458 818 ἐξουσίαςο
1487 752 1599 805 ἀλλ’
1627 752 1784 818 ὑμεῖς

243 853 290 902 οἱ
313 851 584 914 λαϐόντες,
615 848 732 899 τίνα
767 864 831 915 με
862 846 1043 910 λέγετε
1070 840 1236 903 εἷναι;
1276 841 1335 891 οὗ
1364 840 1508 906 λέγω
1539 840 1629 890 τὸν
1657 840 1784 891 Υίδν

244 939 338 991 τοῦ
367 938 670 1007 ἀνθρώπου,
703 936 788 988 ἵνα
815 934 886 1002 μὴ
913 932 1047 999 πρὸς
1073 931 1170 998 τὴν
1200 929 1336 996 ἐμὴν
1363 929 1636 995 ἀπόφασιν
1661 927 1786 996 δράτ

250 1042 405 1096 μητε·
440 1027 498 1077 οὐ
529 1027 666 1091 λέγω
699 1024 856 1075 πάλιν
887 1021 976 1072 τὸν
1010 1019 1133 1070 Υίδν
1165 1017 1257 1068 τοῦ
1286 1017 1440 1080 Θεοῦ,
1470 1017 1554 1067 ἵνα
1583 1019 1655 1083 μὴ
1688 1015 1785 1084 τὴν

249 1118 401 1182 ὑμῶν
427 1116 600 1183 ψῆφον
624 1113 866 1181 ἁρπάσω·
917 1108 1066 1160 οὐδὲν
1110 1107 1343 1174 ἐμαυτὸν
1376 1105 1469 1174 νῦν
1515 1121 1578 1171 γε
1616 1105 1783 1156 καλῶο

249 1206 318 1255 τὰ
363 1206 655 1271 πράγματα
693 1201 849 1268 μόνον
884 1199 1008 1265 ὑμῖν
1055 1194 1365 1264 χειραγωγὰ
1410 1194 1507 1261 τῆς
1557 1193 1785 1262 ἀποκρί-

250 1311 385 1352 σεως
413 1294 632 1346 δέδωκα.

320 1383 440 1432 Ὅτι
475 1381 556 1432 Σὺ
583 1376 638 1430 εἷ
666 1382 696 1429 ὁ
720 1377 966 1444 Χριστὸς
991 1378 1022 1427 ὀ
1048 1375 1181 1439 Υἱὸς
1209 1373 1313 1426 τοῦ
1339 1373 1484 1426 Θεοῦ
1523 1372 1626 1426 τοῦ
1653 1372 1787 1432 ζῶν-

249 1488 372 1533 τος,
419 1470 562 1535 λέγει
608 1469 825 1536 Πέτρος-
862 1467 987 1518 Υίδν
1032 1466 1165 1516 Θεοῦ
1205 1449 1376 1530 λέγων
1410 1464 1658 1532 καθαρῶς
1695 1464 1787 1514 καὶ

249 1559 313 1608 ὲκ
340 1558 439 1624 τῆς
464 1554 622 1609 αὐτοῦ
646 1555 852 1616 οὐσίας,
888 1553 1000 1605 ἀλλ’
1030 1553 1151 1620 οὐχὶ
1199 1553 1273 1612 ὡς
1316 1553 1363 1602 οἱ
1397 1552 1454 1601 ὲν
1476 1550 1552 1616 τῷ
1598 1549 1785 1617 πλοίῳ,

250 1647 370 1698 οὐδὲ
398 1645 472 1707 ὼς
497 1647 526 1696 ὁ
555 1643 840 1712 Ναθαναὴλ
865 1644 960 1694 ’ἐνα
983 1643 1090 1693 τῶν
1116 1641 1342 1702 πολλῶν,
1374 1641 1506 1692 ἀλλὰ
1532 1639 1786 1708 γνησίωςο

250 1733 339 1786 διὰ
365 1734 520 1784 τοῦτο
563 1733 652 1783 καὶ⁸
684 1732 763 1792 τὸ,
799 1733 919 1796 Βίνρ
973 1727 1157 1792 Ἰωνᾶ,
1186 1728 1356 1793 λέγει,
1386 1729 1505 1779 ἀντὶ
1536 1726 1650 1790 τοῦ,
1683 1726 1786 1776 υίὲ⁶

1886 585 2018 638 tant,
2046 577 2212 630 tilium
2244 578 2482 630 hominis
2531 585 2585 633 et
2624 579 2757 631 nihil
2807 582 3069 648 amplius;
3110 597 3217 636 non
3273 585 3414 637 enim

1882 672 2085 716 tantam
2115 679 2145 717 a
2193 679 2278 718 me
2313 674 2632 733 receperunt
2664 667 3033 734 probationem
3069 670 3260 723 divinae
3288 687 3418 724 mea:

1882 755 2181 820 potestatis.
2202 753 2304 807 Sed
2323 769 2417 808 vos
2440 753 2533 823 qui
2560 755 2857 823 recepistis.
2885 771 3043 824 quem
3069 773 3150 810 mc
3177 774 3298 812 esse
3322 761 3406 812 di-

1884 842 2034 895 citis?
2070 841 2185 895 Non
2224 843 2345 897 dico
2367 843 2533 896 illium
2560 843 2812 908 hominis,
2836 859 2901 896 ne
2934 844 2999 898 ad
3049 860 3222 897 meam
3253 863 3416 913 appa-

1885 933 2111 983 rentiam
2135 932 2452 997 recurratis;
2481 946 2585 984 non
2606 932 2728 984 dico
2747 947 2962 984 rursum
2991 933 3182 985 Filium
3215 933 3326 996 Dei,
3349 948 3415 986 ne

1884 1029 2124 1073 vestrum
2174 1019 2485 1088 sull‘ragium
2538 1023 2881 1088 praeveniam.
2936 1021 3078 1073 Nihil
3137 1038 3222 1074 me
3275 1038 3416 1075 nime

1885 1124 2051 1172 voco;
2090 1124 2175 1164 res
2221 1119 2425 1163 tantum
2473 1109 2624 1164 vobis
2668 1111 2989 1163 sententiam
3043 1126 3415 1176 promoventes

1886 1198 2024 1251 dedi.

1948 1377 2100 1443 Quod
2134 1378 2322 1432 Petrus
2369 1378 2517 1445 dicit,
2569 1378 2643 1431 Tu
2696 1395 2748 1431 es
2789 1379 3046 1442 Christus,
3104 1377 3272 1430 Filius
3326 1380 3415 1431 Dei

1887 1470 2021 1532 eiei;
2054 1469 2244 1522 Filium
2281 1470 2372 1522 Dei
2423 1479 2577 1522 vocat
2625 1470 2833 1538 proprie
2877 1478 2930 1522 et
2972 1484 3035 1520 ex
3077 1484 3169 1520 sua
3205 1480 3415 1530 natura,

1888 1558 1982 1612 sed
2007 1572 2112 1610 non
2147 1565 2205 1609 ut
2227 1557 2300 1610 illi
2334 1557 2426 1624 qui
2455 1566 2610 1610 erant
2639 1559 2691 1609 in
2734 1557 2964 1622 navigio,
3002 1571 3172 1623 neque
3215 1566 3271 1608 ut
3316 1554 3420 1607 Na-

1891 1646 2102 1699 thanael
2143 1661 2306 1700 unum
2329 1660 2359 1698 e
2388 1645 2591 1709 multis,
2619 1644 2710 1697 sed
2741 1645 3030 1712 legitimum
3059 1644 3270 1696 Filium.
3298 1643 3420 1696 Ideo

1891 1745 1944 1789 et
1965 1734 2213 1789 Christus
2241 1735 2370 1788 dicit
2406 1751 2419 1786 :
2452 1735 2559 1786 Bar
2598 1735 2758 1796 Iona,
2797 1743 2847 1786 et
2884 1749 2988 1785 non
3027 1733 3172 1786 J0me
3204 1733 3298 1795 ﬁli,
3328 1749 3417 1785 os-

253 1822 451 1890 δηλῶν,
476 1823 558 1875 ὅτι
592 1822 677 1883 Ὠς
707 1821 768 1873 σὺ
823 1820 916 1872 τοῦ
960 1820 1114 1872 Ἰωνᾶ.
1143 1817 1320 1886 φύσει,
1361 1817 1527 1878 οὕτως
1556 1814 1664 1883 ἐγὼ
1699 1814 1790 1868 τοῦ
1817 1812 1865 1871 Β

1834 1812 1865 1871 Β
1894 1825 2115 1879 tendens
2135 1824 2300 1892 quod,
2325 1823 2481 1876 Sicut.
2502 1832 2559 1876 ιιι
2607 1820 2756 1875 Jonas
2799 1831 2988 1874 natura
3034 1835 3092 1875 es
3129 1821 3287 1886 ﬁlius,
3335 1821 3415 1874 sic
3463 1838 3468 1846 ·

251 1911 387 1962 Θεοῦ
416 1914 527 1979 εἰμι
556 1911 700 1972 Υἱός.

245 2070 249 2074 ⁵
337 2001 703 2068 ’Δπορούντων
761 2000 867 2052 τῶν
927 1999 1180 2068 μαθητῶν
1237 1998 1502 2066 καὶπρὸς
1573 1996 1794 2057 ἑαυτοὺς

252 2091 396 2153 sine;
428 2092 598 2143 ταῦτα
635 2091 895 2157 λεγόντων
915 2106 928 2120 ο
963 2089 1090 2140 Υίδν
1134 2089 1295 2140 αὐτὸν
1323 2087 1455 2138 Θεοῦ
1487 2085 1684 2154 Πέτρος
1715 2086 1794 2135 εί-

253 2179 392 2242 πὼν,
445 2179 818 2247 μακαρίζεται.
868 2177 1065 2242 Μάρθα
1102 2176 1263 2228 πάλιν
1304 2175 1400 2241 οὐχ
1447 2173 1577 2224 Υίὸν
1632 2171 1793 2224 αὐτὸν

254 2263 408 2317 εἶπεν
437 2265 601 2326 Θεοῦ;
652 2266 753 2317 Ναὶ
800 2266 927 2332 γὰρ,
982 2265 1172 2329 Κύριε,
1221 2265 1402 2331 φησιν,
1453 2261 1566 2328 ἐγὼ
1619 2262 1793 2312 ,πεπι-

253 2369 477 2407 στευκα
514 2354 598 2404 ὅτι
627 2353 706 2406 σὺ
731 2351 786 2406 εἶ
828 2357 860 2404 ό
902 2353 1147 2418 Χριστὸς
1177 2357 1208 2404 ό
1257 2354 1380 2416 Υἱὸς
1419 2352 1519 2403 τοῦ
1552 2351 1715 2412 Θεοῦ,
1761 2354 1794 2403 d

253 2447 340 2508 εἰς
374 2445 479 2497 τὸν
503 2445 728 2510 κόσμον
751 2443 1083 2510 ἐρχόμενος.
1122 2442 1184 2491 Τί
1216 2441 1304 2492 οὖν
1346 2442 1524 2507 ἐκεί-ιη
1557 2457 1793 2508 μακαρι-

257 2517 411 2600 σμῶν
438 2533 535 2584 οὐκ
565 2530 764 2599 ἠξιὼοη
801 2530 978 2592 τινῶν,
1023 2530 1154 2581 ἀλλὰ
1185 2530 1382 2596 Πέτρος
1414 2531 1486 2590 ὣς
1527 2545 1578 2578 τι
1612 2528 1793 2580 καινόν

257 2619 429 2672 εἰπὼν
459 2620 850 2689 μακαρίζεται;
882 2620 1039 2685 ἡμεῖς
1079 2617 1240 2669 πάλιν
1280 2617 1576 2685 συμφώνως
1609 2620 1694 2668 ὅτε
1728 2621 1790 2685 τῇ

259 2711 502 2780 θαλάσσῃ
531 2713 624 2762 καὶ
662 2713 770 2770 τοῖς
808 2708 1024 2776 ἀνέμοις
1059 2708 1406 2776 ἐπετίμησεν,
1437 2707 1532 2775 οὐχ
1558 2707 1630 2768 ὡς
1670 2707 1794 2758 Υἱδν

257 2801 393 2852 θεοῦ
424 2801 583 2852 αὑτὸν
613 2803 1088 2869 προσεκυνήσαμεν
1122 2799 1214 2849 καὶ
1251 2799 1385 2865 μετὰ
1430 2799 1606 2864 φωνῆς
1638 2798 1792 2865 ἐϐοή-

259 2906 454 2957 σαμεν,
498 2887 754 2954 Ἀληθῶς
799 2887 941 2940 Θεοῦ
990 2888 1119 2948 Υἱὸς
1151 2884 1239 2948 si;
1276 2887 1362 2937 διὰ
1407 2887 1456 2936 τί
1497 2886 1793 2954 μακαρίους

258 2981 405 3047 ἡμᾶς
427 2980 523 3029 οὐκ
550 2978 800 3029 ἐκάλεσεν
824 2979 942 3029 τότε
968 2991 982 3043 ;
1018 2976 1197 3028 Ταῦτα
1224 2977 1330 3026 τῶν
1363 2976 1612 3044 μαθητῶν
1645 2976 1796 3025 ἐνου-

260 3068 562 3135 μουμένων,
602 3069 629 3117 ὁ
667 3067 934 3135 Δεσπότης
983 3067 1172 3131 ἐπάγει
1204 3080 1218 3093 ·
1250 3066 1368 3130 Πὰρ
1409 3062 1592 3126 Ἰωιᾶ,
1642 3081 1795 3114 τουτ-

261 3156 434 3218 έστιν,
462 3155 554 3205 Υἱὲ
587 3155 675 3204 τοῦ
714 3156 884 3208 Ἰωνᾶ.
932 3157 1017 3216 Ὠς
1037 3154 1298 3225 ἑκήρυξας
1322 3155 1425 3222 γάρ
1471 3171 1591 3221 μου,
1634 3153 1787 3222 φησι,

255 3246 349 3294 τὸν
382 3245 618 3310 Πατέρα,
648 3245 786 3294 οὕτω
825 3242 974 3309 κάγὼ
1004 3243 1250 3311 κηρύττω
1284 3260 1373 3293 σου
1418 3243 1508 3293 τὸν
1557 3241 1787 3311 πατέρα·

257 3335 337 3402 μὴ
365 3336 576 3403 χρῃζων
606 3335 701 3402 μὲν
733 3335 822 3384 τοῦ
852 3334 942 3385 σοῦ
971 3333 1336 3401 μνημονεῦσαι
1368 3335 1587 3401 πατρὸς,
1628 3333 1790 3395 δεῖξαι

253 3425 315 3475 δὲ
342 3425 657 3491 βουλόμενος
682 3424 740 3476 τὸ
767 3423 1056 3491 ταυτοφυὲς
1081 3423 1214 3490 ἐμοῦ
1238 3425 1328 3474 καὶ
1354 3424 1580 3489 Πατρὸςο
1611 3424 1792 3473 εἰκόνα

257 3512 342 3574 σὲ,
363 3513 454 3563 καὶ
483 3513 571 3562 τὸν
597 3515 683 3563 σὸν
715 3514 942 3581 πατέρα,
969 3513 1098 3579 ἐμοῦ
1120 3516 1209 3563 καὶ
1227 3513 1316 3562 τοῦ
1347 3513 1547 3580 Ματρὸς
1573 3513 1791 3581 προστί-

255 3601 396 3666 θημι
426 3601 539 3650 νῦν*
579 3605 640 3652 ὲκ
665 3603 767 3651 τῶν
802 3603 918 3653 καθ’
950 3602 1088 3668 ὑμᾶς
1120 3601 1530 3667 μανθανέτωσαν
1559 3603 1790 3663 ἅπαντες

259 3689 392 3738 Υἱοῦ
437 3691 524 3738 καὶ
571 3689 776 3755 Πατρδς
809 3691 903 3755 τὴν
950 3691 1265 3754 ταυτότητα.
1327 3692 1421 3738 Ὃν
1462 3691 1566 3754 γὰρ
1597 3690 1791 3754 τρόπον

253 3777 439 3841 ὅμοιος
467 3777 528 3823 σὺ
558 3775 632 3840 τῷ
696 3777 844 3841 Ὶωνᾷ
873 3775 1008 3824 κατὰ
1052 3775 1228 3840 φύσιν,
1265 3774 1434 3832 οὕτως
1475 3776 1652 3840 ὅμοιος
1682 3776 1789 3840 ἐγὼ

252 3863 338 3929 τῷ
375 3865 538 3929 [lupi
561 3862 676 3912 κατ’
706 3863 906 3912 οὐσίαν·
943 3863 1015 3920 ὠς
1040 3863 1135 3912 οὐκ
1178 3859 1225 3912 εἷ
1261 3864 1320 3912 σὺ
1358 3864 1554 3928 κτίσμα
1585 3864 1676 3912 τοῦ
1715 3867 1790 3914 οἱ-

255 3948 410 4000 κείου
443 3949 662 4016 πατρὸς,
691 3949 820 3997 ἀλλὰ
847 3947 1103 4014 γέννημα,
1125 3946 1288 4006 οὕτως
1316 3949 1432 3999 οὐδὲ
1460 3949 1567 4014 ἐγὼ
1589 3949 1789 4016 κτίσμα

256 4036 358 4086 τοῦ
397 4037 621 4105 Πατρδς,
658 4036 784 4086 ἀλλὰ
819 4037 1077 4103 γέννημα·
1107 4037 1167 4086 σὺ
1187 4036 1488 4105 ανθρώπου,
1525 4038 1631 4104 ἐγὼ
1660 4040 1787 4101 Θεὸς

254 4128 323 4176 ὲκ
352 4126 502 4177 Θεοῦ’
536 4127 597 4176 σὺ
639 4128 955 4194 γεγέννησαι
1008 4128 1071 4178 ὲκ
1114 4128 1374 4189 τοιούτου,
1429 4127 1537 4193 ἐγὼ
1566 4128 1678 4194 φῶς
1726 4130 1788 4179 ἐκ

256 4217 456 4284 φωτὸςθ
487 4217 547 4268 σὺ
582 4217 758 4284 ὅμοιος
787 4217 844 4279 ὲξ
871 4217 1072 4284 ὁμοίου,
1107 4217 1256 4282 κάγὼ
1282 4217 1460 4284 ὅμοιος
1494 4218 1549 4282 ἐξ
1585 4220 1785 4285 ὁμοίουο

253 4304 350 4356 διὰ
373 4304 526 4355 τοῦτο
556 4305 841 4372 μακαρίζω
862 4306 950 4356 τὸν
988 4306 1205 4372 Πέτρον,
1237 4305 1315 4356 ὅτι
1346 4321 1447 4373 περ
1480 4307 1574 4373 οὐχ
1605 4305 1788 4377 ὥσπερ

1888 1930 1989 1982 ego
2024 1915 2113 1966 Dei
2136 1928 2254 1966 sum
2287 1912 2474 1964 Filius.

1967 1999 2130 2053 Vens.
2185 1999 2270 2051 17.
2323 1998 2704 2052 ιιαξείιιιηιίιιιιε
2767 1995 3065 2064 discipulis,
3105 2003 3158 2046 et
3197 1995 3333 2046 intra
3363 2008 3420 2047 se

1891 2089 2253 2144 verisimiliter
2287 2087 2412 2140 talia
2450 2085 2750 2140 dicentibus
2789 2085 3020 2137 :Petrus
3055 2084 3198 2135 illum
3227 2083 3417 2135 Filium

1892 2181 1984 2235 Dei
2027 2191 2224 2230 vocans
2271 2177 2460 2229 beatus
2503 2174 2728 2227 dicitur.
2770 2172 2973 2225 Martha
3015 2172 3205 2223 iterum
3243 2187 3418 2224 nonne

1891 2268 2082 2321 Filium
2120 2265 2210 2318 Dei
2228 2264 2373 2317 illuni
2401 2277 2520 2316 esse
2544 2261 2712 2314 dixit?
2739 2258 2836 2323 Ita;
2867 2275 2987 2313 nam
3012 2260 3161 2323 dicit,
3182 2259 3416 2322 Domine,

1891 2374 1981 2425 ego
2011 2355 2208 2409 credidi
2237 2355 2357 2422 quia
2393 2331 2446 2404 ίιι
2483 2369 2534 2403 es
2563 2350 2824 2411 Christus,
2871 2349 3036 2402 Filius
3083 2348 3196 2412 Dei,
3241 2349 3328 2416 qui
3363 2349 3418 2399 in

1892 2448 2025 2498 hunc
2056 2444 2302 2496 mundum
2330 2442 2535 2504 tenisti,
2564 2440 2689 2508 quid
2725 2453 2849 2506 ergo
2873 2439 2961 2490 illa
2993 2451 3097 2490 non
3135 2439 3288 2491 beata
3309 2439 3416 2489 dici

1892 2539 2047 2604 digna
2081 2536 2292 2587 inventa
2345 2544 2446 2593 est.
2503 2547 2624 2584 cum
2677 2531 2888 2590 Petrus,
2920 2543 3013 2581 ceu
3059 2529 3258 2596 aliquid
3296 2528 3418 2581 novi

1892 2628 2095 2688 dicens,
2123 2625 2308 2678 beatus
2334 2622 2688 2692 praedicatur?
2719 2619 2825 2673 Nos
2857 2634 3066 2688 quoque
3096 2621 3420 2671 unanimiter

1897 2716 2113 2785 quando
2141 2715 2273 2766 mari
2306 2722 2357 2765 et
2400 2713 2570 2762 ventis
2601 2708 2898 2777 imperavit,
2930 2721 3106 2758 nonne
3141 2715 3198 2758 ut
3223 2704 3417 2757 Filium

1894 2805 1984 2856 llei
2017 2805 2161 2855 illum
2192 2798 2534 2853 adoravimus
2563 2807 2614 2849 et
2640 2811 2765 2849 voce
2797 2808 2987 2860 magna
3022 2792 3369 2845 elatnavimus
3401 2808 3416 2843 :

1907 2894 2028 2947 Vcrc
2062 2893 2232 2944 Filius
2263 2890 2351 2942 Dei
2376 2906 2426 2941 cs
2448 2892 2470 2942 ?
2493 2887 2600 2941 Cur
2638 2887 2821 2938 beatos
2848 2901 2943 2938 nos
2974 2899 3079 2936 non
3106 2892 3230 2936 tunc
3254 2897 3416 2935 voea-

1891 2985 1999 3036 vit?
2027 2983 2175 3035 Talia
2198 2980 2474 3046 discipulis
2497 2977 2873 3043 cogitantibus,
2910 2975 3164 3026 Dominus
3195 2974 3375 3039 adjicit
3402 2989 3417 3025 :

1895 3071 2000 3124 Bar
2033 3072 2189 3134 Jona,
2223 3070 2272 3120 id
2302 3077 2401 3128 est,
2453 3067 2522 3117 lili
2558 3063 2727 3128 Jonas,
2781 3073 2838 3115 ut
2865 3063 3179 3130 prtedicasti,
3229 3062 3418 3129 inquit,

1897 3177 2070 3216 meum
2106 3158 2334 3221 Patrem,
2380 3157 2456 3208 sic
2501 3169 2598 3221 ego
2637 3168 2850 3221 quoque
2892 3151 3122 3219 praedico
3155 3159 3301 3202 tuum
3328 3165 3422 3218 pa-

1896 3261 2064 3314 trem;
2115 3263 2218 3301 non
2268 3245 2479 3315 quidem
2535 3257 2748 3298 necesse
2785 3243 2985 3295 habt-ns
3040 3250 3188 3294 tuutn
3216 3254 3417 3307 patrem

1897 3353 2214 3399 memorare,
2247 3338 2335 3390 sed
2367 3336 2551 3389 volens
2576 3334 2855 3388 ostendere
2885 3345 3219 3385 communem
3250 3331 3349 3384 mei
3370 3339 3423 3382 et

1897 3429 2068 3481 Patris
2101 3437 2365 3486 naturam,
2393 3440 2534 3478 nunc
2560 3435 2611 3477 et
2646 3432 2850 3491 patrem
2879 3432 3026 3474 tuum
3057 3429 3114 3473 ut
3138 3421 3419 3488 imaginem

1898 3517 1998 3569 tnei
2023 3526 2073 3568 et
2114 3514 2283 3567 Patris
2303 3516 2400 3567 mei
2429 3527 2664 3579 propono
2689 3527 2703 3573 ;
2730 3527 2759 3563 e
2783 3511 2976 3578 quibus
3003 3508 3295 3562 secundum
3326 3521 3423 3559 vos

1895 3607 2101 3659 discant
2128 3618 2313 3655 onmes
2341 3601 2512 3654 Putris
2540 3610 2588 3652 et
2622 3599 2736 3651 Filii
2760 3611 2960 3651 naturis
2990 3596 3420 3651 similitudinem.

1893 3692 2023 3745 Nam
2036 3707 2140 3759 quo
2160 3693 2314 3742 modo
2333 3691 2586 3742 similislu
2603 3687 2749 3740 lente
2760 3703 2816 3739 es
2831 3688 3124 3739 secundum
3150 3694 3417 3745 naturam,

1897 3784 1974 3832 sic
2004 3796 2100 3846 ego
2135 3781 2324 3830 similis
2358 3777 2630 3829 suniPatri
2650 3777 2941 3828 secundum
2962 3774 3342 3835 substantiam;
3364 3781 3420 3823 ut

1895 3875 1946 3916 tu
1964 3880 2067 3916 non
2097 3880 2154 3915 es
2167 3873 2396 3924 creatus,
2421 3863 2513 3914 sed
2536 3864 2783 3928 genitusa
2802 3866 3013 3928 proprio
3033 3872 3202 3929 patre,
3229 3866 3297 3916 ita
3321 3879 3418 3933 ego

1893 3971 1997 4008 non
2023 3964 2236 4006 creatus
2264 3968 2380 4003 sum
2411 3965 2438 4001 a
2467 3947 2648 4016 Patre,
2674 3951 2763 4004 sed
2807 3951 3046 4015 genitus;
3087 3961 3140 4002 tu
3168 3952 3327 4004 homo
3353 3957 3418 4004 de

1893 4044 2124 4103 homine,
2145 4056 2242 4110 ego
2275 4041 2411 4092 Deus
2441 4041 2505 4092 de
2535 4038 2676 4104 Deo;
2702 4041 2756 4089 ιιι
2783 4039 2991 4106 genitus
3012 4053 3069 4092 es
3097 4040 3158 4092 de
3182 4041 3290 4102 tali,
3316 4056 3416 4108 ego

1892 4130 2067 4181 lumen
2089 4129 2151 4180 ile
2181 4130 2411 4190 lumine;
2437 4137 2489 4177 tu
2508 4125 2696 4177 similis
2712 4124 2775 4175 de
2798 4125 2977 4188 simili,
3003 4140 3098 4193 ego
3119 4141 3328 4194 quoque
3344 4128 3416 4178 si-

1895 4221 2032 4273 milis
2048 4220 2110 4271 de
2128 4217 2307 4269 simili.
2323 4217 2402 4268 0b
2420 4215 2556 4267 hanc
2575 4229 2792 4266 causam
2811 4215 3021 4267 beatum
3039 4216 3160 4267 dico
3184 4215 3414 4279 Petrum,

1893 4309 2017 4377 quia
2054 4322 2155 4358 non
2185 4316 2241 4357 ιιι
2265 4306 2438 4357 εωιοι·ί
2469 4306 2709 4357 homines
2747 4302 2938 4356 Filium
2983 4305 3069 4356 Dei
3090 4320 3182 4357 'tne
3207 4305 3414 4374 procla-

250 4396 304 4445 οἱ
332 4394 504 4444 λοιποὶ
527 4395 630 4445 τῶν
655 4395 946 4461 ἀνθρώπων
976 4395 1097 4446 Υίόν
1113 4411 1178 4461 με
1198 4395 1326 4446 θεοῦ
1353 4395 1786 4464 προσηγόρευσαν
1823 4420 1860 4472 D

1781 4415 1786 4439 ι
1823 4420 1860 4472 D
1895 4407 2173 4451 maverunt
2203 4400 2492 4450 secundum
2516 4396 2847 4464 gratiam,ita
2873 4393 3083 4459 Petrus,
3110 4397 3200 4447 sed
3226 4408 3280 4448 ut
3306 4400 3415 4465 ipse

251 4484 401 4534 κατὰ
416 4484 588 4551 χάριν,
609 4485 746 4535 οὓτω
766 4488 793 4534 ὁ
816 4487 1033 4554 Πέτρος·
1052 4484 1160 4536 ἀλλ’
1187 4487 1260 4545 ὡς
1284 4485 1440 4545 αὐτὸς
1453 4485 1662 4553 ἀληθῶς
1681 4487 1792 4549 υΞὺς

250 4573 358 4623 τοῦ
371 4574 564 4623 οἰκείου
589 4574 788 4641 πατρὸς
803 4575 970 4636 οὕτως
992 4576 1112 4625 Υίόν
1135 4593 1196 4643 με
1210 4575 1378 4643 ἀληθῆ
1402 4580 1685 4644 προσεῖπεν
1699 4577 1789 4628 τοῦ

250 4663 417 4713 Θεοῦ·
434 4663 504 4721 ὡς
527 4663 678 4722 αὐτὸς
690 4665 856 4730 ἀρχὴν
885 4664 1086 4731 ἐχωνὲξ
1105 4665 1269 4732 ἀρχὴν
1291 4665 1494 4732 ἔχοντος
1510 4667 1793 4735 ἐγεννήθη,

251 4753 431 4811 οὕτως
456 4751 682 4818 ἄναρχον
715 4769 779 4818 με
811 4753 933 4803 Υίὺν
960 4755 1189 4820 ἁνάρχου
1215 4755 1417 4820 [ἰατρὸς
1445 4755 1790 4823 ἀνεκήρυξεν·

251 4843 339 4901 ὡς
370 4840 520 4900 αὐτὸς
541 4840 726 4908 eme,-
755 4844 816 4893 ὲκ
840 4843 1028 4908 θνητοῦ
1047 4883 1061 4906 ,
1086 4843 1252 4902 οὓτως
1285 4844 1546 4894 ἀθάνατόν
1576 4859 1641 4909 με
1671 4845 1792 4894 Υίὸν

252 4932 319 4993 ἐξ
357 4929 614 4981 ἀθανάτου
661 4931 863 4999 [ἰατρὸς
890 4931 1250 4999 ὡμολόγησεν·
1281 4933 1364 4983 διὰ
1401 4932 1552 4983 τοῦτο
1586 4937 1690 5001 γάρ
1726 4952 1791 5002 με

252 5016 389 5068 Υἱὸν
416 5015 504 5066 τοῦ
528 5015 657 5066 Θεοῦ
687 5017 777 5066 τοῦ
805 5018 996 5079 ζῶντος
1029 5021 1476 5089 προσηγόρευσεν·
1511 5023 1537 5070 ὁ
1565 5021 1670 5088 γὰρ
1699 5022 1788 5072 τοῦ

253 5105 459 5167 ζῶντος
491 5104 607 5163 Υἱὸς
633 5103 737 5163 ζῶν
768 5107 850 5154 καὶ
886 5107 1062 5165 αὐτὸς,
1094 5108 1355 5172 ἀτρέπτου
1399 5108 1601 5173 Πατρδς
1631 5110 1791 5177 ἄτρεα

255 5209 396 5252 πτος
440 5192 648 5251 πάντως
689 5191 827 5251 Υἱός·
860 5192 1031 5242 ἔοικεν
1065 5193 1147 5241 ἀεὶ
1191 5196 1327 5243 κατὰ
1382 5195 1556 5244 πάντα
1586 5196 1660 5260 τῷ
1702 5213 1792 5260 γε-

254 5278 539 5346 γεννηκότι
569 5278 625 5326 τὸ
657 5279 914 5344 γέννημα·
949 5281 1038 5327 καὶ
1067 5280 1231 5339 οὕτως
1262 5280 1523 5331 ἀθάνατόν
1564 5300 1627 5348 με
1661 5284 1790 5333 Θεὸν

256 5369 528 5422 ἀθανάτου
577 5368 666 5416 καὶ
707 5367 896 5427 ζῶντος
942 5368 1065 5417 Υἰὸν
1110 5370 1558 5436 προσηγόρευσεν·
1607 5372 1791 5439 ὅτιπερ

260 5458 404 5528 μετὰ
437 5456 621 5524 μικρὸν
655 5458 715 5505 ἂν
745 5456 946 5525 ἀκούσῃ
975 5456 1195 5506 Θάνατον
1227 5461 1316 5507 καὶ
1347 5459 1594 5524 σταυρὸν,
1633 5460 1790 5522 εὐθὺς

257 5550 535 5615 ναρκήσας
566 5544 728 5612 βοὴσῃ
768 5544 954 5609 λέγων’
985 5545 1176 5607 Ἵλεώς
1223 5562 1337 5607 σοι,
1383 5548 1572 5610 Κύριε,
1609 5551 1677 5599 οὐ
1706 5551 1786 5616 μὴ

258 5639 431 5689 ἔσται
467 5650 562 5691 σοι
590 5633 773 5686 τοῦτο.
813 5633 974 5685 Οὔπω
1021 5633 1123 5700 γὰρ
1151 5634 1285 5699 ἔγνω
1316 5636 1407 5701 τῆς
1448 5639 1642 5702 σαρκός
1681 5657 1784 5704 μου

1891 4504 2013 4540 vere
2045 4488 2185 4539 iilius
2220 4495 2299 4538 est
2325 4485 2522 4552 proprii
2560 4484 2748 4551 patris,
2778 4484 2848 4534 ita
2891 4484 3080 4534 Filium
3120 4501 3201 4535 me
3231 4502 3414 4538 verum

1893 4579 2197 4648 praedicavit
2237 4576 2360 4637 Dei;
2405 4583 2465 4626 ut
2495 4572 2838 4639 ipseinitium
2877 4573 3075 4622 habens
3101 4587 3162 4622 ex
3195 4574 3416 4624 habente

1892 4670 2100 4721 initium
2135 4667 2342 4733 genitus
2367 4673 2465 4723 est,
2501 4663 2570 4712 ita
2617 4672 2873 4712 aeternum
2899 4675 2978 4710 me
3009 4658 3198 4710 Filium
3230 4663 3410 4713 aeterni

1893 4758 2065 4810 Patris
2096 4753 2470 4822 proclamavit;
2503 4760 2560 4813 ut
2597 4751 2708 4816 ipse
2734 4748 2969 4800 mortalis”
2993 4749 3056 4800 de
3085 4750 3314 4811 mortali,
3341 4752 3410 4802 ita

1895 4841 2246 4896 immortalem
2274 4853 2356 4890 me
2373 4835 2562 4887 Filium
2583 4837 2646 4887 de
2671 4835 2954 4887 immortali
2970 4834 3411 4891 Patreconlessus

1891 4942 2001 4994 est;
2039 4911 2153 4981 ideo
2174 4928 2314 4978 enim
2340 4940 2422 4977 nte
2447 4923 2637 4976 Filium
2658 4923 2748 4976 Dei
2773 4926 2873 4976 vivi
2897 4927 3260 4992 proclamavit.
3279 4927 3409 4980 Nam

1892 5023 1998 5073 vivi
2026 5018 2194 5070 Patris
2229 5017 2394 5068 Filius
2433 5016 2584 5066 vivus
2608 5023 2663 5068 et
2693 5015 2827 5080 ipse,
2855 5017 3207 5069 immutabilis
3238 5019 3409 5068 Patris

1891 5107 2234 5161 immutabilis
2259 5105 2477 5154 omnino
2526 5102 2711 5157 Filius.
2769 5105 2970 5157 Similis
3017 5120 3220 5171 semper
3246 5116 3327 5158 est
3355 5108 3404 5166 in

1890 5198 2136 5249 omnibus
2180 5194 2406 5260 genitori
2439 5193 2688 5260 genitus;
2738 5204 2787 5246 et
2822 5195 2888 5245 ita
2938 5195 3288 5245 immortalem
3326 5209 3408 5246 me

1891 5290 2052 5339 licunt
2085 5283 2399 5335 immortalis
2416 5282 2586 5334 etviri
2612 5282 2802 5334 Filium
2830 5283 3159 5349 praedicavit.
3191 5281 3338 5345 Quod
3359 5285 3402 5336 si

1889 5376 2033 5428 brevi
2065 5371 2287 5424 audierit
2315 5379 2537 5421 mortem
2565 5380 2615 5422 et
2637 5369 3158 5432 crucem,c0nfestim
3184 5381 3404 5436 stupens

1889 5460 2134 5515 clamabit
2155 5459 2334 5510 dicens
2355 5475 2367 5508 :
2392 5459 2531 5508 Absit
2553 5467 2662 5518 ate,
2694 5459 2924 5514 Domine,
2949 5457 3154 5508 nouerit
3180 5457 3402 5512 tibi/iac.

1889 5549 2129 5601 Nondum
2163 5547 2307 5598 enim
2331 5548 2682 5613 cognoscebat
2707 5545 2882 5596 carnis
2918 5560 3044 5596 mea:
3071 5547 3399 5612 passionem,

1890 5648 1941 5692 et
1969 5633 2180 5705 propter
2213 5635 2314 5690 hoc
2354 5635 2763 5703 increpationem
2808 5648 2836 5684 a
2874 5649 2955 5685 me
2985 5634 3233 5702 recipiet;
3268 5651 3402 5689 non-
