4138 6342
662 359 792 422 1127

1366 355 1750 415 OPUSCULA
1790 351 2413 414 SCRIPTUBISTICA
2452 351 2800 412 INCERTzF.
2828 352 3135 412 ZETATIS.

3731 352 3872 418 1128

661 471 789 520 dum
826 464 1111 519 consilium
1141 461 1313 515 Patris
1345 462 1718 531 cognoscebat,
1757 461 1845 514 sed
1877 462 1950 514 ita
1977 460 2202 512 immor—
2231 471 2284 531 Α

2231 471 2284 531 Λ
2307 457 2365 510 τὸ
2395 458 2581 520 πάθος·
2619 458 2712 510 καὶ
2735 456 2821 507 διὰ
2845 456 2998 509 τοῦτο
3023 457 3462 530 τὴνιέπιτίμησέν
3489 476 3592 526 μου
3623 461 3843 531 δέξηται

663 558 821 611 talem
884 555 1048 608 Deum
1104 568 1186 605 me
1235 555 1528 619 cognOscit.
1570 552 1691 605 Ideo
1742 551 1808 603 de
1866 565 2030 604 carne
2081 564 2201 603 mea

658 647 961 712 passionem
1012 645 1313 711 ambiguam
1344 644 1521 704 habet,
1547 657 1652 694 non
1678 642 1820 694 enim
1864 649 2017 709 putat
2046 639 2204 692 indu-

664 745 900 788 mentum
927 734 1087 787 vitam
1125 735 1357 788 induens
1399 748 1558 802 posse
1610 747 1636 784 a
1690 740 1860 785 morte
1914 731 2199 799 possideri.

661 823 740 876 Ob
768 839 881 876 eam
917 839 1025 876 rem
1054 824 1130 875 illi
1161 838 1287 890 ergo
1324 823 1429 874 dixi
1469 839 1480 874 :
1514 820 1702 872 Beatus
1748 836 1824 881 es,
1894 819 2076 873 Simon
2101 817 2208 869 Bar

657 913 831 978 Jona;
869 913 1244 981 cogitationem
1279 911 1422 965 Petri
1465 911 1759 980 explicans,
1811 911 1916 962 vim
1971 918 2207 976 paternae

660 1005 1000 1058 revolationis
1028 1018 1305 1072 expriiiens
1346 1001 1509 1055 :ldeo
1558 1001 1747 1055 beatus
1773 1015 1853 1064 es,
1884 1002 2009 1069 quia
2061 1000 2205 1055 sicut

658 1105 714 1148 tu
736 1095 881 1148 ﬁlius
905 1092 1076 1158 Jonas,
1101 1095 1174 1146 ita
1197 1104 1250 1146 ct
1273 1107 1360 1146 me
1386 1090 1578 1145 Filium
1611 1091 1910 1161 praedicasti
1934 1091 2127 1154 Patris,
2150 1098 2204 1144 et

655 1187 860 1254 primus
889 1184 1268 1254 erangelizssti
1302 1199 1473 1236 meam
1505 1184 1792 1252 originem,
1839 1181 1980 1248 quod
2012 1195 2203 1249 nempe

653 1275 848 1329 Filium
885 1275 1040 1328 Pater
1074 1275 1304 1328 similem
1355 1273 1457 1327 sibi
1507 1273 1799 1328 secundum
1845 1271 2200 1324 substantiam

653 1362 856 1430 genuit.
881 1359 994 1413 Non
1015 1360 1146 1413 dixit
1163 1358 1689 1426 simpliciter,’,Pater,
1711 1367 1826 1420 aut,
1849 1355 1950 1422 Qui
1970 1356 2022 1408 in
2049 1356 2200 1409 caelis

653 1458 757 1508 est.
791 1449 906 1512 sed,
941 1449 1103 1501 Pater
1157 1464 1321 1512 meus,
1365 1463 1452 1500 tne
1480 1462 1507 1498 a
1533 1447 1808 1500 creatione
1839 1445 2102 1498 eximens.
2139 1442 2200 1496 Et

655 1541 1033 1606 particular-em
1062 1539 1159 1590 mei
1193 1538 1377 1590 dicens
1399 1535 1632 1596 Patrem,
1669 1535 1917 1598 Patrem;
1941 1533 2196 1600 quoniam

655 1628 798 1680 enim
829 1637 880 1678 et
909 1627 1186 1678 hominum
1223 1624 1382 1677 Pater
1407 1626 1545 1677 Deus
1583 1620 1894 1674 nominatus
1917 1629 2036 1674 est:
2067 1622 2199 1674 dicit

655 1718 798 1768 enim
850 1717 1101 1782 propheta
1147 1729 1162 1766 :
1213 1712 1399 1765 Nonne
1463 1712 1623 1764 Pater
1677 1711 1907 1762 omnium
1965 1719 2197 1762 nostrum

2309 547 2463 600 οὔπω
2520 549 2616 615 τὴν
2668 549 2980 616 οἰκονομίαν
3028 546 3169 614 ἔγνω
3224 548 3323 617 τὴν
3383 550 3694 619 πατρικὴν,
3750 550 3871 604 ἀλλ’

2307 637 2481 699 οὓτως
2541 637 2807 690 ἀθάνατόν
2864 652 2931 706 με
2999 635 3254 704 γινώσκει
3313 636 3464 690 Θεόνο
3519 641 3706 709 ὅτιπερ
3772 644 3865 694 καὶ

2308 730 2434 798 περὶ
2467 729 2563 797 τῆς
2591 728 2792 795 σαρκὸς
2821 727 2920 795 τῆς
2952 727 3088 795 ἐμῆς
3117 726 3414 794 ἀμφίϐολον
3441 728 3552 796 ἔχει
3581 730 3640 781 τὸ
3666 715 3861 793 πάθος·

2305 820 2365 870 ού
2395 820 2501 888 γὰρ
2557 819 2764 886 νομίζει
2828 821 2924 884 τὴν
2975 818 3079 870 ὑπὸ
3125 817 3268 886 ζωῆς
3319 820 3624 888 φερομένην
3669 822 3864 888 στολὴν

2305 909 2560 961 δύνασθαι
2601 911 2810 979 Θανάτῳ
2841 908 3172 978 κρατεῖσῦαι·
3205 908 3289 960 διὰ
3334 909 3493 960 τοῦτο
3520 910 3653 979 πρὸς
3701 912 3864 964 αὑτὸν

2305 996 2455 1054 εἶπον
2485 1003 2628 1070 ὲγὼ-
2659 1002 2955 1069 Μακάριος
3001 998 3072 1065 εἴ,
3124 1003 3319 1070 Σίμων
3350 1003 3473 1070 ,βὰρ
3528 1003 3710 1058 Ἰωνᾶ·
3764 1004 3862 1074 τὴν

2303 1093 2510 1144 ἔννοιαν
2542 1093 2902 1164 ἐξηγούμενος
2942 1093 3167 1160 Πέτρου,
3218 1093 3314 1162 τὴν
3360 1093 3586 1163 δύναμιν
3628 1097 3725 1161 τῆς
3755 1109 3860 1148 πα-

2299 1183 2493 1252 τρικῆς
2524 1181 2918 1251 ἀποκαλύψεως
2943 1181 3185 1251 φράζων
3212 1182 3298 1234 διὰ
3325 1181 3477 1235 τοῦτο
3499 1183 3759 1253 μακάριος
3788 1179 3856 1245 εί,

2300 1277 2487 1342 ὅτιπερ
2526 1275 2600 1334 ὡς
2658 1276 2721 1327 σὺ
2770 1275 2881 1336 υἱὸς
2933 1273 3027 1326 τοῦ
3089 1273 3276 1339 Ἰωνᾶ,
3329 1274 3502 1336 οὕτως
3535 1275 3675 1344 κάμὲ
3726 1277 3857 1328 Υίὸν

2300 1363 2742 1432 προσηγόρευσας
2763 1361 2856 1413 τοῦ
2889 1361 3118 1431 Πατρὺς,
3146 1363 3243 1415 καὶ
3274 1363 3487 1431 πρῶτος
3523 1364 3859 1431 εύηγγελίσω

2297 1456 2396 1521 τὴν
2423 1454 2621 1506 κτίσινο
2656 1453 2846 1523 ὅτιπερ
2877 1453 3006 1506 Υῐὺν
3033 1455 3062 1505 6
3092 1453 3275 1525 Πατὴρ
3317 1455 3502 1524 ὅμοιον
3539 1455 3685 1524 αὐτῷ
3733 1455 3855 1506 κατ’

2296 1545 2484 1600 οὐσίαν
2513 1545 2787 1614 ἐγέννησε.
2827 1545 2939 1596 Οὐκ
2981 1539 3134 1597 εἶπεν
3161 1543 3344 1610 ἁπλῶς
3370 1562 3384 1576 ·
3427 1545 3485 1597 '0
3526 1547 3711 1616 Πατὴρ
3738 1548 3766 1598 6
3796 1549 3853 1598 ὲν

2294 1638 2404 1696 τοῖς
2429 1636 2692 1704 οὐρανοῖς,
2719 1634 2856 1699 ἀλλ’,
2903 1634 2955 1687 '0
2979 1634 3175 1703 Πατήρ
3192 1653 3332 1704 μου,
3360 1636 3662 1706 ὑπεξαίρων
3690 1638 3856 1706 ἐμαυ-

2297 1725 2386 1774 τὸν
2415 1724 2511 1791 τῆς
2543 1726 2790 1788 κτίσεως⁸
2825 1724 2918 1777 καὶ
2972 1725 3102 1778 ἴδιόν
3142 1741 3242 1793 μου
3274 1726 3448 1792 λέγων
3484 1727 3722 1794 Πατέρα,
3758 1733 3853 1779 τον

659 1800 839 1851 Deus?
870 1799 994 1852 ideo
1029 1798 1404 1866 particularetn
1455 1798 1558 1851 mei
1600 1796 1810 1850 Patrem
1855 1797 2191 1866 compellari,
2225 1800 2273 1854 Β

2225 1800 2273 1854 Β
2300 1814 2532 1881 Πατέρα.
2579 1815 2796 1883 Ἐπειδὴ
2822 1815 2926 1883 γὰρ
2963 1815 3058 1868 καὶ
3105 1815 3404 1884 ἀνθρώπων
3433 1817 3624 1886 Πατὴρ
3662 1819 3690 1868 6
3721 1817 3852 1878 Θεὸς

657 1897 905 1953 tanquam
956 1886 1165 1940 Patrem
1218 1903 1322 1941 non
1368 1887 1660 1942 secundum
1717 1887 1962 1957 gratiam,
1995 1887 2086 1940 sed
2114 1901 2199 1941 sc-

657 1980 891 2031 cundnm
929 1989 1196 2033 naturam.

727 2243 883 2298 \‘sss.
941 2245 1026 2297 18.
1072 2243 1368 2315 Resipisco,
1430 2245 1575 2309 Arie,
1609 2255 1663 2301 et
1726 2247 1886 2316 paulo
1927 2263 1958 2302 a
2014 2247 2193 2302 furore

655 2350 874 2402 quiesce
909 2354 920 2388 :
951 2336 1234 2403 ροειιοεεὶε
1269 2335 1440 2389 Patris
1467 2337 1788 2404 potentiam,
1822 2338 1940 2391 vide
1977 2348 2030 2391 et
2066 2337 2192 2391 Filii

654 2427 1030 2479 auctoritatem
1069 2465 1084 2488 ,
1121 2425 1188 2478 Et
1238 2442 1328 2494 ego
1374 2426 1489 2488 dico
1533 2427 1648 2478 tibi.
1689 2428 1752 2480 Et
1794 2443 1894 2496 ego
1928 2445 1941 2481 :
1970 2438 2027 2481 ut
2069 2445 2192 2492 eum

654 2516 977 2567 auctoritate
1000 2516 1257 2568 revelavit
1287 2515 1464 2581 Pater,
1499 2517 1570 2569 ita
1600 2526 1654 2569 et
1686 2532 1783 2582 ego
1815 2531 1938 2570 cum
1961 2522 2195 2572 auctori-

656 2613 764 2656 tate
801 2604 980 2657 revelo
1022 2605 1310 2672 meipsum.
1345 2604 1410 2658 Et
1442 2622 1532 2677 ego
1560 2606 1675 2658 dico
1728 2606 1843 2671 tibi,
1889 2608 1989 2661 iste
2038 2609 2193 2673 dixit,

659 2709 765 2747 non
800 2693 950 2746 illud.
991 2692 1055 2744 Et
1085 2709 1184 2762 ego
1215 2696 1336 2747 dtco
1370 2696 1460 2748 tibi
1493 2695 1619 2748 illud
1647 2697 1771 2764 quia
1800 2705 1854 2748 tu
1878 2712 1936 2749 es
1961 2697 2193 2752 Petrus:

657 2795 712 2837 ut
752 2784 1055 2852 praedicasti
1092 2787 1158 2839 de
1199 2801 1282 2838 me
1313 2787 1583 2855 propriam
1618 2797 1669 2840 et
1702 2787 1910 2840 ﬁrmam
1943 2788 2194 2842 divinita-

653 2884 782 2940 tem,
836 2876 912 2928 ita
955 2887 1009 2928 et
1045 2891 1143 2945 ego
1175 2878 1406 2944 praedico
1444 2887 1545 2930 tute
1585 2876 1942 2931 confessionis
1975 2879 2196 2931 firmita-

653 2977 781 3022 tem.
825 2967 900 3021 Ex
929 2969 1009 3022 his
1037 2985 1153 3038 quae
1182 2968 1390 3035 dixisti,
1424 2970 1836 3038 appellationem
1879 2969 2084 3038 accipe.

719 3147 888 3215 Super
939 3159 1070 3203 hanc
1122 3161 1321 3219 petram
1370 3153 1634 3220 aediﬁcabo
1692 3152 1978 3206 Ecclesium
2006 3161 2217 3217 meam,‘

655 3241 705 3290 in
733 3240 1070 3293 confessione
1091 3243 1254 3294 dicit;
1279 3251 1478 3308 petram
1503 3252 1680 3296 autem
1715 3243 1847 3296 dicit
1881 3246 2007 3310 quia
2042 3238 2193 3295 ﬁrma

655 3337 738 3379 est
763 3329 886 3380 talis
922 3328 1083 3391 ﬁdes;
1141 3330 1430 3382 Ecolesiam
1479 3322 1605 3382 vero
1646 3338 1801 3382 vocat
1854 3331 1979 3396 quia
2040 3332 2194 3383 multi

656 3415 874 3465 credere
904 3414 1120 3464 debent.

725 3501 863 3563 Quid
899 3501 1060 3562 dicis,
1109 3502 1274 3554 Arie?
1303 3502 1430 3570 quid
1460 3502 1615 3566 dicis,
1654 3501 1956 3562 Eunomie‘l
1997 3503 2195 3571 zEdi/i-

655 3590 780 3643 tabo
825 3590 1114 3643 Ecclesium
1155 3608 1340 3654 meam,
1378 3594 1552 3660 inquit
1583 3594 1877 3658 Christus;
1903 3608 2008 3647 non
2031 3596 2192 3660 dixit,

658 3680 958 3734 JEdiﬁcabo
997 3682 1172 3736 Patris
1209 3681 1529 3738 Ecclesiam.
1581 3680 1776 3739 Nescis
1822 3687 2194 3740 auctoritatem

657 3769 798 3832 Filii,
838 3773 1016 3824 ltOSt'iS
1044 3781 1366 3839 potestatem
1397 3771 1630 3839 Domini,
1661 3787 1786 3827 ecce
1819 3774 1984 3827 Filius
2013 3773 2197 3828 Eccle-

656 3864 786 3914 siam
831 3860 1071 3929 possidet
1124 3862 1292 3915 solus.
1344 3861 1418 3915 Da
1461 3863 1594 3915 mihi
1648 3863 1822 3918 Patris
1859 3861 2193 3929 Ecclesiam;

655 3968 840 4007 exsors
863 3962 942 4006 est
966 3951 1215 4006 Ecclesiae
1239 3950 1421 4015 Pater,
1446 3953 1700 4007 exclusus
1726 3941 2053 4007 ab'Ecclesia
2091 3954 2194 4008 Pa-

657 4055 767 4107 ter;
803 4045 903 4096 nisi
931 4061 1032 4095 una
1071 4045 1140 4096 sit
1164 4043 1464 4097 substantia
1492 4042 1666 4099 Patris
1696 4054 1748 4098 et
1773 4043 1928 4111 Filii;
1952 4061 2058 4098 non
2098 4043 2195 4099 Ec-

656 4136 818 4187 clesia
861 4149 963 4185 una
1003 4132 1182 4185 Patris
1207 4142 1260 4184 et
1289 4133 1405 4184 Filii
1435 4142 1538 4198 est,
1569 4135 1838 4200 quomodo
1867 4133 1983 4186 Filii
2011 4136 2197 4187 Eccle-

658 4225 750 4274 size
778 4222 1121 4288 partiripabit
1171 4219 1367 4271 Pater?
1423 4221 1692 4285 Attamen,
1737 4223 1781 4274 si
1818 4221 2040 4274 inferior
2068 4225 2196 4275 sub-

658 4311 853 4363 stantia
903 4319 1044 4360 esset
1072 4309 1242 4361 Filius
1281 4317 1334 4360 et
1376 4309 1702 4361 auctoritate
1727 4311 1990 4376 privatus,
2020 4325 2197 4363 nonne

2297 1902 2603 1971 ὠνομάζετο
2635 1902 2813 1970 (λέγει
2876 1905 2974 1972 γὰρ
3029 1903 3057 1953 6
3102 1905 3401 1972 προφήτης·
3455 1907 3597 1972 οὐχί
3653 1907 3855 1972 Πατὴρ

2297 1993 2537 2044 πάντων
2575 1991 2742 2060 ἡμῶν
2775 1995 2807 2046 ό
2836 1993 3058 2060 Θεός;),
3112 1994 3198 2046 διὰ
3247 1993 3403 2046 τοῦτο
3436 1994 3565 2046 ἴδιόν
3609 2011 3712 2063 μου
3743 1998 3855 2047 Πα-

2299 2083 2433 2150 τέρα
2466 2085 2758 2152 προσεῖπον
2804 2083 2892 2135 τὸν
2930 2082 3080 2144 Θεὸν,
3112 2083 3185 2144 ὡς
3210 2082 3338 2135 ὄντα
3372 2084 3608 2154 Πατέρα,
3643 2086 3742 2153 οὐχ
3776 2085 3854 2148 ὡς

2296 2172 2438 2225 κατὰ
2465 2174 2621 2240 χάριν
2657 2172 2895 2240 Πατέρα,
2923 2171 3037 2224 ἀλλ’
3060 2171 3133 2235 ὡς
3161 2171 3300 2224 κατὰ
3335 2173 3517 2241 φύσιν.

2395 2263 2602 2332 Νῆῲον,
2632 2265 2836 2334 Ἀρειε,
2872 2266 2966 2316 καὶ
2990 2265 3182 2334 μικρὸν
3213 2269 3311 2336 τῆς
3335 2265 3530 2335 μανίας
3559 2266 3848 2334 ἀπόστηθυ

2296 2350 2429 2416 εἶδες
2470 2354 2674 2423 Πατρὸς
2728 2354 2992 2420 ἐξουσίαν’
3025 2353 3189 2422 βλέπε
3219 2354 3313 2407 καὶ
3361 2354 3489 2408 Υίοῦ
3541 2356 3848 2408 αύθεντίαν.

2293 2446 2462 2512 Κάγὼ
2502 2445 2567 2496 δέ
2600 2461 2706 2497 σοι
2763 2447 2935 2512 λέγω.
3003 2445 3189 2513 Κάγώ.
3246 2447 3332 2508 Ὠς
3397 2446 3535 2517 μετὰ
3568 2447 3853 2508 αύθεντίας

2294 2534 2638 2600 ἀπεκάλυψεν
2670 2535 2697 2585 6
2735 2534 2942 2603 Πατὴρ,
2995 2533 3167 2596 οὕτως
3217 2535 3371 2602 κάγὼ
3404 2539 3521 2602 μετ’
3557 2537 3848 2596 αύθεντίας

2295 2624 2659 2675 ἀποκαλύπτω
2696 2623 2754 2674 τὸ
2791 2629 2891 2692 μέ·
2948 2623 3117 2692 Κάγὼ
3153 2624 3221 2676 δέ
3273 2639 3373 2678 σοι
3422 2626 3595 2695 λέγω,
3643 2629 3853 2687 ἐκεῖνος

2294 2710 2464 2777 εἶπεν,
2493 2715 2552 2764 ού
2591 2713 2768 2765 τοῦτο’
2805 2713 2958 2779 κάγὼ
2987 2714 3042 2766 δέ
3082 2731 3163 2766 σοι
3208 2716 3351 2781 λέγω
3381 2717 3554 2778 τοῦτο,
3588 2718 3666 2768 ὅτι
3702 2717 3766 2768 σὺ
3803 2718 3855 2777 et

2295 2801 2516 2869 Πέτρος·
2551 2800 2624 2861 ὼς
2676 2800 2944 2869 ὲκήρυξάς
2992 2818 3092 2870 μου
3141 2802 3201 2855 τδ
3255 2803 3384 2855 ἴδιον
3432 2805 3526 2858 καὶ
3556 2805 3853 2858 ἀσάλευτον

2293 2895 2388 2958 τῆς
2435 2890 2706 2960 θεότητος,
2757 2889 2924 2953 οὕτως
2976 2893 3129 2960 κάγὼ
3186 2893 3439 2962 κηρύττω
3486 2912 3578 2948 σου
3635 2896 3695 2946 τὸ
3748 2895 3851 2961 τῆς

2293 2983 2575 3050 ὁμολογίας
2600 2983 2910 3035 ἁτάλεύτον·
2946 2983 3004 3048 ἐξ
3027 2975 3099 3036 ὧν
3124 2980 3302 3048 εἴπας,
3347 2985 3444 3056 τὴν
3474 2985 3850 3056 προσηγορίαν

2300 3073 2542 3141 κομίζου-

2378 3165 2446 3213 Τὸ
2490 3163 2618 3216 Ἐπὶ
2653 3166 2834 3229 ταύτῃ
2855 3167 3037 3231 πέτρᾳ
3056 3166 3422 3233 οἰκοδομήσω
3437 3184 3555 3234 μου
3581 3166 3694 3231 τὴν
3727 3166 3854 3218 Ἐκ-

2304 3255 2587 3316 κλησίαν,
2611 3257 2700 3306 ἐπὶ
2721 3261 2785 3326 τῇ
2817 3257 3072 3326 ὁμολογίᾳ⁵
3089 3257 3254 3324 λέγει⁹
3287 3258 3490 3326 πέτραν
3507 3257 3563 3309 δὲ
3599 3258 3745 3323 λέγει
3762 3258 3854 3308 διὰ

2301 3343 2360 3392 τὸ
2388 3345 2617 3411 στερρὰν
2664 3341 2803 3397 εἶναι
2834 3348 2930 3414 τὴν
2971 3346 3221 3415 τοιαύτην
3253 3347 3453 3398 πίστιν·
3518 3347 3849 3414 Ἐκκλησίαν

2301 3429 2357 3479 δὲ
2387 3427 2535 3480 εἶπεν
2562 3433 2644 3482 ὅτι
2676 3433 2856 3485 πολλοὶ
2889 3434 3169 3500 μέλλουσιν
3202 3434 3446 3484 πιστεύει

2372 3518 2434 3567 Τί
2481 3518 2677 3584 λέγεις,
2711 3520 2930 3590 ’Λρειες
2975 3521 3024 3571 τί
3062 3521 3258 3586 λέγεις.
3308 3521 3568 3588 Εὐνόμιε;
3604 3520 3846 3572 Οἰκοδο-

2295 3604 2469 3674 primo
2488 3623 2605 3674 μου
2647 3608 2758 3674 τὴν
2812 3609 3193 3676 Ἐκκλησίαν,
3221 3604 3370 3661 εἶπεν
3401 3611 3428 3661 6
3459 3611 3706 3678 Χριστός·
3741 3612 3849 3662 οὐκ

2301 3693 2471 3750 εἶπεν·
2529 3699 2872 3769 Οἰκοδομήσω
2908 3702 3005 3769 τὴν
3052 3700 3146 3753 τοῦ
3208 3700 3418 3768 Πατρδς
3495 3702 3845 3769 Ἐκκλησίαν.

2302 3781 2455 3846 Εἶδες
2511 3787 2795 3840 αύθεντίαν
2854 3788 3002 3854 Υίοῦ,
3063 3785 3202 3852 εἶδες
3256 3787 3502 3852 ἐξουσίαν
3554 3792 3849 3845 Δεσπότουο

2304 3877 2410 3928 ἰδοὺ
2438 3880 2466 3931 ὁ
2495 3879 2620 3940 Υἱὸς
2659 3879 2980 3950 Ἐκκλησίαν
3010 3882 3268 3950 κέκτηται
3304 3883 3482 3950 μόνοςο
3514 3881 3598 3944 δός
3634 3901 3722 3949 μοι
3750 3882 3853 3952 τὴν

2299 3967 2392 4038 τοῖς
2408 3969 2610 4038 Πατρὸς
2627 3971 2966 4040 Ἐκκλησίαν
2987 3971 3205 4040 ἄμοιρος
3226 3973 3255 4024 6
3279 3971 3463 4040 Πατὴρ
3501 3970 3852 4039 Ἐκκλησίας⁶

2301 4058 2563 4126 ἀκτήμων
2614 4061 2640 4109 6
2684 4060 2870 4127 Πατὴρ
2925 4060 3265 4126 Ἐκκλησίας·
3316 4062 3363 4110 εἱ
3424 4063 3496 4127 μὴ
3548 4061 3642 4128 μία
3688 4061 3852 4112 οὐσία

2304 4147 2510 4212 Πατρδς
2543 4148 2636 4198 καὶ
2677 4147 2826 4209 Υίοῦ,
2877 4147 2996 4198 οὐδὲ
3037 4149 3334 4216 Ἐκκλησία
3373 4150 3471 4215 μία
3504 4150 3709 4216 [la-:96;
3749 4153 3854 4203 καὶ

2307 4232 2456 4295 Υἱοῦ,
2491 4235 2604 4293 πῶς
2637 4233 2765 4284 Υίοῢ
2809 4238 3125 4301 κοινωνήσει
3166 4239 3231 4302 τῇ
3276 4235 3568 4305 Ἐκκλησία
3615 4239 3850 4305 Πατήρς

2306 4321 2493 4371 Καίτοι
2517 4323 2562 4371 εί
2587 4321 2895 4384 ύπεξούσιος
2918 4317 2983 4389 ἦν
3007 4323 3033 4372 6
3058 4321 3181 4383 Υίὸς
3205 4323 3295 4372 καὶ
3319 4327 3523 4391 γυμνὸς
3543 4325 3851 4386 αὑϐεντίας,

658 4398 846 4451 dehuit
881 4398 1059 4450 dicere
1087 4414 1099 4450 :
1137 4396 1438 4451 Ediﬁcabo
1471 4397 1648 4452 Patris
1681 4398 2009 4452 Ecclesiani?
2037 4400 2196 4455 Vides
2229 4437 2272 4491 υ

2229 4437 2272 4491 D
2301 4410 2400 4460 οὐκ
2452 4409 2676 4477 ὠφειλεν
2715 4412 2882 4462 εἰπεῖν
2912 4428 2925 4440 ·
2966 4413 3310 4481 Οἰκοδομήσω
3354 4415 3452 4482 τὴν
3495 4414 3586 4466 τοῦ
3636 4417 3855 4484 Πάτρὸς

660 4499 738 4551 ιιι,
773 4490 815 4542 si
848 4490 968 4556 quis
1003 4489 1181 4542 verbis
1233 4490 1449 4552 hmreat,
1487 4504 1657 4556 neque
1696 4505 1821 4542 snas
1851 4491 2200 4558 cogitationes

658 4589 935 4647 sequatur,
971 4579 1020 4630 in
1051 4577 1368 4647 prwcipitia,
1391 4579 1529 4631 sicut
1546 4587 1621 4643 tu,
1644 4588 1695 4631 et
1723 4579 1772 4629 in
1795 4578 2016 4646 abyssos
2036 4583 2196 4632 cadit.

730 4760 904 4813 Porta:
932 4762 1085 4829 inferi
1128 4780 1226 4815 non
1261 4764 1609 4829 praevalebunt
1663 4764 1904 4815 adversus
1948 4779 2084 4825 eam,
2135 4764 2200 4816 de

660 4852 945 4910 mortibus,
974 4860 1029 4902 ut
1052 4855 1266 4918 opinor,
1287 4856 1416 4905 dicit
1445 4856 1604 4906 illatis
1629 4856 1694 4906 ab
1728 4854 1989 4905 haereticis
2011 4862 2062 4902 et
2088 4852 2200 4901 ido-

660 4939 872 4990 lolatris
929 4943 1264 4992 credentium
1296 4945 1632 5010 corporibus,
1685 4960 1855 5012 neque
1903 4942 2199 4995 valentibus

659 5031 860 5084 aliunid
900 5029 1096 5092 facere,
1143 5041 1234 5081 aut
1263 5033 1519 5084 adversus
1558 5050 1650 5086 eos
1677 5035 2106 5102 praevalentibus.

729 5209 892 5264 Vsus.
927 5210 1008 5262 19.
1039 5210 1148 5262 Cnr
1179 5210 1328 5274 dicit,
1363 5208 1428 5260 Et
1459 5227 1548 5278 ego
1591 5209 1678 5264 tibi
1704 5215 1840 5280 dabo
1866 5215 2030 5267 claves
2058 5215 2198 5281 regni

658 5300 946 5352 cwlorum?
981 5298 1222 5352 Similem
1256 5315 1312 5351 se
1349 5300 1493 5352 Patri
1534 5304 1838 5354 ostendens.
1866 5302 1933 5355 Ut
1967 5305 2084 5362 istc,
2114 5301 2197 5352 di-

659 5392 750 5450 cit,
785 5391 930 5441 dedit
967 5391 1166 5442 donum
1211 5389 1572 5443 confessionis
1618 5391 1798 5456 istius,
1829 5397 1907 5447 sie
1944 5409 2040 5460 ego
2086 5394 2197 5444 sol-

668 5483 821 5532 vendi
854 5493 904 5533 et
939 5482 1132 5551 ligandi
1167 5483 1364 5536 donum
1407 5500 1419 5533 :
1465 5498 1570 5535 non
1619 5484 1758 5534 enim
1793 5486 1923 5537 dixit
1965 5503 1976 5536 :
2018 5484 2196 5536 Advo-

662 5584 788 5620 cans
822 5573 976 5621 tl.-.l'0.

740 5658 892 5713 Vens.
923 5662 1006 5715 21.
1044 5663 1242 5719 Exinde
1271 5669 1420 5718 cervi!
1451 5664 1604 5718 Iesus
1639 5669 1902 5722 ostendere
1925 5671 2036 5724 illis
2067 5668 2190 5723 auia

2314 4499 2662 4567 Ἐκκλησίανς
2711 4500 2869 4569 Ὁρᾷς
2898 4500 2969 4562 ὡς
3007 4499 3059 4551 εἴ
3093 4517 3172 4563 τις
3202 4502 3439 4553 δουλεύει
3463 4505 3579 4566 ταῖς
3617 4502 3857 4570 λέξεσιν,

2301 4590 2388 4640 καὶ
2435 4593 2507 4660 μὴ
2537 4595 2645 4652 τοῖς
2701 4592 3069 4660 ὲνίιυμήμασιν
3117 4594 3325 4658 ἕπεται,
3380 4595 3512 4664 πρὸς
3546 4598 3858 4665 κρημνοὶκ,

2301 4681 2545 4748 καθάπερ
2575 4683 2662 4744 σὺ,
2696 4683 2881 4733 πίπτει
2911 4684 3004 4734 καὶ
3034 4682 3296 4752 βάραθρα.
3413 4667 3415 4669 Ι

2381 4771 2472 4832 Τὸ,
2505 4774 2693 4823 Πύλαι
2727 4772 2871 4836 ᾅδου
2913 4775 2982 4824 οὐ
3030 4776 3506 4839 κατισχύσουσιν
3533 4774 3735 4841 αὐτῆς,
3765 4775 3860 4839 ὡς

2301 4859 2559 4926 ἠγοῦμαι,
2589 4861 2712 4920 τοὺς
2746 4861 3004 4918 θανάτους
3034 4859 3178 4924 λέγει
3200 4863 3322 4921 τοὺς
3352 4861 3436 4913 διὰ
3452 4866 3561 4914 τῶν
3585 4866 3860 4932 αἱρέσεων

2301 4951 2391 5000 καὶ
2425 4951 2817 5019 εἰδωλολατρῶν
2853 4951 3274 5017 ἐπιφερομένους
3306 4953 3529 5006 ἐπὶτῶν
3566 4956 3858 5006 πιστευόνκ

2300 5055 2404 5088 των
2453 5041 2517 5090 τὰ
2565 5040 2808 5106 σώματα,
2837 5040 2928 5090 καὶ
2969 5039 3042 5105 μὴ
3091 5039 3420 5107 ἰσχυσάντων
3453 5059 3504 5094 τι
3548 5043 3765 5110 ποιῆσαι
3815 5044 3854 5111 ἢ

2302 5133 2615 5200 κατισχῦσαι
2647 5134 2838 5187 αὐτῶν.

2385 5221 2481 5272 Διὰ
2528 5224 2577 5272 τί
2627 5223 2794 5288 λέγει,
2835 5224 2938 5275 Καὶ
2985 5223 3097 5290 ἐγὼ
3145 5222 3210 5273 δέ
3256 5240 3352 5275 σοι
3390 5224 3496 5289 τὰς
3540 5223 3701 5287 κλεῖς
3734 5224 3853 5274 τοῦ

2299 5312 2593 5376 οὐρανοῦ;
2634 5315 2853 5380 Ὂμοιον
2892 5315 3080 5364 ἑαυτὸν
3126 5313 3334 5376 δεικνὺς
3373 5315 3449 5384 τῷ
3496 5316 3682 5383 Πατρί.
3749 5313 3851 5372 Ὠς

2300 5401 2520 5461 ἐκεῖνος,
2554 5403 2734 5468 φησιν,
2759 5403 2922 5452 ἔδωκε
2951 5403 3008 5453 τὺ
3048 5404 3286 5470 χάρισμα
3315 5405 3409 5472 τῆς
3429 5403 3678 5469 γνώσεως
3713 5401 3851 5451 ταύι·

2299 5509 2411 5557 της,
2435 5493 2600 5551 οὕτως
2632 5491 2738 5556 ἐγὼ
2764 5495 2820 5542 τὸ
2850 5493 2990 5543 λύειν
3021 5497 3109 5545 καὶ
3134 5497 3365 5562 δεσμεῖν⁹
3398 5498 3495 5546 οὐκ
3525 5494 3674 5545 εἶπεν
3706 5493 3845 5560 γάρ·

2299 5581 2546 5650 Παρακα)
2561 5584 2682 5642 ἐσας
2712 5581 2881 5635 δώσω,

2382 5671 2517 5722 Ἀπὸ
2549 5674 2674 5723 εἴτε
2709 5671 2764 5736 ἡ]
2783 5673 2918 5734 ξατο
2953 5678 2980 5728 ό
3025 5678 3259 5742 Ἰησοῦς
3301 5677 3591 5729 δεικνύειν
3632 5674 3846 5737 αὐτοῖς
