4138 6342
280 258 415 337 1129

1249 256 1568 319 SCIIOLIA
1609 254 1901 317 VETERA
1942 257 2035 317 IN
2061 256 2520 321 MA'I'TII.‘EUM.

3329 256 3346 316 ί
3364 256 3457 319 130

278 372 365 424 ὅτι
395 367 490 421 δεῖ
529 366 713 421 αὑτὸν
747 367 944 421 πολλὰ
990 365 1217 418 παθεῖν.
1279 366 1411 417 Ἀπὸ
1456 364 1599 429 τότε,
1659 363 1819 428 πότες

1926 375 2121 435 oportet
2156 383 2272 420 eum
2298 366 2465 418 multa
2496 346 2609 433 pati
2642 378 2661 417 :
2688 363 2928 433 quando,
2969 362 3203 419 exinde?
3234 363 3459 429 Quando

279 460 409 513 Ὅτι
437 456 636 528 ἔπηξεν
669 458 727 508 ὲν
759 458 941 519 αὐτοῖς
965 456 1026 508 τὸ
1064 455 1235 523 δόγμα
1265 454 1326 507 τδ
1353 454 1533 525 ὀρθόν·
1580 453 1825 522 ἐνόμιζον

278 548 385 618 γὰρ
413 546 591 615 ⁴πολλῷ
621 545 826 615 βέλτιον
849 544 910 598 τὸ
942 545 1017 615 μὴ
1046 545 1333 598 ἀποθανεῖν
1361 544 1543 597 αὐτόν.
1622 560 1626 563 ‘

369 639 462 703 Τὸ,
531 634 990 705 Ἁπαρνησάσθω
1052 634 1286 699 ἑαυτὸν,
1347 633 1586 686 τοιοῦτόν
1654 634 1819 684 ἐστιν⁶

278 730 507 799 Ὠσπερ.
535 728 717 798 φησὶν,
752 726 937 793 ἑτέρου
968 726 1322 795 τυπτομένου,
1356 724 1389 793 ἦ
1422 724 1521 793 τὴν
1583 724 1677 775 ἐπὶ
1718 723 1817 775 οα-

276 823 421 890 νὶτῳ
465 820 732 889 ἀγομένου
778 821 811 890 ἢ
847 816 1256 887 μαστιζομένου,
1312 818 1410 869 οὐκ
1452 804 1538 868 ἀεὶ
1558 817 1823 884 παριστά-

189 901 194 903 ’
282 913 438 983 μεοα,
464 910 525 964 οὐ
561 906 881 981 βοηθοῖψεν,
924 908 985 960 οὐ
1018 907 1211 976 πάσχει
1258 924 1310 960 τι
1341 905 1478 976 πρὸς
1509 905 1669 957 αὐτὸν
1698 921 1824 956 τοσο

278 1002 433 1056 οὖτον
478 1002 508 1055 6
534 1001 698 1071 δρῶν,
722 999 865 1053 οὕτω
890 999 1009 1052 οὐδὲ
1053 1000 1137 1067 ἐφ’
1171 997 1400 1059 ἑαυτῶν,
1452 994 1555 1048 κᾶν
1584 993 1821 1047 ὲλαυνὼο

282 1092 442 1162 μσθα,
469 1090 569 1144 κᾶν
596 1090 936 1161 θνήσκωμεν,
963 1088 1044 1141 δεῖ
1075 1089 1219 1159 ἡμᾶς
1252 1084 1444 1142 πολλοῦ
1470 1085 1627 1152 λόγον
1656 1085 1824 1135 ποιεῖ-

281 1181 403 1236 σθαι
424 1181 649 1237 τούτων.

347 1272 440 1337 Τὸ,
500 1271 708 1340 Ἅρὰτω
750 1270 859 1325 τὸν
904 1270 1171 1338 σταυρὸν
1198 1267 1382 1322 αὐτοῦ
1427 1266 1523 1320 καί
1569 1267 1825 1319 ἀκολου-

278 1363 447 1415 θείτω
471 1380 594 1431 μοι,
631 1362 722 1414 τὸν
747 1361 971 1416 θάνατον
999 1360 1168 1428 λέγει,
1201 1360 1293 1413 καὶ
1322 1358 1551 1411 θάνατον
1584 1355 1674 1409 τὸν
1727 1357 1823 1406 ἐπ-

279 1451 588 1504 ανείδιστον.

363 1539 456 1604 Τδ,
507 1542 611 1606 Ὃς
658 1539 734 1595 ἂν
765 1541 910 1609 θέλῃ
964 1538 1077 1606 τὴν
1123 1538 1335 1608 ψυχὴν
1383 1537 1568 1591 αὑτοῦ
1609 1536 1819 1601 σῶσαι,

1925 458 2039 510 lixit
2070 457 2121 510 in
2153 457 2234 511 eis
2262 455 2459 526 dogma
2497 464 2743 521 rectum;
2777 454 3038 525 putabant
3091 456 3235 509 enim
3292 458 3460 509 tnulto

1925 545 2117 599 melius
2142 558 2263 599 esse
2295 546 2447 598 illum
2475 560 2582 599 non
2611 544 2770 598 mori.

1996 632 2163 688 Vsus.
2194 635 2281 688 24.
2320 633 2479 697 lllud,
2531 635 2757 704 Abneget
2803 633 3152 701 sentetipsum,
3190 634 3295 687 tale
3333 643 3413 687 est
3445 649 3458 684 :

1925 721 2096 786 Sicut,
2119 723 2311 792 inquit,
2333 723 2484 776 alteri
2508 738 2785 791 percusso,
2823 722 2995 776 autad
3018 732 3243 775 mortem
3276 723 3458 784 ducto,

1924 824 2014 866 aut
2045 812 2331 882 ﬂagellato,
2360 828 2466 866 non
2499 826 2711 878 semper
2733 811 3123 872 succurrimus,
3150 827 3255 863 non
3286 812 3457 875 opitu-

1924 904 2119 966 lamur,
2167 916 2274 956 non
2320 901 2499 955 omnis
2539 901 2630 970 qui
2666 901 2809 952 videt
2841 899 2966 953 talia
3001 899 3197 967 patitur
3227 913 3320 966 pro
3349 899 3459 959 illo,

1923 994 2002 1048 sic
2022 1007 2192 1062 neque
2222 1007 2322 1046 nos
2352 992 2404 1045 in
2439 991 2615 1054 nobis,
2646 991 2768 1045 licet
2797 990 3150 1057 expcllamur,
3185 990 3306 1043 licet
3343 1004 3451 1041 me-

1925 1083 2150 1146 riatnur,
2182 1089 2396 1151 oportet
2427 1080 2579 1134 multi
2614 1079 2789 1135 facere
2822 1080 2969 1133 talia.

1999 1264 2168 1318 Tollat
2198 1279 2404 1318 crucem
2426 1279 2577 1318 suam
2613 1275 2660 1317 ct
2692 1273 2938 1332 sequatur
2973 1279 3071 1326 me,
3119 1271 3342 1315 mortem
3378 1262 3463 1314 in-

1925 1354 2136 1423 telligit,
2163 1362 2218 1408 et
2246 1360 2478 1408 mortem
2512 1353 2985 1407 contumeliosam.

2002 1534 2168 1590 Vens.
2206 1530 2310 1589 25.’
2335 1532 2438 1598 Qui
2475 1533 2696 1587 voluerit
2727 1538 2955 1587 animam
2980 1550 3127 1587 suam
3162 1533 3355 1587 salvam
3381 1534 3467 1599 [a-

277 1628 571 1692 ἀπολέσει
604 1629 819 1697 αὐτὴν,
849 1630 976 1701 περὶ
1001 1629 1098 1698 τῆς
1128 1630 1277 1699 παρὰ
1304 1627 1366 1681 τὸ
1408 1627 1523 1680 δέον
1554 1627 1824 1696 σωτηρίας

1927 1641 2063 1691 cere,
2095 1624 2427 1694 perducam,
2463 1624 2529 1679 de.
2558 1625 2730 1678 salute
2758 1625 2811 1676 in
2835 1623 3013 1678 oﬂicio
3046 1624 3362 1692 complendo
3385 1624 3464 1676 di-

278 1720 447 1787 λέγοι,
468 1718 563 1789 τὴν
596 1721 657 1772 ἐκ
692 1691 1091 1774 των-κινδύνων
1118 1691 1385 1789 διαιρυγὴν
1422 1691 1823 1773 ἀπώλειαν-κα-

1926 1715 2020 1777 cit.
2061 1691 2421 1784 poriculorum
2456 1713 2635 1783 fugam
2673 1714 3025 1783 perditionem
3057 1691 3292 1778 vocans;
3342 1721 3399 1765 ut
3437 1726 3468 1765 e

277 1808 406 1861 λῶνο
431 1810 618 1880 ὥσπερ
644 1811 737 1863 καὶ
762 1810 1066 1864 τούναντίον
1101 1809 1393 1880 σωτηρίαν,
1428 1811 1529 1876 τὴν
1567 1805 1826 1860 δοκοῦσαν

277 1898 572 1953 ἀπώλειαν.

353 1988 451 2052 Τὸ,
482 1988 619 2043 Εἰσί
667 2004 825 2050 τινες
866 1986 982 2040 τῶν
1012 1982 1127 2040 ὦδε
1158 1986 1496 2053 ἑστηκότων
1529 1985 1587 2038 οἳ
1628 1987 1698 2039 οὐ
1738 1985 1823 2053 μὴ

279 2079 601 2146 γεύσωνται
628 2077 887 2130 θανάτου
914 2075 1024 2140 ἕως
1047 2077 1122 2129 ἂν
1164 2075 1374 2128 ἴδωσιν
1398 2075 1507 2129 τὸν
1559 2075 1693 2126 Υιὸν
1719 2076 1824 2127 τοῦ

276 2166 587 2234 ἀνθρώπου
620 2165 940 2234 ἐρχόμενον
966 2166 1034 2218 ἐν
1074 2163 1148 2231 τῇ
1176 2165 1461 2232 ,βασιλείᾳ
1490 2164 1693 2227 αὐτοῦ,
1727 2164 1823 2233 βα-

276 2256 478 2310 σιλείαν
526 2255 689 2308 αὐτοῦ
738 2254 910 2321 λέγων
957 2255 1054 2323 τὴν
1122 2255 1559 2325 μεταμόρφωσιν,
1614 2253 1676 2306 οὐ
1728 2255 1825 2323 τὴν

276 2343 563 2414 ἀνάληψιν,
593 2343 666 2405 ὡς
690 2343 948 2413 ἠγοῦμαι’
975 2338 1076 2399 ὧδε
1113 2345 1240 2413 γὰρ,
1275 2345 1436 2407 τινὲς,
1465 2344 1580 2395 ἐκεῖ
1606 2344 1662 2395 δὲ
1694 2344 1825 2394 πάν-

274 2453 390 2500 τες.
434 2436 540 2491 Kal
579 2437 777 2503 ἄλλως
804 2453 817 2467 ·
841 2437 1017 2489 Εἱσίν
1066 2452 1220 2502 τινες
1275 2435 1391 2488 τῶν
1423 2434 1536 2487 ὧδε
1578 2435 1824 2501 ἑστηκό-

274 2541 413 2590 των,
444 2525 537 2578 καὶ
583 2524 727 2595 ἑξῆς·
766 2525 855 2578 διὰ
900 2526 990 2579 τὸν
1042 2526 1246 2596 Πέτρον
1277 2525 1372 2579 καὶ
1433 2527 1683 2579 Ἰάκωϐον
1734 2527 1825 2578 ml.

284 2614 538 2682 Ἰωάννην
568 2614 748 2685 φησίν·
781 2609 924 2669 οὗτοι
947 2617 1053 2686 γὰρ
1078 2617 1133 2667 ἐν
1156 2619 1218 2684 τῇ
1248 2614 1663 2685 μεταμορφώσει
1689 2633 1822 2683 συμ-

275 2704 721 2774 παρελήφθησαν,
753 2707 818 2776 ἢν
847 2707 999 2759 καλεῖ
1023 2705 1297 2777 βασιλείαν
1321 2705 1509 2759 αὺτοῦ·
1554 2705 1626 2769 ὡς
1652 2707 1823 2774 ἐκφήο

275 2811 447 2847 ναστιν
490 2795 589 2863 τῆς
634 2795 878 2861 ἐξουσίας
921 2796 983 2849 τὺ
1026 2798 1251 2863 ἄφατον,
1290 2796 1384 2850 καὶ
1424 2799 1519 2865 τῆς
1566 2795 1699 2865 πρὸς
1734 2797 1824 2848 τὸν

276 2882 495 2952 Πατέρα
528 2883 878 2951 γνησιότητος
919 2884 979 2936 τὸ
1005 2885 1228 2954 σφοδρὸν
1257 2885 1349 2936 καὶ
1386 2885 1821 2951 ἀπαράλλακτον

1925 1804 2200 1859 contrario
2222 1804 2449 1859 salutem
2478 1804 2624 1869 dicit,
2654 1805 2796 1873 quod
2839 1804 3047 1858 videtur
3078 1804 3326 1872 perditio.

2001 1982 2161 2037 Vsus.
2195 1983 2282 2037 28.
2310 1982 2447 2039 Sunt
2480 1983 2693 2053 quidam
2723 1984 2787 2037 de
2832 1986 2915 2037 In'c
2958 1986 3217 2039 stantibus
3248 1988 3335 2056 qui
3364 2005 3466 2039 non

1924 2074 2203 2140 gustabunt
2233 2084 2468 2140 mortem,
2488 2073 2649 2127 donec
2674 2075 2876 2127 uideant
2901 2074 3099 2129 Filium
3131 2078 3350 2130 hominis
3382 2094 3467 2131 ve-

1926 2160 2221 2212 nientemin
2255 2175 2433 2227 regno,
2462 2176 2595 2225 suo;
2641 2175 2861 2229 regnum
2918 2177 3077 2216 suum
3127 2163 3256 2217 dicit
3312 2179 3464 2217 suam

1926 2250 2472 2320 transﬁgurationem,
2533 2266 2637 2304 non
2690 2252 3083 2318 ascensionem,
3140 2260 3199 2306 ut
3235 2254 3463 2322 opinor;

1924 2356 2045 2394 nam
2070 2342 2215 2403 illam
2241 2341 2461 2410 quidam
2492 2341 2766 2406 ridebunt,
2804 2343 2940 2397 hanc
2962 2359 3087 2398 vero
3117 2359 3322 2399 omnes.
3350 2346 3467 2399 Ali-

1924 2440 2004 2485 ter
2032 2450 2044 2485 :
2075 2430 2209 2488 Sunt
2240 2433 2454 2500 quidam
2486 2433 2549 2486 de
2582 2433 2663 2486 hic
2695 2437 2967 2499 stantibus,
3020 2443 3149 2499 ete.;
3184 2435 3249 2489 de
3284 2435 3463 2499 Petro,

1922 2523 2121 2577 Jacoho
2150 2532 2204 2578 et
2222 2521 2427 2578 Joanne
2459 2525 2733 2593 loquitur;
2761 2525 2813 2578 hi
2851 2526 2993 2580 enim
3036 2525 3086 2579 in
3124 2527 3469 2596 transllgura-

1927 2615 2069 2667 tione
2093 2629 2216 2668 cum
2244 2614 2336 2668 illo
2377 2616 2642 2682 assumpti
2679 2624 2825 2679 sunt,
2861 2630 3022 2685 quam
3054 2626 3207 2671 vocat
3244 2632 3463 2687 regnum

1924 2720 2119 2771 suum;
2154 2704 2309 2773 quasi
2338 2703 2770 2759 manifestantetu
2799 2709 3096 2775 potentiam
3125 2707 3244 2776 ejus
3275 2708 3465 2761 inclia-

1927 2794 2105 2857 bilem,
2141 2802 2194 2848 et
2218 2794 2471 2848 unionem
2498 2808 2620 2847 cum
2652 2792 2809 2847 Patre
2842 2794 3143 2849 mirabilem
3184 2803 3238 2848 ct
3262 2795 3467 2850 incom-

1926 2883 2240 2951 parabilem.
2273 2882 2329 2935 ln
2377 2883 2466 2937 illa
2490 2883 2634 2937 enim
2661 2882 2882 2937 secundi
2911 2884 2993 2938 sui
3022 2885 3279 2940 adventus
3306 2888 3469 2955 majr-

270 2975 331 3025 ὲν
360 2974 497 3045 αὐτῇ
522 2975 628 3044 γὰρ
652 2976 745 3029 καὶ
774 2975 870 3045 τῆς
905 2976 1161 3047 δευτέρας
1210 2976 1375 3028 αὐτοῦ
1421 2977 1721 3045 παρουσίας
1765 2976 1825 3029 τὸ

1933 2984 2127 3029 statem
2157 2985 2212 3028 et
2236 2982 2500 3029 terrorem
2555 2975 2932 3042 subostendit;
2970 2978 3287 3045 pra-Indiam
3324 2978 3467 3032 illam

271 3063 492 3133 ἀξίωμα
517 3066 608 3117 καὶ
648 3066 709 3117 τὸ
739 3068 962 3136 φρικτὸν
1000 3066 1333 3137 ὑπεδήλωσε’
1371 3068 1654 3137 προοίμιον
1692 3068 1821 3122 ταύ-

270 3171 377 3224 την
405 3156 637 3224 ἐκείνης,
662 3158 753 3209 καὶ
777 3152 886 3210 οἷον
915 3156 1200 3235 βεϐαίωσιν
1227 3158 1615 3229 ἐνδειξάμενος.

834 3268 1081 3324 ΚΕΦΑΛ.
1134 3270 1232 3324 1Ζ’.

353 3377 458 3429 Καὶ
484 3378 613 3445 μεθ’
660 3379 878 3445 ἡμέρας
919 3378 986 3443 ἒξ
1019 3383 1457 3451 παραλαμϐάνει
1510 3387 1543 3438 ό
1590 3382 1827 3451 Ἰησοῦς

269 3467 386 3519 τὸν
418 3467 638 3534 Πέτρον
666 3468 761 3521 καί
799 3468 904 3522 τὸν
940 3470 1212 3525 Ἰάκωϐον
1242 3474 1342 3526 καὶ
1389 3473 1691 3540 Ἰωάννην,
1733 3473 1829 3526 καὶ

268 3562 344 3611 τὶ
377 3557 520 3627 ἑξῆς,
564 3561 623 3610 ἐν
654 3559 732 3627 τῷ
760 3560 1235 3628 μεταμορςοῦσθαι
1255 3578 1268 3593 ο
1314 3563 1471 3625 ἄλλος
1494 3562 1552 3615 δὲ
1595 3562 1823 3630 εὐαγγεο

269 3645 459 3714 λιστὴς
498 3647 617 3715 μεθ’
646 3648 853 3717 ἡμέρας
878 3648 1020 3700 ὀκτὼ
1049 3649 1218 3715 λέγει,
1249 3652 1347 3702 οὐκ
1394 3650 1825 3718 ἐναντιούμενος,

269 3736 413 3787 ἀλλὰ
443 3735 537 3803 τὴν
560 3736 648 3787 ὅτε
684 3737 998 3802 ἐφθέγξατο,
1038 3742 1130 3790 καὶ
1172 3739 1272 3808 τὴν
1311 3741 1399 3792 ὅτε
1443 3741 1717 3809 ἀνήγαγεν
1750 3741 1825 3791 εί-

270 3824 415 3875 πὼν’
442 3825 469 3876 6
488 3823 549 3875 δὲ
577 3823 674 3885 τάς
702 3824 787 3877 διὰ
820 3827 986 3895 μέσου
1016 3828 1184 3896 μόνας
1221 3826 1461 3896 εἴρηκεν.

343 3914 442 3965 Διά
485 3915 537 3965 τί
575 3916 698 3977 τοὺς
736 3916 881 3985 τρεῖς
918 3916 1111 3985 μόνους
1155 3916 1419 3987 λαμϐάνει
1463 3918 1543 3980 είς
1586 3917 1646 3970 τὸ
1677 3917 1821 3986 ὅρος

281 4004 375 4064 Ὧς
414 4004 737 4074 ἀξιωτέρους
783 4006 876 4058 καὶ
922 4007 1125 4076 σφόδρα
1163 4006 1469 4075 φιλοῦνταςο
1512 4009 1607 4061 καὶ
1646 4007 1750 4079 γὰρ
1796 4009 1825 4060 6

268 4097 479 4164 Πέτρος
525 4097 724 4166 σφόδρα
772 4096 944 4164 ἐφίλει
984 4097 1163 4151 αὐτόν’
1228 4098 1475 4169 Ἰωάννης
1516 4099 1574 4153 δὲ
1620 4100 1683 4152 ὲκ
1732 4100 1823 4152 τοῦ

270 4183 483 4255 σφόδρα
511 4186 801 4255 φιλεῖσθαισ
827 4188 1079 4252 Ἰάκωϐος
1122 4189 1179 4241 δὲ
1219 4190 1326 4241 ἀπ’)
1355 4190 1453 4260 τῆς
1482 4191 1827 4260 ἀποκρίσεως

266 4277 376 4343 τῆς
405 4278 539 4345 μετὰ
567 4278 660 4329 τοῦ
702 4278 926 4347 ἀδελφοῦ
958 4274 1024 4351 ἧς
1069 4279 1363 4352 ἀπεκρίθη,
1406 4282 1489 4335 ὃτι
1518 4280 1825 4349 Δυνάμεθα
1857 4308 1902 4366 D

268 4366 435 4417 πιεῖν
462 4370 526 4419 τὸ
566 4369 866 4434 ποτήριον.

349 4457 419 4507 T6
448 4458 764 4524 φαινόμενον
802 4460 915 4526 φῶς
953 4461 1092 4532 ὑπὲρ
1118 4461 1268 4532 ἥλιον
1295 4458 1380 4533 ἦν’
1415 4460 1565 4516 εἶπεν
1598 4463 1655 4517 δὲ
1681 4466 1709 4517 6
1738 4466 1826 4517 εὖ·

266 4547 598 4616 αγγελιστὴς
624 4548 696 4609 ὼς
720 4550 749 4600 6
775 4550 943 4619 ἥλιος,
966 4554 1150 4622 ἐπειδὴ
1176 4554 1237 4606 τὸ
1266 4555 1462 4624 ἄστρον
1482 4556 1638 4607 τοῦτο
1668 4557 1826 4624 μόνον

266 4638 547 4705 γνὼμμάν
579 4639 723 4690 ἐστιν
766 4640 823 4691 ἐν
861 4642 1129 4714 ὑπερϐολῇ
1166 4645 1366 4713 φωτός.
1401 4645 1605 4706 Λευκὸς
1644 4640 1709 4714 ἦν
1750 4646 1824 4709 ὡς

267 4726 431 4798 χιών⁸
457 4729 555 4780 οὐκ
577 4727 682 4797 ἔχω
708 4730 871 4799 ἄλλην
898 4732 1025 4802 ὕλην
1051 4735 1526 4806 λευκοτέραν.⁴’οτι
1555 4737 1660 4804 γὰρ
1688 4737 1824 4807 ὑπὲρ

265 4820 428 4890 ἣλιον
463 4819 730 4889 ἔλαμψεν,
763 4824 868 4875 άπὸ
900 4824 991 4877 τοῦ
1021 4827 1144 4896 ἑξῆς
1166 4827 1433 4881 δείκνυται
1452 4865 1466 4889 .
1500 4828 1608 4881 Καὶ
1634 4828 1827 4880 ἔπεσον
1854 4880 1857 4883 ,

265 4911 451 4981 χαμαὶ
487 4911 535 4961 οί
581 4910 850 4980 μαθηταί’
880 4918 926 4967 εί
973 4916 1027 4968 δὲ
1067 4919 1140 4980 ὡς
1170 4919 1198 4970 6
1242 4919 1391 4988 ἥλιος
1440 4917 1697 4987 ἔλαμψεν,
1726 4914 1826 4971 οὐκ

248 5002 503 5055 ἔπιπτον
548 5002 597 5052 οἱ
644 5001 911 5071 μαθηταί’
946 5007 1091 5075 ἣλιον
1137 5009 1255 5077 γὰρξ
1288 5009 1512 5061 ἔϐλεπον
1542 5008 1663 5060 καθ’
1695 5009 1825 5075 ἠμέ-

272 5108 381 5163 ραν
423 5090 515 5141 καὶ
558 5089 654 5141 οὐκ
698 5089 957 5145 ἔπιπτον·
1001 5096 1115 5146 ἀλλ’
1148 5098 1334 5168 ἐπειδὴ
1363 5099 1503 5166 ὑπὲρ
1544 5099 1635 5149 τὸν
1674 5098 1823 5167 ἥλιον

267 5183 537 5253 ἔλαμψεν,
567 5182 659 5234 καὶ
689 5183 828 5251 ὑπὲρ
859 5183 952 5253 τὴν
972 5187 1145 5253 χιόνα,
1174 5189 1262 5241 διὰ
1288 5188 1446 5241 τοῦτο
1474 5189 1549 5258 μὴ
1569 5189 1823 5257 φέροντες

263 5275 376 5343 τὴν
422 5273 733 5342 λαμπηδόνα
772 5274 1086 5325 κατέπεσον.
1133 5275 1268 5329 Εἰπέ
1313 5295 1399 5347 μοι
1443 5274 1563 5342 οὖν,
1592 5279 1821 5345 εὐαγγε-

266 5368 454 5431 λιστὰ,
490 5367 626 5436 ὑπὲρ
665 5364 753 5417 τὸν
782 5366 929 5433 ἣλιον
974 5366 1199 5435 ἔλαμψε,
1231 5370 1320 5421 καὶ
1364 5372 1426 5422 σὺ
1463 5370 1640 5437 λέγεις
1682 5370 1756 5432 ὡς
1798 5372 1824 5421 6

267 5460 426 5531 ἥλιος
454 5476 465 5522 ;
492 5458 616 5510 Ναί·
640 5457 910 5524 γνώριμον
938 5474 1018 5509 σοι
1048 5459 1184 5510 Οέλω
1214 5459 1436 5529 ποιῆσαι
1469 5463 1529 5513 τὸ
1560 5461 1694 5529 φῶς·
1726 5461 1824 5512 οὐκ

268 5551 387 5623 ἔχω
418 5550 540 5603 ἄλλο
568 5549 788 5617 ἄστρον·
827 5547 924 5597 οὐκ
958 5547 1064 5615 ἔχω
1094 5548 1259 5617 ἄλλην
1284 5551 1487 5618 εἰκόνα,
1512 5552 1606 5622 τὴν
1633 5555 1688 5606 ἐν
1714 5554 1824 5615 τοῖς

592 5645 851 5705 Ρλτιιυι..
899 5643 1009 5701 Gn.
1057 5644 1150 5702 CV
1164 5648 1205 5705 ί.

1928 3065 2113 3137 hujus,
2141 3074 2193 3121 et
2224 3067 2381 3136 quasi
2412 3066 2876 3123 continuationem
2907 3083 3237 3139 proponens.

2498 3271 2723 3331 CAPUT
2746 3270 2905 3327 XVII.

1999 3378 2160 3434 Vens.
2200 3381 2250 3435 1.
2288 3380 2353 3434 Et
2401 3390 2515 3449 post
2552 3384 2663 3436 dies
2689 3398 2779 3436 sea:
2812 3385 3029 3435 assumit
3057 3381 3211 3437 Jrsus
3237 3382 3473 3447 Petrum,

1926 3481 1973 3523 et
1998 3469 2273 3536 Iacobum,
2291 3482 2337 3525 et
2364 3472 2643 3537 Joannem,
2661 3485 2714 3527 et
2737 3475 2963 3543 reliqua,
2987 3482 3041 3528 et
3066 3475 3476 3543 transﬁguratus

1926 3572 2031 3616 est.
2059 3562 2212 3616 Alius
2240 3571 2419 3616 autem
2449 3564 2780 3631 evangelista
2811 3572 2934 3631 post
2988 3564 3104 3617 dies
3150 3574 3273 3617 octo
3322 3566 3475 3626 dicit,

1928 3666 2031 3701 non
2068 3651 2340 3718 contraria
2360 3650 2581 3721 dicens,
2613 3651 2706 3704 sed
2735 3652 2875 3703 diem
2915 3667 3026 3719 quo
3053 3653 3265 3707 loeutus
3286 3664 3386 3713 est,
3420 3665 3475 3706 et

1924 3739 2065 3791 diem
2120 3752 2231 3806 quo
2277 3739 2443 3792 subiit
2483 3738 2536 3791 in
2573 3747 2808 3791 montem
2842 3740 3144 3806 adjiciens;
3197 3742 3297 3794 iste
3348 3758 3476 3795 vero

1925 3827 2071 3881 Solos
2100 3827 2218 3880 dies
2247 3826 2595 3881 intermedios
2624 3828 2777 3881 dixit.

1994 3915 2104 3970 Cur
2131 3925 2243 3973 tres
2267 3917 2414 3973 solos
2462 3919 2627 3972 sumit
2676 3919 2728 3973 in
2768 3929 3008 3975 montem
3050 3922 3370 3976 subiturus?
3408 3922 3476 3977 Ut

1926 4008 2202 4077 digniores
2230 4019 2283 4065 et
2310 4011 2468 4065 valde
2500 4011 2650 4064 illum
2708 4020 2972 4066 amantes.
3028 4012 3237 4067 Etenim
3283 4016 3474 4069 Petrus

1927 4099 2158 4152 multum
2199 4098 2350 4153 illum
2384 4100 2673 4171 diligebat;
2708 4100 2943 4156 Joannes
2995 4105 3220 4158 multum
3264 4106 3330 4158 ab
3385 4108 3475 4158 illo

1927 4190 2285 4259 diligebatur;
2334 4190 2567 4248 Iacobus
2602 4203 2803 4254 autem,
2856 4196 2925 4248 oh
2963 4211 3279 4262 responsum
3329 4199 3471 4266 quod

1928 4296 2048 4336 cum
2081 4281 2247 4338 fratre
2284 4284 2656 4354 responderat,
2695 4283 2982 4340 Possumus
3021 4286 3191 4342 bibere
3236 4289 3472 4342 calicem.

1996 4467 2161 4524 Vens.
2190 4469 2248 4523 2.·
2278 4471 2632 4538 Rcspleuduit
2658 4470 3182 4540 faciesmagisquam
3219 4475 3295 4527 sol
3314 4491 3327 4538 ;
3346 4475 3476 4528 dicit

1926 4568 2104 4613 autent
2136 4561 2462 4627 evangelista
2488 4561 2630 4613 sicut
2653 4561 2754 4621 sol,
2774 4561 3026 4627 quoniam
3046 4563 3195 4615 sidus
3220 4564 3356 4616 istud
3380 4579 3473 4617 so-

1928 4651 2038 4704 lum
2059 4652 2364 4718 exeiuplnm
2413 4660 2491 4704 cst
2526 4649 3146 4718 splemlidissimzelucis.
3182 4654 3310 4705 Alba
3335 4655 3474 4708 sicut

1927 4742 2054 4805 nix;
2087 4755 2193 4794 non
2217 4756 2382 4794 nosco
2414 4741 2572 4794 aliam
2602 4741 2883 4794 materiam
2910 4741 3087 4795 albam
3109 4746 3298 4814 magis.
3318 4746 3471 4811 Quod

1927 4840 2103 4884 autem
2126 4830 2297 4899 magis
2312 4845 2475 4899 quam
2501 4830 2582 4883 sol
2616 4832 2966 4900 resplenduit,
2986 4837 3263 4902 sequentia
3290 4846 3472 4889 Oslrtt-

1926 4919 2061 4972 dunt
2092 4936 2105 4970 :
2140 4918 2450 4971 ceciderunt
2489 4919 2542 4971 in
2570 4929 2765 4973 terram
2795 4921 3063 4990 discipuli.
3098 4923 3152 4975 Si
3183 4938 3306 4977 vero
3333 4927 3473 4977 sicut

1927 5007 2008 5061 sol
2038 5006 2485 5075 respleuduisset,
2518 5023 2625 5062 non
2658 5010 3271 5079 cecidissentdiseipuli;
3302 5013 3469 5065 solem

1925 5100 2067 5152 enim
2095 5099 2325 5165 singulis
2355 5100 2548 5155 diebus
2575 5102 2827 5155 videbant
2851 5112 2903 5154 ct
2926 5117 3030 5155 non
3055 5103 3343 5166 cadebant;
3377 5107 3468 5157 sed

1924 5187 2181 5256 quoniam
2208 5189 2382 5256 magis
2406 5204 2566 5256 quam
2591 5189 2669 5241 sol
2688 5188 3101 5257 resplenduit,et
3122 5188 3291 5254 magis
3308 5203 3467 5255 quam
3500 5222 3501 5225 η

1926 5279 2182 5341 nix,ideo
2219 5294 2325 5331 non
2360 5281 2695 5334 sustinentes
2731 5278 3076 5348 splendorem
3142 5294 3183 5331 (ιι
3206 5280 3469 5332 cidernnt.

1928 5369 2020 5421 Dic
2044 5368 2173 5421 mihi
2194 5370 2380 5436 igitur,
2398 5370 2748 5438 evangelista,
2769 5367 3108 5434 magisquam
3130 5368 3209 5420 sol
3231 5367 3473 5436 resplen-

1926 5462 2044 5515 duit
2071 5476 2168 5515 cur
2200 5470 2255 5514 tu
2284 5462 2426 5515 dicis
2452 5463 2591 5515 sicut
2613 5457 3053 5525 sol?Excmplum
3088 5457 3180 5510 tibi
3202 5456 3319 5508 volo
3345 5456 3475 5509 dare

1926 5553 2082 5618 luris,
2125 5568 2232 5607 non
2270 5554 2443 5609 habeo
2470 5552 2616 5607 sidus
2648 5550 2818 5613 aliud,
2868 5564 2972 5601 non
3008 5549 3179 5603 habeo
3200 5548 3357 5602 aliam
3397 5549 3472 5602 si-

3051 5645 3126 5702 36
