  <div class='ocr_page' id='page_1' title='image "/cluster/home/n/w/nwhite01/storage/ocr_20150623/106/pst.000005714162/603.png"; bbox 0 0 4138 6342; ppageno 0'>
   <div class='ocr_carea' id='block_1_1' title="bbox 701 295 831 358">
    <p class='ocr_par' dir='ltr' id='par_1_1' title="bbox 701 295 831 358">
     <span class='ocr_line' id='line_1_1' title="bbox 701 295 831 358; baseline -0.008 0"><span class='ocrx_word' id='word_1_1' title='bbox 701 295 831 358; x_wconf 75' lang='lat' dir='ltr'><strong>H31</strong></span> 
     </span>
    </p>
   </div>
   <div class='ocr_carea' id='block_1_2' title="bbox 1393 288 3158 355">
    <p class='ocr_par' dir='ltr' id='par_1_2' title="bbox 1393 288 3158 355">
     <span class='ocr_line' id='line_1_2' title="bbox 1393 288 3158 355; baseline 0.003 -6"><span class='ocrx_word' id='word_1_2' title='bbox 1393 289 1776 351; x_wconf 77' lang='lat' dir='ltr'><strong>OPUSCULA</strong></span> <span class='ocrx_word' id='word_1_3' title='bbox 1816 288 2439 350; x_wconf 81' lang='lat' dir='ltr'><strong>SCRIPTURISTICA</strong></span> <span class='ocrx_word' id='word_1_4' title='bbox 2481 289 2822 351; x_wconf 73' lang='lat' dir='ltr'><strong>INCERT/E</strong></span> <span class='ocrx_word' id='word_1_5' title='bbox 2855 293 3158 355; x_wconf 67' lang='lat' dir='ltr'><strong>IETATIS.</strong></span> 
     </span>
    </p>
   </div>
   <div class='ocr_carea' id='block_1_3' title="bbox 3755 291 3892 356">
    <p class='ocr_par' dir='ltr' id='par_1_3' title="bbox 3755 291 3892 356">
     <span class='ocr_line' id='line_1_3' title="bbox 3755 291 3892 356; baseline 0 -2"><span class='ocrx_word' id='word_1_6' title='bbox 3755 291 3892 356; x_wconf 71' lang='grc'><strong>1122</strong></span> 
     </span>
    </p>
   </div>
   <div class='ocr_carea' id='block_1_4' title="bbox 707 399 2328 475">
    <p class='ocr_par' dir='ltr' id='par_1_4' title="bbox 707 401 2316 475">
     <span class='ocr_line' id='line_1_4' title="bbox 707 401 2316 475; baseline -0.007 -9"><span class='ocrx_word' id='word_1_7' title='bbox 707 409 1064 467; x_wconf 88' lang='lat' dir='ltr'><strong>militudinem</strong></span> <span class='ocrx_word' id='word_1_8' title='bbox 1117 420 1238 475; x_wconf 72' lang='lat' dir='ltr'><strong>qua:</strong></span> <span class='ocrx_word' id='word_1_9' title='bbox 1283 405 1334 457; x_wconf 93' lang='lat' dir='ltr'><strong>in</strong></span> <span class='ocrx_word' id='word_1_10' title='bbox 1370 403 1640 458; x_wconf 80' lang='lat' dir='ltr'><strong>sideribus</strong></span> <span class='ocrx_word' id='word_1_11' title='bbox 1692 401 2046 470; x_wconf 75' lang='lat' dir='ltr'><strong>principatum</strong></span> <span class='ocrx_word' id='word_1_12' title='bbox 2105 403 2243 456; x_wconf 90' lang='lat' dir='ltr'><strong>ohti-</strong></span> <span class='ocrx_word' id='word_1_13' title='bbox 2274 405 2316 461; x_wconf 83' lang='grc' dir='ltr'><strong>Α</strong></span> 
     </span>
    </p>
   </div>
   <div class='ocr_carea' id='block_1_5' title="bbox 2354 399 3890 475">
    <p class='ocr_par' dir='ltr' id='par_1_5' title="bbox 2354 399 3890 475">
     <span class='ocr_line' id='line_1_5' title="bbox 2354 399 3890 475; baseline 0.001 -20"><span class='ocrx_word' id='word_1_14' title='bbox 2354 401 2565 472; x_wconf 67' lang='grc' dir='ltr'>ἄστροις</span> <span class='ocrx_word' id='word_1_15' title='bbox 2605 403 3007 473; x_wconf 74' lang='grc' dir='ltr'><strong>βασιλεύουσαν·</strong></span> <span class='ocrx_word' id='word_1_16' title='bbox 3041 408 3245 475; x_wconf 78' lang='grc' dir='ltr'>ταύτην</span> <span class='ocrx_word' id='word_1_17' title='bbox 3275 399 3423 458; x_wconf 76' lang='grc' dir='ltr'>εἶπον</span> <span class='ocrx_word' id='word_1_18' title='bbox 3453 401 3537 456; x_wconf 68' lang='grc' dir='ltr'>ἶνα</span> <span class='ocrx_word' id='word_1_19' title='bbox 3570 402 3645 475; x_wconf 71' lang='grc' dir='ltr'>μὴ</span> <span class='ocrx_word' id='word_1_20' title='bbox 3687 407 3750 473; x_wconf 67' lang='grc' dir='ltr'><strong>τῇ</strong></span> <span class='ocrx_word' id='word_1_21' title='bbox 3799 407 3890 457; x_wconf 83' lang='grc' dir='ltr'><strong>εὑ-</strong></span> 
     </span>
    </p>
   </div>
   <div class='ocr_carea' id='block_1_6' title="bbox 702 489 2242 559">
    <p class='ocr_par' dir='ltr' id='par_1_6' title="bbox 702 489 2242 559">
     <span class='ocr_line' id='line_1_6' title="bbox 702 489 2242 559; baseline -0.006 -5"><span class='ocrx_word' id='word_1_22' title='bbox 702 509 844 558; x_wconf 85' lang='lat' dir='ltr'><strong>neat.</strong></span> <span class='ocrx_word' id='word_1_23' title='bbox 877 500 974 550; x_wconf 90' lang='lat' dir='ltr'><strong>hac</strong></span> <span class='ocrx_word' id='word_1_24' title='bbox 1005 509 1132 549; x_wconf 88' lang='lat' dir='ltr'><strong>usus</strong></span> <span class='ocrx_word' id='word_1_25' title='bbox 1159 509 1300 554; x_wconf 81' lang='lat' dir='ltr'><strong>sum,</strong></span> <span class='ocrx_word' id='word_1_26' title='bbox 1360 507 1426 546; x_wconf 89' lang='lat' dir='ltr'><strong>ne</strong></span> <span class='ocrx_word' id='word_1_27' title='bbox 1474 490 1622 544; x_wconf 82' lang='lat' dir='ltr'><strong>verbi</strong></span> <span class='ocrx_word' id='word_1_28' title='bbox 1665 500 1899 559; x_wconf 77' lang='lat' dir='ltr'><strong>egestate</strong></span> <span class='ocrx_word' id='word_1_29' title='bbox 1930 489 2242 544; x_wconf 86' lang='lat' dir='ltr'><strong>detinearis.</strong></span> 
     </span>
    </p>
   </div>
   <div class='ocr_carea' id='block_1_7' title="bbox 774 576 2246 648">
    <p class='ocr_par' dir='ltr' id='par_1_7' title="bbox 774 576 2246 648">
     <span class='ocr_line' id='line_1_7' title="bbox 774 576 2246 648; baseline -0.005 -10"><span class='ocrx_word' id='word_1_30' title='bbox 774 589 932 640; x_wconf 74' lang='lat' dir='ltr'><strong>Vsus.</strong></span> <span class='ocrx_word' id='word_1_31' title='bbox 967 585 1018 637; x_wconf 78' lang='lat'><strong>5.</strong></span> <span class='ocrx_word' id='word_1_32' title='bbox 1070 581 1176 636; x_wconf 87' lang='lat' dir='ltr'><strong>Cur</strong></span> <span class='ocrx_word' id='word_1_33' title='bbox 1210 579 1353 635; x_wconf 86' lang='lat' dir='ltr'><strong>Elias</strong></span> <span class='ocrx_word' id='word_1_34' title='bbox 1382 588 1436 634; x_wconf 88' lang='lat' dir='ltr'><strong>et</strong></span> <span class='ocrx_word' id='word_1_35' title='bbox 1468 578 1680 648; x_wconf 77' lang='lat' dir='ltr'><strong>Moyses</strong></span> <span class='ocrx_word' id='word_1_36' title='bbox 1709 578 1765 631; x_wconf 88' lang='lat' dir='ltr'><strong>in</strong></span> <span class='ocrx_word' id='word_1_37' title='bbox 1811 577 2042 632; x_wconf 90' lang='lat' dir='ltr'><strong>medium</strong></span> <span class='ocrx_word' id='word_1_38' title='bbox 2077 576 2246 631; x_wconf 82' lang='lat' dir='ltr'><strong>addu-</strong></span> 
     </span>
    </p>
   </div>
   <div class='ocr_carea' id='block_1_8' title="bbox 701 666 2242 736">
    <p class='ocr_par' dir='ltr' id='par_1_8' title="bbox 701 666 2242 736">
     <span class='ocr_line' id='line_1_8' title="bbox 701 666 2242 736; baseline -0.006 -7"><span class='ocrx_word' id='word_1_39' title='bbox 701 672 930 730; x_wconf 83' lang='lat' dir='ltr'><strong>cuntur?</strong></span> <span class='ocrx_word' id='word_1_40' title='bbox 959 670 1160 734; x_wconf 86' lang='lat' dir='ltr'><strong>Primo,</strong></span> <span class='ocrx_word' id='word_1_41' title='bbox 1193 677 1249 723; x_wconf 91' lang='lat' dir='ltr'><strong>ut</strong></span> <span class='ocrx_word' id='word_1_42' title='bbox 1277 667 1655 722; x_wconf 74' lang='lat' dir='ltr'><strong>ostenderetur</strong></span> <span class='ocrx_word' id='word_1_43' title='bbox 1681 667 1808 736; x_wconf 88' lang='lat' dir='ltr'><strong>quia</strong></span> <span class='ocrx_word' id='word_1_44' title='bbox 1835 682 1941 720; x_wconf 90' lang='lat' dir='ltr'><strong>non</strong></span> <span class='ocrx_word' id='word_1_45' title='bbox 1974 666 2117 720; x_wconf 86' lang='lat' dir='ltr'><strong>Elias</strong></span> <span class='ocrx_word' id='word_1_46' title='bbox 2141 673 2242 731; x_wconf 89' lang='lat' dir='ltr'><strong>est,</strong></span> 
     </span>
    </p>
   </div>
   <div class='ocr_carea' id='block_1_9' title="bbox 703 756 2247 829">
    <p class='ocr_par' dir='ltr' id='par_1_9' title="bbox 703 756 2247 829">
     <span class='ocr_line' id='line_1_9' title="bbox 703 756 2247 829; baseline -0.006 -11"><span class='ocrx_word' id='word_1_47' title='bbox 703 778 760 818; x_wconf 89' lang='lat' dir='ltr'><strong>ut</strong></span> <span class='ocrx_word' id='word_1_48' title='bbox 786 762 916 821; x_wconf 75' lang='lat' dir='ltr'><strong>dixi.</strong></span> <span class='ocrx_word' id='word_1_49' title='bbox 944 775 1116 829; x_wconf 82' lang='lat' dir='ltr'><strong>neque</strong></span> <span class='ocrx_word' id='word_1_50' title='bbox 1134 758 1378 828; x_wconf 80' lang='lat' dir='ltr'><strong>Moyses;</strong></span> <span class='ocrx_word' id='word_1_51' title='bbox 1401 758 1662 820; x_wconf 87' lang='lat' dir='ltr'><strong>secundo,</strong></span> <span class='ocrx_word' id='word_1_52' title='bbox 1687 771 1753 810; x_wconf 92' lang='lat' dir='ltr'><strong>ne</strong></span> <span class='ocrx_word' id='word_1_53' title='bbox 1769 757 1822 809; x_wconf 92' lang='lat' dir='ltr'><strong>in</strong></span> <span class='ocrx_word' id='word_1_54' title='bbox 1846 756 1951 809; x_wconf 87' lang='lat' dir='ltr'><strong>illis</strong></span> <span class='ocrx_word' id='word_1_55' title='bbox 1963 759 2030 810; x_wconf 91' lang='lat' dir='ltr'><strong>de</strong></span> <span class='ocrx_word' id='word_1_56' title='bbox 2047 756 2247 824; x_wconf 82' lang='lat' dir='ltr'><strong>quibus</strong></span> 
     </span>
    </p>
   </div>
   <div class='ocr_carea' id='block_1_10' title="bbox 703 846 2249 920">
    <p class='ocr_par' dir='ltr' id='par_1_10' title="bbox 703 846 2249 920">
     <span class='ocr_line' id='line_1_10' title="bbox 703 846 2249 920; baseline -0.006 -13"><span class='ocrx_word' id='word_1_57' title='bbox 703 853 849 908; x_wconf 92' lang='lat' dir='ltr'><strong>illum</strong></span> <span class='ocrx_word' id='word_1_58' title='bbox 879 850 1177 920; x_wconf 72' lang='lat' dir='ltr'><strong>arguebant</strong></span> <span class='ocrx_word' id='word_1_59' title='bbox 1221 857 1280 902; x_wconf 85' lang='lat' dir='ltr'><strong>ut</strong></span> <span class='ocrx_word' id='word_1_60' title='bbox 1321 847 1451 918; x_wconf 69' lang='lat' dir='ltr'><strong>legis</strong></span> <span class='ocrx_word' id='word_1_61' title='bbox 1488 847 1798 901; x_wconf 78' lang='lat' dir='ltr'><strong>violatorem</strong></span> <span class='ocrx_word' id='word_1_62' title='bbox 1827 885 1841 908; x_wconf 94' lang='lat'><strong>,</strong></span> <span class='ocrx_word' id='word_1_63' title='bbox 1873 846 2249 901; x_wconf 83' lang='lat' dir='ltr'><strong>ostenderetur</strong></span> 
     </span>
    </p>
   </div>
   <div class='ocr_carea' id='block_1_11' title="bbox 701 935 2246 1010">
    <p class='ocr_par' dir='ltr' id='par_1_11' title="bbox 701 935 2246 1010">
     <span class='ocr_line' id='line_1_11' title="bbox 701 935 2246 1010; baseline -0.005 -15"><span class='ocrx_word' id='word_1_64' title='bbox 701 942 826 1010; x_wconf 84' lang='lat' dir='ltr'><strong>quia</strong></span> <span class='ocrx_word' id='word_1_65' title='bbox 874 941 1098 994; x_wconf 79' lang='lat' dir='ltr'><strong>mendax</strong></span> <span class='ocrx_word' id='word_1_66' title='bbox 1135 948 1219 994; x_wconf 81' lang='lat' dir='ltr'><strong>est</strong></span> <span class='ocrx_word' id='word_1_67' title='bbox 1261 956 1274 993; x_wconf 92' lang='lat'><strong>:</strong></span> <span class='ocrx_word' id='word_1_68' title='bbox 1310 952 1418 992; x_wconf 87' lang='lat' dir='ltr'><strong>non</strong></span> <span class='ocrx_word' id='word_1_69' title='bbox 1460 938 1605 991; x_wconf 92' lang='lat' dir='ltr'><strong>enim</strong></span> <span class='ocrx_word' id='word_1_70' title='bbox 1646 951 1768 990; x_wconf 91' lang='lat' dir='ltr'><strong>cum</strong></span> <span class='ocrx_word' id='word_1_71' title='bbox 1815 935 1907 989; x_wconf 92' lang='lat' dir='ltr'><strong>illo</strong></span> <span class='ocrx_word' id='word_1_72' title='bbox 1943 937 2246 988; x_wconf 77' lang='lat' dir='ltr'><strong>conversati</strong></span> 
     </span>
    </p>
   </div>
   <div class='ocr_carea' id='block_1_12' title="bbox 705 1024 2248 1093">
    <p class='ocr_par' dir='ltr' id='par_1_12' title="bbox 705 1024 2248 1093">
     <span class='ocr_line' id='line_1_12' title="bbox 705 1024 2248 1093; baseline -0.004 -11"><span class='ocrx_word' id='word_1_73' title='bbox 705 1031 977 1093; x_wconf 87' lang='lat' dir='ltr'><strong>fuissent;</strong></span> <span class='ocrx_word' id='word_1_74' title='bbox 1010 1027 1188 1093; x_wconf 83' lang='lat' dir='ltr'><strong>tertio,</strong></span> <span class='ocrx_word' id='word_1_75' title='bbox 1222 1035 1281 1080; x_wconf 78' lang='lat' dir='ltr'><strong>iit</strong></span> <span class='ocrx_word' id='word_1_76' title='bbox 1305 1027 1516 1081; x_wconf 84' lang='lat' dir='ltr'><strong>discant</strong></span> <span class='ocrx_word' id='word_1_77' title='bbox 1547 1040 1669 1079; x_wconf 90' lang='lat' dir='ltr'><strong>eum</strong></span> <span class='ocrx_word' id='word_1_78' title='bbox 1709 1024 1900 1078; x_wconf 90' lang='lat' dir='ltr'><strong>mortis</strong></span> <span class='ocrx_word' id='word_1_79' title='bbox 1925 1033 1977 1078; x_wconf 91' lang='lat' dir='ltr'><strong>et</strong></span> <span class='ocrx_word' id='word_1_80' title='bbox 2006 1024 2129 1077; x_wconf 70' lang='lat' dir='ltr'><strong>vitae</strong></span> <span class='ocrx_word' id='word_1_81' title='bbox 2154 1037 2248 1092; x_wconf 91' lang='lat' dir='ltr'><strong>po-</strong></span> 
     </span>
    </p>
   </div>
   <div class='ocr_carea' id='block_1_13' title="bbox 704 1113 2249 1187">
    <p class='ocr_par' dir='ltr' id='par_1_13' title="bbox 704 1113 2249 1187">
     <span class='ocr_line' id='line_1_13' title="bbox 704 1113 2249 1187; baseline -0.005 -14"><span class='ocrx_word' id='word_1_82' title='bbox 704 1127 944 1173; x_wconf 84' lang='lat' dir='ltr'><strong>testatem</strong></span> <span class='ocrx_word' id='word_1_83' title='bbox 981 1118 1210 1182; x_wconf 85' lang='lat' dir='ltr'><strong>habere,</strong></span> <span class='ocrx_word' id='word_1_84' title='bbox 1234 1117 1326 1187; x_wconf 79' lang='lat' dir='ltr'><strong>qui</strong></span> <span class='ocrx_word' id='word_1_85' title='bbox 1358 1130 1549 1184; x_wconf 87' lang='lat' dir='ltr'><strong>nempe</strong></span> <span class='ocrx_word' id='word_1_86' title='bbox 1581 1114 1728 1168; x_wconf 90' lang='lat' dir='ltr'><strong>illum</strong></span> <span class='ocrx_word' id='word_1_87' title='bbox 1763 1113 1988 1183; x_wconf 90' lang='lat' dir='ltr'><strong>profert,</strong></span> <span class='ocrx_word' id='word_1_88' title='bbox 2019 1121 2074 1167; x_wconf 90' lang='lat' dir='ltr'><strong>et</strong></span> <span class='ocrx_word' id='word_1_89' title='bbox 2105 1113 2249 1166; x_wconf 86' lang='lat' dir='ltr'><strong>hunc</strong></span> 
     </span>
    </p>
   </div>
   <div class='ocr_carea' id='block_1_14' title="bbox 703 1201 2248 1274">
    <p class='ocr_par' dir='ltr' id='par_1_14' title="bbox 703 1201 2248 1274">
     <span class='ocr_line' id='line_1_14' title="bbox 703 1201 2248 1274; baseline -0.007 -10"><span class='ocrx_word' id='word_1_90' title='bbox 703 1211 947 1264; x_wconf 82' lang='lat' dir='ltr'><strong>suscitat.</strong></span> <span class='ocrx_word' id='word_1_91' title='bbox 978 1208 1114 1274; x_wconf 85' lang='lat' dir='ltr'><strong>Quid</strong></span> <span class='ocrx_word' id='word_1_92' title='bbox 1143 1222 1271 1262; x_wconf 84' lang='lat' dir='ltr'><strong>vero</strong></span> <span class='ocrx_word' id='word_1_93' title='bbox 1294 1206 1538 1260; x_wconf 87' lang='lat' dir='ltr'><strong>dicebant</strong></span> <span class='ocrx_word' id='word_1_94' title='bbox 1565 1204 1789 1274; x_wconf 77' lang='lat' dir='ltr'><strong>gloriam</strong></span> <span class='ocrx_word' id='word_1_95' title='bbox 1814 1217 1978 1272; x_wconf 89' lang='lat' dir='ltr'><strong>quam</strong></span> <span class='ocrx_word' id='word_1_96' title='bbox 2010 1201 2248 1270; x_wconf 89' lang='lat' dir='ltr'><strong>comple-</strong></span> 
     </span>
    </p>
   </div>
   <div class='ocr_carea' id='block_1_15' title="bbox 702 1289 2247 1363">
    <p class='ocr_par' dir='ltr' id='par_1_15' title="bbox 702 1289 2247 1363">
     <span class='ocr_line' id='line_1_15' title="bbox 702 1289 2247 1363; baseline -0.009 -9"><span class='ocrx_word' id='word_1_97' title='bbox 702 1312 857 1355; x_wconf 90' lang='lat' dir='ltr'><strong>turns</strong></span> <span class='ocrx_word' id='word_1_98' title='bbox 889 1309 1005 1354; x_wconf 89' lang='lat' dir='ltr'><strong>erat</strong></span> <span class='ocrx_word' id='word_1_99' title='bbox 1036 1299 1087 1352; x_wconf 92' lang='lat' dir='ltr'><strong>in</strong></span> <span class='ocrx_word' id='word_1_100' title='bbox 1113 1295 1452 1352; x_wconf 71' lang='lat' dir='ltr'><strong>Jerusalem?</strong></span> <span class='ocrx_word' id='word_1_101' title='bbox 1476 1293 1529 1348; x_wconf 94' lang='lat' dir='ltr'><strong>Id</strong></span> <span class='ocrx_word' id='word_1_102' title='bbox 1553 1302 1655 1358; x_wconf 88' lang='lat' dir='ltr'><strong>est,</strong></span> <span class='ocrx_word' id='word_1_103' title='bbox 1683 1291 1991 1363; x_wconf 82' lang='lat' dir='ltr'><strong>passionem</strong></span> <span class='ocrx_word' id='word_1_104' title='bbox 2025 1289 2165 1360; x_wconf 86' lang='lat' dir='ltr'><strong>ejus,</strong></span> <span class='ocrx_word' id='word_1_105' title='bbox 2194 1295 2247 1343; x_wconf 91' lang='lat' dir='ltr'><strong>et</strong></span> 
     </span>
    </p>
   </div>
   <div class='ocr_carea' id='block_1_16' title="bbox 703 1383 1852 1454">
    <p class='ocr_par' dir='ltr' id='par_1_16' title="bbox 703 1383 1852 1454">
     <span class='ocr_line' id='line_1_16' title="bbox 703 1383 1852 1454; baseline -0.01 -8"><span class='ocrx_word' id='word_1_106' title='bbox 703 1405 939 1454; x_wconf 87' lang='lat' dir='ltr'><strong>crucem,</strong></span> <span class='ocrx_word' id='word_1_107' title='bbox 969 1398 1021 1442; x_wconf 78' lang='lat' dir='ltr'><strong>et</strong></span> <span class='ocrx_word' id='word_1_108' title='bbox 1052 1387 1526 1450; x_wconf 83' lang='lat' dir='ltr'><strong>resurrectionem,</strong></span> <span class='ocrx_word' id='word_1_109' title='bbox 1557 1394 1610 1439; x_wconf 91' lang='lat' dir='ltr'><strong>et</strong></span> <span class='ocrx_word' id='word_1_110' title='bbox 1634 1383 1852 1438; x_wconf 81' lang='lat' dir='ltr'><strong>similia.</strong></span> 
     </span>
    </p>
   </div>
   <div class='ocr_carea' id='block_1_17' title="bbox 769 1471 2248 1538">
    <p class='ocr_par' dir='ltr' id='par_1_17' title="bbox 769 1471 2248 1538">
     <span class='ocr_line' id='line_1_17' title="bbox 769 1471 2248 1538; baseline -0.008 -4"><span class='ocrx_word' id='word_1_111' title='bbox 769 1481 931 1534; x_wconf 65' lang='lat' dir='ltr'><strong>Vsus.</strong></span> <span class='ocrx_word' id='word_1_112' title='bbox 964 1482 1014 1533; x_wconf 73' lang='grc'>4.</span> <span class='ocrx_word' id='word_1_113' title='bbox 1047 1478 1155 1532; x_wconf 88' lang='lat' dir='ltr'><strong>Cur</strong></span> <span class='ocrx_word' id='word_1_114' title='bbox 1176 1478 1304 1531; x_wconf 90' lang='lat' dir='ltr'><strong>dicit</strong></span> <span class='ocrx_word' id='word_1_115' title='bbox 1336 1476 1549 1538; x_wconf 88' lang='lat' dir='ltr'><strong>Petrus,</strong></span> <span class='ocrx_word' id='word_1_116' title='bbox 1573 1474 1774 1527; x_wconf 85' lang='lat' dir='ltr'><strong>Bonum</strong></span> <span class='ocrx_word' id='word_1_117' title='bbox 1803 1481 1877 1525; x_wconf 74' lang='lat' dir='ltr'><strong>est</strong></span> <span class='ocrx_word' id='word_1_118' title='bbox 1909 1487 2002 1524; x_wconf 75' lang='lat' dir='ltr'><strong>nos</strong></span> <span class='ocrx_word' id='word_1_119' title='bbox 2032 1471 2116 1523; x_wconf 76' lang='lat' dir='ltr'><strong>hic</strong></span> <span class='ocrx_word' id='word_1_120' title='bbox 2138 1484 2248 1523; x_wconf 73' lang='lat' dir='ltr'><strong>esse</strong></span> 
     </span>
    </p>
   </div>
   <div class='ocr_carea' id='block_1_18' title="bbox 701 1558 2246 1632">
    <p class='ocr_par' dir='ltr' id='par_1_18' title="bbox 701 1558 2246 1632">
     <span class='ocr_line' id='line_1_18' title="bbox 701 1558 2246 1632; baseline -0.009 -7"><span class='ocrx_word' id='word_1_121' title='bbox 701 1575 754 1626; x_wconf 83' lang='lat' dir='ltr'><strong>in</strong></span> <span class='ocrx_word' id='word_1_122' title='bbox 799 1571 1118 1623; x_wconf 75' lang='lat' dir='ltr'><strong>solitudine?</strong></span> <span class='ocrx_word' id='word_1_123' title='bbox 1151 1568 1289 1632; x_wconf 85' lang='lat' dir='ltr'><strong>Quia</strong></span> <span class='ocrx_word' id='word_1_124' title='bbox 1335 1563 1588 1619; x_wconf 82' lang='lat' dir='ltr'><strong>audiebat</strong></span> <span class='ocrx_word' id='word_1_125' title='bbox 1644 1561 1961 1616; x_wconf 87' lang='lat' dir='ltr'><strong>tradendum</strong></span> <span class='ocrx_word' id='word_1_126' title='bbox 2008 1574 2130 1614; x_wconf 81' lang='lat' dir='ltr'><strong>esse</strong></span> <span class='ocrx_word' id='word_1_127' title='bbox 2181 1558 2246 1612; x_wconf 88' lang='lat' dir='ltr'><strong>ad</strong></span> 
     </span>
    </p>
   </div>
   <div class='ocr_carea' id='block_1_19' title="bbox 702 1647 2243 1715">
    <p class='ocr_par' dir='ltr' id='par_1_19' title="bbox 702 1647 2243 1715">
     <span class='ocr_line' id='line_1_19' title="bbox 702 1647 2243 1715; baseline -0.01 0"><span class='ocrx_word' id='word_1_128' title='bbox 702 1669 930 1715; x_wconf 83' lang='lat' dir='ltr'><strong>mortem</strong></span> <span class='ocrx_word' id='word_1_129' title='bbox 968 1658 1245 1712; x_wconf 88' lang='lat' dir='ltr'><strong>Christum</strong></span> <span class='ocrx_word' id='word_1_130' title='bbox 1276 1672 1290 1708; x_wconf 91' lang='lat'><strong>:</strong></span> <span class='ocrx_word' id='word_1_131' title='bbox 1325 1664 1378 1710; x_wconf 90' lang='lat' dir='ltr'><strong>et</strong></span> <span class='ocrx_word' id='word_1_132' title='bbox 1404 1652 1534 1710; x_wconf 88' lang='lat' dir='ltr'><strong>illud</strong></span> <span class='ocrx_word' id='word_1_133' title='bbox 1565 1651 1741 1706; x_wconf 87' lang='lat' dir='ltr'><strong>Lucas</strong></span> <span class='ocrx_word' id='word_1_134' title='bbox 1771 1649 2061 1705; x_wconf 88' lang='lat' dir='ltr'><strong>ostendens</strong></span> <span class='ocrx_word' id='word_1_135' title='bbox 2094 1647 2243 1713; x_wconf 85' lang='lat' dir='ltr'><strong>dicit,</strong></span> 
     </span>
    </p>
   </div>
   <div class='ocr_carea' id='block_1_20' title="bbox 707 1746 1345 1818">
    <p class='ocr_par' dir='ltr' id='par_1_20' title="bbox 707 1746 1345 1818">
     <span class='ocr_line' id='line_1_20' title="bbox 707 1746 1345 1818; baseline -0.009 -13"><span class='ocrx_word' id='word_1_136' title='bbox 707 1751 952 1805; x_wconf 68' lang='lat' dir='ltr'><strong>Nescierat</strong></span> <span class='ocrx_word' id='word_1_137' title='bbox 980 1749 1102 1818; x_wconf 86' lang='lat' dir='ltr'><strong>quid</strong></span> <span class='ocrx_word' id='word_1_138' title='bbox 1133 1746 1345 1800; x_wconf 72' lang='lat' dir='ltr'><strong>diceret.</strong></span> 
     </span>
    </p>
   </div>
   <div class='ocr_carea' id='block_1_21' title="bbox 777 1831 2247 1904">
    <p class='ocr_par' dir='ltr' id='par_1_21' title="bbox 777 1831 2247 1904">
     <span class='ocr_line' id='line_1_21' title="bbox 777 1831 2247 1904; baseline -0.005 -12"><span class='ocrx_word' id='word_1_139' title='bbox 777 1840 932 1894; x_wconf 72' lang='lat' dir='ltr'><strong>Vsus.</strong></span> <span class='ocrx_word' id='word_1_140' title='bbox 970 1839 1020 1893; x_wconf 86' lang='lat'><strong>5.</strong></span> <span class='ocrx_word' id='word_1_141' title='bbox 1065 1835 1177 1890; x_wconf 82' lang='lat' dir='ltr'><strong>V0.1:</strong></span> <span class='ocrx_word' id='word_1_142' title='bbox 1210 1839 1272 1889; x_wconf 84' lang='lat' dir='ltr'><strong>de</strong></span> <span class='ocrx_word' id='word_1_143' title='bbox 1308 1835 1471 1899; x_wconf 80' lang='lat' dir='ltr'><strong>nube,</strong></span> <span class='ocrx_word' id='word_1_144' title='bbox 1499 1835 1625 1904; x_wconf 85' lang='lat' dir='ltr'><strong>quia</strong></span> <span class='ocrx_word' id='word_1_145' title='bbox 1657 1832 1736 1888; x_wconf 80' lang='lat' dir='ltr'><strong>sic</strong></span> <span class='ocrx_word' id='word_1_146' title='bbox 1775 1831 1917 1886; x_wconf 82' lang='lat' dir='ltr'><strong>Deus</strong></span> <span class='ocrx_word' id='word_1_147' title='bbox 1950 1844 2247 1900; x_wconf 71' lang='lat' dir='ltr'><strong>cognosce-</strong></span> 
     </span>
    </p>
   </div>
   <div class='ocr_carea' id='block_1_22' title="bbox 699 1921 2244 1995">
    <p class='ocr_par' dir='ltr' id='par_1_22' title="bbox 699 1921 2244 1995">
     <span class='ocr_line' id='line_1_22' title="bbox 699 1921 2244 1995; baseline -0.007 -9"><span class='ocrx_word' id='word_1_148' title='bbox 699 1933 886 1995; x_wconf 84' lang='lat' dir='ltr'><strong>batur;</strong></span> <span class='ocrx_word' id='word_1_149' title='bbox 921 1928 1091 1983; x_wconf 87' lang='lat' dir='ltr'><strong>lucida</strong></span> <span class='ocrx_word' id='word_1_150' title='bbox 1119 1936 1297 1981; x_wconf 89' lang='lat' dir='ltr'><strong>autem</strong></span> <span class='ocrx_word' id='word_1_151' title='bbox 1337 1924 1506 1980; x_wconf 86' lang='lat' dir='ltr'><strong>nubes</strong></span> <span class='ocrx_word' id='word_1_152' title='bbox 1529 1966 1543 1990; x_wconf 91' lang='lat'><strong>,</strong></span> <span class='ocrx_word' id='word_1_153' title='bbox 1578 1925 1702 1993; x_wconf 88' lang='lat' dir='ltr'><strong>quia</strong></span> <span class='ocrx_word' id='word_1_154' title='bbox 1730 1923 1905 1977; x_wconf 89' lang='lat' dir='ltr'><strong>timeri</strong></span> <span class='ocrx_word' id='word_1_155' title='bbox 1939 1937 2045 1976; x_wconf 91' lang='lat' dir='ltr'><strong>non</strong></span> <span class='ocrx_word' id='word_1_156' title='bbox 2095 1921 2244 1976; x_wconf 77' lang='lat' dir='ltr'><strong>vole-</strong></span> 
     </span>
    </p>
   </div>
   <div class='ocr_carea' id='block_1_23' title="bbox 699 2005 2242 2081">
    <p class='ocr_par' dir='ltr' id='par_1_23' title="bbox 699 2005 2242 2081">
     <span class='ocr_line' id='line_1_23' title="bbox 699 2005 2242 2081; baseline -0.008 -5"><span class='ocrx_word' id='word_1_157' title='bbox 699 2024 806 2076; x_wconf 89' lang='lat' dir='ltr'><strong>bat.</strong></span> <span class='ocrx_word' id='word_1_158' title='bbox 845 2019 941 2073; x_wconf 90' lang='lat' dir='ltr'><strong>Ubi</strong></span> <span class='ocrx_word' id='word_1_159' title='bbox 967 2019 1108 2072; x_wconf 91' lang='lat' dir='ltr'><strong>enim</strong></span> <span class='ocrx_word' id='word_1_160' title='bbox 1136 2026 1332 2081; x_wconf 88' lang='lat' dir='ltr'><strong>metus,</strong></span> <span class='ocrx_word' id='word_1_161' title='bbox 1358 2015 1428 2070; x_wconf 89' lang='lat' dir='ltr'><strong>ibi</strong></span> <span class='ocrx_word' id='word_1_162' title='bbox 1465 2005 1750 2070; x_wconf 83' lang='lat' dir='ltr'><strong>tenebrosa</strong></span> <span class='ocrx_word' id='word_1_163' title='bbox 1778 2022 1860 2070; x_wconf 88' lang='lat' dir='ltr'><strong>est</strong></span> <span class='ocrx_word' id='word_1_164' title='bbox 1888 2014 2082 2078; x_wconf 84' lang='lat' dir='ltr'><strong>nubes,</strong></span> <span class='ocrx_word' id='word_1_165' title='bbox 2108 2020 2164 2066; x_wconf 94' lang='lat' dir='ltr'><strong>ut</strong></span> <span class='ocrx_word' id='word_1_166' title='bbox 2189 2011 2242 2064; x_wconf 93' lang='lat' dir='ltr'><strong>in</strong></span> 
     </span>
    </p>
   </div>
   <div class='ocr_carea' id='block_1_24' title="bbox 699 2105 2245 2177">
    <p class='ocr_par' dir='ltr' id='par_1_24' title="bbox 699 2105 2245 2177">
     <span class='ocr_line' id='line_1_24' title="bbox 699 2105 2245 2177; baseline -0.006 -9"><span class='ocrx_word' id='word_1_167' title='bbox 699 2121 880 2168; x_wconf 87' lang='lat' dir='ltr'><strong>monte</strong></span> <span class='ocrx_word' id='word_1_168' title='bbox 914 2109 1061 2164; x_wconf 89' lang='lat' dir='ltr'><strong>Sina.</strong></span> <span class='ocrx_word' id='word_1_169' title='bbox 1088 2109 1214 2163; x_wconf 89' lang='lat' dir='ltr'><strong>Ideo</strong></span> <span class='ocrx_word' id='word_1_170' title='bbox 1240 2116 1520 2177; x_wconf 87' lang='lat' dir='ltr'><strong>postquam</strong></span> <span class='ocrx_word' id='word_1_171' title='bbox 1549 2106 1940 2172; x_wconf 85' lang='lat' dir='ltr'><strong>disparuissent</strong></span> <span class='ocrx_word' id='word_1_172' title='bbox 1959 2105 2172 2174; x_wconf 81' lang='lat' dir='ltr'><strong>Moyses</strong></span> <span class='ocrx_word' id='word_1_173' title='bbox 2191 2112 2245 2158; x_wconf 89' lang='lat' dir='ltr'><strong>et</strong></span> 
     </span>
    </p>
   </div>
   <div class='ocr_carea' id='block_1_25' title="bbox 703 2190 2244 2266">
    <p class='ocr_par' dir='ltr' id='par_1_25' title="bbox 703 2190 2244 2266">
     <span class='ocr_line' id='line_1_25' title="bbox 703 2190 2244 2266; baseline -0.008 -11"><span class='ocrx_word' id='word_1_174' title='bbox 703 2203 876 2266; x_wconf 80' lang='lat' dir='ltr'><strong>Elias,</strong></span> <span class='ocrx_word' id='word_1_175' title='bbox 909 2209 1035 2254; x_wconf 92' lang='lat' dir='ltr'><strong>tunc</strong></span> <span class='ocrx_word' id='word_1_176' title='bbox 1068 2199 1126 2250; x_wconf 90' lang='lat' dir='ltr'><strong>lit</strong></span> <span class='ocrx_word' id='word_1_177' title='bbox 1160 2213 1282 2260; x_wconf 78' lang='lat' dir='ltr'><strong>vox,</strong></span> <span class='ocrx_word' id='word_1_178' title='bbox 1322 2211 1388 2249; x_wconf 90' lang='lat' dir='ltr'><strong>ne</strong></span> <span class='ocrx_word' id='word_1_179' title='bbox 1426 2195 1493 2249; x_wconf 86' lang='lat' dir='ltr'><strong>de</strong></span> <span class='ocrx_word' id='word_1_180' title='bbox 1538 2195 1750 2253; x_wconf 66' lang='lat' dir='ltr'><strong>illorum</strong></span> <span class='ocrx_word' id='word_1_181' title='bbox 1802 2193 2018 2262; x_wconf 88' lang='lat' dir='ltr'><strong>aliquo,</strong></span> <span class='ocrx_word' id='word_1_182' title='bbox 2053 2190 2147 2246; x_wconf 87' lang='lat' dir='ltr'><strong>sed</strong></span> <span class='ocrx_word' id='word_1_183' title='bbox 2177 2190 2244 2243; x_wconf 90' lang='lat' dir='ltr'><strong>de</strong></span> 
     </span>
    </p>
   </div>
   <div class='ocr_carea' id='block_1_26' title="bbox 701 2282 1895 2354">
    <p class='ocr_par' dir='ltr' id='par_1_26' title="bbox 701 2282 1895 2354">
     <span class='ocr_line' id='line_1_26' title="bbox 701 2282 1895 2354; baseline -0.009 -9"><span class='ocrx_word' id='word_1_184' title='bbox 701 2292 920 2346; x_wconf 82' lang='lat' dir='ltr'><strong>Christo</strong></span> <span class='ocrx_word' id='word_1_185' title='bbox 946 2287 1273 2354; x_wconf 79' lang='lat' dir='ltr'><strong>intelligatur</strong></span> <span class='ocrx_word' id='word_1_186' title='bbox 1306 2300 1405 2338; x_wconf 78' lang='lat' dir='ltr'><strong>vox</strong></span> <span class='ocrx_word' id='word_1_187' title='bbox 1436 2298 1558 2352; x_wconf 69' lang='lat' dir='ltr'><strong>qua:</strong></span> <span class='ocrx_word' id='word_1_188' title='bbox 1586 2282 1766 2336; x_wconf 87' lang='lat' dir='ltr'><strong>audita</strong></span> <span class='ocrx_word' id='word_1_189' title='bbox 1791 2292 1895 2336; x_wconf 90' lang='lat' dir='ltr'><strong>est.</strong></span> 
     </span>
    </p>
   </div>
   <div class='ocr_carea' id='block_1_27' title="bbox 769 2368 2241 2442">
    <p class='ocr_par' dir='ltr' id='par_1_27' title="bbox 769 2368 2241 2442">
     <span class='ocr_line' id='line_1_27' title="bbox 769 2368 2241 2442; baseline -0.008 -8"><span class='ocrx_word' id='word_1_190' title='bbox 769 2381 884 2433; x_wconf 74' lang='lat' dir='ltr'><strong>Non</strong></span> <span class='ocrx_word' id='word_1_191' title='bbox 912 2377 1185 2432; x_wconf 82' lang='lat' dir='ltr'><strong>Christum</strong></span> <span class='ocrx_word' id='word_1_192' title='bbox 1223 2374 1396 2429; x_wconf 89' lang='lat' dir='ltr'><strong>solum</strong></span> <span class='ocrx_word' id='word_1_193' title='bbox 1436 2373 1648 2442; x_wconf 90' lang='lat' dir='ltr'><strong>operuit</strong></span> <span class='ocrx_word' id='word_1_194' title='bbox 1697 2370 1903 2435; x_wconf 85' lang='lat' dir='ltr'><strong>nubes,</strong></span> <span class='ocrx_word' id='word_1_195' title='bbox 1937 2371 2030 2423; x_wconf 83' lang='lat' dir='ltr'><strong>sed</strong></span> <span class='ocrx_word' id='word_1_196' title='bbox 2077 2368 2241 2424; x_wconf 88' lang='lat' dir='ltr'><strong>etiam</strong></span> 
     </span>
    </p>
   </div>
   <div class='ocr_carea' id='block_1_28' title="bbox 699 2459 2242 2539">
    <p class='ocr_par' dir='ltr' id='par_1_28' title="bbox 699 2459 2242 2539">
     <span class='ocr_line' id='line_1_28' title="bbox 699 2459 2242 2539; baseline -0.009 -13"><span class='ocrx_word' id='word_1_197' title='bbox 699 2466 1012 2539; x_wconf 84' lang='lat' dir='ltr'><strong>discipulos,</strong></span> <span class='ocrx_word' id='word_1_198' title='bbox 1043 2481 1108 2527; x_wconf 88' lang='lat' dir='ltr'><strong>ne</strong></span> <span class='ocrx_word' id='word_1_199' title='bbox 1151 2472 1435 2535; x_wconf 87' lang='lat' dir='ltr'><strong>putaretur</strong></span> <span class='ocrx_word' id='word_1_200' title='bbox 1462 2461 1715 2518; x_wconf 83' lang='lat' dir='ltr'><strong>Christus</strong></span> <span class='ocrx_word' id='word_1_201' title='bbox 1757 2474 1944 2516; x_wconf 75' lang='lat' dir='ltr'><strong>vocem</strong></span> <span class='ocrx_word' id='word_1_202' title='bbox 1976 2459 2242 2514; x_wconf 88' lang='lat' dir='ltr'><strong>emisisse.</strong></span> 
     </span>
    </p>
   </div>
   <div class='ocr_carea' id='block_1_29' title="bbox 766 2631 2246 2712">
    <p class='ocr_par' dir='ltr' id='par_1_29' title="bbox 766 2631 2246 2712">
     <span class='ocr_line' id='line_1_29' title="bbox 766 2631 2246 2712; baseline -0.008 -14"><span class='ocrx_word' id='word_1_203' title='bbox 766 2644 927 2710; x_wconf 86' lang='lat' dir='ltr'><strong>Illud,</strong></span> <span class='ocrx_word' id='word_1_204' title='bbox 963 2643 1025 2697; x_wconf 83' lang='lat' dir='ltr'><strong>lu</strong></span> <span class='ocrx_word' id='word_1_205' title='bbox 1055 2657 1155 2712; x_wconf 84' lang='lat' dir='ltr'><strong>quo</strong></span> <span class='ocrx_word' id='word_1_206' title='bbox 1187 2639 1479 2708; x_wconf 86' lang='lat' dir='ltr'><strong>complacui</strong></span> <span class='ocrx_word' id='word_1_207' title='bbox 1499 2679 1513 2704; x_wconf 87' lang='lat'><strong>,</strong></span> <span class='ocrx_word' id='word_1_208' title='bbox 1545 2637 1686 2692; x_wconf 88' lang='lat' dir='ltr'><strong>idem</strong></span> <span class='ocrx_word' id='word_1_209' title='bbox 1733 2644 1890 2691; x_wconf 90' lang='lat' dir='ltr'><strong>sonat</strong></span> <span class='ocrx_word' id='word_1_210' title='bbox 1920 2649 2004 2698; x_wconf 91' lang='lat' dir='ltr'><strong>ac,</strong></span> <span class='ocrx_word' id='word_1_211' title='bbox 2038 2631 2094 2687; x_wconf 85' lang='lat' dir='ltr'><strong>In</strong></span> <span class='ocrx_word' id='word_1_212' title='bbox 2137 2647 2246 2703; x_wconf 91' lang='lat' dir='ltr'><strong>quo</strong></span> 
     </span>
    </p>
   </div>
   <div class='ocr_carea' id='block_1_30' title="bbox 697 2724 2247 2809">
    <p class='ocr_par' dir='ltr' id='par_1_30' title="bbox 697 2724 2247 2809">
     <span class='ocr_line' id='line_1_30' title="bbox 697 2724 2247 2809; baseline -0.007 -18"><span class='ocrx_word' id='word_1_213' title='bbox 697 2739 938 2809; x_wconf 77' lang='lat' dir='ltr'><strong>quiesco.</strong></span> <span class='ocrx_word' id='word_1_214' title='bbox 968 2735 1220 2789; x_wconf 86' lang='lat' dir='ltr'><strong>Additum</strong></span> <span class='ocrx_word' id='word_1_215' title='bbox 1248 2741 1330 2786; x_wconf 88' lang='lat' dir='ltr'><strong>est</strong></span> <span class='ocrx_word' id='word_1_216' title='bbox 1355 2741 1554 2796; x_wconf 86' lang='lat' dir='ltr'><strong>autem,</strong></span> <span class='ocrx_word' id='word_1_217' title='bbox 1587 2728 1748 2782; x_wconf 82' lang='lat' dir='ltr'><strong>Illum</strong></span> <span class='ocrx_word' id='word_1_218' title='bbox 1775 2728 1975 2791; x_wconf 79' lang='lat' dir='ltr'><strong>audite,</strong></span> <span class='ocrx_word' id='word_1_219' title='bbox 2007 2740 2095 2790; x_wconf 89' lang='lat' dir='ltr'><strong>ne,</strong></span> <span class='ocrx_word' id='word_1_220' title='bbox 2121 2724 2247 2780; x_wconf 84' lang='lat' dir='ltr'><strong>licet</strong></span> 
     </span>
    </p>
   </div>
   <div class='ocr_carea' id='block_1_31' title="bbox 696 2817 1589 2897">
    <p class='ocr_par' dir='ltr' id='par_1_31' title="bbox 696 2817 1589 2897">
     <span class='ocr_line' id='line_1_31' title="bbox 696 2817 1589 2897; baseline -0.011 -12"><span class='ocrx_word' id='word_1_221' title='bbox 696 2831 1040 2897; x_wconf 81' lang='lat' dir='ltr'><strong>crucillgatur</strong></span> <span class='ocrx_word' id='word_1_222' title='bbox 1059 2817 1355 2891; x_wconf 46' lang='lat' dir='ltr'><strong>{deliciant</strong></span> <span class='ocrx_word' id='word_1_223' title='bbox 1390 2821 1589 2875; x_wconf 79' lang='lat' dir='ltr'><strong>animo.</strong></span> 
     </span>
    </p>
   </div>
   <div class='ocr_carea' id='block_1_32' title="bbox 769 2905 2241 2983">
    <p class='ocr_par' dir='ltr' id='par_1_32' title="bbox 769 2905 2241 2983">
     <span class='ocr_line' id='line_1_32' title="bbox 769 2905 2241 2983; baseline -0.011 -9"><span class='ocrx_word' id='word_1_224' title='bbox 769 2919 931 2974; x_wconf 73' lang='lat' dir='ltr'><strong>Vsus.</strong></span> <span class='ocrx_word' id='word_1_225' title='bbox 967 2918 1017 2971; x_wconf 88' lang='lat'><strong>6.</strong></span> <span class='ocrx_word' id='word_1_226' title='bbox 1056 2916 1185 2977; x_wconf 89' lang='lat' dir='ltr'><strong>Cur,</strong></span> <span class='ocrx_word' id='word_1_227' title='bbox 1228 2911 1446 2983; x_wconf 82' lang='lat' dir='ltr'><strong>quando</strong></span> <span class='ocrx_word' id='word_1_228' title='bbox 1485 2911 1537 2964; x_wconf 92' lang='lat' dir='ltr'><strong>in</strong></span> <span class='ocrx_word' id='word_1_229' title='bbox 1590 2909 1912 2977; x_wconf 84' lang='lat' dir='ltr'><strong>baptismate</strong></span> <span class='ocrx_word' id='word_1_230' title='bbox 1965 2921 2065 2959; x_wconf 76' lang='lat' dir='ltr'><strong>vox</strong></span> <span class='ocrx_word' id='word_1_231' title='bbox 2105 2905 2241 2958; x_wconf 85' lang='lat' dir='ltr'><strong>facta</strong></span> 
     </span>
    </p>
   </div>
   <div class='ocr_carea' id='block_1_33' title="bbox 699 2992 2241 3074">
    <p class='ocr_par' dir='ltr' id='par_1_33' title="bbox 699 2992 2241 3074">
     <span class='ocr_line' id='line_1_33' title="bbox 699 2992 2241 3074; baseline -0.013 -10"><span class='ocrx_word' id='word_1_232' title='bbox 699 3019 804 3074; x_wconf 90' lang='lat' dir='ltr'><strong>est,</strong></span> <span class='ocrx_word' id='word_1_233' title='bbox 839 3023 943 3061; x_wconf 91' lang='lat' dir='ltr'><strong>non</strong></span> <span class='ocrx_word' id='word_1_234' title='bbox 969 3006 1302 3064; x_wconf 88' lang='lat' dir='ltr'><strong>ceciderunt,</strong></span> <span class='ocrx_word' id='word_1_235' title='bbox 1339 3001 1425 3054; x_wconf 90' lang='lat' dir='ltr'><strong>hic</strong></span> <span class='ocrx_word' id='word_1_236' title='bbox 1454 3005 1635 3053; x_wconf 88' lang='lat' dir='ltr'><strong>autem</strong></span> <span class='ocrx_word' id='word_1_237' title='bbox 1667 2997 1807 3051; x_wconf 89' lang='lat' dir='ltr'><strong>istud</strong></span> <span class='ocrx_word' id='word_1_238' title='bbox 1839 2994 2078 3049; x_wconf 83' lang='lat' dir='ltr'><strong>accidit?</strong></span> <span class='ocrx_word' id='word_1_239' title='bbox 2106 2992 2241 3059; x_wconf 87' lang='lat' dir='ltr'><strong>Quia</strong></span> 
     </span>
    </p>
   </div>
   <div class='ocr_carea' id='block_1_34' title="bbox 699 3083 2244 3168">
    <p class='ocr_par' dir='ltr' id='par_1_34' title="bbox 699 3083 2244 3168">
     <span class='ocr_line' id='line_1_34' title="bbox 699 3083 2244 3168; baseline -0.011 -15"><span class='ocrx_word' id='word_1_240' title='bbox 699 3103 750 3153; x_wconf 93' lang='lat' dir='ltr'><strong>in</strong></span> <span class='ocrx_word' id='word_1_241' title='bbox 775 3098 1095 3168; x_wconf 61' lang='lat' dir='ltr'><strong>baptismate</strong></span> <span class='ocrx_word' id='word_1_242' title='bbox 1128 3094 1287 3147; x_wconf 90' lang='lat' dir='ltr'><strong>turba</strong></span> <span class='ocrx_word' id='word_1_243' title='bbox 1310 3099 1447 3154; x_wconf 85' lang='lat' dir='ltr'><strong>erat,</strong></span> <span class='ocrx_word' id='word_1_244' title='bbox 1474 3090 1564 3143; x_wconf 85' lang='lat' dir='ltr'><strong>hic</strong></span> <span class='ocrx_word' id='word_1_245' title='bbox 1589 3103 1716 3142; x_wconf 71' lang='lat' dir='ltr'><strong>vero</strong></span> <span class='ocrx_word' id='word_1_246' title='bbox 1745 3091 2018 3148; x_wconf 79' lang='lat' dir='ltr'><strong>desertum</strong></span> <span class='ocrx_word' id='word_1_247' title='bbox 2044 3093 2097 3137; x_wconf 89' lang='lat' dir='ltr'><strong>et</strong></span> <span class='ocrx_word' id='word_1_248' title='bbox 2127 3083 2244 3137; x_wconf 83' lang='lat' dir='ltr'><strong>alti—</strong></span> 
     </span>
    </p>
   </div>
   <div class='ocr_carea' id='block_1_35' title="bbox 700 3172 2246 3254">
    <p class='ocr_par' dir='ltr' id='par_1_35' title="bbox 700 3172 2246 3254">
     <span class='ocr_line' id='line_1_35' title="bbox 700 3172 2246 3254; baseline -0.01 -13"><span class='ocrx_word' id='word_1_249' title='bbox 700 3189 847 3250; x_wconf 87' lang='lat' dir='ltr'><strong>tudo,</strong></span> <span class='ocrx_word' id='word_1_250' title='bbox 872 3186 1077 3254; x_wconf 90' lang='lat' dir='ltr'><strong>solique</strong></span> <span class='ocrx_word' id='word_1_251' title='bbox 1107 3191 1261 3235; x_wconf 79' lang='lat' dir='ltr'><strong>erant</strong></span> <span class='ocrx_word' id='word_1_252' title='bbox 1287 3195 1380 3248; x_wconf 87' lang='lat' dir='ltr'><strong>per</strong></span> <span class='ocrx_word' id='word_1_253' title='bbox 1415 3178 1785 3240; x_wconf 86' lang='lat' dir='ltr'><strong>solitudinem,</strong></span> <span class='ocrx_word' id='word_1_254' title='bbox 1813 3183 1868 3229; x_wconf 91' lang='lat' dir='ltr'><strong>et</strong></span> <span class='ocrx_word' id='word_1_255' title='bbox 1907 3185 2030 3228; x_wconf 88' lang='lat' dir='ltr'><strong>ante</strong></span> <span class='ocrx_word' id='word_1_256' title='bbox 2057 3172 2246 3226; x_wconf 90' lang='lat' dir='ltr'><strong>oculos</strong></span> 
     </span>
    </p>
   </div>
   <div class='ocr_carea' id='block_1_36' title="bbox 700 3262 2248 3346">
    <p class='ocr_par' dir='ltr' id='par_1_36' title="bbox 700 3262 2248 3346">
     <span class='ocr_line' id='line_1_36' title="bbox 700 3262 2248 3346; baseline -0.01 -15"><span class='ocrx_word' id='word_1_257' title='bbox 700 3278 988 3346; x_wconf 76' lang='lat' dir='ltr'><strong>splendens</strong></span> <span class='ocrx_word' id='word_1_258' title='bbox 1013 3274 1311 3342; x_wconf 75' lang='lat' dir='ltr'><strong>prodigium</strong></span> <span class='ocrx_word' id='word_1_259' title='bbox 1343 3269 1478 3322; x_wconf 86' lang='lat' dir='ltr'><strong>lucis</strong></span> <span class='ocrx_word' id='word_1_260' title='bbox 1507 3267 1811 3336; x_wconf 73' lang='lat' dir='ltr'><strong>purissimae</strong></span> <span class='ocrx_word' id='word_1_261' title='bbox 1840 3275 1892 3319; x_wconf 92' lang='lat' dir='ltr'><strong>et</strong></span> <span class='ocrx_word' id='word_1_262' title='bbox 1929 3263 2101 3318; x_wconf 89' lang='lat' dir='ltr'><strong>nubes</strong></span> <span class='ocrx_word' id='word_1_263' title='bbox 2147 3262 2248 3316; x_wconf 87' lang='lat' dir='ltr'><strong>hos</strong></span> 
     </span>
    </p>
   </div>
   <div class='ocr_carea' id='block_1_37' title="bbox 701 3359 1244 3431">
    <p class='ocr_par' dir='ltr' id='par_1_37' title="bbox 701 3359 1244 3431">
     <span class='ocr_line' id='line_1_37' title="bbox 701 3359 1244 3431; baseline -0.013 -12"><span class='ocrx_word' id='word_1_264' title='bbox 701 3368 806 3420; x_wconf 83' lang='lat' dir='ltr'><strong>tale</strong></span> <span class='ocrx_word' id='word_1_265' title='bbox 834 3362 1062 3431; x_wconf 78' lang='lat' dir='ltr'><strong>experiri</strong></span> <span class='ocrx_word' id='word_1_266' title='bbox 1096 3359 1244 3414; x_wconf 90' lang='lat' dir='ltr'><strong>facit.</strong></span> 
     </span>
    </p>
   </div>
   <div class='ocr_carea' id='block_1_38' title="bbox 776 3441 2248 3516">
    <p class='ocr_par' dir='ltr' id='par_1_38' title="bbox 776 3441 2248 3516">
     <span class='ocr_line' id='line_1_38' title="bbox 776 3441 2248 3516; baseline -0.009 -10"><span class='ocrx_word' id='word_1_267' title='bbox 776 3454 933 3508; x_wconf 73' lang='lat' dir='ltr'><strong>Vsus.</strong></span> <span class='ocrx_word' id='word_1_268' title='bbox 973 3451 1026 3505; x_wconf 85' lang='grc'><strong>’1.</strong></span> <span class='ocrx_word' id='word_1_269' title='bbox 1070 3449 1207 3516; x_wconf 86' lang='lat' dir='ltr'><strong>Quid</strong></span> <span class='ocrx_word' id='word_1_270' title='bbox 1257 3459 1374 3511; x_wconf 88' lang='lat' dir='ltr'><strong>est,</strong></span> <span class='ocrx_word' id='word_1_271' title='bbox 1410 3446 1623 3501; x_wconf 83' lang='lat' dir='ltr'><strong>Cravati</strong></span> <span class='ocrx_word' id='word_1_272' title='bbox 1669 3453 1819 3497; x_wconf 80' lang='lat' dir='ltr'><strong>erant</strong></span> <span class='ocrx_word' id='word_1_273' title='bbox 1861 3443 2076 3495; x_wconf 80' lang='lat' dir='ltr'><strong>somno?</strong></span> <span class='ocrx_word' id='word_1_274' title='bbox 2113 3441 2248 3506; x_wconf 86' lang='lat' dir='ltr'><strong>Quia</strong></span> 
     </span>
    </p>
   </div>
   <div class='ocr_carea' id='block_1_39' title="bbox 702 3531 2251 3612">
    <p class='ocr_par' dir='ltr' id='par_1_39' title="bbox 702 3531 2251 3612">
     <span class='ocr_line' id='line_1_39' title="bbox 702 3531 2251 3612; baseline -0.011 -14"><span class='ocrx_word' id='word_1_275' title='bbox 702 3558 896 3612; x_wconf 78' lang='lat' dir='ltr'><strong>magno</strong></span> <span class='ocrx_word' id='word_1_276' title='bbox 930 3539 1344 3611; x_wconf 86' lang='lat' dir='ltr'><strong>possidebantur</strong></span> <span class='ocrx_word' id='word_1_277' title='bbox 1375 3547 1623 3606; x_wconf 89' lang='lat' dir='ltr'><strong>stupore;</strong></span> <span class='ocrx_word' id='word_1_278' title='bbox 1658 3534 1756 3586; x_wconf 87' lang='lat' dir='ltr'><strong>hoc</strong></span> <span class='ocrx_word' id='word_1_279' title='bbox 1779 3541 1957 3585; x_wconf 89' lang='lat' dir='ltr'><strong>autem</strong></span> <span class='ocrx_word' id='word_1_280' title='bbox 1987 3531 2251 3584; x_wconf 84' lang='lat' dir='ltr'><strong>avisione</strong></span> 
     </span>
    </p>
   </div>
   <div class='ocr_carea' id='block_1_40' title="bbox 700 3627 1470 3690">
    <p class='ocr_par' dir='ltr' id='par_1_40' title="bbox 700 3627 1470 3690">
     <span class='ocr_line' id='line_1_40' title="bbox 700 3627 1470 3690; baseline -0.016 0"><span class='ocrx_word' id='word_1_281' title='bbox 700 3637 790 3690; x_wconf 91' lang='lat' dir='ltr'><strong>illa</strong></span> <span class='ocrx_word' id='word_1_282' title='bbox 817 3631 1142 3686; x_wconf 84' lang='lat' dir='ltr'><strong>miraculosa</strong></span> <span class='ocrx_word' id='word_1_283' title='bbox 1179 3627 1470 3681; x_wconf 89' lang='lat' dir='ltr'><strong>oriebatur.</strong></span> 
     </span>
    </p>
   </div>
   <div class='ocr_carea' id='block_1_41' title="bbox 771 3698 2248 3778">
    <p class='ocr_par' dir='ltr' id='par_1_41' title="bbox 771 3698 2248 3778">
     <span class='ocr_line' id='line_1_41' title="bbox 771 3698 2248 3778; baseline -0.008 -2"><span class='ocrx_word' id='word_1_284' title='bbox 771 3723 933 3778; x_wconf 70' lang='lat' dir='ltr'><strong>Vens.</strong></span> <span class='ocrx_word' id='word_1_285' title='bbox 967 3723 1017 3775; x_wconf 86' lang='lat'><strong>9.</strong></span> <span class='ocrx_word' id='word_1_286' title='bbox 1055 3721 1163 3773; x_wconf 92' lang='lat' dir='ltr'><strong>Cur</strong></span> <span class='ocrx_word' id='word_1_287' title='bbox 1201 3718 1333 3772; x_wconf 91' lang='lat' dir='ltr'><strong>dicit</strong></span> <span class='ocrx_word' id='word_1_288' title='bbox 1390 3715 1591 3770; x_wconf 84' lang='lat' dir='ltr'><strong>nemini</strong></span> <span class='ocrx_word' id='word_1_289' title='bbox 1628 3715 1810 3767; x_wconf 89' lang='lat' dir='ltr'><strong>dicant</strong></span> <span class='ocrx_word' id='word_1_290' title='bbox 1839 3698 2070 3768; x_wconf 19' lang='lat' dir='ltr'><strong>donec&#39;a</strong></span> <span class='ocrx_word' id='word_1_291' title='bbox 2106 3725 2248 3765; x_wconf 90' lang='lat' dir='ltr'><strong>mor-</strong></span> 
     </span>
    </p>
   </div>
   <div class='ocr_carea' id='block_1_42' title="bbox 701 3800 2246 3879">
    <p class='ocr_par' dir='ltr' id='par_1_42' title="bbox 701 3800 2246 3879">
     <span class='ocr_line' id='line_1_42' title="bbox 701 3800 2246 3879; baseline -0.01 -11"><span class='ocrx_word' id='word_1_292' title='bbox 701 3815 803 3868; x_wconf 87' lang='lat' dir='ltr'><strong>tuis</strong></span> <span class='ocrx_word' id='word_1_293' title='bbox 833 3808 1118 3879; x_wconf 80' lang='lat' dir='ltr'><strong>resurgat?</strong></span> <span class='ocrx_word' id='word_1_294' title='bbox 1157 3807 1296 3874; x_wconf 84' lang='lat' dir='ltr'><strong>Quia</strong></span> <span class='ocrx_word' id='word_1_295' title='bbox 1331 3815 1531 3875; x_wconf 91' lang='lat' dir='ltr'><strong>quanto</strong></span> <span class='ocrx_word' id='word_1_296' title='bbox 1574 3803 1777 3870; x_wconf 85' lang='lat' dir='ltr'><strong>majora</strong></span> <span class='ocrx_word' id='word_1_297' title='bbox 1825 3801 1967 3854; x_wconf 74' lang='lat' dir='ltr'><strong>dicta</strong></span> <span class='ocrx_word' id='word_1_298' title='bbox 1998 3800 2246 3862; x_wconf 88' lang='lat' dir='ltr'><strong>fuissent,</strong></span> 
     </span>
    </p>
   </div>
   <div class='ocr_carea' id='block_1_43' title="bbox 703 3890 2249 3960">
    <p class='ocr_par' dir='ltr' id='par_1_43' title="bbox 703 3890 2249 3960">
     <span class='ocr_line' id='line_1_43' title="bbox 703 3890 2249 3960; baseline -0.012 0"><span class='ocrx_word' id='word_1_299' title='bbox 703 3914 850 3960; x_wconf 83' lang='lat' dir='ltr'><strong>tanto</strong></span> <span class='ocrx_word' id='word_1_300' title='bbox 887 3899 1085 3956; x_wconf 82' lang='lat' dir='ltr'><strong>invidia</strong></span> <span class='ocrx_word' id='word_1_301' title='bbox 1123 3908 1177 3952; x_wconf 90' lang='lat' dir='ltr'><strong>et</strong></span> <span class='ocrx_word' id='word_1_302' title='bbox 1203 3895 1576 3950; x_wconf 85' lang='lat' dir='ltr'><strong>incredulitate</strong></span> <span class='ocrx_word' id='word_1_303' title='bbox 1631 3893 1938 3946; x_wconf 77' lang='lat' dir='ltr'><strong>laborantes</strong></span> <span class='ocrx_word' id='word_1_304' title='bbox 1986 3890 2075 3943; x_wconf 89' lang='lat' dir='ltr'><strong>illa</strong></span> <span class='ocrx_word' id='word_1_305' title='bbox 2109 3904 2249 3958; x_wconf 69' lang='lat' dir='ltr'><strong>aegre</strong></span> 
     </span>
    </p>
   </div>
   <div class='ocr_carea' id='block_1_44' title="bbox 701 3980 2248 4062">
    <p class='ocr_par' dir='ltr' id='par_1_44' title="bbox 701 3980 2248 4062">
     <span class='ocr_line' id='line_1_44' title="bbox 701 3980 2248 4062; baseline -0.012 -14"><span class='ocrx_word' id='word_1_306' title='bbox 701 3995 872 4062; x_wconf 82' lang='lat' dir='ltr'><strong>magis</strong></span> <span class='ocrx_word' id='word_1_307' title='bbox 893 3998 1106 4059; x_wconf 81' lang='lat' dir='ltr'><strong>accepta</strong></span> <span class='ocrx_word' id='word_1_308' title='bbox 1131 3987 1483 4047; x_wconf 84' lang='lat' dir='ltr'><strong>habuissent;</strong></span> <span class='ocrx_word' id='word_1_309' title='bbox 1507 3982 1600 4035; x_wconf 89' lang='lat' dir='ltr'><strong>sed</strong></span> <span class='ocrx_word' id='word_1_310' title='bbox 1631 3991 1748 4050; x_wconf 88' lang='lat' dir='ltr'><strong>post</strong></span> <span class='ocrx_word' id='word_1_311' title='bbox 1773 3980 2248 4042; x_wconf 83' lang='lat' dir='ltr'><strong>resurrectionem,</strong></span> 
     </span>
    </p>
   </div>
   <div class='ocr_carea' id='block_1_45' title="bbox 699 4068 2250 4142">
    <p class='ocr_par' dir='ltr' id='par_1_45' title="bbox 699 4068 2250 4142">
     <span class='ocr_line' id='line_1_45' title="bbox 699 4068 2250 4142; baseline -0.012 -4"><span class='ocrx_word' id='word_1_312' title='bbox 699 4101 730 4138; x_wconf 90' lang='lat' dir='ltr'><strong>e</strong></span> <span class='ocrx_word' id='word_1_313' title='bbox 764 4081 938 4136; x_wconf 86' lang='lat' dir='ltr'><strong>medio</strong></span> <span class='ocrx_word' id='word_1_314' title='bbox 972 4080 1150 4131; x_wconf 82' lang='lat' dir='ltr'><strong>ablato</strong></span> <span class='ocrx_word' id='word_1_315' title='bbox 1178 4076 1270 4128; x_wconf 88' lang='lat' dir='ltr'><strong>illo</strong></span> <span class='ocrx_word' id='word_1_316' title='bbox 1299 4088 1458 4142; x_wconf 88' lang='lat' dir='ltr'><strong>quem</strong></span> <span class='ocrx_word' id='word_1_317' title='bbox 1487 4072 1737 4135; x_wconf 88' lang='lat' dir='ltr'><strong>oderint,</strong></span> <span class='ocrx_word' id='word_1_318' title='bbox 1772 4080 1826 4123; x_wconf 89' lang='lat' dir='ltr'><strong>et</strong></span> <span class='ocrx_word' id='word_1_319' title='bbox 1853 4069 2110 4137; x_wconf 81' lang='lat' dir='ltr'><strong>apostolis</strong></span> <span class='ocrx_word' id='word_1_320' title='bbox 2140 4068 2250 4135; x_wconf 88' lang='lat' dir='ltr'><strong>jam</strong></span> 
     </span>
    </p>
   </div>
   <div class='ocr_carea' id='block_1_46' title="bbox 704 4158 2252 4232">
    <p class='ocr_par' dir='ltr' id='par_1_46' title="bbox 704 4158 2252 4232">
     <span class='ocr_line' id='line_1_46' title="bbox 704 4158 2252 4232; baseline -0.011 -6"><span class='ocrx_word' id='word_1_321' title='bbox 704 4170 1067 4228; x_wconf 81' lang='lat' dir='ltr'><strong>credentibus,</strong></span> <span class='ocrx_word' id='word_1_322' title='bbox 1099 4165 1270 4219; x_wconf 75' lang='lat' dir='ltr'><strong>turba:</strong></span> <span class='ocrx_word' id='word_1_323' title='bbox 1292 4161 1658 4232; x_wconf 90' lang='lat' dir='ltr'><strong>apostolorum</strong></span> <span class='ocrx_word' id='word_1_324' title='bbox 1688 4158 1948 4212; x_wconf 86' lang='lat' dir='ltr'><strong>miracula</strong></span> <span class='ocrx_word' id='word_1_325' title='bbox 1971 4166 2252 4210; x_wconf 88' lang='lat' dir='ltr'><strong>cernentes</strong></span> 
     </span>
    </p>
   </div>
   <div class='ocr_carea' id='block_1_47' title="bbox 705 4263 1221 4328">
    <p class='ocr_par' dir='ltr' id='par_1_47' title="bbox 705 4263 1221 4328">
     <span class='ocr_line' id='line_1_47' title="bbox 705 4263 1221 4328; baseline -0.021 -9"><span class='ocrx_word' id='word_1_326' title='bbox 705 4263 924 4319; x_wconf 81' lang='lat' dir='ltr'><strong>credere</strong></span> <span class='ocrx_word' id='word_1_327' title='bbox 954 4267 1221 4328; x_wconf 90' lang='lat' dir='ltr'><strong>poterunt.</strong></span> 
     </span>
    </p>
   </div>
   <div class='ocr_carea' id='block_1_48' title="bbox 776 4339 2328 4415">
    <p class='ocr_par' dir='ltr' id='par_1_48' title="bbox 776 4339 2328 4415">
     <span class='ocr_line' id='line_1_48' title="bbox 776 4339 2328 4415; baseline -0.011 -9"><span class='ocrx_word' id='word_1_328' title='bbox 776 4352 938 4406; x_wconf 72' lang='lat' dir='ltr'><strong>Vsus.</strong></span> <span class='ocrx_word' id='word_1_329' title='bbox 975 4349 1058 4404; x_wconf 84' lang='lat' dir='ltr'><strong>l0.</strong></span> <span class='ocrx_word' id='word_1_330' title='bbox 1092 4349 1562 4415; x_wconf 74' lang='lat' dir='ltr'><strong>luterrogaverunt</strong></span> <span class='ocrx_word' id='word_1_331' title='bbox 1604 4358 1725 4396; x_wconf 93' lang='lat' dir='ltr'><strong>eum</strong></span> <span class='ocrx_word' id='word_1_332' title='bbox 1760 4340 2008 4409; x_wconf 82' lang='lat' dir='ltr'><strong>discipuli</strong></span> <span class='ocrx_word' id='word_1_333' title='bbox 2046 4357 2058 4393; x_wconf 93' lang='lat'><strong>:</strong></span> <span class='ocrx_word' id='word_1_334' title='bbox 2111 4339 2250 4403; x_wconf 83' lang='lat' dir='ltr'><strong>Quid</strong></span> <span class='ocrx_word' id='word_1_335' title='bbox 2277 4341 2328 4401; x_wconf 85' lang='grc' dir='ltr'><strong>Ῑ)</strong></span> 
     </span>
    </p>
   </div>
   <div class='ocr_carea' id='block_1_49' title="bbox 705 4427 2254 4506">
    <p class='ocr_par' dir='ltr' id='par_1_49' title="bbox 705 4427 2254 4506">
     <span class='ocr_line' id='line_1_49' title="bbox 705 4427 2254 4506; baseline -0.012 -8"><span class='ocrx_word' id='word_1_336' title='bbox 705 4445 900 4498; x_wconf 73' lang='lat' dir='ltr'><strong>Scriba:</strong></span> <span class='ocrx_word' id='word_1_337' title='bbox 930 4442 1129 4503; x_wconf 80' lang='lat' dir='ltr'><strong>dicunt,</strong></span> <span class='ocrx_word' id='word_1_338' title='bbox 1155 4438 1289 4506; x_wconf 81' lang='lat' dir='ltr'><strong>quod</strong></span> <span class='ocrx_word' id='word_1_339' title='bbox 1320 4434 1492 4487; x_wconf 77' lang='lat' dir='ltr'><strong>Etiam</strong></span> <span class='ocrx_word' id='word_1_340' title='bbox 1526 4441 1757 4500; x_wconf 78' lang='lat' dir='ltr'><strong>oporteat</strong></span> <span class='ocrx_word' id='word_1_341' title='bbox 1788 4431 2012 4497; x_wconf 85' lang='lat' dir='ltr'><strong>primum</strong></span> <span class='ocrx_word' id='word_1_342' title='bbox 2044 4427 2254 4482; x_wconf 70' lang='lat' dir='ltr'><strong>venire?</strong></span> 
     </span>
    </p>
   </div>
   <div class='ocr_carea' id='block_1_50' title="bbox 702 4521 2253 4586">
    <p class='ocr_par' dir='ltr' id='par_1_50' title="bbox 702 4521 2253 4586">
     <span class='ocr_line' id='line_1_50' title="bbox 702 4521 2253 4586; baseline -0.012 0"><span class='ocrx_word' id='word_1_343' title='bbox 702 4546 752 4586; x_wconf 91' lang='lat' dir='ltr'><strong>et</strong></span> <span class='ocrx_word' id='word_1_344' title='bbox 788 4533 925 4585; x_wconf 85' lang='lat' dir='ltr'><strong>unde</strong></span> <span class='ocrx_word' id='word_1_345' title='bbox 954 4530 1051 4583; x_wconf 84' lang='lat' dir='ltr'><strong>hoc</strong></span> <span class='ocrx_word' id='word_1_346' title='bbox 1077 4525 1368 4582; x_wconf 78' lang='lat' dir='ltr'><strong>dicebant?</strong></span> <span class='ocrx_word' id='word_1_347' title='bbox 1395 4523 1685 4577; x_wconf 85' lang='lat' dir='ltr'><strong>Obtinebat</strong></span> <span class='ocrx_word' id='word_1_348' title='bbox 1717 4521 1803 4573; x_wconf 89' lang='lat' dir='ltr'><strong>hic</strong></span> <span class='ocrx_word' id='word_1_349' title='bbox 1833 4534 2014 4574; x_wconf 79' lang='lat' dir='ltr'><strong>sermo</strong></span> <span class='ocrx_word' id='word_1_350' title='bbox 2042 4528 2097 4570; x_wconf 91' lang='lat' dir='ltr'><strong>et</strong></span> <span class='ocrx_word' id='word_1_351' title='bbox 2127 4531 2253 4586; x_wconf 82' lang='lat' dir='ltr'><strong>pro-</strong></span> 
     </span>
    </p>
   </div>
   <div class='ocr_carea' id='block_1_51' title="bbox 704 4606 2254 4678">
    <p class='ocr_par' dir='ltr' id='par_1_51' title="bbox 704 4606 2254 4678">
     <span class='ocr_line' id='line_1_51' title="bbox 704 4606 2254 4678; baseline -0.012 -2"><span class='ocrx_word' id='word_1_352' title='bbox 704 4624 972 4678; x_wconf 77' lang='lat' dir='ltr'><strong>ferebatur</strong></span> <span class='ocrx_word' id='word_1_353' title='bbox 1009 4621 1146 4673; x_wconf 85' lang='lat' dir='ltr'><strong>male</strong></span> <span class='ocrx_word' id='word_1_354' title='bbox 1193 4617 1497 4672; x_wconf 83' lang='lat' dir='ltr'><strong>intellectus</strong></span> <span class='ocrx_word' id='word_1_355' title='bbox 1536 4630 1564 4664; x_wconf 88' lang='lat' dir='ltr'><strong>a</strong></span> <span class='ocrx_word' id='word_1_356' title='bbox 1614 4611 1840 4672; x_wconf 80' lang='lat' dir='ltr'><strong>Scribis,</strong></span> <span class='ocrx_word' id='word_1_357' title='bbox 1892 4618 1948 4662; x_wconf 91' lang='lat' dir='ltr'><strong>ut</strong></span> <span class='ocrx_word' id='word_1_358' title='bbox 1977 4618 2029 4661; x_wconf 91' lang='lat' dir='ltr'><strong>et</strong></span> <span class='ocrx_word' id='word_1_359' title='bbox 2063 4607 2153 4676; x_wconf 89' lang='lat' dir='ltr'><strong>qui</strong></span> <span class='ocrx_word' id='word_1_360' title='bbox 2188 4606 2254 4659; x_wconf 89' lang='lat' dir='ltr'><strong>dc</strong></span> 
     </span>
    </p>
   </div>
   <div class='ocr_carea' id='block_1_52' title="bbox 704 4696 2251 4763">
    <p class='ocr_par' dir='ltr' id='par_1_52' title="bbox 704 4696 2251 4763">
     <span class='ocr_line' id='line_1_52' title="bbox 704 4696 2251 4763; baseline -0.008 -1"><span class='ocrx_word' id='word_1_361' title='bbox 704 4712 920 4763; x_wconf 77' lang='lat' dir='ltr'><strong>Christo</strong></span> <span class='ocrx_word' id='word_1_362' title='bbox 957 4717 1129 4761; x_wconf 87' lang='lat' dir='ltr'><strong>erant.</strong></span> <span class='ocrx_word' id='word_1_363' title='bbox 1160 4704 1371 4758; x_wconf 76' lang='lat' dir='ltr'><strong>Veritas</strong></span> <span class='ocrx_word' id='word_1_364' title='bbox 1405 4714 1581 4756; x_wconf 88' lang='lat' dir='ltr'><strong>autem</strong></span> <span class='ocrx_word' id='word_1_365' title='bbox 1611 4717 1668 4755; x_wconf 88' lang='lat' dir='ltr'><strong>se</strong></span> <span class='ocrx_word' id='word_1_366' title='bbox 1702 4702 1774 4754; x_wconf 81' lang='lat' dir='ltr'><strong>ita</strong></span> <span class='ocrx_word' id='word_1_367' title='bbox 1811 4699 2071 4762; x_wconf 87' lang='lat' dir='ltr'><strong>habebat;</strong></span> <span class='ocrx_word' id='word_1_368' title='bbox 2105 4696 2251 4751; x_wconf 89' lang='lat' dir='ltr'><strong>Scri-</strong></span> 
     </span>
    </p>
   </div>
   <div class='ocr_carea' id='block_1_53' title="bbox 709 4789 2250 4870">
    <p class='ocr_par' dir='ltr' id='par_1_53' title="bbox 709 4789 2250 4870">
     <span class='ocr_line' id='line_1_53' title="bbox 709 4789 2250 4870; baseline -0.006 -20"><span class='ocrx_word' id='word_1_369' title='bbox 709 4810 880 4870; x_wconf 77' lang='lat' dir='ltr'><strong>ptura:</strong></span> <span class='ocrx_word' id='word_1_370' title='bbox 918 4796 1133 4863; x_wconf 87' lang='lat' dir='ltr'><strong>quidem</strong></span> <span class='ocrx_word' id='word_1_371' title='bbox 1184 4800 1322 4847; x_wconf 86' lang='lat' dir='ltr'><strong>duos</strong></span> <span class='ocrx_word' id='word_1_372' title='bbox 1370 4801 1669 4847; x_wconf 85' lang='lat' dir='ltr'><strong>memorant</strong></span> <span class='ocrx_word' id='word_1_373' title='bbox 1716 4790 1918 4844; x_wconf 86' lang='lat' dir='ltr'><strong>Christi</strong></span> <span class='ocrx_word' id='word_1_374' title='bbox 1950 4789 2250 4850; x_wconf 86' lang='lat' dir='ltr'><strong>adventus,</strong></span> 
     </span>
    </p>
   </div>
   <div class='ocr_carea' id='block_1_54' title="bbox 707 4882 2252 4950">
    <p class='ocr_par' dir='ltr' id='par_1_54' title="bbox 707 4882 2252 4950">
     <span class='ocr_line' id='line_1_54' title="bbox 707 4882 2252 4950; baseline -0.006 -9"><span class='ocrx_word' id='word_1_375' title='bbox 707 4891 846 4941; x_wconf 62' lang='lat' dir='ltr'><strong>hunc</strong></span> <span class='ocrx_word' id='word_1_376' title='bbox 870 4896 922 4938; x_wconf 86' lang='lat' dir='ltr'><strong>et</strong></span> <span class='ocrx_word' id='word_1_377' title='bbox 951 4885 1206 4945; x_wconf 84' lang='lat' dir='ltr'><strong>futuram,</strong></span> <span class='ocrx_word' id='word_1_378' title='bbox 1240 4895 1293 4936; x_wconf 89' lang='lat' dir='ltr'><strong>et</strong></span> <span class='ocrx_word' id='word_1_379' title='bbox 1326 4883 1596 4950; x_wconf 69' lang='lat' dir='ltr'><strong>propheta:</strong></span> <span class='ocrx_word' id='word_1_380' title='bbox 1640 4882 1924 4948; x_wconf 86' lang='lat' dir='ltr'><strong>utriusque</strong></span> <span class='ocrx_word' id='word_1_381' title='bbox 1950 4892 2252 4950; x_wconf 76' lang='lat' dir='ltr'><strong>priecurso-</strong></span> 
     </span>
    </p>
   </div>
   <div class='ocr_carea' id='block_1_55' title="bbox 707 4969 2254 5033">
    <p class='ocr_par' dir='ltr' id='par_1_55' title="bbox 707 4969 2254 5033">
     <span class='ocr_line' id='line_1_55' title="bbox 707 4969 2254 5033; baseline -0.005 0"><span class='ocrx_word' id='word_1_382' title='bbox 707 4995 818 5033; x_wconf 89' lang='lat' dir='ltr'><strong>rem</strong></span> <span class='ocrx_word' id='word_1_383' title='bbox 853 4977 1019 5030; x_wconf 86' lang='lat' dir='ltr'><strong>Eliam</strong></span> <span class='ocrx_word' id='word_1_384' title='bbox 1048 4975 1288 5027; x_wconf 90' lang='lat' dir='ltr'><strong>futurum</strong></span> <span class='ocrx_word' id='word_1_385' title='bbox 1313 4987 1431 5025; x_wconf 85' lang='lat' dir='ltr'><strong>esse</strong></span> <span class='ocrx_word' id='word_1_386' title='bbox 1453 4974 1656 5028; x_wconf 87' lang='lat' dir='ltr'><strong>dicunt.</strong></span> <span class='ocrx_word' id='word_1_387' title='bbox 1682 4971 1814 5024; x_wconf 82' lang='lat' dir='ltr'><strong>Nam</strong></span> <span class='ocrx_word' id='word_1_388' title='bbox 1843 4973 2002 5025; x_wconf 88' lang='lat' dir='ltr'><strong>unius</strong></span> <span class='ocrx_word' id='word_1_389' title='bbox 2021 4969 2254 5025; x_wconf 81' lang='lat' dir='ltr'><strong>Joannes</strong></span> 
     </span>
    </p>
   </div>
   <div class='ocr_carea' id='block_1_56' title="bbox 708 5062 2253 5138">
    <p class='ocr_par' dir='ltr' id='par_1_56' title="bbox 708 5062 2253 5138">
     <span class='ocr_line' id='line_1_56' title="bbox 708 5062 2253 5138; baseline -0.007 -14"><span class='ocrx_word' id='word_1_390' title='bbox 708 5072 806 5124; x_wconf 89' lang='lat' dir='ltr'><strong>luit</strong></span> <span class='ocrx_word' id='word_1_391' title='bbox 853 5081 1176 5138; x_wconf 74' lang='lat' dir='ltr'><strong>przrcursor,</strong></span> <span class='ocrx_word' id='word_1_392' title='bbox 1211 5079 1370 5132; x_wconf 89' lang='lat' dir='ltr'><strong>quem</strong></span> <span class='ocrx_word' id='word_1_393' title='bbox 1419 5063 1587 5116; x_wconf 81' lang='lat' dir='ltr'><strong>Eliam</strong></span> <span class='ocrx_word' id='word_1_394' title='bbox 1640 5072 1797 5116; x_wconf 65' lang='lat' dir='ltr'><strong>vocat</strong></span> <span class='ocrx_word' id='word_1_395' title='bbox 1841 5062 2110 5125; x_wconf 85' lang='lat' dir='ltr'><strong>Christus,</strong></span> <span class='ocrx_word' id='word_1_396' title='bbox 2147 5077 2253 5115; x_wconf 90' lang='lat' dir='ltr'><strong>non</strong></span> 
     </span>
    </p>
   </div>
   <div class='ocr_carea' id='block_1_57' title="bbox 705 5152 2249 5232">
    <p class='ocr_par' dir='ltr' id='par_1_57' title="bbox 705 5152 2249 5232">
     <span class='ocr_line' id='line_1_57' title="bbox 705 5152 2249 5232; baseline -0.005 -22"><span class='ocrx_word' id='word_1_397' title='bbox 705 5162 849 5232; x_wconf 82' lang='lat' dir='ltr'><strong>quod</strong></span> <span class='ocrx_word' id='word_1_398' title='bbox 880 5161 949 5212; x_wconf 89' lang='lat' dir='ltr'><strong>sit</strong></span> <span class='ocrx_word' id='word_1_399' title='bbox 973 5159 1136 5218; x_wconf 82' lang='lat' dir='ltr'><strong>Elias,</strong></span> <span class='ocrx_word' id='word_1_400' title='bbox 1169 5158 1260 5208; x_wconf 83' lang='lat' dir='ltr'><strong>sed</strong></span> <span class='ocrx_word' id='word_1_401' title='bbox 1287 5155 1428 5222; x_wconf 84' lang='lat' dir='ltr'><strong>quod</strong></span> <span class='ocrx_word' id='word_1_402' title='bbox 1464 5152 1821 5205; x_wconf 84' lang='lat' dir='ltr'><strong>ministerium</strong></span> <span class='ocrx_word' id='word_1_403' title='bbox 1849 5152 1974 5204; x_wconf 70' lang='lat' dir='ltr'><strong>Eliu-</strong></span> <span class='ocrx_word' id='word_1_404' title='bbox 1994 5153 2249 5220; x_wconf 75' lang='lat' dir='ltr'><strong>implevit.</strong></span> 
     </span>
    </p>
   </div>
   <div class='ocr_carea' id='block_1_58' title="bbox 710 5242 2256 5316">
    <p class='ocr_par' dir='ltr' id='par_1_58' title="bbox 710 5242 2256 5316">
     <span class='ocr_line' id='line_1_58' title="bbox 710 5242 2256 5316; baseline -0.008 -10"><span class='ocrx_word' id='word_1_405' title='bbox 710 5252 912 5306; x_wconf 64' lang='lat' dir='ltr'><strong>Scriba</strong></span> <span class='ocrx_word' id='word_1_406' title='bbox 965 5249 1125 5316; x_wconf 67' lang='lat' dir='ltr'><strong>igitur</strong></span> <span class='ocrx_word' id='word_1_407' title='bbox 1176 5247 1289 5300; x_wconf 69' lang='lat' dir='ltr'><strong>haec</strong></span> <span class='ocrx_word' id='word_1_408' title='bbox 1339 5245 1763 5303; x_wconf 80' lang='lat' dir='ltr'><strong>confundentes,</strong></span> <span class='ocrx_word' id='word_1_409' title='bbox 1821 5242 2038 5294; x_wconf 89' lang='lat' dir='ltr'><strong>secundi</strong></span> <span class='ocrx_word' id='word_1_410' title='bbox 2089 5243 2256 5295; x_wconf 89' lang='lat' dir='ltr'><strong>solius</strong></span> 
     </span>
    </p>
   </div>
   <div class='ocr_carea' id='block_1_59' title="bbox 710 5319 2257 5402">
    <p class='ocr_par' dir='ltr' id='par_1_59' title="bbox 710 5319 2257 5402">
     <span class='ocr_line' id='line_1_59' title="bbox 710 5319 2257 5402; baseline -0.005 -7"><span class='ocrx_word' id='word_1_411' title='bbox 710 5343 1038 5395; x_wconf 79' lang='lat' dir='ltr'><strong>mentionem</strong></span> <span class='ocrx_word' id='word_1_412' title='bbox 1078 5340 1380 5401; x_wconf 89' lang='lat' dir='ltr'><strong>faciebant;</strong></span> <span class='ocrx_word' id='word_1_413' title='bbox 1419 5337 1506 5389; x_wconf 90' lang='lat' dir='ltr'><strong>ille</strong></span> <span class='ocrx_word' id='word_1_414' title='bbox 1545 5344 1724 5386; x_wconf 81' lang='lat' dir='ltr'><strong>autem</strong></span> <span class='ocrx_word' id='word_1_415' title='bbox 1763 5333 1890 5386; x_wconf 90' lang='lat' dir='ltr'><strong>dicit</strong></span> <span class='ocrx_word' id='word_1_416' title='bbox 1919 5319 1982 5387; x_wconf 72' lang='lat' dir='ltr'><strong>ad</strong></span> <span class='ocrx_word' id='word_1_417' title='bbox 2020 5335 2257 5402; x_wconf 84' lang='lat' dir='ltr'><strong>discipu-</strong></span> 
     </span>
    </p>
   </div>
   <div class='ocr_carea' id='block_1_60' title="bbox 713 5423 2257 5498">
    <p class='ocr_par' dir='ltr' id='par_1_60' title="bbox 713 5423 2257 5498">
     <span class='ocr_line' id='line_1_60' title="bbox 713 5423 2257 5498; baseline -0.004 -16"><span class='ocrx_word' id='word_1_418' title='bbox 713 5433 794 5484; x_wconf 86' lang='lat' dir='ltr'><strong>los</strong></span> <span class='ocrx_word' id='word_1_419' title='bbox 823 5450 836 5483; x_wconf 86' lang='lat'><strong>:</strong></span> <span class='ocrx_word' id='word_1_420' title='bbox 869 5429 1012 5482; x_wconf 78' lang='lat' dir='ltr'><strong>Elius</strong></span> <span class='ocrx_word' id='word_1_421' title='bbox 1039 5431 1238 5498; x_wconf 77' lang='lat' dir='ltr'><strong>quidem</strong></span> <span class='ocrx_word' id='word_1_422' title='bbox 1273 5430 1403 5481; x_wconf 66' lang='lat' dir='ltr'><strong>venit</strong></span> <span class='ocrx_word' id='word_1_423' title='bbox 1435 5438 1479 5478; x_wconf 72' lang='lat' dir='ltr'><strong>et</strong></span> <span class='ocrx_word' id='word_1_424' title='bbox 1515 5427 1747 5478; x_wconf 78' lang='lat' dir='ltr'><strong>restituet</strong></span> <span class='ocrx_word' id='word_1_425' title='bbox 1774 5425 1966 5476; x_wconf 83' lang='lat' dir='ltr'><strong>omnia.</strong></span> <span class='ocrx_word' id='word_1_426' title='bbox 2000 5423 2128 5490; x_wconf 75' lang='lat' dir='ltr'><strong>Qua:</strong></span> <span class='ocrx_word' id='word_1_427' title='bbox 2152 5441 2257 5476; x_wconf 83' lang='lat' dir='ltr'><strong>Olit-</strong></span> 
     </span>
    </p>
   </div>
   <div class='ocr_carea' id='block_1_61' title="bbox 717 5513 2257 5588">
    <p class='ocr_par' dir='ltr' id='par_1_61' title="bbox 717 5513 2257 5588">
     <span class='ocr_line' id='line_1_61' title="bbox 717 5513 2257 5588; baseline -0.004 -17"><span class='ocrx_word' id='word_1_428' title='bbox 717 5521 840 5572; x_wconf 76' lang='lat' dir='ltr'><strong>nia?</strong></span> <span class='ocrx_word' id='word_1_429' title='bbox 862 5523 988 5584; x_wconf 73' lang='lat' dir='ltr'><strong>Qua-</strong></span> <span class='ocrx_word' id='word_1_430' title='bbox 1011 5520 1266 5588; x_wconf 70' lang='lat' dir='ltr'><strong>propheta</strong></span> <span class='ocrx_word' id='word_1_431' title='bbox 1298 5517 1509 5570; x_wconf 84' lang='lat' dir='ltr'><strong>dicebat</strong></span> <span class='ocrx_word' id='word_1_432' title='bbox 1539 5516 1834 5582; x_wconf 72' lang='lat' dir='ltr'><strong>praesertim</strong></span> <span class='ocrx_word' id='word_1_433' title='bbox 1868 5532 1880 5565; x_wconf 91' lang='lat'>:</span> <span class='ocrx_word' id='word_1_434' title='bbox 1921 5513 2151 5578; x_wconf 76' lang='lat' dir='ltr'><strong>Mittam,</strong></span> <span class='ocrx_word' id='word_1_435' title='bbox 2178 5515 2257 5565; x_wconf 85' lang='lat' dir='ltr'><strong>iii-</strong></span> 
     </span>
    </p>
   </div>
   <div class='ocr_carea' id='block_1_62' title="bbox 716 5604 2256 5680">
    <p class='ocr_par' dir='ltr' id='par_1_62' title="bbox 716 5604 2256 5680">
     <span class='ocr_line' id='line_1_62' title="bbox 716 5604 2256 5680; baseline -0.005 -18"><span class='ocrx_word' id='word_1_436' title='bbox 716 5615 850 5680; x_wconf 72' lang='lat' dir='ltr'><strong>quLt,</strong></span> <span class='ocrx_word' id='word_1_437' title='bbox 884 5613 1118 5680; x_wconf 69' lang='lat' dir='ltr'><strong>angelum</strong></span> <span class='ocrx_word' id='word_1_438' title='bbox 1156 5626 1344 5671; x_wconf 74' lang='lat' dir='ltr'><strong>meum,</strong></span> <span class='ocrx_word' id='word_1_439' title='bbox 1370 5616 1422 5661; x_wconf 88' lang='lat' dir='ltr'><strong>et</strong></span> <span class='ocrx_word' id='word_1_440' title='bbox 1453 5608 1673 5676; x_wconf 80' lang='lat' dir='ltr'><strong>reliqua.</strong></span> <span class='ocrx_word' id='word_1_441' title='bbox 1707 5606 1766 5658; x_wconf 83' lang='lat' dir='ltr'><strong>Et</strong></span> <span class='ocrx_word' id='word_1_442' title='bbox 1799 5604 1897 5658; x_wconf 88' lang='lat' dir='ltr'><strong>hoc</strong></span> <span class='ocrx_word' id='word_1_443' title='bbox 1930 5607 2015 5657; x_wconf 82' lang='lat' dir='ltr'><strong>fiet</strong></span> <span class='ocrx_word' id='word_1_444' title='bbox 2043 5604 2256 5672; x_wconf 86' lang='lat' dir='ltr'><strong>quando</strong></span> 
     </span>
    </p>
   </div>
   <div class='ocr_carea' id='block_1_63' title="bbox 2345 491 3276 566">
    <p class='ocr_par' dir='ltr' id='par_1_63' title="bbox 2345 491 3276 566">
     <span class='ocr_line' id='line_1_63' title="bbox 2345 491 3276 566; baseline 0.008 -24"><span class='ocrx_word' id='word_1_445' title='bbox 2345 491 2524 561; x_wconf 76' lang='grc' dir='ltr'>τελείᾳ</span> <span class='ocrx_word' id='word_1_446' title='bbox 2551 492 2651 562; x_wconf 82' lang='grc' dir='ltr'>τῆς</span> <span class='ocrx_word' id='word_1_447' title='bbox 2675 493 2870 558; x_wconf 80' lang='grc' dir='ltr'>λέξεως</span> <span class='ocrx_word' id='word_1_448' title='bbox 2897 497 3276 566; x_wconf 80' lang='grc' dir='ltr'>ὲναπομείνῃς.</span> 
     </span>
    </p>
   </div>
   <div class='ocr_carea' id='block_1_64' title="bbox 2415 582 3891 657">
    <p class='ocr_par' dir='ltr' id='par_1_64' title="bbox 2415 582 3891 657">
     <span class='ocr_line' id='line_1_64' title="bbox 2415 582 3891 657; baseline 0.005 -23"><span class='ocrx_word' id='word_1_449' title='bbox 2415 583 2510 635; x_wconf 88' lang='grc' dir='ltr'>Διά</span> <span class='ocrx_word' id='word_1_450' title='bbox 2538 583 2589 636; x_wconf 83' lang='grc' dir='ltr'><strong>τί</strong></span> <span class='ocrx_word' id='word_1_451' title='bbox 2630 582 2813 646; x_wconf 84' lang='grc' dir='ltr'>Ἠλίας</span> <span class='ocrx_word' id='word_1_452' title='bbox 2841 585 2934 637; x_wconf 69' lang='grc' dir='ltr'>καὶ</span> <span class='ocrx_word' id='word_1_453' title='bbox 2966 585 3170 655; x_wconf 82' lang='grc' dir='ltr'><strong>Μωσῆς</strong></span> <span class='ocrx_word' id='word_1_454' title='bbox 3197 588 3275 650; x_wconf 86' lang='grc' dir='ltr'><strong>είς</strong></span> <span class='ocrx_word' id='word_1_455' title='bbox 3301 587 3462 656; x_wconf 86' lang='grc' dir='ltr'>μέσον</span> <span class='ocrx_word' id='word_1_456' title='bbox 3486 588 3705 657; x_wconf 75' lang='grc' dir='ltr'>ἀγεταις</span> <span class='ocrx_word' id='word_1_457' title='bbox 3731 588 3891 655; x_wconf 82' lang='grc' dir='ltr'>Πρῶ-</span> 
     </span>
    </p>
   </div>
   <div class='ocr_carea' id='block_1_65' title="bbox 2345 671 3888 745">
    <p class='ocr_par' dir='ltr' id='par_1_65' title="bbox 2345 671 3888 745">
     <span class='ocr_line' id='line_1_65' title="bbox 2345 671 3888 745; baseline 0.003 -21"><span class='ocrx_word' id='word_1_458' title='bbox 2345 687 2434 725; x_wconf 88' lang='grc' dir='ltr'><strong>τον</strong></span> <span class='ocrx_word' id='word_1_459' title='bbox 2462 671 2560 742; x_wconf 75' lang='grc' dir='ltr'>μὲν</span> <span class='ocrx_word' id='word_1_460' title='bbox 2593 671 2680 727; x_wconf 77' lang='grc' dir='ltr'>ἵνα</span> <span class='ocrx_word' id='word_1_461' title='bbox 2710 673 2858 745; x_wconf 76' lang='grc' dir='ltr'>δείξῃ</span> <span class='ocrx_word' id='word_1_462' title='bbox 2892 674 2973 727; x_wconf 87' lang='grc' dir='ltr'><strong>δτι</strong></span> <span class='ocrx_word' id='word_1_463' title='bbox 3006 673 3131 728; x_wconf 73' lang='grc' dir='ltr'>οὔτε</span> <span class='ocrx_word' id='word_1_464' title='bbox 3171 676 3358 740; x_wconf 81' lang='grc' dir='ltr'><strong>Ἠλίας</strong></span> <span class='ocrx_word' id='word_1_465' title='bbox 3393 679 3538 731; x_wconf 73' lang='grc' dir='ltr'>έστὶν</span> <span class='ocrx_word' id='word_1_466' title='bbox 3568 677 3642 735; x_wconf 79' lang='grc' dir='ltr'>ὡς</span> <span class='ocrx_word' id='word_1_467' title='bbox 3671 678 3888 745; x_wconf 74' lang='grc' dir='ltr'>ελεγον,</span> 
     </span>
    </p>
   </div>
   <div class='ocr_carea' id='block_1_66' title="bbox 2346 758 3893 837">
    <p class='ocr_par' dir='ltr' id='par_1_66' title="bbox 2346 758 3893 837">
     <span class='ocr_line' id='line_1_66' title="bbox 2346 758 3893 837; baseline 0.001 -23"><span class='ocrx_word' id='word_1_468' title='bbox 2346 761 2465 814; x_wconf 75' lang='grc' dir='ltr'>οὔτε</span> <span class='ocrx_word' id='word_1_469' title='bbox 2507 761 2710 831; x_wconf 82' lang='grc' dir='ltr'><strong>Μωσῆς</strong></span> <span class='ocrx_word' id='word_1_470' title='bbox 2731 781 2744 795; x_wconf 91' lang='grc'><strong>·</strong></span> <span class='ocrx_word' id='word_1_471' title='bbox 2778 763 3027 832; x_wconf 82' lang='grc' dir='ltr'>δεύτερον</span> <span class='ocrx_word' id='word_1_472' title='bbox 3049 803 3063 827; x_wconf 96' lang='grc'><strong>,</strong></span> <span class='ocrx_word' id='word_1_473' title='bbox 3092 764 3178 818; x_wconf 73' lang='grc' dir='ltr'>ἵνα</span> <span class='ocrx_word' id='word_1_474' title='bbox 3227 766 3303 834; x_wconf 83' lang='grc' dir='ltr'>μὴ</span> <span class='ocrx_word' id='word_1_475' title='bbox 3345 766 3470 837; x_wconf 83' lang='grc' dir='ltr'>περὶ</span> <span class='ocrx_word' id='word_1_476' title='bbox 3499 758 3573 819; x_wconf 79' lang='grc' dir='ltr'>ὧν</span> <span class='ocrx_word' id='word_1_477' title='bbox 3605 764 3893 818; x_wconf 76' lang='grc' dir='ltr'>ένεκάλουν</span> 
     </span>
    </p>
   </div>
   <div class='ocr_carea' id='block_1_67' title="bbox 2347 850 3893 925">
    <p class='ocr_par' dir='ltr' id='par_1_67' title="bbox 2347 850 3893 925">
     <span class='ocr_line' id='line_1_67' title="bbox 2347 850 3893 925; baseline 0 -19"><span class='ocrx_word' id='word_1_478' title='bbox 2347 850 2492 922; x_wconf 75' lang='grc' dir='ltr'><strong>αὑτῷ</strong></span> <span class='ocrx_word' id='word_1_479' title='bbox 2526 852 2600 915; x_wconf 82' lang='grc' dir='ltr'>ὡς</span> <span class='ocrx_word' id='word_1_480' title='bbox 2629 852 2946 924; x_wconf 80' lang='grc' dir='ltr'>παρανόμῳ,</span> <span class='ocrx_word' id='word_1_481' title='bbox 2981 853 3127 925; x_wconf 76' lang='grc' dir='ltr'>δείξῃ</span> <span class='ocrx_word' id='word_1_482' title='bbox 3156 855 3237 908; x_wconf 81' lang='grc' dir='ltr'>ὅτι</span> <span class='ocrx_word' id='word_1_483' title='bbox 3274 854 3462 924; x_wconf 76' lang='grc' dir='ltr'>ψεῦδός</span> <span class='ocrx_word' id='word_1_484' title='bbox 3495 857 3661 907; x_wconf 67' lang='grc' dir='ltr'>ἐστιν·</span> <span class='ocrx_word' id='word_1_485' title='bbox 3694 854 3754 906; x_wconf 81' lang='grc' dir='ltr'>οὗ</span> <span class='ocrx_word' id='word_1_486' title='bbox 3782 858 3893 923; x_wconf 86' lang='grc' dir='ltr'><strong>γάρ</strong></span> 
     </span>
    </p>
   </div>
   <div class='ocr_carea' id='block_1_68' title="bbox 2346 939 3891 1014">
    <p class='ocr_par' dir='ltr' id='par_1_68' title="bbox 2346 939 3891 1014">
     <span class='ocr_line' id='line_1_68' title="bbox 2346 939 3891 1014; baseline 0.001 -22"><span class='ocrx_word' id='word_1_487' title='bbox 2346 939 2412 993; x_wconf 76' lang='grc' dir='ltr'>ἂν</span> <span class='ocrx_word' id='word_1_488' title='bbox 2441 941 2767 1010; x_wconf 87' lang='grc' dir='ltr'>συνωμίλουν</span> <span class='ocrx_word' id='word_1_489' title='bbox 2787 960 2801 974; x_wconf 94' lang='grc'><strong>·</strong></span> <span class='ocrx_word' id='word_1_490' title='bbox 2827 943 3009 1013; x_wconf 84' lang='grc' dir='ltr'>τρίτον</span> <span class='ocrx_word' id='word_1_491' title='bbox 3031 945 3117 998; x_wconf 84' lang='grc' dir='ltr'>ῐνα</span> <span class='ocrx_word' id='word_1_492' title='bbox 3145 944 3386 1014; x_wconf 81' lang='grc' dir='ltr'><strong>μάθωσιν</strong></span> <span class='ocrx_word' id='word_1_493' title='bbox 3417 944 3497 997; x_wconf 87' lang='grc' dir='ltr'><strong>δτι</strong></span> <span class='ocrx_word' id='word_1_494' title='bbox 3532 943 3625 996; x_wconf 72' lang='grc' dir='ltr'>καὶ</span> <span class='ocrx_word' id='word_1_495' title='bbox 3657 941 3891 997; x_wconf 83' lang='grc' dir='ltr'>θανάτου</span> 
     </span>
    </p>
   </div>
   <div class='ocr_carea' id='block_1_69' title="bbox 2347 1028 3896 1102">
    <p class='ocr_par' dir='ltr' id='par_1_69' title="bbox 2347 1028 3896 1102">
     <span class='ocr_line' id='line_1_69' title="bbox 2347 1028 3896 1102; baseline 0.001 -21"><span class='ocrx_word' id='word_1_496' title='bbox 2347 1028 2439 1083; x_wconf 78' lang='grc' dir='ltr'>καὶ</span> <span class='ocrx_word' id='word_1_497' title='bbox 2467 1028 2610 1099; x_wconf 77' lang='grc' dir='ltr'>ζωῆς</span> <span class='ocrx_word' id='word_1_498' title='bbox 2639 1031 2880 1095; x_wconf 74' lang='grc' dir='ltr'><strong>ἐξουσίαν</strong></span> <span class='ocrx_word' id='word_1_499' title='bbox 2909 1032 3038 1102; x_wconf 71' lang='grc' dir='ltr'>ἔχει,</span> <span class='ocrx_word' id='word_1_500' title='bbox 3064 1033 3155 1086; x_wconf 77' lang='grc' dir='ltr'><strong>τδν</strong></span> <span class='ocrx_word' id='word_1_501' title='bbox 3181 1032 3278 1102; x_wconf 77' lang='grc' dir='ltr'>μὲν</span> <span class='ocrx_word' id='word_1_502' title='bbox 3299 1032 3555 1100; x_wconf 81' lang='grc' dir='ltr'>ένεγκὼν,</span> <span class='ocrx_word' id='word_1_503' title='bbox 3576 1033 3666 1086; x_wconf 78' lang='grc' dir='ltr'>τὸν</span> <span class='ocrx_word' id='word_1_504' title='bbox 3689 1032 3742 1084; x_wconf 74' lang='grc' dir='ltr'>δὲ</span> <span class='ocrx_word' id='word_1_505' title='bbox 3765 1032 3896 1084; x_wconf 67' lang='grc' dir='ltr'>ἀνα.</span> 
     </span>
    </p>
   </div>
   <div class='ocr_carea' id='block_1_70' title="bbox 2350 1117 3896 1194">
    <p class='ocr_par' dir='ltr' id='par_1_70' title="bbox 2350 1117 3896 1194">
     <span class='ocr_line' id='line_1_70' title="bbox 2350 1117 3896 1194; baseline 0.003 -26"><span class='ocrx_word' id='word_1_506' title='bbox 2350 1117 2566 1188; x_wconf 82' lang='grc' dir='ltr'>στήσας·</span> <span class='ocrx_word' id='word_1_507' title='bbox 2600 1120 2653 1171; x_wconf 87' lang='grc' dir='ltr'><strong>τί</strong></span> <span class='ocrx_word' id='word_1_508' title='bbox 2691 1120 2748 1173; x_wconf 74' lang='grc' dir='ltr'>δὲ</span> <span class='ocrx_word' id='word_1_509' title='bbox 2782 1121 3095 1177; x_wconf 75' lang='grc' dir='ltr'><strong>συνελάλουν</strong></span> <span class='ocrx_word' id='word_1_510' title='bbox 3121 1124 3218 1191; x_wconf 72' lang='grc' dir='ltr'>τὴν</span> <span class='ocrx_word' id='word_1_511' title='bbox 3247 1121 3403 1190; x_wconf 78' lang='grc' dir='ltr'>δόξαν</span> <span class='ocrx_word' id='word_1_512' title='bbox 3431 1123 3497 1194; x_wconf 62' lang='grc' dir='ltr'>ἦν</span> <span class='ocrx_word' id='word_1_513' title='bbox 3531 1120 3721 1191; x_wconf 66' lang='grc' dir='ltr'>ἔμελλε</span> <span class='ocrx_word' id='word_1_514' title='bbox 3757 1119 3896 1189; x_wconf 81' lang='grc' dir='ltr'>πλη·-</span> 
     </span>
    </p>
   </div>
   <div class='ocr_carea' id='block_1_71' title="bbox 2350 1206 3894 1282">
    <p class='ocr_par' dir='ltr' id='par_1_71' title="bbox 2350 1206 3894 1282">
     <span class='ocr_line' id='line_1_71' title="bbox 2350 1206 3894 1282; baseline 0.001 -22"><span class='ocrx_word' id='word_1_515' title='bbox 2350 1206 2478 1277; x_wconf 85' lang='grc' dir='ltr'>ροῦν</span> <span class='ocrx_word' id='word_1_516' title='bbox 2513 1208 2570 1261; x_wconf 72' lang='grc' dir='ltr'><strong>έν</strong></span> <span class='ocrx_word' id='word_1_517' title='bbox 2607 1207 2991 1282; x_wconf 81' lang='grc' dir='ltr'>Ἰερουσαλήμ;</span> <span class='ocrx_word' id='word_1_518' title='bbox 3041 1212 3330 1267; x_wconf 80' lang='grc' dir='ltr'>Τουτέστιν</span> <span class='ocrx_word' id='word_1_519' title='bbox 3373 1212 3432 1267; x_wconf 81' lang='grc' dir='ltr'><strong>τὸ</strong></span> <span class='ocrx_word' id='word_1_520' title='bbox 3465 1210 3632 1275; x_wconf 82' lang='grc' dir='ltr'>πάθος</span> <span class='ocrx_word' id='word_1_521' title='bbox 3663 1211 3755 1266; x_wconf 85' lang='grc' dir='ltr'>καὶ</span> <span class='ocrx_word' id='word_1_522' title='bbox 3798 1210 3894 1261; x_wconf 80' lang='grc' dir='ltr'>τὸν</span> 
     </span>
    </p>
   </div>
   <div class='ocr_carea' id='block_1_72' title="bbox 2349 1295 3589 1373">
    <p class='ocr_par' dir='ltr' id='par_1_72' title="bbox 2349 1295 3589 1373">
     <span class='ocr_line' id='line_1_72' title="bbox 2349 1295 3589 1373; baseline 0.004 -25"><span class='ocrx_word' id='word_1_523' title='bbox 2349 1295 2596 1367; x_wconf 76' lang='grc' dir='ltr'>σταυρὸν,</span> <span class='ocrx_word' id='word_1_524' title='bbox 2627 1299 2721 1352; x_wconf 77' lang='grc' dir='ltr'>καὶ</span> <span class='ocrx_word' id='word_1_525' title='bbox 2740 1298 2835 1369; x_wconf 75' lang='grc' dir='ltr'>τὴν</span> <span class='ocrx_word' id='word_1_526' title='bbox 2861 1301 3169 1368; x_wconf 77' lang='grc' dir='ltr'><strong>ἀνάστασιν,</strong></span> <span class='ocrx_word' id='word_1_527' title='bbox 3193 1303 3288 1358; x_wconf 75' lang='grc' dir='ltr'>καὶ</span> <span class='ocrx_word' id='word_1_528' title='bbox 3312 1302 3379 1355; x_wconf 79' lang='grc' dir='ltr'><strong>τά</strong></span> <span class='ocrx_word' id='word_1_529' title='bbox 3410 1302 3589 1373; x_wconf 83' lang='grc' dir='ltr'>δμοια.</span> 
     </span>
    </p>
   </div>
   <div class='ocr_carea' id='block_1_73' title="bbox 2416 1472 3895 1550">
    <p class='ocr_par' dir='ltr' id='par_1_73' title="bbox 2416 1472 3895 1550">
     <span class='ocr_line' id='line_1_73' title="bbox 2416 1472 3895 1550; baseline 0.001 -20"><span class='ocrx_word' id='word_1_530' title='bbox 2416 1480 2512 1532; x_wconf 85' lang='grc' dir='ltr'>Διά</span> <span class='ocrx_word' id='word_1_531' title='bbox 2541 1477 2592 1531; x_wconf 85' lang='grc' dir='ltr'><strong>τί</strong></span> <span class='ocrx_word' id='word_1_532' title='bbox 2614 1478 2758 1547; x_wconf 84' lang='grc' dir='ltr'>λέγει</span> <span class='ocrx_word' id='word_1_533' title='bbox 2791 1480 2820 1534; x_wconf 88' lang='lat'><strong>6</strong></span> <span class='ocrx_word' id='word_1_534' title='bbox 2850 1479 3047 1550; x_wconf 78' lang='grc' dir='ltr'><strong>Πέτρος</strong></span> <span class='ocrx_word' id='word_1_535' title='bbox 3069 1521 3084 1545; x_wconf 92' lang='grc'><strong>,</strong></span> <span class='ocrx_word' id='word_1_536' title='bbox 3107 1479 3303 1534; x_wconf 67' lang='grc' dir='ltr'>Καλὸν</span> <span class='ocrx_word' id='word_1_537' title='bbox 3330 1478 3485 1549; x_wconf 77' lang='grc' dir='ltr'>ἡμᾶς</span> <span class='ocrx_word' id='word_1_538' title='bbox 3501 1472 3615 1534; x_wconf 76' lang='grc' dir='ltr'>ὧδε</span> <span class='ocrx_word' id='word_1_539' title='bbox 3635 1475 3784 1535; x_wconf 74' lang='grc' dir='ltr'>εἶναι</span> <span class='ocrx_word' id='word_1_540' title='bbox 3805 1482 3895 1545; x_wconf 84' lang='grc' dir='ltr'><strong>εις</strong></span> 
     </span>
    </p>
   </div>
   <div class='ocr_carea' id='block_1_74' title="bbox 2347 1569 3894 1642">
    <p class='ocr_par' dir='ltr' id='par_1_74' title="bbox 2347 1569 3894 1642">
     <span class='ocr_line' id='line_1_74' title="bbox 2347 1569 3894 1642; baseline 0.002 -21"><span class='ocrx_word' id='word_1_541' title='bbox 2347 1569 2628 1638; x_wconf 74' lang='grc' dir='ltr'>ἐρημίαν;</span> <span class='ocrx_word' id='word_1_542' title='bbox 2675 1571 2772 1622; x_wconf 85' lang='grc' dir='ltr'>Διά</span> <span class='ocrx_word' id='word_1_543' title='bbox 2827 1571 2886 1624; x_wconf 71' lang='grc' dir='ltr'><strong>τὸ</strong></span> <span class='ocrx_word' id='word_1_544' title='bbox 2929 1571 3155 1624; x_wconf 81' lang='grc' dir='ltr'>ἀκοῦσαι</span> <span class='ocrx_word' id='word_1_545' title='bbox 3206 1572 3285 1624; x_wconf 81' lang='grc' dir='ltr'><strong>δτι</strong></span> <span class='ocrx_word' id='word_1_546' title='bbox 3335 1571 3762 1642; x_wconf 75' lang='grc' dir='ltr'><strong>παραδοθήσεται</strong></span> <span class='ocrx_word' id='word_1_547' title='bbox 3813 1574 3894 1634; x_wconf 83' lang='grc' dir='ltr'><strong>είς</strong></span> 
     </span>
    </p>
   </div>
   <div class='ocr_carea' id='block_1_75' title="bbox 2349 1657 3895 1728">
    <p class='ocr_par' dir='ltr' id='par_1_75' title="bbox 2349 1657 3895 1728">
     <span class='ocr_line' id='line_1_75' title="bbox 2349 1657 3895 1728; baseline 0 -18"><span class='ocrx_word' id='word_1_548' title='bbox 2349 1657 2572 1711; x_wconf 81' lang='grc' dir='ltr'>θάνατον</span> <span class='ocrx_word' id='word_1_549' title='bbox 2595 1661 2624 1711; x_wconf 98' lang='lat'><strong>6</strong></span> <span class='ocrx_word' id='word_1_550' title='bbox 2655 1659 2883 1728; x_wconf 81' lang='grc' dir='ltr'>Χριστός</span> <span class='ocrx_word' id='word_1_551' title='bbox 2903 1675 2918 1690; x_wconf 93' lang='grc'><strong>·</strong></span> <span class='ocrx_word' id='word_1_552' title='bbox 2944 1659 3038 1713; x_wconf 71' lang='grc' dir='ltr'>καὶ</span> <span class='ocrx_word' id='word_1_553' title='bbox 3065 1658 3220 1712; x_wconf 78' lang='grc' dir='ltr'>τοῦτο</span> <span class='ocrx_word' id='word_1_554' title='bbox 3249 1660 3461 1722; x_wconf 78' lang='grc' dir='ltr'><strong>Λουκᾶς</strong></span> <span class='ocrx_word' id='word_1_555' title='bbox 3508 1658 3680 1728; x_wconf 85' lang='grc' dir='ltr'>δηλῶν</span> <span class='ocrx_word' id='word_1_556' title='bbox 3707 1659 3895 1727; x_wconf 69' lang='grc' dir='ltr'>ἔλεγεν</span> 
     </span>
    </p>
   </div>
   <div class='ocr_carea' id='block_1_76' title="bbox 2275 1711 3237 1818">
    <p class='ocr_par' dir='ltr' id='par_1_76' title="bbox 2275 1711 3237 1818">
     <span class='ocr_line' id='line_1_76' title="bbox 2275 1711 3237 1818; baseline 0.001 -17"><span class='ocrx_word' id='word_1_557' title='bbox 2275 1711 2320 1770; x_wconf 79' lang='grc' dir='ltr'><strong>Β</strong></span> <span class='ocrx_word' id='word_1_558' title='bbox 2350 1749 2452 1815; x_wconf 85' lang='grc' dir='ltr'>ὅτι,</span> <span class='ocrx_word' id='word_1_559' title='bbox 2477 1750 2540 1802; x_wconf 77' lang='grc' dir='ltr'><strong>ει</strong></span> <span class='ocrx_word' id='word_1_560' title='bbox 2571 1749 2668 1802; x_wconf 77' lang='grc' dir='ltr'>καὶ</span> <span class='ocrx_word' id='word_1_561' title='bbox 2686 1711 2771 1818; x_wconf 63' lang='grc' dir='ltr'><em>ρὴ</em></span> <span class='ocrx_word' id='word_1_562' title='bbox 2795 1711 2922 1818; x_wconf 57' lang='grc' dir='ltr'>ᾔδει</span> <span class='ocrx_word' id='word_1_563' title='bbox 2941 1711 2997 1802; x_wconf 69' lang='grc' dir='ltr'><strong>τί</strong></span> <span class='ocrx_word' id='word_1_564' title='bbox 3011 1749 3237 1802; x_wconf 67' lang='grc' dir='ltr'>ἐλάλει.</span> 
     </span>
    </p>
   </div>
   <div class='ocr_carea' id='block_1_77' title="bbox 2431 1828 3896 1908">
    <p class='ocr_par' dir='ltr' id='par_1_77' title="bbox 2431 1828 3896 1908">
     <span class='ocr_line' id='line_1_77' title="bbox 2431 1828 3896 1908; baseline -0.001 -16"><span class='ocrx_word' id='word_1_565' title='bbox 2431 1839 2564 1893; x_wconf 82' lang='grc' dir='ltr'><strong>Ἀπὸ</strong></span> <span class='ocrx_word' id='word_1_566' title='bbox 2586 1839 2845 1907; x_wconf 73' lang='grc' dir='ltr'>νεφέλης</span> <span class='ocrx_word' id='word_1_567' title='bbox 2869 1838 2926 1892; x_wconf 78' lang='grc' dir='ltr'><strong>δε</strong></span> <span class='ocrx_word' id='word_1_568' title='bbox 2971 1840 3010 1906; x_wconf 80' lang='grc' dir='ltr'><em>ἠ</em></span> <span class='ocrx_word' id='word_1_569' title='bbox 3032 1838 3199 1908; x_wconf 68' lang='grc' dir='ltr'>φωνὴ</span> <span class='ocrx_word' id='word_1_570' title='bbox 3219 1879 3232 1903; x_wconf 93' lang='grc'><strong>,</strong></span> <span class='ocrx_word' id='word_1_571' title='bbox 3258 1839 3338 1892; x_wconf 82' lang='grc' dir='ltr'>ὅτι</span> <span class='ocrx_word' id='word_1_572' title='bbox 3365 1839 3534 1901; x_wconf 75' lang='grc' dir='ltr'>οὕτως</span> <span class='ocrx_word' id='word_1_573' title='bbox 3566 1837 3828 1892; x_wconf 78' lang='grc' dir='ltr'>δπτάνετο</span> <span class='ocrx_word' id='word_1_574' title='bbox 3845 1828 3896 1890; x_wconf 60' lang='grc' dir='ltr'>’δ</span> 
     </span>
    </p>
   </div>
   <div class='ocr_carea' id='block_1_78' title="bbox 2346 1925 3896 1996">
    <p class='ocr_par' dir='ltr' id='par_1_78' title="bbox 2346 1925 3896 1996">
     <span class='ocr_line' id='line_1_78' title="bbox 2346 1925 3896 1996; baseline -0.002 -17"><span class='ocrx_word' id='word_1_575' title='bbox 2346 1927 2505 1990; x_wconf 86' lang='grc' dir='ltr'>Θεός·</span> <span class='ocrx_word' id='word_1_576' title='bbox 2536 1925 2770 1996; x_wconf 85' lang='grc' dir='ltr'>φωτεινὴ</span> <span class='ocrx_word' id='word_1_577' title='bbox 2791 1927 2846 1978; x_wconf 75' lang='grc' dir='ltr'>δὲ</span> <span class='ocrx_word' id='word_1_578' title='bbox 2876 1926 2955 1979; x_wconf 87' lang='grc' dir='ltr'><strong>δτι</strong></span> <span class='ocrx_word' id='word_1_579' title='bbox 2983 1928 3044 1979; x_wconf 84' lang='grc' dir='ltr'>οὐ</span> <span class='ocrx_word' id='word_1_580' title='bbox 3071 1925 3301 1996; x_wconf 77' lang='grc' dir='ltr'>φοϐῆσαι</span> <span class='ocrx_word' id='word_1_581' title='bbox 3324 1925 3588 1979; x_wconf 67' lang='grc' dir='ltr'>ἐϐούλετο·</span> <span class='ocrx_word' id='word_1_582' title='bbox 3620 1925 3752 1979; x_wconf 81' lang='grc' dir='ltr'>ὅπου</span> <span class='ocrx_word' id='word_1_583' title='bbox 3782 1925 3896 1994; x_wconf 77' lang='grc' dir='ltr'><strong>γὰρ</strong></span> 
     </span>
    </p>
   </div>
   <div class='ocr_carea' id='block_1_79' title="bbox 2345 2015 3900 2087">
    <p class='ocr_par' dir='ltr' id='par_1_79' title="bbox 2345 2015 3900 2087">
     <span class='ocr_line' id='line_1_79' title="bbox 2345 2015 3900 2087; baseline -0.001 -17"><span class='ocrx_word' id='word_1_584' title='bbox 2345 2017 2562 2087; x_wconf 81' lang='grc' dir='ltr'>ἀπειλὴ,</span> <span class='ocrx_word' id='word_1_585' title='bbox 2592 2018 2711 2070; x_wconf 70' lang='grc' dir='ltr'>ἐκεῖ</span> <span class='ocrx_word' id='word_1_586' title='bbox 2733 2016 3000 2087; x_wconf 78' lang='grc' dir='ltr'>σκοτεινὴ,</span> <span class='ocrx_word' id='word_1_587' title='bbox 3033 2016 3217 2086; x_wconf 83' lang='grc' dir='ltr'>ὥσπερ</span> <span class='ocrx_word' id='word_1_588' title='bbox 3241 2019 3298 2070; x_wconf 80' lang='grc' dir='ltr'><strong>έν</strong></span> <span class='ocrx_word' id='word_1_589' title='bbox 3323 2018 3448 2086; x_wconf 80' lang='grc' dir='ltr'>Σινᾷ</span> <span class='ocrx_word' id='word_1_590' title='bbox 3466 2018 3601 2086; x_wconf 87' lang='grc' dir='ltr'>δρει·</span> <span class='ocrx_word' id='word_1_591' title='bbox 3623 2016 3710 2070; x_wconf 78' lang='grc' dir='ltr'><strong>διὰ</strong></span> <span class='ocrx_word' id='word_1_592' title='bbox 3737 2015 3900 2069; x_wconf 73' lang='grc' dir='ltr'>τοῦτο</span> 
     </span>
    </p>
   </div>
   <div class='ocr_carea' id='block_1_80' title="bbox 2349 2105 3894 2180">
    <p class='ocr_par' dir='ltr' id='par_1_80' title="bbox 2349 2105 3894 2180">
     <span class='ocr_line' id='line_1_80' title="bbox 2349 2105 3894 2180; baseline -0.003 -18"><span class='ocrx_word' id='word_1_593' title='bbox 2349 2109 2486 2180; x_wconf 90' lang='grc' dir='ltr'><strong>μετά</strong></span> <span class='ocrx_word' id='word_1_594' title='bbox 2507 2110 2566 2160; x_wconf 75' lang='grc' dir='ltr'>τὸ</span> <span class='ocrx_word' id='word_1_595' title='bbox 2592 2109 2816 2177; x_wconf 80' lang='grc' dir='ltr'>ἀφανεῑς</span> <span class='ocrx_word' id='word_1_596' title='bbox 2843 2107 3094 2176; x_wconf 82' lang='grc' dir='ltr'>γενέσθαι</span> <span class='ocrx_word' id='word_1_597' title='bbox 3125 2108 3212 2163; x_wconf 63' lang='grc' dir='ltr'>’ων</span> <span class='ocrx_word' id='word_1_598' title='bbox 3242 2109 3299 2161; x_wconf 75' lang='grc' dir='ltr'><strong>τε</strong></span> <span class='ocrx_word' id='word_1_599' title='bbox 3333 2107 3532 2161; x_wconf 81' lang='grc' dir='ltr'>Μωσέα</span> <span class='ocrx_word' id='word_1_600' title='bbox 3557 2107 3648 2159; x_wconf 73' lang='grc' dir='ltr'><strong>καὶ</strong></span> <span class='ocrx_word' id='word_1_601' title='bbox 3682 2105 3894 2166; x_wconf 83' lang='grc' dir='ltr'>Ἠλίαν,</span> 
     </span>
    </p>
   </div>
   <div class='ocr_carea' id='block_1_81' title="bbox 2344 2196 3899 2271">
    <p class='ocr_par' dir='ltr' id='par_1_81' title="bbox 2344 2196 3899 2271">
     <span class='ocr_line' id='line_1_81' title="bbox 2344 2196 3899 2271; baseline -0.003 -19"><span class='ocrx_word' id='word_1_602' title='bbox 2344 2200 2464 2252; x_wconf 86' lang='grc' dir='ltr'>τότε</span> <span class='ocrx_word' id='word_1_603' title='bbox 2501 2199 2706 2268; x_wconf 89' lang='grc' dir='ltr'>γίνεται</span> <span class='ocrx_word' id='word_1_604' title='bbox 2741 2201 2774 2271; x_wconf 75' lang='grc' dir='ltr'><strong>ἡ</strong></span> <span class='ocrx_word' id='word_1_605' title='bbox 2809 2199 2977 2269; x_wconf 82' lang='grc' dir='ltr'>φωνὴ,</span> <span class='ocrx_word' id='word_1_606' title='bbox 3008 2200 3093 2251; x_wconf 75' lang='grc' dir='ltr'>ἵνα</span> <span class='ocrx_word' id='word_1_607' title='bbox 3131 2200 3204 2269; x_wconf 79' lang='grc' dir='ltr'>μὴ</span> <span class='ocrx_word' id='word_1_608' title='bbox 3237 2198 3323 2251; x_wconf 65' lang='grc' dir='ltr'>ἀπ’</span> <span class='ocrx_word' id='word_1_609' title='bbox 3365 2197 3545 2252; x_wconf 79' lang='grc' dir='ltr'>αὐτῶν</span> <span class='ocrx_word' id='word_1_610' title='bbox 3574 2213 3736 2261; x_wconf 86' lang='grc' dir='ltr'>τινος,</span> <span class='ocrx_word' id='word_1_611' title='bbox 3777 2196 3899 2250; x_wconf 82' lang='grc' dir='ltr'>ἀλλ’</span> 
     </span>
    </p>
   </div>
   <div class='ocr_carea' id='block_1_82' title="bbox 2345 2289 3578 2362">
    <p class='ocr_par' dir='ltr' id='par_1_82' title="bbox 2345 2289 3578 2362">
     <span class='ocr_line' id='line_1_82' title="bbox 2345 2289 3578 2362; baseline 0 -20"><span class='ocrx_word' id='word_1_612' title='bbox 2345 2290 2436 2342; x_wconf 72' lang='grc' dir='ltr'><strong>ἐπὶ</strong></span> <span class='ocrx_word' id='word_1_613' title='bbox 2473 2290 2703 2362; x_wconf 78' lang='grc' dir='ltr'>Χριστὸν</span> <span class='ocrx_word' id='word_1_614' title='bbox 2729 2291 2949 2361; x_wconf 76' lang='grc' dir='ltr'>λογισθῇ</span> <span class='ocrx_word' id='word_1_615' title='bbox 2983 2293 3018 2360; x_wconf 75' lang='grc' dir='ltr'>ἡ</span> <span class='ocrx_word' id='word_1_616' title='bbox 3051 2291 3200 2360; x_wconf 79' lang='grc' dir='ltr'>φωνὴ</span> <span class='ocrx_word' id='word_1_617' title='bbox 3232 2291 3264 2360; x_wconf 79' lang='grc' dir='ltr'>ἠ</span> <span class='ocrx_word' id='word_1_618' title='bbox 3291 2289 3578 2359; x_wconf 68' lang='grc' dir='ltr'>ἐρχομένη.</span> 
     </span>
    </p>
   </div>
   <div class='ocr_carea' id='block_1_83' title="bbox 2416 2375 3902 2450">
    <p class='ocr_par' dir='ltr' id='par_1_83' title="bbox 2416 2375 3902 2450">
     <span class='ocr_line' id='line_1_83' title="bbox 2416 2375 3902 2450; baseline -0.003 -18"><span class='ocrx_word' id='word_1_619' title='bbox 2416 2380 2493 2432; x_wconf 79' lang='grc' dir='ltr'><strong>Οὐ</strong></span> <span class='ocrx_word' id='word_1_620' title='bbox 2538 2379 2629 2432; x_wconf 76' lang='grc' dir='ltr'><strong>τὸν</strong></span> <span class='ocrx_word' id='word_1_621' title='bbox 2656 2381 2889 2450; x_wconf 83' lang='grc' dir='ltr'>Χριστὸν</span> <span class='ocrx_word' id='word_1_622' title='bbox 2925 2380 3083 2450; x_wconf 78' lang='grc' dir='ltr'>μόνον</span> <span class='ocrx_word' id='word_1_623' title='bbox 3113 2378 3378 2432; x_wconf 77' lang='grc' dir='ltr'>ὑπέλαϐεν</span> <span class='ocrx_word' id='word_1_624' title='bbox 3423 2379 3454 2447; x_wconf 75' lang='grc' dir='ltr'><strong>η</strong></span> <span class='ocrx_word' id='word_1_625' title='bbox 3496 2377 3726 2447; x_wconf 83' lang='grc' dir='ltr'>νεφέλη,</span> <span class='ocrx_word' id='word_1_626' title='bbox 3759 2375 3902 2429; x_wconf 80' lang='grc' dir='ltr'><strong>ἀλλά</strong></span> 
     </span>
    </p>
   </div>
   <div class='ocr_carea' id='block_1_84' title="bbox 2346 2449 3901 2538">
    <p class='ocr_par' dir='ltr' id='par_1_84' title="bbox 2346 2449 3901 2538">
     <span class='ocr_line' id='line_1_84' title="bbox 2346 2449 3901 2538; baseline -0.002 -18"><span class='ocrx_word' id='word_1_627' title='bbox 2346 2468 2441 2521; x_wconf 81' lang='grc' dir='ltr'>καὶ</span> <span class='ocrx_word' id='word_1_628' title='bbox 2485 2469 2609 2530; x_wconf 77' lang='grc' dir='ltr'>τοὺς</span> <span class='ocrx_word' id='word_1_629' title='bbox 2664 2449 2930 2538; x_wconf 81' lang='grc' dir='ltr'>μαθητὰς,</span> <span class='ocrx_word' id='word_1_630' title='bbox 2985 2449 3072 2521; x_wconf 61' lang='lat' dir='ltr'><strong>Iw;</strong></span> <span class='ocrx_word' id='word_1_631' title='bbox 3125 2467 3199 2537; x_wconf 77' lang='grc' dir='ltr'>μὴ</span> <span class='ocrx_word' id='word_1_632' title='bbox 3249 2465 3478 2536; x_wconf 74' lang='grc' dir='ltr'>νομισθῇ</span> <span class='ocrx_word' id='word_1_633' title='bbox 3522 2466 3605 2520; x_wconf 81' lang='grc' dir='ltr'>ὅτι</span> <span class='ocrx_word' id='word_1_634' title='bbox 3657 2463 3901 2535; x_wconf 79' lang='grc' dir='ltr'>Χριστὸς</span> 
     </span>
    </p>
   </div>
   <div class='ocr_carea' id='block_1_85' title="bbox 2346 2559 2920 2629">
    <p class='ocr_par' dir='ltr' id='par_1_85' title="bbox 2346 2559 2920 2629">
     <span class='ocr_line' id='line_1_85' title="bbox 2346 2559 2920 2629; baseline -0.003 -15"><span class='ocrx_word' id='word_1_635' title='bbox 2346 2559 2556 2629; x_wconf 78' lang='grc' dir='ltr'>ἀφῆκεν</span> <span class='ocrx_word' id='word_1_636' title='bbox 2582 2559 2681 2628; x_wconf 80' lang='grc' dir='ltr'>τὴν</span> <span class='ocrx_word' id='word_1_637' title='bbox 2717 2559 2920 2628; x_wconf 78' lang='grc' dir='ltr'>φωνήν.</span> 
     </span>
    </p>
   </div>
   <div class='ocr_carea' id='block_1_86' title="bbox 2417 2642 3901 2719">
    <p class='ocr_par' dir='ltr' id='par_1_86' title="bbox 2417 2642 3901 2719">
     <span class='ocr_line' id='line_1_86' title="bbox 2417 2642 3901 2719; baseline -0.002 -16"><span class='ocrx_word' id='word_1_638' title='bbox 2417 2651 2518 2717; x_wconf 81' lang='grc' dir='ltr'><strong>Τὸ,</strong></span> <span class='ocrx_word' id='word_1_639' title='bbox 2566 2649 2666 2703; x_wconf 82' lang='grc' dir='ltr'><em>Ἐν</em></span> <span class='ocrx_word' id='word_1_640' title='bbox 2695 2645 2744 2719; x_wconf 76' lang='grc' dir='ltr'>ᾧ</span> <span class='ocrx_word' id='word_1_641' title='bbox 2774 2650 3091 2717; x_wconf 79' lang='grc' dir='ltr'>εὐδόκησα,</span> <span class='ocrx_word' id='word_1_642' title='bbox 3116 2651 3234 2703; x_wconf 72' lang='grc' dir='ltr'>ἀντὶ</span> <span class='ocrx_word' id='word_1_643' title='bbox 3265 2649 3381 2717; x_wconf 80' lang='grc' dir='ltr'>τοῦ,</span> <span class='ocrx_word' id='word_1_644' title='bbox 3427 2650 3514 2703; x_wconf 85' lang='grc' dir='ltr'>Ἐν</span> <span class='ocrx_word' id='word_1_645' title='bbox 3551 2642 3595 2717; x_wconf 82' lang='grc' dir='ltr'><strong>ᾧ</strong></span> <span class='ocrx_word' id='word_1_646' title='bbox 3619 2649 3901 2704; x_wconf 76' lang='grc' dir='ltr'>ἀναπαύο-</span> 
     </span>
    </p>
   </div>
   <div class='ocr_carea' id='block_1_87' title="bbox 2351 2738 3900 2810">
    <p class='ocr_par' dir='ltr' id='par_1_87' title="bbox 2351 2738 3900 2810">
     <span class='ocr_line' id='line_1_87' title="bbox 2351 2738 3900 2810; baseline -0.001 -18"><span class='ocrx_word' id='word_1_647' title='bbox 2351 2757 2471 2810; x_wconf 86' lang='grc' dir='ltr'>μαι,</span> <span class='ocrx_word' id='word_1_648' title='bbox 2509 2740 2675 2810; x_wconf 79' lang='grc' dir='ltr'>δηλοτ·</span> <span class='ocrx_word' id='word_1_649' title='bbox 2710 2739 3000 2810; x_wconf 81' lang='grc' dir='ltr'>προσέθετο</span> <span class='ocrx_word' id='word_1_650' title='bbox 3045 2742 3100 2793; x_wconf 80' lang='grc' dir='ltr'>δὲ</span> <span class='ocrx_word' id='word_1_651' title='bbox 3141 2741 3235 2805; x_wconf 78' lang='grc' dir='ltr'>τὸ,</span> <span class='ocrx_word' id='word_1_652' title='bbox 3265 2738 3460 2795; x_wconf 79' lang='grc' dir='ltr'>Αὐτοῦ</span> <span class='ocrx_word' id='word_1_653' title='bbox 3490 2739 3766 2804; x_wconf 78' lang='grc' dir='ltr'>ἀκούετε,</span> <span class='ocrx_word' id='word_1_654' title='bbox 3806 2739 3900 2791; x_wconf 78' lang='grc' dir='ltr'>ἶνα</span> 
     </span>
    </p>
   </div>
   <div class='ocr_carea' id='block_1_88' title="bbox 2349 2829 3331 2901">
    <p class='ocr_par' dir='ltr' id='par_1_88' title="bbox 2349 2829 3331 2901">
     <span class='ocr_line' id='line_1_88' title="bbox 2349 2829 3331 2901; baseline 0.003 -18"><span class='ocrx_word' id='word_1_655' title='bbox 2349 2831 2451 2883; x_wconf 74' lang='grc' dir='ltr'>κᾶν</span> <span class='ocrx_word' id='word_1_656' title='bbox 2481 2829 2784 2901; x_wconf 69' lang='grc' dir='ltr'>σταυρωθῇ,</span> <span class='ocrx_word' id='word_1_657' title='bbox 2816 2831 2891 2900; x_wconf 79' lang='grc' dir='ltr'>μὴ</span> <span class='ocrx_word' id='word_1_658' title='bbox 2925 2830 3331 2901; x_wconf 73' lang='grc' dir='ltr'>ρᾳθυμήσωσιν.</span> 
     </span>
    </p>
   </div>
   <div class='ocr_carea' id='block_1_89' title="bbox 2417 2920 3902 2994">
    <p class='ocr_par' dir='ltr' id='par_1_89' title="bbox 2417 2920 3902 2994">
     <span class='ocr_line' id='line_1_89' title="bbox 2417 2920 3902 2994; baseline 0.001 -21"><span class='ocrx_word' id='word_1_659' title='bbox 2417 2922 2512 2975; x_wconf 87' lang='grc' dir='ltr'>Διά</span> <span class='ocrx_word' id='word_1_660' title='bbox 2537 2921 2589 2972; x_wconf 81' lang='grc' dir='ltr'><strong>τί</strong></span> <span class='ocrx_word' id='word_1_661' title='bbox 2619 2921 2710 2972; x_wconf 71' lang='grc' dir='ltr'><strong>ἐπὶ</strong></span> <span class='ocrx_word' id='word_1_662' title='bbox 2740 2920 2828 2973; x_wconf 86' lang='grc' dir='ltr'>τοῦ</span> <span class='ocrx_word' id='word_1_663' title='bbox 2865 2921 3234 2991; x_wconf 75' lang='grc' dir='ltr'>βαπτίσματος</span> <span class='ocrx_word' id='word_1_664' title='bbox 3256 2921 3356 2991; x_wconf 79' lang='grc' dir='ltr'><strong>τῆς</strong></span> <span class='ocrx_word' id='word_1_665' title='bbox 3388 2921 3570 2994; x_wconf 81' lang='grc' dir='ltr'>φωνῆς</span> <span class='ocrx_word' id='word_1_666' title='bbox 3596 2921 3902 2991; x_wconf 81' lang='grc' dir='ltr'>γενομένης</span> 
     </span>
    </p>
   </div>
   <div class='ocr_carea' id='block_1_90' title="bbox 2347 3002 3903 3079">
    <p class='ocr_par' dir='ltr' id='par_1_90' title="bbox 2347 3002 3903 3079">
     <span class='ocr_line' id='line_1_90' title="bbox 2347 3002 3903 3079; baseline -0.001 -19"><span class='ocrx_word' id='word_1_667' title='bbox 2347 3009 2406 3060; x_wconf 82' lang='grc' dir='ltr'>οὺ</span> <span class='ocrx_word' id='word_1_668' title='bbox 2453 3011 2780 3074; x_wconf 85' lang='grc' dir='ltr'>κατέπεσον,</span> <span class='ocrx_word' id='word_1_669' title='bbox 2831 3002 2930 3061; x_wconf 82' lang='grc' dir='ltr'><strong>ὧδε</strong></span> <span class='ocrx_word' id='word_1_670' title='bbox 2980 3007 3034 3060; x_wconf 75' lang='grc' dir='ltr'>δὲ</span> <span class='ocrx_word' id='word_1_671' title='bbox 3072 3008 3230 3060; x_wconf 80' lang='grc' dir='ltr'>τοῦτο</span> <span class='ocrx_word' id='word_1_672' title='bbox 3281 3009 3617 3079; x_wconf 59' lang='grc' dir='ltr'>πάσχουσας</span> <span class='ocrx_word' id='word_1_673' title='bbox 3675 3008 3903 3075; x_wconf 81' lang='grc' dir='ltr'>Ἐπειδὴ</span> 
     </span>
    </p>
   </div>
   <div class='ocr_carea' id='block_1_91' title="bbox 2347 3089 3904 3168">
    <p class='ocr_par' dir='ltr' id='par_1_91' title="bbox 2347 3089 3904 3168">
     <span class='ocr_line' id='line_1_91' title="bbox 2347 3089 3904 3168; baseline 0.001 -20"><span class='ocrx_word' id='word_1_674' title='bbox 2347 3097 2460 3148; x_wconf 66' lang='lat' dir='ltr'><strong>bis!</strong></span> <span class='ocrx_word' id='word_1_675' title='bbox 2495 3095 2591 3163; x_wconf 79' lang='grc' dir='ltr'>μὲν</span> <span class='ocrx_word' id='word_1_676' title='bbox 2630 3096 2814 3164; x_wconf 75' lang='grc' dir='ltr'>δχλος,</span> <span class='ocrx_word' id='word_1_677' title='bbox 2847 3089 2945 3148; x_wconf 76' lang='grc' dir='ltr'>ὧδε</span> <span class='ocrx_word' id='word_1_678' title='bbox 2974 3096 3030 3148; x_wconf 75' lang='grc' dir='ltr'>δὲ</span> <span class='ocrx_word' id='word_1_679' title='bbox 3059 3096 3261 3168; x_wconf 87' lang='grc' dir='ltr'>έρημος</span> <span class='ocrx_word' id='word_1_680' title='bbox 3299 3098 3393 3150; x_wconf 71' lang='grc' dir='ltr'>καὶ</span> <span class='ocrx_word' id='word_1_681' title='bbox 3435 3096 3566 3165; x_wconf 81' lang='grc' dir='ltr'>ὕψος</span> <span class='ocrx_word' id='word_1_682' title='bbox 3585 3135 3599 3160; x_wconf 90' lang='grc'><strong>,</strong></span> <span class='ocrx_word' id='word_1_683' title='bbox 3627 3098 3718 3151; x_wconf 82' lang='grc' dir='ltr'>καὶ</span> <span class='ocrx_word' id='word_1_684' title='bbox 3745 3098 3904 3166; x_wconf 80' lang='grc' dir='ltr'>μόνοι</span> 
     </span>
    </p>
   </div>
   <div class='ocr_carea' id='block_1_92' title="bbox 2351 3183 3905 3253">
    <p class='ocr_par' dir='ltr' id='par_1_92' title="bbox 2351 3183 3905 3253">
     <span class='ocr_line' id='line_1_92' title="bbox 2351 3183 3905 3253; baseline -0.001 -18"><span class='ocrx_word' id='word_1_685' title='bbox 2351 3184 2466 3253; x_wconf 75' lang='grc' dir='ltr'>μεθ’</span> <span class='ocrx_word' id='word_1_686' title='bbox 2492 3184 2743 3252; x_wconf 75' lang='grc' dir='ltr'>ἡσυχίας,</span> <span class='ocrx_word' id='word_1_687' title='bbox 2770 3184 2861 3236; x_wconf 75' lang='grc' dir='ltr'>καὶ</span> <span class='ocrx_word' id='word_1_688' title='bbox 2890 3184 2950 3236; x_wconf 84' lang='grc' dir='ltr'><strong>τὺ</strong></span> <span class='ocrx_word' id='word_1_689' title='bbox 2981 3185 3260 3253; x_wconf 88' lang='grc' dir='ltr'>γινόμενον</span> <span class='ocrx_word' id='word_1_690' title='bbox 3295 3184 3411 3236; x_wconf 87' lang='grc' dir='ltr'>κατ’</span> <span class='ocrx_word' id='word_1_691' title='bbox 3431 3183 3738 3251; x_wconf 77' lang='grc' dir='ltr'>ὀφθαλμοὺς</span> <span class='ocrx_word' id='word_1_692' title='bbox 3768 3201 3797 3247; x_wconf 71' lang='grc' dir='ltr'>ς</span> <span class='ocrx_word' id='word_1_693' title='bbox 3816 3201 3905 3252; x_wconf 73' lang='grc' dir='ltr'>ρισ-</span> 
     </span>
    </p>
   </div>
   <div class='ocr_carea' id='block_1_93' title="bbox 2349 3272 3905 3342">
    <p class='ocr_par' dir='ltr' id='par_1_93' title="bbox 2349 3272 3905 3342">
     <span class='ocr_line' id='line_1_93' title="bbox 2349 3272 3905 3342; baseline -0.003 -14"><span class='ocrx_word' id='word_1_694' title='bbox 2349 3273 2475 3328; x_wconf 78' lang='grc' dir='ltr'>κτὸν</span> <span class='ocrx_word' id='word_1_695' title='bbox 2509 3273 2622 3340; x_wconf 85' lang='grc' dir='ltr'>φῶς</span> <span class='ocrx_word' id='word_1_696' title='bbox 2653 3273 2888 3342; x_wconf 73' lang='grc' dir='ltr'>ἄκρατον</span> <span class='ocrx_word' id='word_1_697' title='bbox 2929 3273 3023 3325; x_wconf 55' lang='grc' dir='ltr'><strong>καὶ⁸</strong></span> <span class='ocrx_word' id='word_1_698' title='bbox 3051 3273 3244 3342; x_wconf 83' lang='grc' dir='ltr'>νεφέλη</span> <span class='ocrx_word' id='word_1_699' title='bbox 3265 3315 3279 3339; x_wconf 93' lang='grc'><strong>,</strong></span> <span class='ocrx_word' id='word_1_700' title='bbox 3321 3273 3464 3342; x_wconf 70' lang='grc' dir='ltr'>ἅπερ</span> <span class='ocrx_word' id='word_1_701' title='bbox 3511 3272 3666 3325; x_wconf 81' lang='grc' dir='ltr'>τοῦτο</span> <span class='ocrx_word' id='word_1_702' title='bbox 3703 3273 3905 3324; x_wconf 85' lang='grc' dir='ltr'>παθεῖν</span> 
     </span>
    </p>
   </div>
   <div class='ocr_carea' id='block_1_94' title="bbox 2348 3361 2542 3416">
    <p class='ocr_par' dir='ltr' id='par_1_94' title="bbox 2348 3361 2542 3416">
     <span class='ocr_line' id='line_1_94' title="bbox 2348 3361 2542 3416; baseline 0.005 -1"><span class='ocrx_word' id='word_1_703' title='bbox 2348 3361 2542 3416; x_wconf 72' lang='grc' dir='ltr'>έποίει.</span> 
     </span>
    </p>
   </div>
   <div class='ocr_carea' id='block_1_95' title="bbox 2419 3445 3906 3519">
    <p class='ocr_par' dir='ltr' id='par_1_95' title="bbox 2419 3445 3906 3519">
     <span class='ocr_line' id='line_1_95' title="bbox 2419 3445 3906 3519; baseline 0.002 -18"><span class='ocrx_word' id='word_1_704' title='bbox 2419 3450 2483 3501; x_wconf 86' lang='grc' dir='ltr'>Τί</span> <span class='ocrx_word' id='word_1_705' title='bbox 2531 3451 2678 3502; x_wconf 72' lang='grc' dir='ltr'>ἔστιν</span> <span class='ocrx_word' id='word_1_706' title='bbox 2723 3450 2814 3514; x_wconf 87' lang='grc' dir='ltr'>τὸ,</span> <span class='ocrx_word' id='word_1_707' title='bbox 2876 3449 3266 3518; x_wconf 74' lang='grc' dir='ltr'>Βεόαρημένοι</span> <span class='ocrx_word' id='word_1_708' title='bbox 3315 3445 3474 3519; x_wconf 74' lang='grc' dir='ltr'>ἦσαν</span> <span class='ocrx_word' id='word_1_709' title='bbox 3523 3451 3722 3515; x_wconf 59' lang='grc' dir='ltr'>ὕπνου</span> <span class='ocrx_word' id='word_1_710' title='bbox 3769 3451 3906 3504; x_wconf 88' lang='grc' dir='ltr'>Ὅτι</span> 
     </span>
    </p>
   </div>
   <div class='ocr_carea' id='block_1_96' title="bbox 2351 3540 3906 3612">
    <p class='ocr_par' dir='ltr' id='par_1_96' title="bbox 2351 3540 3906 3612">
     <span class='ocr_line' id='line_1_96' title="bbox 2351 3540 3906 3612; baseline 0.002 -19"><span class='ocrx_word' id='word_1_711' title='bbox 2351 3540 2526 3611; x_wconf 83' lang='grc' dir='ltr'>πολλῷ</span> <span class='ocrx_word' id='word_1_712' title='bbox 2576 3542 2888 3610; x_wconf 78' lang='grc' dir='ltr'>κατείχοντο</span> <span class='ocrx_word' id='word_1_713' title='bbox 2926 3543 3111 3610; x_wconf 81' lang='grc' dir='ltr'>κάρῳ·</span> <span class='ocrx_word' id='word_1_714' title='bbox 3143 3540 3299 3594; x_wconf 81' lang='grc' dir='ltr'>τοῦτο</span> <span class='ocrx_word' id='word_1_715' title='bbox 3341 3542 3396 3594; x_wconf 83' lang='grc' dir='ltr'>δὲ</span> <span class='ocrx_word' id='word_1_716' title='bbox 3429 3543 3534 3596; x_wconf 81' lang='grc' dir='ltr'>ἀπὸ</span> <span class='ocrx_word' id='word_1_717' title='bbox 3578 3542 3675 3611; x_wconf 78' lang='grc' dir='ltr'>τῆς</span> <span class='ocrx_word' id='word_1_718' title='bbox 3718 3543 3906 3612; x_wconf 78' lang='grc' dir='ltr'>ὅψεως</span> 
     </span>
    </p>
   </div>
   <div class='ocr_carea' id='block_1_97' title="bbox 2349 3624 3510 3701">
    <p class='ocr_par' dir='ltr' id='par_1_97' title="bbox 2349 3624 3510 3701">
     <span class='ocr_line' id='line_1_97' title="bbox 2349 3624 3510 3701; baseline 0.003 -21"><span class='ocrx_word' id='word_1_719' title='bbox 2349 3630 2560 3698; x_wconf 80' lang='grc' dir='ltr'>ἐκείνης</span> <span class='ocrx_word' id='word_1_720' title='bbox 2587 3629 2684 3699; x_wconf 80' lang='grc' dir='ltr'><strong>τῆς</strong></span> <span class='ocrx_word' id='word_1_721' title='bbox 2707 3628 3018 3698; x_wconf 76' lang='grc' dir='ltr'>θαυμαστῆς</span> <span class='ocrx_word' id='word_1_722' title='bbox 3044 3624 3109 3699; x_wconf 80' lang='grc' dir='ltr'>ἧν</span> <span class='ocrx_word' id='word_1_723' title='bbox 3134 3632 3510 3701; x_wconf 84' lang='grc' dir='ltr'>γεγενημένον.</span> 
     </span>
    </p>
   </div>
   <div class='ocr_carea' id='block_1_98' title="bbox 2420 3702 3907 3792">
    <p class='ocr_par' dir='ltr' id='par_1_98' title="bbox 2420 3702 3907 3792">
     <span class='ocr_line' id='line_1_98' title="bbox 2420 3702 3907 3792; baseline 0.003 -21"><span class='ocrx_word' id='word_1_724' title='bbox 2420 3721 2516 3773; x_wconf 79' lang='grc' dir='ltr'>Διά</span> <span class='ocrx_word' id='word_1_725' title='bbox 2554 3721 2606 3772; x_wconf 84' lang='grc' dir='ltr'><strong>τί</strong></span> <span class='ocrx_word' id='word_1_726' title='bbox 2656 3720 2804 3786; x_wconf 85' lang='grc' dir='ltr'>λέγει</span> <span class='ocrx_word' id='word_1_727' title='bbox 2858 3719 3043 3789; x_wconf 78' lang='grc' dir='ltr'>μηδενὶ</span> <span class='ocrx_word' id='word_1_728' title='bbox 3095 3722 3265 3773; x_wconf 71' lang='grc' dir='ltr'>εἰπεῖν</span> <span class='ocrx_word' id='word_1_729' title='bbox 3320 3722 3423 3783; x_wconf 75' lang='grc' dir='ltr'>ἕως</span> <span class='ocrx_word' id='word_1_730' title='bbox 3465 3722 3530 3775; x_wconf 81' lang='grc' dir='ltr'>ἂν</span> <span class='ocrx_word' id='word_1_731' title='bbox 3572 3723 3634 3774; x_wconf 77' lang='grc' dir='ltr'>ἑκ</span> <span class='ocrx_word' id='word_1_732' title='bbox 3685 3702 3907 3792; x_wconf 79' lang='grc' dir='ltr'>νεκρῶν</span> 
     </span>
    </p>
   </div>
   <div class='ocr_carea' id='block_1_99' title="bbox 2349 3807 3908 3879">
    <p class='ocr_par' dir='ltr' id='par_1_99' title="bbox 2349 3807 3908 3879">
     <span class='ocr_line' id='line_1_99' title="bbox 2349 3807 3908 3879; baseline 0.001 -17"><span class='ocrx_word' id='word_1_733' title='bbox 2349 3810 2587 3879; x_wconf 69' lang='grc' dir='ltr'>ἀναστῇς</span> <span class='ocrx_word' id='word_1_734' title='bbox 2634 3808 2849 3878; x_wconf 78' lang='grc' dir='ltr'>Ἐπειδὴ</span> <span class='ocrx_word' id='word_1_735' title='bbox 2883 3809 2990 3876; x_wconf 82' lang='grc' dir='ltr'><strong>ὅσῳ</strong></span> <span class='ocrx_word' id='word_1_736' title='bbox 3017 3807 3234 3879; x_wconf 76' lang='grc' dir='ltr'>μείζονα</span> <span class='ocrx_word' id='word_1_737' title='bbox 3258 3810 3473 3876; x_wconf 71' lang='grc' dir='ltr'>ἐλέγετο</span> <span class='ocrx_word' id='word_1_738' title='bbox 3495 3850 3511 3876; x_wconf 91' lang='grc'><strong>,</strong></span> <span class='ocrx_word' id='word_1_739' title='bbox 3545 3810 3788 3863; x_wconf 80' lang='grc' dir='ltr'>τοσοῦτον</span> <span class='ocrx_word' id='word_1_740' title='bbox 3818 3815 3908 3875; x_wconf 89' lang='grc' dir='ltr'>εἰς</span> 
     </span>
    </p>
   </div>
   <div class='ocr_carea' id='block_1_100' title="bbox 2350 3895 3988 3968">
    <p class='ocr_par' dir='ltr' id='par_1_100' title="bbox 2350 3895 3988 3968">
     <span class='ocr_line' id='line_1_100' title="bbox 2350 3895 3988 3968; baseline 0.001 -17"><span class='ocrx_word' id='word_1_741' title='bbox 2350 3899 2542 3968; x_wconf 83' lang='grc' dir='ltr'>φθόνον</span> <span class='ocrx_word' id='word_1_742' title='bbox 2565 3900 2657 3951; x_wconf 77' lang='grc' dir='ltr'>καὶ</span> <span class='ocrx_word' id='word_1_743' title='bbox 2677 3898 2931 3950; x_wconf 86' lang='grc' dir='ltr'>ἀπιστίαν</span> <span class='ocrx_word' id='word_1_744' title='bbox 2952 3898 3120 3963; x_wconf 75' lang='grc' dir='ltr'>ὄντες,</span> <span class='ocrx_word' id='word_1_745' title='bbox 3138 3899 3546 3966; x_wconf 85' lang='grc' dir='ltr'>δυσπαράδεκτα</span> <span class='ocrx_word' id='word_1_746' title='bbox 3569 3895 3711 3968; x_wconf 77' lang='grc' dir='ltr'>εῐχον</span> <span class='ocrx_word' id='word_1_747' title='bbox 3732 3901 3902 3952; x_wconf 70' lang='grc' dir='ltr'>αὑτά·</span> <span class='ocrx_word' id='word_1_748' title='bbox 3985 3917 3988 3919; x_wconf 50' lang='grc' dir='ltr'>λ</span> 
     </span>
    </p>
   </div>
   <div class='ocr_carea' id='block_1_101' title="bbox 2355 3988 3882 4059">
    <p class='ocr_par' dir='ltr' id='par_1_101' title="bbox 2355 3988 3882 4059">
     <span class='ocr_line' id='line_1_101' title="bbox 2355 3988 3882 4059; baseline -0.002 -17"><span class='ocrx_word' id='word_1_749' title='bbox 2355 3992 2491 4059; x_wconf 87' lang='grc' dir='ltr'><strong>μετά</strong></span> <span class='ocrx_word' id='word_1_750' title='bbox 2519 3990 2574 4041; x_wconf 72' lang='grc' dir='ltr'>δὲ</span> <span class='ocrx_word' id='word_1_751' title='bbox 2599 3990 2698 4057; x_wconf 80' lang='grc' dir='ltr'>τὴν</span> <span class='ocrx_word' id='word_1_752' title='bbox 2722 3989 3035 4050; x_wconf 81' lang='grc' dir='ltr'>ἀνάστασιν,</span> <span class='ocrx_word' id='word_1_753' title='bbox 3054 3989 3117 4039; x_wconf 74' lang='grc' dir='ltr'>ὲκ</span> <span class='ocrx_word' id='word_1_754' title='bbox 3147 3989 3309 4056; x_wconf 88' lang='grc' dir='ltr'>μέσου</span> <span class='ocrx_word' id='word_1_755' title='bbox 3340 3989 3435 4056; x_wconf 71' lang='grc' dir='ltr'>μὲν</span> <span class='ocrx_word' id='word_1_756' title='bbox 3455 3991 3484 4040; x_wconf 91' lang='lat'><strong>6</strong></span> <span class='ocrx_word' id='word_1_757' title='bbox 3513 3988 3882 4057; x_wconf 72' lang='grc' dir='ltr'>φθονούμενος</span> 
     </span>
    </p>
   </div>
   <div class='ocr_carea' id='block_1_102' title="bbox 2353 4077 3917 4146">
    <p class='ocr_par' dir='ltr' id='par_1_102' title="bbox 2353 4077 3917 4146">
     <span class='ocr_line' id='line_1_102' title="bbox 2353 4077 3917 4146; baseline -0.001 -14"><span class='ocrx_word' id='word_1_758' title='bbox 2353 4083 2446 4134; x_wconf 74' lang='grc' dir='ltr'>καὶ</span> <span class='ocrx_word' id='word_1_759' title='bbox 2495 4083 2541 4131; x_wconf 79' lang='grc' dir='ltr'>οἱ</span> <span class='ocrx_word' id='word_1_760' title='bbox 2577 4080 2673 4146; x_wconf 71' lang='grc' dir='ltr'>μὲν</span> <span class='ocrx_word' id='word_1_761' title='bbox 2717 4080 2999 4130; x_wconf 74' lang='grc' dir='ltr'>ἀπόστολοι</span> <span class='ocrx_word' id='word_1_762' title='bbox 3027 4078 3125 4146; x_wconf 69' lang='grc' dir='ltr'>ήδη</span> <span class='ocrx_word' id='word_1_763' title='bbox 3154 4077 3526 4141; x_wconf 83' lang='grc' dir='ltr'>πιστεύοντες,</span> <span class='ocrx_word' id='word_1_764' title='bbox 3560 4079 3606 4128; x_wconf 77' lang='grc' dir='ltr'>οι</span> <span class='ocrx_word' id='word_1_765' title='bbox 3647 4077 3701 4129; x_wconf 75' lang='grc' dir='ltr'>δὲ</span> <span class='ocrx_word' id='word_1_766' title='bbox 3747 4079 3917 4145; x_wconf 58' lang='grc' dir='ltr'>ὄχλοι.</span> 
     </span>
    </p>
   </div>
   <div class='ocr_carea' id='block_1_103' title="bbox 2353 4165 3911 4237">
    <p class='ocr_par' dir='ltr' id='par_1_103' title="bbox 2353 4165 3911 4237">
     <span class='ocr_line' id='line_1_103' title="bbox 2353 4165 3911 4237; baseline -0.002 -15"><span class='ocrx_word' id='word_1_767' title='bbox 2353 4171 2420 4222; x_wconf 68' lang='grc' dir='ltr'>τὰ</span> <span class='ocrx_word' id='word_1_768' title='bbox 2469 4169 2613 4237; x_wconf 86' lang='grc' dir='ltr'><strong>παρά</strong></span> <span class='ocrx_word' id='word_1_769' title='bbox 2651 4168 2760 4219; x_wconf 81' lang='grc' dir='ltr'>τῶν</span> <span class='ocrx_word' id='word_1_770' title='bbox 2797 4167 3107 4220; x_wconf 78' lang='grc' dir='ltr'>ἀποστόλων</span> <span class='ocrx_word' id='word_1_771' title='bbox 3134 4167 3382 4235; x_wconf 83' lang='grc' dir='ltr'>θαύματα</span> <span class='ocrx_word' id='word_1_772' title='bbox 3420 4165 3648 4234; x_wconf 79' lang='grc' dir='ltr'>δρῶντες</span> <span class='ocrx_word' id='word_1_773' title='bbox 3681 4168 3911 4219; x_wconf 68' lang='grc' dir='ltr'>πιστεύο</span> 
     </span>
    </p>
   </div>
   <div class='ocr_carea' id='block_1_104' title="bbox 2356 4257 2608 4310">
    <p class='ocr_par' dir='ltr' id='par_1_104' title="bbox 2356 4257 2608 4310">
     <span class='ocr_line' id='line_1_104' title="bbox 2356 4257 2608 4310; baseline 0 0"><span class='ocrx_word' id='word_1_774' title='bbox 2356 4275 2500 4310; x_wconf 77' lang='grc' dir='ltr'>σειαν</span> <span class='ocrx_word' id='word_1_775' title='bbox 2525 4257 2608 4310; x_wconf 81' lang='grc' dir='ltr'>ἄν.</span> 
     </span>
    </p>
   </div>
   <div class='ocr_carea' id='block_1_105' title="bbox 2435 4343 3911 4415">
    <p class='ocr_par' dir='ltr' id='par_1_105' title="bbox 2435 4343 3911 4415">
     <span class='ocr_line' id='line_1_105' title="bbox 2435 4343 3911 4415; baseline -0.001 -17"><span class='ocrx_word' id='word_1_776' title='bbox 2435 4347 2570 4414; x_wconf 81' lang='grc' dir='ltr'>Ἔπη</span> <span class='ocrx_word' id='word_1_777' title='bbox 2576 4345 2824 4415; x_wconf 71' lang='grc' dir='ltr'>ρώτησαν</span> <span class='ocrx_word' id='word_1_778' title='bbox 2844 4343 3004 4397; x_wconf 75' lang='grc' dir='ltr'>αὑτὸν</span> <span class='ocrx_word' id='word_1_779' title='bbox 3021 4344 3068 4395; x_wconf 77' lang='grc' dir='ltr'>οἱ</span> <span class='ocrx_word' id='word_1_780' title='bbox 3096 4345 3351 4412; x_wconf 75' lang='grc' dir='ltr'>μαθηταὶ,</span> <span class='ocrx_word' id='word_1_781' title='bbox 3373 4345 3452 4398; x_wconf 85' lang='grc' dir='ltr'>ὅτι</span> <span class='ocrx_word' id='word_1_782' title='bbox 3471 4347 3534 4397; x_wconf 87' lang='grc' dir='ltr'><strong>οι</strong></span> <span class='ocrx_word' id='word_1_783' title='bbox 3552 4361 3911 4414; x_wconf 57' lang='lat' dir='ltr'><strong>mammam</strong></span> 
     </span>
    </p>
   </div>
   <div class='ocr_carea' id='block_1_106' title="bbox 2355 4435 3910 4506">
    <p class='ocr_par' dir='ltr' id='par_1_106' title="bbox 2355 4435 3910 4506">
     <span class='ocr_line' id='line_1_106' title="bbox 2355 4435 3910 4506; baseline 0.001 -15"><span class='ocrx_word' id='word_1_784' title='bbox 2355 4437 2640 4506; x_wconf 73' lang='grc' dir='ltr'>λέγουσιν</span> <span class='ocrx_word' id='word_1_785' title='bbox 2698 4436 2905 4491; x_wconf 70' lang='grc' dir='ltr'>Ἠλίαν</span> <span class='ocrx_word' id='word_1_786' title='bbox 2953 4435 3046 4488; x_wconf 83' lang='grc' dir='ltr'>δεῖ</span> <span class='ocrx_word' id='word_1_787' title='bbox 3081 4435 3273 4488; x_wconf 72' lang='grc' dir='ltr'>ἐλθεῖν</span> <span class='ocrx_word' id='word_1_788' title='bbox 3313 4435 3562 4505; x_wconf 79' lang='grc' dir='ltr'>πρῶτον·</span> <span class='ocrx_word' id='word_1_789' title='bbox 3599 4441 3689 4491; x_wconf 73' lang='grc' dir='ltr'>καὶ</span> <span class='ocrx_word' id='word_1_790' title='bbox 3733 4439 3910 4492; x_wconf 85' lang='grc' dir='ltr'>πόθεν</span> 
     </span>
    </p>
   </div>
   <div class='ocr_carea' id='block_1_107' title="bbox 2357 4525 3912 4599">
    <p class='ocr_par' dir='ltr' id='par_1_107' title="bbox 2357 4525 3912 4599">
     <span class='ocr_line' id='line_1_107' title="bbox 2357 4525 3912 4599; baseline 0.001 -18"><span class='ocrx_word' id='word_1_791' title='bbox 2357 4528 2512 4581; x_wconf 72' lang='grc' dir='ltr'>τοῦτο</span> <span class='ocrx_word' id='word_1_792' title='bbox 2539 4528 2753 4595; x_wconf 81' lang='grc' dir='ltr'>έλεγον;</span> <span class='ocrx_word' id='word_1_793' title='bbox 2787 4526 3036 4596; x_wconf 82' lang='grc' dir='ltr'>Ἐκράτει</span> <span class='ocrx_word' id='word_1_794' title='bbox 3065 4525 3162 4594; x_wconf 76' lang='grc' dir='ltr'>μὶν</span> <span class='ocrx_word' id='word_1_795' title='bbox 3188 4526 3215 4575; x_wconf 91' lang='lat'><strong>6</strong></span> <span class='ocrx_word' id='word_1_796' title='bbox 3245 4525 3398 4593; x_wconf 86' lang='grc' dir='ltr'>λόγος</span> <span class='ocrx_word' id='word_1_797' title='bbox 3429 4529 3518 4580; x_wconf 78' lang='grc' dir='ltr'>καὶ</span> <span class='ocrx_word' id='word_1_798' title='bbox 3546 4529 3912 4599; x_wconf 84' lang='grc' dir='ltr'>περιεφέρετο</span> 
     </span>
    </p>
   </div>
   <div class='ocr_carea' id='block_1_108' title="bbox 2359 4613 3913 4688">
    <p class='ocr_par' dir='ltr' id='par_1_108' title="bbox 2359 4613 3913 4688">
     <span class='ocr_line' id='line_1_108' title="bbox 2359 4613 3913 4688; baseline 0.001 -16"><span class='ocrx_word' id='word_1_799' title='bbox 2359 4617 2540 4680; x_wconf 80' lang='grc' dir='ltr'>κακῶς</span> <span class='ocrx_word' id='word_1_800' title='bbox 2562 4617 2844 4686; x_wconf 76' lang='grc' dir='ltr'>νοούμενος</span> <span class='ocrx_word' id='word_1_801' title='bbox 2877 4616 3026 4686; x_wconf 81' lang='grc' dir='ltr'><strong>παρά</strong></span> <span class='ocrx_word' id='word_1_802' title='bbox 3043 4613 3149 4666; x_wconf 83' lang='grc' dir='ltr'>τῶν</span> <span class='ocrx_word' id='word_1_803' title='bbox 3175 4616 3565 4686; x_wconf 83' lang='grc' dir='ltr'>Γραμματέων·</span> <span class='ocrx_word' id='word_1_804' title='bbox 3593 4618 3774 4688; x_wconf 80' lang='grc' dir='ltr'>ὥσπερ</span> <span class='ocrx_word' id='word_1_805' title='bbox 3800 4623 3913 4673; x_wconf 73' lang='grc' dir='ltr'>καὶ</span> 
     </span>
    </p>
   </div>
   <div class='ocr_carea' id='block_1_109' title="bbox 2357 4704 3912 4777">
    <p class='ocr_par' dir='ltr' id='par_1_109' title="bbox 2357 4704 3912 4777">
     <span class='ocr_line' id='line_1_109' title="bbox 2357 4704 3912 4777; baseline 0.003 -17"><span class='ocrx_word' id='word_1_806' title='bbox 2357 4710 2405 4760; x_wconf 75' lang='grc' dir='ltr'>οἱ</span> <span class='ocrx_word' id='word_1_807' title='bbox 2437 4708 2562 4777; x_wconf 74' lang='grc' dir='ltr'>περὶ</span> <span class='ocrx_word' id='word_1_808' title='bbox 2592 4707 2684 4759; x_wconf 81' lang='grc' dir='ltr'>τοῦ</span> <span class='ocrx_word' id='word_1_809' title='bbox 2718 4704 2970 4776; x_wconf 75' lang='grc' dir='ltr'>Χριστοῦ·</span> <span class='ocrx_word' id='word_1_810' title='bbox 3015 4707 3046 4774; x_wconf 83' lang='grc' dir='ltr'>ὴ</span> <span class='ocrx_word' id='word_1_811' title='bbox 3093 4705 3149 4756; x_wconf 82' lang='grc' dir='ltr'>δὲ</span> <span class='ocrx_word' id='word_1_812' title='bbox 3183 4705 3406 4774; x_wconf 79' lang='grc' dir='ltr'>ἀλήθεια</span> <span class='ocrx_word' id='word_1_813' title='bbox 3434 4708 3544 4777; x_wconf 71' lang='grc' dir='ltr'>ἔχει</span> <span class='ocrx_word' id='word_1_814' title='bbox 3591 4707 3754 4770; x_wconf 76' lang='grc' dir='ltr'>οὕτως</span> <span class='ocrx_word' id='word_1_815' title='bbox 3778 4724 3793 4738; x_wconf 70' lang='grc'><strong>⁸</strong></span> <span class='ocrx_word' id='word_1_816' title='bbox 3836 4711 3912 4764; x_wconf 81' lang='grc' dir='ltr'><strong>Αἱ</strong></span> 
     </span>
    </p>
   </div>
   <div class='ocr_carea' id='block_1_110' title="bbox 2362 4797 3916 4870">
    <p class='ocr_par' dir='ltr' id='par_1_110' title="bbox 2362 4797 3916 4870">
     <span class='ocr_line' id='line_1_110' title="bbox 2362 4797 3916 4870; baseline 0 -18"><span class='ocrx_word' id='word_1_817' title='bbox 2362 4801 2458 4870; x_wconf 82' lang='grc' dir='ltr'>μὲν</span> <span class='ocrx_word' id='word_1_818' title='bbox 2508 4799 2738 4867; x_wconf 68' lang='grc' dir='ltr'>Γραφαὶ,</span> <span class='ocrx_word' id='word_1_819' title='bbox 2761 4797 2854 4852; x_wconf 85' lang='grc' dir='ltr'>δύο</span> <span class='ocrx_word' id='word_1_820' title='bbox 2895 4797 3108 4863; x_wconf 88' lang='grc' dir='ltr'>λέγουσι</span> <span class='ocrx_word' id='word_1_821' title='bbox 3158 4798 3453 4866; x_wconf 85' lang='grc' dir='ltr'>παρουσίας</span> <span class='ocrx_word' id='word_1_822' title='bbox 3501 4798 3591 4852; x_wconf 80' lang='grc' dir='ltr'>τοῦ</span> <span class='ocrx_word' id='word_1_823' title='bbox 3631 4800 3916 4869; x_wconf 81' lang='grc' dir='ltr'>Χριστοῦ,</span> 
     </span>
    </p>
   </div>
   <div class='ocr_carea' id='block_1_111' title="bbox 2358 4889 3914 4961">
    <p class='ocr_par' dir='ltr' id='par_1_111' title="bbox 2358 4889 3914 4961">
     <span class='ocr_line' id='line_1_111' title="bbox 2358 4889 3914 4961; baseline 0 -17"><span class='ocrx_word' id='word_1_824' title='bbox 2358 4891 2561 4960; x_wconf 81' lang='grc' dir='ltr'>ταύτην</span> <span class='ocrx_word' id='word_1_825' title='bbox 2581 4891 2674 4944; x_wconf 80' lang='grc' dir='ltr'>καὶ</span> <span class='ocrx_word' id='word_1_826' title='bbox 2693 4891 2791 4958; x_wconf 82' lang='grc' dir='ltr'>τὴν</span> <span class='ocrx_word' id='word_1_827' title='bbox 2820 4889 3136 4957; x_wconf 83' lang='grc' dir='ltr'>μέλλουσαν·</span> <span class='ocrx_word' id='word_1_828' title='bbox 3165 4889 3256 4941; x_wconf 78' lang='grc' dir='ltr'>καὶ</span> <span class='ocrx_word' id='word_1_829' title='bbox 3276 4893 3323 4942; x_wconf 80' lang='lat' dir='ltr'><strong>ot</strong></span> <span class='ocrx_word' id='word_1_830' title='bbox 3344 4891 3612 4960; x_wconf 79' lang='grc' dir='ltr'>προφῆται</span> <span class='ocrx_word' id='word_1_831' title='bbox 3635 4893 3786 4945; x_wconf 80' lang='grc' dir='ltr'>έκατέ</span> <span class='ocrx_word' id='word_1_832' title='bbox 3796 4909 3914 4961; x_wconf 80' lang='grc' dir='ltr'><strong>ρας</strong></span> 
     </span>
    </p>
   </div>
   <div class='ocr_carea' id='block_1_112' title="bbox 2360 4978 3918 5053">
    <p class='ocr_par' dir='ltr' id='par_1_112' title="bbox 2360 4978 3918 5053">
     <span class='ocr_line' id='line_1_112' title="bbox 2360 4978 3918 5053; baseline 0.002 -21"><span class='ocrx_word' id='word_1_833' title='bbox 2360 4980 2664 5050; x_wconf 79' lang='grc' dir='ltr'>πρόδρομον</span> <span class='ocrx_word' id='word_1_834' title='bbox 2701 4978 2791 5030; x_wconf 81' lang='grc' dir='ltr'>τὸν</span> <span class='ocrx_word' id='word_1_835' title='bbox 2840 4978 3026 5030; x_wconf 84' lang='grc' dir='ltr'>Ἠλίαν</span> <span class='ocrx_word' id='word_1_836' title='bbox 3072 4979 3287 5032; x_wconf 72' lang='grc' dir='ltr'>ἔσεσθαι</span> <span class='ocrx_word' id='word_1_837' title='bbox 3330 4981 3603 5049; x_wconf 84' lang='grc' dir='ltr'>λέγουσιν·</span> <span class='ocrx_word' id='word_1_838' title='bbox 3653 4983 3746 5052; x_wconf 84' lang='grc' dir='ltr'>τῆς</span> <span class='ocrx_word' id='word_1_839' title='bbox 3784 4983 3918 5053; x_wconf 80' lang='grc' dir='ltr'>γὰρ</span> 
     </span>
    </p>
   </div>
   <div class='ocr_carea' id='block_1_113' title="bbox 2359 5068 3917 5141">
    <p class='ocr_par' dir='ltr' id='par_1_113' title="bbox 2359 5068 3917 5141">
     <span class='ocr_line' id='line_1_113' title="bbox 2359 5068 3917 5141; baseline 0.001 -19"><span class='ocrx_word' id='word_1_840' title='bbox 2359 5069 2521 5137; x_wconf 80' lang='grc' dir='ltr'>ἄλλης</span> <span class='ocrx_word' id='word_1_841' title='bbox 2559 5071 2588 5120; x_wconf 86' lang='lat'><strong>6</strong></span> <span class='ocrx_word' id='word_1_842' title='bbox 2628 5068 2877 5135; x_wconf 78' lang='grc' dir='ltr'>Ἰωάννης</span> <span class='ocrx_word' id='word_1_843' title='bbox 2911 5068 3146 5134; x_wconf 72' lang='grc' dir='ltr'>ἐγίνετο,</span> <span class='ocrx_word' id='word_1_844' title='bbox 3175 5069 3232 5121; x_wconf 86' lang='grc' dir='ltr'><strong>δν</strong></span> <span class='ocrx_word' id='word_1_845' title='bbox 3265 5071 3354 5124; x_wconf 75' lang='grc' dir='ltr'>καὶ</span> <span class='ocrx_word' id='word_1_846' title='bbox 3398 5072 3580 5125; x_wconf 83' lang='grc' dir='ltr'>Ἠλίαν</span> <span class='ocrx_word' id='word_1_847' title='bbox 3611 5075 3638 5124; x_wconf 92' lang='lat'><strong>6</strong></span> <span class='ocrx_word' id='word_1_848' title='bbox 3667 5072 3917 5141; x_wconf 80' lang='grc' dir='ltr'>Χριστὸς</span> 
     </span>
    </p>
   </div>
   <div class='ocr_carea' id='block_1_114' title="bbox 2362 5155 3918 5234">
    <p class='ocr_par' dir='ltr' id='par_1_114' title="bbox 2362 5155 3918 5234">
     <span class='ocr_line' id='line_1_114' title="bbox 2362 5155 3918 5234; baseline 0.002 -23"><span class='ocrx_word' id='word_1_849' title='bbox 2362 5160 2534 5221; x_wconf 77' lang='grc' dir='ltr'>καλεῖ,</span> <span class='ocrx_word' id='word_1_850' title='bbox 2563 5159 2660 5209; x_wconf 70' lang='grc' dir='ltr'>οὐκ</span> <span class='ocrx_word' id='word_1_851' title='bbox 2682 5159 2865 5226; x_wconf 71' lang='grc' dir='ltr'>ἐπειδὴ</span> <span class='ocrx_word' id='word_1_852' title='bbox 2906 5159 3088 5222; x_wconf 78' lang='grc' dir='ltr'>Ἠλίας</span> <span class='ocrx_word' id='word_1_853' title='bbox 3115 5155 3202 5230; x_wconf 69' lang='grc' dir='ltr'>ἦν,</span> <span class='ocrx_word' id='word_1_854' title='bbox 3229 5161 3342 5213; x_wconf 81' lang='grc' dir='ltr'>ἀλλ’</span> <span class='ocrx_word' id='word_1_855' title='bbox 3374 5163 3561 5234; x_wconf 72' lang='grc' dir='ltr'>ἐπειδὴ</span> <span class='ocrx_word' id='word_1_856' title='bbox 3587 5164 3683 5232; x_wconf 83' lang='grc' dir='ltr'>τὴν</span> <span class='ocrx_word' id='word_1_857' title='bbox 3713 5162 3918 5214; x_wconf 81' lang='grc' dir='ltr'>διακο-</span> 
     </span>
    </p>
   </div>
   <div class='ocr_carea' id='block_1_115' title="bbox 2362 5247 3923 5322">
    <p class='ocr_par' dir='ltr' id='par_1_115' title="bbox 2362 5247 3923 5322">
     <span class='ocr_line' id='line_1_115' title="bbox 2362 5247 3923 5322; baseline 0.003 -22"><span class='ocrx_word' id='word_1_858' title='bbox 2362 5249 2479 5300; x_wconf 89' lang='grc' dir='ltr'>νίαν</span> <span class='ocrx_word' id='word_1_859' title='bbox 2501 5248 2816 5318; x_wconf 78' lang='grc' dir='ltr'>ἐπλήρωσεν</span> <span class='ocrx_word' id='word_1_860' title='bbox 2852 5247 3052 5300; x_wconf 80' lang='grc' dir='ltr'>Ἡλίου·</span> <span class='ocrx_word' id='word_1_861' title='bbox 3085 5252 3131 5301; x_wconf 79' lang='grc' dir='ltr'>οἱ</span> <span class='ocrx_word' id='word_1_862' title='bbox 3159 5251 3500 5322; x_wconf 80' lang='grc' dir='ltr'>Γραμματεῖς</span> <span class='ocrx_word' id='word_1_863' title='bbox 3529 5254 3620 5306; x_wconf 83' lang='grc' dir='ltr'>οὖν</span> <span class='ocrx_word' id='word_1_864' title='bbox 3653 5251 3923 5318; x_wconf 75' lang='grc' dir='ltr'>συγχέον-</span> 
     </span>
    </p>
   </div>
   <div class='ocr_carea' id='block_1_116' title="bbox 2360 5336 3925 5411">
    <p class='ocr_par' dir='ltr' id='par_1_116' title="bbox 2360 5336 3925 5411">
     <span class='ocr_line' id='line_1_116' title="bbox 2360 5336 3925 5411; baseline 0 -21"><span class='ocrx_word' id='word_1_865' title='bbox 2360 5356 2449 5401; x_wconf 87' lang='grc' dir='ltr'><strong>τες</strong></span> <span class='ocrx_word' id='word_1_866' title='bbox 2476 5336 2645 5389; x_wconf 83' lang='grc' dir='ltr'>ταῦτα</span> <span class='ocrx_word' id='word_1_867' title='bbox 2665 5380 2680 5401; x_wconf 91' lang='grc'><strong>,</strong></span> <span class='ocrx_word' id='word_1_868' title='bbox 2710 5338 2806 5405; x_wconf 81' lang='grc' dir='ltr'>τῆς</span> <span class='ocrx_word' id='word_1_869' title='bbox 2843 5337 3094 5406; x_wconf 75' lang='grc' dir='ltr'>δευτέρας</span> <span class='ocrx_word' id='word_1_870' title='bbox 3128 5343 3486 5410; x_wconf 74' lang='grc' dir='ltr'>ἐμνημόνευον</span> <span class='ocrx_word' id='word_1_871' title='bbox 3519 5344 3683 5411; x_wconf 78' lang='grc' dir='ltr'>μόνης</span> <span class='ocrx_word' id='word_1_872' title='bbox 3701 5357 3715 5371; x_wconf 95' lang='grc'><strong>·</strong></span> <span class='ocrx_word' id='word_1_873' title='bbox 3741 5338 3925 5403; x_wconf 76' lang='grc' dir='ltr'>αὐτὸς</span> 
     </span>
    </p>
   </div>
   <div class='ocr_carea' id='block_1_117' title="bbox 2361 5427 3925 5497">
    <p class='ocr_par' dir='ltr' id='par_1_117' title="bbox 2361 5427 3925 5497">
     <span class='ocr_line' id='line_1_117' title="bbox 2361 5427 3925 5497; baseline 0.002 -19"><span class='ocrx_word' id='word_1_874' title='bbox 2361 5427 2418 5478; x_wconf 82' lang='grc' dir='ltr'><strong>δέ</strong></span> <span class='ocrx_word' id='word_1_875' title='bbox 2453 5443 2583 5495; x_wconf 85' lang='grc' dir='ltr'>φησι</span> <span class='ocrx_word' id='word_1_876' title='bbox 2631 5427 2763 5496; x_wconf 81' lang='grc' dir='ltr'>πρὸς</span> <span class='ocrx_word' id='word_1_877' title='bbox 2804 5427 2927 5486; x_wconf 83' lang='grc' dir='ltr'>τοὺς</span> <span class='ocrx_word' id='word_1_878' title='bbox 2966 5427 3228 5496; x_wconf 82' lang='grc' dir='ltr'>μαθητάς·</span> <span class='ocrx_word' id='word_1_879' title='bbox 3291 5431 3486 5496; x_wconf 71' lang='grc' dir='ltr'>Ἠλίας</span> <span class='ocrx_word' id='word_1_880' title='bbox 3529 5430 3643 5497; x_wconf 81' lang='grc' dir='ltr'><strong>μὲν</strong></span> <span class='ocrx_word' id='word_1_881' title='bbox 3672 5429 3925 5492; x_wconf 75' lang='grc' dir='ltr'>ἔρχεται</span> 
     </span>
    </p>
   </div>
   <div class='ocr_carea' id='block_1_118' title="bbox 2362 5516 3925 5584">
    <p class='ocr_par' dir='ltr' id='par_1_118' title="bbox 2362 5516 3925 5584">
     <span class='ocr_line' id='line_1_118' title="bbox 2362 5516 3925 5584; baseline 0.003 -18"><span class='ocrx_word' id='word_1_882' title='bbox 2362 5517 2457 5567; x_wconf 76' lang='grc' dir='ltr'>καὶ</span> <span class='ocrx_word' id='word_1_883' title='bbox 2489 5516 2972 5581; x_wconf 77' lang='grc' dir='ltr'>ἀποκαταστήσει</span> <span class='ocrx_word' id='word_1_884' title='bbox 3005 5519 3217 5574; x_wconf 76' lang='grc' dir='ltr'>πάντα.</span> <span class='ocrx_word' id='word_1_885' title='bbox 3259 5521 3389 5573; x_wconf 85' lang='grc' dir='ltr'>Ποῖα</span> <span class='ocrx_word' id='word_1_886' title='bbox 3432 5521 3634 5580; x_wconf 75' lang='grc' dir='ltr'>πάντας</span> <span class='ocrx_word' id='word_1_887' title='bbox 3672 5517 3858 5584; x_wconf 71' lang='lat' dir='ltr'><strong>&quot;Amp</strong></span> <span class='ocrx_word' id='word_1_888' title='bbox 3891 5520 3925 5571; x_wconf 69' lang='grc' dir='ltr'><strong>ὁ</strong></span> 
     </span>
    </p>
   </div>
   <div class='ocr_carea' id='block_1_119' title="bbox 2365 5604 3924 5676">
    <p class='ocr_par' dir='ltr' id='par_1_119' title="bbox 2365 5604 3924 5676">
     <span class='ocr_line' id='line_1_119' title="bbox 2365 5604 3924 5676; baseline 0.003 -20"><span class='ocrx_word' id='word_1_889' title='bbox 2365 5608 2644 5676; x_wconf 75' lang='grc' dir='ltr'>προφήτης</span> <span class='ocrx_word' id='word_1_890' title='bbox 2674 5607 2820 5673; x_wconf 74' lang='grc' dir='ltr'>ἔλεγε</span> <span class='ocrx_word' id='word_1_891' title='bbox 2849 5607 3009 5676; x_wconf 83' lang='grc' dir='ltr'>μάλα·</span> <span class='ocrx_word' id='word_1_892' title='bbox 3057 5611 3410 5676; x_wconf 76' lang='grc' dir='ltr'>Ἀποστελῶ,</span> <span class='ocrx_word' id='word_1_893' title='bbox 3443 5608 3591 5676; x_wconf 66' lang='grc' dir='ltr'>φησι,</span> <span class='ocrx_word' id='word_1_894' title='bbox 3622 5604 3724 5657; x_wconf 73' lang='grc' dir='ltr'><strong>τὸν</strong></span> <span class='ocrx_word' id='word_1_895' title='bbox 3743 5605 3924 5675; x_wconf 69' lang='grc' dir='ltr'>ἅγγε-</span> 
     </span>
    </p>
   </div>
  </div>
