4138 6342
272 467 409 532 H33

1239 469 1549 529 SCHOLM
1593 469 1878 528 VETERA
1926 469 1995 524 IN
2041 465 2498 525 ΜΑΤΤΙΙίΕυΜ.

3303 469 3436 527 1134

272 583 381 634 ιόν
398 598 534 646 μου,
573 582 663 634 καὶ
712 584 776 635 τὰ
828 582 971 650 ἑξῆς·
1015 583 1106 634 καὶ
1136 581 1288 633 τοῦτο
1318 584 1601 651 γενήσεται
1631 583 1706 635 ὅτ’
1737 583 1800 636 ἂν

1866 624 1874 643 ,
1906 581 2155 650 reliquias
2190 579 2348 634 Israel
2394 578 2587 632 salvari
2614 578 2870 642 voluerit,
2902 593 2966 632 ne
2996 579 3204 645 penitus
3229 578 3436 646 dispero

276 675 336 722 τὰ
368 671 893 740 ἐγκαταλελειμμένα
917 671 1009 725 τοῦ
1043 669 1255 739 Ἰσραὴλ
1285 671 1524 740 βούλεται
1548 674 1799 741 σωθῆναι,

273 758 355 811 ἵνα
402 759 474 825 μὴ
507 759 671 827 ἄρδην
720 760 1024 812 ἀπόλωνται
1080 761 1157 820 εἰς
1203 759 1300 826 τὴν
1339 759 1588 829 δευτέραν
1641 761 1800 813 αὑτοῦ

272 848 565 915 παρουσίαν
589 865 602 877 ·
628 850 751 901 ὅταν
789 845 880 900 οὖν
926 848 1078 916 λέγῃ,
1110 847 1189 898 ὃτι
1226 847 1426 911 Ἠλίας
1456 848 1681 915 ἔρχεται
1704 851 1801 902 καί

272 935 769 1000 ἀποκαταστήσει,
796 936 920 1002 περὶ
959 933 1050 987 τοῦ
1090 937 1146 985 ὲν
1178 936 1240 1003 τῇ
1275 935 1495 1004 δευτέρᾳ
1540 937 1802 1007 παρουσίᾳ

272 1025 441 1090 λέγει’.
466 1026 540 1076 ὅτ’
581 1025 644 1078 ἂν
685 1025 740 1078 δὲ
793 1026 926 1095 λέγῃ
961 1026 987 1076 ὁ
1027 1023 1231 1090 μέλλων
1278 1023 1526 1092 ἔρχεσθαι
1585 1025 1798 1090 Ἠλίας,

274 1108 457 1176 Οὗτός
498 1112 685 1172 ἐστιν,
731 1110 865 1163 κατὰ
910 1111 998 1162 τον
1038 1111 1233 1180 τρόπον
1277 1112 1372 1181 τῆς
1414 1111 1680 1175 διακονίας
1714 1114 1802 1167 τὸν

281 1201 527 1267 Ἰωάννην
557 1201 741 1253 Ἠλίαν
763 1201 935 1253 καλεῖ.

337 1291 442 1342 Τοῦ
475 1290 925 1359 σεληνιαζομένου
958 1293 984 1344 ὁ
1016 1295 1195 1363 πατὴρ
1236 1295 1434 1366 σφόδρα
1466 1293 1532 1366 ἦν
1560 1297 1798 1359 άπιστοςο
1857 1275 1861 1278 ”

270 1381 538 1432 ἐδείκνυτο
560 1381 616 1433 δὲ
643 1381 796 1432 τοῦτο
820 1381 881 1433 ἐκ
900 1398 957 1433 τε
975 1382 1066 1434 τοῦ
1093 1385 1261 1437 εἰπεῖν
1290 1387 1423 1455 πρὸς
1445 1387 1532 1441 τὸν
1549 1389 1799 1460 Χριστόν⁹

274 1470 339 1522 El
360 1471 633 1531 δύνασαι,
652 1470 985 1537 βοήθησον.

341 1578 436 1628 Διά
462 1579 512 1629 τί
539 1578 814 1646 μέμφεται
842 1583 954 1642 τοῖς
982 1580 1312 1647 ἀποστόλοις,
1340 1584 1386 1634 εί
1413 1583 1633 1648 ἄπιστός
1658 1585 1801 1637 ἐστιν

270 1670 346 1718 ὅτι
376 1667 463 1717 τὸν
488 1668 598 1719 υἱὸν
627 1668 786 1720 αὐτοῦ
809 1670 867 1721 ού
898 1669 1386 1736 τεθεραπεύκασιν;
1423 1673 1642 1735 Δεικνὺς
1663 1674 1744 1724 ὅτι
1770 1673 1802 1743 ἡ

274 1759 480 1827 μεγάλη
529 1762 709 1821 πίστις
758 1762 852 1812 καὶ
894 1760 1073 1813 τελεία
1115 1761 1280 1832 ἀρετὴ
1316 1763 1422 1815 τῶν
1465 1762 1799 1833 θαυματουρο

273 1846 505 1913 γούντων
539 1849 760 1902 δύναται
795 1850 886 1903 καὶ
923 1852 1092 1920 χωρὶς
1125 1851 1355 1914 πίστεως
1378 1850 1482 1906 τῶν
1508 1851 1801 1923 θεραπευο-

273 1940 449 2006 μένων
499 1940 756 2010 ἐνεργεῖν.
785 1941 987 2008 Ὥσπερ
1014 1940 1119 2010 γὰρ
1149 1941 1181 2009 ὴ
1214 1941 1391 2003 πίστις
1434 1941 1539 1994 τῶν
1571 1957 1802 2010 προσερο

266 2030 503 2098 χομένων
553 2031 644 2083 καὶ
676 2034 811 2102 παρ’,
851 2031 1146 2085 ἐλαττόνων
1188 2032 1452 2102 λαμϐάνει
1497 2033 1593 2104 τὴν
1628 2034 1799 2096 τασιν,

264 2119 340 2179 ὡς
368 2120 456 2170 ἐπὶ
483 2120 574 2172 τοῦ
606 2119 898 2191 Κορνηλίου
924 2139 934 2149 ·
968 2120 1140 2184 οὕτως
1166 2121 1269 2174 τῶν
1299 2122 1590 2174 ποιούντων
1619 2121 1682 2174 τὰ
1709 2136 1803 2190 ση-

269 2212 398 2277 μεῖα
433 2211 664 2279 ἤρκεσεν
699 2214 732 2280 ἡ
767 2210 993 2280 δύναμις
1022 2213 1114 2264 καὶ
1164 2212 1239 2280 ’μὴ
1265 2213 1618 2264 πιστευόντων
1645 2211 1803 2264 τινῶν

262 2299 338 2360 ὡς
378 2302 467 2351 ἐπὶ
501 2299 593 2351 τοῦ
649 2300 977 2352 Ἐλισσαίου·
1009 2301 1092 2351 ὃτι
1136 2300 1342 2362 οὐδενὸς
1389 2302 1800 2364 πιστεύσαντος,

264 2389 455 2456 νεκρὸς
481 2390 695 2456 ἀνέστη·
725 2388 828 2458 χρὴ
852 2389 907 2440 δὲ
937 2390 1131 2442 ειδέναι
1162 2391 1308 2458 ὅμως
1333 2391 1413 2442 ὅτι
1442 2389 1501 2441 ού
1532 2389 1727 2451 πάντες
1753 2391 1803 2441 οἱ

267 2478 505 2544 μαθηταὶ
552 2477 851 2546 ὴσθένησαν
894 2480 960 2548 τῇ
993 2478 1207 2532 ϊιίστει⁸
1235 2480 1282 2530 οί
1328 2479 1432 2548 γὰρ
1485 2478 1662 2530 στύλοι
1704 2478 1803 2531 οὐκ

264 2562 404 2633 ἦσαν
431 2568 560 2616 ἐκεῖ.

341 2654 438 2706 Διά
466 2654 516 2706 τί
557 2650 730 2721 εἶπεν,
770 2653 846 2709 Ὦ
881 2655 1051 2724 γενεὰ
1082 2656 1331 2723 ἄπιστος
1365 2656 1460 2710 καί
1498 2659 1800 2729 διεστραμ-

258 2747 413 2814 μένη
435 2746 454 2795 !
497 2745 706 2815 Ἐπειδὴ
741 2745 768 2797 ό
797 2745 1021 2810 ἄπιστος
1051 2747 1185 2817 ἀνὴρ
1220 2741 1370 2811 οὗτος
1402 2749 1492 2801 ἐπὶ
1524 2749 1614 2802 τοῦ
1647 2750 1802 2820 ὄχλου

262 2833 577 2900 ἐντυγχάνει
623 2834 759 2887 κατὰ
812 2835 918 2887 τῶν
980 2835 1272 2904 μαθητῶν·
1337 2837 1652 2908 βουλόμενος
1711 2840 1803 2892 οὖν

261 2921 564 2986 ἀπαλλάξαι
606 2924 875 2987 ,ἐκείνουςί
908 2925 1005 2993 μὲν
1061 2918 1436 2996 ἐγκλήματος,
1493 2931 1697 2981 ἐκεῖνον
1746 2931 1800 2984 δὲ

261 3013 493 3082 ὕϐρεως,
525 3014 607 3065 ἵνα
639 3017 711 3082 μὴ
741 3015 1049 3085 ὲξαπορήσῃ
1073 3057 1088 3079 ,
1119 3018 1494 3069 κοινοποιεϊται
1531 3018 1620 3069 τὸν
1651 3018 1804 3085 λόγον

258 3101 540 3169 ἀληθεύων
561 3102 650 3152 καὶ
676 3104 802 3169 περὶ
830 3102 938 3153 τῶν
967 3103 1158 3155 ἄλλων
1191 3105 1333 3165 εἰκὸς
1362 3103 1468 3173 γὰρ
1490 3100 1556 3175 ἦν
1581 3107 1802 3168 πολλοὺς
1839 3157 1842 3160 λ

1827 3215 1869 3269 c
1904 3198 2051 3243 zatos
2082 3203 2221 3243 εεεο.

255 3190 370 3241 τῶν
396 3192 670 3258 παρόντων
697 3191 1160 3261 σκανδαλισθῆναι.

335 3298 427 3361 Τὸ,
459 3299 602 3362 Ἕως
644 3299 784 3351 πότε
814 3298 1021 3365 ἔσομαι
1045 3297 1172 3366 μεθ’
1196 3298 1389 3366 amor,-
1418 3285 1680 3352 δείκνυσιν
1723 3302 1802 3354 ὃτι

253 3388 536 3456 ἠσπάζετο
572 3388 662 3440 τὸν
693 3390 942 3455 θάνατον,
975 3389 1068 3440 καὶ
1099 3389 1260 3458 βάρος
1299 3385 1435 3442 εἶναι
1467 3389 1527 3442 τὸ
1560 3391 1677 3460 μετ’
1709 3393 1802 3444 αύ-

249 3481 367 3532 τῶν
397 3480 681 3546 ἐλογίζετο.

342 3590 426 3651 Ὧς
455 3589 646 3640 κόκκον
672 3588 937 3652 σινάπεως
965 3590 1062 3659 τὴν
1094 3588 1274 3641 πίστιν
1303 3588 1469 3657 λέγει,
1493 3589 1700 3653 δεικνὺς
1721 3593 1798 3644 ὅτι

249 3681 314 3730 το
361 3679 630 3747 ἐλάχιστον
657 3679 752 3746 τῆς
780 3679 1005 3748 γνησίας
1053 3680 1283 3742 πίστεως
1318 3681 1410 3732 καὶ
1451 3680 1550 3750 ὅρη
1583 3680 1799 3734 δύναται

253 3769 604 3838 μεταθεῖναι’
657 3772 704 3821 εἰ
752 3769 805 3820 δὲ
858 3772 952 3821 καὶ
1001 3768 1235 3837 οὐδαμοῦ
1274 3769 1373 3838 ὅρη
1409 3771 1700 3839 μετετέθη,
1741 3770 1798 3824 τὸ

250 3858 469 3922 ἐγεῖραι
502 3858 721 3924 νεκροὺς
750 3857 847 3906 οὐκ
877 3855 1112 3906 ἔλαττον.

333 3959 503 4010 ῐιὸθεν
537 3959 603 4010 τὰ
634 3960 898 4026 δίδραχμα
932 3959 1200 4020 ἐτελεῖτο;
1239 3959 1365 4010 Ὅτε
1391 3961 1458 4011 ra
1487 3964 1799 4028 πρωτότοκα

252 4050 372 4100 τῶν
419 4049 722 4114 Αἰγυπτίων
766 4047 1078 4098 ἀπέκτεινεν
1122 4049 1148 4097 ὁ
1178 4046 1340 4108 Θεὸς,
1375 4049 1493 4100 τότε
1533 4049 1630 4117 τὴν
1672 4051 1799 4102 Λευῒ

253 4140 435 4206 φυλὴν
467 4139 576 4190 ἀντ’
613 4139 787 4190 αὐτῶν
819 4137 1024 4190 ἔλαϐεν.
1062 4132 1191 4188 Εἶτα
1214 4138 1393 4206 ἐπειδὴ
1425 4139 1528 4190 τῶν
1553 4157 1662 4208 παρ
1690 4143 1795 4193 ’ΛΞ-

253 4228 510 4294 γυπτίοις
536 4228 887 4296 πρωτοτόκων
915 4228 1148 4282 ἐλάττων
1172 4223 1236 4296 ἦν
1267 4231 1292 4281 ὁ
1323 4228 1418 4297 τῆς
1452 4229 1615 4300 φυλῆς
1644 4232 1796 4301 ἀριθ-

256 4316 365 4383 μδς
395 4356 406 4375 ,
439 4315 555 4367 ἀντὶ
585 4316 689 4367 τῶν
733 4316 1019 4367 λειπόντων
1063 4317 1138 4378 είς
1172 4317 1261 4367 τὸν
1309 4317 1569 4385 ἀριθμὸν,
1618 4320 1797 4372 σίκλον

248 4407 543 4460 ἐκέλευσεν
565 4405 943 4475 ἐἰσενεχθῆναι
970 4421 982 4434 ·
1016 4405 1072 4471 ἐξ
1120 4406 1325 4458 ἐκείνου
1359 4402 1450 4458 οὖν
1491 4407 1606 4469 ἔθος
1638 4409 1795 4477 ἐκράο

245 4518 422 4569 τησεν
452 4500 518 4551 τὰ
549 4500 864 4569 πρωτότοκα
893 4500 983 4551 τὸν
1024 4500 1182 4569 φόρον
1206 4500 1388 4552 τοῦτον
1412 4502 1695 4570 εἰσφέρειν.
1731 4505 1790 4555 Οἱ
1825 4521 1866 4576 ῃ

244 4590 323 4640 τὰ
363 4588 624 4656 δίδραχμα
654 4589 1013 4655 λαμϐάνοντες
1049 4585 1122 4654 τῷ
1160 4588 1345 4658 Πέτρῳ
1372 4593 1790 4659 προσέρχονται·

246 4676 513 4736 ἐπιεικῶς
547 4676 601 4726 δὲ
628 4676 812 4743 ἐπειδὴ
843 4678 1112 4742 ἀπένεμον
1137 4676 1281 4744 αὑτῴ
1306 4677 1581 4732 τινὰάἰδὼ
1612 4683 1694 4734 διὰ
1732 4684 1794 4734 τά

247 4784 321 4832 or,
336 4768 479 4831 μεῑα.

347 4842 443 4918 Γῷ
476 4853 691 4920 Χριστῷ
740 4856 831 4904 καὶ
887 4855 1074 4920 Πέτρῳ
1127 4852 1198 4914 ὡς
1246 4859 1598 4923 πρωτοτόκοις
1650 4861 1795 4914 οὖσιν

243 4943 565 4993 ἀπαιτεῖται
587 4942 643 4993 τὸ
673 4943 978 5013 δίδραχμον.

332 5048 404 5100 Τὸ
433 5047 607 5114 λέγειν
640 5051 725 5102 τὸν
762 5053 1010 5120 Χριστὸν,
1070 5054 1128 5106 Τί
1166 5071 1261 5106 σοι
1291 5054 1468 5116 δοκεῖ,
1500 5056 1699 5124 Σίμων,
1739 5061 1793 5110 οἱ

235 5137 531 5200 ,Βασιλεῖς
569 5139 677 5206 τῆς
707 5140 815 5207 γῆς
853 5144 969 5196 ἀπὸ
1013 5145 1187 5196 τίνων
1216 5144 1625 5209 λαμϐάνουσιν
1653 5138 1791 5213 τέ.ὶή

242 5229 286 5293 ἦ
333 5227 596 5293 κῆνσον;
626 5231 862 5284 τοιοῦτον
893 5234 1001 5301 ἔχει
1032 5235 1128 5320 ’τὸν
1155 5233 1297 5284 νοῦν·
1345 5234 1673 5303 Ἐλεύθερος,
1694 5255 1793 5304 φη-

243 5322 365 5379 σὶν,
399 5321 511 5386 εἰμὶ
537 5321 625 5371 τοῦ
654 5323 831 5376 δοῦναι
860 5325 1071 5390 κῆνσονο
1108 5326 1153 5375 εἰ
1181 5325 1285 5392 γὰρ
1314 5323 1544 5391 βασιλεῖς
1572 5327 1664 5395 τῆς
1693 5328 1792 5395 γῆς

237 5413 309 5464 οὐ
347 5413 489 5476 παρά
536 5411 640 5460 τῶν
671 5413 799 5464 υίῶν
830 5415 1004 5465 αὐτῶν
1037 5414 1401 5481 λαμδάνουσιν
1422 5454 1435 5475 ,
1471 5414 1600 5465 ἀλλὰ
1648 5418 1793 5485 παρᾶ

233 5504 359 5556 τῶν
389 5502 699 5568 ἀρχομένων
726 5519 738 5529 ·
770 5505 828 5554 ού
853 5506 1025 5567 δώσω,
1059 5505 1243 5570 φησὶν,
1273 5503 1396 5567 ἐγὼ,
1430 5504 1526 5553 οὐκ
1557 5505 1790 5569 ἐπιγείου

239 5594 514 5664 βασιλέως
539 5630 551 5651 ,
581 5593 710 5644 ἀλλὰ
735 5595 826 5645 τοῦ
859 5597 961 5645 τῶν
988 5596 1228 5663 οὐρανῶν
1256 5594 1328 5646 ὢν
1373 5594 1481 5653 υίὸς
1512 5594 1788 5661 βασιλέως.

319 5682 392 5733 Τὸ
419 5683 715 5749 προειπεῖν,
736 5683 813 5732 ὅτι
839 5685 1128 5748 Εὺρήσεις
1150 5684 1412 5748 στατῆρα
1435 5682 1502 5733 ἐν
1520 5683 1594 5744 τῷ
1615 5684 1786 5748 ίχθρῗνϊ,

236 5775 342 5826 καὶ
376 5773 437 5824 τὸ
477 5770 704 5834 πρώτως
739 5772 825 5822 τὸν
860 5773 1004 5836 ἰχθὺν
1044 5776 1327 5841 ἐμπεσεῖν,
1365 5773 1450 5823 καὶ
1483 5771 1663 5839 ὧσπερ
1696 5773 1789 5839 ἄγ-

1902 672 2098 726 dantur
2151 671 2202 723 itt
2247 669 2481 723 secundo
2517 669 2636 735 ejus
2677 666 2927 722 adventu.
2957 667 3092 721 Cum
3133 682 3260 738 ergo
3306 668 3436 723 dicit

1901 763 2024 830 quia
2062 759 2207 813 Elius
2239 760 2369 812 venit
2395 767 2443 811 et
2468 759 2809 823 restiluel,de
2828 759 2928 812 hoc
2947 759 3087 826 quod
3114 758 3166 811 in
3200 759 3436 813 secundo

1901 849 2130 901 adventu
2162 847 2249 900 li-.:t
2272 846 2528 914 loquitur.
2551 846 2684 898 Cum
2713 853 2889 898 autem
2913 846 3044 898 dicit
3068 844 3156 913 qui
3181 854 3435 899 venturus

1901 949 1984 992 est
2015 937 2159 992 Elias
2193 954 2206 988 :
2254 936 2357 990 Iste
2381 946 2487 1001 est,
2529 935 2822 990 secundum
2855 935 3116 989 rationem
3151 934 3435 989 ministerii

1901 1027 2157 1082 Joannem
2189 1027 2355 1081 Eliam
2385 1033 2558 1082 vocat.

1964 1296 2121 1350 Vens.
2168 1295 2249 1348 Η.
2299 1294 2542 1347 Lunatiei
2580 1303 2728 1362 pater
2771 1293 2919 1347 valde
2951 1293 3256 1347 incredulus
3287 1302 3431 1357 erat;

1866 1442 1868 1445 .
1901 1387 2045 1459 quod
2070 1387 2385 1442 ostendebat
2412 1385 2638 1439 dicendo
2667 1385 2881 1440 Christo
2936 1404 2947 1438 :
2981 1385 3042 1439 Si
3081 1394 3220 1450 pater
3242 1426 3254 1449 ,
3294 1399 3434 1451 opem

1902 1479 1998 1548 fer.

1972 1585 2134 1641 Vens.
2162 1585 2245 1641 15.
2271 1585 2377 1640 Cur
2405 1586 2578 1655 arguit
2609 1583 2898 1654 apostolos,
2925 1583 2968 1637 si
2995 1582 3298 1637 incredulus
3329 1591 3429 1648 est,

1901 1677 2042 1746 quod
2072 1676 2238 1730 [ilium
2269 1691 2425 1728 suum
2463 1689 2569 1728 non
2613 1675 2951 1728 curaverint?
2981 1674 3278 1728 Ostendens
3315 1689 3432 1726 ma-

1901 1781 2058 1836 gnam
2088 1764 2241 1819 ﬁdem
2288 1773 2339 1818 et
2375 1763 2659 1834 perfectam
2699 1765 2946 1818 virtutem
3000 1763 3256 1817 tniracula
3303 1777 3432 1830 Ope-

1902 1856 2133 1908 rantimn
2166 1869 2320 1926 posse
2348 1854 2429 1907 vel
2469 1854 2671 1923 absque
2699 1854 2799 1908 ﬁde
2827 1868 3012 1908 eorum
3044 1853 3133 1924 qui
3175 1863 3433 1906 curantur

1900 1945 2097 1999 valere.
2124 1946 2272 1999 Sicut
2291 1944 2434 2000 enim
2463 1946 2592 1999 lldes
2619 1945 2983 1999 accedentium
3009 1946 3090 1999 vel
3117 1945 3184 1998 ab
3213 1944 3431 1999 inferio-

1903 2033 2050 2086 ribus
2069 2032 2262 2100 accipit
2290 2032 2646 2096 curationem,
2687 2043 2744 2085 ut
2787 2034 2840 2086 in
2871 2033 3122 2088 Cornelio
3147 2075 3162 2100 ,
3196 2035 3267 2087 ita
3307 2050 3434 2103 ope-

1903 2120 2131 2175 rantium
2162 2120 2310 2188 signa
2349 2119 2546 2187 proluit
2586 2119 2668 2174 vis
2707 2121 2786 2172 vel
2833 2122 3152 2188 quibusdam
3182 2137 3284 2174 non
3314 2136 3434 2174 cre-

1904 2207 2168 2272 dentibus,
2203 2217 2260 2260 ut
2293 2208 2345 2260 in
2375 2205 2588 2271 Eliszeo,
2618 2207 2764 2276 quia,
2805 2209 2951 2261 nullo
2982 2207 3251 2269 credente.
3288 2224 3435 2262 mor-

1903 2303 2027 2348 tuus
2056 2294 2318 2350 excitatus
2351 2305 2452 2349 est.
2483 2293 2702 2364 Oportet
2723 2306 2898 2350 autem
2925 2297 3063 2350 scire
3086 2297 3435 2353 nihilominus

1904 2398 2008 2436 non
2047 2399 2232 2438 omnes
2259 2385 2551 2453 discipulos
2594 2385 2831 2441 infirmos
2875 2385 3039 2442 fuisse
3082 2386 3133 2440 in
3173 2386 3305 2451 ﬁde;
3351 2404 3435 2442 co-

1905 2473 2098 2528 lumnae
2127 2475 2268 2530 enim
2295 2489 2396 2530 non
2424 2475 2493 2530 ibi
2532 2485 2703 2530 erant.

1969 2655 2132 2711 Vens.
2165 2657 2249 2712 {6.
2274 2657 2384 2712 Cur
2415 2657 2569 2724 dixit,
2602 2656 2924 2728 Ogeneratio
2949 2660 3216 2714 incredula
3241 2670 3285 2714 cl
3316 2679 3432 2730 per-

1902 2763 2044 2801 versa
2067 2749 2085 2799 .'
2118 2747 2248 2813 Quia
2287 2748 2591 2804 incredulus
2619 2750 2700 2803 vir
2731 2750 2831 2805 iste
2852 2751 2905 2804 in
2936 2751 3089 2804 turba
3123 2753 3435 2806 versabatur

1901 2845 2087 2914 contra
2109 2837 2422 2906 discipulos.
2449 2836 2644 2893 Volens
2669 2855 2794 2910 ergo
2816 2843 3048 2895 eximere
3073 2842 3188 2914 illos
3212 2858 3238 2893 a
3256 2844 3432 2910 culpa,

1904 2907 2043 2979 hunc
2064 2933 2243 2978 autem
2278 2940 2308 2978 a
2335 2926 2658 2978 contumelia
2680 2966 2694 2990 ,
2726 2907 2792 2980 ne
2825 2907 3158 2994 desperaret,
3191 2907 3434 2979 cominu-

1905 3029 2023 3066 nem
2051 3013 2176 3067 facit
2204 3029 2528 3077 sermonem,
2557 3029 2680 3067 vera
2715 3030 2926 3082 quoque
2957 3015 3138 3068 dicens
3171 3015 3231 3067 de
3267 3017 3385 3069 aliis
3418 3033 3431 3070 :

1901 3101 2192 3153 verisimile
2219 3100 2360 3153 enim
2397 3107 2514 3153 erat
2557 3101 2755 3158 multos
2799 3103 3140 3170 prmsentium
3173 3105 3436 3157 scandali-

1972 3293 2122 3362 lllud,
2152 3294 2426 3362 Qucusque
2448 3311 2533 3347 ero
2563 3296 2821 3348 vobiscum
2842 3298 2866 3347 1’
2889 3297 3120 3350 ostendit
3150 3312 3268 3351 cum
3303 3316 3437 3352 mor-

1901 3396 2004 3439 tem
2034 3385 2336 3454 amplexum
2371 3399 2509 3449 esse,
2546 3393 2596 3440 ct
2627 3386 2857 3454 graviter
2887 3385 3024 3440 ferre
3054 3389 3193 3456 quod
3229 3405 3349 3442 cum
3379 3392 3434 3444 il-

1901 3477 1965 3530 lis
1996 3484 2131 3529 erat.

1970 3580 2129 3636 Vens.
2165 3583 2246 3636 l9.
2287 3582 2350 3636 Ut
2380 3596 2607 3650 granum
2638 3581 2841 3650 sinapis
2883 3582 3036 3636 ﬁdem
3068 3584 3228 3650 dicit,
3257 3598 3436 3640 osten-

1897 3673 2031 3728 dens
2064 3675 2142 3726 vel
2176 3674 2455 3727 minimutn
2491 3691 2627 3728 vera:
2658 3676 2778 3728 lidei
2826 3685 3035 3730 montes
3080 3692 3237 3744 posse
3271 3687 3438 3733 trans-

1898 3763 2066 3827 ferre;
2104 3765 2148 3818 si
2178 3779 2303 3818 vero
2334 3780 2598 3833 nusquam
2631 3775 2838 3820 montes
2870 3767 3237 3831 transtulerit,
3273 3771 3435 3822 susci—

1899 3860 2012 3903 tare
2034 3861 2271 3926 morluos
2298 3867 2404 3905 non
2437 3853 2661 3906 inferius
2688 3865 2790 3906 est.

1966 3953 2126 4008 Vens.
2173 3956 2260 4008 2‘5.
2293 3955 2470 4017 Quare
2501 3957 2809 4010 didrachma
2850 3961 3189 4012 solvebatur?
3215 3962 3436 4026 Quando

1900 4041 2246 4108 primogenita
2281 4039 2650 4109 Egyptiorum
2690 4047 2940 4098 mactavit
2965 4047 3116 4110 Deus
3139 4088 3151 4110 ,
3183 4057 3308 4102 tunc
3338 4053 3432 4103 tri-

1901 4130 2022 4183 bum
2052 4129 2176 4184 Levi
2211 4145 2306 4198 pro
2341 4131 2445 4186 illis
2475 4136 2791 4201 assumpsit.
2824 4135 3018 4189 Deinde
3051 4140 3302 4206 quoniam
3329 4145 3436 4210 pri-

1900 4221 2178 4289 tnogcnitis
2219 4221 2585 4291 Egyptiorum
2641 4225 2862 4280 inferior
2900 4238 3013 4281 erat
3047 4230 3218 4282 tribus
3251 4248 3436 4284 nume-

1897 4326 2020 4375 rus,
2055 4327 2148 4379 pro
2187 4311 2556 4367 deﬁcientibus
2588 4329 2614 4367 a
2655 4331 2909 4379 numero,
2965 4318 3152 4372 sielum
3188 4322 3435 4388 praecepit

1897 4400 2129 4453 conl’crti
2158 4419 2168 4452 :
2201 4417 2264 4453 ex
2312 4402 2413 4456 hoc
2445 4404 2604 4472 igitur
2638 4420 2752 4458 mos
2781 4407 3012 4460 obtinuit
3052 4411 3434 4479 primogenitos

1899 4491 2039 4544 hunc
2075 4493 2334 4546 tributum
2365 4494 2592 4548 solvere.
2625 4494 2726 4559 Qui
2750 4498 3059 4552 didraeltma
3087 4501 3339 4570 coliigunt
3367 4504 3432 4556 ad

1897 4579 2110 4634 Petrum
2160 4585 2454 4646 accedunt;
2497 4585 2860 4639 verisimiliter
2913 4602 3088 4642 autem
3132 4592 3434 4646 tribuebant

1900 4670 1973 4723 illi
2007 4671 2274 4736 quoddam
2302 4673 2616 4738 obsequium
2651 4685 2861 4739 propter
2894 4676 3064 4740 signa.

1966 4850 2008 4901 A
2035 4849 2248 4902 Christo
2282 4859 2328 4900 et
2366 4848 2555 4909 i‘etro,
2589 4859 2840 4917 tanquam
2877 4855 3271 4920 jll'llitttg‘llillb,
3310 4861 3434 4925 peti-

1897 4949 1982 4992 tur
2010 4939 2339 4991 didraclnna.

1965 5045 2124 5098 Vsus.
2157 5046 2244 5098 9.4.
2269 5045 2420 5109 Quod
2451 5049 2576 5101 dicit
2614 5049 2884 5118 Christus,
2916 5055 3053 5118 Quid
3087 5058 3180 5108 tibi
3208 5058 3427 5116 videtur,

1896 5136 2121 5189 Simon?
2153 5152 2290 5201 rcges
2322 5148 2469 5190 lerrw
2508 5157 2536 5190 (ι
2568 5142 2750 5208 quibus
2781 5147 3037 5211 accipiunt
3079 5146 3322 5197 tributum
3357 5147 3430 5197 vel

1894 5227 2139 5279 cens-um?
2188 5231 2254 5278 ita
2297 5227 2511 5298 intelligi
2549 5231 2706 5285 debet
2760 5250 2770 5283 :
2817 5231 2970 5286 Liber
3017 5249 3155 5294 sum,
3204 5234 3354 5295 dicit,
3399 5249 3430 5285 a

1893 5316 2071 5370 dando
2096 5332 2258 5370 censu
2287 5334 2300 5379 ;
2328 5319 2370 5370 si
2407 5321 2547 5372 enim
2586 5337 2734 5387 reges
2773 5331 2928 5376 terra:
2962 5339 2989 5375 a
3026 5323 3148 5375 liliis
3175 5322 3287 5374 suis
3326 5339 3428 5375 non

1893 5410 2195 5477 accipiunt,
2229 5411 2319 5464 sed
2347 5425 2374 5463 a
2420 5411 2682 5477 subditis,
2720 5428 2824 5466 non
2865 5428 2963 5481 ego
2989 5451 3001 5474 ,
3033 5411 3230 5480 inquit,
3263 5412 3427 5474 dabo,

1893 5515 2013 5552 cum
2040 5514 2142 5551 non
2173 5502 2440 5555 terrestris
2477 5505 2617 5570 regis
2639 5543 2653 5564 ,
2686 5505 2775 5557 sed
2807 5505 3062 5556 caelorum
3104 5504 3240 5571 regis
3268 5502 3430 5559 Filius

1893 5593 2014 5643 sint.

1970 5678 2128 5731 Vsus.
2169 5679 2255 5731 26.
2298 5681 2590 5735 Prmdicerc
2633 5682 2769 5749 quod
2813 5681 3040 5736 lurcnies
3088 5693 3337 5735 stateram
3377 5685 3426 5735 in

1893 5773 2048 5838 pisce,
2085 5779 2136 5821 et
2181 5772 2352 5837 primo
2399 5771 2450 5823 in
2487 5773 2680 5840 piscem
2734 5772 2984 5837 intidete,
3017 5783 3068 5826 et
3116 5783 3170 5826 ιιι
3216 5776 3428 5827 hamum
