4138 6342
682 337 817 402 H35

1368 331 1759 394 OPUSCULA
1791 324 2416 390 SCRIPTURISTICA
2461 323 2805 386 INCERT/E
2844 324 3149 413 ιΕΤᾼΤΙΞ.

3743 318 3887 382 1136

672 470 856 509 vocem
887 442 1038 508 suam
1085 451 1138 506 in
1183 449 1434 520 abyssum
1482 445 1716 522 mittere,
1754 455 1960 512 magnae
1993 440 2230 496 admirao

2343 454 2550 507 κιστρον
2594 438 2687 490 τὸν
2719 435 2874 504 λόγον
2919 434 3084 487 αὐτοῦ
3137 433 3217 496 είς
3255 431 3357 503 τὴν
3405 430 3637 485 ἆδυσσον
3677 428 3886 494 ἐλθεῖν,

674 546 838 600 tionis
865 545 1081 614 dignum
1111 552 1216 597 est.

1245 677 1468 735 CAPUT
1500 675 1682 731 XVIII.

749 814 909 884 Vens.
945 813 994 864 1.
1037 810 1148 864 Cur
1203 808 1417 868 dicitur,
1463 805 1529 858 In
1577 804 1673 858 illa
1722 803 1852 856 liora
1907 809 2232 856 accesserunt

677 903 919 972 discipuli
944 901 1011 954 ad
1035 899 1218 953 Iesum
1243 897 1471 950 dicentes
1498 911 1516 949 :
1545 894 1698 959 Quis,
1721 901 1897 962 putas,
1926 891 2097 960 major
2119 891 2235 944 est?

678 995 814 1060 Quia
851 995 1138 1047 humanum
1172 987 1506 1052 sentiebant;
1538 999 1661 1038 nam
1705 985 2113 1053 prmltonoratus
2153 991 2234 1034 est

677 1085 866 1139 Petrus
905 1091 963 1137 ut
1009 1079 1422 1150 primogenitus;
1466 1075 1666 1128 etenim
1718 1087 1860 1127 unus
1908 1086 1938 1124 e
1985 1070 2231 1131 duobus,

675 1176 937 1231 Jat-obutn
981 1182 1034 1226 et
1064 1169 1326 1225 Joannem
1376 1168 1518 1229 dico,
1567 1163 1956 1232 primogenitus
2000 1167 2147 1224 eral;
2181 1166 2233 1211 et

679 1265 827 1319 nullo
862 1263 1022 1316 modo
1051 1260 1156 1315 tale
1203 1258 1404 1328 aliquid
1445 1255 1570 1309 fecit
1602 1255 1654 1308 in
1687 1253 1813 1308 illis.
1848 1252 2235 1305 Erubescen°es

677 1369 807 1423 ergo
839 1351 993 1406 lateri
1041 1348 1181 1418 quod
1222 1346 1549 1406 sentiebant,
1594 1359 1700 1396 non
1745 1342 1933 1395 dicunt
1981 1340 2232 1410 quidem,

678 1446 788 1499 Cur
821 1445 969 1496 illum
1023 1435 1408 1511 praebonoras?
1454 1434 1544 1488 sed
1589 1432 2019 1494 indetertninnte,
2066 1430 2235 1482 inter-

679 1544 891 1604 rogant,
930 1531 1058 1596 Quis
1101 1530 1270 1594 major
1319 1529 1438 1581 est?
1471 1524 1917 1592 Quandoquidem
1976 1531 2086 1575 trcs
2113 1520 2235 1574 illos

682 1625 935 1678 videbant
956 1617 1347 1689 przebonorari,
1379 1615 1511 1668 nihil
1542 1620 1865 1677 senserunt;
1893 1613 2105 1680 quando
2135 1625 2233 1663 au-

682 1723 792 1769 tem
824 1714 971 1767 illum
1002 1712 1199 1773 solum,
1226 1707 1542 1772 doluerunt;
1575 1719 1678 1757 non
1709 1704 1881 1757 solum
1909 1711 2083 1755 autem
2111 1717 2236 1770 pro-

2332 526 2567 596 μεγάλου
2601 525 2876 596 θαύματος
2897 523 3066 599 ἀξιον.

2899 671 3150 726 ΚΕΦΔΛ.
3205 671 3308 726 lﬂ'.

2402 799 2500 852 Διὰ
2528 799 2581 852 τί
2611 799 2862 865 λέγεται,
2909 799 3014 851 Ἔν
3043 795 3116 862 τῇ
3145 795 3265 862 ὥρᾳ
3308 792 3511 859 ἐκείνῃ
3540 790 3895 859 προσῆλθον

2333 892 2385 941 οἱ
2405 890 2657 957 μαθηταί
2699 886 2777 952 τῷ
2828 885 3030 954 Ἰησοῦ
3060 886 3341 954 λέγοντες
3363 923 3378 946 ,
3416 883 3509 946 Τίς
3547 881 3658 947 ἄρα
3676 880 3893 949 μείζων

2332 978 2540 1043 ἐστ[ν;
2600 977 2813 1048 Ἐπειδὴ
2846 977 3044 1030 ἔπαθον
3085 973 3423 1044 ἀνθρώπινον
3447 1012 3461 1034 ,
3501 971 3622 1024 ἐπεὶ
3668 987 3890 1042 προετι-

2339 1067 2485 1137 μήθη
2517 1070 2545 1120 ὁ
2580 1068 2781 1137 Πέτρος
2814 1067 2888 1130 ὡς
2923 1048 3263 1136 πρωτότοκος
3288 1081 3300 1095 ·
3351 1064 3448 1116 καλ¹
3495 1063 3604 1132 γάρ
3660 1057 3739 1124 εἷς
3777 1060 3892 1112 τῶν

2334 1160 2445 1226 δύο,
2489 1159 2743 1221 Ἰάκωϐος
2784 1159 2879 1211 καὶ
2920 1158 3188 1227 Ἰωάννης,
3214 1158 3376 1226 λέγω,
3421 1156 3762 1228 πρωτότοκος
3796 1149 3886 1223 ἦν·

2337 1252 2430 1303 καὶ
2478 1250 2725 1318 οὐδαμῶς
2775 1267 2826 1301 τι
2871 1250 3112 1303 τοιοῦτον
3169 1250 3424 1320 ἐποίησεν
3473 1247 3613 1318 ὑπὲρ
3667 1246 3886 1300 αὐτῶν.

2336 1340 2721 1409 Αίσχυνόμενοι
2768 1336 2859 1392 οὖν
2900 1339 3036 1410 ὅπερ
3066 1339 3264 1394 ἔπαθον
3299 1337 3661 1409 ὁμολογῆσαι,
3705 1337 3766 1388 οὑ
3797 1336 3889 1387 λέ-

2336 1447 2491 1499 γουσι
2530 1430 2650 1498 μὲν,
2676 1431 2756 1482 δτι
2782 1430 2879 1482 Διά
2906 1430 2960 1482 τί
2989 1430 3174 1483 τοῦτον
3202 1432 3503 1501 προτιμᾷςς
3538 1429 3804 1499 ἀορίστως
3832 1427 3890 1479 δὲ

2337 1519 2617 1590 ἐρωτῶσιο
2661 1519 2754 1584 Τίς
2801 1517 3011 1586 μείζων
3056 1518 3252 1585 ἐστίνς
3287 1521 3415 1572 ’Ὅτε
3466 1520 3564 1589 μὲν
3607 1519 3715 1588 γάρ
3761 1518 3891 1578 τοὺς

2337 1613 2486 1680 τρεῖς
2530 1605 2668 1662 εἶδον
2714 1609 3161 1681 προτιμωμένους
3187 1651 3202 1676 ,
3237 1609 3387 1662 οὐδὲν
3437 1610 3668 1664 ἔπαθον·
3704 1609 3793 1661 ὅτε
3833 1608 3890 1659 δὲ

2341 1702 2528 1756 τοῦτον
2562 1701 2740 1770 μόνον,
2772 1699 3034 1769 ἤλγησανο
3060 1700 3154 1752 καὶ
3179 1700 3238 1752 οὐ
3270 1699 3427 1768 μόνον
3459 1700 3549 1754 διὰ
3567 1699 3744 1763 τοῦτο,
3773 1698 3893 1750 ἀλλ’

684 1816 802 1876 pter
832 1807 967 1868 hoc,
1017 1801 1108 1856 sed
1137 1800 1298 1854 etiam
1337 1796 1461 1866 quia
1492 1797 1676 1848 claves
1714 1793 1940 1862 accepit,
1974 1801 2026 1845 et
2049 1792 2238 1845 beatus

2343 1793 2419 1843 ὅτι
2445 1790 2537 1843 καὶ
2562 1791 2660 1848 τὰς
2686 1787 2832 1850 κλεῖς
2862 1786 3042 1849 ἔλαϐε,
3077 1786 3164 1839 καὶ
3199 1786 3560 1856 ὲμακαρίσθη*
3594 1785 3654 1837 τὸ
3679 1784 3736 1834 δὲ
3769 1799 3894 1835 παι-

683 1898 859 1949 ιΙίιιιιε
886 1901 989 1948 est.
1034 1890 1319 1944 Parvulum
1357 1886 1564 1946 statuit,
1598 1883 1886 1937 ostendens
1925 1881 2067 1951 quod
2103 1881 2239 1934 invi—

684 1971 850 2050 diani,
893 1998 1085 2038 vanam
1133 1980 1385 2050 gloriam,
1427 1984 1482 2030 et
1519 1977 1756 2046 primum
1799 1976 1975 2027 locum
2020 1971 2237 2036 sectari,

682 2081 767 2134 isti
811 2075 1121 2131 indifferens
1150 2073 1238 2137 sit,
1266 2080 1318 2126 et
1346 2067 1617 2124 contraria
1644 2076 1694 2122 ct
1727 2072 1958 2120 honores
1989 2064 2240 2120 similiter

685 2171 841 2222 istam
875 2177 1139 2236 reputare.

757 2259 922 2315 Vnus.
953 2259 1005 2312 5.
1066 2257 1170 2323 Qui
1213 2254 1495 2325 susceperit
1535 2250 1814 2321 parvulum
1846 2249 2002 2305 talem
2047 2249 2099 2301 in
2143 2264 2239 2300 no-

688 2352 822 2404 mine
849 2365 982 2412 meo,
1014 2363 1093 2400 me
1117 2346 1354 2414 suscipit,
1401 2341 1669 2410 signiﬁcat
1696 2355 1788 2394 eos
1822 2353 1929 2394 non
1958 2338 2129 2393 solum
2161 2336 2241 2389 itt-

689 2444 880 2495 nux‘os
924 2453 1045 2493 esse
1083 2435 1297 2499 debere,
1349 2435 1440 2487 sed
1488 2433 1649 2485 etiam
1701 2429 1833 2482 tales
1877 2442 2000 2481 cum
2038 2427 2242 2479 honore

687 2533 986 2600 suscipere,
1017 2527 1246 2587 scilicet,
1277 2523 1376 2576 bus
1407 2521 1499 2589 qui
1531 2519 1680 2589 parvi
1714 2517 2035 2587 pendentur,
2070 2515 2243 2586 negti-

692 2633 892 2691 guntur
913 2629 966 2674 et
987 2622 1424 2673 contemnuntur.

768 2708 932 2764 Vsus.
968 2707 1019 2761 '7.
1059 2703 1278 2757 Necesse
1302 2709 1379 2754 est
1424 2709 1479 2753 ut
1512 2699 1720 2753 veniant
1749 2695 2035 2761 scandala;
2067 2694 2119 2748 id
2161 2693 2244 2746 di-

694 2801 867 2854 cendo
899 2812 1006 2852 non
1039 2794 1338 2849 libertatem
1393 2789 1679 2843 voluntatis
1717 2787 1981 2857 cujusque
2024 2785 2243 2848 ademit,

694 2890 789 2947 sed
829 2887 972 2958 quod
1015 2899 1226 2954 semper
1249 2882 1317 2936 ab
1351 2879 1657 2935 hominibus
1689 2891 1919 2948 nequam
1969 2875 2248 2944 continget

695 2981 951 3054 prmdicit.

2337 1881 2446 1933 δίον
2467 1877 2761 1941 ὑπέδειξεν,
2785 1877 2998 1938 δεικνὺς
3020 1878 3100 1930 ὅτι
3124 1876 3318 1943 φθόνου
3353 1875 3444 1928 uati.
3471 1873 3770 1936 κενοδοξίας
3797 1872 3895 1924 καὶ

2336 1968 2540 2020 τούτων
2577 1966 2860 2035 πρωτείων
2911 1965 3085 2040 ὲρᾷνη
3112 1963 3450 2033 ἀναισθήτως
3501 1963 3614 2032 ἔχει
3638 2002 3652 2027 ,
3688 1963 3781 2014 καὶ
3824 1961 3896 2011 τὰ

2314 2058 2554 2111 ’ἐναντία
2583 2056 2678 2108 καὶ
2704 2055 2771 2107 τὰ
2797 2054 2954 2125 τίμια
2978 2053 3177 2124 ὁμοίως
3203 2051 3494 2121 λογίζεται.

2408 2241 2498 2305 Τὸ,
2539 2239 2642 2302 Ὃς
2671 2237 2777 2291 ἐὰν
2823 2235 3064 2303 δέξηται
3104 2235 3348 2289 παιδίον
3394 2231 3626 2288 τοιοῦτο
3668 2230 3765 2284 ἐπὶ
3814 2229 3898 2295 τῷ

2340 2330 2583 2398 ὀνόματί
2622 2345 2762 2397 μου,
2799 2327 2904 2397 ἐμὲ
2932 2327 3186 2395 δέχεται,
3243 2326 3497 2396 σημαίνει
3528 2326 3608 2378 ὅτι
3640 2325 3699 2377 οὗ
3736 2324 3899 2394 μόνον

2340 2420 2580 2481 ἀκάκους
2626 2418 2706 2471 δεῖ
2756 2413 2912 2482 εἶναι,
2948 2418 3082 2471 ἀλλά
3111 2416 3206 2470 καὶ
3253 2415 3526 2479 τοιούτους
3567 2415 3730 2484 τιμᾷν
3761 2414 3901 2478 δέει,

2341 2509 2696 2580 ἀμερίμνους,
2747 2509 2902 2580 φησι,
2951 2509 3045 2562 καὶ
3081 2507 3301 2578 ἀμελεῖς
3350 2507 3444 2560 καὶ
3490 2503 3902 2574 εὐκατατρονή-

2340 2617 2486 2665 τους.

2411 2694 2505 2766 To,
2553 2693 2810 2762 Ἀνάγκη
2840 2693 3040 2748 ἐλθεῖν
3063 2694 3135 2746 τὰ
3164 2691 3501 2755 σκάνδαλα,
3536 2691 3734 2758 λέγειν,
3752 2686 3815 2739 οὐ
3840 2684 3906 2738 τὺ

2345 2785 2661 2856 αὐθαίρετον
2689 2785 2789 2852 τῆς
2838 2783 3148 2854 ἐλευθερίας
3197 2783 3426 2836 ἑκάστου
3481 2782 3708 2842 ἀνεῖλεν,
3761 2777 3906 2831 ἀλλά

2344 2877 2405 2930 τὸ
2438 2877 2654 2939 πάντως
2691 2874 2947 2945 ἐσόμενον
2985 2875 3091 2927 ὑπὸ
3137 2873 3388 2943 πονηρῶν
3436 2871 3734 2943 ἀνθρώπων
3765 2885 3908 2939 προ-

2347 2966 2516 3034 λέγει.

765 3073 929 3129 Vsus.
961 3071 1013 3125 8.
1053 3067 1311 3131 Dicenda,
1361 3065 1419 3120 Si
1461 3080 1648 3118 manus
1701 3070 1812 3128 tua,
1843 3060 1920 3115 vel
1959 3076 2054 3129 pes
2104 3067 2238 3120 tuus,

2420 3053 2636 3120 Είπὼν,
2708 3056 2844 3109 Ἐὰν
2974 3057 3101 3123 χείρ
3160 3069 3278 3108 σου
3322 3053 3359 3123 ἦ
3401 3056 3434 3108 ό
3476 3053 3628 3117 ποῦς
3691 3067 3810 3104 σου
3864 3049 3908 3116 ἢ

698 3176 788 3221 aut
837 3164 1017 3220 oculus
1054 3171 1172 3215 tuus
1221 3157 1551 3213 scandalizat
1594 3165 1660 3222 te,
1688 3153 1885 3223 projice
1911 3167 2028 3206 eum
2060 3151 2152 3204 abs
2176 3159 2245 3216 te,

699 3256 929 3309 amicum
989 3249 1164 3305 innuit
1201 3246 1294 3318 qui
1338 3247 1700 3299 membrorum
1755 3242 1927 3296 instar
1959 3240 2029 3293 ob
2061 3237 2250 3292 amici-

701 3345 830 3397 tiam
859 3349 939 3394 est
966 3338 1206 3407 quidem,
1243 3333 1339 3389 sed
1369 3334 1460 3402 qui
1488 3332 1554 3384 ad
1581 3329 1916 3399 Spiritualem
1964 3327 2249 3380 utilitatem

704 3448 809 3486 non
840 3430 1066 3484 confert.
1876 3484 1880 3489 ι

774 3521 936 3575 Vsus.
967 3519 1054 3572 10.
1085 3516 1189 3582 Qui
1219 3521 1343 3568 sunt
1367 3511 1573 3580 pusilli,
1610 3501 1749 3578 quos
1779 3522 1885 3561 non
1914 3516 2257 3561 contemnere

703 3610 984 3685 prmcipit?
1014 3608 1308 3676 Pauperes,
1341 3601 1621 3670 incogniti,
1655 3600 1953 3666 simplices.

781 3705 993 3765 Dicens,
1061 3697 1232 3767 angeli
1279 3709 1500 3756 eorum,
1535 3690 1772 3747 ostendit
1829 3703 2017 3742 omnes
2065 3685 2260 3739 habere

708 3791 927 3863 angelos
958 3807 971 3843 :
1000 3787 1248 3851 dicendo,
1291 3785 1474 3838 Vident
1502 3783 1687 3852 [aciem
1713 3779 1894 3833 Patris
1919 3778 2017 3831 mei
2047 3784 2262 3846 propter

711 3898 958 3950 magnam
991 3880 1287 3934 libertatem
1322 3885 1375 3930 et
1413 3878 1681 3929 honorem
1718 3886 1825 3942 quo
1873 3869 2151 3934 fruuntur,
2182 3868 2262 3923 sic

709 3974 965 4041 loquitur.

779 4065 947 4119 Vens.
1009 4059 1093 4115 16.
1133 4059 1242 4114 Cur
1279 4058 1439 4121 dicit,
1492 4055 1551 4110 Si
1584 4052 1866 4124 peccaverit
1908 4052 1962 4104 in
2013 4059 2058 4102 te
2092 4069 2111 4117 γ
2167 4056 2263 4100 iter

714 4167 857 4217 tuus,
888 4161 942 4206 et
964 4149 1207 4219 reliqua?
1258 4147 1403 4200 [nter
1432 4145 1569 4197 duos
1586 4143 1686 4195 {ﬁat
1716 4139 2008 4208 correptio,
2041 4153 2106 4190 ne
2132 4150 2263 4190 eru-

713 4249 899 4303 bescat
927 4251 1236 4309 correptus,
1263 4245 1316 4292 et
1345 4231 1754 4289 inemendalibis
1787 4230 1895 4282 liat.

2349 3150 2382 3202 ὁ
2414 3148 2717 3216 ὀφθαλμός
2738 3161 2852 3200 σου
2880 3145 3260 3213 σκανδαλίσῃ
3290 3160 3382 3207 σε,
3408 3142 3566 3207 ,ϐάλε
3585 3141 3766 3195 αὑτὸν
3779 3139 3912 3192 ἀπὸ

2350 3237 2488 3304 σοῦ,
2530 3236 2680 3304 φίλον
2723 3236 2870 3304 λέγει
2916 3235 3008 3288 τὸν
3051 3237 3109 3287 ὲν
3151 3235 3301 3300 τάξει
3350 3233 3541 3304 μέλους
3590 3231 3674 3284 διὰ
3721 3228 3914 3297 φιλίαν

2351 3326 2478 3378 δντα
2513 3326 2632 3396 μὲν,
2671 3327 2749 3388 είς
2777 3325 2832 3377 δὲ
2865 3324 3102 3394 ψυχικὴν
3134 3323 3401 3394 ὠφέλειαν
3438 3324 3536 3392 οὐχ
3573 3320 3916 3391 ὑπάρχοντα.

2426 3503 2580 3564 Τίνες
2603 3501 2738 3554 εἰσὶν
2765 3502 2814 3553 οῖ
2837 3501 3040 3570 μικροὶ,
3065 3497 3145 3562 οἷς
3169 3499 3242 3570 μὴ
3262 3501 3619 3568 καταφρονεῖν
3642 3498 3926 3568 προστάσε-

2361 3611 2443 3648 est
2471 3611 2486 3659 ;
2525 3595 2587 3646 0i
2621 3593 2846 3659 πτωχοὶ,
2876 3592 2925 3643 οῖ
2963 3591 3250 3659 ἄγνωστοι,
3279 3593 3325 3641 οί
3355 3590 3609 3651 εὐτελεῖς.

2432 3683 2634 3748 Εἰπὼν,
2685 3684 2748 3734 Ol
2778 3681 3016 3751 ἄγγελοι
3065 3678 3282 3744 αὐτῶν,
3328 3678 3526 3744 ἔδειξεν
3577 3681 3660 3731 ὅτι
3713 3677 3926 3743 πάντες

2362 3773 2626 3841 ἀγγέλους
2672 3770 2886 3846 ἔχουσιν
2909 3788 2926 3802 ο
2958 3771 3017 3823 τὸ
3044 3770 3098 3823 δὲ
3131 3769 3327 3838 λέγειν,
3358 3771 3440 3822 ὃτι
3467 3769 3807 3823 Βλέπουσιν
3852 3771 3928 3824 τὸ

2359 3865 2683 3932 πρόσωπον
2706 3861 2813 3914 τοῦ
2833 3863 3060 3928 Πατρός
3079 3878 3219 3928 μου,
3247 3861 3332 3913 διὰ
3351 3861 3449 3931 τὴν
3476 3861 3675 3932 πολλὴν
3702 3862 3929 3931 παρρη-

2364 3955 2484 4009 σίαν
2517 3953 2612 4007 καὶ
2639 3952 2802 4022 τιμὴν
2833 3953 2900 4022 ἢν
2930 3953 3137 4020 ἔχουσιν
3162 3951 3329 4018 λέγει.

2433 4045 2531 4098 Διά
2561 4045 2612 4096 τί
2644 4043 2813 4111 λέγει,
2843 4043 2925 4095 ὅτι
2963 4042 3095 4094 Ἐὰν
3125 4040 3436 4108 ἁμαρτήσῃ
3464 4043 3551 4106 είς
3594 4040 3669 4094 σὲ
3691 4044 3722 4094 ό
3747 4041 3932 4094 ἀδελ-

2365 4136 2478 4204 φός
2510 4150 2648 4197 σου,
2695 4135 2789 4186 καὶ
2822 4133 2890 4184 τὰ
2927 4131 3088 4200 ὲξῆς;
3135 4132 3350 4193 Μεταξὺ
3385 4131 3477 4183 δύο
3530 4132 3779 4198 γενέσθαι
3831 4131 3932 4183 τὸν

2366 4226 2606 4293 ἔλεγχον,
2634 4223 2719 4275 ῖνα
2752 4223 2825 4291 μὴ
2841 4221 3102 4289 αἰσχυνθῇ
3127 4223 3155 4271 ὀ
3178 4219 3548 4288 ἐλεγχόμενος,
3567 4221 3658 4272 καὶ
3680 4219 3936 4288 δυσδιὸρ-

2371 4316 2539 4375 θωτος
2572 4314 2815 4380 γένηται.

787 4417 904 4472 Non
934 4415 1084 4469 ducit
1111 4411 1428 4480 amigentem
1453 4407 1517 4461 ad
1537 4405 1811 4466 amictum,
1841 4401 1934 4455 sed
1958 4401 2073 4453 vice
2091 4414 2238 4452 versa

2343 4400 2348 4431 ⁵
2446 4405 2558 4455 Οὐκ
2575 4404 2694 4470 ἄγει
2723 4402 2811 4454 τὸν
2839 4399 3153 4469 λυπήσαντα
3184 4398 3314 4470 πρὸς
3337 4399 3426 4452 τὸν
3442 4399 3768 4468 λυπηθέντα,
3786 4401 3939 4454 ἀλλά

719 4509 983 4580 quoniam
1022 4505 1112 4557 ille
1159 4502 1250 4572 qui
1301 4499 1624 4568 injustitiam
1663 4494 1786 4548 fecit
1833 4507 1938 4545 non
1972 4490 2129 4543 facile
2177 4504 2238 4541 ve

2370 4494 2558 4548 τοῦτον
2588 4494 2723 4562 πρὸς
2757 4493 2983 4555 ἐκεῖνον,
3009 4491 3195 4560 ἐπειδὴ
3216 4494 3244 4542 ὁ
3267 4488 3539 4558 ἠδικηκὼς
3565 4491 3662 4543 οὑκ
3689 4490 3939 4554 εὐκόλως

721 4567 865 4656 nit-et
914 4605 1132 4669 propter
1175 4567 1475 4656 ruborem;
1530 4589 1650 4643 ideo
1684 4586 1928 4641 adhunc
1976 4583 2126 4637 illum
2174 4580 2238 4634 ad

2374 4587 2440 4639 ἂν
2469 4584 2609 4636 ἔλθοι
2638 4583 3017 4652 αἰσχυνόμενος
3037 4599 3051 4613 ο
3084 4582 3170 4634 διὰ
3197 4582 3352 4635 τοῦτο
3381 4583 3512 4653 πρὸς
3545 4586 3766 4650 ἐκεῖνον,
3797 4586 3939 4638 τοῦ·

721 4693 887 4745 ducit.

2375 4692 2465 4727 τον
2496 4673 2664 4724 ἕλκει.

795 4775 958 4831 Vnus.
999 4775 1084 4831 19.
1117 4771 1257 4838 Quid
1285 4779 1366 4825 est
1393 4768 1536 4838 quod
1582 4767 1803 4830 dicitur,
1835 4764 1893 4819 Si
1919 4765 2021 4818 duo
2048 4779 2111 4816 ea:
2136 4762 2238 4814 vob:

2445 4767 2509 4820 Τί
2537 4768 2680 4818 ἐστιν
2716 4766 2775 4817 τὸ
2808 4765 3117 4833 λεγόμενον,
3150 4764 3229 4816 ὅτι
3258 4765 3371 4817 Δύο
3425 4766 3580 4834 ὑμῶν
3610 4767 3715 4820 ἐὰν
3770 4781 3942 4834 συμ-

725 4868 1076 4922 conseuserint
1105 4878 1258 4929 super
1284 4869 1498 4923 terram,
1522 4859 1582 4910 de
1603 4857 1742 4909 omni
1761 4872 1815 4908 re
1836 4871 1992 4923 quam
2012 4854 2238 4922 petierim

2377 4859 2741 4928 φωνήσωσιν
2777 4857 2873 4908 ἐπὶ
2933 4854 3037 4921 τῆς
3090 4853 3218 4923 γῆς,
3259 4854 3401 4929 περὶ
3417 4857 3641 4920 ,παντὸς
3668 4857 3945 4925 πράγμα-

725 4962 815 5026 [iet
872 4955 1018 5007 illis?
1064 4955 1134 5006 De
1180 4952 1502 5021 quibusnam
1554 4949 1684 5002 dicit
1745 4947 1889 5000 duo?
1932 4945 2004 5000 De
2053 4943 2136 4997 his
2183 4959 2238 5010 (ιι

2378 4968 2479 5016 τος
2507 4945 2576 5004 οὗ
2606 4947 2681 5001 ἂν
2722 4946 3103 5014 αἰτήσωνται,
3155 4943 3470 5021 γενήσεται
3513 4948 3747 5013 αὺτοῖς;
3795 4950 3948 5018 Περὶ

729 5046 1024 5115 angelicam
1063 5042 1244 5100 sitam
1305 5039 1539 5102 ducunt;
1592 5046 1792 5106 quanta
1841 5037 1984 5090 enim
2018 5035 2103 5088 isti
2154 5051 2238 5087 cut

2383 5042 2547 5093 ποίων
2594 5040 2739 5106 λέγει
2789 5037 2913 5101 δύο;
2967 5036 3098 5105 Περὶ
3147 5037 3253 5086 τῶν
3304 5037 3593 5109 αγγελικὴν
3659 5039 3949 5092 πολιτείαν

731 5135 1086 5189 unanimitate
1149 5128 1405 5199 petierint
1471 5142 1596 5195 erga
1654 5128 2001 5196 proximum,
2071 5125 2238 5179 obtint

2382 5129 2639 5198 ἐχόντων·
2676 5129 2776 5180 ὅσα
2808 5126 2913 5197 γὰρ
2940 5125 3004 5177 ἂν
3037 5119 3181 5178 οὗτοι
3215 5128 3350 5193 μετά
3379 5129 3627 5195 ὁμονοίας
3664 5129 3949 5197 αἰτήσων-

728 5230 881 5282 bunt.
2382 5238 2469 5273 ται
2502 5219 2629 5286 περὶ
2664 5217 2755 5269 τοῦ
2794 5216 3038 5284 πλησίον,
3069 5215 3462 5280 ὲπιτεὺξονται.

800 5318 961 5370 Vens.
1005 5314 1095 5369 22.
1143 5310 1445 5381 Septuagies
1497 5309 1702 5375 septies,
1757 5323 1862 5362 non
1911 5323 2009 5377 pro
2059 5322 2236 5362 numet

2458 5309 2549 5370 Τὸ,
2589 5303 3029 5370 Ἐὄὸομήκοντα
3048 5303 3144 5354 καὶ
3174 5304 3320 5356 ἑπτὰ
3342 5345 3355 5368 ,
3385 5307 3483 5358 οὐκ
3512 5306 3740 5376 ἀριθμὸν
3767 5305 3952 5374 δηλοῖ,

734 5411 990 5472 sumitur,
1022 5407 1113 5462 sed
1145 5419 1241 5473 pro
1267 5405 1553 5457 innumero
1587 5417 1598 5451 :
1634 5409 1690 5450 ut
1723 5400 1920 5452 dicitur
1952 5401 2136 5453 decem
2163 5402 2236 5452 mi

2386 5398 2520 5450 ἀλλὰ
2547 5398 2605 5449 τὸ
2638 5397 2865 5464 ἄπειρον
2887 5410 2900 5423 ·
2935 5393 3121 5463 ὥσπερ
3153 5395 3231 5457 τὸ,
3283 5398 3466 5467 μυρία,
3507 5400 3597 5449 καὶ
3626 5397 3809 5466 ὥσπερ
3864 5396 3954 5458 τὸ,

734 5501 825 5560 lia,
859 5509 916 5551 ut
946 5497 1150 5552 sterilis
1184 5492 1389 5564 peperit
1421 5499 1646 5558 septem,
1681 5486 1732 5539 id
1766 5497 1866 5553 est,
1902 5489 2121 5542 multos.

2390 5490 2595 5557 Στεῖρα
2648 5488 2852 5539 ἔτεκεν
2889 5486 3058 5547 ἑπτὰ,
3096 5487 3214 5538 ἀντὶ
3249 5487 3361 5551 τοῦ,
3399 5489 3585 5543 πολλά.
3827 5537 3830 5539 λ

808 5589 967 5643 Vsus.
997 5588 1086 5640 24.
1127 5585 1314 5639 Decem
1350 5582 1518 5636 millia
1556 5579 1753 5632 talenta
1810 5593 1929 5646 quae
1961 5577 2101 5631 Deus
2128 5593 2237 5631 rem

2463 5580 2543 5629 Τὰ
2578 5578 2744 5646 μυρία
2789 5574 3023 5628 τάλαντα
3054 5574 3088 5626 ἃ
3113 5577 3139 5626 ὁ
3164 5575 3294 5638 Θεὸς
3326 5578 3554 5647 ἀφῆκεν,
3589 5578 3682 5628 καὶ
3709 5573 3778 5626 τὰ
3811 5575 3956 5626 ἐκα-

737 5677 837 5742 sit;
856 5686 911 5733 ct
941 5687 1157 5732 centum
1196 5690 1314 5744 quae
1364 5687 1552 5728 servus
1586 5684 1692 5725 non
1727 5669 1952 5732 remi>it,
1983 5667 2074 5723 Dei
2110 5668 2235 5724 indu

2392 5671 2479 5724 τδν
2508 5669 2542 5722 ἃ
2571 5669 2599 5721 ὁ
2621 5667 2804 5729 δοῦλος
2831 5666 2931 5720 οὐκ
2972 5664 3200 5735 ἀφῆκεν,
3233 5667 3327 5738 τὴν
3375 5667 3820 5738 ὑπερϐάλλουσαν
3857 5665 3958 5717 τοῦ
