4138 6342
282 263 413 327 1137

1257 264 1577 327 SCHOLIA
1615 265 1910 326 VETERA
1948 265 2029 326 ΙΝ
2072 264 2539 325 ΜΑΤἸῊᾸΞΗΜ.

3351 266 3487 325 1138

280 371 415 425 Θεοῦ
454 369 799 444 συγχώρησιν
830 374 926 443 καὶ
972 374 1352 446 μακροθυμίαν
1387 376 1523 446 πρὸς
1564 376 1661 442 τὴν
1696 377 1835 446 ἠμε-

1944 375 2170 446 gentiam
2212 385 2265 428 et
2304 374 2765 441 longanimitatem
2816 384 3018 430 nostra
3064 373 3490 445 pusillanimitati

281 460 443 532 τέραν
472 461 833 532 μικροψυχίαν
870 463 1167 517 δείκνυσιν·
1198 464 1291 517 δτι·
1308 466 1511 527 ἐκεῖνος
1559 463 1656 534 μὲν
1699 464 1835 534 άμε-

282 567 387 621 τρα
411 555 685 623 συγχωρεῖ
726 553 904 623 (τοῦτο
949 554 1056 624 γάρ
1086 556 1203 607 ἐστι
1239 554 1319 618 τὸ,
1346 555 1575 624 μυρία)·
1599 555 1759 625 ἡμεῖς
1781 553 1837 607 δέ

282 639 402 692 οὐδὲ
446 640 513 693 τὰ
560 640 840 712 άριθμητὰ
892 641 1315 713 συγχωροῢμεν⁹
1370 642 1609 695 δείκνυσι
1656 643 1713 695 δὲ
1751 641 1838 695 διά

284 729 472 784 τούτου
524 732 688 786 πόσον
736 733 870 797 Θεὸς
912 733 1053 802 ὑπὲρ
1102 733 1387 805 ἄνθρωπόν
1438 734 1584 786 ἐστιν
1636 732 1837 800 ἀγαθὸς

286 822 380 875 καὶ
410 820 810 894 φιλάνθρωπος.

358 911 462 964 Σὺν
492 912 570 983 τῷ
602 913 869 981 ὀφείλοντι
892 914 973 966 τά
988 914 1157 985 μυρία
1176 914 1412 968 τάλαντα
1439 914 1525 968 διὰ
1551 914 1604 967 τί
1626 913 1721 967 καὶ
1742 913 1842 981 τὴν

288 1002 451 1055 αὐτοῦ
501 1004 734 1070 γυναῖκα
763 1004 859 1057 καὶ
886 1004 955 1056 τὰ
988 1004 1175 1057 παιδία
1203 1004 1504 1059 διακελεύει
1532 1004 1839 1076 πραθῆναι;

287 1091 397 1158 Οὐχ
428 1091 504 1153 ώς
525 1090 695 1160 ὠμὸς,
730 1091 845 1145 ἀλλ’
877 1093 964 1146 ῖνα
991 1093 1157 1146 αὑτὸν
1186 1096 1263 1157 είς
1312 1090 1591 1165 ἳκετηρίαν
1619 1093 1843 1163 άγαγὼν

288 1178 638 1252 συγχωρήσῃ,
664 1180 761 1249 οὐχ
793 1180 881 1233 ἴνα
913 1180 1095 1251 πραθῇ
1115 1197 1131 1212 ·
1164 1184 1211 1235 εί
1240 1182 1347 1253 γὰρ
1371 1183 1458 1237 διὰ
1488 1184 1548 1237 τὺ
1571 1183 1841 1253 πραθῆναι

284 1265 441 1319 τοῦτο
473 1269 665 1333 ἐποίει,
697 1270 795 1323 οὐκ
814 1269 879 1323 ἂν
902 1271 1229 1342 συνεχώρειθ
1268 1274 1330 1326 οὐ
1362 1276 1633 1344 συγχωρεῖ
1657 1275 1712 1326 δὲ
1739 1274 1842 1343 πρὸ

284 1356 382 1421 τῆς
410 1355 755 1423 ἀποφάσεως,
797 1356 884 1411 ῐνα
923 1358 1085 1412 αὑτὸν
1126 1359 1399 1432 ἐλευθεροῖ
1440 1362 1839 1432 ὀφειλημάτων,

286 1445 376 1499 ἵνα
399 1447 647 1514 κάκεῖνος
673 1448 763 1502 τὸν
792 1449 1077 1521 ὁμόδουλον
1108 1452 1461 1524 συγχωρήσῃ.

881 1691 1132 1745 ΚΕΦΔΛ.
1158 1690 1259 1746 ιΘα.

371 1814 429 1868 'O
474 1816 706 1886 Χριστὸς
758 1818 1109 1889 ἐρωτώμενος
1135 1818 1259 1872 οὔτε
1312 1818 1399 1872 ἀεὶ
1434 1819 1581 1887 σιγᾷ,
1633 1818 1720 1872 ῖνα
1768 1818 1843 1889 μὴ

286 1906 583 1974 νομίσωσιν
606 1906 911 1974 λανθάνειν,
964 1910 1087 1963 οὔτε
1117 1910 1205 1963 άεὶ
1232 1908 1443 1978 ἐλέγχει
1472 1908 1558 1960 ῐνα
1582 1908 1845 1979 παιδεύσῃ

283 1995 351 2048 ἐκ
383 1993 477 2047 τοῦ
510 1995 732 2066 ἡμέρως
778 1997 966 2068 φέρειν
994 1998 1181 2062 αὑτὸν,
1235 1996 1519 2059 κάκείνους
1548 1997 1610 2049 τὸ
1640 1998 1846 2067 μακρό-

284 2086 351 2137 θυ
360 2104 482 2156 μον.

357 2174 424 2225 Τί
446 2173 595 2244 δηλοῖ
615 2174 698 2237 τδ,
730 2177 795 2228 ει
821 2174 1007 2241 οὕτως
1034 2175 1204 2230 ἐστίν
1225 2178 1262 2244 ἠ
1299 2178 1458 2231 αιτία
1486 2176 1591 2231 τοῦ
1621 2176 1843 2244 ἀνθρώ-

282 2277 405 2318 που
417 2266 565 2333 μετὰ
587 2264 694 2335 τῆς
724 2268 1005 2337 γυναικός
1026 2285 1050 2333 ;
1068 2269 1240 2321 Τοῦτο
1264 2268 1433 2337 λέγει,
1464 2270 1544 2321 ὃτι
1568 2270 1666 2324 Διὰ
1690 2269 1845 2321 τοῦτο

286 2357 535 2428 συνήφθη
569 2359 653 2411 ῖνα
681 2358 739 2413 ἓν
770 2353 932 2413 ὦσιν·
965 2361 997 2432 ἢ
1034 2362 1228 2424 ἐκεῖνο,
1257 2361 1339 2413 ὅτι
1379 2361 1442 2415 Ei
1466 2361 1642 2413 αίτίαν
1681 2360 1846 2429 λήψε-

284 2464 379 2499 ται
408 2450 502 2501 καὶ
530 2454 833 2521 παρανομεῖ
858 2453 886 2503 ὁ
908 2451 1045 2522 ἀνὴρ
1077 2453 1167 2504 ἐπὶ
1202 2451 1410 2515 τούτοις
1445 2452 1721 2505 ἐκϐάλλων
1746 2453 1845 2522 τὴν

284 2541 539 2603 γυναῖκα,
576 2542 901 2613 κουφότερόν
940 2545 1085 2595 ἐστιν
1131 2542 1331 2613 μᾶλλον
1358 2543 1495 2613 πρὸς
1537 2544 1839 2613 ἐπιθυμίαν

286 2628 557 2697 μάχεσθαι
602 2631 835 2699 φύσεως,
869 2634 902 2704 ἢ
938 2635 1073 2704 πρὸς
1120 2636 1353 2703 γυναῖκα
1418 2636 1684 2705 πονηράν.
1736 2633 1847 2688 Καὶ

284 2718 588 2789 ἄλλωςχΕί
613 2721 785 2785 οὕτως
816 2725 963 2777 ἐστὶν
998 2727 1031 2795 η
1061 2726 1207 2778 αἰτία
1232 2724 1325 2778 τοῦ
1374 2726 1662 2795 ἀνθρώπου
1708 2727 1848 2795 μετὰ

284 2812 387 2877 τῆς
409 2812 682 2877 γυναικὸς,
718 2816 990 2868 τουτέστιν
1018 2818 1064 2868 εί
1095 2818 1181 2869 διὰ
1205 2817 1362 2869 τοῦτο
1384 2818 1655 2885 συνήφθη,
1678 2817 1763 2869 ἵνα
1789 2817 1846 2868 ἓν

284 2893 444 2962 ὦσιν,
478 2899 569 2952 καὶ
613 2900 970 2955 άδιάσπαστοι
1012 2904 1245 2972 μένωσιν
1287 2906 1415 2973 παρ’
1442 2905 1561 2957 ὅλον
1594 2905 1682 2957 τὸν
1710 2904 1846 2972 βίον,

284 2989 392 3040 κᾶν
424 2988 670 3060 μοχθηρὰ
716 2991 834 3044 λίαν
867 2994 958 3045 καὶ
989 2993 1260 3063 θηριώδης
1290 2995 1323 3063 ἠ
1350 2995 1507 3062 γυνὴ,
1541 2994 1601 3046 οὐ
1635 2995 1841 3063 συμφέ-

1938 474 2194 537 przestare
2230 466 2485 520 ostendit.
2533 464 2666 518 Nam
2710 466 2796 519 ille
2826 467 3039 535 quidem
3074 464 3491 520 innumerabilia

1938 556 2183 617 remittit.
2215 556 2264 609 id
2296 556 2437 610 enim
2474 564 2633 611 sonat
2664 556 2849 610 decem
2900 556 3110 621 millia;
3162 571 3262 611 nos
3312 564 3491 610 autem

1938 661 2006 702 ne
2042 646 2400 701 numerabilia
2427 646 2643 714 quidem
2670 645 3018 699 remittimus.
3045 644 3147 699 Per
3178 648 3282 700 hoc
3311 655 3494 700 osten-

1939 736 2087 791 ditur
2134 746 2398 805 quantum
2437 736 2579 791 Deus
2615 751 2725 806 pra:
2766 734 3078 790 hominibus
3123 735 3300 791 bonus
3341 735 3412 790 sit
3440 743 3495 790 et

1940 827 2225 897 benignus.

2013 916 2147 974 Cum
2188 917 2278 971 illo
2308 917 2401 987 qui
2445 916 2678 971 debebat
2719 915 2903 972 decem
2940 910 3107 968 millia
3140 913 3359 976 talenta,
3393 928 3494 967 cur

1942 1009 2088 1063 illius
2158 1008 2437 1063 mulierem
2469 1009 2538 1067 {ct
2585 1007 2726 1063 ﬁlios
2767 1004 3062 1076 vmundari
3114 1004 3315 1075 jussit?
3373 1001 3491 1057 Non

1942 1105 2199 1166 tanquam
2257 1095 2496 1150 crudelis
2522 1097 2613 1159 sit,
2665 1094 2759 1149 sed
2802 1087 2858 1150 μ’.
2888 1094 3039 1149 illum
3074 1092 3140 1148 ad
3178 1091 3492 1161 supplicau-

1943 1185 2068 1238 dum
2099 1182 2375 1238 adducens
2408 1184 2482 1237 illi
2528 1184 2793 1253 ignoscat,
2830 1198 2937 1238 non
2978 1192 3036 1237 ut
3061 1182 3393 1246 vendantur;
3444 1178 3492 1233 si

1940 1273 2085 1329 enim
2123 1284 2181 1327 ut
2215 1274 2518 1329 vendantur
2565 1273 2669 1328 hoc
2716 1273 2952 1338 fecisset,
3005 1288 3112 1326 non
3168 1272 3489 1343 ignosceret.

1941 1362 2062 1417 Non
2094 1363 2328 1433 ignoscit
2377 1372 2557 1417 autem
2590 1372 2880 1433 antequam
2920 1362 3183 1417 rationem
3214 1369 3401 1431 ponat,
3435 1367 3494 1412 ut

1943 1454 2095 1508 illum
2150 1455 2341 1510 liberet
2382 1470 2413 1510 a
2444 1454 2677 1522 debitis,
2720 1464 2774 1509 et
2821 1464 2881 1510 ut
2926 1454 3016 1510 ille
3067 1466 3331 1510 conservo
3396 1463 3494 1507 suo

1944 1546 2206 1615 ignoscat.

2524 1684 2751 1744 CAPUT
2779 1688 2919 1743 XIX.

2013 1804 2178 1860 Vens.
2212 1807 2266 1861 4.
2314 1806 2565 1863 Christus
2608 1824 2731 1864 eum
2780 1810 3163 1879 interrogatur,
3212 1824 3321 1864 non
3354 1825 3496 1865 sent-

1943 1913 2039 1965 per
2072 1906 2230 1963 tacet,
2263 1913 2333 1952 ne
2367 1901 2617 1968 ignorare
2673 1909 2921 1970 putetur;
2953 1916 3060 1954 non
3109 1915 3323 1971 semper
3362 1916 3495 1957 con-

1943 1987 2139 2053 fundit,
2172 1998 2228 2041 ut
2261 1987 2475 2054 doceat,
2503 1989 2724 2045 ferendo
2748 1991 2862 2060 ipse
2904 2006 3025 2045 cum
3062 1992 3493 2055 mansuetudine,

1943 2088 1997 2133 et
2027 2079 2174 2148 ipsos
2204 2080 2691 2149 longanimitatem.

2014 2171 2177 2225 Vens.
2207 2172 2293 2226 10.
2324 2172 2463 2236 Quid
2509 2172 2744 2227 ostendit
2794 2172 2961 2235 istud,
2994 2172 3053 2227 Si
3100 2174 3175 2226 ita
3204 2181 3280 2226 est
3332 2189 3495 2227 causa

1943 2262 2167 2315 hominis
2196 2278 2312 2314 cum
2343 2264 2543 2315 uxore?
2575 2272 2675 2317 etc.
2731 2262 2934 2318 Dicitur
2985 2262 3129 2318 istud
3154 2306 3167 2330 ,
3208 2264 3351 2333 quod
3400 2279 3496 2332 per

1945 2352 2049 2406 hoc
2069 2353 2393 2421 conjunctus
2424 2354 2495 2407 sit
2520 2362 2587 2407 ut
2615 2369 2782 2407 unum
2801 2354 2947 2418 sint;
2980 2353 3246 2419 autillud,
3280 2353 3421 2422 quod
3451 2354 3497 2408 si

1944 2452 2233 2497 accusatus
2289 2441 2489 2509 fuerit,
2522 2452 2577 2497 et
2626 2442 2793 2513 legem
2854 2442 3135 2497 violaverit
3185 2444 3266 2495 vir
3313 2443 3364 2496 in
3414 2444 3500 2497 his

1947 2550 2168 2589 uxorem
2195 2534 2537 2599 dimittenda,
2576 2536 2731 2605 longe
2758 2536 2930 2591 levius
2973 2537 3043 2593 sit
3076 2544 3263 2590 contra
3296 2546 3501 2589 naturae

1946 2627 2439 2697 concupiscentiam
2470 2643 2710 2699 pugnare
2743 2644 2902 2697 quam
2933 2639 3122 2683 contra
3153 2628 3349 2681 malam
3384 2644 3474 2680 mu

1949 2721 2156 2775 lierem.
2208 2720 2270 2774 Et
2322 2720 2522 2773 aliter:
2552 2720 2598 2773 si
2639 2719 2711 2772 ita
2751 2729 2833 2774 est
2884 2735 3049 2775 causa
3100 2720 3335 2773 hominis
3377 2733 3500 2773 cum

1948 2826 2136 2875 uxore,
2174 2810 2224 2863 id
2256 2820 2340 2864 est
2367 2810 2410 2862 si
2450 2826 2545 2877 per
2591 2812 2691 2863 hoc
2738 2811 3064 2879 eonjunctus
3111 2818 3193 2863 est
3242 2818 3300 2861 ut
3334 2824 3501 2862 unum

1946 2900 2074 2964 sint,
2108 2908 2162 2952 et
2212 2899 2602 2967 inseparabiles
2655 2909 2879 2953 manent
2940 2916 3037 2968 per
3090 2909 3261 2951 totam
3313 2899 3499 2962 vitam,

1946 2989 2045 3042 etsi
2077 3002 2327 3057 perversa
2360 2996 2411 3041 et
2445 2987 2677 3057 maligna
2725 2988 2955 3041 multum
3010 2987 3172 3040 fuerit
3206 3001 3357 3050 uxor,
3392 3001 3499 3039 non

285 3097 396 3149 ρει,
432 3082 524 3133 καὶ
553 3081 699 3151 ἐξῆς.
738 3085 806 3135 Ἥ
839 3084 933 3135 καὶ
961 3084 1133 3147 οὕτως
1155 3101 1170 3114 ·
1204 3085 1265 3137 El
1299 3085 1474 3137 αἰτίαν
1504 3084 1731 3155 λήψεται
1753 3086 1844 3138 καὶ

1950 3082 2185 3148 expedit,
2216 3087 2321 3133 etc.
2356 3078 2452 3133 Vel
2488 3079 2562 3133 ita
2598 3096 2612 3132 :
2643 3079 2687 3132 si
2721 3089 3011 3133 accusatus
3051 3078 3214 3132 fuerit
3241 3088 3293 3133 et
3324 3079 3496 3146 legent

286 3173 647 3241 παρανομεῖὸ
669 3174 805 3245 ἀνὴρ
831 3174 922 3226 ἐπὶ
939 3174 1144 3237 τούτοις
1174 3175 1450 3229 ἐκϐάλλων
1475 3177 1569 3246 τὴν
1589 3179 1845 3243 γυναῖκα,

280 3261 347 3313 οὐ
381 3262 647 3332 συμφέρει
675 3263 955 3334 γαμῆσαι·
993 3267 1325 3337 κουφότερον
1355 3268 1464 3337 γὰρ
1492 3268 1628 3338 πρὸς
1659 3268 1850 3322 ἐπιθυ,-

285 3352 421 3420 μίαν
472 3353 742 3421 μάχεσθαι
793 3357 888 3409 καὶ
927 3356 1063 3426 πρὸς
1116 3357 1326 3421 ἐαυτὸν,
1364 3358 1395 3428 ἢ
1433 3359 1567 3425 πρὸς
1615 3363 1849 3427 γυναῖκα

282 3444 530 3511 πονηράν
562 3445 655 3497 καὶ
690 3444 889 3513 πολλῆς
920 3447 1191 3516 γέμουσαν
1240 3449 1640 3519 ἀναισχυντίας.

358 3529 515 3593 Τίνος
560 3532 746 3586 ἕνεκεν
784 3537 831 3587 οί
887 3537 1127 3606 μαθηταὶ
1194 3539 1499 3592 άπεσόϐουν
1546 3539 1615 3593 τὰ
1664 3540 1849 3595 παιδία

284 3622 432 3691 ἆπερ
460 3628 799 3695 προσηνέχθη
826 3630 973 3697 αὐτῷ
999 3631 1087 3681 ἐπὶ
1109 3632 1185 3700 τῷ
1208 3631 1469 3695 εὔξασθαι
1498 3634 1711 3697 αὑτοῖς;
1745 3634 1847 3683 Τύ-

286 3730 391 3779 φου
440 3714 624 3767 ἐνεκεν
649 3732 664 3747 ο
702 3718 862 3781 αὐτὸς
895 3719 951 3771 δέ
979 3720 1241 3774 διδάσκων
1286 3725 1483 3791 αὐτοὺς
1538 3725 1847 3794 μετριάζειν

288 3804 384 3854 καὶ
412 3803 578 3873 τῦφον
626 3812 979 3874 καταπατεῖν,
1011 3810 1275 3881 λαμϐάνει
1307 3814 1399 3865 καὶ
1437 3814 1845 3881 ἐναγκαλίζεται

290 3892 385 3943 καὶ
414 3893 799 3962 προσεύχεται·
844 3898 936 3950 καὶ
979 3898 1239 3963 διδάσκει,
1273 3900 1357 3952 ἴνα
1388 3900 1422 3952 ἃ
1456 3905 1518 3973 τῇ
1552 3902 1709 3969 φύσει
1735 3903 1846 3972 ἔχει

287 3982 359 4035 τὰ
378 3984 583 4052 παιδία,
615 3988 681 4057 τῇ
711 3989 1027 4059 προαιρέσει
1059 3990 1421 4061 ἐργαζώμεθα
1452 3994 1633 4063 ἡμεῖς.

362 4164 465 4217 Τὸν
514 4167 879 4237 προσελθόντα
936 4170 1215 4224 νεανίσκον
1248 4171 1325 4242 τῷ
1354 4173 1575 4243 Χριστῷ
1630 4174 1721 4226 καί
1768 4176 1843 4226 εί-

289 4257 479 4309 πόντα·
533 4258 866 4313 Διδάσκαλε
902 4259 1104 4327 ἀγαθὲ,
1155 4261 1300 4325 τινὲς
1350 4262 1448 4331 μὲν
1498 4264 1572 4325 ὡς
1616 4262 1847 4317 ὓπουλον

1948 3170 2229 3225 violaverit
2256 3172 2339 3224 vir
2368 3171 2420 3223 in
2447 3171 2532 3224 his
2567 3184 2787 3224 uxorem
2820 3168 3158 3235 dimittendo,
3191 3184 3295 3226 non
3339 3184 3498 3237 expe-

1948 3262 2026 3316 dit
2054 3262 2285 3327 nubere;
2315 3260 2483 3316 levius
2512 3260 2653 3315 enim
2683 3269 2766 3315 est
2791 3269 2978 3315 contra
3010 3260 3503 3330 concupiscentiam

1948 3368 2187 3422 pugnare
2216 3360 2270 3406 et
2302 3361 2492 3406 contra
2520 3354 2779 3421 seipsum,
2811 3367 2971 3420 quam
3001 3361 3187 3406 contra
3219 3352 3500 3406 mulierem

1950 3443 2143 3495 tnalam
2184 3452 2235 3495 et
2266 3442 2599 3511 impudentia
2632 3443 2797 3497 multa
2840 3442 3116 3497 refertam.

2018 3532 2183 3588 Vsus.
2218 3534 2303 3589 l5.
2331 3533 2500 3598 Quam
2531 3534 2599 3587 ob
2618 3549 2841 3587 causam
2866 3534 3118 3601 discipuli
3152 3533 3503 3602 increpabant

1949 3626 2204 3692 parvulos
2235 3625 2325 3690 qui
2358 3625 2422 3677 ad
2464 3624 2615 3677 illum
2651 3624 3015 3677 aﬂ'erebantur
3046 3634 3103 3677 ut
3128 3624 3232 3677 illis
3283 3626 3501 3678 oraret?

1950 3712 2230 3780 Superbia:
2265 3728 2449 3765 causa.
2480 3712 2571 3765 Ille
2599 3720 2778 3765 autem
2820 3713 3019 3765 docens
3048 3728 3140 3766 eos
3170 3714 3499 3766 moderatio-

1947 3816 2069 3854 nem
2116 3810 2168 3855 et
2214 3801 2482 3868 superbiae
2512 3809 2907 3869 contemptum,
2968 3802 3221 3869 parvulos
3277 3804 3497 3872 excipit,

1947 3908 2139 3946 manus
2200 3892 2429 3960 imponit
2476 3902 2530 3946 et
2563 3894 2641 3946 eis
2698 3903 2854 3958 orat;
2924 3894 3082 3947 docet
3154 3894 3359 3959 etiam,
3440 3907 3499 3950 ut

1946 3998 2069 4046 nos,
2104 3984 2246 4052 quod
2282 3991 2473 4037 natura
2505 3984 2716 4053 parvuli
2766 3994 2913 4049 sunt,
2969 3986 3268 4040 intentione
3297 3988 3498 4043 ellicia-

1948 4091 2088 4129 mur.

2020 4163 2178 4221 Vens.
2214 4167 2299 4220 16.
2326 4166 2678 4223 Accedentem
2706 4168 2769 4222 ad
2794 4169 3068 4223 Christum
3100 4170 3499 4228 adolescentem

1946 4267 1999 4312 et
2027 4259 2293 4312 dicentem
2325 4276 2339 4313 :
2368 4259 2622 4329 Magister
2651 4264 2800 4323 bone,
2847 4263 3067 4328 quidam
3102 4272 3160 4317 ut
3188 4263 3501 4318 dissimula-

287 4347 695 4407 διαϐάλλουσιν,
746 4351 857 4417 ἐγὼ
886 4352 944 4403 δὲ
985 4354 1281 4420 χρημάτων
1333 4354 1516 4407 δοῦλον
1586 4356 1839 4424 μόνον.οὐ

1950 4356 2061 4401 tum
2102 4350 2545 4417 reprehendunt;
2582 4366 2681 4419 ego
2710 4362 2891 4405 autem
2943 4353 3251 4405 divitiarum
3282 4369 3513 4408 servum

289 4437 737 4505 παραιτησαίμην
765 4442 937 4491 εἰπεῖν
958 4456 971 4469 ·
1008 4442 1196 4510 ἐπειδὴ
1228 4444 1321 4494 καὶ
1344 4446 1369 4494 ὁ
1397 4445 1627 4511 Χριστὸς
1668 4446 1845 4511 τοιοῦ-

286 4542 380 4577 τον
424 4528 587 4579 αὑτὸν
638 4529 764 4580 ὄντα
812 4529 1044 4595 ήλεγξε·
1094 4534 1216 4582 ἐπεὶ
1270 4535 1361 4584 κα)⁵
1410 4537 1634 4602 Μάρκος
1675 4538 1843 4603 λέγει,

304 4616 633 4683 Ἐμϐλέψας
653 4606 810 4681 αὐτῷ
838 4614 966 4671 οἷον
988 4620 1303 4688 ἠγάπησεν
1328 4625 1510 4674 αὐτόν
1535 4642 1544 4651 ·
1570 4628 1662 4676 καὶ
1691 4628 1772 4677 ὅτι
1798 4630 1845 4677 εί

289 4708 447 4757 τοῦτο
485 4703 552 4775 ἦν
576 4746 591 4769 ,
648 4708 913 4777 ἐδήλωσεν
961 4711 1026 4763 ἂν
1060 4711 1219 4773 αὐτὸς
1248 4714 1273 4762 ὁ
1313 4714 1699 4782 εὐαγγελιστὴς
1724 4756 1737 4776 ,
1772 4716 1846 4778 ὡς

288 4796 383 4847 ἐπὶ
408 4796 501 4845 τοῦ
536 4796 757 4863 νομικοῦ
783 4800 873 4851 καὶ
899 4800 991 4851 ἐπὶ
1014 4799 1122 4852 τῶν
1144 4801 1315 4853 ἄλλων
1338 4817 1352 4831 ’
1388 4802 1479 4854 καὶ
1509 4804 1555 4853 εί
1582 4803 1734 4853 τοῦτο
1757 4800 1842 4873 ἦν,

286 4886 391 4937 οὐκ
434 4884 643 4951 άπῆλθε
697 4885 1065 4956 λυπούμενος’
1103 4890 1193 4941 καὶ
1245 4890 1563 4960 ἐλεγχθῆναι
1601 4890 1655 4941 δέ
1700 4887 1845 4960 εἶχεν

294 4975 571 5041 πειράζων
598 4974 671 5035 ὼς
706 4976 801 5026 καὶ
827 4978 875 5027 οἱ
910 4977 1078 5030 ἄλλοι.

368 5064 484 5125 Πῶς
507 5065 721 5131 νοητέον
749 5066 828 5127 τὸ,
854 5068 1061 5133 Οὐδεὶς
1092 5068 1311 5136 ἀγαθὸς
1332 5072 1381 5122 εὶ
1397 5069 1480 5139 μὴ
1505 5067 1589 5134 εἷς
1611 5074 1642 5124 ό
1664 5072 1842 5135 sedc;

292 5157 374 5227 μή
410 5171 535 5207 ποτε
565 5155 620 5205 δὲ
652 5156 743 5205 καὶ
771 5157 959 5208 ἐαυτὸν
994 5160 1244 5213 ἐκϐάλλει
1282 5160 1375 5213 τοῦ
1421 5158 1559 5215 εἶναι
1601 5144 1842 5231 ἀγαθόν;

288 5248 513 5316 Πρῶτον
543 5246 642 5315 μὲν
670 5247 766 5315 οὐχ
794 5248 874 5299 ὅτι
908 5250 1007 5301 οὐκ
1048 5250 1159 5303 ἔστι
1188 5269 1269 5313 τις
1299 5251 1595 5321 ἀνθρώπων
1623 5252 1847 5319 ἀγαθὸς,

286 5341 450 5395 τοῦτο
486 5340 654 5406 λέγει,
684 5338 816 5389 ἀλλὰ
849 5340 1211 5407 παραϐάλλων
1244 5344 1339 5411 τὴν
1364 5342 1456 5394 τοῦ
1479 5343 1611 5394 Θεοῦ
1642 5344 1848 5410 ἁγαθό-

288 5451 435 5503 τητα
461 5435 597 5504 πρὸς
626 5433 770 5500 ἡμᾶς
798 5446 810 5459 ·
854 5431 1041 5484 ἔπειτα
1062 5435 1117 5486 δέ
1144 5438 1243 5487 οὑκ
1275 5433 1446 5500 εἶπεν,
1471 5437 1550 5490 ὅτι
1591 5437 1703 5488 Οὐκ
1732 5440 1847 5507 εἰμὶ

287 5525 519 5589 ἀγαθὸς,
540 5522 651 5574 ἀλλ’
671 5522 730 5573 '0
742 5520 897 5583 ὑδείς
914 5521 1009 5572 ἀνθ
1020 5522 1235 5591 ρώπων,
1265 5525 1452 5593 ἐπειδὴ
1476 5527 1549 5587 ὡς
1578 5525 1848 5596 ἀνθρώπῳ

293 5616 447 5682 αὑτῷ
490 5614 654 5683 ψιλῶς
690 5611 954 5683 προσῆλθε
978 5628 989 5640 '
1031 5613 1186 5663 τοῦτο
1226 5614 1369 5681 λέγει
1410 5617 1568 5685 δῆθεν
1600 5617 1691 5669 καὶ
1721 5618 1845 5687 περὶ

1952 4442 2327 4493 tantummodo
2354 4456 2456 4494 non
2486 4442 2765 4494 abnuerim
2798 4443 2977 4494 dicere
3010 4460 3022 4494 :
3056 4442 3311 4509 quoniam
3342 4444 3499 4497 Chri-

1950 4538 2067 4581 stus
2096 4530 2252 4581 talem
2290 4529 2437 4582 illum
2468 4544 2587 4582 esse
2618 4532 3003 4594 pronuntiavit.
3039 4529 3171 4584 Nam
3207 4540 3260 4585 et
3282 4534 3501 4589 Marcus

1948 4618 2098 4678 dicit,
2149 4616 2368 4669 Intuens
2422 4634 2538 4669 eum
2584 4618 2767 4669 dilexit
2815 4636 2951 4672 eum.
2992 4620 3053 4673 Et
3088 4622 3131 4675 si
3166 4623 3297 4677 illud
3342 4626 3498 4690 foret,

1947 4705 2293 4774 patefecisset
2340 4708 2450 4773 ipse
2497 4709 2849 4775 evangelista,
2882 4721 2939 4763 ut
2976 4712 3027 4764 in
3064 4712 3195 4784 legis
3240 4718 3414 4785 perito
3448 4730 3499 4770 et

1947 4796 2099 4859 aliis;
2125 4797 2166 4849 si
2197 4796 2327 4848 illud
2365 4796 2518 4859 foret,
2552 4814 2656 4851 non
2690 4800 2913 4855 abiisset
2939 4804 3143 4870 tristis;
3175 4816 3228 4860 et
3258 4808 3496 4861 accusari

1949 4888 2233 4943 meruisset
2268 4898 2325 4943 ut
2354 4898 2591 4945 tentator
2623 4894 2767 4947 velut
2803 4896 3021 4965 quidam
3065 4900 3176 4954 alii.

2019 5068 2183 5123 Vens.
2222 5070 2305 5123 l7.
2335 5069 2616 5135 Quomodo
2663 5075 3091 5144 intelligendum,
3125 5074 3289 5125 Nemo
3332 5072 3490 5124 bonus

1950 5162 2051 5213 nisi
2106 5162 2249 5214 solus
2284 5160 2462 5214 Deus?
2499 5178 2679 5217 nonne
2721 5163 2969 5217 fortassis
2999 5165 3063 5215 de
3091 5177 3148 5215 se
3186 5162 3303 5227 ipso
3335 5175 3491 5227 negat

1946 5267 2069 5305 esse
2111 5268 2167 5306 se
2208 5252 2405 5305 bonum
2428 5252 2465 5302 ’ί
2515 5252 2754 5306 Primum
2811 5255 3046 5320 quidem,
3080 5265 3182 5301 non
3224 5250 3366 5316 quod
3422 5254 3493 5305 sit

1949 5343 2130 5395 nullus
2162 5343 2322 5394 homo
2352 5342 2551 5404 bonus,
2588 5345 2688 5395 hoc
2722 5344 2867 5402 dicit,
2904 5340 2992 5391 sed
3029 5338 3236 5391 confert
3272 5339 3360 5393 Dei
3392 5344 3491 5397 bo-

1951 5434 2173 5487 nitatem
2207 5448 2329 5487 cum
2386 5445 2569 5487 nostra
2600 5450 2612 5495 ;
2652 5431 2843 5483 deinde
2873 5444 2976 5479 non
3008 5429 3161 5493 dixit,
3216 5430 3331 5485 Non
3372 5449 3491 5487 sum

1951 5526 2145 5589 bonus,
2188 5526 2277 5578 sed
2333 5539 2490 5577 nemo
2546 5521 2841 5579 hominum,
2890 5520 3145 5583 qu0uiam
3204 5523 3303 5576 iste
3337 5534 3395 5578 ut
3428 5529 3491 5579 ad

1952 5618 2234 5671 hominem
2274 5628 2479 5668 merum
2522 5612 2585 5664 ad
2626 5610 2774 5662 illum
2826 5600 3145 5667 accesserat.
3199 5614 3309 5669 lloc
3354 5617 3493 5674 dixit
