4138 6342
652 242 790 309 1139

1349 242 1732 304 OPUSCULA
1774 244 2402 334 SCRIPTURISTICA
2441 246 2787 306 ΙΝΕΕΒΤιΕ
2825 245 3131 307 ETATIS.

3711 242 3848 308 mo

650 372 781 413 sane
807 355 873 410 de
901 355 1079 425 seipso
1111 369 1342 425 quoque.
1384 356 1518 410 [llud
1550 366 1750 421 autem,
1797 356 1918 421 Vos,
1940 359 2058 412 licet
2083 358 2200 413 sitis

2305 359 2532 412 έαυτοῦο
2571 361 2776 414 τοιοῦτο
2811 360 2866 415 δὲ
2900 361 3012 425 καὶ,
3061 359 3130 412 Ei
3168 356 3333 427 ὑμεῖς
3385 357 3629 427 πονηροί
3678 359 3842 425 ὄντες

651 447 813 511 mali,
866 450 1031 501 nostis
1088 447 1219 500 bona
1270 448 1426 510 dare,
1474 463 1580 502 non
1633 449 1878 503 omnium
1934 449 2197 504 malitiam

651 538 850 609 arguit,
881 538 970 594 sed
1005 539 1280 595 hominum
1333 540 1629 596 bonitatem
1666 556 1791 596 cum
1824 539 1916 596 Dei
1957 541 2200 597 bonitate

653 627 882 683 caniert.

721 716 881 774 Vens.
916 718 1007 773 25.
1039 719 1148 774 Cur
1175 720 1239 774 ad
1271 720 1568 790 discipulos
1596 721 1845 790 loquens,
1875 735 1998 776 cum
2036 722 2200 776 abiis-

649 821 730 866 set
760 811 851 878 qui
881 811 1326 882 interrogaverat,
1374 813 1626 867 Christus
1655 814 1786 867 dicit
1812 813 1891 868 eis
1919 807 2025 868 non
2055 821 2202 867 certe

650 902 926 969 divitibus,
981 903 1109 973 quia
1156 903 1308 959 dives
1341 902 1559 960 dillicile
1613 904 1836 959 intrabit
1872 904 1926 958 in
1977 919 2197 975 regnum

650 993 784 1074 Dei?
838 991 906 1049 Ut
957 1003 1201 1050 moneret
1248 1009 1344 1050 eos
1410 1010 1520 1050 non
1583 1003 1950 1066 paupertatem
2003 996 2197 1050 erube-

649 1099 819 1138 scere.

721 1190 1001 1249 Vens.25.
1032 1195 1168 1249 Cum
1221 1209 1490 1265 pauperes
1537 1206 1742 1260 essent,
1799 1197 2070 1266 quomodo
2119 1196 2198 1249 di.

649 1294 800 1350 cunt,
851 1283 982 1350 Quis
1034 1301 1154 1356 ergo
1207 1289 1394 1356 poterit
1443 1289 1616 1342 salvus
1665 1289 1828 1342 esse?
1877 1286 2012 1358 Erga
2063 1289 2200 1343 alios

652 1370 920 1438 homines,
995 1390 1188 1444 nempe
1245 1376 1492 1432 dolentes
1530 1386 1787 1446 tanquam
1843 1391 1968 1446 erga
2004 1387 2198 1432 semet-

652 1476 819 1526 ipsos.

723 1551 886 1607 Vens.
919 1551 1006 1606 28.
1043 1537 1299 1608 Sedebitis
1348 1570 1503 1621 super
1533 1553 1676 1608 sedes
1708 1555 1998 1619 duodecim,
2057 1556 2196 1611 idem

652 1648 735 1694 est
785 1655 847 1693 ac
897 1638 1491 1709 Conglorillcabimini;
1525 1640 1851 1710 judicantes,
1919 1657 2015 1710 pro
2063 1658 2195 1697 con-

653 1731 986 1786 demnantes.
1035 1728 1150 1786 Non
1198 1731 1342 1786 enim
1379 1741 1524 1787 certe
1564 1733 1774 1802 iudices
1813 1748 1933 1788 esse
1964 1734 2193 1801 debent;

653 1836 778 1876 nant
842 1821 894 1875 itt
949 1822 1453 1878 condemnationem
1524 1825 1828 1879 concivittm
1878 1834 2056 1889 erunt,
2105 1825 2197 1896 qui

650 1912 1017 1968 crediderunt.

719 2023 874 2079 Vsus.
909 2025 996 2078 29.
1046 2023 1154 2090 Qui
1182 2025 1448 2096 reliquerit
1497 2042 1737 2094 uxorem,
1792 2040 1921 2095 etc.,
1957 2045 2065 2084 non
2114 2030 2198 2086 di-

650 2116 883 2169 vortium
913 2116 981 2170 ab
1005 2115 1265 2170 uxoribus
1318 2117 1546 2184 inducit,
1588 2119 1682 2174 sed
1717 2119 1892 2175 simile
1921 2131 2002 2176 est
2048 2121 2194 2187 huic,

649 2208 752 2272 Qui
803 2211 971 2277 perdit
1020 2210 1252 2262 animum
1292 2225 1465 2274 suam,
1507 2212 1727 2264 inveniet
1766 2228 1915 2277 eam;
1945 2221 2003 2268 ut
2028 2213 2080 2266 itt
2115 2214 2198 2269 his

647 2314 765 2367 qua:
812 2300 1189 2369 persequimur
1240 2299 1552 2368 religionem
1594 2316 1702 2369 prae
1737 2316 1926 2367 uxore,
1955 2303 2118 2357 domo
2143 2312 2197 2357 et

647 2391 837 2444 amicis
867 2390 1250 2458 praeferamus;
1291 2391 1373 2445 vel
1417 2390 1636 2459 quando
1665 2404 1801 2445 uxor
1827 2391 2056 2447 inﬁdelis
2091 2402 2194 2460 est,

646 2486 742 2531 aut
785 2480 880 2544 vir,
932 2488 1060 2535 tunc
1087 2481 1158 2535 ob
1191 2480 1505 2545 religionem
1563 2479 1856 2534 divortium
1890 2480 1967 2547 lit,
2010 2483 2056 2538 si
2089 2498 2194 2536 non

648 2582 823 2640 patest
856 2572 944 2627 illa
972 2572 1272 2628 emendari.
1312 2573 1390 2626 lta
1422 2572 1617 2627 Paulus
1664 2573 1796 2627 dixit
1823 2589 1836 2627 :
1868 2571 1928 2628 Si
1966 2575 2196 2644 inﬁdelis

645 2673 940 2733 separatur,
976 2675 1269 2734 separetur.

717 2850 879 2906 Vens.
908 2851 995 2906 '50.
1029 2851 1186 2905 Multi
1214 2862 1365 2906 erunt
1394 2854 1679 2916 novissimi,
1723 2853 1916 2920 primi;
1943 2860 1991 2906 et
2015 2852 2193 2921 primi,

646 2944 934 3008 novissimi,
969 2943 1034 2997 de
1062 2941 1261 2998 Judazis
1288 2952 1341 2997 et
1366 2944 1598 2999 ethnicis
1632 2942 1846 2998 dicitur.

1234 3089 1460 3146 CAPUT
1507 3091 1620 3146 XX.

720 3227 881 3283 Vens.
909 3231 960 3282 l.
993 3228 1064 3284 De
1093 3230 1355 3300 operariis
1385 3231 1682 3298 intelligere
1705 3238 1941 3300 oportet,
1981 3229 2193 3284 vineam

649 3332 771 3372 esse
826 3319 1498 3384 virtutis,0perationem;
1557 3329 1772 3388 tempus
1843 3320 2193 3388 Operationis,

652 3409 790 3462 hanc
824 3415 1140 3477 praesentem
1170 3407 1330 3461 vitam
1355 3425 1371 3473 ;
1421 3409 1700 3477 operarios
1728 3418 1904 3464 autem
1931 3410 2192 3474 diversos,

653 3495 899 3549 homines
942 3495 1276 3549 diversarum
1316 3504 1554 3550 elatum.
1597 3495 1748 3561 Quod
1801 3505 1979 3550 autem
2029 3495 2194 3565 aliqui

651 3596 1051 3641 murmurantes
1107 3586 1448 3651 inducantur,
1509 3601 1618 3641 non
1673 3595 1926 3656 putemus
1978 3598 2196 3644 sanctos

650 3678 902 3734 invidiam
932 3679 1039 3734 illic
1085 3680 1402 3748 concipere;
1439 3693 1560 3734 nam
1613 3679 1722 3733 illic
1766 3679 1943 3734 omnia
1996 3679 2193 3734 invidia

651 3782 854 3829 carent.
899 3771 1001 3826 Sed
1053 3787 1159 3826 non
1203 3787 1390 3827 omnes
1432 3772 1700 3841 parabolae
1735 3781 1915 3841 partes
1939 3771 2194 3842 explicari

650 3865 864 3925 debent.
916 3863 1166 3933 parabols
1204 3863 1348 3916 enim
1387 3870 1499 3928 est;
1537 3862 1628 3918 sed
1681 3877 1802 3931 qua;
1861 3862 2086 3917 tendunt
2130 3862 2196 3917 ad

651 3956 937 4022 optandum
963 3953 1239 4024 proposito
1266 3953 1521 4006 invidiam
1561 3952 1641 4006 vel
1676 3963 2049 4021 exaggeratam
2080 3954 2199 4021 ejus

652 4046 744 4114 qui
775 4045 1093 4098 beneﬁcium
1129 4041 1358 4110 accepit,
1387 4041 1729 4095 solummodo
1767 4041 1970 4094 inducit
2001 4056 2196 4096 sermo.

726 4150 948 4204 Vineam
967 4147 1062 4201 Dei
1089 4157 1352 4216 praecepta
1393 4157 1446 4202 et
1470 4163 1569 4202 sua
1593 4149 1844 4202 mandata
1874 4148 2035 4215 dicit;
2061 4158 2200 4205 tem-

653 4258 754 4311 pus
771 4241 1116 4309 operationis,
1131 4247 1445 4310 praesentem
1467 4240 1653 4306 vitam;
1669 4239 1950 4310 operarios
1963 4241 2202 4296 diversos

657 4341 876 4387 vocatos
897 4331 961 4386 ad
986 4331 1230 4386 mandata
1259 4330 1526 4398 implenda
1549 4330 1692 4385 circa
1713 4330 1946 4394 tertiam,
1970 4339 2199 4389 sextam.

663 4437 858 4476 nonam
895 4431 949 4477 et
992 4423 1328 4478 undecimam
1361 4422 1572 4484 horam,
1605 4421 1852 4476 homines
1887 4421 1939 4476 in
1973 4421 2204 4478 diversis

657 4513 901 4569 aetatibus
928 4513 1244 4569 accedentes
1277 4522 1327 4564 et
1355 4511 1632 4580 przeminm
1668 4510 2024 4578 acquirentes.

736 4689 898 4745 Vsus.
935 4693 988 4744 ’5.
1037 4692 1188 4756 Quod
1242 4698 1500 4745 vocentur
1539 4687 1718 4751 tertia,
1759 4698 1928 4754 sexta,
1969 4699 2023 4744 et
2065 4703 2204 4744 nona

663 4785 816 4844 hora,
867 4795 970 4834 non
1019 4779 1422 4849 praeiudicantis
1471 4787 1555 4833 est
1607 4778 1824 4846 injuste.
1863 4779 1952 4833 sed
2006 4793 2206 4850 cognoo

664 4874 863 4928 scentis
915 4869 1057 4938 quod
1084 4870 1138 4923 hi
1174 4870 1400 4924 debeant
1452 4871 1552 4939 ipsi
1596 4871 1988 4938 obtemperare.
2021 4870 2112 4925 Sic
2152 4883 2205 4926 et

663 4965 862 5019 Paulus
891 4977 994 5016 non
1039 4961 1092 5014 in
1136 4959 1300 5012 initiis
1331 4959 1432 5013 iuit
1459 4971 1698 5019 vocatus,
1725 4960 1816 5014 sed
1863 4961 2078 5027 quando
2109 4962 2200 5015 de-

662 5055 779 5107 buit
812 5050 1048 5106 obedire.
1089 5046 1244 5111 Quod
1299 5054 1475 5100 autem
1533 5049 1761 5104 voluerit
1822 5047 1874 5100 in
1945 5048 2205 5118 principio

664 5143 986 5206 conducere,
1017 5139 1147 5194 dicit
1176 5137 1338 5192 etiam
1367 5138 1639 5204 parabola,
1665 5139 1790 5208 quia
1829 5136 1962 5192 exiit
1998 5138 2205 5192 condu-

663 5251 821 5300 cere;
853 5243 904 5289 et
937 5235 1078 5302 quod
1127 5231 1230 5286 iste
1266 5227 1494 5282 voluerit
1543 5216 1766 5287 conduci
1792 5271 1806 5296 ,
1861 5229 2013 5295 dicit,
2051 5238 2206 5284 nemo

667 5340 764 5378 nos
791 5322 1070 5378 conduxit.

735 5428 896 5482 Vens.
934 5427 1014 5480 l6.
1063 5426 1214 5491 Quod
1242 5423 1523 5480 couiestim
1574 5432 1694 5491 post
1730 5425 2038 5490 parabolsnt
2068 5423 2204 5478 dici-

2300 449 2496 503 οἷδατε
2521 455 2533 513 ι
2556 449 2803 513 διδόναι,
2844 450 2904 504 ού
2952 451 3166 504 πάντων
3220 447 3484 518 πονηρίαν
3531 451 3846 519 κατηγορεῖ,

2299 539 2432 593 ἀλλὰ
2462 542 2557 610 τὴν
2587 541 2642 594 έν
2669 541 2971 611 ἀνθρώποις
2995 539 3307 611 άγαθότητα
3335 540 3401 608 τῇ
3425 536 3522 590 τοῦ
3548 537 3683 592 Θεοῦ
3706 540 3844 606 ἀγα-

2301 623 2482 699 θότητι
2514 631 2890 700 παραϐάλλων.

2369 720 2465 773 Διὰ
2492 719 2544 772 τί
2568 719 2701 790 πρὸς
2731 720 2856 782 τοὺς
2905 717 3170 790 μαθητὰς,
3219 717 3541 781 ἀπελθόντος
3565 717 3657 771 τοῦ
3694 720 3846 790 ἔρω-

2298 809 2578 880 τήσαντος,
2614 812 2642 863 ό
2668 810 2899 882 Χριστὸς
2939 810 3087 878 λέγει
3131 809 3403 872 πλουσίοις
3449 810 3522 879 μὴ
3549 809 3688 870 οὖσι,
3728 806 3848 871 πῶς

2298 899 2569 964 δυσκόλως
2616 900 2866 964 πλούσιος
2913 899 3276 957 εἰσελεύσεται
3305 899 3384 962 εις
3431 899 3528 968 τὴν
3571 897 3849 967 βασιλείαν

2297 989 2391 1044 τοῦ
2447 991 2581 1045 Θεοῦ
2603 1008 2631 1058 ;γ
2690 991 2962 1046 Παιδεύων
3027 991 3223 1056 αὐτοὺς
3272 990 3345 1061 μὴ
3381 989 3741 1060 ,αἰσχύνεσθαι
3779 991 3846 1058 τῇ

2299 1080 2479 1152 πενίᾳ.

2379 1187 2528 1243 Ἐπεί
2561 1190 2787 1260 πένητες
2825 1186 2986 1262 ἦσαν,
3015 1191 3131 1255 πῶς
3160 1191 3427 1260 λέγουσιν,
3482 1191 3588 1257 Τίς,
3611 1192 3722 1260 ἄρα
3746 1190 3848 1243 δύ-

2297 1298 2467 1335 ναται
2504 1281 2810 1350 σωθῆναι;
2858 1283 3027 1355 ’Υπὲρ
3075 1284 3181 1337 τῶν
3209 1282 3382 1337 ἄλλων
3425 1281 3726 1353 ἀνθρώπων
3751 1283 3850 1334 άλ-

2297 1369 2518 1439 γοῦντες
2547 1365 2620 1435 ὧς
2643 1372 2782 1442 ὑπὲρ
2812 1372 3012 1427 αὐτῶν.

2364 1551 2459 1615 Τὸ,
2488 1552 2835 1618 Καθήσεσθε
2866 1552 2961 1606 ἐπὶ
3006 1552 3231 1607 δώδεκα
3268 1555 3514 1622 θρόνων,
3563 1555 3684 1607 ἀντὶ
3727 1554 3848 1619 τοῦ,

2299 1639 2789 1710 Συνδοξαοθήσεσθε
2820 1655 2834 1672 ⁶
2881 1643 2942 1695 τὸ
2981 1645 3038 1697 δὲ
3061 1685 3076 1708 ,
3145 1646 3493 1712 κρίνοντες,
3546 1646 3662 1698 ἀντὶ
3711 1645 3808 1698 τοῦ
3833 1685 3848 1710 ,

2298 1731 2710 1803 κατακρίνοντας
2735 1749 2750 1764 ο
2781 1734 2841 1786 οὐ
2864 1734 2970 1804 γὰρ
3001 1735 3065 1803 δὴ
3087 1726 3337 1788 δικασταὶ
3370 1735 3654 1804 μέλλουσιν
3679 1733 3848 1790 sivet-

2299 1822 2380 1884 είς
2411 1821 2518 1893 γάρ
2566 1822 2888 1894 κατάκρισιν
2917 1822 3023 1876 τῶν
3069 1823 3351 1893 ὁμοφύλων
3379 1826 3428 1875 oi
3459 1824 3850 1888 πιστεύσαντες

2297 1912 2526 1966 ἔσονται.

2367 2023 2458 2088 To,
2495 2024 2701 2088 Ὅστις
2754 2024 2988 2095 ἀφῆκεν
3027 2028 3298 2097 γυναῖκα,
3334 2030 3366 2100 ἢ
3401 2031 3517 2084 τόδε
3552 2033 3583 2104 ἢ
3618 2033 3754 2097 τόδε,
3789 2031 3851 2083 οὐ

2297 2114 2565 2182 διάζευξιν
2609 2116 2817 2184 εἰσάγει
2844 2117 2952 2171 τῶν
2985 2120 3282 2186 γυναικῶν,
3316 2121 3429 2173 ἀλλ’
3478 2122 3659 2190 ὅμοιόν
3703 2125 3854 2174 ἐστιν

2296 2201 2392 2273 τῷ,
2434 2203 2497 2256 '0
2523 2203 2824 2270 ἀπολέσας
2859 2205 2968 2272 τὴν
2999 2206 3210 2275 ψυχὴν
3233 2207 3441 2272 αὐτοῦ,
3470 2209 3712 2276 εὑρήσει
3742 2210 3854 2264 αὐο

2296 2291 2445 2359 τήν*
2487 2293 2572 2346 ῖνα
2606 2295 2958 2366 προτιμῶμεν
3003 2298 3061 2349 ἐν
3103 2301 3216 2361 τοῖς
3255 2298 3514 2368 διωγμοῖς
3559 2299 3656 2368 τὴν
3696 2299 3852 2351 εὐσέ-

2296 2381 2469 2445 ϐειαν,
2519 2384 2656 2453 ὑπὲρ
2695 2389 2927 2453 γυναῖκα
2955 2387 3050 2440 καὶ
3082 2387 3260 2450 οἰκίας
3293 2388 3387 2440 καὶ
3425 2387 3608 2456 φίλους
3634 2405 3647 2419 '
3673 2389 3854 2460 ἢόταν

2297 2473 2432 2544 γυνὴ
2457 2474 2678 2537 άπιστός
2705 2478 2852 2528 ἐστιν
2871 2476 2902 2544 ἢ
2923 2475 3080 2545 ἀνὴρ,
3107 2477 3225 2529 τότε
3249 2475 3317 2529 δι’
3339 2477 3620 2531 εὐσέϐειαν
3642 2479 3854 2544 διαζεύ-

2296 2576 2507 2628 γνυται,
2537 2562 2584 2612 εί
2613 2562 2686 2631 μὴ
2715 2561 2938 2616 δύναται
2965 2563 3252 2635 διορθῶσαι
3283 2566 3378 2617 καὶ
3425 2565 3594 2634 αὐτήν
3613 2581 3628 2596 ο
3669 2566 3855 2629 καθὼς

2298 2650 2391 2703 καὶ
2411 2650 2618 2715 Παῦλος
2646 2652 2830 2722 ἔλεγεν
2857 2669 2870 2684 ο
2899 2655 2946 2706 εἰ
2976 2653 3030 2706 δέ
3053 2655 3081 2705 δ
3106 2654 3330 2722 άπιστος
3355 2656 3664 2725 χωρίζεται,
3691 2673 3856 2726 χωριο

2298 2741 2490 2805 ζέσθω.

2367 2832 2459 2898 To,
2492 2833 2708 2888 Πολλοὶ
2743 2833 2980 2888 ἔσονται
3007 2837 3273 2904 ἔσχατοι,
3301 2836 3550 2906 πρῶτοι·
3577 2839 3675 2891 καί
3704 2837 3856 2906 πρῶο

2298 2941 2406 2993 τοι,
2439 2924 2705 2994 ἔσχατοι,
2755 2926 3038 2992 Ἰουδαίους
3071 2930 3164 2982 καὶ
3203 2929 3445 2993 ὲθνικοὺς
3473 2929 3641 2998 λέγει.

2889 3072 3140 3126 ΚΕΦΑΛ.
3171 3069 3255 3128 ις’.

2370 3216 2503 3285 Περὶ
2558 3215 2665 3268 τῶν
2710 3216 2955 3286 ἐργατῶν
3010 3217 3116 3287 χρὴ
3169 3219 3342 3280 νοεῖν,
3389 3216 3693 3286 ἀμπελῶνα
3752 3217 3858 3287 τὴν

2299 3304 2559 3373 ἐργασίαν
2601 3305 2698 3373 τῆς
2749 3305 2987 3374 ἀρετῆς*
3044 3306 3234 3374 χρόνον
3287 3309 3382 3375 τῆς
3425 3309 3706 3375 ἐργασίας,
3760 3308 3858 3358 τὸν

2299 3393 2540 3462 παρόντα
2573 3392 2686 3462 βίον
2711 3408 2724 3423 ·
2753 3394 2989 3460 ἐργάτας
3014 3392 3068 3444 δὲ
3094 3391 3404 3462 διαφόρους,
3428 3395 3554 3457 τοὺς
3585 3397 3641 3446 έν
3664 3396 3858 3462 διαφό-

2301 3497 2412 3552 ροις
2438 3481 2675 3551 ἡλικίαις
2697 3497 2711 3510 ·
2745 3482 2804 3534 τὸ
2833 3480 2888 3534 δέ
2917 3481 3156 3549 εἰσάγειν
3192 3481 3561 3550 γογγύζοντάς
3589 3500 3765 3547 τινας,
3790 3485 3857 3537 οὐ

2299 3572 2593 3643 νομίσομεν
2637 3571 2819 3640 ἁγίους
2866 3572 3078 3642 φθονεῖν
3105 3573 3344 3628 ἐκεῖθενο
3384 3573 3598 3642 καθαρὰ
3641 3576 3747 3645 γὰρ
3787 3577 3860 3628 τὰ

2300 3664 2506 3717 ἐκεῖθεν
2557 3664 2782 3732 φθόνου’
2832 3663 2966 3717 ἀλλὰ
3011 3664 3078 3718 τά
3131 3666 3228 3734 τῆς
3279 3664 3591 3734 παραϐολῆς
3637 3665 3696 3718 οὐ
3748 3665 3860 3737 χρὴ

2300 3757 2477 3809 πάντα
2515 3757 2723 3825 ζητεῖν·
2776 3755 3057 3824 παραϐολὴ
3108 3756 3214 3826 γάρ
3244 3758 3420 3810 ἐστιν’
3473 3757 3540 3808 τὰ
3562 3757 3616 3809 δὲ
3646 3759 3858 3809 συντεξ.

2299 3864 2455 3901 νοντα
2511 3849 2646 3916 πρδς
2697 3847 2898 3900 σκοπὸν
2953 3847 3112 3916 μόνον
3177 3846 3471 3916 δρέπεσθαι
3523 3847 3615 3900 τὸν
3660 3848 3861 3916 φθόνον

2301 3939 2394 3990 καὶ
2435 3939 2512 3999 είς
2569 3935 2873 4008 ὑπερϐολὴν
2921 3936 3013 3989 τοῦ
3068 3937 3518 4007 εὐεργετηθέντος
3588 3939 3795 4006 είσάγει
3831 3940 3860 3991 δ

2299 4028 2476 4094 λόγος.

2384 4134 2711 4203 Ἀμπελῶνα,
2737 4133 2807 4188 τὰ
2857 4134 3202 4203 έπιτάγματα
3248 4133 3343 4186 τοῦ
3382 4134 3516 4187 Θεοῦ
3568 4134 3717 4201 λέγει
3757 4152 3859 4190 και

2301 4223 2399 4287 τὰς
2447 4223 2663 4288 ἐντολάς
2709 4223 2909 4277 αὐτοῦ’
2954 4224 3143 4294 χρόνον
3183 4225 3238 4278 δὲ
3281 4225 3376 4290 τῆς
3428 4224 3708 4294 ἐργασίας,
3760 4224 3860 4276 τὸν

2306 4315 2544 4385 παρόντα
2581 4313 2722 4384 βίον*
2771 4313 3007 4385 ἐργάτας
3054 4314 3108 4366 δὲ
3158 4314 3445 4385 διαφόρους
3493 4313 3858 4382 καλουμένους

2305 4407 2397 4459 ἐπὶ
2425 4407 2493 4458 τὰ
2524 4405 2914 4475 προστάγματα
2939 4406 3062 4477 περὶ
3085 4407 3269 4477 τρίτην
3295 4409 3385 4458 καὶ
3405 4406 3568 4475 ἕκτην
3593 4406 3685 4458 καὶ
3704 4406 3859 4459 ὲννάο

2306 4515 2403 4569 την
2427 4497 2572 4567 ὥραν
2599 4499 2690 4549 καὶ
2723 4497 3033 4567 ἑνδεκάτην,
3066 4500 3190 4561 τοὺς
3219 4500 3275 4552 έν
3300 4498 3576 4569 διαφόροις
3615 4497 3860 4568 ἡλικίαις

2307 4589 2697 4658 προσελθόντας
2725 4590 3208 4660 εὐδοκιμήσαντας.
3440 4599 3445 4603 “

2361 4677 2432 4729 Τὸ
2462 4677 2880 4748 προσκαλεῖσθαι
2911 4681 3000 4729 τὸν
3041 4677 3139 4746 μὲν
3180 4675 3391 4744 τρίτην,
3428 4675 3520 4725 τὸν
3555 4673 3612 4726 δὲ
3665 4674 3862 4742 ἱκτην,

2304 4767 2393 4822 τδν
2423 4768 2480 4820 δὲ
2508 4769 2752 4836 ὲννάτην,
2775 4769 2836 4820 οὑ
2854 4766 3234 4839 προκρίνοντός
3261 4766 3407 4818 ἐστιν
3437 4764 3658 4827 ἀδίκως,
3694 4765 3838 4818 ἀλλὰ

2306 4857 2658 4924 γινώσκοντος
2698 4859 2784 4908 ὅτε
2813 4855 3032 4924 ἔμελλον
3066 4851 3370 4907 ὑπακοῦσαι
3429 4851 3576 4921 αὐτῷ
3603 4867 3618 4881 ·
3680 4849 3863 4913 οῦτως

2310 4950 2401 5002 καὶ
2450 4949 2479 5000 ό
2533 4945 2741 5008 Παῦλος
2793 4944 2893 4998 οὐκ
2939 4948 3002 4998 ix
3057 4943 3356 5014 προοιμίων
3403 4941 3686 5011 ἐκέκλητο,
3735 4941 3864 4994 ἀλλ’

2305 5043 2391 5095 ὅτε
2410 5037 2628 5107 ἔμελλεν
2648 5035 3027 5105 πεισθήσεσθαι
3046 5052 3059 5064 ·
3090 5036 3172 5088 ὅτι
3247 5034 3304 5088 δὲ
3338 5034 3541 5098 πάντας
3571 5032 3757 5104 ἢθελεν
3795 5031 3865 5097 ἐξ

2308 5133 2477 5202 ἀρχῆς
2523 5125 2911 5200 μισθώσασθαι,
2989 5124 3134 5192 λέγει
3197 5125 3290 5177 καὶ
3336 5124 3368 5195 ή
3437 5121 3738 5193 παραϐολὴ,
3773 5119 3865 5171 ὅτι

2319 5221 2606 5290 Ἐξῆλθεν
2645 5217 2748 5273 τοῦ
2764 5215 3201 5286 μισθώσασθαι.
3222 5216 3312 5269 καὶ
3336 5216 3418 5269 ὅτι
3439 5217 3639 5276 έκεῖνος
3665 5209 3866 5281 ἢθελεν

2311 5311 2644 5381 μισθωθῆναι
2704 5309 2849 5377 λέγει
2872 5324 2886 5338 ⁸
2929 5304 3134 5372 Οὐδεὶς
3152 5305 3308 5374 ἡμᾶς
3331 5304 3718 5376 ἐμισθώσατο.

2363 5420 2435 5473 Τὸ
2480 5419 2640 5480 εὐθὺς
2688 5415 2822 5484 μετὰ
2868 5414 2967 5485 τὴν
3041 5413 3352 5484 παραϐολὴν
3411 5413 3722 5481 λεγόμενον,
3770 5409 3865 5464 δτι

664 5528 774 5578 tur.
801 5517 880 5570 sic
898 5524 1056 5569 erunt
1075 5515 1352 5580 novissimi
1379 5513 1559 5584 primi,
1588 5527 1690 5566 non
1721 5512 1973 5567 admirari
1997 5521 2202 5584 oportet

2313 5511 2504 5575 Οὕτως
2521 5510 2760 5564 ἔσονται
2785 5509 2840 5561 οι
2855 5506 3098 5575 ἔσχατοι
3124 5505 3362 5575 πρῶτοι,
3383 5505 3442 5556 οὐ
3460 5505 3540 5557 δεῖ
3560 5499 3866 5567 θαυμάζειν

665 5618 918 5680 tanquam
943 5619 1050 5658 non
1089 5619 1151 5659 ex
1181 5604 1433 5674 parabola
1464 5617 1828 5672 consequens,
1880 5603 1969 5658 sed
2013 5603 2206 5659 intelli-

2311 5603 2382 5664 ὡς
2411 5601 2482 5670 μὴ
2511 5590 2866 5670 συναγόμΞύον
2886 5599 2948 5652 ὲκ
2969 5601 3062 5669 τῆς
3097 5587 3425 5666 παραϐολῆς,
3454 5591 3586 5645 ἀλλὰ
3617 5591 3696 5644 δεῖ
3717 5593 3865 5646 νοεῖν
