  <div class='ocr_page' id='page_1' title='image "/cluster/home/n/w/nwhite01/storage/ocr_20150623/106/pst.000005714162/608.png"; bbox 0 0 4138 6342; ppageno 0'>
   <div class='ocr_carea' id='block_1_1' title="bbox 244 346 370 410">
    <p class='ocr_par' dir='ltr' id='par_1_1' title="bbox 244 346 370 410">
     <span class='ocr_line' id='line_1_1' title="bbox 244 346 370 410; baseline 0.024 -3"><span class='ocrx_word' id='word_1_1' title='bbox 244 348 264 407; x_wconf 99' lang='lat'><strong>1</strong></span> <span class='ocrx_word' id='word_1_2' title='bbox 281 346 370 410; x_wconf 61' lang='lat'><strong>141</strong></span> 
     </span>
    </p>
   </div>
   <div class='ocr_carea' id='block_1_2' title="bbox 1210 356 2477 417">
    <p class='ocr_par' dir='ltr' id='par_1_2' title="bbox 1210 356 2477 417">
     <span class='ocr_line' id='line_1_2' title="bbox 1210 356 2477 417; baseline 0 -4"><span class='ocrx_word' id='word_1_3' title='bbox 1210 356 1523 414; x_wconf 71' lang='lat' dir='ltr'><strong>SCIIULIA</strong></span> <span class='ocrx_word' id='word_1_4' title='bbox 1564 360 1853 417; x_wconf 71' lang='lat' dir='ltr'><strong>VETERA</strong></span> <span class='ocrx_word' id='word_1_5' title='bbox 1902 360 1973 414; x_wconf 72' lang='lat' dir='ltr'><strong>1N</strong></span> <span class='ocrx_word' id='word_1_6' title='bbox 2020 356 2477 414; x_wconf 68' lang='grc' dir='ltr'><strong>ΜΑΊὛΙΙᾹΞΠΜ.</strong></span> 
     </span>
    </p>
   </div>
   <div class='ocr_carea' id='block_1_3' title="bbox 3302 354 3430 421">
    <p class='ocr_par' dir='ltr' id='par_1_3' title="bbox 3302 354 3430 421">
     <span class='ocr_line' id='line_1_3' title="bbox 3302 354 3430 421; baseline -0.023 0"><span class='ocrx_word' id='word_1_7' title='bbox 3302 354 3430 421; x_wconf 72' lang='grc'><strong>1142</strong></span> 
     </span>
    </p>
   </div>
   <div class='ocr_carea' id='block_1_4' title="bbox 239 458 1789 533">
    <p class='ocr_par' dir='ltr' id='par_1_4' title="bbox 239 458 1781 533">
     <span class='ocr_line' id='line_1_4' title="bbox 239 458 1781 533; baseline 0.005 -24"><span class='ocrx_word' id='word_1_8' title='bbox 239 461 315 510; x_wconf 84' lang='grc' dir='ltr'>ὅτι</span> <span class='ocrx_word' id='word_1_9' title='bbox 338 458 690 527; x_wconf 82' lang='grc' dir='ltr'>ὦσπερτοῦτο</span> <span class='ocrx_word' id='word_1_10' title='bbox 720 460 1151 530; x_wconf 76' lang='grc' dir='ltr'>συνέϐη,’“φησ“ιν,</span> <span class='ocrx_word' id='word_1_11' title='bbox 1177 464 1342 527; x_wconf 79' lang='grc' dir='ltr'>οὕτως</span> <span class='ocrx_word' id='word_1_12' title='bbox 1372 468 1591 518; x_wconf 70' lang='grc' dir='ltr'>κάκεῖνο</span> <span class='ocrx_word' id='word_1_13' title='bbox 1626 468 1781 533; x_wconf 85' lang='grc' dir='ltr'>γενή-</span> 
     </span>
    </p>
   </div>
   <div class='ocr_carea' id='block_1_5' title="bbox 1887 458 3434 533">
    <p class='ocr_par' dir='ltr' id='par_1_5' title="bbox 1887 462 3434 533">
     <span class='ocr_line' id='line_1_5' title="bbox 1887 462 3434 533; baseline 0.001 -18"><span class='ocrx_word' id='word_1_14' title='bbox 1887 479 2008 533; x_wconf 77' lang='lat' dir='ltr'><strong>gere</strong></span> <span class='ocrx_word' id='word_1_15' title='bbox 2060 463 2205 531; x_wconf 86' lang='lat' dir='ltr'><strong>quia,</strong></span> <span class='ocrx_word' id='word_1_16' title='bbox 2239 464 2377 515; x_wconf 89' lang='lat' dir='ltr'><strong>sicut</strong></span> <span class='ocrx_word' id='word_1_17' title='bbox 2412 462 2541 515; x_wconf 90' lang='lat' dir='ltr'><strong>illud</strong></span> <span class='ocrx_word' id='word_1_18' title='bbox 2574 463 2787 525; x_wconf 86' lang='lat' dir='ltr'><strong>accidit,</strong></span> <span class='ocrx_word' id='word_1_19' title='bbox 2839 466 2913 514; x_wconf 76' lang='lat' dir='ltr'><strong>sic</strong></span> <span class='ocrx_word' id='word_1_20' title='bbox 2967 474 3016 515; x_wconf 84' lang='lat' dir='ltr'><strong>ct</strong></span> <span class='ocrx_word' id='word_1_21' title='bbox 3066 466 3163 515; x_wconf 84' lang='lat' dir='ltr'><strong>hoc</strong></span> <span class='ocrx_word' id='word_1_22' title='bbox 3221 481 3434 532; x_wconf 81' lang='lat' dir='ltr'><strong>quoque</strong></span> 
     </span>
    </p>
   </div>
   <div class='ocr_carea' id='block_1_6' title="bbox 241 564 407 601">
    <p class='ocr_par' dir='ltr' id='par_1_6' title="bbox 241 564 407 601">
     <span class='ocr_line' id='line_1_6' title="bbox 241 564 407 601; baseline 0.018 -3"><span class='ocrx_word' id='word_1_23' title='bbox 241 564 407 601; x_wconf 83' lang='grc' dir='ltr'>σεται.</span> 
     </span>
    </p>
   </div>
   <div class='ocr_carea' id='block_1_7' title="bbox 304 637 1781 713">
    <p class='ocr_par' dir='ltr' id='par_1_7' title="bbox 304 637 1781 713">
     <span class='ocr_line' id='line_1_7' title="bbox 304 637 1781 713; baseline 0.004 -24"><span class='ocrx_word' id='word_1_24' title='bbox 304 637 419 706; x_wconf 77' lang='grc' dir='ltr'><strong>Χρὴ</strong></span> <span class='ocrx_word' id='word_1_25' title='bbox 451 637 646 691; x_wconf 74' lang='grc' dir='ltr'>εἰδέναι</span> <span class='ocrx_word' id='word_1_26' title='bbox 706 639 787 691; x_wconf 82' lang='grc' dir='ltr'>ὅτι</span> <span class='ocrx_word' id='word_1_27' title='bbox 813 640 867 692; x_wconf 76' lang='grc' dir='ltr'>αἱ</span> <span class='ocrx_word' id='word_1_28' title='bbox 916 642 1215 710; x_wconf 73' lang='grc' dir='ltr'>παραϐολαὶ</span> <span class='ocrx_word' id='word_1_29' title='bbox 1250 637 1407 696; x_wconf 76' lang='grc' dir='ltr'>αὗται</span> <span class='ocrx_word' id='word_1_30' title='bbox 1462 641 1571 697; x_wconf 76' lang='grc' dir='ltr'>οἷον</span> <span class='ocrx_word' id='word_1_31' title='bbox 1606 647 1639 713; x_wconf 88' lang='grc' dir='ltr'><strong>ή</strong></span> <span class='ocrx_word' id='word_1_32' title='bbox 1674 644 1781 696; x_wconf 83' lang='grc' dir='ltr'><strong>τῶν</strong></span> 
     </span>
    </p>
   </div>
   <div class='ocr_carea' id='block_1_8' title="bbox 240 725 1781 801">
    <p class='ocr_par' dir='ltr' id='par_1_8' title="bbox 240 725 1781 801">
     <span class='ocr_line' id='line_1_8' title="bbox 240 725 1781 801; baseline 0.008 -27"><span class='ocrx_word' id='word_1_33' title='bbox 240 725 539 791; x_wconf 76' lang='grc' dir='ltr'>παρθένων,</span> <span class='ocrx_word' id='word_1_34' title='bbox 566 728 599 795; x_wconf 91' lang='grc' dir='ltr'><strong>ή</strong></span> <span class='ocrx_word' id='word_1_35' title='bbox 629 727 724 795; x_wconf 84' lang='grc' dir='ltr'>τῆς</span> <span class='ocrx_word' id='word_1_36' title='bbox 750 730 1004 800; x_wconf 75' lang='grc' dir='ltr'><strong>σαγήνης,</strong></span> <span class='ocrx_word' id='word_1_37' title='bbox 1063 734 1095 800; x_wconf 92' lang='grc' dir='ltr'><strong>ή</strong></span> <span class='ocrx_word' id='word_1_38' title='bbox 1144 734 1250 785; x_wconf 80' lang='grc' dir='ltr'>τῶν</span> <span class='ocrx_word' id='word_1_39' title='bbox 1305 734 1575 797; x_wconf 78' lang='grc' dir='ltr'><strong>ἀκανθῶν,</strong></span> <span class='ocrx_word' id='word_1_40' title='bbox 1623 735 1655 801; x_wconf 91' lang='grc' dir='ltr'><strong>ή</strong></span> <span class='ocrx_word' id='word_1_41' title='bbox 1687 734 1781 786; x_wconf 83' lang='grc' dir='ltr'>τοῦ</span> 
     </span>
    </p>
   </div>
   <div class='ocr_carea' id='block_1_9' title="bbox 239 814 1784 895">
    <p class='ocr_par' dir='ltr' id='par_1_9' title="bbox 239 814 1784 895">
     <span class='ocr_line' id='line_1_9' title="bbox 239 814 1784 895; baseline 0.009 -32"><span class='ocrx_word' id='word_1_42' title='bbox 239 814 448 881; x_wconf 79' lang='grc' dir='ltr'><strong>δένδρου</strong></span> <span class='ocrx_word' id='word_1_43' title='bbox 495 814 587 867; x_wconf 82' lang='grc' dir='ltr'>τοῦ</span> <span class='ocrx_word' id='word_1_44' title='bbox 628 816 894 886; x_wconf 84' lang='grc' dir='ltr'><strong>ἀκάρπου,</strong></span> <span class='ocrx_word' id='word_1_45' title='bbox 927 821 1024 889; x_wconf 84' lang='grc' dir='ltr'>τὴν</span> <span class='ocrx_word' id='word_1_46' title='bbox 1054 823 1159 875; x_wconf 80' lang='grc' dir='ltr'><strong>ἀπὸ</strong></span> <span class='ocrx_word' id='word_1_47' title='bbox 1205 824 1311 876; x_wconf 81' lang='grc' dir='ltr'>τῶν</span> <span class='ocrx_word' id='word_1_48' title='bbox 1353 824 1529 893; x_wconf 80' lang='grc' dir='ltr'><strong>ἔργων</strong></span> <span class='ocrx_word' id='word_1_49' title='bbox 1583 825 1784 895; x_wconf 79' lang='grc' dir='ltr'>ἀρετὴν</span> 
     </span>
    </p>
   </div>
   <div class='ocr_carea' id='block_1_10' title="bbox 240 903 598 971">
    <p class='ocr_par' dir='ltr' id='par_1_10' title="bbox 240 903 598 971">
     <span class='ocr_line' id='line_1_10' title="bbox 240 903 598 971; baseline 0.011 -16"><span class='ocrx_word' id='word_1_50' title='bbox 240 903 598 971; x_wconf 75' lang='grc' dir='ltr'><strong>ἐπιζητοῦσιν.</strong></span> 
     </span>
    </p>
   </div>
   <div class='ocr_carea' id='block_1_11' title="bbox 308 1016 1784 1091">
    <p class='ocr_par' dir='ltr' id='par_1_11' title="bbox 308 1016 1784 1091">
     <span class='ocr_line' id='line_1_11' title="bbox 308 1016 1784 1091; baseline 0.007 -25"><span class='ocrx_word' id='word_1_51' title='bbox 308 1016 402 1068; x_wconf 82' lang='grc' dir='ltr'>Διὰ</span> <span class='ocrx_word' id='word_1_52' title='bbox 426 1016 478 1068; x_wconf 90' lang='grc' dir='ltr'><strong>τί</strong></span> <span class='ocrx_word' id='word_1_53' title='bbox 514 1018 652 1085; x_wconf 76' lang='grc' dir='ltr'>μετὰ</span> <span class='ocrx_word' id='word_1_54' title='bbox 680 1020 943 1089; x_wconf 78' lang='grc' dir='ltr'><strong>τοσαύτης</strong></span> <span class='ocrx_word' id='word_1_55' title='bbox 999 1024 1312 1091; x_wconf 79' lang='grc' dir='ltr'>περιουσίας</span> <span class='ocrx_word' id='word_1_56' title='bbox 1364 1026 1457 1076; x_wconf 87' lang='grc' dir='ltr'>νῦν</span> <span class='ocrx_word' id='word_1_57' title='bbox 1517 1026 1784 1078; x_wconf 74' lang='grc' dir='ltr'>ἐπιϐαίνει</span> 
     </span>
    </p>
   </div>
   <div class='ocr_carea' id='block_1_12' title="bbox 242 1104 1782 1185">
    <p class='ocr_par' dir='ltr' id='par_1_12' title="bbox 242 1104 1782 1185">
     <span class='ocr_line' id='line_1_12' title="bbox 242 1104 1782 1185; baseline 0.009 -31"><span class='ocrx_word' id='word_1_58' title='bbox 242 1106 347 1166; x_wconf 81' lang='grc' dir='ltr'>τοῖς</span> <span class='ocrx_word' id='word_1_59' title='bbox 384 1104 798 1176; x_wconf 84' lang='grc' dir='ltr'>Ἰεροσολύμοις;</span> <span class='ocrx_word' id='word_1_60' title='bbox 843 1110 992 1163; x_wconf 73' lang='grc' dir='ltr'>Ἐπεὶ</span> <span class='ocrx_word' id='word_1_61' title='bbox 1036 1112 1157 1163; x_wconf 85' lang='grc' dir='ltr'>τότε</span> <span class='ocrx_word' id='word_1_62' title='bbox 1221 1114 1316 1181; x_wconf 77' lang='grc' dir='ltr'>μὲν</span> <span class='ocrx_word' id='word_1_63' title='bbox 1395 1115 1656 1183; x_wconf 84' lang='grc' dir='ltr'>προοίμια</span> <span class='ocrx_word' id='word_1_64' title='bbox 1714 1110 1782 1185; x_wconf 77' lang='grc' dir='ltr'>ἦν</span> 
     </span>
    </p>
   </div>
   <div class='ocr_carea' id='block_1_13' title="bbox 243 1196 1784 1275">
    <p class='ocr_par' dir='ltr' id='par_1_13' title="bbox 243 1196 1784 1275">
     <span class='ocr_line' id='line_1_13' title="bbox 243 1196 1784 1275; baseline 0.009 -31"><span class='ocrx_word' id='word_1_65' title='bbox 243 1196 563 1264; x_wconf 86' lang='grc' dir='ltr'>οίκονομίας,</span> <span class='ocrx_word' id='word_1_66' title='bbox 588 1198 679 1249; x_wconf 80' lang='grc' dir='ltr'>νῦν</span> <span class='ocrx_word' id='word_1_67' title='bbox 726 1200 779 1251; x_wconf 89' lang='grc' dir='ltr'><strong>δέ</strong></span> <span class='ocrx_word' id='word_1_68' title='bbox 802 1200 888 1252; x_wconf 84' lang='grc' dir='ltr'>ὅτε</span> <span class='ocrx_word' id='word_1_69' title='bbox 917 1201 1013 1269; x_wconf 81' lang='grc' dir='ltr'>τῆς</span> <span class='ocrx_word' id='word_1_70' title='bbox 1040 1202 1203 1253; x_wconf 77' lang='grc' dir='ltr'>αὑτοῦ</span> <span class='ocrx_word' id='word_1_71' title='bbox 1249 1204 1531 1271; x_wconf 86' lang='grc' dir='ltr'>δυνάμεως</span> <span class='ocrx_word' id='word_1_72' title='bbox 1591 1208 1784 1275; x_wconf 77' lang='grc' dir='ltr'>πεῖραν</span> 
     </span>
    </p>
   </div>
   <div class='ocr_carea' id='block_1_14' title="bbox 241 1284 1786 1361">
    <p class='ocr_par' dir='ltr' id='par_1_14' title="bbox 241 1284 1786 1361">
     <span class='ocr_line' id='line_1_14' title="bbox 241 1284 1786 1361; baseline 0.008 -26"><span class='ocrx_word' id='word_1_73' title='bbox 241 1284 424 1347; x_wconf 74' lang='grc' dir='ltr'>ἔδωκε,</span> <span class='ocrx_word' id='word_1_74' title='bbox 452 1288 585 1354; x_wconf 82' lang='grc' dir='ltr'>μετά</span> <span class='ocrx_word' id='word_1_75' title='bbox 614 1289 851 1351; x_wconf 84' lang='grc' dir='ltr'>πλείονος</span> <span class='ocrx_word' id='word_1_76' title='bbox 874 1292 1227 1359; x_wconf 78' lang='grc' dir='ltr'><strong>περιφανείας</strong></span> <span class='ocrx_word' id='word_1_77' title='bbox 1257 1292 1469 1361; x_wconf 78' lang='grc' dir='ltr'>ἔρχεται</span> <span class='ocrx_word' id='word_1_78' title='bbox 1492 1309 1504 1322; x_wconf 89' lang='grc'><strong>·</strong></span> <span class='ocrx_word' id='word_1_79' title='bbox 1540 1296 1663 1347; x_wconf 80' lang='grc' dir='ltr'>ἐπεὶ</span> <span class='ocrx_word' id='word_1_80' title='bbox 1694 1298 1786 1348; x_wconf 74' lang='grc' dir='ltr'>καὶ</span> 
     </span>
    </p>
   </div>
   <div class='ocr_carea' id='block_1_15' title="bbox 238 1376 1787 1450">
    <p class='ocr_par' dir='ltr' id='par_1_15' title="bbox 238 1376 1787 1450">
     <span class='ocr_line' id='line_1_15' title="bbox 238 1376 1787 1450; baseline 0.009 -24"><span class='ocrx_word' id='word_1_81' title='bbox 238 1379 268 1426; x_wconf 84' lang='grc' dir='ltr'>ὁ</span> <span class='ocrx_word' id='word_1_82' title='bbox 297 1379 519 1446; x_wconf 83' lang='grc' dir='ltr'><strong>σταυρὸς</strong></span> <span class='ocrx_word' id='word_1_83' title='bbox 546 1381 601 1430; x_wconf 80' lang='grc' dir='ltr'><strong>ἐν</strong></span> <span class='ocrx_word' id='word_1_84' title='bbox 632 1379 818 1447; x_wconf 83' lang='grc' dir='ltr'>θύραις</span> <span class='ocrx_word' id='word_1_85' title='bbox 851 1376 937 1450; x_wconf 79' lang='grc' dir='ltr'>ἦν,</span> <span class='ocrx_word' id='word_1_86' title='bbox 970 1382 1038 1433; x_wconf 79' lang='grc' dir='ltr'><strong>τὰ</strong></span> <span class='ocrx_word' id='word_1_87' title='bbox 1064 1381 1324 1449; x_wconf 82' lang='grc' dir='ltr'>μέλλοντα</span> <span class='ocrx_word' id='word_1_88' title='bbox 1372 1385 1553 1449; x_wconf 78' lang='grc' dir='ltr'>αὐτοῖς</span> <span class='ocrx_word' id='word_1_89' title='bbox 1605 1387 1787 1440; x_wconf 80' lang='grc' dir='ltr'>ἐκδαί-</span> 
     </span>
    </p>
   </div>
   <div class='ocr_carea' id='block_1_16' title="bbox 239 1468 853 1536">
    <p class='ocr_par' dir='ltr' id='par_1_16' title="bbox 239 1468 853 1536">
     <span class='ocr_line' id='line_1_16' title="bbox 239 1468 853 1536; baseline 0.011 -21"><span class='ocrx_word' id='word_1_90' title='bbox 239 1482 347 1516; x_wconf 87' lang='grc' dir='ltr'>νειν</span> <span class='ocrx_word' id='word_1_91' title='bbox 396 1468 853 1536; x_wconf 86' lang='grc' dir='ltr'>ἐπιδεικνύμενος.</span> 
     </span>
    </p>
   </div>
   <div class='ocr_carea' id='block_1_17' title="bbox 297 1554 1787 1630">
    <p class='ocr_par' dir='ltr' id='par_1_17' title="bbox 297 1554 1787 1630">
     <span class='ocr_line' id='line_1_17' title="bbox 297 1554 1787 1630; baseline 0.007 -26"><span class='ocrx_word' id='word_1_92' title='bbox 297 1554 392 1605; x_wconf 78' lang='grc' dir='ltr'><strong>Διὰ</strong></span> <span class='ocrx_word' id='word_1_93' title='bbox 415 1554 465 1604; x_wconf 90' lang='grc' dir='ltr'><strong>τί</strong></span> <span class='ocrx_word' id='word_1_94' title='bbox 480 1556 528 1607; x_wconf 81' lang='lat' dir='ltr'><strong>oi</strong></span> <span class='ocrx_word' id='word_1_95' title='bbox 547 1558 650 1609; x_wconf 80' lang='lat' dir='ltr'><strong>uiol.</strong></span> <span class='ocrx_word' id='word_1_96' title='bbox 681 1557 960 1609; x_wconf 78' lang='grc' dir='ltr'>Ζεϐεδαίου</span> <span class='ocrx_word' id='word_1_97' title='bbox 984 1559 1281 1629; x_wconf 81' lang='grc' dir='ltr'>προσῆλθον</span> <span class='ocrx_word' id='word_1_98' title='bbox 1308 1560 1456 1630; x_wconf 83' lang='grc' dir='ltr'><strong>αὐτῷ</strong></span> <span class='ocrx_word' id='word_1_99' title='bbox 1504 1562 1631 1630; x_wconf 78' lang='grc' dir='ltr'>περὶ</span> <span class='ocrx_word' id='word_1_100' title='bbox 1660 1579 1787 1630; x_wconf 86' lang='grc' dir='ltr'>προ-</span> 
     </span>
    </p>
   </div>
   <div class='ocr_carea' id='block_1_18' title="bbox 238 1641 1787 1720">
    <p class='ocr_par' dir='ltr' id='par_1_18' title="bbox 238 1641 1787 1720">
     <span class='ocr_line' id='line_1_18' title="bbox 238 1641 1787 1720; baseline 0.007 -28"><span class='ocrx_word' id='word_1_101' title='bbox 238 1641 418 1710; x_wconf 87' lang='grc' dir='ltr'>εδρίας</span> <span class='ocrx_word' id='word_1_102' title='bbox 454 1644 852 1712; x_wconf 77' lang='grc' dir='ltr'>διαλεγόμενοις</span> <span class='ocrx_word' id='word_1_103' title='bbox 888 1647 1125 1718; x_wconf 82' lang='grc' dir='ltr'>Ἐπειδὴ,</span> <span class='ocrx_word' id='word_1_104' title='bbox 1150 1650 1329 1711; x_wconf 84' lang='grc' dir='ltr'>καθώς</span> <span class='ocrx_word' id='word_1_105' title='bbox 1383 1668 1549 1719; x_wconf 79' lang='grc' dir='ltr'>φησιν</span> <span class='ocrx_word' id='word_1_106' title='bbox 1599 1652 1787 1720; x_wconf 71' lang='grc' dir='ltr'>ἔτερος</span> 
     </span>
    </p>
   </div>
   <div class='ocr_carea' id='block_1_19' title="bbox 238 1732 1780 1812">
    <p class='ocr_par' dir='ltr' id='par_1_19' title="bbox 238 1732 1780 1812">
     <span class='ocr_line' id='line_1_19' title="bbox 238 1732 1780 1812; baseline 0.006 -29"><span class='ocrx_word' id='word_1_107' title='bbox 238 1732 639 1804; x_wconf 79' lang='grc' dir='ltr'>εὐαγγελιστὴς,</span> <span class='ocrx_word' id='word_1_108' title='bbox 672 1737 761 1788; x_wconf 77' lang='grc' dir='ltr'>διὰ</span> <span class='ocrx_word' id='word_1_109' title='bbox 788 1739 847 1789; x_wconf 84' lang='grc' dir='ltr'>τὸ</span> <span class='ocrx_word' id='word_1_110' title='bbox 876 1739 1040 1805; x_wconf 81' lang='grc' dir='ltr'>ἐγγὺς</span> <span class='ocrx_word' id='word_1_111' title='bbox 1094 1735 1231 1793; x_wconf 78' lang='grc' dir='ltr'>εἶναι</span> <span class='ocrx_word' id='word_1_112' title='bbox 1274 1742 1371 1810; x_wconf 83' lang='grc' dir='ltr'>τὴν</span> <span class='ocrx_word' id='word_1_113' title='bbox 1413 1742 1780 1812; x_wconf 74' lang='grc' dir='ltr'>Ἰερουσαλὴμ,</span> 
     </span>
    </p>
   </div>
   <div class='ocr_carea' id='block_1_20' title="bbox 234 1824 1785 1896">
    <p class='ocr_par' dir='ltr' id='par_1_20' title="bbox 234 1824 1785 1896">
     <span class='ocr_line' id='line_1_20' title="bbox 234 1824 1785 1896; baseline 0.006 -21"><span class='ocrx_word' id='word_1_114' title='bbox 234 1824 381 1875; x_wconf 84' lang='grc' dir='ltr'>δοκεῖ</span> <span class='ocrx_word' id='word_1_115' title='bbox 404 1827 483 1877; x_wconf 80' lang='grc' dir='ltr'>ὅτι</span> <span class='ocrx_word' id='word_1_116' title='bbox 514 1825 606 1879; x_wconf 73' lang='grc' dir='ltr'><strong>κιῆ⁵</strong></span> <span class='ocrx_word' id='word_1_117' title='bbox 637 1829 668 1895; x_wconf 86' lang='grc' dir='ltr'><strong>ή</strong></span> <span class='ocrx_word' id='word_1_118' title='bbox 702 1827 942 1895; x_wconf 87' lang='grc' dir='ltr'>βασιλεία</span> <span class='ocrx_word' id='word_1_119' title='bbox 972 1830 1134 1881; x_wconf 79' lang='grc' dir='ltr'>αὐτοῦ</span> <span class='ocrx_word' id='word_1_120' title='bbox 1160 1831 1323 1896; x_wconf 81' lang='grc' dir='ltr'>ἐγγύς</span> <span class='ocrx_word' id='word_1_121' title='bbox 1360 1832 1506 1882; x_wconf 81' lang='grc' dir='ltr'>ἐστιν</span> <span class='ocrx_word' id='word_1_122' title='bbox 1526 1848 1539 1861; x_wconf 91' lang='grc'><strong>·</strong></span> <span class='ocrx_word' id='word_1_123' title='bbox 1594 1834 1640 1884; x_wconf 87' lang='grc' dir='ltr'><strong>εί</strong></span> <span class='ocrx_word' id='word_1_124' title='bbox 1670 1834 1724 1885; x_wconf 79' lang='grc' dir='ltr'>δὲ</span> <span class='ocrx_word' id='word_1_125' title='bbox 1756 1835 1785 1884; x_wconf 81' lang='grc' dir='ltr'>ὁ</span> 
     </span>
    </p>
   </div>
   <div class='ocr_carea' id='block_1_21' title="bbox 235 1910 1783 1988">
    <p class='ocr_par' dir='ltr' id='par_1_21' title="bbox 235 1910 1783 1988">
     <span class='ocr_line' id='line_1_21' title="bbox 235 1910 1783 1988; baseline 0.008 -26"><span class='ocrx_word' id='word_1_126' title='bbox 235 1912 618 1982; x_wconf 79' lang='grc' dir='ltr'>εύαγγελιστὴς</span> <span class='ocrx_word' id='word_1_127' title='bbox 644 1910 793 1976; x_wconf 71' lang='grc' dir='ltr'>οὗτος</span> <span class='ocrx_word' id='word_1_128' title='bbox 816 1917 943 1984; x_wconf 84' lang='grc' dir='ltr'>περὶ</span> <span class='ocrx_word' id='word_1_129' title='bbox 974 1917 1071 1985; x_wconf 84' lang='grc' dir='ltr'>τῆς</span> <span class='ocrx_word' id='word_1_130' title='bbox 1103 1920 1305 1988; x_wconf 69' lang='grc' dir='ltr'>μητρὸς</span> <span class='ocrx_word' id='word_1_131' title='bbox 1331 1919 1507 1971; x_wconf 83' lang='grc' dir='ltr'>αὐτῶν</span> <span class='ocrx_word' id='word_1_132' title='bbox 1528 1922 1674 1988; x_wconf 85' lang='grc' dir='ltr'>λέγει</span> <span class='ocrx_word' id='word_1_133' title='bbox 1703 1923 1783 1974; x_wconf 85' lang='grc' dir='ltr'>ὅτι</span> 
     </span>
    </p>
   </div>
   <div class='ocr_carea' id='block_1_22' title="bbox 236 2001 1786 2076">
    <p class='ocr_par' dir='ltr' id='par_1_22' title="bbox 236 2001 1786 2076">
     <span class='ocr_line' id='line_1_22' title="bbox 236 2001 1786 2076; baseline 0.006 -25"><span class='ocrx_word' id='word_1_134' title='bbox 236 2001 369 2068; x_wconf 75' lang='grc' dir='ltr'>αὑτὴ</span> <span class='ocrx_word' id='word_1_135' title='bbox 396 2003 650 2069; x_wconf 75' lang='grc' dir='ltr'>ᾐτήσατο,</span> <span class='ocrx_word' id='word_1_136' title='bbox 692 2002 768 2065; x_wconf 86' lang='grc' dir='ltr'>ὡς</span> <span class='ocrx_word' id='word_1_137' title='bbox 815 2002 875 2065; x_wconf 78' lang='grc' dir='ltr'>ἐξ</span> <span class='ocrx_word' id='word_1_138' title='bbox 927 2004 1250 2074; x_wconf 80' lang='grc' dir='ltr'><strong>ἀμφοτέρων</strong></span> <span class='ocrx_word' id='word_1_139' title='bbox 1291 2008 1577 2076; x_wconf 84' lang='grc' dir='ltr'>γενόμενον</span> <span class='ocrx_word' id='word_1_140' title='bbox 1633 2009 1786 2062; x_wconf 78' lang='grc' dir='ltr'>τοῦτο</span> 
     </span>
    </p>
   </div>
   <div class='ocr_carea' id='block_1_23' title="bbox 235 2086 1784 2171">
    <p class='ocr_par' dir='ltr' id='par_1_23' title="bbox 235 2086 1784 2171">
     <span class='ocr_line' id='line_1_23' title="bbox 235 2086 1784 2171; baseline 0.008 -31"><span class='ocrx_word' id='word_1_141' title='bbox 235 2086 407 2152; x_wconf 76' lang='grc' dir='ltr'>εἶπεν,</span> <span class='ocrx_word' id='word_1_142' title='bbox 443 2091 526 2144; x_wconf 80' lang='grc' dir='ltr'><strong>ἴνα</strong></span> <span class='ocrx_word' id='word_1_143' title='bbox 552 2093 710 2145; x_wconf 75' lang='grc' dir='ltr'>πλέον</span> <span class='ocrx_word' id='word_1_144' title='bbox 762 2093 1089 2164; x_wconf 72' lang='grc' dir='ltr'>δυσωπηθῇο</span> <span class='ocrx_word' id='word_1_145' title='bbox 1142 2097 1433 2167; x_wconf 75' lang='grc' dir='ltr'>ᾐσχύνοντο</span> <span class='ocrx_word' id='word_1_146' title='bbox 1482 2100 1588 2170; x_wconf 73' lang='grc' dir='ltr'><strong>γὰρ</strong></span> <span class='ocrx_word' id='word_1_147' title='bbox 1638 2101 1784 2171; x_wconf 69' lang='grc' dir='ltr'>μόνοι</span> 
     </span>
    </p>
   </div>
   <div class='ocr_carea' id='block_1_24' title="bbox 238 2178 610 2249">
    <p class='ocr_par' dir='ltr' id='par_1_24' title="bbox 238 2178 610 2249">
     <span class='ocr_line' id='line_1_24' title="bbox 238 2178 610 2249; baseline 0.016 -19"><span class='ocrx_word' id='word_1_148' title='bbox 238 2178 393 2231; x_wconf 79' lang='grc' dir='ltr'>τοῦτο</span> <span class='ocrx_word' id='word_1_149' title='bbox 413 2182 610 2249; x_wconf 84' lang='grc' dir='ltr'>λέγειν.</span> 
     </span>
    </p>
   </div>
   <div class='ocr_carea' id='block_1_25' title="bbox 297 2276 1787 2361">
    <p class='ocr_par' dir='ltr' id='par_1_25' title="bbox 297 2276 1787 2361">
     <span class='ocr_line' id='line_1_25' title="bbox 297 2276 1787 2361; baseline 0.008 -22"><span class='ocrx_word' id='word_1_150' title='bbox 297 2288 369 2340; x_wconf 83' lang='grc' dir='ltr'>Τὸ</span> <span class='ocrx_word' id='word_1_151' title='bbox 400 2276 570 2341; x_wconf 82' lang='grc' dir='ltr'>είπείν</span> <span class='ocrx_word' id='word_1_152' title='bbox 601 2292 780 2355; x_wconf 80' lang='grc' dir='ltr'>αὑτὸν,</span> <span class='ocrx_word' id='word_1_153' title='bbox 832 2297 952 2351; x_wconf 79' lang='grc' dir='ltr'><strong>Οὐκ</strong></span> <span class='ocrx_word' id='word_1_154' title='bbox 994 2298 1191 2351; x_wconf 77' lang='grc' dir='ltr'>οἴδατε</span> <span class='ocrx_word' id='word_1_155' title='bbox 1218 2300 1272 2352; x_wconf 86' lang='grc' dir='ltr'><strong>τί</strong></span> <span class='ocrx_word' id='word_1_156' title='bbox 1330 2299 1605 2361; x_wconf 80' lang='grc' dir='ltr'>αἰτεῖσθε,</span> <span class='ocrx_word' id='word_1_157' title='bbox 1668 2299 1787 2351; x_wconf 73' lang='grc' dir='ltr'>ἀντὶ</span> 
     </span>
    </p>
   </div>
   <div class='ocr_carea' id='block_1_26' title="bbox 236 2378 1787 2458">
    <p class='ocr_par' dir='ltr' id='par_1_26' title="bbox 236 2378 1787 2458">
     <span class='ocr_line' id='line_1_26' title="bbox 236 2378 1787 2458; baseline 0.009 -30"><span class='ocrx_word' id='word_1_158' title='bbox 236 2378 350 2444; x_wconf 84' lang='grc' dir='ltr'>τοῦ,</span> <span class='ocrx_word' id='word_1_159' title='bbox 382 2378 532 2431; x_wconf 74' lang='grc' dir='ltr'>οὐδὲν</span> <span class='ocrx_word' id='word_1_160' title='bbox 572 2386 952 2452; x_wconf 68' lang='grc' dir='ltr'>πνευματικὸν,</span> <span class='ocrx_word' id='word_1_161' title='bbox 994 2388 1174 2455; x_wconf 80' lang='grc' dir='ltr'>φησίν.</span> <span class='ocrx_word' id='word_1_162' title='bbox 1208 2388 1270 2441; x_wconf 81' lang='lat' dir='ltr'><strong>Ei</strong></span> <span class='ocrx_word' id='word_1_163' title='bbox 1315 2389 1371 2441; x_wconf 87' lang='grc' dir='ltr'><strong>δέ</strong></span> <span class='ocrx_word' id='word_1_164' title='bbox 1414 2388 1657 2458; x_wconf 74' lang='grc' dir='ltr'>καὶπερὶ</span> <span class='ocrx_word' id='word_1_165' title='bbox 1690 2389 1787 2458; x_wconf 85' lang='grc' dir='ltr'>τῆς</span> 
     </span>
    </p>
   </div>
   <div class='ocr_carea' id='block_1_27' title="bbox 237 2469 1788 2548">
    <p class='ocr_par' dir='ltr' id='par_1_27' title="bbox 237 2469 1788 2548">
     <span class='ocr_line' id='line_1_27' title="bbox 237 2469 1788 2548; baseline 0.006 -27"><span class='ocrx_word' id='word_1_166' title='bbox 237 2469 349 2522; x_wconf 76' lang='grc' dir='ltr'><strong>ἄνω</strong></span> <span class='ocrx_word' id='word_1_167' title='bbox 379 2469 534 2539; x_wconf 78' lang='grc' dir='ltr'>δόξης</span> <span class='ocrx_word' id='word_1_168' title='bbox 570 2471 753 2541; x_wconf 70' lang='grc' dir='ltr'>ᾔτουν,</span> <span class='ocrx_word' id='word_1_169' title='bbox 788 2475 905 2528; x_wconf 85' lang='grc' dir='ltr'><strong>ούδέ</strong></span> <span class='ocrx_word' id='word_1_170' title='bbox 934 2477 1101 2540; x_wconf 81' lang='grc' dir='ltr'>οὕτως</span> <span class='ocrx_word' id='word_1_171' title='bbox 1138 2477 1316 2540; x_wconf 85' lang='grc' dir='ltr'>καλῶς</span> <span class='ocrx_word' id='word_1_172' title='bbox 1363 2479 1543 2548; x_wconf 76' lang='grc' dir='ltr'>ᾔτουν.</span> <span class='ocrx_word' id='word_1_173' title='bbox 1594 2478 1703 2548; x_wconf 79' lang='grc' dir='ltr'>Τήν</span> <span class='ocrx_word' id='word_1_174' title='bbox 1732 2479 1788 2531; x_wconf 86' lang='grc' dir='ltr'><strong>δέ</strong></span> 
     </span>
    </p>
   </div>
   <div class='ocr_carea' id='block_1_28' title="bbox 236 2562 1789 2638">
    <p class='ocr_par' dir='ltr' id='par_1_28' title="bbox 236 2562 1789 2638">
     <span class='ocr_line' id='line_1_28' title="bbox 236 2562 1789 2638; baseline 0.009 -29"><span class='ocrx_word' id='word_1_175' title='bbox 236 2562 523 2632; x_wconf 79' lang='grc' dir='ltr'>προεδρίαν</span> <span class='ocrx_word' id='word_1_176' title='bbox 548 2567 768 2635; x_wconf 77' lang='grc' dir='ltr'>ἐζήτουν</span> <span class='ocrx_word' id='word_1_177' title='bbox 794 2567 898 2618; x_wconf 88' lang='grc' dir='ltr'>τῶν</span> <span class='ocrx_word' id='word_1_178' title='bbox 918 2569 1109 2633; x_wconf 75' lang='grc' dir='ltr'>ἄλλων,</span> <span class='ocrx_word' id='word_1_179' title='bbox 1133 2570 1316 2638; x_wconf 83' lang='grc' dir='ltr'>ἐπειδὴ</span> <span class='ocrx_word' id='word_1_180' title='bbox 1341 2567 1512 2633; x_wconf 71' lang='grc' dir='ltr'>εἶπεν,</span> <span class='ocrx_word' id='word_1_181' title='bbox 1537 2572 1615 2624; x_wconf 77' lang='grc' dir='ltr'>ὅτι</span> <span class='ocrx_word' id='word_1_182' title='bbox 1643 2574 1789 2624; x_wconf 83' lang='grc' dir='ltr'>Καθ-</span> 
     </span>
    </p>
   </div>
   <div class='ocr_carea' id='block_1_29' title="bbox 237 2650 1787 2727">
    <p class='ocr_par' dir='ltr' id='par_1_29' title="bbox 237 2650 1787 2727">
     <span class='ocr_line' id='line_1_29' title="bbox 237 2650 1787 2727; baseline 0.007 -26"><span class='ocrx_word' id='word_1_183' title='bbox 237 2650 421 2703; x_wconf 75' lang='grc' dir='ltr'>ιεῖσθσ</span> <span class='ocrx_word' id='word_1_184' title='bbox 468 2651 567 2704; x_wconf 72' lang='grc' dir='ltr'><strong>ἐπι</strong></span> <span class='ocrx_word' id='word_1_185' title='bbox 593 2652 816 2707; x_wconf 82' lang='grc' dir='ltr'>δώδεκα</span> <span class='ocrx_word' id='word_1_186' title='bbox 844 2656 1113 2721; x_wconf 85' lang='grc' dir='ltr'>θρόνους,</span> <span class='ocrx_word' id='word_1_187' title='bbox 1143 2658 1216 2726; x_wconf 83' lang='grc' dir='ltr'>μὴ</span> <span class='ocrx_word' id='word_1_188' title='bbox 1243 2658 1559 2727; x_wconf 84' lang='grc' dir='ltr'>νομίσαντες</span> <span class='ocrx_word' id='word_1_189' title='bbox 1579 2659 1659 2722; x_wconf 81' lang='grc' dir='ltr'>τὸ,</span> <span class='ocrx_word' id='word_1_190' title='bbox 1695 2663 1787 2712; x_wconf 89' lang='grc' dir='ltr'><strong>Δο-</strong></span> 
     </span>
    </p>
   </div>
   <div class='ocr_carea' id='block_1_30' title="bbox 237 2740 1784 2828">
    <p class='ocr_par' dir='ltr' id='par_1_30' title="bbox 237 2740 1784 2828">
     <span class='ocr_line' id='line_1_30' title="bbox 237 2740 1784 2828; baseline 0.004 -34"><span class='ocrx_word' id='word_1_191' title='bbox 237 2740 590 2811; x_wconf 76' lang='grc' dir='ltr'>ξασθήσεσθε,</span> <span class='ocrx_word' id='word_1_192' title='bbox 616 2744 682 2797; x_wconf 78' lang='grc' dir='ltr'>δι’</span> <span class='ocrx_word' id='word_1_193' title='bbox 709 2744 929 2815; x_wconf 78' lang='grc' dir='ltr'>ἀρετὴν,</span> <span class='ocrx_word' id='word_1_194' title='bbox 957 2746 1091 2798; x_wconf 81' lang='grc' dir='ltr'>ἀλλὰ</span> <span class='ocrx_word' id='word_1_195' title='bbox 1116 2748 1197 2811; x_wconf 79' lang='grc' dir='ltr'><strong>τὸ,</strong></span> <span class='ocrx_word' id='word_1_196' title='bbox 1230 2747 1465 2799; x_wconf 82' lang='grc' dir='ltr'>Καθίσαι</span> <span class='ocrx_word' id='word_1_197' title='bbox 1486 2764 1509 2828; x_wconf 15' lang='grc' dir='ltr'><em>ἰ</em></span> <span class='ocrx_word' id='word_1_198' title='bbox 1532 2749 1627 2800; x_wconf 70' lang='grc' dir='ltr'>καὶ</span> <span class='ocrx_word' id='word_1_199' title='bbox 1664 2748 1784 2816; x_wconf 89' lang='grc' dir='ltr'>κρί-</span> 
     </span>
    </p>
   </div>
   <div class='ocr_carea' id='block_1_31' title="bbox 236 2833 1783 2905">
    <p class='ocr_par' dir='ltr' id='par_1_31' title="bbox 236 2833 1783 2905">
     <span class='ocr_line' id='line_1_31' title="bbox 236 2833 1783 2905; baseline 0.005 -23"><span class='ocrx_word' id='word_1_200' title='bbox 236 2847 437 2895; x_wconf 80' lang='grc' dir='ltr'>νοντες,</span> <span class='ocrx_word' id='word_1_201' title='bbox 463 2833 537 2903; x_wconf 78' lang='grc' dir='ltr'><strong>μή</strong></span> <span class='ocrx_word' id='word_1_202' title='bbox 563 2835 847 2904; x_wconf 78' lang='grc' dir='ltr'>νοήσαντες</span> <span class='ocrx_word' id='word_1_203' title='bbox 892 2837 969 2900; x_wconf 79' lang='grc' dir='ltr'><strong>τὺ,</strong></span> <span class='ocrx_word' id='word_1_204' title='bbox 1029 2836 1479 2905; x_wconf 77' lang='grc' dir='ltr'>Κατακρίνοντες,</span> <span class='ocrx_word' id='word_1_205' title='bbox 1516 2838 1650 2891; x_wconf 75' lang='grc' dir='ltr'>ἀλλὰ</span> <span class='ocrx_word' id='word_1_206' title='bbox 1704 2838 1783 2901; x_wconf 84' lang='grc' dir='ltr'><strong>τὸ,</strong></span> 
     </span>
    </p>
   </div>
   <div class='ocr_carea' id='block_1_32' title="bbox 237 2921 575 2986">
    <p class='ocr_par' dir='ltr' id='par_1_32' title="bbox 237 2921 575 2986">
     <span class='ocr_line' id='line_1_32' title="bbox 237 2921 575 2986; baseline 0.021 -14"><span class='ocrx_word' id='word_1_207' title='bbox 237 2921 575 2986; x_wconf 76' lang='grc' dir='ltr'>Δικὰζοντες.</span> 
     </span>
    </p>
   </div>
   <div class='ocr_carea' id='block_1_33' title="bbox 1883 557 1990 609">
    <p class='ocr_par' dir='ltr' id='par_1_33' title="bbox 1883 557 1990 609">
     <span class='ocr_line' id='line_1_33' title="bbox 1883 557 1990 609; baseline -0.009 0"><span class='ocrx_word' id='word_1_208' title='bbox 1883 557 1990 609; x_wconf 78' lang='lat' dir='ltr'><strong>ﬁet.</strong></span> 
     </span>
    </p>
   </div>
   <div class='ocr_carea' id='block_1_34' title="bbox 1951 645 3433 716">
    <p class='ocr_par' dir='ltr' id='par_1_34' title="bbox 1951 645 3433 716">
     <span class='ocr_line' id='line_1_34' title="bbox 1951 645 3433 716; baseline -0.003 -13"><span class='ocrx_word' id='word_1_209' title='bbox 1951 646 2173 716; x_wconf 88' lang='lat' dir='ltr'><strong>Oportet</strong></span> <span class='ocrx_word' id='word_1_210' title='bbox 2205 648 2346 702; x_wconf 87' lang='lat' dir='ltr'><strong>scire</strong></span> <span class='ocrx_word' id='word_1_211' title='bbox 2396 647 2492 701; x_wconf 84' lang='lat' dir='ltr'><strong>has</strong></span> <span class='ocrx_word' id='word_1_212' title='bbox 2542 647 2844 715; x_wconf 72' lang='lat' dir='ltr'><strong>parabolas,</strong></span> <span class='ocrx_word' id='word_1_213' title='bbox 2886 649 3075 714; x_wconf 86' lang='lat' dir='ltr'><strong>quales</strong></span> <span class='ocrx_word' id='word_1_214' title='bbox 3111 657 3235 700; x_wconf 76' lang='lat' dir='ltr'><strong>sunt</strong></span> <span class='ocrx_word' id='word_1_215' title='bbox 3276 645 3433 713; x_wconf 69' lang='lat' dir='ltr'><strong>virgi-</strong></span> 
     </span>
    </p>
   </div>
   <div class='ocr_carea' id='block_1_35' title="bbox 1883 736 3437 805">
    <p class='ocr_par' dir='ltr' id='par_1_35' title="bbox 1883 736 3437 805">
     <span class='ocr_line' id='line_1_35' title="bbox 1883 736 3437 805; baseline -0.002 -17"><span class='ocrx_word' id='word_1_216' title='bbox 1883 752 2033 797; x_wconf 87' lang='lat' dir='ltr'><strong>num.</strong></span> <span class='ocrx_word' id='word_1_217' title='bbox 2066 752 2297 805; x_wconf 66' lang='lat' dir='ltr'><strong>sagenaa,</strong></span> <span class='ocrx_word' id='word_1_218' title='bbox 2350 736 2648 804; x_wconf 87' lang='lat' dir='ltr'><strong>spinarum,</strong></span> <span class='ocrx_word' id='word_1_219' title='bbox 2685 744 2777 789; x_wconf 90' lang='lat' dir='ltr'><strong>aut</strong></span> <span class='ocrx_word' id='word_1_220' title='bbox 2810 736 3019 789; x_wconf 88' lang='lat' dir='ltr'><strong>arboris</strong></span> <span class='ocrx_word' id='word_1_221' title='bbox 3058 738 3257 789; x_wconf 88' lang='lat' dir='ltr'><strong>sterilis</strong></span> <span class='ocrx_word' id='word_1_222' title='bbox 3283 774 3296 795; x_wconf 89' lang='lat'><strong>,</strong></span> <span class='ocrx_word' id='word_1_223' title='bbox 3331 736 3437 786; x_wconf 79' lang='lat' dir='ltr'><strong>vi-r-</strong></span> 
     </span>
    </p>
   </div>
   <div class='ocr_carea' id='block_1_36' title="bbox 1882 825 2695 894">
    <p class='ocr_par' dir='ltr' id='par_1_36' title="bbox 1882 825 2695 894">
     <span class='ocr_line' id='line_1_36' title="bbox 1882 825 2695 894; baseline 0.001 -16"><span class='ocrx_word' id='word_1_224' title='bbox 1882 834 2048 879; x_wconf 90' lang='lat' dir='ltr'><strong>tutem</strong></span> <span class='ocrx_word' id='word_1_225' title='bbox 2081 827 2150 879; x_wconf 89' lang='lat' dir='ltr'><strong>ab</strong></span> <span class='ocrx_word' id='word_1_226' title='bbox 2176 826 2432 894; x_wconf 88' lang='lat' dir='ltr'><strong>operibus</strong></span> <span class='ocrx_word' id='word_1_227' title='bbox 2463 825 2695 893; x_wconf 80' lang='lat' dir='ltr'><strong>exigere.</strong></span> 
     </span>
    </p>
   </div>
   <div class='ocr_carea' id='block_1_37' title="bbox 1956 1022 3437 1079">
    <p class='ocr_par' dir='ltr' id='par_1_37' title="bbox 1956 1022 3437 1079">
     <span class='ocr_line' id='line_1_37' title="bbox 1956 1022 3437 1079; baseline -0.002 -3"><span class='ocrx_word' id='word_1_228' title='bbox 1956 1022 2118 1077; x_wconf 74' lang='lat' dir='ltr'><strong>Vens.</strong></span> <span class='ocrx_word' id='word_1_229' title='bbox 2157 1024 2240 1077; x_wconf 79' lang='lat'><strong>17.</strong></span> <span class='ocrx_word' id='word_1_230' title='bbox 2268 1024 2377 1078; x_wconf 86' lang='lat' dir='ltr'><strong>Cur</strong></span> <span class='ocrx_word' id='word_1_231' title='bbox 2407 1041 2524 1079; x_wconf 92' lang='lat' dir='ltr'><strong>cum</strong></span> <span class='ocrx_word' id='word_1_232' title='bbox 2562 1034 2711 1077; x_wconf 90' lang='lat' dir='ltr'><strong>tanto</strong></span> <span class='ocrx_word' id='word_1_233' title='bbox 2740 1027 2996 1079; x_wconf 79' lang='lat' dir='ltr'><strong>comitatu</strong></span> <span class='ocrx_word' id='word_1_234' title='bbox 3028 1038 3169 1076; x_wconf 83' lang='lat' dir='ltr'><strong>nunc</strong></span> <span class='ocrx_word' id='word_1_235' title='bbox 3194 1025 3437 1075; x_wconf 78' lang='lat' dir='ltr'><strong>aSccndit</strong></span> 
     </span>
    </p>
   </div>
   <div class='ocr_carea' id='block_1_38' title="bbox 1886 1114 3431 1185">
    <p class='ocr_par' dir='ltr' id='par_1_38' title="bbox 1886 1114 3431 1185">
     <span class='ocr_line' id='line_1_38' title="bbox 1886 1114 3431 1185; baseline -0.003 -18"><span class='ocrx_word' id='word_1_236' title='bbox 1886 1114 2349 1184; x_wconf 82' lang='lat' dir='ltr'><strong>Hierosolymam?</strong></span> <span class='ocrx_word' id='word_1_237' title='bbox 2398 1115 2532 1168; x_wconf 89' lang='lat' dir='ltr'><strong>Cum</strong></span> <span class='ocrx_word' id='word_1_238' title='bbox 2602 1126 2729 1169; x_wconf 90' lang='lat' dir='ltr'><strong>tunc</strong></span> <span class='ocrx_word' id='word_1_239' title='bbox 2789 1116 3006 1185; x_wconf 82' lang='lat' dir='ltr'><strong>quidem</strong></span> <span class='ocrx_word' id='word_1_240' title='bbox 3070 1118 3218 1168; x_wconf 86' lang='lat' dir='ltr'><strong>initia</strong></span> <span class='ocrx_word' id='word_1_241' title='bbox 3277 1124 3431 1166; x_wconf 83' lang='lat' dir='ltr'><strong>erant.</strong></span> 
     </span>
    </p>
   </div>
   <div class='ocr_carea' id='block_1_39' title="bbox 1886 1204 3433 1274">
    <p class='ocr_par' dir='ltr' id='par_1_39' title="bbox 1886 1204 3433 1274">
     <span class='ocr_line' id='line_1_39' title="bbox 1886 1204 3433 1274; baseline 0 -18"><span class='ocrx_word' id='word_1_242' title='bbox 1886 1206 2314 1274; x_wconf 72' lang='lat' dir='ltr'><strong>prmdicationis,</strong></span> <span class='ocrx_word' id='word_1_243' title='bbox 2362 1222 2502 1259; x_wconf 90' lang='lat' dir='ltr'><strong>nunc</strong></span> <span class='ocrx_word' id='word_1_244' title='bbox 2552 1216 2766 1267; x_wconf 86' lang='lat' dir='ltr'><strong>autem,</strong></span> <span class='ocrx_word' id='word_1_245' title='bbox 2826 1222 2947 1257; x_wconf 91' lang='lat' dir='ltr'><strong>cum</strong></span> <span class='ocrx_word' id='word_1_246' title='bbox 2993 1221 3104 1257; x_wconf 84' lang='lat' dir='ltr'><strong>su:e</strong></span> <span class='ocrx_word' id='word_1_247' title='bbox 3157 1204 3433 1271; x_wconf 79' lang='lat' dir='ltr'><strong>potestatis</strong></span> 
     </span>
    </p>
   </div>
   <div class='ocr_carea' id='block_1_40' title="bbox 1888 1295 3432 1363">
    <p class='ocr_par' dir='ltr' id='par_1_40' title="bbox 1888 1295 3432 1363">
     <span class='ocr_line' id='line_1_40' title="bbox 1888 1295 3432 1363; baseline -0.003 -17"><span class='ocrx_word' id='word_1_248' title='bbox 1888 1295 2235 1363; x_wconf 85' lang='lat' dir='ltr'><strong>probationes</strong></span> <span class='ocrx_word' id='word_1_249' title='bbox 2276 1295 2439 1358; x_wconf 90' lang='lat' dir='ltr'><strong>dedit,</strong></span> <span class='ocrx_word' id='word_1_250' title='bbox 2498 1311 2619 1348; x_wconf 89' lang='lat' dir='ltr'><strong>cum</strong></span> <span class='ocrx_word' id='word_1_251' title='bbox 2679 1297 2880 1362; x_wconf 85' lang='lat' dir='ltr'><strong>majore</strong></span> <span class='ocrx_word' id='word_1_252' title='bbox 2932 1295 3212 1360; x_wconf 87' lang='lat' dir='ltr'><strong>splendore</strong></span> <span class='ocrx_word' id='word_1_253' title='bbox 3267 1298 3432 1345; x_wconf 76' lang='lat' dir='ltr'><strong>venit.</strong></span> 
     </span>
    </p>
   </div>
   <div class='ocr_carea' id='block_1_41' title="bbox 1889 1384 3431 1453">
    <p class='ocr_par' dir='ltr' id='par_1_41' title="bbox 1889 1384 3431 1453">
     <span class='ocr_line' id='line_1_41' title="bbox 1889 1384 3431 1453; baseline -0.004 -16"><span class='ocrx_word' id='word_1_254' title='bbox 1889 1384 2020 1438; x_wconf 76' lang='lat' dir='ltr'><strong>Nam</strong></span> <span class='ocrx_word' id='word_1_255' title='bbox 2050 1393 2102 1437; x_wconf 92' lang='lat' dir='ltr'><strong>el</strong></span> <span class='ocrx_word' id='word_1_256' title='bbox 2133 1398 2263 1436; x_wconf 79' lang='lat' dir='ltr'><strong>crux</strong></span> <span class='ocrx_word' id='word_1_257' title='bbox 2306 1384 2548 1451; x_wconf 81' lang='lat' dir='ltr'><strong>proxima</strong></span> <span class='ocrx_word' id='word_1_258' title='bbox 2579 1393 2713 1445; x_wconf 86' lang='lat' dir='ltr'><strong>erat,</strong></span> <span class='ocrx_word' id='word_1_259' title='bbox 2750 1399 2866 1453; x_wconf 78' lang='lat' dir='ltr'><strong>qua:</strong></span> <span class='ocrx_word' id='word_1_260' title='bbox 2901 1385 3003 1436; x_wconf 82' lang='lat' dir='ltr'><strong>illis</strong></span> <span class='ocrx_word' id='word_1_261' title='bbox 3030 1386 3241 1436; x_wconf 87' lang='lat' dir='ltr'><strong>evenire</strong></span> <span class='ocrx_word' id='word_1_262' title='bbox 3274 1384 3431 1434; x_wconf 81' lang='lat' dir='ltr'><strong>dcbc-</strong></span> 
     </span>
    </p>
   </div>
   <div class='ocr_carea' id='block_1_42' title="bbox 1889 1473 2356 1526">
    <p class='ocr_par' dir='ltr' id='par_1_42' title="bbox 1889 1473 2356 1526">
     <span class='ocr_line' id='line_1_42' title="bbox 1889 1473 2356 1526; baseline -0.006 0"><span class='ocrx_word' id='word_1_263' title='bbox 1889 1473 2017 1526; x_wconf 92' lang='lat' dir='ltr'><strong>bant</strong></span> <span class='ocrx_word' id='word_1_264' title='bbox 2047 1473 2356 1525; x_wconf 88' lang='lat' dir='ltr'><strong>ostendens.</strong></span> 
     </span>
    </p>
   </div>
   <div class='ocr_carea' id='block_1_43' title="bbox 1958 1560 3437 1617">
    <p class='ocr_par' dir='ltr' id='par_1_43' title="bbox 1958 1560 3437 1617">
     <span class='ocr_line' id='line_1_43' title="bbox 1958 1560 3437 1617; baseline -0.001 -5"><span class='ocrx_word' id='word_1_265' title='bbox 1958 1560 2114 1614; x_wconf 79' lang='lat' dir='ltr'><strong>Vms.</strong></span> <span class='ocrx_word' id='word_1_266' title='bbox 2143 1561 2230 1613; x_wconf 69' lang='lat'><strong>20.</strong></span> <span class='ocrx_word' id='word_1_267' title='bbox 2267 1562 2377 1614; x_wconf 75' lang='lat' dir='ltr'><strong>Cur</strong></span> <span class='ocrx_word' id='word_1_268' title='bbox 2409 1562 2501 1615; x_wconf 84' lang='lat' dir='ltr'><strong>lilii</strong></span> <span class='ocrx_word' id='word_1_269' title='bbox 2530 1563 2773 1617; x_wconf 60' lang='lat' dir='ltr'><strong>Zebedei</strong></span> <span class='ocrx_word' id='word_1_270' title='bbox 2810 1563 2872 1617; x_wconf 90' lang='lat' dir='ltr'><strong>ad</strong></span> <span class='ocrx_word' id='word_1_271' title='bbox 2899 1563 3047 1616; x_wconf 92' lang='lat' dir='ltr'><strong>illum</strong></span> <span class='ocrx_word' id='word_1_272' title='bbox 3086 1570 3437 1614; x_wconf 82' lang='lat' dir='ltr'><strong>accesserunt</strong></span> 
     </span>
    </p>
   </div>
   <div class='ocr_carea' id='block_1_44' title="bbox 1889 1650 3434 1722">
    <p class='ocr_par' dir='ltr' id='par_1_44' title="bbox 1889 1650 3434 1722">
     <span class='ocr_line' id='line_1_44' title="bbox 1889 1650 3434 1722; baseline -0.005 -15"><span class='ocrx_word' id='word_1_273' title='bbox 1889 1655 1954 1707; x_wconf 91' lang='lat' dir='ltr'><strong>de</strong></span> <span class='ocrx_word' id='word_1_274' title='bbox 1984 1655 2385 1722; x_wconf 72' lang='lat' dir='ltr'><strong>prieeminentia</strong></span> <span class='ocrx_word' id='word_1_275' title='bbox 2414 1656 2747 1722; x_wconf 85' lang='lat' dir='ltr'><strong>alloquentes</strong></span> <span class='ocrx_word' id='word_1_276' title='bbox 2778 1654 2799 1705; x_wconf 84' lang='lat'><strong>?</strong></span> <span class='ocrx_word' id='word_1_277' title='bbox 2836 1653 2995 1717; x_wconf 78' lang='lat' dir='ltr'><strong>Quia,</strong></span> <span class='ocrx_word' id='word_1_278' title='bbox 3029 1662 3085 1704; x_wconf 87' lang='lat' dir='ltr'><strong>ut</strong></span> <span class='ocrx_word' id='word_1_279' title='bbox 3133 1650 3264 1703; x_wconf 90' lang='lat' dir='ltr'><strong>dicit</strong></span> <span class='ocrx_word' id='word_1_280' title='bbox 3297 1651 3434 1701; x_wconf 78' lang='lat' dir='ltr'><strong>alius</strong></span> 
     </span>
    </p>
   </div>
   <div class='ocr_carea' id='block_1_45' title="bbox 1890 1740 3434 1813">
    <p class='ocr_par' dir='ltr' id='par_1_45' title="bbox 1890 1740 3434 1813">
     <span class='ocr_line' id='line_1_45' title="bbox 1890 1740 3434 1813; baseline -0.006 -17"><span class='ocrx_word' id='word_1_281' title='bbox 1890 1744 2243 1811; x_wconf 78' lang='lat' dir='ltr'><strong>evangelista,</strong></span> <span class='ocrx_word' id='word_1_282' title='bbox 2284 1745 2753 1813; x_wconf 84' lang='lat' dir='ltr'><strong>apprOpinquahat</strong></span> <span class='ocrx_word' id='word_1_283' title='bbox 2778 1741 3188 1809; x_wconf 83' lang='lat' dir='ltr'><strong>Hierosolymis,</strong></span> <span class='ocrx_word' id='word_1_284' title='bbox 3225 1740 3434 1790; x_wconf 82' lang='lat' dir='ltr'><strong>videtur</strong></span> 
     </span>
    </p>
   </div>
   <div class='ocr_carea' id='block_1_46' title="bbox 1889 1825 3438 1902">
    <p class='ocr_par' dir='ltr' id='par_1_46' title="bbox 1889 1825 3438 1902">
     <span class='ocr_line' id='line_1_46' title="bbox 1889 1825 3438 1902; baseline -0.005 -19"><span class='ocrx_word' id='word_1_285' title='bbox 1889 1834 2013 1901; x_wconf 90' lang='lat' dir='ltr'><strong>quia</strong></span> <span class='ocrx_word' id='word_1_286' title='bbox 2037 1849 2257 1902; x_wconf 79' lang='lat' dir='ltr'><strong>regnum</strong></span> <span class='ocrx_word' id='word_1_287' title='bbox 2285 1833 2403 1902; x_wconf 91' lang='lat' dir='ltr'><strong>ejus</strong></span> <span class='ocrx_word' id='word_1_288' title='bbox 2460 1847 2624 1901; x_wconf 89' lang='lat' dir='ltr'><strong>prope</strong></span> <span class='ocrx_word' id='word_1_289' title='bbox 2663 1840 2743 1885; x_wconf 90' lang='lat' dir='ltr'><strong>est</strong></span> <span class='ocrx_word' id='word_1_290' title='bbox 2782 1848 2791 1881; x_wconf 94' lang='lat'><strong>:</strong></span> <span class='ocrx_word' id='word_1_291' title='bbox 2845 1832 2887 1885; x_wconf 83' lang='lat' dir='ltr'><strong>si</strong></span> <span class='ocrx_word' id='word_1_292' title='bbox 2947 1844 3072 1882; x_wconf 78' lang='lat' dir='ltr'><strong>vero</strong></span> <span class='ocrx_word' id='word_1_293' title='bbox 3116 1825 3438 1895; x_wconf 78' lang='lat' dir='ltr'><strong>evangelista</strong></span> 
     </span>
    </p>
   </div>
   <div class='ocr_carea' id='block_1_47' title="bbox 1886 1915 3439 1987">
    <p class='ocr_par' dir='ltr' id='par_1_47' title="bbox 1886 1915 3439 1987">
     <span class='ocr_line' id='line_1_47' title="bbox 1886 1915 3439 1987; baseline -0.008 -12"><span class='ocrx_word' id='word_1_294' title='bbox 1886 1923 1985 1976; x_wconf 88' lang='lat' dir='ltr'><strong>iste</strong></span> <span class='ocrx_word' id='word_1_295' title='bbox 2008 1924 2073 1975; x_wconf 91' lang='lat' dir='ltr'><strong>de</strong></span> <span class='ocrx_word' id='word_1_296' title='bbox 2111 1933 2278 1975; x_wconf 86' lang='lat' dir='ltr'><strong>matre</strong></span> <span class='ocrx_word' id='word_1_297' title='bbox 2312 1938 2499 1976; x_wconf 90' lang='lat' dir='ltr'><strong>eorum</strong></span> <span class='ocrx_word' id='word_1_298' title='bbox 2526 1922 2656 1974; x_wconf 91' lang='lat' dir='ltr'><strong>dicit</strong></span> <span class='ocrx_word' id='word_1_299' title='bbox 2695 1919 2837 1987; x_wconf 87' lang='lat' dir='ltr'><strong>quod</strong></span> <span class='ocrx_word' id='word_1_300' title='bbox 2876 1920 2989 1987; x_wconf 64' lang='lat' dir='ltr'><strong>ipsa</strong></span> <span class='ocrx_word' id='word_1_301' title='bbox 3020 1917 3251 1986; x_wconf 74' lang='lat' dir='ltr'><strong>petierit,</strong></span> <span class='ocrx_word' id='word_1_302' title='bbox 3284 1915 3439 1982; x_wconf 72' lang='lat' dir='ltr'><strong>quasi</strong></span> 
     </span>
    </p>
   </div>
   <div class='ocr_carea' id='block_1_48' title="bbox 1884 2004 3441 2081">
    <p class='ocr_par' dir='ltr' id='par_1_48' title="bbox 1884 2004 3441 2081">
     <span class='ocr_line' id='line_1_48' title="bbox 1884 2004 3441 2081; baseline -0.006 -17"><span class='ocrx_word' id='word_1_303' title='bbox 1884 2026 1947 2064; x_wconf 82' lang='lat' dir='ltr'><strong>ex</strong></span> <span class='ocrx_word' id='word_1_304' title='bbox 1981 2014 2231 2081; x_wconf 89' lang='lat' dir='ltr'><strong>utrinque</strong></span> <span class='ocrx_word' id='word_1_305' title='bbox 2280 2012 2471 2065; x_wconf 75' lang='lat' dir='ltr'><strong>factam</strong></span> <span class='ocrx_word' id='word_1_306' title='bbox 2496 2028 2616 2065; x_wconf 87' lang='lat' dir='ltr'><strong>esse</strong></span> <span class='ocrx_word' id='word_1_307' title='bbox 2634 2011 2943 2079; x_wconf 86' lang='lat' dir='ltr'><strong>petitionem</strong></span> <span class='ocrx_word' id='word_1_308' title='bbox 2974 2006 3167 2068; x_wconf 89' lang='lat' dir='ltr'><strong>innuit,</strong></span> <span class='ocrx_word' id='word_1_309' title='bbox 3191 2016 3246 2058; x_wconf 91' lang='lat' dir='ltr'><strong>ut</strong></span> <span class='ocrx_word' id='word_1_310' title='bbox 3272 2004 3441 2071; x_wconf 68' lang='lat' dir='ltr'><strong>magis</strong></span> 
     </span>
    </p>
   </div>
   <div class='ocr_carea' id='block_1_49' title="bbox 1888 2094 3435 2168">
    <p class='ocr_par' dir='ltr' id='par_1_49' title="bbox 1888 2094 3435 2168">
     <span class='ocr_line' id='line_1_49' title="bbox 1888 2094 3435 2168; baseline -0.005 -17"><span class='ocrx_word' id='word_1_311' title='bbox 1888 2101 2059 2168; x_wconf 84' lang='lat' dir='ltr'><strong>turpis</strong></span> <span class='ocrx_word' id='word_1_312' title='bbox 2115 2100 2404 2165; x_wconf 70' lang='lat' dir='ltr'><strong>videatur;</strong></span> <span class='ocrx_word' id='word_1_313' title='bbox 2470 2102 2700 2167; x_wconf 86' lang='lat' dir='ltr'><strong>pudebat</strong></span> <span class='ocrx_word' id='word_1_314' title='bbox 2754 2099 2898 2151; x_wconf 90' lang='lat' dir='ltr'><strong>enim</strong></span> <span class='ocrx_word' id='word_1_315' title='bbox 2964 2097 3085 2149; x_wconf 90' lang='lat' dir='ltr'><strong>illos</strong></span> <span class='ocrx_word' id='word_1_316' title='bbox 3112 2094 3256 2148; x_wconf 87' lang='lat' dir='ltr'><strong>solos</strong></span> <span class='ocrx_word' id='word_1_317' title='bbox 3310 2094 3435 2146; x_wconf 89' lang='lat' dir='ltr'><strong>talia</strong></span> 
     </span>
    </p>
   </div>
   <div class='ocr_carea' id='block_1_50' title="bbox 1886 2192 2089 2246">
    <p class='ocr_par' dir='ltr' id='par_1_50' title="bbox 1886 2192 2089 2246">
     <span class='ocr_line' id='line_1_50' title="bbox 1886 2192 2089 2246; baseline -0.005 0"><span class='ocrx_word' id='word_1_318' title='bbox 1886 2192 2089 2246; x_wconf 84' lang='lat' dir='ltr'><strong>dicere.</strong></span> 
     </span>
    </p>
   </div>
   <div class='ocr_carea' id='block_1_51' title="bbox 1962 2296 3440 2365">
    <p class='ocr_par' dir='ltr' id='par_1_51' title="bbox 1962 2296 3440 2365">
     <span class='ocr_line' id='line_1_51' title="bbox 1962 2296 3440 2365; baseline -0.007 -11"><span class='ocrx_word' id='word_1_319' title='bbox 1962 2300 2121 2355; x_wconf 69' lang='lat' dir='ltr'><strong>Vens.</strong></span> <span class='ocrx_word' id='word_1_320' title='bbox 2147 2301 2236 2353; x_wconf 67' lang='grc' dir='ltr'><strong>Ξῖ.</strong></span> <span class='ocrx_word' id='word_1_321' title='bbox 2269 2300 2391 2355; x_wconf 66' lang='grc' dir='ltr'><strong>11ωο</strong></span> <span class='ocrx_word' id='word_1_322' title='bbox 2424 2301 2605 2363; x_wconf 79' lang='lat' dir='ltr'><strong>verba,</strong></span> <span class='ocrx_word' id='word_1_323' title='bbox 2667 2298 2889 2353; x_wconf 75' lang='lat' dir='ltr'><strong>Nescitis</strong></span> <span class='ocrx_word' id='word_1_324' title='bbox 2921 2297 3043 2365; x_wconf 83' lang='lat' dir='ltr'><strong>quid</strong></span> <span class='ocrx_word' id='word_1_325' title='bbox 3075 2296 3287 2363; x_wconf 77' lang='lat' dir='ltr'><strong>petatis,</strong></span> <span class='ocrx_word' id='word_1_326' title='bbox 3323 2308 3440 2360; x_wconf 79' lang='lat' dir='ltr'><strong>pro,</strong></span> 
     </span>
    </p>
   </div>
   <div class='ocr_carea' id='block_1_52' title="bbox 1890 2386 3435 2459">
    <p class='ocr_par' dir='ltr' id='par_1_52' title="bbox 1890 2386 3435 2459">
     <span class='ocr_line' id='line_1_52' title="bbox 1890 2386 3435 2459; baseline -0.004 -16"><span class='ocrx_word' id='word_1_327' title='bbox 1890 2390 2025 2444; x_wconf 83' lang='lat' dir='ltr'><strong>nihil</strong></span> <span class='ocrx_word' id='word_1_328' title='bbox 2056 2391 2338 2459; x_wconf 82' lang='lat' dir='ltr'><strong>spirituale</strong></span> <span class='ocrx_word' id='word_1_329' title='bbox 2362 2391 2561 2459; x_wconf 88' lang='lat' dir='ltr'><strong>petitis,</strong></span> <span class='ocrx_word' id='word_1_330' title='bbox 2609 2391 2849 2443; x_wconf 83' lang='lat' dir='ltr'><strong>adhibet.</strong></span> <span class='ocrx_word' id='word_1_331' title='bbox 2890 2388 2947 2440; x_wconf 86' lang='lat' dir='ltr'><strong>Si</strong></span> <span class='ocrx_word' id='word_1_332' title='bbox 3000 2402 3126 2440; x_wconf 85' lang='lat' dir='ltr'><strong>vero</strong></span> <span class='ocrx_word' id='word_1_333' title='bbox 3150 2387 3214 2440; x_wconf 89' lang='lat' dir='ltr'><strong>de</strong></span> <span class='ocrx_word' id='word_1_334' title='bbox 3266 2386 3435 2454; x_wconf 80' lang='lat' dir='ltr'><strong>gloria</strong></span> 
     </span>
    </p>
   </div>
   <div class='ocr_carea' id='block_1_53' title="bbox 1889 2477 3438 2549">
    <p class='ocr_par' dir='ltr' id='par_1_53' title="bbox 1889 2477 3438 2549">
     <span class='ocr_line' id='line_1_53' title="bbox 1889 2477 3438 2549; baseline -0.005 -16"><span class='ocrx_word' id='word_1_335' title='bbox 1889 2480 2098 2534; x_wconf 68' lang='lat' dir='ltr'><strong>caelesti</strong></span> <span class='ocrx_word' id='word_1_336' title='bbox 2146 2480 2483 2549; x_wconf 84' lang='lat' dir='ltr'><strong>petivissent,</strong></span> <span class='ocrx_word' id='word_1_337' title='bbox 2549 2496 2651 2533; x_wconf 92' lang='lat' dir='ltr'><strong>non</strong></span> <span class='ocrx_word' id='word_1_338' title='bbox 2706 2479 2927 2548; x_wconf 88' lang='lat' dir='ltr'><strong>pulchre</strong></span> <span class='ocrx_word' id='word_1_339' title='bbox 2972 2479 3041 2530; x_wconf 87' lang='lat' dir='ltr'><strong>ita</strong></span> <span class='ocrx_word' id='word_1_340' title='bbox 3105 2477 3438 2545; x_wconf 80' lang='lat' dir='ltr'><strong>petivissent;</strong></span> 
     </span>
    </p>
   </div>
   <div class='ocr_carea' id='block_1_54' title="bbox 1889 2562 3445 2636">
    <p class='ocr_par' dir='ltr' id='par_1_54' title="bbox 1889 2562 3445 2636">
     <span class='ocr_line' id='line_1_54' title="bbox 1889 2562 3445 2636; baseline -0.004 -15"><span class='ocrx_word' id='word_1_341' title='bbox 1889 2566 2345 2636; x_wconf 60' lang='lat' dir='ltr'><strong>prmeminentiam</strong></span> <span class='ocrx_word' id='word_1_342' title='bbox 2388 2578 2565 2619; x_wconf 89' lang='lat' dir='ltr'><strong>autem</strong></span> <span class='ocrx_word' id='word_1_343' title='bbox 2629 2567 2947 2634; x_wconf 76' lang='lat' dir='ltr'><strong>expetebant</strong></span> <span class='ocrx_word' id='word_1_344' title='bbox 2987 2579 3093 2632; x_wconf 69' lang='lat' dir='ltr'><strong>pra:</strong></span> <span class='ocrx_word' id='word_1_345' title='bbox 3129 2562 3269 2626; x_wconf 86' lang='lat' dir='ltr'><strong>aliis,</strong></span> <span class='ocrx_word' id='word_1_346' title='bbox 3310 2578 3445 2631; x_wconf 82' lang='lat' dir='ltr'><strong>quo-</strong></span> 
     </span>
    </p>
   </div>
   <div class='ocr_carea' id='block_1_55' title="bbox 1890 2635 3444 2722">
    <p class='ocr_par' dir='ltr' id='par_1_55' title="bbox 1890 2635 3444 2722">
     <span class='ocr_line' id='line_1_55' title="bbox 1890 2635 3444 2722; baseline -0.005 -14"><span class='ocrx_word' id='word_1_347' title='bbox 1890 2635 2032 2709; x_wconf 83' lang='lat' dir='ltr'><strong>niam</strong></span> <span class='ocrx_word' id='word_1_348' title='bbox 2056 2655 2227 2708; x_wconf 79' lang='lat' dir='ltr'><strong>dixit:</strong></span> <span class='ocrx_word' id='word_1_349' title='bbox 2253 2635 2505 2708; x_wconf 66' lang='lat' dir='ltr'><strong>Sedebitis</strong></span> <span class='ocrx_word' id='word_1_350' title='bbox 2539 2670 2692 2722; x_wconf 76' lang='lat' dir='ltr'><strong>super</strong></span> <span class='ocrx_word' id='word_1_351' title='bbox 2720 2654 2860 2707; x_wconf 76' lang='lat' dir='ltr'><strong>sedes</strong></span> <span class='ocrx_word' id='word_1_352' title='bbox 2895 2652 3188 2716; x_wconf 76' lang='lat' dir='ltr'><strong>duodecim,</strong></span> <span class='ocrx_word' id='word_1_353' title='bbox 3217 2667 3323 2704; x_wconf 88' lang='lat' dir='ltr'><strong>n0n</strong></span> <span class='ocrx_word' id='word_1_354' title='bbox 3360 2651 3444 2702; x_wconf 81' lang='lat' dir='ltr'><strong>in-</strong></span> 
     </span>
    </p>
   </div>
   <div class='ocr_carea' id='block_1_56' title="bbox 1890 2742 3439 2815">
    <p class='ocr_par' dir='ltr' id='par_1_56' title="bbox 1890 2742 3439 2815">
     <span class='ocr_line' id='line_1_56' title="bbox 1890 2742 3439 2815; baseline -0.005 -17"><span class='ocrx_word' id='word_1_355' title='bbox 1890 2746 2185 2815; x_wconf 80' lang='lat' dir='ltr'><strong>telligentes</strong></span> <span class='ocrx_word' id='word_1_356' title='bbox 2228 2745 2381 2810; x_wconf 88' lang='lat' dir='ltr'><strong>illud,</strong></span> <span class='ocrx_word' id='word_1_357' title='bbox 2431 2744 2882 2813; x_wconf 79' lang='lat' dir='ltr'><strong>gloriﬁcabimini,</strong></span> <span class='ocrx_word' id='word_1_358' title='bbox 2914 2743 2983 2797; x_wconf 93' lang='lat' dir='ltr'><strong>ob</strong></span> <span class='ocrx_word' id='word_1_359' title='bbox 3008 2742 3285 2804; x_wconf 72' lang='lat' dir='ltr'><strong>virtutem,</strong></span> <span class='ocrx_word' id='word_1_360' title='bbox 3348 2742 3439 2794; x_wconf 85' lang='lat' dir='ltr'><strong>sed</strong></span> 
     </span>
    </p>
   </div>
   <div class='ocr_carea' id='block_1_57' title="bbox 1890 2829 3443 2901">
    <p class='ocr_par' dir='ltr' id='par_1_57' title="bbox 1890 2829 3443 2901">
     <span class='ocr_line' id='line_1_57' title="bbox 1890 2829 3443 2901; baseline -0.005 -13"><span class='ocrx_word' id='word_1_361' title='bbox 1890 2836 1958 2889; x_wconf 90' lang='lat' dir='ltr'><strong>ob</strong></span> <span class='ocrx_word' id='word_1_362' title='bbox 1990 2835 2149 2888; x_wconf 85' lang='lat' dir='ltr'><strong>altam</strong></span> <span class='ocrx_word' id='word_1_363' title='bbox 2182 2835 2360 2889; x_wconf 87' lang='lat' dir='ltr'><strong>sedem</strong></span> <span class='ocrx_word' id='word_1_364' title='bbox 2390 2852 2404 2899; x_wconf 89' lang='lat'><strong>;</strong></span> <span class='ocrx_word' id='word_1_365' title='bbox 2436 2835 2682 2900; x_wconf 87' lang='lat' dir='ltr'><strong>et,il|ud.</strong></span> <span class='ocrx_word' id='word_1_366' title='bbox 2718 2834 3042 2901; x_wconf 85' lang='lat' dir='ltr'><strong>judicantcs,</strong></span> <span class='ocrx_word' id='word_1_367' title='bbox 3099 2847 3203 2884; x_wconf 89' lang='lat' dir='ltr'><strong>non</strong></span> <span class='ocrx_word' id='word_1_368' title='bbox 3246 2829 3443 2884; x_wconf 82' lang='lat' dir='ltr'><strong>intelli-</strong></span> 
     </span>
    </p>
   </div>
   <div class='ocr_carea' id='block_1_58' title="bbox 1891 2921 3442 2995">
    <p class='ocr_par' dir='ltr' id='par_1_58' title="bbox 1891 2921 3442 2995">
     <span class='ocr_line' id='line_1_58' title="bbox 1891 2921 3442 2995; baseline -0.005 -16"><span class='ocrx_word' id='word_1_369' title='bbox 1891 2935 2078 2995; x_wconf 78' lang='lat' dir='ltr'><strong>gentes</strong></span> <span class='ocrx_word' id='word_1_370' title='bbox 2114 2934 2171 2979; x_wconf 92' lang='lat' dir='ltr'><strong>ut</strong></span> <span class='ocrx_word' id='word_1_371' title='bbox 2202 2926 2642 2987; x_wconf 89' lang='lat' dir='ltr'><strong>condemnantes,</strong></span> <span class='ocrx_word' id='word_1_372' title='bbox 2671 2924 2763 2977; x_wconf 90' lang='lat' dir='ltr'><strong>sed</strong></span> <span class='ocrx_word' id='word_1_373' title='bbox 2796 2932 2853 2976; x_wconf 89' lang='lat' dir='ltr'><strong>ut</strong></span> <span class='ocrx_word' id='word_1_374' title='bbox 2880 2921 3147 2990; x_wconf 85' lang='lat' dir='ltr'><strong>judicium</strong></span> <span class='ocrx_word' id='word_1_375' title='bbox 3181 2935 3442 2975; x_wconf 83' lang='lat' dir='ltr'><strong>exercen-</strong></span> 
     </span>
    </p>
   </div>
   <div class='ocr_carea' id='block_1_59' title="bbox 1894 3022 1997 3067">
    <p class='ocr_par' dir='ltr' id='par_1_59' title="bbox 1894 3022 1997 3067">
     <span class='ocr_line' id='line_1_59' title="bbox 1894 3022 1997 3067; baseline 0.019 -2"><span class='ocrx_word' id='word_1_376' title='bbox 1894 3022 1974 3067; x_wconf 77' lang='grc' dir='ltr'><strong>ιοε</strong></span> <span class='ocrx_word' id='word_1_377' title='bbox 1983 3053 1997 3067; x_wconf 92' lang='grc'><strong>.</strong></span> 
     </span>
    </p>
   </div>
   <div class='ocr_carea' id='block_1_60' title="bbox 310 3100 1789 3194">
    <p class='ocr_par' dir='ltr' id='par_1_60' title="bbox 310 3121 1785 3194">
     <span class='ocr_line' id='line_1_60' title="bbox 310 3121 1785 3194; baseline 0.005 -21"><span class='ocrx_word' id='word_1_378' title='bbox 310 3121 403 3187; x_wconf 84' lang='grc' dir='ltr'><strong>Τὸ,</strong></span> <span class='ocrx_word' id='word_1_379' title='bbox 441 3123 706 3176; x_wconf 79' lang='grc' dir='ltr'>Δύγασθε</span> <span class='ocrx_word' id='word_1_380' title='bbox 755 3124 821 3174; x_wconf 86' lang='grc' dir='ltr'>τὸ</span> <span class='ocrx_word' id='word_1_381' title='bbox 879 3124 1183 3191; x_wconf 79' lang='grc' dir='ltr'>ποτήριον,</span> <span class='ocrx_word' id='word_1_382' title='bbox 1218 3125 1383 3194; x_wconf 58' lang='lat' dir='ltr'><strong>aera</strong></span> <span class='ocrx_word' id='word_1_383' title='bbox 1426 3126 1578 3179; x_wconf 82' lang='grc' dir='ltr'>πίνω</span> <span class='ocrx_word' id='word_1_384' title='bbox 1607 3126 1785 3190; x_wconf 76' lang='grc' dir='ltr'>πιεῖν,</span> 
     </span>
    </p>
   </div>
   <div class='ocr_carea' id='block_1_61' title="bbox 1887 3100 3445 3194">
    <p class='ocr_par' dir='ltr' id='par_1_61' title="bbox 1969 3117 3445 3189">
     <span class='ocr_line' id='line_1_61' title="bbox 1969 3117 3445 3189; baseline -0.005 -15"><span class='ocrx_word' id='word_1_385' title='bbox 1969 3119 2195 3174; x_wconf 77' lang='lat' dir='ltr'><strong>Potestis</strong></span> <span class='ocrx_word' id='word_1_386' title='bbox 2218 3122 2384 3175; x_wconf 81' lang='lat' dir='ltr'><strong>bibere</strong></span> <span class='ocrx_word' id='word_1_387' title='bbox 2414 3120 2627 3174; x_wconf 76' lang='lat' dir='ltr'><strong>calicem</strong></span> <span class='ocrx_word' id='word_1_388' title='bbox 2677 3136 2825 3189; x_wconf 82' lang='lat' dir='ltr'><strong>quem</strong></span> <span class='ocrx_word' id='word_1_389' title='bbox 2873 3135 2961 3188; x_wconf 85' lang='lat' dir='ltr'><strong>ego</strong></span> <span class='ocrx_word' id='word_1_390' title='bbox 2993 3118 3249 3171; x_wconf 72' lang='lat' dir='ltr'><strong>bibiturua</strong></span> <span class='ocrx_word' id='word_1_391' title='bbox 3293 3117 3445 3168; x_wconf 80' lang='lat' dir='ltr'><strong>sunt!</strong></span> 
     </span>
    </p>
   </div>
   <div class='ocr_carea' id='block_1_62' title="bbox 238 3210 1793 3284">
    <p class='ocr_par' dir='ltr' id='par_1_62' title="bbox 238 3210 1793 3284">
     <span class='ocr_line' id='line_1_62' title="bbox 238 3210 1793 3284; baseline 0.006 -26"><span class='ocrx_word' id='word_1_392' title='bbox 238 3210 335 3271; x_wconf 71' lang='grc' dir='ltr'>τὰς</span> <span class='ocrx_word' id='word_1_393' title='bbox 379 3210 588 3277; x_wconf 75' lang='grc' dir='ltr'>σφαγὰς</span> <span class='ocrx_word' id='word_1_394' title='bbox 621 3210 712 3261; x_wconf 72' lang='grc' dir='ltr'>καὶ</span> <span class='ocrx_word' id='word_1_395' title='bbox 732 3210 825 3271; x_wconf 77' lang='grc' dir='ltr'><strong>τὰς</strong></span> <span class='ocrx_word' id='word_1_396' title='bbox 864 3210 1127 3279; x_wconf 66' lang='grc' dir='ltr'>βασάνους</span> <span class='ocrx_word' id='word_1_397' title='bbox 1183 3212 1443 3279; x_wconf 79' lang='grc' dir='ltr'><strong>λέγεικαὶ</strong></span> <span class='ocrx_word' id='word_1_398' title='bbox 1491 3216 1551 3266; x_wconf 82' lang='grc' dir='ltr'>τὸ</span> <span class='ocrx_word' id='word_1_399' title='bbox 1586 3214 1793 3284; x_wconf 75' lang='grc' dir='ltr'>μαρτύο</span> 
     </span>
    </p>
   </div>
   <div class='ocr_carea' id='block_1_63' title="bbox 241 3295 1789 3374">
    <p class='ocr_par' dir='ltr' id='par_1_63' title="bbox 241 3295 1789 3374">
     <span class='ocr_line' id='line_1_63' title="bbox 241 3295 1789 3374; baseline 0.006 -27"><span class='ocrx_word' id='word_1_400' title='bbox 241 3314 387 3365; x_wconf 70' lang='grc' dir='ltr'>ριοψ</span> <span class='ocrx_word' id='word_1_401' title='bbox 428 3299 687 3367; x_wconf 74' lang='grc' dir='ltr'>ποτήριον</span> <span class='ocrx_word' id='word_1_402' title='bbox 718 3299 775 3350; x_wconf 87' lang='grc' dir='ltr'><strong>δέ</strong></span> <span class='ocrx_word' id='word_1_403' title='bbox 806 3295 957 3351; x_wconf 77' lang='grc' dir='ltr'>εἶπεν</span> <span class='ocrx_word' id='word_1_404' title='bbox 990 3302 1144 3363; x_wconf 83' lang='grc' dir='ltr'>αὐτὸ,</span> <span class='ocrx_word' id='word_1_405' title='bbox 1206 3303 1291 3356; x_wconf 79' lang='grc' dir='ltr'>ἵνα</span> <span class='ocrx_word' id='word_1_406' title='bbox 1345 3304 1789 3374; x_wconf 81' lang='grc' dir='ltr'>προθυμοτέρους</span> 
     </span>
    </p>
   </div>
   <div class='ocr_carea' id='block_1_64' title="bbox 238 3385 1791 3462">
    <p class='ocr_par' dir='ltr' id='par_1_64' title="bbox 238 3385 1791 3462">
     <span class='ocr_line' id='line_1_64' title="bbox 238 3385 1791 3462; baseline 0.008 -27"><span class='ocrx_word' id='word_1_407' title='bbox 238 3386 438 3456; x_wconf 84' lang='grc' dir='ltr'>ποιήσῃ</span> <span class='ocrx_word' id='word_1_408' title='bbox 466 3385 544 3453; x_wconf 89' lang='grc' dir='ltr'>τῷ</span> <span class='ocrx_word' id='word_1_409' title='bbox 558 3386 759 3455; x_wconf 79' lang='grc' dir='ltr'>εὐκόλῳ</span> <span class='ocrx_word' id='word_1_410' title='bbox 776 3387 865 3439; x_wconf 82' lang='grc' dir='ltr'>τοῦ</span> <span class='ocrx_word' id='word_1_411' title='bbox 895 3388 1073 3454; x_wconf 85' lang='grc' dir='ltr'>λόγου,</span> <span class='ocrx_word' id='word_1_412' title='bbox 1092 3391 1181 3442; x_wconf 71' lang='grc' dir='ltr'>καὶ</span> <span class='ocrx_word' id='word_1_413' title='bbox 1205 3392 1338 3459; x_wconf 81' lang='grc' dir='ltr'>πρὸς</span> <span class='ocrx_word' id='word_1_414' title='bbox 1360 3392 1547 3446; x_wconf 78' lang='grc' dir='ltr'>ἑαυτὸν</span> <span class='ocrx_word' id='word_1_415' title='bbox 1568 3394 1791 3462; x_wconf 82' lang='grc' dir='ltr'>ἐφελκύ-</span> 
     </span>
    </p>
   </div>
   <div class='ocr_carea' id='block_1_65' title="bbox 238 3474 1793 3554">
    <p class='ocr_par' dir='ltr' id='par_1_65' title="bbox 238 3474 1793 3554">
     <span class='ocr_line' id='line_1_65' title="bbox 238 3474 1793 3554; baseline 0.012 -32"><span class='ocrx_word' id='word_1_416' title='bbox 238 3487 399 3540; x_wconf 87' lang='grc' dir='ltr'>σηται</span> <span class='ocrx_word' id='word_1_417' title='bbox 429 3489 445 3504; x_wconf 77' lang='grc' dir='ltr'><strong><em>ο</em></strong></span> <span class='ocrx_word' id='word_1_418' title='bbox 471 3475 565 3526; x_wconf 80' lang='grc' dir='ltr'>καὶ</span> <span class='ocrx_word' id='word_1_419' title='bbox 592 3474 869 3544; x_wconf 84' lang='grc' dir='ltr'>βάπτισμα</span> <span class='ocrx_word' id='word_1_420' title='bbox 902 3478 956 3529; x_wconf 87' lang='grc' dir='ltr'><strong>δέ</strong></span> <span class='ocrx_word' id='word_1_421' title='bbox 980 3481 1109 3531; x_wconf 66' lang='grc' dir='ltr'>αὑτὸ</span> <span class='ocrx_word' id='word_1_422' title='bbox 1159 3481 1332 3545; x_wconf 87' lang='grc' dir='ltr'>καλεῖ,</span> <span class='ocrx_word' id='word_1_423' title='bbox 1372 3484 1447 3545; x_wconf 82' lang='grc' dir='ltr'>ὡς</span> <span class='ocrx_word' id='word_1_424' title='bbox 1496 3485 1793 3554; x_wconf 78' lang='grc' dir='ltr'>καθάρσιον</span> 
     </span>
    </p>
   </div>
   <div class='ocr_carea' id='block_1_66' title="bbox 237 3564 715 3634">
    <p class='ocr_par' dir='ltr' id='par_1_66' title="bbox 237 3564 715 3634">
     <span class='ocr_line' id='line_1_66' title="bbox 237 3564 715 3634; baseline 0.013 -21"><span class='ocrx_word' id='word_1_425' title='bbox 237 3565 334 3629; x_wconf 77' lang='grc' dir='ltr'>τῆς</span> <span class='ocrx_word' id='word_1_426' title='bbox 374 3564 715 3634; x_wconf 76' lang='grc' dir='ltr'>οἰκουμένης.</span> 
     </span>
    </p>
   </div>
   <div class='ocr_carea' id='block_1_67' title="bbox 292 3654 1792 3740">
    <p class='ocr_par' dir='ltr' id='par_1_67' title="bbox 292 3654 1792 3740">
     <span class='ocr_line' id='line_1_67' title="bbox 292 3654 1792 3740; baseline 0.012 -35"><span class='ocrx_word' id='word_1_427' title='bbox 292 3654 400 3705; x_wconf 80' lang='grc' dir='ltr'><strong>Καὶ</strong></span> <span class='ocrx_word' id='word_1_428' title='bbox 429 3656 542 3718; x_wconf 85' lang='grc' dir='ltr'>πῶς</span> <span class='ocrx_word' id='word_1_429' title='bbox 568 3656 733 3725; x_wconf 83' lang='grc' dir='ltr'>λέγει,</span> <span class='ocrx_word' id='word_1_430' title='bbox 758 3661 877 3713; x_wconf 81' lang='grc' dir='ltr'><strong>Οὐκ</strong></span> <span class='ocrx_word' id='word_1_431' title='bbox 901 3663 1071 3714; x_wconf 78' lang='grc' dir='ltr'>ἐστιν</span> <span class='ocrx_word' id='word_1_432' title='bbox 1094 3662 1238 3730; x_wconf 81' lang='grc' dir='ltr'>ἐμὸν</span> <span class='ocrx_word' id='word_1_433' title='bbox 1254 3664 1500 3729; x_wconf 84' lang='grc' dir='ltr'>δοῦναι;</span> <span class='ocrx_word' id='word_1_434' title='bbox 1535 3668 1792 3740; x_wconf 82' lang='grc' dir='ltr'>Ἐπείπερ</span> 
     </span>
    </p>
   </div>
   <div class='ocr_carea' id='block_1_68' title="bbox 232 3741 1791 3825">
    <p class='ocr_par' dir='ltr' id='par_1_68' title="bbox 232 3741 1791 3825">
     <span class='ocr_line' id='line_1_68' title="bbox 232 3741 1791 3825; baseline 0.011 -32"><span class='ocrx_word' id='word_1_435' title='bbox 232 3742 338 3794; x_wconf 76' lang='grc' dir='ltr'>οὐκ</span> <span class='ocrx_word' id='word_1_436' title='bbox 364 3741 507 3794; x_wconf 77' lang='grc' dir='ltr'>ἐστιν</span> <span class='ocrx_word' id='word_1_437' title='bbox 530 3743 650 3796; x_wconf 75' lang='grc' dir='ltr'>οὕτε</span> <span class='ocrx_word' id='word_1_438' title='bbox 676 3746 881 3799; x_wconf 84' lang='grc' dir='ltr'>ἐκεῖθεν</span> <span class='ocrx_word' id='word_1_439' title='bbox 908 3749 1124 3818; x_wconf 82' lang='grc' dir='ltr'>τοιαύτη</span> <span class='ocrx_word' id='word_1_440' title='bbox 1160 3751 1395 3822; x_wconf 81' lang='grc' dir='ltr'>καθέδρα</span> <span class='ocrx_word' id='word_1_441' title='bbox 1421 3770 1433 3782; x_wconf 87' lang='grc'><strong>·</strong></span> <span class='ocrx_word' id='word_1_442' title='bbox 1466 3756 1497 3824; x_wconf 81' lang='grc' dir='ltr'>ἢ</span> <span class='ocrx_word' id='word_1_443' title='bbox 1526 3756 1685 3825; x_wconf 83' lang='grc' dir='ltr'>δῆλον</span> <span class='ocrx_word' id='word_1_444' title='bbox 1711 3759 1791 3811; x_wconf 84' lang='grc' dir='ltr'>ὅτι</span> 
     </span>
    </p>
   </div>
   <div class='ocr_carea' id='block_1_69' title="bbox 236 3833 1791 3913">
    <p class='ocr_par' dir='ltr' id='par_1_69' title="bbox 236 3833 1791 3913">
     <span class='ocr_line' id='line_1_69' title="bbox 236 3833 1791 3913; baseline 0.012 -30"><span class='ocrx_word' id='word_1_445' title='bbox 236 3833 377 3901; x_wconf 79' lang='grc' dir='ltr'>πρὸς</span> <span class='ocrx_word' id='word_1_446' title='bbox 404 3833 499 3904; x_wconf 85' lang='grc' dir='ltr'><strong>τὴν</strong></span> <span class='ocrx_word' id='word_1_447' title='bbox 521 3837 771 3889; x_wconf 73' lang='grc' dir='ltr'>ὑπόνοιαν</span> <span class='ocrx_word' id='word_1_448' title='bbox 796 3838 939 3905; x_wconf 74' lang='grc' dir='ltr'>λέγει</span> <span class='ocrx_word' id='word_1_449' title='bbox 971 3843 1431 3906; x_wconf 78' lang='grc' dir='ltr'>συγκαταϐαίνων.</span> <span class='ocrx_word' id='word_1_450' title='bbox 1457 3847 1529 3897; x_wconf 86' lang='grc' dir='ltr'>Τὸ</span> <span class='ocrx_word' id='word_1_451' title='bbox 1571 3848 1647 3911; x_wconf 80' lang='grc' dir='ltr'>δὲ,</span> <span class='ocrx_word' id='word_1_452' title='bbox 1692 3844 1791 3913; x_wconf 81' lang='grc' dir='ltr'><strong>Οἷς</strong></span> 
     </span>
    </p>
   </div>
   <div class='ocr_carea' id='block_1_70' title="bbox 235 3923 1791 4001">
    <p class='ocr_par' dir='ltr' id='par_1_70' title="bbox 235 3923 1791 4001">
     <span class='ocr_line' id='line_1_70' title="bbox 235 3923 1791 4001; baseline 0.011 -28"><span class='ocrx_word' id='word_1_453' title='bbox 235 3923 612 3992; x_wconf 78' lang='grc' dir='ltr'>ἡτοίμασται,</span> <span class='ocrx_word' id='word_1_454' title='bbox 643 3929 706 3977; x_wconf 86' lang='grc' dir='ltr'><strong>ἐκ</strong></span> <span class='ocrx_word' id='word_1_455' title='bbox 736 3928 843 3979; x_wconf 86' lang='grc' dir='ltr'>τῶν</span> <span class='ocrx_word' id='word_1_456' title='bbox 868 3928 1044 3980; x_wconf 89' lang='grc' dir='ltr'>πόνων</span> <span class='ocrx_word' id='word_1_457' title='bbox 1072 3932 1161 3981; x_wconf 80' lang='grc' dir='ltr'>καὶ</span> <span class='ocrx_word' id='word_1_458' title='bbox 1195 3932 1299 3983; x_wconf 81' lang='grc' dir='ltr'>τῶν</span> <span class='ocrx_word' id='word_1_459' title='bbox 1327 3934 1564 4001; x_wconf 86' lang='grc' dir='ltr'>ίδρώτων</span> <span class='ocrx_word' id='word_1_460' title='bbox 1588 3954 1600 3967; x_wconf 89' lang='grc'><strong>·</strong></span> <span class='ocrx_word' id='word_1_461' title='bbox 1636 3938 1791 3990; x_wconf 74' lang='grc' dir='ltr'>τοῦτο</span> 
     </span>
    </p>
   </div>
   <div class='ocr_carea' id='block_1_71' title="bbox 232 4014 1792 4087">
    <p class='ocr_par' dir='ltr' id='par_1_71' title="bbox 232 4014 1792 4087">
     <span class='ocr_line' id='line_1_71' title="bbox 232 4014 1792 4087; baseline 0.01 -22"><span class='ocrx_word' id='word_1_462' title='bbox 232 4014 297 4066; x_wconf 76' lang='grc' dir='ltr'><strong>δέ</strong></span> <span class='ocrx_word' id='word_1_463' title='bbox 337 4016 433 4067; x_wconf 84' lang='grc' dir='ltr'>οὐκ</span> <span class='ocrx_word' id='word_1_464' title='bbox 485 4015 732 4069; x_wconf 72' lang='grc' dir='ltr'>ἐκὸἀλλει</span> <span class='ocrx_word' id='word_1_465' title='bbox 762 4017 865 4079; x_wconf 80' lang='grc' dir='ltr'><strong>ἔξω</strong></span> <span class='ocrx_word' id='word_1_466' title='bbox 893 4019 988 4087; x_wconf 80' lang='grc' dir='ltr'>τὴν</span> <span class='ocrx_word' id='word_1_467' title='bbox 1013 4020 1277 4085; x_wconf 79' lang='grc' dir='ltr'>ἐξουσίαν,</span> <span class='ocrx_word' id='word_1_468' title='bbox 1317 4022 1450 4077; x_wconf 80' lang='grc' dir='ltr'><strong>ἀλλὰ</strong></span> <span class='ocrx_word' id='word_1_469' title='bbox 1484 4026 1543 4077; x_wconf 79' lang='grc' dir='ltr'>τὸ</span> <span class='ocrx_word' id='word_1_470' title='bbox 1587 4028 1792 4081; x_wconf 84' lang='grc' dir='ltr'>δίκαιον</span> 
     </span>
    </p>
   </div>
   <div class='ocr_carea' id='block_1_72' title="bbox 232 4104 1787 4182">
    <p class='ocr_par' dir='ltr' id='par_1_72' title="bbox 232 4104 1787 4182">
     <span class='ocr_line' id='line_1_72' title="bbox 232 4104 1787 4182; baseline 0.01 -26"><span class='ocrx_word' id='word_1_471' title='bbox 232 4104 404 4156; x_wconf 76' lang='grc' dir='ltr'>αὑτοῦ</span> <span class='ocrx_word' id='word_1_472' title='bbox 445 4106 731 4159; x_wconf 86' lang='grc' dir='ltr'>δείκνυσιν.</span> <span class='ocrx_word' id='word_1_473' title='bbox 764 4109 883 4161; x_wconf 78' lang='grc' dir='ltr'><strong>Ὀτι</strong></span> <span class='ocrx_word' id='word_1_474' title='bbox 916 4110 971 4161; x_wconf 85' lang='grc' dir='ltr'><strong>δέ</strong></span> <span class='ocrx_word' id='word_1_475' title='bbox 1018 4110 1263 4175; x_wconf 78' lang='grc' dir='ltr'>ἐξουσίαν</span> <span class='ocrx_word' id='word_1_476' title='bbox 1319 4114 1451 4182; x_wconf 79' lang='grc' dir='ltr'>ἔχει,</span> <span class='ocrx_word' id='word_1_477' title='bbox 1512 4118 1742 4170; x_wconf 74' lang='grc' dir='ltr'>ἄκουσον</span> <span class='ocrx_word' id='word_1_478' title='bbox 1772 4136 1787 4149; x_wconf 81' lang='grc'><em>’</em></span> 
     </span>
    </p>
   </div>
   <div class='ocr_carea' id='block_1_73' title="bbox 248 4195 1792 4269">
    <p class='ocr_par' dir='ltr' id='par_1_73' title="bbox 248 4195 1792 4269">
     <span class='ocr_line' id='line_1_73' title="bbox 248 4195 1792 4269; baseline 0.006 -22"><span class='ocrx_word' id='word_1_479' title='bbox 248 4195 399 4260; x_wconf 86' lang='grc' dir='ltr'><strong>Ἐγὼ</strong></span> <span class='ocrx_word' id='word_1_480' title='bbox 433 4195 498 4249; x_wconf 80' lang='grc' dir='ltr'>δέ</span> <span class='ocrx_word' id='word_1_481' title='bbox 537 4211 633 4249; x_wconf 89' lang='grc' dir='ltr'><strong>σοι</strong></span> <span class='ocrx_word' id='word_1_482' title='bbox 670 4196 839 4250; x_wconf 85' lang='grc' dir='ltr'>δώσω</span> <span class='ocrx_word' id='word_1_483' title='bbox 868 4201 972 4265; x_wconf 82' lang='grc' dir='ltr'>τὰς</span> <span class='ocrx_word' id='word_1_484' title='bbox 1023 4202 1187 4266; x_wconf 72' lang='grc' dir='ltr'>κλεῖς</span> <span class='ocrx_word' id='word_1_485' title='bbox 1217 4201 1334 4254; x_wconf 84' lang='grc' dir='ltr'>τῶν</span> <span class='ocrx_word' id='word_1_486' title='bbox 1359 4205 1631 4269; x_wconf 81' lang='grc' dir='ltr'>οὐρανῶν</span> <span class='ocrx_word' id='word_1_487' title='bbox 1651 4221 1663 4234; x_wconf 92' lang='grc'><strong>·</strong></span> <span class='ocrx_word' id='word_1_488' title='bbox 1700 4208 1792 4259; x_wconf 71' lang='grc' dir='ltr'>καὶ</span> 
     </span>
    </p>
   </div>
   <div class='ocr_carea' id='block_1_74' title="bbox 232 4284 1792 4368">
    <p class='ocr_par' dir='ltr' id='par_1_74' title="bbox 232 4284 1792 4368">
     <span class='ocr_line' id='line_1_74' title="bbox 232 4284 1792 4368; baseline 0.008 -33"><span class='ocrx_word' id='word_1_489' title='bbox 232 4286 263 4335; x_wconf 82' lang='grc' dir='ltr'>ὁ</span> <span class='ocrx_word' id='word_1_490' title='bbox 304 4284 505 4347; x_wconf 77' lang='grc' dir='ltr'>Παῦλος</span> <span class='ocrx_word' id='word_1_491' title='bbox 554 4286 609 4338; x_wconf 84' lang='grc' dir='ltr'><strong>δέ</strong></span> <span class='ocrx_word' id='word_1_492' title='bbox 638 4287 777 4340; x_wconf 80' lang='grc' dir='ltr'>οὕτω</span> <span class='ocrx_word' id='word_1_493' title='bbox 798 4290 970 4357; x_wconf 83' lang='grc' dir='ltr'>δηλῶν</span> <span class='ocrx_word' id='word_1_494' title='bbox 1000 4290 1211 4358; x_wconf 59' lang='grc' dir='ltr'>ἔλεγεν</span> <span class='ocrx_word' id='word_1_495' title='bbox 1244 4292 1792 4368; x_wconf 35' lang='grc' dir='ltr'>Λυιπὸνιάπόκειται</span> 
     </span>
    </p>
   </div>
   <div class='ocr_carea' id='block_1_75' title="bbox 224 4374 1790 4447">
    <p class='ocr_par' dir='ltr' id='par_1_75' title="bbox 224 4374 1790 4447">
     <span class='ocr_line' id='line_1_75' title="bbox 224 4374 1790 4447; baseline 0.009 -25"><span class='ocrx_word' id='word_1_496' title='bbox 224 4388 339 4440; x_wconf 83' lang='grc' dir='ltr'><strong>μοι</strong></span> <span class='ocrx_word' id='word_1_497' title='bbox 374 4377 405 4425; x_wconf 82' lang='grc' dir='ltr'><em>ὁ</em></span> <span class='ocrx_word' id='word_1_498' title='bbox 439 4374 548 4442; x_wconf 84' lang='grc' dir='ltr'>τῆς</span> <span class='ocrx_word' id='word_1_499' title='bbox 594 4374 975 4444; x_wconf 77' lang='grc' dir='ltr'>δικαιοσύνης</span> <span class='ocrx_word' id='word_1_500' title='bbox 1024 4380 1343 4447; x_wconf 66' lang='grc' dir='ltr'>στέφανος,</span> <span class='ocrx_word' id='word_1_501' title='bbox 1383 4383 1455 4436; x_wconf 81' lang='grc' dir='ltr'>ὃν</span> <span class='ocrx_word' id='word_1_502' title='bbox 1492 4384 1790 4438; x_wconf 81' lang='grc' dir='ltr'>ἀποδώσει</span> 
     </span>
    </p>
   </div>
   <div class='ocr_carea' id='block_1_76' title="bbox 1898 3208 3443 3278">
    <p class='ocr_par' dir='ltr' id='par_1_76' title="bbox 1898 3208 3443 3278">
     <span class='ocr_line' id='line_1_76' title="bbox 1898 3208 3443 3278; baseline -0.002 -17"><span class='ocrx_word' id='word_1_503' title='bbox 1898 3210 2202 3272; x_wconf 86' lang='lat' dir='ltr'><strong>violentias,</strong></span> <span class='ocrx_word' id='word_1_504' title='bbox 2234 3220 2285 3265; x_wconf 86' lang='lat' dir='ltr'><strong>et</strong></span> <span class='ocrx_word' id='word_1_505' title='bbox 2318 3212 2620 3273; x_wconf 89' lang='lat' dir='ltr'><strong>cruciatus,</strong></span> <span class='ocrx_word' id='word_1_506' title='bbox 2676 3222 2731 3263; x_wconf 88' lang='lat' dir='ltr'><strong>et</strong></span> <span class='ocrx_word' id='word_1_507' title='bbox 2781 3208 3101 3278; x_wconf 84' lang='lat' dir='ltr'><strong>martyrium</strong></span> <span class='ocrx_word' id='word_1_508' title='bbox 3157 3208 3443 3277; x_wconf 74' lang='lat' dir='ltr'><strong>signiﬁcat.</strong></span> 
     </span>
    </p>
   </div>
   <div class='ocr_carea' id='block_1_77' title="bbox 1897 3298 3445 3367">
    <p class='ocr_par' dir='ltr' id='par_1_77' title="bbox 1897 3298 3445 3367">
     <span class='ocr_line' id='line_1_77' title="bbox 1897 3298 3445 3367; baseline -0.005 -10"><span class='ocrx_word' id='word_1_509' title='bbox 1897 3305 2131 3358; x_wconf 86' lang='lat' dir='ltr'><strong>Calicem</strong></span> <span class='ocrx_word' id='word_1_510' title='bbox 2162 3314 2341 3357; x_wconf 87' lang='lat' dir='ltr'><strong>autem</strong></span> <span class='ocrx_word' id='word_1_511' title='bbox 2370 3313 2525 3357; x_wconf 76' lang='lat' dir='ltr'><strong>vocat</strong></span> <span class='ocrx_word' id='word_1_512' title='bbox 2569 3302 2733 3366; x_wconf 78' lang='lat' dir='ltr'><strong>istud,</strong></span> <span class='ocrx_word' id='word_1_513' title='bbox 2790 3308 2847 3354; x_wconf 91' lang='lat' dir='ltr'><strong>ut</strong></span> <span class='ocrx_word' id='word_1_514' title='bbox 2902 3300 3116 3353; x_wconf 89' lang='lat' dir='ltr'><strong>animos</strong></span> <span class='ocrx_word' id='word_1_515' title='bbox 3171 3298 3339 3367; x_wconf 79' lang='lat' dir='ltr'><strong>magis</strong></span> <span class='ocrx_word' id='word_1_516' title='bbox 3369 3298 3445 3350; x_wconf 85' lang='lat' dir='ltr'><strong>eis</strong></span> 
     </span>
    </p>
   </div>
   <div class='ocr_carea' id='block_1_78' title="bbox 1898 3390 3446 3458">
    <p class='ocr_par' dir='ltr' id='par_1_78' title="bbox 1898 3390 3446 3458">
     <span class='ocr_line' id='line_1_78' title="bbox 1898 3390 3446 3458; baseline -0.004 -11"><span class='ocrx_word' id='word_1_517' title='bbox 1898 3395 2057 3448; x_wconf 86' lang='lat' dir='ltr'><strong>addat</strong></span> <span class='ocrx_word' id='word_1_518' title='bbox 2090 3395 2356 3450; x_wconf 84' lang='lat' dir='ltr'><strong>sermonis</strong></span> <span class='ocrx_word' id='word_1_519' title='bbox 2382 3395 2620 3458; x_wconf 85' lang='lat' dir='ltr'><strong>lenitate,</strong></span> <span class='ocrx_word' id='word_1_520' title='bbox 2656 3402 2709 3446; x_wconf 90' lang='lat' dir='ltr'><strong>et</strong></span> <span class='ocrx_word' id='word_1_521' title='bbox 2762 3392 2826 3445; x_wconf 91' lang='lat' dir='ltr'><strong>ad</strong></span> <span class='ocrx_word' id='word_1_522' title='bbox 2867 3408 2925 3446; x_wconf 90' lang='lat' dir='ltr'><strong>se</strong></span> <span class='ocrx_word' id='word_1_523' title='bbox 2955 3405 3051 3445; x_wconf 91' lang='lat' dir='ltr'><strong>eos</strong></span> <span class='ocrx_word' id='word_1_524' title='bbox 3088 3390 3362 3455; x_wconf 85' lang='lat' dir='ltr'><strong>attrahat;</strong></span> <span class='ocrx_word' id='word_1_525' title='bbox 3393 3397 3446 3451; x_wconf 84' lang='lat' dir='ltr'><strong>et</strong></span> 
     </span>
    </p>
   </div>
   <div class='ocr_carea' id='block_1_79' title="bbox 1898 3482 3167 3554">
    <p class='ocr_par' dir='ltr' id='par_1_79' title="bbox 1898 3482 3167 3554">
     <span class='ocr_line' id='line_1_79' title="bbox 1898 3482 3167 3554; baseline -0.002 -16"><span class='ocrx_word' id='word_1_526' title='bbox 1898 3485 2162 3554; x_wconf 86' lang='lat' dir='ltr'><strong>baptisma</strong></span> <span class='ocrx_word' id='word_1_527' title='bbox 2198 3486 2330 3540; x_wconf 92' lang='lat' dir='ltr'><strong>illud</strong></span> <span class='ocrx_word' id='word_1_528' title='bbox 2365 3494 2537 3549; x_wconf 70' lang='lat' dir='ltr'><strong>vei-at,</strong></span> <span class='ocrx_word' id='word_1_529' title='bbox 2569 3484 2720 3553; x_wconf 88' lang='lat' dir='ltr'><strong>quasi</strong></span> <span class='ocrx_word' id='word_1_530' title='bbox 2750 3484 2896 3538; x_wconf 86' lang='lat' dir='ltr'><strong>orbis</strong></span> <span class='ocrx_word' id='word_1_531' title='bbox 2927 3482 3167 3537; x_wconf 82' lang='lat' dir='ltr'><strong>lustrale.</strong></span> 
     </span>
    </p>
   </div>
   <div class='ocr_carea' id='block_1_80' title="bbox 1969 3665 3447 3737">
    <p class='ocr_par' dir='ltr' id='par_1_80' title="bbox 1969 3665 3447 3737">
     <span class='ocr_line' id='line_1_80' title="bbox 1969 3665 3447 3737; baseline -0.006 -14"><span class='ocrx_word' id='word_1_532' title='bbox 1969 3668 2131 3723; x_wconf 69' lang='lat' dir='ltr'><strong>Vens.</strong></span> <span class='ocrx_word' id='word_1_533' title='bbox 2153 3668 2240 3722; x_wconf 68' lang='grc'><strong>25.</strong></span> <span class='ocrx_word' id='word_1_534' title='bbox 2276 3667 2337 3720; x_wconf 85' lang='lat' dir='ltr'><strong>Et</strong></span> <span class='ocrx_word' id='word_1_535' title='bbox 2362 3667 2629 3737; x_wconf 89' lang='lat' dir='ltr'><strong>quomodo</strong></span> <span class='ocrx_word' id='word_1_536' title='bbox 2666 3666 2792 3721; x_wconf 86' lang='lat' dir='ltr'><strong>dicit</strong></span> <span class='ocrx_word' id='word_1_537' title='bbox 2816 3684 2831 3731; x_wconf 84' lang='lat'><strong>;</strong></span> <span class='ocrx_word' id='word_1_538' title='bbox 2863 3681 2959 3719; x_wconf 82' lang='lat' dir='ltr'><strong>non</strong></span> <span class='ocrx_word' id='word_1_539' title='bbox 2987 3675 3061 3717; x_wconf 81' lang='lat' dir='ltr'><strong>est</strong></span> <span class='ocrx_word' id='word_1_540' title='bbox 3092 3680 3254 3717; x_wconf 80' lang='lat' dir='ltr'><strong>meum</strong></span> <span class='ocrx_word' id='word_1_541' title='bbox 3282 3667 3403 3715; x_wconf 74' lang='lat' dir='ltr'><strong>dare</strong></span> <span class='ocrx_word' id='word_1_542' title='bbox 3427 3665 3447 3714; x_wconf 78' lang='grc'><em>2</em></span> 
     </span>
    </p>
   </div>
   <div class='ocr_carea' id='block_1_81' title="bbox 1899 3751 3449 3826">
    <p class='ocr_par' dir='ltr' id='par_1_81' title="bbox 1899 3751 3449 3826">
     <span class='ocr_line' id='line_1_81' title="bbox 1899 3751 3449 3826; baseline -0.006 -16"><span class='ocrx_word' id='word_1_543' title='bbox 1899 3758 2158 3826; x_wconf 83' lang='lat' dir='ltr'><strong>siquidem</strong></span> <span class='ocrx_word' id='word_1_544' title='bbox 2196 3770 2299 3809; x_wconf 88' lang='lat' dir='ltr'><strong>non</strong></span> <span class='ocrx_word' id='word_1_545' title='bbox 2332 3764 2413 3809; x_wconf 87' lang='lat' dir='ltr'><strong>est</strong></span> <span class='ocrx_word' id='word_1_546' title='bbox 2450 3770 2517 3809; x_wconf 89' lang='lat' dir='ltr'><strong>ne</strong></span> <span class='ocrx_word' id='word_1_547' title='bbox 2545 3754 2650 3808; x_wconf 92' lang='lat' dir='ltr'><strong>illic</strong></span> <span class='ocrx_word' id='word_1_548' title='bbox 2683 3753 2897 3823; x_wconf 87' lang='lat' dir='ltr'><strong>quidem</strong></span> <span class='ocrx_word' id='word_1_549' title='bbox 2933 3752 3055 3806; x_wconf 86' lang='lat' dir='ltr'><strong>talis</strong></span> <span class='ocrx_word' id='word_1_550' title='bbox 3103 3751 3257 3805; x_wconf 86' lang='lat' dir='ltr'><strong>sedes</strong></span> <span class='ocrx_word' id='word_1_551' title='bbox 3287 3768 3299 3813; x_wconf 89' lang='lat'>;</span> <span class='ocrx_word' id='word_1_552' title='bbox 3357 3760 3449 3803; x_wconf 88' lang='lat' dir='ltr'><strong>aut</strong></span> 
     </span>
    </p>
   </div>
   <div class='ocr_carea' id='block_1_82' title="bbox 1898 3842 3447 3916">
    <p class='ocr_par' dir='ltr' id='par_1_82' title="bbox 1898 3842 3447 3916">
     <span class='ocr_line' id='line_1_82' title="bbox 1898 3842 3447 3916; baseline -0.004 -17"><span class='ocrx_word' id='word_1_553' title='bbox 1898 3856 2043 3916; x_wconf 91' lang='lat' dir='ltr'><strong>patet</strong></span> <span class='ocrx_word' id='word_1_554' title='bbox 2076 3848 2227 3901; x_wconf 86' lang='lat' dir='ltr'><strong>illum</strong></span> <span class='ocrx_word' id='word_1_555' title='bbox 2279 3847 2345 3899; x_wconf 90' lang='lat' dir='ltr'><strong>ad</strong></span> <span class='ocrx_word' id='word_1_556' title='bbox 2401 3846 2707 3913; x_wconf 78' lang='lat' dir='ltr'><strong>allegoriam</strong></span> <span class='ocrx_word' id='word_1_557' title='bbox 2769 3843 3039 3911; x_wconf 89' lang='lat' dir='ltr'><strong>loquendo</strong></span> <span class='ocrx_word' id='word_1_558' title='bbox 3087 3842 3447 3897; x_wconf 84' lang='lat' dir='ltr'><strong>descendisse.</strong></span> 
     </span>
    </p>
   </div>
   <div class='ocr_carea' id='block_1_83' title="bbox 1899 3931 3444 4001">
    <p class='ocr_par' dir='ltr' id='par_1_83' title="bbox 1899 3931 3444 4001">
     <span class='ocr_line' id='line_1_83' title="bbox 1899 3931 3444 4001; baseline -0.002 -15"><span class='ocrx_word' id='word_1_559' title='bbox 1899 3935 2030 3989; x_wconf 87' lang='lat' dir='ltr'><strong>Illud</strong></span> <span class='ocrx_word' id='word_1_560' title='bbox 2093 3944 2293 3997; x_wconf 85' lang='lat' dir='ltr'><strong>autem,</strong></span> <span class='ocrx_word' id='word_1_561' title='bbox 2339 3933 2536 3997; x_wconf 75' lang='lat' dir='ltr'><strong>Quibus</strong></span> <span class='ocrx_word' id='word_1_562' title='bbox 2600 3942 2846 4001; x_wconf 84' lang='lat' dir='ltr'><strong>paratum</strong></span> <span class='ocrx_word' id='word_1_563' title='bbox 2890 3942 2988 3996; x_wconf 81' lang='lat' dir='ltr'><strong>est,</strong></span> <span class='ocrx_word' id='word_1_564' title='bbox 3046 3947 3139 4000; x_wconf 85' lang='lat' dir='ltr'><strong>per</strong></span> <span class='ocrx_word' id='word_1_565' title='bbox 3210 3931 3444 3989; x_wconf 78' lang='lat' dir='ltr'><strong>labores.</strong></span> 
     </span>
    </p>
   </div>
   <div class='ocr_carea' id='block_1_84' title="bbox 1896 4020 3447 4093">
    <p class='ocr_par' dir='ltr' id='par_1_84' title="bbox 1896 4020 3447 4093">
     <span class='ocr_line' id='line_1_84' title="bbox 1896 4020 3447 4093; baseline -0.003 -16"><span class='ocrx_word' id='word_1_566' title='bbox 1896 4033 2046 4093; x_wconf 89' lang='lat' dir='ltr'><strong>puta.</strong></span> <span class='ocrx_word' id='word_1_567' title='bbox 2078 4033 2132 4079; x_wconf 87' lang='lat' dir='ltr'><strong>et</strong></span> <span class='ocrx_word' id='word_1_568' title='bbox 2161 4023 2382 4077; x_wconf 83' lang='lat' dir='ltr'><strong>sudores</strong></span> <span class='ocrx_word' id='word_1_569' title='bbox 2410 4039 2423 4073; x_wconf 87' lang='lat'>:</span> <span class='ocrx_word' id='word_1_570' title='bbox 2458 4022 2561 4075; x_wconf 92' lang='lat' dir='ltr'><strong>hoc</strong></span> <span class='ocrx_word' id='word_1_571' title='bbox 2590 4036 2717 4074; x_wconf 82' lang='lat' dir='ltr'><strong>vero</strong></span> <span class='ocrx_word' id='word_1_572' title='bbox 2753 4035 2857 4074; x_wconf 91' lang='lat' dir='ltr'><strong>non</strong></span> <span class='ocrx_word' id='word_1_573' title='bbox 2919 4020 3037 4087; x_wconf 85' lang='lat' dir='ltr'><strong>ejus</strong></span> <span class='ocrx_word' id='word_1_574' title='bbox 3067 4021 3257 4073; x_wconf 81' lang='lat' dir='ltr'><strong>adimit</strong></span> <span class='ocrx_word' id='word_1_575' title='bbox 3299 4030 3447 4088; x_wconf 88' lang='lat' dir='ltr'><strong>pote-</strong></span> 
     </span>
    </p>
   </div>
   <div class='ocr_carea' id='block_1_85' title="bbox 1897 4109 3448 4181">
    <p class='ocr_par' dir='ltr' id='par_1_85' title="bbox 1897 4109 3448 4181">
     <span class='ocr_line' id='line_1_85' title="bbox 1897 4109 3448 4181; baseline -0.006 -12"><span class='ocrx_word' id='word_1_576' title='bbox 1897 4123 2110 4180; x_wconf 88' lang='lat' dir='ltr'><strong>statem,</strong></span> <span class='ocrx_word' id='word_1_577' title='bbox 2130 4114 2220 4167; x_wconf 92' lang='lat' dir='ltr'><strong>sed</strong></span> <span class='ocrx_word' id='word_1_578' title='bbox 2240 4111 2636 4181; x_wconf 87' lang='lat' dir='ltr'><strong>ejusjustitiam</strong></span> <span class='ocrx_word' id='word_1_579' title='bbox 2661 4110 2876 4165; x_wconf 78' lang='lat' dir='ltr'><strong>exhibet</strong></span> <span class='ocrx_word' id='word_1_580' title='bbox 2901 4127 2914 4172; x_wconf 90' lang='lat'>;</span> <span class='ocrx_word' id='word_1_581' title='bbox 2948 4109 3088 4177; x_wconf 92' lang='lat' dir='ltr'><strong>quod</strong></span> <span class='ocrx_word' id='word_1_582' title='bbox 3113 4110 3253 4161; x_wconf 88' lang='lat' dir='ltr'><strong>enim</strong></span> <span class='ocrx_word' id='word_1_583' title='bbox 3298 4119 3448 4175; x_wconf 87' lang='lat' dir='ltr'><strong>pote-</strong></span> 
     </span>
    </p>
   </div>
   <div class='ocr_carea' id='block_1_86' title="bbox 1898 4196 3444 4266">
    <p class='ocr_par' dir='ltr' id='par_1_86' title="bbox 1898 4196 3444 4266">
     <span class='ocr_line' id='line_1_86' title="bbox 1898 4196 3444 4266; baseline -0.007 -9"><span class='ocrx_word' id='word_1_584' title='bbox 1898 4213 2088 4257; x_wconf 82' lang='lat' dir='ltr'><strong>statein</strong></span> <span class='ocrx_word' id='word_1_585' title='bbox 2127 4201 2336 4264; x_wconf 86' lang='lat' dir='ltr'><strong>habeat,</strong></span> <span class='ocrx_word' id='word_1_586' title='bbox 2382 4198 2501 4253; x_wconf 90' lang='lat' dir='ltr'><strong>audi</strong></span> <span class='ocrx_word' id='word_1_587' title='bbox 2541 4216 2553 4250; x_wconf 94' lang='lat'><strong>:</strong></span> <span class='ocrx_word' id='word_1_588' title='bbox 2590 4196 2700 4266; x_wconf 84' lang='lat' dir='ltr'><strong>Ego</strong></span> <span class='ocrx_word' id='word_1_589' title='bbox 2751 4206 2923 4250; x_wconf 84' lang='lat' dir='ltr'><strong>autem</strong></span> <span class='ocrx_word' id='word_1_590' title='bbox 2977 4196 3068 4248; x_wconf 86' lang='lat' dir='ltr'><strong>tibi</strong></span> <span class='ocrx_word' id='word_1_591' title='bbox 3107 4197 3240 4248; x_wconf 85' lang='lat' dir='ltr'><strong>dabo</strong></span> <span class='ocrx_word' id='word_1_592' title='bbox 3281 4198 3444 4247; x_wconf 78' lang='lat' dir='ltr'><strong>ctam</strong></span> 
     </span>
    </p>
   </div>
   <div class='ocr_carea' id='block_1_87' title="bbox 1899 4280 3445 4360">
    <p class='ocr_par' dir='ltr' id='par_1_87' title="bbox 1899 4280 3445 4360">
     <span class='ocr_line' id='line_1_87' title="bbox 1899 4280 3445 4360; baseline -0.008 -17"><span class='ocrx_word' id='word_1_593' title='bbox 1899 4293 2040 4360; x_wconf 81' lang='lat' dir='ltr'><strong>regni</strong></span> <span class='ocrx_word' id='word_1_594' title='bbox 2059 4290 2301 4343; x_wconf 71' lang='lat' dir='ltr'><strong>caelorum</strong></span> <span class='ocrx_word' id='word_1_595' title='bbox 2326 4306 2343 4352; x_wconf 80' lang='lat'><strong>,-</strong></span> <span class='ocrx_word' id='word_1_596' title='bbox 2368 4298 2417 4341; x_wconf 91' lang='lat' dir='ltr'><strong>et</strong></span> <span class='ocrx_word' id='word_1_597' title='bbox 2445 4286 2644 4339; x_wconf 87' lang='lat' dir='ltr'><strong>Paulus</strong></span> <span class='ocrx_word' id='word_1_598' title='bbox 2666 4286 2805 4339; x_wconf 90' lang='lat' dir='ltr'><strong>idem</strong></span> <span class='ocrx_word' id='word_1_599' title='bbox 2831 4285 3075 4337; x_wconf 86' lang='lat' dir='ltr'><strong>indicans</strong></span> <span class='ocrx_word' id='word_1_600' title='bbox 3094 4283 3245 4334; x_wconf 74' lang='lat' dir='ltr'><strong>dixit:</strong></span> <span class='ocrx_word' id='word_1_601' title='bbox 3276 4280 3337 4332; x_wconf 85' lang='lat' dir='ltr'><strong>In</strong></span> <span class='ocrx_word' id='word_1_602' title='bbox 3365 4299 3445 4331; x_wconf 74' lang='lat' dir='ltr'><strong>rc-</strong></span> 
     </span>
    </p>
   </div>
   <div class='ocr_carea' id='block_1_88' title="bbox 1902 4366 3443 4449">
    <p class='ocr_par' dir='ltr' id='par_1_88' title="bbox 1902 4366 3443 4449">
     <span class='ocr_line' id='line_1_88' title="bbox 1902 4366 3443 4449; baseline -0.008 -16"><span class='ocrx_word' id='word_1_603' title='bbox 1902 4381 2039 4449; x_wconf 81' lang='lat' dir='ltr'><strong>liquo</strong></span> <span class='ocrx_word' id='word_1_604' title='bbox 2068 4380 2290 4447; x_wconf 76' lang='lat' dir='ltr'><strong>reposita</strong></span> <span class='ocrx_word' id='word_1_605' title='bbox 2317 4387 2392 4431; x_wconf 76' lang='lat' dir='ltr'><strong>est</strong></span> <span class='ocrx_word' id='word_1_606' title='bbox 2412 4377 2538 4430; x_wconf 80' lang='lat' dir='ltr'><strong>mihi</strong></span> <span class='ocrx_word' id='word_1_607' title='bbox 2559 4391 2751 4429; x_wconf 84' lang='lat' dir='ltr'><strong>corona</strong></span> <span class='ocrx_word' id='word_1_608' title='bbox 2772 4366 3017 4442; x_wconf 77' lang='lat' dir='ltr'><strong>justitite,</strong></span> <span class='ocrx_word' id='word_1_609' title='bbox 3069 4388 3221 4439; x_wconf 83' lang='lat' dir='ltr'><strong>quant</strong></span> <span class='ocrx_word' id='word_1_610' title='bbox 3272 4372 3443 4422; x_wconf 67' lang='lat' dir='ltr'><strong>ret/det</strong></span> 
     </span>
    </p>
   </div>
   <div class='ocr_carea' id='block_1_89' title="bbox 228 4464 1789 4541">
    <p class='ocr_par' dir='ltr' id='par_1_89' title="bbox 228 4466 1789 4541">
     <span class='ocr_line' id='line_1_89' title="bbox 228 4466 1789 4541; baseline 0.009 -27"><span class='ocrx_word' id='word_1_611' title='bbox 228 4480 339 4533; x_wconf 75' lang='grc' dir='ltr'><strong>μοι</strong></span> <span class='ocrx_word' id='word_1_612' title='bbox 390 4466 620 4532; x_wconf 81' lang='grc' dir='ltr'>Κύριος,</span> <span class='ocrx_word' id='word_1_613' title='bbox 676 4468 772 4520; x_wconf 78' lang='grc' dir='ltr'><strong>καί</strong></span> <span class='ocrx_word' id='word_1_614' title='bbox 828 4468 1015 4523; x_wconf 82' lang='grc' dir='ltr'>πᾶσιν</span> <span class='ocrx_word' id='word_1_615' title='bbox 1072 4472 1187 4536; x_wconf 84' lang='grc' dir='ltr'>τοῖς</span> <span class='ocrx_word' id='word_1_616' title='bbox 1237 4472 1615 4541; x_wconf 67' lang='grc' dir='ltr'>ἠγαπηκόσιν</span> <span class='ocrx_word' id='word_1_617' title='bbox 1679 4473 1789 4539; x_wconf 83' lang='grc' dir='ltr'>τὴν</span> 
     </span>
    </p>
   </div>
   <div class='ocr_carea' id='block_1_90' title="bbox 1887 4464 3443 4541">
    <p class='ocr_par' dir='ltr' id='par_1_90' title="bbox 1896 4464 3443 4533">
     <span class='ocr_line' id='line_1_90' title="bbox 1896 4464 3443 4533; baseline -0.008 -10"><span class='ocrx_word' id='word_1_618' title='bbox 1896 4472 2023 4524; x_wconf 85' lang='lat' dir='ltr'><strong>mihi</strong></span> <span class='ocrx_word' id='word_1_619' title='bbox 2084 4469 2356 4532; x_wconf 76' lang='lat' dir='ltr'><strong>Dominus,</strong></span> <span class='ocrx_word' id='word_1_620' title='bbox 2402 4479 2449 4520; x_wconf 80' lang='lat' dir='ltr'><strong>et</strong></span> <span class='ocrx_word' id='word_1_621' title='bbox 2495 4468 2729 4519; x_wconf 74' lang='lat' dir='ltr'><strong>omnibus</strong></span> <span class='ocrx_word' id='word_1_622' title='bbox 2764 4467 2850 4533; x_wconf 87' lang='lat' dir='ltr'><strong>qui</strong></span> <span class='ocrx_word' id='word_1_623' title='bbox 2903 4465 3126 4531; x_wconf 77' lang='lat' dir='ltr'><strong>diligunt</strong></span> <span class='ocrx_word' id='word_1_624' title='bbox 3170 4464 3443 4515; x_wconf 75' lang='lat' dir='ltr'><strong>adventum</strong></span> 
     </span>
    </p>
   </div>
   <div class='ocr_carea' id='block_1_91' title="bbox 225 4554 832 4621">
    <p class='ocr_par' dir='ltr' id='par_1_91' title="bbox 225 4554 832 4621">
     <span class='ocr_line' id='line_1_91' title="bbox 225 4554 832 4621; baseline 0.007 -14"><span class='ocrx_word' id='word_1_625' title='bbox 225 4554 588 4621; x_wconf 66' lang='grc' dir='ltr'>ἐπιφάνειαν</span> <span class='ocrx_word' id='word_1_626' title='bbox 627 4560 772 4612; x_wconf 85' lang='grc' dir='ltr'>αὐτο</span> <span class='ocrx_word' id='word_1_627' title='bbox 781 4558 832 4613; x_wconf 86' lang='grc' dir='ltr'>ῦ.</span> 
     </span>
    </p>
   </div>
   <div class='ocr_carea' id='block_1_92' title="bbox 298 4669 1792 4737">
    <p class='ocr_par' dir='ltr' id='par_1_92' title="bbox 298 4669 1792 4737">
     <span class='ocr_line' id='line_1_92' title="bbox 298 4669 1792 4737; baseline 0.005 -17"><span class='ocrx_word' id='word_1_628' title='bbox 298 4669 366 4720; x_wconf 83' lang='grc' dir='ltr'><strong>Εἰ</strong></span> <span class='ocrx_word' id='word_1_629' title='bbox 402 4670 450 4721; x_wconf 81' lang='lat' dir='ltr'><strong>oi</strong></span> <span class='ocrx_word' id='word_1_630' title='bbox 498 4669 591 4721; x_wconf 89' lang='grc' dir='ltr'><strong>δύο</strong></span> <span class='ocrx_word' id='word_1_631' title='bbox 629 4671 736 4723; x_wconf 85' lang='grc' dir='ltr'>τῶν</span> <span class='ocrx_word' id='word_1_632' title='bbox 768 4672 897 4724; x_wconf 83' lang='grc' dir='ltr'>δέκα</span> <span class='ocrx_word' id='word_1_633' title='bbox 938 4672 1403 4737; x_wconf 83' lang='grc' dir='ltr'>κατεξανίσταντο,</span> <span class='ocrx_word' id='word_1_634' title='bbox 1451 4675 1542 4727; x_wconf 76' lang='grc' dir='ltr'>καὶ</span> <span class='ocrx_word' id='word_1_635' title='bbox 1581 4676 1631 4727; x_wconf 79' lang='lat' dir='ltr'><strong>oi</strong></span> <span class='ocrx_word' id='word_1_636' title='bbox 1662 4676 1792 4727; x_wconf 84' lang='grc' dir='ltr'>δέκα</span> 
     </span>
    </p>
   </div>
   <div class='ocr_carea' id='block_1_93' title="bbox 225 4760 1791 4833">
    <p class='ocr_par' dir='ltr' id='par_1_93' title="bbox 225 4760 1791 4833">
     <span class='ocr_line' id='line_1_93' title="bbox 225 4760 1791 4833; baseline 0.005 -23"><span class='ocrx_word' id='word_1_637' title='bbox 225 4760 496 4828; x_wconf 76' lang='grc' dir='ltr'>ἐφθόνουν</span> <span class='ocrx_word' id='word_1_638' title='bbox 541 4763 648 4823; x_wconf 86' lang='grc' dir='ltr'>τοῖς</span> <span class='ocrx_word' id='word_1_639' title='bbox 675 4762 845 4825; x_wconf 78' lang='grc' dir='ltr'>δυσὶν,</span> <span class='ocrx_word' id='word_1_640' title='bbox 892 4765 951 4815; x_wconf 87' lang='grc' dir='ltr'><strong>ού</strong></span> <span class='ocrx_word' id='word_1_641' title='bbox 984 4764 1086 4833; x_wconf 75' lang='grc' dir='ltr'><strong>χρὴ</strong></span> <span class='ocrx_word' id='word_1_642' title='bbox 1113 4765 1167 4816; x_wconf 83' lang='grc' dir='ltr'>δὲ</span> <span class='ocrx_word' id='word_1_643' title='bbox 1196 4764 1351 4816; x_wconf 81' lang='grc' dir='ltr'>τοῦτο</span> <span class='ocrx_word' id='word_1_644' title='bbox 1389 4768 1628 4829; x_wconf 81' lang='grc' dir='ltr'>σκοπεῖν,</span> <span class='ocrx_word' id='word_1_645' title='bbox 1659 4765 1791 4819; x_wconf 80' lang='grc' dir='ltr'>ἀλλὰ</span> 
     </span>
    </p>
   </div>
   <div class='ocr_carea' id='block_1_94' title="bbox 224 4850 836 4905">
    <p class='ocr_par' dir='ltr' id='par_1_94' title="bbox 224 4850 836 4905">
     <span class='ocr_line' id='line_1_94' title="bbox 224 4850 836 4905; baseline 0.005 -3"><span class='ocrx_word' id='word_1_646' title='bbox 224 4851 304 4902; x_wconf 67' lang='grc' dir='ltr'>τὰ</span> <span class='ocrx_word' id='word_1_647' title='bbox 341 4850 613 4903; x_wconf 84' lang='grc' dir='ltr'>τελευταῖα</span> <span class='ocrx_word' id='word_1_648' title='bbox 641 4851 836 4905; x_wconf 77' lang='grc' dir='ltr'>αὐτῶν.</span> 
     </span>
    </p>
   </div>
   <div class='ocr_carea' id='block_1_95' title="bbox 300 4939 1792 5012">
    <p class='ocr_par' dir='ltr' id='par_1_95' title="bbox 300 4939 1792 5012">
     <span class='ocr_line' id='line_1_95' title="bbox 300 4939 1792 5012; baseline 0.006 -22"><span class='ocrx_word' id='word_1_649' title='bbox 300 4939 404 4992; x_wconf 78' lang='grc' dir='ltr'><strong>Διά</strong></span> <span class='ocrx_word' id='word_1_650' title='bbox 434 4940 483 4993; x_wconf 85' lang='grc' dir='ltr'><strong>τί</strong></span> <span class='ocrx_word' id='word_1_651' title='bbox 538 4940 828 5010; x_wconf 86' lang='grc' dir='ltr'>συνεχώρει</span> <span class='ocrx_word' id='word_1_652' title='bbox 880 4944 1109 5011; x_wconf 83' lang='grc' dir='ltr'>Χριστὸς</span> <span class='ocrx_word' id='word_1_653' title='bbox 1171 4944 1612 5012; x_wconf 75' lang='grc' dir='ltr'>ἐπιστομίζεσθαι</span> <span class='ocrx_word' id='word_1_654' title='bbox 1669 4947 1792 5009; x_wconf 79' lang='grc' dir='ltr'>τοὺς</span> 
     </span>
    </p>
   </div>
   <div class='ocr_carea' id='block_1_96' title="bbox 220 5029 1785 5106">
    <p class='ocr_par' dir='ltr' id='par_1_96' title="bbox 220 5029 1785 5106">
     <span class='ocr_line' id='line_1_96' title="bbox 220 5029 1785 5106; baseline 0.005 -25"><span class='ocrx_word' id='word_1_655' title='bbox 220 5029 468 5095; x_wconf 72' lang='grc' dir='ltr'>τυφλοὺς</span> <span class='ocrx_word' id='word_1_656' title='bbox 498 5030 600 5082; x_wconf 80' lang='grc' dir='ltr'><strong>ὑπὸ</strong></span> <span class='ocrx_word' id='word_1_657' title='bbox 626 5031 716 5083; x_wconf 81' lang='grc' dir='ltr'>τοῦ</span> <span class='ocrx_word' id='word_1_658' title='bbox 744 5031 895 5101; x_wconf 72' lang='grc' dir='ltr'>ὄχλου</span> <span class='ocrx_word' id='word_1_659' title='bbox 922 5050 935 5096; x_wconf 86' lang='grc'>;</span> <span class='ocrx_word' id='word_1_660' title='bbox 966 5034 1080 5085; x_wconf 86' lang='grc' dir='ltr'>’Ὶνα</span> <span class='ocrx_word' id='word_1_661' title='bbox 1104 5033 1362 5103; x_wconf 78' lang='grc' dir='ltr'>μειζόνως</span> <span class='ocrx_word' id='word_1_662' title='bbox 1386 5034 1561 5087; x_wconf 84' lang='grc' dir='ltr'>αὐτῶν</span> <span class='ocrx_word' id='word_1_663' title='bbox 1586 5038 1617 5104; x_wconf 88' lang='grc' dir='ltr'><strong>ή</strong></span> <span class='ocrx_word' id='word_1_664' title='bbox 1655 5054 1785 5106; x_wconf 81' lang='grc' dir='ltr'>προ-</span> 
     </span>
    </p>
   </div>
   <div class='ocr_carea' id='block_1_97' title="bbox 222 5118 1788 5193">
    <p class='ocr_par' dir='ltr' id='par_1_97' title="bbox 222 5118 1788 5193">
     <span class='ocr_line' id='line_1_97' title="bbox 222 5118 1788 5193; baseline 0.005 -22"><span class='ocrx_word' id='word_1_665' title='bbox 222 5118 410 5186; x_wconf 81' lang='grc' dir='ltr'>θυμία</span> <span class='ocrx_word' id='word_1_666' title='bbox 488 5120 739 5189; x_wconf 84' lang='grc' dir='ltr'>φαίνηται</span> <span class='ocrx_word' id='word_1_667' title='bbox 774 5138 787 5153; x_wconf 74' lang='grc' dir='ltr'><strong>ο</strong></span> <span class='ocrx_word' id='word_1_668' title='bbox 822 5123 908 5175; x_wconf 79' lang='grc' dir='ltr'>διὰ</span> <span class='ocrx_word' id='word_1_669' title='bbox 991 5122 1143 5176; x_wconf 82' lang='grc' dir='ltr'>τοῦτο</span> <span class='ocrx_word' id='word_1_670' title='bbox 1220 5124 1335 5176; x_wconf 79' lang='grc' dir='ltr'><strong>ούδέ</strong></span> <span class='ocrx_word' id='word_1_671' title='bbox 1397 5126 1574 5193; x_wconf 78' lang='grc' dir='ltr'>ἐρωτᾷ</span> <span class='ocrx_word' id='word_1_672' title='bbox 1620 5166 1636 5190; x_wconf 95' lang='grc'><strong>,</strong></span> <span class='ocrx_word' id='word_1_673' title='bbox 1693 5128 1788 5179; x_wconf 79' lang='lat' dir='ltr'><strong>11t-</strong></span> 
     </span>
    </p>
   </div>
   <div class='ocr_carea' id='block_1_98' title="bbox 220 5224 508 5274">
    <p class='ocr_par' dir='ltr' id='par_1_98' title="bbox 220 5224 508 5274">
     <span class='ocr_line' id='line_1_98' title="bbox 220 5224 508 5274; baseline -0.003 -13"><span class='ocrx_word' id='word_1_674' title='bbox 220 5224 456 5261; x_wconf 78' lang='grc' dir='ltr'>στευετε</span> <span class='ocrx_word' id='word_1_675' title='bbox 492 5226 508 5274; x_wconf 88' lang='lat'><strong>;</strong></span> 
     </span>
    </p>
   </div>
   <div class='ocr_carea' id='block_1_99' title="bbox 285 5316 1788 5396">
    <p class='ocr_par' dir='ltr' id='par_1_99' title="bbox 285 5316 1788 5396">
     <span class='ocr_line' id='line_1_99' title="bbox 285 5316 1788 5396; baseline 0.007 -27"><span class='ocrx_word' id='word_1_676' title='bbox 285 5316 399 5370; x_wconf 79' lang='grc' dir='ltr'><strong>Διὰ</strong></span> <span class='ocrx_word' id='word_1_677' title='bbox 422 5319 470 5370; x_wconf 92' lang='grc' dir='ltr'><strong>τί</strong></span> <span class='ocrx_word' id='word_1_678' title='bbox 508 5321 705 5389; x_wconf 80' lang='grc' dir='ltr'>ἐρωτᾷ,</span> <span class='ocrx_word' id='word_1_679' title='bbox 749 5321 807 5373; x_wconf 84' lang='grc' dir='ltr'>Τί</span> <span class='ocrx_word' id='word_1_680' title='bbox 840 5324 1039 5375; x_wconf 79' lang='grc' dir='ltr'>θέλετε</span> <span class='ocrx_word' id='word_1_681' title='bbox 1089 5322 1316 5387; x_wconf 75' lang='grc' dir='ltr'>ποιήσω</span> <span class='ocrx_word' id='word_1_682' title='bbox 1342 5323 1517 5391; x_wconf 84' lang='grc' dir='ltr'><strong>ὐμῖν;</strong></span> <span class='ocrx_word' id='word_1_683' title='bbox 1562 5326 1672 5379; x_wconf 81' lang='grc' dir='ltr'>Ἵνα</span> <span class='ocrx_word' id='word_1_684' title='bbox 1716 5329 1788 5396; x_wconf 92' lang='grc' dir='ltr'><strong>μή</strong></span> 
     </span>
    </p>
   </div>
   <div class='ocr_carea' id='block_1_100' title="bbox 212 5408 1787 5480">
    <p class='ocr_par' dir='ltr' id='par_1_100' title="bbox 212 5408 1787 5480">
     <span class='ocr_line' id='line_1_100' title="bbox 212 5408 1787 5480; baseline 0.004 -18"><span class='ocrx_word' id='word_1_685' title='bbox 212 5428 311 5473; x_wconf 75' lang='grc' dir='ltr'><strong>τις</strong></span> <span class='ocrx_word' id='word_1_686' title='bbox 340 5408 552 5478; x_wconf 81' lang='grc' dir='ltr'>νομίσῃ,</span> <span class='ocrx_word' id='word_1_687' title='bbox 586 5411 665 5461; x_wconf 82' lang='grc' dir='ltr'>ὅτι</span> <span class='ocrx_word' id='word_1_688' title='bbox 692 5410 856 5462; x_wconf 79' lang='grc' dir='ltr'>Ἀλλα</span> <span class='ocrx_word' id='word_1_689' title='bbox 880 5408 1217 5480; x_wconf 79' lang='grc' dir='ltr'>βουλομένοις</span> <span class='ocrx_word' id='word_1_690' title='bbox 1239 5412 1430 5475; x_wconf 81' lang='grc' dir='ltr'>λαλεῖς,</span> <span class='ocrx_word' id='word_1_691' title='bbox 1455 5415 1588 5467; x_wconf 76' lang='grc' dir='ltr'>ἄλλα</span> <span class='ocrx_word' id='word_1_692' title='bbox 1612 5415 1787 5477; x_wconf 80' lang='grc' dir='ltr'>δίδως’</span> 
     </span>
    </p>
   </div>
   <div class='ocr_carea' id='block_1_101' title="bbox 215 5500 1787 5574">
    <p class='ocr_par' dir='ltr' id='par_1_101' title="bbox 215 5500 1787 5574">
     <span class='ocr_line' id='line_1_101' title="bbox 215 5500 1787 5574; baseline 0.002 -21"><span class='ocrx_word' id='word_1_693' title='bbox 215 5502 326 5553; x_wconf 74' lang='grc' dir='ltr'>καὶ</span> <span class='ocrx_word' id='word_1_694' title='bbox 350 5500 437 5550; x_wconf 79' lang='grc' dir='ltr'>ἵνα</span> <span class='ocrx_word' id='word_1_695' title='bbox 458 5502 577 5561; x_wconf 81' lang='grc' dir='ltr'>τοὺς</span> <span class='ocrx_word' id='word_1_696' title='bbox 600 5500 788 5563; x_wconf 79' lang='grc' dir='ltr'>ἄλλους</span> <span class='ocrx_word' id='word_1_697' title='bbox 813 5504 890 5563; x_wconf 79' lang='grc' dir='ltr'>εἰς</span> <span class='ocrx_word' id='word_1_698' title='bbox 910 5503 1126 5569; x_wconf 80' lang='grc' dir='ltr'>μείζονα</span> <span class='ocrx_word' id='word_1_699' title='bbox 1151 5502 1310 5570; x_wconf 78' lang='grc' dir='ltr'>ζῆλον</span> <span class='ocrx_word' id='word_1_700' title='bbox 1338 5505 1537 5574; x_wconf 81' lang='grc' dir='ltr'>ἀγάγῃ.</span> <span class='ocrx_word' id='word_1_701' title='bbox 1563 5505 1787 5573; x_wconf 83' lang='grc' dir='ltr'>Ἕτερον</span> 
     </span>
    </p>
   </div>
   <div class='ocr_carea' id='block_1_102' title="bbox 211 5590 1789 5666">
    <p class='ocr_par' dir='ltr' id='par_1_102' title="bbox 211 5590 1789 5666">
     <span class='ocr_line' id='line_1_102' title="bbox 211 5590 1789 5666; baseline 0.004 -24"><span class='ocrx_word' id='word_1_702' title='bbox 211 5595 275 5642; x_wconf 77' lang='grc' dir='ltr'>δὲ</span> <span class='ocrx_word' id='word_1_703' title='bbox 315 5592 412 5642; x_wconf 81' lang='grc' dir='ltr'>ἵνα</span> <span class='ocrx_word' id='word_1_704' title='bbox 434 5591 574 5658; x_wconf 79' lang='grc' dir='ltr'>δείξῃ</span> <span class='ocrx_word' id='word_1_705' title='bbox 598 5590 690 5655; x_wconf 81' lang='grc' dir='ltr'>τῆς</span> <span class='ocrx_word' id='word_1_706' title='bbox 711 5591 913 5659; x_wconf 83' lang='grc' dir='ltr'>δωρεᾶς</span> <span class='ocrx_word' id='word_1_707' title='bbox 944 5594 1166 5655; x_wconf 83' lang='grc' dir='ltr'>δικαίως</span> <span class='ocrx_word' id='word_1_708' title='bbox 1196 5596 1583 5657; x_wconf 57' lang='grc' dir='ltr'>ἀπολαύοντας</span> <span class='ocrx_word' id='word_1_709' title='bbox 1602 5597 1789 5666; x_wconf 75' lang='grc' dir='ltr'>ὥσπερ</span> 
     </span>
    </p>
   </div>
   <div class='ocr_carea' id='block_1_103' title="bbox 210 5680 1787 5757">
    <p class='ocr_par' dir='ltr' id='par_1_103' title="bbox 210 5680 1787 5757">
     <span class='ocr_line' id='line_1_103' title="bbox 210 5680 1787 5757; baseline 0.004 -23"><span class='ocrx_word' id='word_1_710' title='bbox 210 5683 319 5734; x_wconf 68' lang='grc' dir='ltr'>ἐπὶ</span> <span class='ocrx_word' id='word_1_711' title='bbox 359 5683 455 5747; x_wconf 69' lang='grc' dir='ltr'>τῆς</span> <span class='ocrx_word' id='word_1_712' title='bbox 488 5680 791 5743; x_wconf 82' lang='grc' dir='ltr'>Χαναναίας</span> <span class='ocrx_word' id='word_1_713' title='bbox 845 5683 934 5757; x_wconf 64' lang='grc' dir='ltr'><strong>καί</strong></span> <span class='ocrx_word' id='word_1_714' title='bbox 980 5683 1070 5734; x_wconf 78' lang='grc' dir='ltr'>τοῦ</span> <span class='ocrx_word' id='word_1_715' title='bbox 1135 5686 1525 5755; x_wconf 75' lang='grc' dir='ltr'>ἑκατοντάρχου</span> <span class='ocrx_word' id='word_1_716' title='bbox 1577 5690 1666 5740; x_wconf 69' lang='grc' dir='ltr'>καὶ</span> <span class='ocrx_word' id='word_1_717' title='bbox 1696 5690 1787 5756; x_wconf 77' lang='grc' dir='ltr'>τῆς</span> 
     </span>
    </p>
   </div>
   <div class='ocr_carea' id='block_1_104' title="bbox 1891 4577 2023 4629">
    <p class='ocr_par' dir='ltr' id='par_1_104' title="bbox 1891 4577 2023 4629">
     <span class='ocr_line' id='line_1_104' title="bbox 1891 4577 2023 4629; baseline 0.008 -16"><span class='ocrx_word' id='word_1_718' title='bbox 1891 4577 2023 4629; x_wconf 75' lang='lat' dir='ltr'><strong>ejus.</strong></span> 
     </span>
    </p>
   </div>
   <div class='ocr_carea' id='block_1_105' title="bbox 1965 4659 3440 4728">
    <p class='ocr_par' dir='ltr' id='par_1_105' title="bbox 1965 4659 3440 4728">
     <span class='ocr_line' id='line_1_105' title="bbox 1965 4659 3440 4728; baseline -0.004 -11"><span class='ocrx_word' id='word_1_719' title='bbox 1965 4666 2123 4721; x_wconf 71' lang='lat' dir='ltr'><strong>Vens.</strong></span> <span class='ocrx_word' id='word_1_720' title='bbox 2153 4666 2241 4719; x_wconf 72' lang='lat'><strong>25.</strong></span> <span class='ocrx_word' id='word_1_721' title='bbox 2276 4665 2330 4717; x_wconf 90' lang='lat' dir='ltr'><strong>Si</strong></span> <span class='ocrx_word' id='word_1_722' title='bbox 2363 4665 2471 4718; x_wconf 91' lang='lat' dir='ltr'><strong>duo</strong></span> <span class='ocrx_word' id='word_1_723' title='bbox 2502 4664 2683 4717; x_wconf 82' lang='lat' dir='ltr'><strong>decem</strong></span> <span class='ocrx_word' id='word_1_724' title='bbox 2711 4661 2830 4714; x_wconf 87' lang='lat' dir='ltr'><strong>aliis</strong></span> <span class='ocrx_word' id='word_1_725' title='bbox 2852 4660 3156 4728; x_wconf 79' lang='lat' dir='ltr'><strong>insurgunt,</strong></span> <span class='ocrx_word' id='word_1_726' title='bbox 3187 4669 3237 4712; x_wconf 91' lang='lat' dir='ltr'><strong>et</strong></span> <span class='ocrx_word' id='word_1_727' title='bbox 3256 4659 3440 4713; x_wconf 85' lang='lat' dir='ltr'><strong>decem</strong></span> 
     </span>
    </p>
   </div>
   <div class='ocr_carea' id='block_1_106' title="bbox 1892 4752 3435 4822">
    <p class='ocr_par' dir='ltr' id='par_1_106' title="bbox 1892 4752 3435 4822">
     <span class='ocr_line' id='line_1_106' title="bbox 1892 4752 3435 4822; baseline -0.005 -9"><span class='ocrx_word' id='word_1_728' title='bbox 1892 4761 1981 4813; x_wconf 87' lang='lat' dir='ltr'><strong>alii</strong></span> <span class='ocrx_word' id='word_1_729' title='bbox 2016 4760 2151 4813; x_wconf 84' lang='lat' dir='ltr'><strong>duos</strong></span> <span class='ocrx_word' id='word_1_730' title='bbox 2184 4759 2437 4820; x_wconf 89' lang='lat' dir='ltr'><strong>oderunt,</strong></span> <span class='ocrx_word' id='word_1_731' title='bbox 2480 4770 2585 4807; x_wconf 89' lang='lat' dir='ltr'><strong>non</strong></span> <span class='ocrx_word' id='word_1_732' title='bbox 2617 4762 2828 4822; x_wconf 84' lang='lat' dir='ltr'><strong>oportet</strong></span> <span class='ocrx_word' id='word_1_733' title='bbox 2879 4752 2945 4804; x_wconf 88' lang='lat' dir='ltr'><strong>ad</strong></span> <span class='ocrx_word' id='word_1_734' title='bbox 2976 4752 3105 4803; x_wconf 87' lang='lat' dir='ltr'><strong>illud</strong></span> <span class='ocrx_word' id='word_1_735' title='bbox 3135 4753 3435 4814; x_wconf 73' lang='lat' dir='ltr'><strong>attendere,</strong></span> 
     </span>
    </p>
   </div>
   <div class='ocr_carea' id='block_1_107' title="bbox 1893 4849 2575 4903">
    <p class='ocr_par' dir='ltr' id='par_1_107' title="bbox 1893 4849 2575 4903">
     <span class='ocr_line' id='line_1_107' title="bbox 1893 4849 2575 4903; baseline -0.01 0"><span class='ocrx_word' id='word_1_736' title='bbox 1893 4850 1981 4903; x_wconf 66' lang='lat' dir='ltr'><strong>sed</strong></span> <span class='ocrx_word' id='word_1_737' title='bbox 2001 4849 2064 4901; x_wconf 89' lang='lat' dir='ltr'><strong>ad</strong></span> <span class='ocrx_word' id='word_1_738' title='bbox 2099 4862 2285 4902; x_wconf 87' lang='lat' dir='ltr'><strong>eorum</strong></span> <span class='ocrx_word' id='word_1_739' title='bbox 2316 4856 2575 4901; x_wconf 74' lang='lat' dir='ltr'><strong>extrema.</strong></span> 
     </span>
    </p>
   </div>
   <div class='ocr_carea' id='block_1_108' title="bbox 1968 4932 3438 5000">
    <p class='ocr_par' dir='ltr' id='par_1_108' title="bbox 1968 4932 3438 5000">
     <span class='ocr_line' id='line_1_108' title="bbox 1968 4932 3438 5000; baseline -0.005 -12"><span class='ocrx_word' id='word_1_740' title='bbox 1968 4936 2127 4990; x_wconf 66' lang='lat' dir='ltr'><strong>Vens.</strong></span> <span class='ocrx_word' id='word_1_741' title='bbox 2227 4936 2313 4989; x_wconf 78' lang='lat'><strong>51.</strong></span> <span class='ocrx_word' id='word_1_742' title='bbox 2372 4933 2479 4988; x_wconf 91' lang='lat' dir='ltr'><strong>Cur</strong></span> <span class='ocrx_word' id='word_1_743' title='bbox 2532 4936 2801 4988; x_wconf 88' lang='lat' dir='ltr'><strong>consentit</strong></span> <span class='ocrx_word' id='word_1_744' title='bbox 2854 4934 3103 4987; x_wconf 89' lang='lat' dir='ltr'><strong>Christus</strong></span> <span class='ocrx_word' id='word_1_745' title='bbox 3176 4932 3438 5000; x_wconf 74' lang='lat' dir='ltr'><strong>increpari</strong></span> 
     </span>
    </p>
   </div>
   <div class='ocr_carea' id='block_1_109' title="bbox 1894 5026 3426 5094">
    <p class='ocr_par' dir='ltr' id='par_1_109' title="bbox 1894 5026 3426 5094">
     <span class='ocr_line' id='line_1_109' title="bbox 1894 5026 3426 5094; baseline -0.007 -12"><span class='ocrx_word' id='word_1_746' title='bbox 1894 5044 2063 5082; x_wconf 66' lang='lat' dir='ltr'><strong>catcos</strong></span> <span class='ocrx_word' id='word_1_747' title='bbox 2093 5044 2121 5080; x_wconf 87' lang='lat' dir='ltr'><strong>a</strong></span> <span class='ocrx_word' id='word_1_748' title='bbox 2154 5028 2309 5080; x_wconf 88' lang='lat' dir='ltr'><strong>turba</strong></span> <span class='ocrx_word' id='word_1_749' title='bbox 2348 5027 2369 5078; x_wconf 74' lang='grc' dir='ltr'>’ί</span> <span class='ocrx_word' id='word_1_750' title='bbox 2400 5036 2457 5079; x_wconf 90' lang='lat' dir='ltr'><strong>ut</strong></span> <span class='ocrx_word' id='word_1_751' title='bbox 2498 5026 2667 5094; x_wconf 79' lang='lat' dir='ltr'><strong>magis</strong></span> <span class='ocrx_word' id='word_1_752' title='bbox 2705 5039 2891 5078; x_wconf 87' lang='lat' dir='ltr'><strong>eorum</strong></span> <span class='ocrx_word' id='word_1_753' title='bbox 2952 5026 3114 5077; x_wconf 90' lang='lat' dir='ltr'><strong>ardor</strong></span> <span class='ocrx_word' id='word_1_754' title='bbox 3151 5032 3426 5092; x_wconf 81' lang='lat' dir='ltr'><strong>appareat.</strong></span> 
     </span>
    </p>
   </div>
   <div class='ocr_carea' id='block_1_110' title="bbox 1893 5116 2804 5185">
    <p class='ocr_par' dir='ltr' id='par_1_110' title="bbox 1893 5116 2804 5185">
     <span class='ocr_line' id='line_1_110' title="bbox 1893 5116 2804 5185; baseline -0.005 -14"><span class='ocrx_word' id='word_1_755' title='bbox 1893 5119 2015 5173; x_wconf 89' lang='lat' dir='ltr'><strong>Ideo</strong></span> <span class='ocrx_word' id='word_1_756' title='bbox 2047 5133 2153 5171; x_wconf 88' lang='lat' dir='ltr'><strong>non</strong></span> <span class='ocrx_word' id='word_1_757' title='bbox 2197 5119 2510 5185; x_wconf 80' lang='lat' dir='ltr'><strong>interrogat,</strong></span> <span class='ocrx_word' id='word_1_758' title='bbox 2546 5116 2804 5169; x_wconf 85' lang='lat' dir='ltr'><strong>creditis?</strong></span> 
     </span>
    </p>
   </div>
   <div class='ocr_carea' id='block_1_111' title="bbox 1958 5314 3434 5383">
    <p class='ocr_par' dir='ltr' id='par_1_111' title="bbox 1958 5314 3434 5383">
     <span class='ocr_line' id='line_1_111' title="bbox 1958 5314 3434 5383; baseline -0.005 -13"><span class='ocrx_word' id='word_1_759' title='bbox 1958 5318 2215 5372; x_wconf 76' lang='lat' dir='ltr'><strong>Vras.’52.</strong></span> <span class='ocrx_word' id='word_1_760' title='bbox 2248 5316 2357 5371; x_wconf 89' lang='lat' dir='ltr'><strong>Cur</strong></span> <span class='ocrx_word' id='word_1_761' title='bbox 2400 5317 2732 5383; x_wconf 77' lang='lat' dir='ltr'><strong>interrogat:</strong></span> <span class='ocrx_word' id='word_1_762' title='bbox 2776 5315 2911 5378; x_wconf 79' lang='lat' dir='ltr'><strong>Quid</strong></span> <span class='ocrx_word' id='word_1_763' title='bbox 2951 5316 3104 5366; x_wconf 76' lang='lat' dir='ltr'><strong>vultis</strong></span> <span class='ocrx_word' id='word_1_764' title='bbox 3145 5326 3194 5364; x_wconf 84' lang='lat' dir='ltr'><strong>ut</strong></span> <span class='ocrx_word' id='word_1_765' title='bbox 3243 5314 3434 5377; x_wconf 74' lang='lat' dir='ltr'><strong>faciam</strong></span> 
     </span>
    </p>
   </div>
   <div class='ocr_carea' id='block_1_112' title="bbox 1892 5405 3432 5478">
    <p class='ocr_par' dir='ltr' id='par_1_112' title="bbox 1892 5405 3432 5478">
     <span class='ocr_line' id='line_1_112' title="bbox 1892 5405 3432 5478; baseline -0.008 -12"><span class='ocrx_word' id='word_1_766' title='bbox 1892 5414 2029 5466; x_wconf 83' lang='lat' dir='ltr'><strong>vobis</strong></span> <span class='ocrx_word' id='word_1_767' title='bbox 2056 5414 2079 5464; x_wconf 83' lang='lat'><strong><em>?</em></strong></span> <span class='ocrx_word' id='word_1_768' title='bbox 2111 5427 2175 5464; x_wconf 92' lang='lat' dir='ltr'><strong>ne</strong></span> <span class='ocrx_word' id='word_1_769' title='bbox 2200 5409 2320 5478; x_wconf 90' lang='lat' dir='ltr'><strong>quis</strong></span> <span class='ocrx_word' id='word_1_770' title='bbox 2348 5417 2495 5478; x_wconf 89' lang='lat' dir='ltr'><strong>putet</strong></span> <span class='ocrx_word' id='word_1_771' title='bbox 2527 5412 2653 5475; x_wconf 84' lang='lat' dir='ltr'><strong>quia</strong></span> <span class='ocrx_word' id='word_1_772' title='bbox 2685 5406 2785 5459; x_wconf 90' lang='lat' dir='ltr'><strong>alia</strong></span> <span class='ocrx_word' id='word_1_773' title='bbox 2822 5405 3119 5457; x_wconf 74' lang='lat' dir='ltr'><strong>volentibus</strong></span> <span class='ocrx_word' id='word_1_774' title='bbox 3169 5406 3432 5471; x_wconf 83' lang='lat' dir='ltr'><strong>loqueris,</strong></span> 
     </span>
    </p>
   </div>
   <div class='ocr_carea' id='block_1_113' title="bbox 1893 5493 3430 5565">
    <p class='ocr_par' dir='ltr' id='par_1_113' title="bbox 1893 5493 3430 5565">
     <span class='ocr_line' id='line_1_113' title="bbox 1893 5493 3430 5565; baseline -0.008 -8"><span class='ocrx_word' id='word_1_775' title='bbox 1893 5506 1992 5557; x_wconf 91' lang='lat' dir='ltr'><strong>alia</strong></span> <span class='ocrx_word' id='word_1_776' title='bbox 2022 5503 2117 5555; x_wconf 89' lang='lat' dir='ltr'><strong>das</strong></span> <span class='ocrx_word' id='word_1_777' title='bbox 2149 5518 2162 5565; x_wconf 88' lang='lat'><strong>;</strong></span> <span class='ocrx_word' id='word_1_778' title='bbox 2198 5508 2249 5552; x_wconf 88' lang='lat' dir='ltr'><strong>et</strong></span> <span class='ocrx_word' id='word_1_779' title='bbox 2283 5507 2339 5551; x_wconf 92' lang='lat' dir='ltr'><strong>ut</strong></span> <span class='ocrx_word' id='word_1_780' title='bbox 2368 5499 2500 5552; x_wconf 91' lang='lat' dir='ltr'><strong>alios</strong></span> <span class='ocrx_word' id='word_1_781' title='bbox 2525 5496 2575 5548; x_wconf 92' lang='lat' dir='ltr'><strong>in</strong></span> <span class='ocrx_word' id='word_1_782' title='bbox 2602 5496 2856 5562; x_wconf 84' lang='lat' dir='ltr'><strong>majorem</strong></span> <span class='ocrx_word' id='word_1_783' title='bbox 2892 5493 3142 5545; x_wconf 67' lang='lat' dir='ltr'><strong>invidiam</strong></span> <span class='ocrx_word' id='word_1_784' title='bbox 3170 5493 3385 5545; x_wconf 83' lang='lat' dir='ltr'><strong>inducat</strong></span> <span class='ocrx_word' id='word_1_785' title='bbox 3415 5512 3430 5555; x_wconf 84' lang='lat'><strong>,-</strong></span> 
     </span>
    </p>
   </div>
   <div class='ocr_carea' id='block_1_114' title="bbox 1893 5585 3427 5653">
    <p class='ocr_par' dir='ltr' id='par_1_114' title="bbox 1893 5585 3427 5653">
     <span class='ocr_line' id='line_1_114' title="bbox 1893 5585 3427 5653; baseline -0.009 0"><span class='ocrx_word' id='word_1_786' title='bbox 1893 5601 2043 5653; x_wconf 85' lang='lat' dir='ltr'><strong>aliter</strong></span> <span class='ocrx_word' id='word_1_787' title='bbox 2073 5605 2251 5648; x_wconf 88' lang='lat' dir='ltr'><strong>autem</strong></span> <span class='ocrx_word' id='word_1_788' title='bbox 2294 5601 2351 5645; x_wconf 89' lang='lat' dir='ltr'><strong>nt</strong></span> <span class='ocrx_word' id='word_1_789' title='bbox 2408 5590 2656 5644; x_wconf 84' lang='lat' dir='ltr'><strong>ostendat</strong></span> <span class='ocrx_word' id='word_1_790' title='bbox 2714 5589 2807 5638; x_wconf 79' lang='lat' dir='ltr'><strong>hos</strong></span> <span class='ocrx_word' id='word_1_791' title='bbox 2864 5585 3008 5652; x_wconf 80' lang='lat' dir='ltr'><strong>jnstc</strong></span> <span class='ocrx_word' id='word_1_792' title='bbox 3061 5586 3427 5639; x_wconf 79' lang='lat' dir='ltr'><strong>benevolentia</strong></span> 
     </span>
    </p>
   </div>
   <div class='ocr_carea' id='block_1_115' title="bbox 1896 5674 3435 5746">
    <p class='ocr_par' dir='ltr' id='par_1_115' title="bbox 1896 5674 3435 5746">
     <span class='ocr_line' id='line_1_115' title="bbox 1896 5674 3435 5746; baseline -0.005 -9"><span class='ocrx_word' id='word_1_793' title='bbox 1896 5687 2149 5746; x_wconf 79' lang='lat' dir='ltr'><strong>fruentes,</strong></span> <span class='ocrx_word' id='word_1_794' title='bbox 2183 5691 2233 5733; x_wconf 88' lang='lat' dir='ltr'><strong>ut</strong></span> <span class='ocrx_word' id='word_1_795' title='bbox 2264 5680 2314 5731; x_wconf 89' lang='lat' dir='ltr'><strong>in</strong></span> <span class='ocrx_word' id='word_1_796' title='bbox 2346 5678 2663 5738; x_wconf 72' lang='lat' dir='ltr'><strong>Chanana&#39;a,</strong></span> <span class='ocrx_word' id='word_1_797' title='bbox 2693 5683 2740 5725; x_wconf 80' lang='lat' dir='ltr'><strong>ct</strong></span> <span class='ocrx_word' id='word_1_798' title='bbox 2770 5674 3099 5737; x_wconf 73' lang='lat' dir='ltr'><strong>centurione,</strong></span> <span class='ocrx_word' id='word_1_799' title='bbox 3134 5686 3183 5729; x_wconf 89' lang='lat' dir='ltr'><strong>ct</strong></span> <span class='ocrx_word' id='word_1_800' title='bbox 3212 5674 3435 5729; x_wconf 59' lang='lat' dir='ltr'><strong>hiemet&quot;-</strong></span> 
     </span>
    </p>
   </div>
  </div>
