4138 6342
715 311 848 374 1H3

1417 318 1774 378 JPUSCULA
1815 319 2429 380 SCRIPTURISTICA
2475 324 2816 384 INCERTJE
2853 327 3154 386 IETATIS.

3762 322 3901 386 illi

707 424 942 477 rhoissa.
965 422 1131 492 Magis
1184 434 1362 479 autem
1391 427 1544 480 istam
1577 429 1656 481 vcl
1685 429 2022 482 sanationem
2070 429 2244 481 furan-

2351 433 2771 502 αίμορῤοούσης·
2806 436 3000 503 μᾶλλον
3030 437 3085 489 δὲ
3111 437 3278 506 αὐτὴν
3308 435 3400 488 καὶ
3436 434 3768 487 κλέπτουσαν
3797 437 3900 502 τὴν

709 521 810 562 tvm
846 510 1090 563 Christus
1125 513 1310 565 ultimo
1341 514 1676 568 manifestam
1725 516 1872 569 facit.

770 598 964 652 Curita
987 600 1300 671 interrogat,
1320 601 1455 666 Quid
1482 605 1676 658 vultis?
1701 621 1807 658 non
1835 606 1976 674 quod
2008 608 2239 677 ignoret,

707 686 798 738 sed
829 695 884 739 ut
916 698 1065 757 cogat
1095 689 1213 744 illos
1243 690 1539 759 patefacere
1580 694 1822 747 morbum
1860 704 1913 750 et
1947 697 2239 751 remedium

706 773 970 826 adhibeat.

1249 919 1471 974 CAPUT
1503 921 1637 974 XXI.

780 1040 938 1097 Vens.
973 1041 1026 1098 ἓ.
1055 1043 1217 1099 Multa
1250 1046 1301 1099 in
1326 1047 1472 1115 pullo
1496 1048 1911 1118 considerantur
1938 1067 1952 1102 :
2004 1050 2242 1117 praedicit

704 1133 843 1200 quod
892 1133 1183 1200 invenient,
1233 1137 1372 1205 quod
1430 1152 1534 1190 non
1590 1138 1947 1191 murmurabit
1991 1140 2241 1193 dominus

701 1220 837 1287 ejus,
867 1224 1118 1290 quamvis
1135 1239 1341 1293 pauper
1365 1226 1546 1289 fuerit,
1573 1226 1858 1279 terminum
1885 1228 2078 1296 jurgiis
2104 1245 2242 1296 pra:-

703 1309 831 1365 bens
879 1320 931 1365 et
961 1327 1066 1366 non
1123 1314 1392 1378 audaciae;
1451 1315 1504 1367 in
1579 1316 1784 1369 asinam
1823 1319 2150 1378 conscendit,
2189 1327 2243 1370 et

704 1397 1031 1465 prOphetiam
1064 1398 1323 1467 implevit,
1356 1400 1480 1469 quia
1504 1415 1610 1454 non
1667 1404 1826 1457 modo
1864 1403 2239 1466 docctdivina,

701 1484 793 1537 sed
826 1485 988 1538 etiam
1021 1500 1141 1554 quae
1175 1488 1407 1557 dirigere
1454 1499 1682 1559 possunt
1725 1492 2006 1544 hominum
2054 1493 2237 1544 vitam.

702 1571 803 1624 Per
832 1574 1133 1626 modestiam
1159 1578 1306 1630 asino
1338 1579 1504 1630 utitur
1527 1581 1615 1646 qui
1649 1581 1818 1632 solum
1843 1580 1910 1631 ad
1959 1581 2241 1632 utilitatem

697 1669 794 1720 est,
821 1660 891 1713 ita
919 1660 1185 1717 debilibus
1215 1664 1412 1718 docens
1465 1681 1562 1720 nos
1610 1676 1892 1721 contentos
1940 1683 2097 1731 esse;
2149 1670 2240 1722 sed

2349 522 2583 590 ἰατρείαν
2613 524 2842 590 Χριστὸς
2875 524 3039 593 δήλην
3085 524 3311 591 ἔσχατον
3344 525 3505 575 ποιεῖ.

2413 613 2512 663 Διά
2533 613 2582 665 τί
2629 613 2799 676 οὓτως
2853 615 3051 684 ἐρωτᾷ,
3095 615 3156 667 Τί
3201 613 3431 675 01.1818;
3489 612 3600 664 Οὐκ
3658 612 3893 678 ἀγνοῶν,

2343 700 2469 752 ἀλλ’
2491 701 2575 752 ἵνα
2621 702 2902 772 ἀναγκάσῃ
2951 703 3144 765 αὐτοὺς
3197 701 3504 771 φανερῶσαι
3529 701 3590 752 τὸ
3617 699 3772 763 ἕλκος
3797 703 3896 752 καὶ

2344 789 2503 858 ἐπιθῇ
2537 790 2597 842 τὸ
2634 791 2924 861 φάρμακον
2939 834 2950 845 .

2918 931 3161 984 ΚΕΦΔΛ.
3208 932 3337 986 KA'.

2401 1056 2573 1108 Πολλὰ
2594 1056 2685 1107 καὶ
2723 1055 2814 1107 ἐπὶ
2844 1055 2941 1122 τῆς
2969 1054 3148 1108 πώλου
3175 1055 3477 1122 θεωρεῖταιο
3507 1053 3569 1104 τὺ
3605 1052 3892 1122 προειπεῖν

2341 1142 2776 1210 ὃτιεὺρήσουσιν·
2808 1143 2868 1193 τὸ
2898 1143 3059 1194 ὅτιού
3088 1140 3346 1209 γογγῠσει
3385 1143 3414 1193 ό
3454 1142 3638 1209 κύριος
3694 1137 3887 1198 αὑτοῦ,

2343 1229 2443 1281 κᾶν
2481 1230 2645 1296 πένης
2675 1232 2840 1289 ἐστὶν,
2875 1232 3070 1298 μέτρον
3117 1229 3446 1297 φιλονεικίας
3498 1230 3749 1296 παρέχων
3794 1229 3892 1280 καὶ

2342 1317 2401 1368 οὐ
2428 1315 2777 1384 θρασύτητος.
2807 1317 2895 1378 Εἰς
2926 1317 3043 1368 δνον
3087 1317 3375 1385 ἐκαθέσθη,
3407 1319 3502 1369 καὶ
3553 1317 3890 1388 προφητείαν

2343 1407 2601 1475 ἐπλήρου,
2627 1406 2707 1458 ὄτι
2723 1406 2783 1457 οὑ
2819 1407 2974 1474 μόνον
2996 1406 3228 1458 διδάσκει
3252 1408 3316 1458 τὰ
3339 1407 3476 1470 θεῖα,
3494 1405 3626 1458 ἀλλὰ
3664 1405 3758 1457 καὶ⁵
3785 1404 3878 1455 τὸν

2343 1493 2448 1544 τῶν
2469 1493 2764 1564 ἀνθρώπων
2797 1493 2909 1561 βίον
2946 1493 3267 1562 διορθοῦται.
3299 1494 3396 1544 Διά
3417 1494 3514 1560 τῆς
3563 1492 3834 1551 εὐτελείας
3867 1527 3887 1552 .

2347 1582 2520 1633 Ὄνον
2539 1580 2606 1645 ὃς
2619 1583 2810 1648 μόνον
2837 1583 2923 1645 εις
2939 1583 3164 1649 χρείαν,
3193 1580 3335 1633 ἐστιν
3356 1582 3442 1634 ὅτε
3469 1580 3575 1633 τῶν
3598 1580 3888 1633 ἀσθενούν-

2345 1684 2448 1719 των
2507 1668 2744 1720 διδάσκει
2801 1669 3080 1735 εὐπορεῖν·
3116 1668 3228 1721 ἀλλ’
3249 1669 3346 1737 οὐχ
3373 1668 3572 1727 ἵππους
3604 1667 3696 1718 καὶ
3723 1664 3886 1732 ἡμιό-

700 1756 806 1797 ιιοιι
829 1759 993 1812 equos
1025 1754 1078 1799 et
1100 1747 1397 1809 hemiones,
1425 1750 1516 1819 qui
1545 1750 1610 1802 ad
1656 1751 1793 1803 bella
1821 1760 1981 1816 sunt;
2020 1763 2074 1806 et
2113 1769 2244 1821 pau-

2350 1774 2484 1820 νους,
2526 1759 2583 1820 ἐξ
2615 1750 2688 1809 ὧν
2715 1759 2957 1826 πόλεμοι.
2985 1759 3092 1810 Καὶ
3122 1756 3339 1824 πτωχὴν
3374 1756 3582 1823 μητέρα
3602 1752 3892 1820 lusum!

701 1847 878 1900 perem
909 1843 1132 1887 matrem
1162 1834 1367 1900 habuit,
1390 1845 1443 1890 et
1475 1838 1526 1890 in
1554 1839 1807 1906 spelunca
1833 1841 2061 1906 paritur,
2094 1853 2165 1895 et
2190 1843 2242 1894 in

701 1922 956 1990 praisepio
983 1923 1221 1991 ponitur,
1254 1932 1307 1979 et
1356 1924 1682 1982 bordeaceos
1712 1943 1876 1995 panes
1921 1931 2160 1998 apponit,
2193 1941 2247 1986 et

701 2011 929 2065 comedit
959 2026 1022 2064 ex
1055 2011 1197 2077 foro,
1230 2023 1281 2068 et
1317 2029 1414 2082 pro
1445 2015 1580 2070 lecto
1617 2016 1821 2070 [mnum
1848 2017 2027 2081 habet,
2059 2027 2114 2072 et
2157 2035 2244 2072 vc-

700 2100 870 2154 stibus
894 2101 1224 2169 simplicibus
1247 2104 1484 2158 induitur
1510 2122 1524 2169 ;
1559 2105 1776 2159 domum
1806 2117 1982 2160 autem
2015 2121 2120 2160 non
2145 2108 2241 2159 ba-

703 2189 836 2252 buit,
868 2205 1039 2258 neque
1066 2197 1280 2259 equum'
1323 2194 1609 2261 possidens
1644 2194 1835 2246 itinere
1879 2195 2112 2248 lassatus
2140 2204 2241 2255 est,

699 2289 753 2335 et
778 2283 1044 2336 dormiens
1094 2282 1147 2334 in
1205 2290 1344 2335 terra
1411 2283 1643 2349 iacebat,
1673 2291 1727 2336 et
1769 2282 1941 2335 dolori
1990 2284 2244 2336 terminus

701 2387 903 2440 ponens
934 2387 1039 2426 non
1068 2372 1396 2440 querebatur
1434 2389 1447 2436 ;
1483 2373 1562 2424 sic
1617 2371 1797 2424 omnia
1829 2386 1948 2424 esse
2001 2386 2244 2425 commu-

703 2466 789 2518 nia
843 2465 1078 2533 regulam
1107 2463 1376 2530 ponebat;
1402 2471 1454 2516 et
1485 2463 1644 2515 talem
1677 2462 1795 2515 vita:
1846 2478 2016 2530 genus
2069 2463 2242 2530 sequi,

702 2551 913 2618 qualem
950 2550 1062 2618 ipse
1092 2549 1403 2611 exhibebat,
1445 2549 1746 2602 doctrinam
1771 2551 2105 2603 instituebat.

765 2639 920 2691 Vens.
958 2635 1045 2691 l2.
1103 2635 1175 2691 De
1229 2637 1510 2704 ejectioue,
1565 2651 1726 2704 quam
1781 2635 1906 2690 fecit
1966 2630 2241 2700 Dominus.

630 2713 635 2718 ’
702 2729 942 2780 omnium
1000 2727 1191 2779 horum
1222 2726 1313 2794 qui
1344 2726 1643 2779 vendebant
1674 2727 1724 2778 in
1759 2727 1979 2794 templo,
2010 2725 2244 2780 Joannes

703 2833 914 2887 quoque
940 2816 1077 2871 idem
1111 2814 1304 2870 fecisse
1361 2824 1579 2882 narrat;
1628 2817 1718 2868 sed
1763 2815 1853 2870 ille
1884 2815 1935 2868 in
1969 2816 2242 2886 Evangelii

704 2908 874 2969 initio.
910 2907 1188 2960 Matthaeus
1216 2917 1392 2959 autem
1426 2905 1568 2958 circa
1626 2905 1813 2968 tinem,
1863 2905 2005 2958 unde
2052 2906 2244 2958 verisi—

703 2999 827 3051 mile
861 3008 941 3052 est
980 2997 1218 3051 secundo
1273 2995 1405 3050 fieri.
1434 2996 1495 3048 Et
1542 3003 1688 3064 patet
1716 3011 1746 3049 c
1807 3005 2046 3064 tempore
2103 3006 2154 3050 et
2177 3012 2242 3049 ex

702 3089 1108 3157 ejussentcntia
1143 3105 1156 3141 :
1199 3086 1286 3140 hic
1314 3085 1453 3139 enim
1507 3085 1816 3154 speluncam
1854 3085 2124 3138 latronum
2157 3086 2243 3138 di-

705 3182 795 3242 cit,
828 3180 935 3232 illic
959 3190 1134 3232 autem
1165 3178 1382 3231 domum
1422 3175 1822 3244 negotiationis.

776 3270 936 3320 Vens.
972 3267 1179 3320 46.Cur
1205 3267 1391 3320 dicunt
1415 3267 1721 3320 sacerdotes
1757 3263 1912 3316 :Non
1942 3266 2095 3317 audis
2120 3267 2243 3333 quid

707 3362 795 3412 isti
816 3362 990 3409 dicunt
1018 3359 1039 3409 ?
1071 3357 1270 3408 invidia
1310 3357 1513 3407 scilicet
1540 3354 1808 3407 suﬂ‘oeati.
1837 3352 1956 3405 Ideo
1983 3363 2036 3404 et
2063 3354 2246 3418 objur-

708 3460 838 3513 gans
867 3445 986 3494 illos
1027 3441 1309 3506 respondet
1335 3455 1347 3487 :
1384 3436 1606 3503 Utique:
1643 3453 1903 3503 nunquam
1931 3437 2170 3502 legistis?
2198 3448 2245 3489 et

709 3535 930 3601 reliqua.

781 3624 940 3675 Vsus.
977 3621 1057 3673 l8.
1085 3616 1366 3684 Quomodo
1397 3629 1550 3668 mane
1577 3614 1749 3668 esurit
1773 3613 1794 3664 ’ἒ
1821 3611 1959 3678 Quia
1999 3617 2248 3668 concedit

709 3714 854 3767 carni
890 3714 990 3765 hoc
1036 3711 1166 3778 pali.

804 3808 961 3863 Vens.
1004 3808 1080 3860 l9.
1115 3807 1223 3860 Cur
1250 3805 1522 3859 maledixit
1554 3804 1676 3858 licui
1714 3814 1765 3857 et
1789 3805 2012 3858 siccavit
2058 3802 2245 3857 illam?

714 3900 775 3952 Ut
802 3901 1034 3951 animum
1088 3897 1364 3965 discipulis
1405 3896 1576 3961 daret,
1625 3903 1679 3949 et
1727 3896 1854 3962 quia
1910 3910 2012 3948 non
2074 3895 2245 3947 solum

713 3993 1020 4045 benefacere
1063 4005 1304 4058 possum,
1372 3989 1462 4043 sed
1501 3998 1554 4042 et
1621 4004 1807 4056 pmnas
1862 4005 2092 4042 sumere.
2139 3990 2247 4040 Cur

714 4083 867 4134 ﬁcum
901 4081 1139 4140 siccavit,
1173 4087 1225 4129 et
1254 4092 1356 4128 non
1391 4077 1549 4140 aliam
1603 4075 1881 4142 plantam?
1912 4075 2047 4136 Quia
2074 4076 2248 4126 humi-

713 4169 930 4220 dissima
966 4174 1048 4216 est
1076 4179 1136 4215 ex
1164 4163 1412 4215 omnibus
1444 4161 1586 4222 aliis,
1614 4169 1672 4211 ut
1707 4161 1876 4228 magis
1911 4160 2245 4212 admiraren-

715 4271 800 4308 tur
843 4253 1162 4320 prodigium.

2349 1844 2406 1894 ὲν
2439 1844 2682 1912 σπηλαίῳ
2708 1843 2968 1907 τίκτεται,
2997 1843 3091 1894 καὶ
3110 1843 3167 1894 ὲν
3195 1841 3366 1908 φάτνῃ
3397 1840 3625 1900 τίθεται,
3654 1839 3748 1890 καὶ
3767 1854 3891 1905 κρι-

2348 1933 2521 1994 θίνους
2549 1932 2910 1999 παρατίθησιν
2944 1931 3160 1999 ἄρτους,
3209 1930 3302 1981 καὶ
3343 1928 3402 1990 ἑξ
3448 1929 3649 1995 ἀγορᾶς
3701 1926 3893 1987 ἐσθίει,

2346 2023 2438 2073 καὶ
2466 2023 2570 2073 ἀπὸ
2599 2022 2790 2088 χόρτου
2833 2018 3056 2070 στιδάδα
3103 2019 3266 2079 ποιεῖ,
3302 2017 3395 2068 καὶ
3447 2016 3637 2084 ἱμάτια
3695 2014 3892 2081 εὔτελῆ

2344 2111 2722 2176 ἀμφιέννυται,
2763 2105 2938 2158 οίκίαν
2981 2105 3038 2156 δὲ
3081 2105 3179 2156 οὐκ
3248 2103 3424 2171 ἔσχεν,
3466 2108 3563 2156 καὶ
3614 2103 3775 2154 ῐππιν
3819 2102 3896 2170 μὴ

2345 2198 2501 2265 ἔχων,
2565 2198 2626 2248 ὲκ
2685 2197 2781 2263 τῆς
2833 2194 3133 2260 ὁδοιπορίας
3161 2195 3386 2245 ἐκοπίαο
3453 2195 3548 2245 καὶ
3621 2192 3896 2245 καᾱύδων

2346 2287 2438 2336 ἐπὶ
2473 2284 2575 2353 γῆς
2603 2284 2797 2336 ἔκειτο·
2819 2285 2910 2336 καὶ
2936 2283 3105 2350 λύπης
3140 2283 3308 2351 μέτρα
3331 2283 3496 2345 τιθεὶς
3520 2283 3621 2334 οὐκ
3659 2282 3894 2350 ἐθρήνει.

2345 2371 2530 2434 Οὕτως
2552 2373 2610 2424 τὸ
2640 2373 2812 2425 πάντα
2857 2372 3010 2424 κοινὰ
3069 2367 3227 2436 εἶναι,
3292 2373 3518 2432 κανόνας
3567 2373 3753 2423 ἐτίθει·
3801 2372 3900 2421 καὶ

2345 2461 2581 2512 τοιοῦτον
2625 2463 2822 2530 τρόπον
2871 2461 3105 2525 διώκειν,
3157 2455 3266 2514 οἷον
3309 2460 3467 2521 αὐτὸς
3517 2460 3893 2524 ἐπεδείκνυτο,

2344 2553 2686 2605 διδασκαλίαν
2717 2555 2969 2607 ἐποιεῖτο.

2403 2644 2534 2710 Περὶ
2552 2643 2643 2696 τοῦ
2665 2645 2942 2695 ἐκϐάλλειν
2963 2645 3051 2695 τὸν
3068 2628 3266 2710 Κύριον
3282 2643 3488 2702 πάντας
3505 2641 3634 2703 τοὺς
3653 2639 3896 2693 πωλοῦν-

2346 2752 2442 2796 τας
2480 2736 2537 2786 ὲν
2588 2735 2664 2801 τῷ
2694 2733 2841 2802 ἱερῷ,
2901 2734 2993 2784 καὶ
3033 2734 3280 2803 Ἰωάννης
3334 2732 3492 2784 αὑτὸν
3531 2733 3694 2784 τοῦτο
3746 2732 3900 2796 λέγει

2349 2823 2721 2889 πεποιηκέναι’
2758 2822 3001 2880 κάκεῖνος
3027 2820 3123 2888 μὲν
3143 2822 3200 2871 ὲν
3235 2823 3373 2888 ἀρχῇ
3399 2819 3492 2870 τοῦ
3519 2820 3856 2886 Εὑαγγελίου
3884 2835 3897 2846 ·

2347 2905 2496 2974 οὗτος
2521 2913 2574 2963 δὲ
2605 2911 2735 2980 πρὸς
2765 2909 2839 2978 τῷ
2864 2910 3024 2962 τέλει.
3059 2909 3216 2962 Ὅθεν
3258 2910 3400 2971 είκδς
3445 2908 3699 2976 δεύτερον
3747 2909 3902 2976 γενέ-

2350 3003 2491 3055 σθαι·
2520 3001 2611 3054 καὶ
2637 3002 2792 3070 δῆλον
2818 3001 2921 3054 ἀπὸ
2941 3001 3032 3053 τοῦ
3054 3003 3265 3072 χρόνου,
3288 3002 3377 3052 καὶ
3394 3000 3500 3051 ἀπὺ
3530 3003 3632 3068 τῆς
3657 3000 3897 3068 ἀποκρί-

2347 3109 2503 3153 σεως·
2540 3094 2654 3144 ἐκεῖ
2678 3093 2776 3159 μὲν
2803 3091 2910 3160 γὰρ
2945 3093 3206 3160 σπήλαιον
3229 3090 3377 3158 λέγει
3396 3089 3636 3160 λῃστῶν,
3668 3089 3902 3142 ἐνταῦθα

2345 3180 2400 3232 δὲ
2432 3179 2576 3232 οἷκον
2597 3179 2883 3247 ἐμπορίου.

2416 3271 2513 3320 Διά
2554 3271 2604 3319 τί
2627 3269 2868 3334 λέγουσιν
2897 3268 2946 3320 0i
2994 3269 3316 3336 ίερεϊς·οὐκ
3345 3267 3592 3332 ἀκούεις
3633 3267 3688 3319 τί
3732 3264 3906 3322 οὗτοι

2346 3356 2658 3422 λέγουσιν;
2681 3355 2769 3422 Τῷ
2796 3356 2971 3422 φθόνῳ
2995 3357 3304 3422 πνιγόμενοι
3339 3370 3351 3382 ·
3382 3355 3462 3405 διὸ
3499 3357 3590 3405 καὶ
3626 3356 3904 3424 ἐπιπλήτ-

2347 3461 2452 3497 των
2477 3444 2669 3502 αὑτοὺς
2705 3441 3072 3508 ἀποκρίνεταιο
3107 3443 3238 3494 Ναί·
3263 3442 3558 3494 οὐδέποτσ
3573 3442 3906 3510 άνέγνωτες

2349 3534 2440 3585 καὶ
2471 3533 2538 3584 τὰ
2583 3531 2727 3598 ἑξῆς.

2420 3622 2539 3683 Πῶς
2567 3623 2772 3690 πρωίας
2815 3622 3001 3691 πεινᾷ;
3048 3622 3169 3674 Ὀτι
3220 3623 3569 3692 συνεχώρησε
3610 3625 3674 3694 τῇ
3733 3623 3908 3693 σαρκὶ

2349 3711 2504 3763 τοῦτο
2534 3712 2744 3764 παθεῖν.

2405 3804 2501 3855 Διὰ
2521 3804 2571 3854 τί
2597 3804 2940 3874 κατηράσατο
2967 3805 3057 3856 καὶ
3077 3804 3266 3872 ἔψυξεν
3294 3804 3392 3872 τὴν
3435 3807 3634 3872 συκῆν;
3663 3805 3909 3873 Θαρῤεἰν

2349 3895 2516 3948 ποιῶν
2539 3897 2661 3955 τοὺς
2719 3895 2981 3961 μαθητὰς,
3018 3895 3109 3945 καὶ
3157 3895 3238 3945 ὃτι
3295 3896 3365 3945 Οὐ
3409 3896 3565 3962 μόνον
3590 3895 3910 3963 εὐεργετεῖν

2351 3986 2603 4050 δύναμαι,
2644 3984 2776 4035 ἀλλὰ
2814 3986 2905 4035 καὶ
2931 3983 3194 4051 τιμωρίαν
3249 3985 3581 4050 ἐπενεγκεῖν.
3604 3985 3700 4034 Διά
3721 3983 3772 4034 τί
3799 3984 3908 4052 τὴν

2355 4074 2519 4139 συκῆν
2547 4073 2759 4136 ἔψυξεν,
2791 4075 2882 4123 καὶ
2916 4075 3013 4123 οὐκ
3041 4072 3166 4122 ἄλλο
3187 4071 3386 4137 φυτόνς
3424 4072 3635 4139 Ἐπειδὴ
3660 4074 3908 4139 ὑγρότα-

2353 4176 2441 4208 τον
2461 4159 2565 4208 τῶν
2590 4159 2766 4230 ἄλλων
2795 4161 2956 4219 ἐστὶν,
2988 4159 3070 4208 ἵνα
3099 4157 3458 4226 θαυμαστωθῇ
3490 4157 3683 4225 μᾶλλον
3714 4159 3772 4208 τὸ
3807 4175 3906 4224 γι-

2355 4248 2411 4297 νό
2419 4264 2481 4314 με
2490 4264 2594 4299 νον.

795 4341 955 4392 Vens.
992 4341 1079 4391 9.3.
1123 4340 1182 4390 In
1223 4355 1322 4407 qua
1346 4347 1597 4414 potestate
1627 4341 1732 4388 Ιιωε
1756 4339 1922 4404 facis?
1952 4340 2018 4391 ita
2054 4339 2244 4391 intelli-

2419 4341 2510 4401 Τὸ,
2554 4340 2647 4391 Ἐν
2671 4340 2804 4404 ποίᾳ
2848 4339 3094 4402 ἐξουσίᾳ
3150 4336 3332 4388 ταῦτα
3384 4337 3608 4399 ποιεῖς;
3654 4334 3909 4388 τοιοῦτον

717 4433 941 4499 gendum
972 4438 1052 4483 σει
1083 4449 1094 4481 :
1137 4430 1415 4496 rogabant.
1445 4429 1695 4480 sacerdos
1746 4443 1864 4480 cum
1901 4445 2003 4491 non
2034 4431 2127 4487 sis.
2159 4446 2251 4482 ne-

717 4539 818 4590 que
876 4523 1083 4583 doctor,
1146 4534 1319 4587 neque
1384 4518 1683 4577 ordinatus,
1741 4518 2009 4583 quomodo
2051 4528 2248 4569 tantam

717 4617 1034 4679 potestatem‘;
1065 4607 1382 4663 ostendisti?

766 4702 1028 4770 \’sns.{‘24.
1058 4701 1194 4764 Quid
1232 4699 1604 4753 habetChristi
1635 4693 2252 4764 responsumHlagnum

719 4792 927 4856 quidem
979 4801 1060 4842 cst
1098 4797 1149 4842 et
1201 4790 1461 4841 mirabile.
1516 4789 1810 4855 interrogat
1864 4786 2003 4839 enim
2042 4799 2134 4838 eos
2190 4784 2255 4836 de

722 4879 980 4939 Joannne,
1013 4878 1151 4930 unde
1180 4888 1294 4930 erat
1321 4877 1437 4942 ejus
1482 4879 1782 4943 baptismus
1813 4877 2065 4930 ?.Etenim
2103 4876 2147 4928 si
2171 4874 2252 4926 di-

723 4971 944 5030 xissent,
972 4983 1031 5020 ex
1058 4965 1187 5028 Deo,
1225 4966 1450 5018 dixisset
1480 4967 1584 5026 eis,
1612 4981 1777 5028 quare
1796 4981 1902 5018 non
1930 4965 2145 5017 creditis
2167 4962 2257 5015 ei?

723 5061 765 5112 si
803 5072 923 5110 vero
955 5055 1293 5109 dixissentex
1323 5054 1647 5116 hominibus,
1672 5056 1879 5107 turbam
1908 5055 2167 5107 timebant
2192 5066 2255 5104 ne

723 5150 788 5200 ab
847 5148 933 5199 illa
974 5146 1374 5212 lapidarentur;
1415 5157 1643 5210 magnus
1688 5145 1828 5195 enim
1857 5145 2152 5197 habebatur
2181 5137 2254 5194 illi

725 5237 969 5289 Joannes.

794 5324 954 5377 Vens.
984 5324 1072 5377 28.
1115 5323 1252 5386 Quid
1291 5320 1592 5389 signiﬁcant
1622 5319 1673 5372 hi
1700 5320 1806 5371 duo
1831 5321 1922 5372 ﬁlii
1958 5323 2023 5373 de
2056 5323 2253 5388 quibus

729 5416 962 5479 loquitur
984 5393 1234 5466 Christus
1255 5412 1276 5462 ?
1303 5410 1564 5478 Populum
1626 5407 1860 5476 gentium
1894 5419 1945 5460 et
1997 5411 2254 5477 populum

731 5504 1054 5565 ludanorum,
1081 5518 1145 5554 eo
1193 5503 1330 5567 quod
1369 5502 1418 5553 hi
1451 5501 1664 5568 quidem
1697 5499 1863 5561 legem
1898 5499 2178 5552 audierunt
2206 5509 2258 5553 et

730 5611 830 5645 non
853 5593 1092 5646 abierunt
1116 5592 1166 5645 in
1186 5593 1385 5646 vineam
1412 5611 1422 5655 ;
1453 5593 1523 5644 illi
1545 5600 1720 5644 autem
1757 5604 1858 5643 non
1886 5590 2049 5655 legem
2078 5589 2254 5644 audie-

2355 4430 2464 4497 ἔχει
2494 4430 2582 4481 τὸν
2609 4430 2746 4481 νοῦν·
2777 4429 3167 4498 ἡτουν,⁹1ερεί›ς
3189 4428 3260 4496 μὴ
3289 4426 3383 4490 ὢν,
3411 4427 3441 4495 ἦ
3469 4427 3776 4487 διδάσκαλος
3821 4428 3908 4497 μὴ

2355 4520 2766 4588 χειροτονηθεὶς,
2809 4519 2921 4580 πῶς
2981 4518 3242 4586 τοσαύτην
3301 4519 3541 4580 ἐξουσίαν
3593 4517 3904 4582 ἐπεδείξω;

2414 4705 2476 4755 Τί
2501 4704 2608 4771 ἔχει
2641 4705 2671 4770 ἡ
2694 4701 2924 4769 Χριστοῦ
2943 4701 3227 4768 ἀπόκρισις
3250 4700 3610 4769 ;Θαυμαστῶς
3634 4701 3766 4753 πολὺ
3801 4705 3912 4754 καὶ

2360 4795 2497 4860 μέγα
2531 4795 2694 4845 ποιῶν
2733 4809 2745 4821 ⁸
2777 4794 2951 4860 ἐρωτᾷ
2976 4791 3081 4858 γὰρ
3111 4791 3304 4851 αὐτοὺς
3361 4793 3486 4857 περὶ
3516 4791 3777 4852 Ἰωάννου,
3817 4793 3912 4844 ὅτι

2358 4882 2524 4933 Πόθεν
2550 4881 2710 4932 αὑτοῦ
2738 4880 2796 4931 τὸ
2851 4881 3126 4946 βάπτισμα
3163 4896 3176 4940 ς
3211 4881 3316 4930 Καὶ
3345 4881 3448 4948 γὰρ
3478 4883 3524 4932 εἰ
3567 4881 3662 4948 μὲν
3717 4876 3907 4943 εἷπον,

2370 4970 2460 5020 Ἐκ
2497 4973 2650 5032 Θεοῦ,
2675 4967 2824 5021 εἶπεν
2853 4972 2915 5021 ἄν
2940 4989 2951 5000 ·
2984 4971 3088 5021 Καὶ
3111 4969 3195 5020 διὰ
3230 4969 3280 5019 τί
3321 4971 3377 5019 οὑ
3410 4971 3691 5022 πιστεύετε
3721 4972 3909 5039 αὐτῷ’

2358 5059 2403 5107 εί
2432 5059 2484 5109 δὲ
2519 5056 2687 5121 εἷπον,
2725 5060 2812 5120 Ἐξ
2842 5060 3157 5128 ἀνθρώπων,
3207 5057 3491 5123 ἐφοϐοῦντο
3538 5062 3661 5120 τοὺς
3705 5061 3914 5128 δχλους

2361 5142 2434 5209 μὴ
2479 5143 2886 5211 λιθοϐολήσωσιν
2937 5143 3150 5207 αὐτούς·
3211 5146 3380 5211 μέγαν
3437 5147 3544 5214 γὰρ
3603 5142 3744 5214 εἶχον
3806 5151 3914 5201 τὸν

2372 5232 2638 5300 Ἰωάννην.

2413 5323 2474 5370 Τί
2509 5323 2823 5389 σημαίνουσι
2873 5324 2936 5374 τὰ
2960 5326 3117 5376 τέκνα
3144 5325 3207 5376 τὰ
3239 5325 3326 5376 δύο
3377 5328 3500 5390 περὶ
3552 5321 3623 5378 ὧν
3680 5344 3853 5394 φησιν
3886 5334 3913 5382 ὁ

2359 5410 2618 5475 Χριστός;
2650 5413 2749 5461 Τὸν
2769 5412 2892 5462 λαὸν
2931 5414 3034 5464 τῶν
3092 5415 3256 5464 ἐθνῶν
3307 5415 3398 5464 καὶ
3452 5415 3558 5464 τῶν
3604 5416 3910 5474 Ἰουδαίων,

2357 5499 2435 5547 ὅτι
2467 5501 2512 5547 οἱ
2549 5502 2645 5565 μὲν
2678 5502 2983 5568 ὑπήκουσαν
3016 5503 3103 5552 τὺν
3144 5506 3302 5566 νόμον
3345 5503 3434 5552 καὶ
3483 5505 3577 5554 οὐκ
3632 5505 3909 5569 ἀπῆλθον·

2359 5591 2405 5639 οἱ
2453 5589 2502 5638 6':
2548 5593 2641 5641 οὐκ
2675 5592 2905 5658 ἥκουσαν
2938 5594 3025 5643 καὶ
3067 5593 3320 5660 ἀπῆλθον·
3355 5593 3472 5644 ὅθεν
3515 5594 3569 5644 τὸ
3624 5599 3892 5644 out/scita
