  <div class='ocr_page' id='page_1' title='image "/cluster/home/n/w/nwhite01/storage/ocr_20150623/106/pst.000005714162/611.png"; bbox 0 0 4138 6342; ppageno 0'>
   <div class='ocr_carea' id='block_1_1' title="bbox 623 226 750 286">
    <p class='ocr_par' dir='ltr' id='par_1_1' title="bbox 623 226 750 286">
     <span class='ocr_line' id='line_1_1' title="bbox 623 226 750 286; baseline 0.031 -4"><span class='ocrx_word' id='word_1_1' title='bbox 623 226 750 286; x_wconf 76' lang='lat' dir='ltr'><strong>1H7</strong></span> 
     </span>
    </p>
   </div>
   <div class='ocr_carea' id='block_1_2' title="bbox 618 427 2150 524">
    <p class='ocr_par' dir='ltr' id='par_1_2' title="bbox 618 427 2150 524">
     <span class='ocr_line' id='line_1_2' title="bbox 618 427 2150 524; baseline 0.029 -51"><span class='ocrx_word' id='word_1_2' title='bbox 618 427 897 495; x_wconf 77' lang='lat' dir='ltr'><strong>imperium</strong></span> <span class='ocrx_word' id='word_1_3' title='bbox 955 454 1039 491; x_wconf 80' lang='lat' dir='ltr'><strong>res</strong></span> <span class='ocrx_word' id='word_1_4' title='bbox 1083 457 1204 495; x_wconf 89' lang='lat' dir='ltr'><strong>cum</strong></span> <span class='ocrx_word' id='word_1_5' title='bbox 1259 447 1548 504; x_wconf 67' lang='lat' dir='ltr'><strong>immutatse</strong></span> <span class='ocrx_word' id='word_1_6' title='bbox 1596 455 1700 510; x_wconf 79' lang='lat' dir='ltr'><strong>illis</strong></span> <span class='ocrx_word' id='word_1_7' title='bbox 1764 469 1966 524; x_wconf 86' lang='lat' dir='ltr'><strong>essent,</strong></span> <span class='ocrx_word' id='word_1_8' title='bbox 2028 478 2150 518; x_wconf 89' lang='lat' dir='ltr'><strong>cum</strong></span> 
     </span>
    </p>
   </div>
   <div class='ocr_carea' id='block_1_3' title="bbox 619 522 2150 621">
    <p class='ocr_par' dir='ltr' id='par_1_3' title="bbox 619 522 2150 621">
     <span class='ocr_line' id='line_1_3' title="bbox 619 522 2150 621; baseline 0.025 -50"><span class='ocrx_word' id='word_1_9' title='bbox 619 522 862 577; x_wconf 87' lang='lat' dir='ltr'><strong>sciebant</strong></span> <span class='ocrx_word' id='word_1_10' title='bbox 894 527 1166 585; x_wconf 80' lang='lat' dir='ltr'><strong>Thcudam</strong></span> <span class='ocrx_word' id='word_1_11' title='bbox 1194 545 1244 586; x_wconf 88' lang='lat' dir='ltr'><strong>et</strong></span> <span class='ocrx_word' id='word_1_12' title='bbox 1270 535 1458 591; x_wconf 83' lang='lat' dir='ltr'><strong>Judam</strong></span> <span class='ocrx_word' id='word_1_13' title='bbox 1491 541 1609 596; x_wconf 86' lang='lat' dir='ltr'><strong>ideo</strong></span> <span class='ocrx_word' id='word_1_14' title='bbox 1633 547 1842 602; x_wconf 89' lang='lat' dir='ltr'><strong>occisos</strong></span> <span class='ocrx_word' id='word_1_15' title='bbox 1863 565 1984 606; x_wconf 86' lang='lat' dir='ltr'><strong>esse</strong></span> <span class='ocrx_word' id='word_1_16' title='bbox 2006 556 2150 621; x_wconf 87' lang='lat' dir='ltr'><strong>quod</strong></span> 
     </span>
    </p>
   </div>
   <div class='ocr_carea' id='block_1_4' title="bbox 615 608 2153 702">
    <p class='ocr_par' dir='ltr' id='par_1_4' title="bbox 615 608 2153 702">
     <span class='ocr_line' id='line_1_4' title="bbox 615 608 2153 702; baseline 0.026 -44"><span class='ocrx_word' id='word_1_17' title='bbox 615 608 666 660; x_wconf 90' lang='lat' dir='ltr'><strong>in</strong></span> <span class='ocrx_word' id='word_1_18' title='bbox 706 611 972 668; x_wconf 79' lang='lat' dir='ltr'><strong>Romanos</strong></span> <span class='ocrx_word' id='word_1_19' title='bbox 1009 621 1344 677; x_wconf 79' lang='lat' dir='ltr'><strong>rebellionem</strong></span> <span class='ocrx_word' id='word_1_20' title='bbox 1383 630 1619 685; x_wconf 86' lang='lat' dir='ltr'><strong>meditati</strong></span> <span class='ocrx_word' id='word_1_21' title='bbox 1669 634 1919 702; x_wconf 82' lang='lat' dir='ltr'><strong>fuissent,</strong></span> <span class='ocrx_word' id='word_1_22' title='bbox 1974 644 2153 697; x_wconf 71' lang='lat' dir='ltr'><strong>volne-</strong></span> 
     </span>
    </p>
   </div>
   <div class='ocr_carea' id='block_1_5' title="bbox 615 706 2148 797">
    <p class='ocr_par' dir='ltr' id='par_1_5' title="bbox 615 706 2148 797">
     <span class='ocr_line' id='line_1_5' title="bbox 615 706 2148 797; baseline 0.024 -47"><span class='ocrx_word' id='word_1_23' title='bbox 615 713 736 754; x_wconf 86' lang='lat' dir='ltr'><strong>runt</strong></span> <span class='ocrx_word' id='word_1_24' title='bbox 764 713 813 755; x_wconf 88' lang='lat' dir='ltr'><strong>et</strong></span> <span class='ocrx_word' id='word_1_25' title='bbox 837 706 982 758; x_wconf 90' lang='lat' dir='ltr'><strong>illum</strong></span> <span class='ocrx_word' id='word_1_26' title='bbox 1016 710 1065 760; x_wconf 92' lang='lat' dir='ltr'><strong>in</strong></span> <span class='ocrx_word' id='word_1_27' title='bbox 1095 712 1250 765; x_wconf 90' lang='lat' dir='ltr'><strong>talem</strong></span> <span class='ocrx_word' id='word_1_28' title='bbox 1280 719 1636 784; x_wconf 79' lang='lat' dir='ltr'><strong>su3picionem</strong></span> <span class='ocrx_word' id='word_1_29' title='bbox 1664 726 1946 783; x_wconf 61' lang='lat' dir='ltr'><strong>adducore.</strong></span> <span class='ocrx_word' id='word_1_30' title='bbox 1978 733 2148 797; x_wconf 86' lang='lat' dir='ltr'><strong>Quam</strong></span> 
     </span>
    </p>
   </div>
   <div class='ocr_carea' id='block_1_6' title="bbox 614 793 2151 876">
    <p class='ocr_par' dir='ltr' id='par_1_6' title="bbox 614 793 2151 876">
     <span class='ocr_line' id='line_1_6' title="bbox 614 793 2151 876; baseline 0.023 -35"><span class='ocrx_word' id='word_1_31' title='bbox 614 793 682 841; x_wconf 88' lang='lat' dir='ltr'><strong>ob</strong></span> <span class='ocrx_word' id='word_1_32' title='bbox 716 808 928 847; x_wconf 85' lang='lat' dir='ltr'><strong>causam</strong></span> <span class='ocrx_word' id='word_1_33' title='bbox 963 815 1083 852; x_wconf 89' lang='lat' dir='ltr'><strong>cum</strong></span> <span class='ocrx_word' id='word_1_34' title='bbox 1117 805 1229 856; x_wconf 88' lang='lat' dir='ltr'>suis</span> <span class='ocrx_word' id='word_1_35' title='bbox 1262 806 1538 876; x_wconf 82' lang='lat' dir='ltr'><strong>discipulis</strong></span> <span class='ocrx_word' id='word_1_36' title='bbox 1569 810 1794 869; x_wconf 75' lang='lat' dir='ltr'><strong>Herodis</strong></span> <span class='ocrx_word' id='word_1_37' title='bbox 1825 820 2021 874; x_wconf 78' lang='lat' dir='ltr'><strong>milites</strong></span> <span class='ocrx_word' id='word_1_38' title='bbox 2053 826 2151 875; x_wconf 86' lang='lat' dir='ltr'><strong>nti-</strong></span> 
     </span>
    </p>
   </div>
   <div class='ocr_carea' id='block_1_7' title="bbox 613 885 2147 977">
    <p class='ocr_par' dir='ltr' id='par_1_7' title="bbox 613 885 2147 977">
     <span class='ocr_line' id='line_1_7' title="bbox 613 885 2147 977; baseline 0.023 -47"><span class='ocrx_word' id='word_1_39' title='bbox 613 892 815 944; x_wconf 67' lang='lat' dir='ltr'><strong>serunt,</strong></span> <span class='ocrx_word' id='word_1_40' title='bbox 861 885 1122 954; x_wconf 84' lang='lat' dir='ltr'><strong>duplicem</strong></span> <span class='ocrx_word' id='word_1_41' title='bbox 1174 893 1369 948; x_wconf 82' lang='lat' dir='ltr'><strong>fossam</strong></span> <span class='ocrx_word' id='word_1_42' title='bbox 1417 901 1732 967; x_wconf 72' lang='lat' dir='ltr'><strong>aperientes,</strong></span> <span class='ocrx_word' id='word_1_43' title='bbox 1778 909 1904 961; x_wconf 84' lang='grc' dir='ltr'><strong>ιιιεὶ</strong></span> <span class='ocrx_word' id='word_1_44' title='bbox 1936 912 2147 977; x_wconf 82' lang='lat' dir='ltr'><strong>quidem</strong></span> 
     </span>
    </p>
   </div>
   <div class='ocr_carea' id='block_1_8' title="bbox 611 970 2151 1059">
    <p class='ocr_par' dir='ltr' id='par_1_8' title="bbox 611 970 2151 1059">
     <span class='ocr_line' id='line_1_8' title="bbox 611 970 2151 1059; baseline 0.028 -42"><span class='ocrx_word' id='word_1_45' title='bbox 611 983 732 1031; x_wconf 65' lang='lat' dir='ltr'><strong>erga</strong></span> <span class='ocrx_word' id='word_1_46' title='bbox 767 970 1096 1031; x_wconf 81' lang='lat' dir='ltr'><strong>ilerodianos</strong></span> <span class='ocrx_word' id='word_1_47' title='bbox 1131 985 1483 1050; x_wconf 73' lang='lat' dir='ltr'><strong>responderit,</strong></span> <span class='ocrx_word' id='word_1_48' title='bbox 1511 989 1607 1058; x_wconf 86' lang='lat' dir='ltr'><strong>ipsi</strong></span> <span class='ocrx_word' id='word_1_49' title='bbox 1638 994 1920 1058; x_wconf 87' lang='lat' dir='ltr'><strong>incnscnt;</strong></span> <span class='ocrx_word' id='word_1_50' title='bbox 1949 1003 1991 1054; x_wconf 89' lang='lat' dir='ltr'><strong>si</strong></span> <span class='ocrx_word' id='word_1_51' title='bbox 2026 1021 2151 1059; x_wconf 87' lang='lat' dir='ltr'><strong>vero</strong></span> 
     </span>
    </p>
   </div>
   <div class='ocr_carea' id='block_1_9' title="bbox 607 1061 2146 1155">
    <p class='ocr_par' dir='ltr' id='par_1_9' title="bbox 607 1061 2146 1155">
     <span class='ocr_line' id='line_1_9' title="bbox 607 1061 2146 1155; baseline 0.024 -46"><span class='ocrx_word' id='word_1_52' title='bbox 607 1071 730 1125; x_wconf 82' lang='lat' dir='ltr'><strong>erga</strong></span> <span class='ocrx_word' id='word_1_53' title='bbox 769 1061 932 1128; x_wconf 86' lang='lat' dir='ltr'><strong>ipsos,</strong></span> <span class='ocrx_word' id='word_1_54' title='bbox 971 1067 1076 1121; x_wconf 80' lang='lat' dir='ltr'><strong>isti.</strong></span> <span class='ocrx_word' id='word_1_55' title='bbox 1110 1070 1352 1126; x_wconf 75' lang='lat' dir='ltr'><strong>Attamen</strong></span> <span class='ocrx_word' id='word_1_56' title='bbox 1388 1076 1568 1132; x_wconf 89' lang='lat' dir='ltr'><strong>datum</strong></span> <span class='ocrx_word' id='word_1_57' title='bbox 1603 1081 1774 1137; x_wconf 83' lang='lat' dir='ltr'><strong>fuerat</strong></span> <span class='ocrx_word' id='word_1_58' title='bbox 1815 1088 2146 1155; x_wconf 88' lang='lat' dir='ltr'><strong>didrachma,</strong></span> 
     </span>
    </p>
   </div>
   <div class='ocr_carea' id='block_1_10' title="bbox 609 1149 2149 1237">
    <p class='ocr_par' dir='ltr' id='par_1_10' title="bbox 609 1149 2149 1237">
     <span class='ocr_line' id='line_1_10' title="bbox 609 1149 2149 1237; baseline 0.025 -38"><span class='ocrx_word' id='word_1_59' title='bbox 609 1149 700 1199; x_wconf 78' lang='lat' dir='ltr'><strong>sed</strong></span> <span class='ocrx_word' id='word_1_60' title='bbox 763 1154 1072 1208; x_wconf 86' lang='lat' dir='ltr'><strong>nesciebant</strong></span> <span class='ocrx_word' id='word_1_61' title='bbox 1123 1159 1230 1211; x_wconf 82' lang='lat' dir='ltr'><strong>isti.</strong></span> <span class='ocrx_word' id='word_1_62' title='bbox 1281 1161 1610 1237; x_wconf 84' lang='lat' dir='ltr'><strong>lnterrogant</strong></span> <span class='ocrx_word' id='word_1_63' title='bbox 1656 1183 1832 1228; x_wconf 85' lang='lat' dir='ltr'><strong>autem</strong></span> <span class='ocrx_word' id='word_1_64' title='bbox 1874 1179 1924 1231; x_wconf 89' lang='lat' dir='ltr'><strong>in</strong></span> <span class='ocrx_word' id='word_1_65' title='bbox 1974 1184 2149 1236; x_wconf 90' lang='lat' dir='ltr'><strong>medio</strong></span> 
     </span>
    </p>
   </div>
   <div class='ocr_carea' id='block_1_11' title="bbox 612 1238 2147 1331">
    <p class='ocr_par' dir='ltr' id='par_1_11' title="bbox 612 1238 2147 1331">
     <span class='ocr_line' id='line_1_11' title="bbox 612 1238 2147 1331; baseline 0.025 -45"><span class='ocrx_word' id='word_1_66' title='bbox 612 1238 796 1302; x_wconf 66' lang='lat' dir='ltr'><strong>turbae,</strong></span> <span class='ocrx_word' id='word_1_67' title='bbox 855 1245 1110 1309; x_wconf 81' lang='lat' dir='ltr'><strong>majorem</strong></span> <span class='ocrx_word' id='word_1_68' title='bbox 1153 1248 1410 1307; x_wconf 84' lang='lat' dir='ltr'><strong>iacientes</strong></span> <span class='ocrx_word' id='word_1_69' title='bbox 1462 1258 1902 1331; x_wconf 82' lang='lat' dir='ltr'><strong>declarationem,</strong></span> <span class='ocrx_word' id='word_1_70' title='bbox 1945 1266 2147 1324; x_wconf 81' lang='lat' dir='ltr'><strong>Scimus</strong></span> 
     </span>
    </p>
   </div>
   <div class='ocr_carea' id='block_1_12' title="bbox 607 1328 2149 1424">
    <p class='ocr_par' dir='ltr' id='par_1_12' title="bbox 607 1328 2149 1424">
     <span class='ocr_line' id='line_1_12' title="bbox 607 1328 2149 1424; baseline 0.027 -50"><span class='ocrx_word' id='word_1_71' title='bbox 607 1328 727 1392; x_wconf 84' lang='lat' dir='ltr'><strong>quia</strong></span> <span class='ocrx_word' id='word_1_72' title='bbox 752 1345 908 1382; x_wconf 77' lang='lat' dir='ltr'><strong>verax</strong></span> <span class='ocrx_word' id='word_1_73' title='bbox 933 1350 1020 1398; x_wconf 87' lang='lat' dir='ltr'><strong>es;</strong></span> <span class='ocrx_word' id='word_1_74' title='bbox 1057 1344 1327 1404; x_wconf 81' lang='lat' dir='ltr'><strong>quomodo</strong></span> <span class='ocrx_word' id='word_1_75' title='bbox 1359 1359 1484 1415; x_wconf 83' lang='lat' dir='ltr'><strong>ergo</strong></span> <span class='ocrx_word' id='word_1_76' title='bbox 1528 1349 1784 1407; x_wconf 82' lang='lat' dir='ltr'><strong>dicebatis</strong></span> <span class='ocrx_word' id='word_1_77' title='bbox 1828 1358 1951 1424; x_wconf 79' lang='lat' dir='ltr'><strong>q-ttia</strong></span> <span class='ocrx_word' id='word_1_78' title='bbox 1992 1361 2149 1414; x_wconf 89' lang='lat' dir='ltr'><strong>sedu-</strong></span> 
     </span>
    </p>
   </div>
   <div class='ocr_carea' id='block_1_13' title="bbox 606 1423 2144 1513">
    <p class='ocr_par' dir='ltr' id='par_1_13' title="bbox 606 1423 2144 1513">
     <span class='ocr_line' id='line_1_13' title="bbox 606 1423 2144 1513; baseline 0.023 -45"><span class='ocrx_word' id='word_1_79' title='bbox 606 1426 722 1468; x_wconf 88' lang='lat' dir='ltr'><strong>ctor</strong></span> <span class='ocrx_word' id='word_1_80' title='bbox 764 1423 877 1474; x_wconf 87' lang='lat' dir='ltr'><strong>est?</strong></span> <span class='ocrx_word' id='word_1_81' title='bbox 907 1425 1004 1478; x_wconf 86' lang='lat' dir='ltr'><strong>hoc</strong></span> <span class='ocrx_word' id='word_1_82' title='bbox 1042 1428 1203 1496; x_wconf 77' lang='lat' dir='ltr'><strong>igitur</strong></span> <span class='ocrx_word' id='word_1_83' title='bbox 1246 1448 1339 1500; x_wconf 88' lang='lat' dir='ltr'><strong>per</strong></span> <span class='ocrx_word' id='word_1_84' title='bbox 1389 1439 1751 1496; x_wconf 82' lang='lat' dir='ltr'><strong>adulationem</strong></span> <span class='ocrx_word' id='word_1_85' title='bbox 1798 1423 2010 1513; x_wconf 82' lang='lat' dir='ltr'><strong>dicunt;</strong></span> <span class='ocrx_word' id='word_1_86' title='bbox 2043 1467 2144 1504; x_wconf 91' lang='lat' dir='ltr'><strong>non</strong></span> 
     </span>
    </p>
   </div>
   <div class='ocr_carea' id='block_1_14' title="bbox 606 1505 2150 1599">
    <p class='ocr_par' dir='ltr' id='par_1_14' title="bbox 606 1505 2150 1599">
     <span class='ocr_line' id='line_1_14' title="bbox 606 1505 2150 1599; baseline 0.025 -42"><span class='ocrx_word' id='word_1_87' title='bbox 606 1505 788 1562; x_wconf 90' lang='lat' dir='ltr'><strong>dicunt</strong></span> <span class='ocrx_word' id='word_1_88' title='bbox 813 1526 937 1565; x_wconf 84' lang='lat' dir='ltr'><strong>vero</strong></span> <span class='ocrx_word' id='word_1_89' title='bbox 957 1518 1115 1571; x_wconf 87' lang='lat' dir='ltr'><strong>modo</strong></span> <span class='ocrx_word' id='word_1_90' title='bbox 1133 1523 1271 1587; x_wconf 88' lang='lat' dir='ltr'><strong>quod</strong></span> <span class='ocrx_word' id='word_1_91' title='bbox 1291 1526 1416 1577; x_wconf 87' lang='lat' dir='ltr'><strong>utile</strong></span> <span class='ocrx_word' id='word_1_92' title='bbox 1437 1537 1537 1591; x_wconf 80' lang='lat' dir='ltr'><strong>cst,</strong></span> <span class='ocrx_word' id='word_1_93' title='bbox 1558 1531 1647 1582; x_wconf 87' lang='lat' dir='ltr'><strong>sed</strong></span> <span class='ocrx_word' id='word_1_94' title='bbox 1671 1534 1792 1599; x_wconf 86' lang='lat' dir='ltr'><strong>quid</strong></span> <span class='ocrx_word' id='word_1_95' title='bbox 1812 1537 1901 1588; x_wconf 86' lang='lat' dir='ltr'><strong>tibi</strong></span> <span class='ocrx_word' id='word_1_96' title='bbox 1927 1540 2150 1597; x_wconf 75' lang='lat' dir='ltr'><strong>videtur?</strong></span> 
     </span>
    </p>
   </div>
   <div class='ocr_carea' id='block_1_15' title="bbox 606 1595 2148 1685">
    <p class='ocr_par' dir='ltr' id='par_1_15' title="bbox 606 1595 2148 1685">
     <span class='ocr_line' id='line_1_15' title="bbox 606 1595 2148 1685; baseline 0.027 -41"><span class='ocrx_word' id='word_1_97' title='bbox 606 1595 880 1663; x_wconf 84' lang='lat' dir='ltr'><strong>addentes,</strong></span> <span class='ocrx_word' id='word_1_98' title='bbox 940 1620 1036 1657; x_wconf 85' lang='lat' dir='ltr'><strong>non</strong></span> <span class='ocrx_word' id='word_1_99' title='bbox 1082 1615 1288 1674; x_wconf 74' lang='lat' dir='ltr'><strong>respicis</strong></span> <span class='ocrx_word' id='word_1_100' title='bbox 1330 1617 1380 1666; x_wconf 87' lang='lat' dir='ltr'><strong>in</strong></span> <span class='ocrx_word' id='word_1_101' title='bbox 1410 1633 1704 1685; x_wconf 81' lang='lat' dir='ltr'><strong>personam,</strong></span> <span class='ocrx_word' id='word_1_102' title='bbox 1740 1625 1802 1677; x_wconf 90' lang='lat' dir='ltr'><strong>de</strong></span> <span class='ocrx_word' id='word_1_103' title='bbox 1841 1625 2052 1682; x_wconf 73' lang='lat' dir='ltr'><strong>Caesare</strong></span> <span class='ocrx_word' id='word_1_104' title='bbox 2096 1640 2148 1684; x_wconf 90' lang='lat' dir='ltr'><strong>et</strong></span> 
     </span>
    </p>
   </div>
   <div class='ocr_carea' id='block_1_16' title="bbox 607 1683 2145 1778">
    <p class='ocr_par' dir='ltr' id='par_1_16' title="bbox 607 1683 2145 1778">
     <span class='ocr_line' id='line_1_16' title="bbox 607 1683 2145 1778; baseline 0.025 -43"><span class='ocrx_word' id='word_1_105' title='bbox 607 1683 813 1741; x_wconf 47' lang='lat' dir='ltr'><strong>lli-rode</strong></span> <span class='ocrx_word' id='word_1_106' title='bbox 849 1692 1109 1750; x_wconf 92' lang='lat' dir='ltr'><strong>alludunt.</strong></span> <span class='ocrx_word' id='word_1_107' title='bbox 1145 1700 1233 1752; x_wconf 90' lang='lat' dir='ltr'><strong>llle</strong></span> <span class='ocrx_word' id='word_1_108' title='bbox 1274 1704 1434 1772; x_wconf 82' lang='lat' dir='ltr'><strong>igitur</strong></span> <span class='ocrx_word' id='word_1_109' title='bbox 1477 1683 1702 1778; x_wconf 73' lang='lat' dir='ltr'><strong>propriis</strong></span> <span class='ocrx_word' id='word_1_110' title='bbox 1741 1728 1924 1768; x_wconf 85' lang='lat' dir='ltr'><strong>eorum</strong></span> <span class='ocrx_word' id='word_1_111' title='bbox 1966 1683 2145 1774; x_wconf 84' lang='lat' dir='ltr'><strong>oribus</strong></span> 
     </span>
    </p>
   </div>
   <div class='ocr_carea' id='block_1_17' title="bbox 605 1776 2142 1874">
    <p class='ocr_par' dir='ltr' id='par_1_17' title="bbox 605 1776 2142 1874">
     <span class='ocr_line' id='line_1_17' title="bbox 605 1776 2142 1874; baseline 0.024 -49"><span class='ocrx_word' id='word_1_112' title='bbox 605 1776 786 1833; x_wconf 65' lang='lat' dir='ltr'><strong>volt-ns</strong></span> <span class='ocrx_word' id='word_1_113' title='bbox 808 1779 925 1835; x_wconf 91' lang='lat' dir='ltr'><strong>illos</strong></span> <span class='ocrx_word' id='word_1_114' title='bbox 941 1787 1291 1844; x_wconf 87' lang='lat' dir='ltr'><strong>condemnare</strong></span> <span class='ocrx_word' id='word_1_115' title='bbox 1312 1811 1322 1844; x_wconf 94' lang='lat'>:</span> <span class='ocrx_word' id='word_1_116' title='bbox 1340 1794 1501 1861; x_wconf 83' lang='lat' dir='ltr'><strong>Cujus</strong></span> <span class='ocrx_word' id='word_1_117' title='bbox 1521 1809 1595 1850; x_wconf 82' lang='lat' dir='ltr'><strong>est</strong></span> <span class='ocrx_word' id='word_1_118' title='bbox 1616 1801 1782 1869; x_wconf 80' lang='lat' dir='ltr'><strong>imago</strong></span> <span class='ocrx_word' id='word_1_119' title='bbox 1799 1805 1824 1855; x_wconf 89' lang='lat'><strong><em>?</em></strong></span> <span class='ocrx_word' id='word_1_120' title='bbox 1849 1806 2041 1873; x_wconf 91' lang='lat' dir='ltr'><strong>inquit,</strong></span> <span class='ocrx_word' id='word_1_121' title='bbox 2065 1819 2142 1874; x_wconf 79' lang='lat' dir='ltr'><strong>ut,</strong></span> 
     </span>
    </p>
   </div>
   <div class='ocr_carea' id='block_1_18' title="bbox 604 1867 2139 1960">
    <p class='ocr_par' dir='ltr' id='par_1_18' title="bbox 604 1867 2139 1960">
     <span class='ocr_line' id='line_1_18' title="bbox 604 1867 2139 1960; baseline 0.023 -43"><span class='ocrx_word' id='word_1_122' title='bbox 604 1867 708 1920; x_wconf 88' lang='lat' dir='ltr'><strong>illis</strong></span> <span class='ocrx_word' id='word_1_123' title='bbox 733 1870 1229 1938; x_wconf 80' lang='lat' dir='ltr'><strong>loquentilius.&#39;non</strong></span> <span class='ocrx_word' id='word_1_124' title='bbox 1266 1882 1504 1938; x_wconf 87' lang='lat' dir='ltr'><strong>videatur</strong></span> <span class='ocrx_word' id='word_1_125' title='bbox 1547 1889 1660 1956; x_wconf 85' lang='lat' dir='ltr'><strong>ipse</strong></span> <span class='ocrx_word' id='word_1_126' title='bbox 1692 1867 1890 1960; x_wconf 86' lang='lat' dir='ltr'><strong>aliquid</strong></span> <span class='ocrx_word' id='word_1_127' title='bbox 1921 1897 2139 1952; x_wconf 80' lang='lat' dir='ltr'><strong>dixisse.</strong></span> 
     </span>
    </p>
   </div>
   <div class='ocr_carea' id='block_1_19' title="bbox 602 1955 2138 2052">
    <p class='ocr_par' dir='ltr' id='par_1_19' title="bbox 602 1955 2138 2052">
     <span class='ocr_line' id='line_1_19' title="bbox 602 1955 2138 2052; baseline 0.022 -44"><span class='ocrx_word' id='word_1_128' title='bbox 602 1955 675 2010; x_wconf 85' lang='lat' dir='ltr'><strong>Ne</strong></span> <span class='ocrx_word' id='word_1_129' title='bbox 703 1959 863 2027; x_wconf 84' lang='lat' dir='ltr'><strong>igitur</strong></span> <span class='ocrx_word' id='word_1_130' title='bbox 890 1964 1068 2017; x_wconf 81' lang='lat' dir='ltr'><strong>dicant</strong></span> <span class='ocrx_word' id='word_1_131' title='bbox 1095 1970 1220 2033; x_wconf 83' lang='lat' dir='ltr'><strong>quia</strong></span> <span class='ocrx_word' id='word_1_132' title='bbox 1254 1955 1686 2032; x_wconf 87' lang='lat' dir='ltr'><strong>hominibnsnos</strong></span> <span class='ocrx_word' id='word_1_133' title='bbox 1717 1955 1960 2050; x_wconf 75' lang='lat' dir='ltr'><strong>suiijicis,</strong></span> <span class='ocrx_word' id='word_1_134' title='bbox 1989 1987 2138 2052; x_wconf 79' lang='lat' dir='ltr'><strong>dixit,</strong></span> 
     </span>
    </p>
   </div>
   <div class='ocr_carea' id='block_1_20' title="bbox 599 2051 2136 2142">
    <p class='ocr_par' dir='ltr' id='par_1_20' title="bbox 599 2051 2136 2142">
     <span class='ocr_line' id='line_1_20' title="bbox 599 2051 2136 2142; baseline 0.025 -47"><span class='ocrx_word' id='word_1_135' title='bbox 599 2061 717 2109; x_wconf 75' lang='lat' dir='ltr'><strong>quze</strong></span> <span class='ocrx_word' id='word_1_136' title='bbox 757 2062 881 2102; x_wconf 89' lang='lat' dir='ltr'><strong>sunt</strong></span> <span class='ocrx_word' id='word_1_137' title='bbox 914 2051 1023 2116; x_wconf 89' lang='lat' dir='ltr'><strong>Oci,</strong></span> <span class='ocrx_word' id='word_1_138' title='bbox 1060 2056 1181 2109; x_wconf 89' lang='lat' dir='ltr'><strong>Deo.</strong></span> <span class='ocrx_word' id='word_1_139' title='bbox 1229 2059 1581 2119; x_wconf 74' lang='lat' dir='ltr'><strong>ldcoJ’aulus</strong></span> <span class='ocrx_word' id='word_1_140' title='bbox 1615 2082 1829 2138; x_wconf 81' lang='lat' dir='ltr'><strong>quoque</strong></span> <span class='ocrx_word' id='word_1_141' title='bbox 1867 2091 1880 2123; x_wconf 88' lang='lat'><strong>:</strong></span> <span class='ocrx_word' id='word_1_142' title='bbox 1924 2051 2136 2142; x_wconf 77' lang='lat' dir='ltr'><strong>Solvite,</strong></span> 
     </span>
    </p>
   </div>
   <div class='ocr_carea' id='block_1_21' title="bbox 597 2134 1292 2204">
    <p class='ocr_par' dir='ltr' id='par_1_21' title="bbox 597 2134 1292 2204">
     <span class='ocr_line' id='line_1_21' title="bbox 597 2134 1292 2204; baseline 0.023 -19"><span class='ocrx_word' id='word_1_143' title='bbox 597 2134 788 2204; x_wconf 80' lang='lat' dir='ltr'><strong>inquit,</strong></span> <span class='ocrx_word' id='word_1_144' title='bbox 825 2143 1065 2198; x_wconf 79' lang='lat' dir='ltr'><strong>omnibus</strong></span> <span class='ocrx_word' id='word_1_145' title='bbox 1099 2147 1292 2201; x_wconf 79' lang='lat' dir='ltr'><strong>debita.</strong></span> 
     </span>
    </p>
   </div>
   <div class='ocr_carea' id='block_1_22' title="bbox 661 2313 2132 2410">
    <p class='ocr_par' dir='ltr' id='par_1_22' title="bbox 661 2313 2132 2410">
     <span class='ocr_line' id='line_1_22' title="bbox 661 2313 2132 2410; baseline 0.021 -42"><span class='ocrx_word' id='word_1_146' title='bbox 661 2313 824 2374; x_wconf 70' lang='lat' dir='ltr'><strong>Vens.</strong></span> <span class='ocrx_word' id='word_1_147' title='bbox 853 2322 939 2375; x_wconf 74' lang='lat'><strong>9.5.</strong></span> <span class='ocrx_word' id='word_1_148' title='bbox 978 2322 1092 2378; x_wconf 85' lang='lat' dir='ltr'><strong>Duo</strong></span> <span class='ocrx_word' id='word_1_149' title='bbox 1133 2325 1361 2385; x_wconf 76' lang='lat' dir='ltr'><strong>haereses</strong></span> <span class='ocrx_word' id='word_1_150' title='bbox 1394 2341 1536 2399; x_wconf 90' lang='lat' dir='ltr'><strong>sunt,</strong></span> <span class='ocrx_word' id='word_1_151' title='bbox 1575 2351 1677 2388; x_wconf 81' lang='lat' dir='ltr'><strong>una</strong></span> <span class='ocrx_word' id='word_1_152' title='bbox 1719 2337 2132 2410; x_wconf 64' lang='lat' dir='ltr'><strong>Pharisaeorum,</strong></span> 
     </span>
    </p>
   </div>
   <div class='ocr_carea' id='block_1_23' title="bbox 594 2404 2135 2501">
    <p class='ocr_par' dir='ltr' id='par_1_23' title="bbox 594 2404 2135 2501">
     <span class='ocr_line' id='line_1_23' title="bbox 594 2404 2135 2501; baseline 0.021 -45"><span class='ocrx_word' id='word_1_153' title='bbox 594 2404 756 2459; x_wconf 81' lang='lat' dir='ltr'><strong>a&#39;tera</strong></span> <span class='ocrx_word' id='word_1_154' title='bbox 797 2407 1237 2468; x_wconf 70' lang='lat' dir='ltr'><strong>Sadducmorutn.</strong></span> <span class='ocrx_word' id='word_1_155' title='bbox 1281 2418 1556 2476; x_wconf 70' lang='lat' dir='ltr'><strong>Sadduczei</strong></span> <span class='ocrx_word' id='word_1_156' title='bbox 1598 2427 1810 2491; x_wconf 76' lang='lat' dir='ltr'><strong>quidem</strong></span> <span class='ocrx_word' id='word_1_157' title='bbox 1838 2445 2010 2501; x_wconf 90' lang='lat' dir='ltr'><strong>neque</strong></span> <span class='ocrx_word' id='word_1_158' title='bbox 2052 2404 2135 2488; x_wconf 55' lang='lat' dir='ltr'><strong>re;</strong></span> 
     </span>
    </p>
   </div>
   <div class='ocr_carea' id='block_1_24' title="bbox 594 2501 2132 2584">
    <p class='ocr_par' dir='ltr' id='par_1_24' title="bbox 594 2501 2132 2584">
     <span class='ocr_line' id='line_1_24' title="bbox 594 2501 2132 2584; baseline 0.02 -38"><span class='ocrx_word' id='word_1_159' title='bbox 594 2501 977 2552; x_wconf 74' lang='lat' dir='ltr'><strong>surrccuonetn</strong></span> <span class='ocrx_word' id='word_1_160' title='bbox 1004 2519 1175 2571; x_wconf 88' lang='lat' dir='ltr'><strong>neque</strong></span> <span class='ocrx_word' id='word_1_161' title='bbox 1205 2509 1424 2574; x_wconf 83' lang='lat' dir='ltr'><strong>angelos</strong></span> <span class='ocrx_word' id='word_1_162' title='bbox 1451 2526 1570 2565; x_wconf 87' lang='lat' dir='ltr'><strong>esse</strong></span> <span class='ocrx_word' id='word_1_163' title='bbox 1590 2517 1812 2569; x_wconf 88' lang='lat' dir='ltr'><strong>credunt</strong></span> <span class='ocrx_word' id='word_1_164' title='bbox 1837 2536 1851 2584; x_wconf 91' lang='lat'><strong>;</strong></span> <span class='ocrx_word' id='word_1_165' title='bbox 1878 2519 2132 2577; x_wconf 64' lang='lat' dir='ltr'><strong>Pharisaei</strong></span> 
     </span>
    </p>
   </div>
   <div class='ocr_carea' id='block_1_25' title="bbox 594 2579 1400 2661">
    <p class='ocr_par' dir='ltr' id='par_1_25' title="bbox 594 2579 1400 2661">
     <span class='ocr_line' id='line_1_25' title="bbox 594 2579 1400 2661; baseline 0.022 -28"><span class='ocrx_word' id='word_1_166' title='bbox 594 2597 717 2635; x_wconf 89' lang='lat' dir='ltr'><strong>vero</strong></span> <span class='ocrx_word' id='word_1_167' title='bbox 749 2596 1033 2656; x_wconf 89' lang='lat' dir='ltr'><strong>utrumque</strong></span> <span class='ocrx_word' id='word_1_168' title='bbox 1061 2579 1400 2661; x_wconf 81' lang='lat' dir='ltr'><strong>prolitcntur.</strong></span> 
     </span>
    </p>
   </div>
   <div class='ocr_carea' id='block_1_26' title="bbox 667 2672 2129 2760">
    <p class='ocr_par' dir='ltr' id='par_1_26' title="bbox 667 2672 2129 2760">
     <span class='ocr_line' id='line_1_26' title="bbox 667 2672 2129 2760; baseline 0.023 -37"><span class='ocrx_word' id='word_1_169' title='bbox 667 2672 822 2728; x_wconf 66' lang='lat' dir='ltr'><strong>Vens.</strong></span> <span class='ocrx_word' id='word_1_170' title='bbox 850 2677 937 2730; x_wconf 81' lang='grc'><strong>55.</strong></span> <span class='ocrx_word' id='word_1_171' title='bbox 978 2679 1087 2732; x_wconf 89' lang='lat' dir='ltr'><strong>Cur</strong></span> <span class='ocrx_word' id='word_1_172' title='bbox 1116 2680 1398 2760; x_wconf 72' lang='lat' dir='ltr'><strong>Matthzcus</strong></span> <span class='ocrx_word' id='word_1_173' title='bbox 1429 2688 1559 2742; x_wconf 89' lang='lat' dir='ltr'><strong>dicit</strong></span> <span class='ocrx_word' id='word_1_174' title='bbox 1592 2693 1731 2760; x_wconf 84' lang='lat' dir='ltr'><strong>quod</strong></span> <span class='ocrx_word' id='word_1_175' title='bbox 1766 2702 1977 2754; x_wconf 86' lang='lat' dir='ltr'><strong>tentans</strong></span> <span class='ocrx_word' id='word_1_176' title='bbox 2006 2715 2129 2755; x_wconf 88' lang='lat' dir='ltr'><strong>eum</strong></span> 
     </span>
    </p>
   </div>
   <div class='ocr_carea' id='block_1_27' title="bbox 591 2755 2126 2857">
    <p class='ocr_par' dir='ltr' id='par_1_27' title="bbox 591 2755 2126 2857">
     <span class='ocr_line' id='line_1_27' title="bbox 591 2755 2126 2857; baseline 0.021 -44"><span class='ocrx_word' id='word_1_177' title='bbox 591 2761 992 2834; x_wconf 83' lang='lat' dir='ltr'><strong>interrogaverit</strong></span> <span class='ocrx_word' id='word_1_178' title='bbox 1021 2772 1098 2825; x_wconf 90' lang='lat' dir='ltr'><strong>sic</strong></span> <span class='ocrx_word' id='word_1_179' title='bbox 1138 2755 1233 2842; x_wconf 77' lang='lat' dir='ltr'><strong>iste</strong></span> <span class='ocrx_word' id='word_1_180' title='bbox 1264 2775 1393 2844; x_wconf 86' lang='lat' dir='ltr'><strong>legis</strong></span> <span class='ocrx_word' id='word_1_181' title='bbox 1425 2779 1631 2845; x_wconf 89' lang='lat' dir='ltr'><strong>doctor,</strong></span> <span class='ocrx_word' id='word_1_182' title='bbox 1675 2783 1889 2841; x_wconf 80' lang='lat' dir='ltr'><strong>Marcus</strong></span> <span class='ocrx_word' id='word_1_183' title='bbox 1922 2799 2126 2857; x_wconf 90' lang='lat' dir='ltr'><strong>autem,</strong></span> 
     </span>
    </p>
   </div>
   <div class='ocr_carea' id='block_1_28' title="bbox 586 2850 2131 2942">
    <p class='ocr_par' dir='ltr' id='par_1_28' title="bbox 586 2850 2131 2942">
     <span class='ocr_line' id='line_1_28' title="bbox 586 2850 2131 2942; baseline 0.023 -43"><span class='ocrx_word' id='word_1_184' title='bbox 586 2850 726 2912; x_wconf 72' lang='lat' dir='ltr'><strong>quod</strong></span> <span class='ocrx_word' id='word_1_185' title='bbox 758 2855 942 2911; x_wconf 84' lang='lat' dir='ltr'><strong>videns</strong></span> <span class='ocrx_word' id='word_1_186' title='bbox 969 2864 1219 2927; x_wconf 88' lang='lat' dir='ltr'><strong>quoniam</strong></span> <span class='ocrx_word' id='word_1_187' title='bbox 1240 2867 1507 2933; x_wconf 87' lang='lat' dir='ltr'><strong>sapienter</strong></span> <span class='ocrx_word' id='word_1_188' title='bbox 1536 2875 1912 2942; x_wconf 81' lang='lat' dir='ltr'><strong>respondisset,</strong></span> <span class='ocrx_word' id='word_1_189' title='bbox 1934 2878 2131 2935; x_wconf 81' lang='lat' dir='ltr'><strong>dixerit</strong></span> 
     </span>
    </p>
   </div>
   <div class='ocr_carea' id='block_1_29' title="bbox 1305 248 3053 340">
    <p class='ocr_par' dir='ltr' id='par_1_29' title="bbox 1305 248 3053 340">
     <span class='ocr_line' id='line_1_29' title="bbox 1305 248 3053 340; baseline 0.021 -36"><span class='ocrx_word' id='word_1_190' title='bbox 1305 248 1686 310; x_wconf 71' lang='lat' dir='ltr'><strong>()PUSCULA</strong></span> <span class='ocrx_word' id='word_1_191' title='bbox 1727 256 2345 324; x_wconf 75' lang='lat' dir='ltr'><strong>SCRIPTURISTICA</strong></span> <span class='ocrx_word' id='word_1_192' title='bbox 2384 271 2724 334; x_wconf 64' lang='grc' dir='ltr'><strong>ΙΝΟΕΠΤίΕ</strong></span> <span class='ocrx_word' id='word_1_193' title='bbox 2755 281 3053 340; x_wconf 69' lang='grc' dir='ltr'><strong>ΑΞΤΛΤΙΞ.</strong></span> 
     </span>
    </p>
   </div>
   <div class='ocr_carea' id='block_1_30' title="bbox 614 337 2525 449">
    <p class='ocr_par' dir='ltr' id='par_1_30' title="bbox 614 337 2525 449">
     <span class='ocr_line' id='line_1_30' title="bbox 614 337 2525 449; baseline 0.025 -62"><span class='ocrx_word' id='word_1_194' title='bbox 614 337 643 386; x_wconf 90' lang='lat' dir='ltr'><strong>d</strong></span> <span class='ocrx_word' id='word_1_195' title='bbox 682 340 930 397; x_wconf 82' lang='lat' dir='ltr'><strong>lictorum</strong></span> <span class='ocrx_word' id='word_1_196' title='bbox 960 347 1181 416; x_wconf 85' lang='lat' dir='ltr'><strong>laqueos</strong></span> <span class='ocrx_word' id='word_1_197' title='bbox 1233 358 1474 412; x_wconf 86' lang='lat' dir='ltr'><strong>tendunt.</strong></span> <span class='ocrx_word' id='word_1_198' title='bbox 1519 361 1648 416; x_wconf 82' lang='lat' dir='ltr'><strong>Nam</strong></span> <span class='ocrx_word' id='word_1_199' title='bbox 1673 381 1765 433; x_wconf 87' lang='lat' dir='ltr'><strong>per</strong></span> <span class='ocrx_word' id='word_1_200' title='bbox 1793 369 2158 428; x_wconf 78' lang='lat' dir='ltr'><strong>Romanorum</strong></span> <span class='ocrx_word' id='word_1_201' title='bbox 2192 380 2227 434; x_wconf 76' lang='grc' dir='ltr'><strong>Α</strong></span> <span class='ocrx_word' id='word_1_202' title='bbox 2265 381 2525 449; x_wconf 83' lang='grc' dir='ltr'><strong>κημάτων</strong></span> 
     </span>
    </p>
   </div>
   <div class='ocr_carea' id='block_1_31' title="bbox 2576 389 3798 471">
    <p class='ocr_par' dir='ltr' id='par_1_31' title="bbox 2576 389 3798 471">
     <span class='ocr_line' id='line_1_31' title="bbox 2576 389 3798 471; baseline 0.016 -33"><span class='ocrx_word' id='word_1_203' title='bbox 2576 389 2805 454; x_wconf 80' lang='grc' dir='ltr'><strong>παγίδας</strong></span> <span class='ocrx_word' id='word_1_204' title='bbox 2844 394 3058 448; x_wconf 80' lang='grc' dir='ltr'><strong>ἱστῶσιν</strong></span> <span class='ocrx_word' id='word_1_205' title='bbox 3088 412 3104 429; x_wconf 80' lang='grc' dir='ltr'><strong><em>ο</em></strong></span> <span class='ocrx_word' id='word_1_206' title='bbox 3137 396 3214 460; x_wconf 85' lang='grc' dir='ltr'><strong>είς</strong></span> <span class='ocrx_word' id='word_1_207' title='bbox 3250 399 3355 469; x_wconf 74' lang='grc' dir='ltr'><strong>γὰρ</strong></span> <span class='ocrx_word' id='word_1_208' title='bbox 3384 402 3478 471; x_wconf 81' lang='grc' dir='ltr'><strong>τὴν</strong></span> <span class='ocrx_word' id='word_1_209' title='bbox 3508 403 3615 455; x_wconf 91' lang='grc' dir='ltr'><strong>τῶν</strong></span> <span class='ocrx_word' id='word_1_210' title='bbox 3665 406 3798 458; x_wconf 72' lang='grc' dir='ltr'><strong>Ῥωο</strong></span> 
     </span>
    </p>
   </div>
   <div class='ocr_carea' id='block_1_32' title="bbox 2255 472 3791 558">
    <p class='ocr_par' dir='ltr' id='par_1_32' title="bbox 2255 472 3791 558">
     <span class='ocr_line' id='line_1_32' title="bbox 2255 472 3791 558; baseline 0.018 -38"><span class='ocrx_word' id='word_1_211' title='bbox 2255 472 2427 536; x_wconf 81' lang='grc' dir='ltr'>μαίων</span> <span class='ocrx_word' id='word_1_212' title='bbox 2449 474 2618 544; x_wconf 81' lang='grc' dir='ltr'><strong>ἀρχὴν</strong></span> <span class='ocrx_word' id='word_1_213' title='bbox 2651 479 2758 530; x_wconf 88' lang='grc' dir='ltr'><strong>τῶν</strong></span> <span class='ocrx_word' id='word_1_214' title='bbox 2794 484 3131 552; x_wconf 79' lang='grc' dir='ltr'><strong>πραγμάτων</strong></span> <span class='ocrx_word' id='word_1_215' title='bbox 3159 488 3338 550; x_wconf 79' lang='grc' dir='ltr'><strong>αὐτοῖς</strong></span> <span class='ocrx_word' id='word_1_216' title='bbox 3367 491 3791 558; x_wconf 79' lang='grc' dir='ltr'><strong>μετατεθέντων,</strong></span> 
     </span>
    </p>
   </div>
   <div class='ocr_carea' id='block_1_33' title="bbox 2252 557 3799 640">
    <p class='ocr_par' dir='ltr' id='par_1_33' title="bbox 2252 557 3799 640">
     <span class='ocr_line' id='line_1_33' title="bbox 2252 557 3799 640; baseline 0.017 -31"><span class='ocrx_word' id='word_1_217' title='bbox 2252 561 2435 630; x_wconf 78' lang='grc' dir='ltr'><strong>ἐπειδὴ</strong></span> <span class='ocrx_word' id='word_1_218' title='bbox 2464 557 2599 616; x_wconf 77' lang='grc' dir='ltr'><strong>εἶδον</strong></span> <span class='ocrx_word' id='word_1_219' title='bbox 2634 566 2715 619; x_wconf 80' lang='grc' dir='ltr'><strong>ὅτι</strong></span> <span class='ocrx_word' id='word_1_220' title='bbox 2745 569 2946 634; x_wconf 72' lang='grc' dir='ltr'><strong>Θευδᾶς</strong></span> <span class='ocrx_word' id='word_1_221' title='bbox 2974 575 3064 626; x_wconf 79' lang='grc' dir='ltr'><strong>καὶ</strong></span> <span class='ocrx_word' id='word_1_222' title='bbox 3120 576 3316 640; x_wconf 65' lang='grc' dir='ltr'><strong>Ἰούδας</strong></span> <span class='ocrx_word' id='word_1_223' title='bbox 3371 557 3464 632; x_wconf 81' lang='grc' dir='ltr'><strong>διὰ</strong></span> <span class='ocrx_word' id='word_1_224' title='bbox 3498 582 3652 634; x_wconf 86' lang='grc' dir='ltr'><strong>τοῦτο</strong></span> <span class='ocrx_word' id='word_1_225' title='bbox 3693 557 3799 635; x_wconf 62' lang='lat' dir='ltr'><strong>tier</strong></span> 
     </span>
    </p>
   </div>
   <div class='ocr_carea' id='block_1_34' title="bbox 2255 647 3796 736">
    <p class='ocr_par' dir='ltr' id='par_1_34' title="bbox 2255 647 3796 736">
     <span class='ocr_line' id='line_1_34' title="bbox 2255 647 3796 736; baseline 0.018 -38"><span class='ocrx_word' id='word_1_226' title='bbox 2255 647 2441 702; x_wconf 87' lang='grc' dir='ltr'><strong>έθανον</strong></span> <span class='ocrx_word' id='word_1_227' title='bbox 2466 653 2794 710; x_wconf 76' lang='grc' dir='ltr'><strong>ἀποστασίαν</strong></span> <span class='ocrx_word' id='word_1_228' title='bbox 2821 661 2884 713; x_wconf 84' lang='grc' dir='ltr'><strong>ἐκ</strong></span> <span class='ocrx_word' id='word_1_229' title='bbox 2915 660 3191 730; x_wconf 85' lang='grc' dir='ltr'><strong>Ῥωμαίων</strong></span> <span class='ocrx_word' id='word_1_230' title='bbox 3210 668 3618 736; x_wconf 80' lang='grc' dir='ltr'><strong>μελετήσαντες,</strong></span> <span class='ocrx_word' id='word_1_231' title='bbox 3647 671 3796 724; x_wconf 64' lang='lat'><strong>£6015-</strong></span> 
     </span>
    </p>
   </div>
   <div class='ocr_carea' id='block_1_35' title="bbox 2253 736 3787 826">
    <p class='ocr_par' dir='ltr' id='par_1_35' title="bbox 2253 736 3787 826">
     <span class='ocr_line' id='line_1_35' title="bbox 2253 736 3787 826; baseline 0.018 -39"><span class='ocrx_word' id='word_1_232' title='bbox 2253 736 2403 790; x_wconf 87' lang='grc' dir='ltr'><strong>λοντο</strong></span> <span class='ocrx_word' id='word_1_233' title='bbox 2457 743 2545 792; x_wconf 84' lang='grc' dir='ltr'><strong>καὶ</strong></span> <span class='ocrx_word' id='word_1_234' title='bbox 2591 744 2750 796; x_wconf 79' lang='grc' dir='ltr'><strong>αὑτὸν</strong></span> <span class='ocrx_word' id='word_1_235' title='bbox 2799 749 2878 810; x_wconf 85' lang='grc' dir='ltr'><strong>εἰς</strong></span> <span class='ocrx_word' id='word_1_236' title='bbox 2918 751 3167 822; x_wconf 82' lang='grc' dir='ltr'><strong>τοιαύτην</strong></span> <span class='ocrx_word' id='word_1_237' title='bbox 3214 755 3446 824; x_wconf 71' lang='grc' dir='ltr'><strong>ὑποψίαν</strong></span> <span class='ocrx_word' id='word_1_238' title='bbox 3499 761 3739 826; x_wconf 75' lang='grc' dir='ltr'><strong>ἐνεγκεῖν</strong></span> <span class='ocrx_word' id='word_1_239' title='bbox 3773 775 3787 788; x_wconf 84' lang='grc'><strong><em>⁸</em></strong></span> 
     </span>
    </p>
   </div>
   <div class='ocr_carea' id='block_1_36' title="bbox 2248 827 3790 911">
    <p class='ocr_par' dir='ltr' id='par_1_36' title="bbox 2248 827 3790 911">
     <span class='ocr_line' id='line_1_36' title="bbox 2248 827 3790 911; baseline 0.016 -33"><span class='ocrx_word' id='word_1_240' title='bbox 2248 827 2331 879; x_wconf 74' lang='grc' dir='ltr'><strong>διὰ</strong></span> <span class='ocrx_word' id='word_1_241' title='bbox 2363 831 2515 883; x_wconf 83' lang='grc' dir='ltr'><strong>τοῦτο</strong></span> <span class='ocrx_word' id='word_1_242' title='bbox 2551 832 2686 901; x_wconf 69' lang='grc' dir='ltr'><strong>μετὰ</strong></span> <span class='ocrx_word' id='word_1_243' title='bbox 2716 836 2824 888; x_wconf 88' lang='grc' dir='ltr'><strong>τῶν</strong></span> <span class='ocrx_word' id='word_1_244' title='bbox 2874 840 3131 909; x_wconf 80' lang='grc' dir='ltr'><strong>μαθητῶν</strong></span> <span class='ocrx_word' id='word_1_245' title='bbox 3163 845 3339 897; x_wconf 83' lang='grc' dir='ltr'><strong>αὐτῶν</strong></span> <span class='ocrx_word' id='word_1_246' title='bbox 3393 849 3484 902; x_wconf 80' lang='grc' dir='ltr'><strong>καὶ</strong></span> <span class='ocrx_word' id='word_1_247' title='bbox 3524 850 3649 911; x_wconf 87' lang='grc' dir='ltr'><strong>τοὺς</strong></span> <span class='ocrx_word' id='word_1_248' title='bbox 3693 849 3790 902; x_wconf 86' lang='grc' dir='ltr'><strong>τοῦ</strong></span> 
     </span>
    </p>
   </div>
   <div class='ocr_carea' id='block_1_37' title="bbox 2261 916 3791 1008">
    <p class='ocr_par' dir='ltr' id='par_1_37' title="bbox 2261 916 3791 1008">
     <span class='ocr_line' id='line_1_37' title="bbox 2261 916 3791 1008; baseline 0.018 -41"><span class='ocrx_word' id='word_1_249' title='bbox 2261 916 2492 986; x_wconf 83' lang='grc' dir='ltr'><strong>Ἡρώδου</strong></span> <span class='ocrx_word' id='word_1_250' title='bbox 2537 926 2870 991; x_wconf 80' lang='grc' dir='ltr'><strong>στρατιώτας</strong></span> <span class='ocrx_word' id='word_1_251' title='bbox 2905 928 3177 998; x_wconf 71' lang='grc' dir='ltr'><strong>ἔπεμψαν,</strong></span> <span class='ocrx_word' id='word_1_252' title='bbox 3213 935 3430 988; x_wconf 80' lang='grc' dir='ltr'><strong>διπλοῦν</strong></span> <span class='ocrx_word' id='word_1_253' title='bbox 3469 939 3791 1008; x_wconf 82' lang='grc' dir='ltr'><strong>ὀρύττοντας</strong></span> 
     </span>
    </p>
   </div>
   <div class='ocr_carea' id='block_1_38' title="bbox 2249 1009 3788 1100">
    <p class='ocr_par' dir='ltr' id='par_1_38' title="bbox 2249 1009 3788 1100">
     <span class='ocr_line' id='line_1_38' title="bbox 2249 1009 3788 1100; baseline 0.018 -43"><span class='ocrx_word' id='word_1_254' title='bbox 2249 1009 2335 1059; x_wconf 75' lang='grc' dir='ltr'><strong>τὸν</strong></span> <span class='ocrx_word' id='word_1_255' title='bbox 2360 1009 2566 1078; x_wconf 85' lang='grc' dir='ltr'><strong>βόθρον,</strong></span> <span class='ocrx_word' id='word_1_256' title='bbox 2598 1013 2682 1065; x_wconf 77' lang='grc' dir='ltr'><strong>ἵνα</strong></span> <span class='ocrx_word' id='word_1_257' title='bbox 2702 1016 2748 1067; x_wconf 85' lang='grc' dir='ltr'><strong>εί</strong></span> <span class='ocrx_word' id='word_1_258' title='bbox 2775 1017 2873 1086; x_wconf 64' lang='grc' dir='ltr'><strong>μὲν</strong></span> <span class='ocrx_word' id='word_1_259' title='bbox 2899 1020 3038 1089; x_wconf 76' lang='grc' dir='ltr'><strong>ὺπέρ</strong></span> <span class='ocrx_word' id='word_1_260' title='bbox 3057 1023 3167 1075; x_wconf 87' lang='grc' dir='ltr'><strong>τῶν</strong></span> <span class='ocrx_word' id='word_1_261' title='bbox 3202 1025 3539 1094; x_wconf 85' lang='grc' dir='ltr'><strong>Ἥρωδιανῶν</strong></span> <span class='ocrx_word' id='word_1_262' title='bbox 3556 1031 3788 1100; x_wconf 83' lang='grc' dir='ltr'><strong>ἀποκρί-</strong></span> 
     </span>
    </p>
   </div>
   <div class='ocr_carea' id='block_1_39' title="bbox 2247 1102 3793 1183">
    <p class='ocr_par' dir='ltr' id='par_1_39' title="bbox 2247 1102 3793 1183">
     <span class='ocr_line' id='line_1_39' title="bbox 2247 1102 3793 1183; baseline 0.016 -36"><span class='ocrx_word' id='word_1_263' title='bbox 2247 1114 2421 1165; x_wconf 87' lang='grc' dir='ltr'><strong>νηται,</strong></span> <span class='ocrx_word' id='word_1_264' title='bbox 2457 1102 2606 1154; x_wconf 76' lang='grc' dir='ltr'><strong>αὐτοὶ</strong></span> <span class='ocrx_word' id='word_1_265' title='bbox 2650 1105 3011 1169; x_wconf 70' lang='grc' dir='ltr'><strong>ἐγκαλέσωσιν</strong></span> <span class='ocrx_word' id='word_1_266' title='bbox 3042 1126 3056 1141; x_wconf 78' lang='grc' dir='ltr'><strong>ο</strong></span> <span class='ocrx_word' id='word_1_267' title='bbox 3091 1112 3140 1164; x_wconf 87' lang='grc' dir='ltr'><strong>εί</strong></span> <span class='ocrx_word' id='word_1_268' title='bbox 3169 1112 3220 1163; x_wconf 83' lang='grc' dir='ltr'><strong>δὲ</strong></span> <span class='ocrx_word' id='word_1_269' title='bbox 3254 1114 3389 1183; x_wconf 83' lang='grc' dir='ltr'><strong>ὑπὲρ</strong></span> <span class='ocrx_word' id='word_1_270' title='bbox 3421 1117 3615 1181; x_wconf 83' lang='grc' dir='ltr'><strong>αὐτῶν,</strong></span> <span class='ocrx_word' id='word_1_271' title='bbox 3647 1121 3793 1172; x_wconf 91' lang='grc' dir='ltr'><strong>ἐκεῖ-</strong></span> 
     </span>
    </p>
   </div>
   <div class='ocr_carea' id='block_1_40' title="bbox 2249 1190 3792 1273">
    <p class='ocr_par' dir='ltr' id='par_1_40' title="bbox 2249 1190 3792 1273">
     <span class='ocr_line' id='line_1_40' title="bbox 2249 1190 3792 1273; baseline 0.016 -35"><span class='ocrx_word' id='word_1_272' title='bbox 2249 1205 2326 1238; x_wconf 92' lang='grc' dir='ltr'><strong>νοι</strong></span> <span class='ocrx_word' id='word_1_273' title='bbox 2360 1204 2372 1218; x_wconf 75' lang='grc' dir='ltr'><strong>ο</strong></span> <span class='ocrx_word' id='word_1_274' title='bbox 2405 1192 2575 1242; x_wconf 86' lang='grc' dir='ltr'><strong>καίτοι</strong></span> <span class='ocrx_word' id='word_1_275' title='bbox 2605 1209 2665 1260; x_wconf 82' lang='grc' dir='ltr'><strong>γε</strong></span> <span class='ocrx_word' id='word_1_276' title='bbox 2709 1190 2776 1264; x_wconf 83' lang='grc' dir='ltr'><strong>ἦν</strong></span> <span class='ocrx_word' id='word_1_277' title='bbox 2822 1198 3062 1260; x_wconf 84' lang='grc' dir='ltr'><strong>δεδωκὼς</strong></span> <span class='ocrx_word' id='word_1_278' title='bbox 3103 1202 3169 1254; x_wconf 73' lang='grc' dir='ltr'><strong>τὰ</strong></span> <span class='ocrx_word' id='word_1_279' title='bbox 3195 1203 3493 1273; x_wconf 85' lang='grc' dir='ltr'><strong>δίδραχμα·</strong></span> <span class='ocrx_word' id='word_1_280' title='bbox 3526 1207 3642 1258; x_wconf 72' lang='grc' dir='ltr'><strong>ἀλλ’</strong></span> <span class='ocrx_word' id='word_1_281' title='bbox 3689 1210 3792 1262; x_wconf 82' lang='grc' dir='ltr'><strong>οὐκ</strong></span> 
     </span>
    </p>
   </div>
   <div class='ocr_carea' id='block_1_41' title="bbox 2249 1279 3790 1364">
    <p class='ocr_par' dir='ltr' id='par_1_41' title="bbox 2249 1279 3790 1364">
     <span class='ocr_line' id='line_1_41' title="bbox 2249 1279 3790 1364; baseline 0.016 -36"><span class='ocrx_word' id='word_1_282' title='bbox 2249 1279 2440 1345; x_wconf 74' lang='grc' dir='ltr'><strong>ᾔδεσαν</strong></span> <span class='ocrx_word' id='word_1_283' title='bbox 2479 1285 2705 1336; x_wconf 85' lang='grc' dir='ltr'><strong>ἐκεῖνοι·</strong></span> <span class='ocrx_word' id='word_1_284' title='bbox 2740 1287 2956 1355; x_wconf 75' lang='grc' dir='ltr'><strong>ἐρώτων</strong></span> <span class='ocrx_word' id='word_1_285' title='bbox 3015 1290 3067 1342; x_wconf 80' lang='grc' dir='ltr'><strong>δὲ</strong></span> <span class='ocrx_word' id='word_1_286' title='bbox 3121 1293 3282 1360; x_wconf 81' lang='grc' dir='ltr'><strong>μέσον</strong></span> <span class='ocrx_word' id='word_1_287' title='bbox 3335 1295 3511 1362; x_wconf 75' lang='grc' dir='ltr'><strong>ὄχλου,</strong></span> <span class='ocrx_word' id='word_1_288' title='bbox 3564 1297 3790 1364; x_wconf 78' lang='grc' dir='ltr'><strong>μείζονα</strong></span> 
     </span>
    </p>
   </div>
   <div class='ocr_carea' id='block_1_42' title="bbox 2249 1368 3784 1453">
    <p class='ocr_par' dir='ltr' id='par_1_42' title="bbox 2249 1368 3784 1453">
     <span class='ocr_line' id='line_1_42' title="bbox 2249 1368 3784 1453; baseline 0.016 -38"><span class='ocrx_word' id='word_1_289' title='bbox 2249 1368 2520 1430; x_wconf 85' lang='grc' dir='ltr'><strong>ποιοῦντες</strong></span> <span class='ocrx_word' id='word_1_290' title='bbox 2555 1371 2649 1440; x_wconf 84' lang='grc' dir='ltr'><strong>τὴν</strong></span> <span class='ocrx_word' id='word_1_291' title='bbox 2679 1377 2973 1445; x_wconf 80' lang='grc' dir='ltr'><strong>μαρτυρίαν</strong></span> <span class='ocrx_word' id='word_1_292' title='bbox 3004 1394 3016 1406; x_wconf 88' lang='grc'><strong>·</strong></span> <span class='ocrx_word' id='word_1_293' title='bbox 3054 1379 3304 1447; x_wconf 78' lang='grc' dir='ltr'><strong>Οῐδαμεν</strong></span> <span class='ocrx_word' id='word_1_294' title='bbox 3333 1383 3420 1436; x_wconf 84' lang='grc' dir='ltr'><strong>ὅτι</strong></span> <span class='ocrx_word' id='word_1_295' title='bbox 3447 1387 3679 1453; x_wconf 77' lang='grc' dir='ltr'><strong>ἀληθὴς</strong></span> <span class='ocrx_word' id='word_1_296' title='bbox 3708 1386 3784 1442; x_wconf 79' lang='grc' dir='ltr'><strong>εἴ.</strong></span> 
     </span>
    </p>
   </div>
   <div class='ocr_carea' id='block_1_43' title="bbox 2196 1454 3792 1533">
    <p class='ocr_par' dir='ltr' id='par_1_43' title="bbox 2196 1454 3792 1533">
     <span class='ocr_line' id='line_1_43' title="bbox 2196 1454 3792 1533; baseline 0.017 -31"><span class='ocrx_word' id='word_1_297' title='bbox 2196 1471 2205 1479; x_wconf 64' lang='grc' dir='ltr'><strong>υ</strong></span> <span class='ocrx_word' id='word_1_298' title='bbox 2253 1454 2374 1517; x_wconf 78' lang='grc' dir='ltr'><strong>Πῶς</strong></span> <span class='ocrx_word' id='word_1_299' title='bbox 2396 1456 2486 1509; x_wconf 83' lang='grc' dir='ltr'><strong>οὖν</strong></span> <span class='ocrx_word' id='word_1_300' title='bbox 2527 1461 2735 1526; x_wconf 75' lang='grc' dir='ltr'><strong>ἐλέγετε</strong></span> <span class='ocrx_word' id='word_1_301' title='bbox 2759 1465 2838 1515; x_wconf 81' lang='grc' dir='ltr'><strong>ὅτι</strong></span> <span class='ocrx_word' id='word_1_302' title='bbox 2880 1466 3073 1530; x_wconf 81' lang='grc' dir='ltr'><strong>πλάνος</strong></span> <span class='ocrx_word' id='word_1_303' title='bbox 3106 1469 3250 1520; x_wconf 87' lang='grc' dir='ltr'><strong>ἐστίν</strong></span> <span class='ocrx_word' id='word_1_304' title='bbox 3277 1489 3289 1533; x_wconf 92' lang='grc'><strong>;</strong></span> <span class='ocrx_word' id='word_1_305' title='bbox 3319 1472 3486 1525; x_wconf 88' lang='grc' dir='ltr'><strong>Τοῦτο</strong></span> <span class='ocrx_word' id='word_1_306' title='bbox 3512 1473 3602 1526; x_wconf 81' lang='grc' dir='ltr'><strong>οὖν</strong></span> <span class='ocrx_word' id='word_1_307' title='bbox 3632 1476 3792 1528; x_wconf 89' lang='grc' dir='ltr'><strong>κολα-</strong></span> 
     </span>
    </p>
   </div>
   <div class='ocr_carea' id='block_1_44' title="bbox 2254 1545 3788 1635">
    <p class='ocr_par' dir='ltr' id='par_1_44' title="bbox 2254 1545 3788 1635">
     <span class='ocr_line' id='line_1_44' title="bbox 2254 1545 3788 1635; baseline 0.015 -41"><span class='ocrx_word' id='word_1_308' title='bbox 2254 1545 2498 1609; x_wconf 79' lang='grc' dir='ltr'><strong>κεύοντες</strong></span> <span class='ocrx_word' id='word_1_309' title='bbox 2538 1549 2801 1617; x_wconf 87' lang='grc' dir='ltr'><strong>λέγουσιν,</strong></span> <span class='ocrx_word' id='word_1_310' title='bbox 2835 1556 2893 1606; x_wconf 83' lang='grc' dir='ltr'><strong>οὺ</strong></span> <span class='ocrx_word' id='word_1_311' title='bbox 2943 1555 3150 1623; x_wconf 86' lang='grc' dir='ltr'><strong>λέγουσι</strong></span> <span class='ocrx_word' id='word_1_312' title='bbox 3185 1561 3230 1612; x_wconf 75' lang='grc' dir='ltr'><strong>δ’</strong></span> <span class='ocrx_word' id='word_1_313' title='bbox 3264 1561 3341 1614; x_wconf 77' lang='grc' dir='ltr'><strong>ιτι</strong></span> <span class='ocrx_word' id='word_1_314' title='bbox 3383 1563 3443 1616; x_wconf 83' lang='grc' dir='ltr'><strong>τὸ</strong></span> <span class='ocrx_word' id='word_1_315' title='bbox 3492 1567 3788 1635; x_wconf 79' lang='grc' dir='ltr'><strong>συμφέρον,</strong></span> 
     </span>
    </p>
   </div>
   <div class='ocr_carea' id='block_1_45' title="bbox 2248 1634 3791 1720">
    <p class='ocr_par' dir='ltr' id='par_1_45' title="bbox 2248 1634 3791 1720">
     <span class='ocr_line' id='line_1_45' title="bbox 2248 1634 3791 1720; baseline 0.014 -37"><span class='ocrx_word' id='word_1_316' title='bbox 2248 1634 2397 1698; x_wconf 75' lang='grc' dir='ltr'><strong>ἀλλὰ,</strong></span> <span class='ocrx_word' id='word_1_317' title='bbox 2438 1638 2496 1689; x_wconf 83' lang='grc' dir='ltr'><strong>Τί</strong></span> <span class='ocrx_word' id='word_1_318' title='bbox 2529 1654 2623 1716; x_wconf 69' lang='lat' dir='ltr'><strong>qm</strong></span> <span class='ocrx_word' id='word_1_319' title='bbox 2650 1639 2815 1694; x_wconf 80' lang='grc' dir='ltr'><strong>δοκεῖ</strong></span> <span class='ocrx_word' id='word_1_320' title='bbox 2827 1659 2846 1706; x_wconf 87' lang='grc'><strong><em>;</em></strong></span> <span class='ocrx_word' id='word_1_321' title='bbox 2884 1644 2957 1696; x_wconf 80' lang='grc' dir='ltr'><strong>Τὸ</strong></span> <span class='ocrx_word' id='word_1_322' title='bbox 2982 1646 3036 1698; x_wconf 86' lang='grc' dir='ltr'><strong>δὲ</strong></span> <span class='ocrx_word' id='word_1_323' title='bbox 3073 1649 3268 1714; x_wconf 73' lang='grc' dir='ltr'><strong>εἰπεῖν,</strong></span> <span class='ocrx_word' id='word_1_324' title='bbox 3305 1651 3383 1704; x_wconf 82' lang='grc' dir='ltr'><strong>ὅτι</strong></span> <span class='ocrx_word' id='word_1_325' title='bbox 3420 1654 3500 1706; x_wconf 86' lang='grc' dir='ltr'><strong>Οὐ</strong></span> <span class='ocrx_word' id='word_1_326' title='bbox 3536 1634 3791 1720; x_wconf 72' lang='grc' dir='ltr'><strong>,βλέπεις</strong></span> 
     </span>
    </p>
   </div>
   <div class='ocr_carea' id='block_1_46' title="bbox 2253 1711 3786 1808">
    <p class='ocr_par' dir='ltr' id='par_1_46' title="bbox 2253 1711 3786 1808">
     <span class='ocr_line' id='line_1_46' title="bbox 2253 1711 3786 1808; baseline 0.016 -34"><span class='ocrx_word' id='word_1_327' title='bbox 2253 1726 2336 1788; x_wconf 80' lang='grc' dir='ltr'><strong>εἰς</strong></span> <span class='ocrx_word' id='word_1_328' title='bbox 2372 1711 2711 1796; x_wconf 80' lang='grc' dir='ltr'><strong>πρόσωπον,</strong></span> <span class='ocrx_word' id='word_1_329' title='bbox 2739 1736 2861 1802; x_wconf 74' lang='grc' dir='ltr'><strong>περὶ</strong></span> <span class='ocrx_word' id='word_1_330' title='bbox 2908 1736 3177 1806; x_wconf 80' lang='grc' dir='ltr'><strong>Καίσαρος</strong></span> <span class='ocrx_word' id='word_1_331' title='bbox 3205 1711 3295 1792; x_wconf 71' lang='grc' dir='ltr'><strong>καλ⁸</strong></span> <span class='ocrx_word' id='word_1_332' title='bbox 3328 1711 3567 1808; x_wconf 79' lang='grc' dir='ltr'><strong>Ἡρώδου</strong></span> <span class='ocrx_word' id='word_1_333' title='bbox 3611 1711 3786 1797; x_wconf 61' lang='lat' dir='ltr'><strong>civit:-</strong></span> 
     </span>
    </p>
   </div>
   <div class='ocr_carea' id='block_1_47' title="bbox 2251 1817 3792 1896">
    <p class='ocr_par' dir='ltr' id='par_1_47' title="bbox 2251 1817 3792 1896">
     <span class='ocr_line' id='line_1_47' title="bbox 2251 1817 3792 1896; baseline 0.018 -35"><span class='ocrx_word' id='word_1_334' title='bbox 2251 1829 2451 1868; x_wconf 86' lang='grc' dir='ltr'><strong>τονται.</strong></span> <span class='ocrx_word' id='word_1_335' title='bbox 2498 1817 2587 1868; x_wconf 86' lang='grc' dir='ltr'><strong>Ἐκ</strong></span> <span class='ocrx_word' id='word_1_336' title='bbox 2635 1820 2741 1870; x_wconf 85' lang='grc' dir='ltr'><strong>τῶν</strong></span> <span class='ocrx_word' id='word_1_337' title='bbox 2775 1823 2986 1875; x_wconf 73' lang='grc' dir='ltr'><strong>οἰκείων</strong></span> <span class='ocrx_word' id='word_1_338' title='bbox 3014 1823 3105 1878; x_wconf 70' lang='grc' dir='ltr'><strong>οὖν</strong></span> <span class='ocrx_word' id='word_1_339' title='bbox 3150 1832 3427 1896; x_wconf 79' lang='grc' dir='ltr'><strong>στομάτων</strong></span> <span class='ocrx_word' id='word_1_340' title='bbox 3457 1833 3649 1896; x_wconf 78' lang='grc' dir='ltr'><strong>αὐτοὺς</strong></span> <span class='ocrx_word' id='word_1_341' title='bbox 3691 1852 3792 1887; x_wconf 85' lang='grc' dir='ltr'><strong>κα-</strong></span> 
     </span>
    </p>
   </div>
   <div class='ocr_carea' id='block_1_48' title="bbox 2248 1904 3790 1986">
    <p class='ocr_par' dir='ltr' id='par_1_48' title="bbox 2248 1904 3790 1986">
     <span class='ocr_line' id='line_1_48' title="bbox 2248 1904 3790 1986; baseline 0.017 -35"><span class='ocrx_word' id='word_1_342' title='bbox 2248 1905 2496 1972; x_wconf 85' lang='grc' dir='ltr'><strong>τακρῖναι</strong></span> <span class='ocrx_word' id='word_1_343' title='bbox 2552 1904 2866 1978; x_wconf 86' lang='grc' dir='ltr'><strong>βουλόμενος</strong></span> <span class='ocrx_word' id='word_1_344' title='bbox 2915 1914 3056 1979; x_wconf 80' lang='grc' dir='ltr'><strong>λέγει</strong></span> <span class='ocrx_word' id='word_1_345' title='bbox 3087 1931 3100 1946; x_wconf 85' lang='grc'>⁶</span> <span class='ocrx_word' id='word_1_346' title='bbox 3158 1918 3320 1978; x_wconf 79' lang='grc' dir='ltr'><em>Τίνος</em></span> <span class='ocrx_word' id='word_1_347' title='bbox 3365 1923 3399 1986; x_wconf 75' lang='grc' dir='ltr'>ἡ</span> <span class='ocrx_word' id='word_1_348' title='bbox 3435 1923 3790 1986; x_wconf 69' lang='grc' dir='ltr'><strong>είκών;“1να</strong></span> 
     </span>
    </p>
   </div>
   <div class='ocr_carea' id='block_1_49' title="bbox 2247 1991 3792 2072">
    <p class='ocr_par' dir='ltr' id='par_1_49' title="bbox 2247 1991 3792 2072">
     <span class='ocr_line' id='line_1_49' title="bbox 2247 1991 3792 2072; baseline 0.016 -32"><span class='ocrx_word' id='word_1_349' title='bbox 2247 1991 2466 2044; x_wconf 81' lang='grc' dir='ltr'><strong>ἐκείνων</strong></span> <span class='ocrx_word' id='word_1_350' title='bbox 2499 1997 2775 2062; x_wconf 85' lang='grc' dir='ltr'><strong>εἰπόντων,</strong></span> <span class='ocrx_word' id='word_1_351' title='bbox 2807 2001 2880 2066; x_wconf 79' lang='grc' dir='ltr'><strong>μὴ</strong></span> <span class='ocrx_word' id='word_1_352' title='bbox 2917 2001 3038 2072; x_wconf 78' lang='grc' dir='ltr'><strong>δόξῃ</strong></span> <span class='ocrx_word' id='word_1_353' title='bbox 3072 1997 3223 2067; x_wconf 78' lang='grc' dir='ltr'><strong>οὗτος</strong></span> <span class='ocrx_word' id='word_1_354' title='bbox 3249 2010 3417 2060; x_wconf 76' lang='grc' dir='ltr'><strong>εἰπεῖν</strong></span> <span class='ocrx_word' id='word_1_355' title='bbox 3438 2025 3510 2062; x_wconf 88' lang='grc' dir='ltr'><strong>τι.</strong></span> <span class='ocrx_word' id='word_1_356' title='bbox 3544 2009 3656 2063; x_wconf 87' lang='grc' dir='ltr'><strong>Ἵνα</strong></span> <span class='ocrx_word' id='word_1_357' title='bbox 3694 2008 3792 2065; x_wconf 82' lang='grc' dir='ltr'><strong>οὖν</strong></span> 
     </span>
    </p>
   </div>
   <div class='ocr_carea' id='block_1_50' title="bbox 2249 2080 3787 2164">
    <p class='ocr_par' dir='ltr' id='par_1_50' title="bbox 2249 2080 3787 2164">
     <span class='ocr_line' id='line_1_50' title="bbox 2249 2080 3787 2164; baseline 0.016 -34"><span class='ocrx_word' id='word_1_358' title='bbox 2249 2080 2322 2148; x_wconf 83' lang='grc' dir='ltr'><strong>μὴ</strong></span> <span class='ocrx_word' id='word_1_359' title='bbox 2351 2082 2607 2146; x_wconf 53' lang='grc' dir='ltr'><strong>,εῖπωσιιη</strong></span> <span class='ocrx_word' id='word_1_360' title='bbox 2636 2086 2716 2137; x_wconf 81' lang='grc' dir='ltr'><strong>ὃτι</strong></span> <span class='ocrx_word' id='word_1_361' title='bbox 2781 2088 3107 2157; x_wconf 79' lang='grc' dir='ltr'><strong>Ἀνθρὼποις</strong></span> <span class='ocrx_word' id='word_1_362' title='bbox 3153 2097 3298 2162; x_wconf 74' lang='grc' dir='ltr'><strong>ἡμᾶς</strong></span> <span class='ocrx_word' id='word_1_363' title='bbox 3336 2099 3669 2164; x_wconf 77' lang='grc' dir='ltr'><strong>ὑποτάττεις,</strong></span> <span class='ocrx_word' id='word_1_364' title='bbox 3705 2101 3787 2154; x_wconf 81' lang='grc' dir='ltr'><strong>εῖ-</strong></span> 
     </span>
    </p>
   </div>
   <div class='ocr_carea' id='block_1_51' title="bbox 2245 2171 3787 2256">
    <p class='ocr_par' dir='ltr' id='par_1_51' title="bbox 2245 2171 3787 2256">
     <span class='ocr_line' id='line_1_51' title="bbox 2245 2171 3787 2256; baseline 0.016 -37"><span class='ocrx_word' id='word_1_365' title='bbox 2245 2185 2342 2220; x_wconf 86' lang='grc' dir='ltr'><strong>πεν</strong></span> <span class='ocrx_word' id='word_1_366' title='bbox 2377 2171 2467 2222; x_wconf 76' lang='grc' dir='ltr'><strong>καὶ</strong></span> <span class='ocrx_word' id='word_1_367' title='bbox 2500 2174 2565 2225; x_wconf 75' lang='grc' dir='ltr'><strong>τὰ</strong></span> <span class='ocrx_word' id='word_1_368' title='bbox 2609 2173 2700 2225; x_wconf 87' lang='grc' dir='ltr'><strong>τοῦ</strong></span> <span class='ocrx_word' id='word_1_369' title='bbox 2737 2175 2867 2228; x_wconf 81' lang='grc' dir='ltr'><strong>Θεοῦ</strong></span> <span class='ocrx_word' id='word_1_370' title='bbox 2908 2177 2984 2248; x_wconf 85' lang='grc' dir='ltr'><strong>τῷ</strong></span> <span class='ocrx_word' id='word_1_371' title='bbox 3027 2180 3143 2250; x_wconf 83' lang='grc' dir='ltr'><strong>Θεῷ</strong></span> <span class='ocrx_word' id='word_1_372' title='bbox 3167 2198 3178 2210; x_wconf 78' lang='grc'><em>’</em></span> <span class='ocrx_word' id='word_1_373' title='bbox 3211 2182 3290 2234; x_wconf 82' lang='grc' dir='ltr'><strong>διὸ</strong></span> <span class='ocrx_word' id='word_1_374' title='bbox 3341 2188 3433 2238; x_wconf 80' lang='grc' dir='ltr'><strong>καῖ</strong></span> <span class='ocrx_word' id='word_1_375' title='bbox 3483 2189 3512 2240; x_wconf 83' lang='grc' dir='ltr'><strong>ὁ</strong></span> <span class='ocrx_word' id='word_1_376' title='bbox 3556 2187 3787 2256; x_wconf 82' lang='grc' dir='ltr'><strong>Παῦλος,</strong></span> 
     </span>
    </p>
   </div>
   <div class='ocr_carea' id='block_1_52' title="bbox 2257 2257 3350 2338">
    <p class='ocr_par' dir='ltr' id='par_1_52' title="bbox 2257 2257 3350 2338">
     <span class='ocr_line' id='line_1_52' title="bbox 2257 2257 3350 2338; baseline 0.013 -27"><span class='ocrx_word' id='word_1_377' title='bbox 2257 2257 2532 2314; x_wconf 82' lang='grc' dir='ltr'><strong>Ἀπόδοτε</strong></span> <span class='ocrx_word' id='word_1_378' title='bbox 2557 2261 2743 2317; x_wconf 78' lang='grc' dir='ltr'><strong>πᾶσιν</strong></span> <span class='ocrx_word' id='word_1_379' title='bbox 2768 2264 2872 2330; x_wconf 82' lang='grc' dir='ltr'><strong>τὰς</strong></span> <span class='ocrx_word' id='word_1_380' title='bbox 2897 2270 3156 2335; x_wconf 70' lang='grc' dir='ltr'><strong>ὀφειλὰς,</strong></span> <span class='ocrx_word' id='word_1_381' title='bbox 3183 2270 3350 2338; x_wconf 86' lang='grc' dir='ltr'><strong>λέγει.</strong></span> 
     </span>
    </p>
   </div>
   <div class='ocr_carea' id='block_1_53' title="bbox 2310 2349 3788 2436">
    <p class='ocr_par' dir='ltr' id='par_1_53' title="bbox 2310 2349 3788 2436">
     <span class='ocr_line' id='line_1_53' title="bbox 2310 2349 3788 2436; baseline 0.014 -36"><span class='ocrx_word' id='word_1_382' title='bbox 2310 2349 2412 2401; x_wconf 75' lang='grc' dir='ltr'><strong>Δύο</strong></span> <span class='ocrx_word' id='word_1_383' title='bbox 2449 2351 2684 2419; x_wconf 73' lang='grc' dir='ltr'><strong>αἱρέσεις</strong></span> <span class='ocrx_word' id='word_1_384' title='bbox 2705 2357 2859 2418; x_wconf 73' lang='grc' dir='ltr'><strong>εἰσὶν,</strong></span> <span class='ocrx_word' id='word_1_385' title='bbox 2900 2358 2930 2425; x_wconf 80' lang='grc' dir='ltr'>ἡ</span> <span class='ocrx_word' id='word_1_386' title='bbox 2984 2357 3090 2409; x_wconf 88' lang='grc' dir='ltr'><strong>τῶν</strong></span> <span class='ocrx_word' id='word_1_387' title='bbox 3119 2361 3425 2430; x_wconf 77' lang='grc' dir='ltr'><strong>Φαρισαίων</strong></span> <span class='ocrx_word' id='word_1_388' title='bbox 3472 2365 3563 2418; x_wconf 69' lang='grc' dir='ltr'><strong>καὶ</strong></span> <span class='ocrx_word' id='word_1_389' title='bbox 3611 2365 3788 2436; x_wconf 73' lang='grc' dir='ltr'><strong>ἡτῶν</strong></span> 
     </span>
    </p>
   </div>
   <div class='ocr_carea' id='block_1_54' title="bbox 2240 2435 3786 2511">
    <p class='ocr_par' dir='ltr' id='par_1_54' title="bbox 2240 2435 3786 2511">
     <span class='ocr_line' id='line_1_54' title="bbox 2240 2435 3786 2511; baseline 0.014 -25"><span class='ocrx_word' id='word_1_390' title='bbox 2240 2435 2622 2492; x_wconf 83' lang='grc' dir='ltr'><strong>Σαδδουκαίων.</strong></span> <span class='ocrx_word' id='word_1_391' title='bbox 2669 2443 2732 2494; x_wconf 84' lang='grc' dir='ltr'><strong>Οί</strong></span> <span class='ocrx_word' id='word_1_392' title='bbox 2781 2444 2880 2511; x_wconf 79' lang='grc' dir='ltr'><strong>μὲν</strong></span> <span class='ocrx_word' id='word_1_393' title='bbox 2940 2445 3277 2500; x_wconf 80' lang='grc' dir='ltr'><strong>Σαδδουκαῖοι</strong></span> <span class='ocrx_word' id='word_1_394' title='bbox 3321 2449 3443 2504; x_wconf 77' lang='grc' dir='ltr'><strong>οὔτε</strong></span> <span class='ocrx_word' id='word_1_395' title='bbox 3489 2435 3786 2507; x_wconf 82' lang='grc' dir='ltr'><strong>ἀνάστασιν</strong></span> 
     </span>
    </p>
   </div>
   <div class='ocr_carea' id='block_1_55' title="bbox 2237 2526 3785 2610">
    <p class='ocr_par' dir='ltr' id='par_1_55' title="bbox 2237 2526 3785 2610">
     <span class='ocr_line' id='line_1_55' title="bbox 2237 2526 3785 2610; baseline 0.012 -34"><span class='ocrx_word' id='word_1_396' title='bbox 2237 2526 2359 2579; x_wconf 72' lang='grc' dir='ltr'><strong>οὔτε</strong></span> <span class='ocrx_word' id='word_1_397' title='bbox 2399 2530 2656 2596; x_wconf 79' lang='grc' dir='ltr'><strong>ἀγγέλους</strong></span> <span class='ocrx_word' id='word_1_398' title='bbox 2687 2534 3024 2588; x_wconf 83' lang='grc' dir='ltr'><strong>πιστεύουσιν</strong></span> <span class='ocrx_word' id='word_1_399' title='bbox 3043 2549 3057 2565; x_wconf 74' lang='grc'><strong>⁸</strong></span> <span class='ocrx_word' id='word_1_400' title='bbox 3087 2539 3134 2588; x_wconf 87' lang='grc' dir='ltr'><strong>οί</strong></span> <span class='ocrx_word' id='word_1_401' title='bbox 3185 2538 3243 2589; x_wconf 87' lang='grc' dir='ltr'><strong>δὲ</strong></span> <span class='ocrx_word' id='word_1_402' title='bbox 3281 2534 3560 2608; x_wconf 76' lang='grc' dir='ltr'><strong>Φαρισαῖοι</strong></span> <span class='ocrx_word' id='word_1_403' title='bbox 3589 2541 3785 2610; x_wconf 81' lang='grc' dir='ltr'><strong>ὁμολο-</strong></span> 
     </span>
    </p>
   </div>
   <div class='ocr_carea' id='block_1_56' title="bbox 2237 2616 3438 2704">
    <p class='ocr_par' dir='ltr' id='par_1_56' title="bbox 2237 2616 3438 2704">
     <span class='ocr_line' id='line_1_56' title="bbox 2237 2616 3438 2704; baseline 0.013 -36"><span class='ocrx_word' id='word_1_404' title='bbox 2237 2616 2421 2684; x_wconf 85' lang='grc' dir='ltr'><strong>γοῦσιν</strong></span> <span class='ocrx_word' id='word_1_405' title='bbox 2445 2622 2745 2687; x_wconf 78' lang='grc' dir='ltr'><strong>ἀμφότερα.</strong></span> <span class='ocrx_word' id='word_1_406' title='bbox 3434 2701 3438 2704; x_wconf 87' lang='lat'><strong><em>_</em></strong></span> 
     </span>
    </p>
   </div>
   <div class='ocr_carea' id='block_1_57' title="bbox 2305 2709 3782 2789">
    <p class='ocr_par' dir='ltr' id='par_1_57' title="bbox 2305 2709 3782 2789">
     <span class='ocr_line' id='line_1_57' title="bbox 2305 2709 3782 2789; baseline 0.01 -32"><span class='ocrx_word' id='word_1_407' title='bbox 2305 2709 2401 2760; x_wconf 85' lang='grc' dir='ltr'><strong>Διά</strong></span> <span class='ocrx_word' id='word_1_408' title='bbox 2433 2709 2484 2760; x_wconf 89' lang='grc' dir='ltr'><strong>τί</strong></span> <span class='ocrx_word' id='word_1_409' title='bbox 2510 2712 2536 2762; x_wconf 84' lang='grc' dir='ltr'><strong>ό</strong></span> <span class='ocrx_word' id='word_1_410' title='bbox 2575 2710 2675 2779; x_wconf 85' lang='grc' dir='ltr'><strong>μὲν</strong></span> <span class='ocrx_word' id='word_1_411' title='bbox 2704 2713 2970 2778; x_wconf 82' lang='grc' dir='ltr'><strong>Ματθαῖός</strong></span> <span class='ocrx_word' id='word_1_412' title='bbox 3005 2732 3188 2785; x_wconf 85' lang='grc' dir='ltr'><strong>φησιν,</strong></span> <span class='ocrx_word' id='word_1_413' title='bbox 3222 2717 3302 2770; x_wconf 78' lang='grc' dir='ltr'><strong>ὅτι</strong></span> <span class='ocrx_word' id='word_1_414' title='bbox 3333 2718 3782 2789; x_wconf 59' lang='grc' dir='ltr'><strong>πειράζωνιὴρὼ-</strong></span> 
     </span>
    </p>
   </div>
   <div class='ocr_carea' id='block_1_58' title="bbox 2235 2791 3780 2873">
    <p class='ocr_par' dir='ltr' id='par_1_58' title="bbox 2235 2791 3780 2873">
     <span class='ocr_line' id='line_1_58' title="bbox 2235 2791 3780 2873; baseline 0.005 -26"><span class='ocrx_word' id='word_1_415' title='bbox 2235 2811 2396 2864; x_wconf 85' lang='grc' dir='ltr'><strong>τησεν</strong></span> <span class='ocrx_word' id='word_1_416' title='bbox 2445 2791 2598 2859; x_wconf 75' lang='grc' dir='ltr'><strong>οὗτος</strong></span> <span class='ocrx_word' id='word_1_417' title='bbox 2631 2799 2659 2850; x_wconf 82' lang='grc' dir='ltr'><strong>ό</strong></span> <span class='ocrx_word' id='word_1_418' title='bbox 2692 2800 2909 2867; x_wconf 80' lang='grc' dir='ltr'><strong>νομικὸς</strong></span> <span class='ocrx_word' id='word_1_419' title='bbox 2949 2801 3148 2865; x_wconf 71' lang='grc' dir='ltr'><strong>οὕτως’</strong></span> <span class='ocrx_word' id='word_1_420' title='bbox 3179 2805 3206 2854; x_wconf 84' lang='grc' dir='ltr'>ὁ</span> <span class='ocrx_word' id='word_1_421' title='bbox 3251 2802 3306 2855; x_wconf 84' lang='grc' dir='ltr'><strong>δέ</strong></span> <span class='ocrx_word' id='word_1_422' title='bbox 3339 2801 3561 2873; x_wconf 82' lang='grc' dir='ltr'><strong>Μάρκος</strong></span> <span class='ocrx_word' id='word_1_423' title='bbox 3590 2804 3780 2873; x_wconf 77' lang='grc' dir='ltr'><strong>φησὶν,</strong></span> 
     </span>
    </p>
   </div>
   <div class='ocr_carea' id='block_1_59' title="bbox 2233 2883 3778 2962">
    <p class='ocr_par' dir='ltr' id='par_1_59' title="bbox 2233 2883 3778 2962">
     <span class='ocr_line' id='line_1_59' title="bbox 2233 2883 3778 2962; baseline 0.006 -27"><span class='ocrx_word' id='word_1_424' title='bbox 2233 2883 2314 2936; x_wconf 85' lang='grc' dir='ltr'><strong>ὅτι</strong></span> <span class='ocrx_word' id='word_1_425' title='bbox 2353 2885 2503 2948; x_wconf 84' lang='grc' dir='ltr'><strong>εἰδὼς</strong></span> <span class='ocrx_word' id='word_1_426' title='bbox 2529 2887 2607 2939; x_wconf 85' lang='grc' dir='ltr'><strong>ὅτι</strong></span> <span class='ocrx_word' id='word_1_427' title='bbox 2641 2889 2902 2958; x_wconf 84' lang='grc' dir='ltr'><strong>νουνεχῶς</strong></span> <span class='ocrx_word' id='word_1_428' title='bbox 2935 2891 3202 2962; x_wconf 81' lang='grc' dir='ltr'><strong>ἀπεκρίθη</strong></span> <span class='ocrx_word' id='word_1_429' title='bbox 3228 2891 3394 2961; x_wconf 79' lang='grc' dir='ltr'><strong>αὐτῷ,</strong></span> <span class='ocrx_word' id='word_1_430' title='bbox 3426 2888 3578 2955; x_wconf 79' lang='grc' dir='ltr'><strong>εἶπεν</strong></span> <span class='ocrx_word' id='word_1_431' title='bbox 3606 2891 3778 2960; x_wconf 80' lang='grc' dir='ltr'><strong>αὐτῷ,</strong></span> 
     </span>
    </p>
   </div>
   <div class='ocr_carea' id='block_1_60' title="bbox 589 2940 2223 3063">
    <p class='ocr_par' dir='ltr' id='par_1_60' title="bbox 589 2940 2198 3063">
     <span class='ocr_line' id='line_1_60' title="bbox 589 2940 2198 3063; baseline 0.021 -72"><span class='ocrx_word' id='word_1_432' title='bbox 589 2940 682 3005; x_wconf 90' lang='lat' dir='ltr'><strong>illi,</strong></span> <span class='ocrx_word' id='word_1_433' title='bbox 735 2943 852 2997; x_wconf 82' lang='lat' dir='ltr'><strong>Non</strong></span> <span class='ocrx_word' id='word_1_434' title='bbox 874 2963 925 3001; x_wconf 84' lang='lat' dir='ltr'><strong>es</strong></span> <span class='ocrx_word' id='word_1_435' title='bbox 951 2950 1098 3019; x_wconf 79' lang='lat' dir='ltr'><strong>longe</strong></span> <span class='ocrx_word' id='word_1_436' title='bbox 1124 2971 1154 3006; x_wconf 90' lang='lat' dir='ltr'><strong>a</strong></span> <span class='ocrx_word' id='word_1_437' title='bbox 1192 2972 1341 3025; x_wconf 86' lang='lat' dir='ltr'><strong>regno</strong></span> <span class='ocrx_word' id='word_1_438' title='bbox 1371 2959 1504 3012; x_wconf 83' lang='lat' dir='ltr'><strong>Dci.’</strong></span> <span class='ocrx_word' id='word_1_439' title='bbox 1554 2959 1670 3015; x_wconf 79' lang='lat' dir='ltr'><strong>Non</strong></span> <span class='ocrx_word' id='word_1_440' title='bbox 1698 2964 1836 3020; x_wconf 90' lang='lat' dir='ltr'><strong>ittter</strong></span> <span class='ocrx_word' id='word_1_441' title='bbox 1857 2983 1916 3022; x_wconf 90' lang='lat' dir='ltr'><strong>se</strong></span> <span class='ocrx_word' id='word_1_442' title='bbox 1937 2970 2128 3025; x_wconf 86' lang='lat' dir='ltr'><strong>adver-</strong></span> <span class='ocrx_word' id='word_1_443' title='bbox 2156 3008 2198 3063; x_wconf 59' lang='grc' dir='ltr'>α</span> 
     </span>
     <span class='ocr_line' id='line_1_61' title="bbox 589 3038 1791 3063; baseline 0 0"><span class='ocrx_word' id='word_1_444' title='bbox 589 3044 797 3063; x_wconf 65' lang='lat' dir='ltr'><strong>cunt-nn.</strong></span> <span class='ocrx_word' id='word_1_445' title='bbox 863 3038 1204 3063; x_wconf 61' lang='lat'><strong>:..-......-..-__2.</strong></span> <span class='ocrx_word' id='word_1_446' title='bbox 1277 3062 1285 3063; x_wconf 31' lang='grc' dir='ltr'><em>κ</em></span> <span class='ocrx_word' id='word_1_447' title='bbox 1336 3050 1344 3058; x_wconf 91' lang='lat'><strong>-</strong></span> <span class='ocrx_word' id='word_1_448' title='bbox 1464 3051 1475 3060; x_wconf 77' lang='grc' dir='ltr'>α</span> <span class='ocrx_word' id='word_1_449' title='bbox 1633 3056 1643 3063; x_wconf 92' lang='grc'>.</span> <span class='ocrx_word' id='word_1_450' title='bbox 1723 3056 1733 3063; x_wconf 94' lang='grc'><em>.</em></span> <span class='ocrx_word' id='word_1_451' title='bbox 1779 3057 1791 3063; x_wconf 85' lang='grc'><strong>-</strong></span> 
     </span>
    </p>
   </div>
   <div class='ocr_carea' id='block_1_61' title="bbox 2146 2940 3780 3063">
    <p class='ocr_par' dir='ltr' id='par_1_61' title="bbox 2156 2940 3780 3063">
     <span class='ocr_line' id='line_1_62' title="bbox 2156 2940 3780 3063; baseline 0.004 -35"><span class='ocrx_word' id='word_1_452' title='bbox 2156 3008 2198 3063; x_wconf 73' lang='lat' dir='ltr'><strong><em>C</em></strong></span> <span class='ocrx_word' id='word_1_453' title='bbox 2238 2978 2319 3030; x_wconf 84' lang='grc' dir='ltr'><em>Οὐ</em></span> <span class='ocrx_word' id='word_1_454' title='bbox 2348 2940 2586 3045; x_wconf 69' lang='grc' dir='ltr'><strong>μακρὰν</strong></span> <span class='ocrx_word' id='word_1_455' title='bbox 2609 2940 2948 3050; x_wconf 44' lang='grc' dir='ltr'><strong>εζάπὸῆτξῖς</strong></span> <span class='ocrx_word' id='word_1_456' title='bbox 2970 2940 3288 3047; x_wconf 52' lang='grc' dir='ltr'><strong>,ϐασιλείας</strong></span> <span class='ocrx_word' id='word_1_457' title='bbox 3320 2940 3426 3036; x_wconf 48' lang='grc' dir='ltr'><strong>ἰοῦ</strong></span> <span class='ocrx_word' id='word_1_458' title='bbox 3455 2983 3635 3045; x_wconf 86' lang='grc' dir='ltr'><strong>Θεοῦ;</strong></span> <span class='ocrx_word' id='word_1_459' title='bbox 3662 2984 3780 3036; x_wconf 84' lang='grc' dir='ltr'><strong>Οὐκ</strong></span> 
     </span>
    </p>
   </div>
   <div class='ocr_carea' id='block_1_62' title="bbox 589 3038 2123 3128">
    <p class='ocr_par' dir='ltr' id='par_1_62' title="bbox 589 3038 2123 3128">
     <span class='ocr_line' id='line_1_63' title="bbox 589 3038 2123 3128; baseline 0.022 -46"><span class='ocrx_word' id='word_1_460' title='bbox 589 3044 800 3100; x_wconf 83' lang='lat' dir='ltr'><strong>santur;</strong></span> <span class='ocrx_word' id='word_1_461' title='bbox 862 3038 1210 3109; x_wconf 81' lang='lat' dir='ltr'><strong>interrogavit</strong></span> <span class='ocrx_word' id='word_1_462' title='bbox 1263 3050 1405 3103; x_wconf 88' lang='lat' dir='ltr'><strong>enim</strong></span> <span class='ocrx_word' id='word_1_463' title='bbox 1463 3051 1513 3105; x_wconf 92' lang='lat' dir='ltr'><strong>in</strong></span> <span class='ocrx_word' id='word_1_464' title='bbox 1566 3056 1830 3126; x_wconf 86' lang='lat' dir='ltr'><strong>principio</strong></span> <span class='ocrx_word' id='word_1_465' title='bbox 1884 3067 2123 3128; x_wconf 88' lang='lat' dir='ltr'><strong>tentans,</strong></span> 
     </span>
    </p>
   </div>
   <div class='ocr_carea' id='block_1_63' title="bbox 587 3121 1699 3201">
    <p class='ocr_par' dir='ltr' id='par_1_63' title="bbox 587 3121 1699 3201">
     <span class='ocr_line' id='line_1_64' title="bbox 587 3121 1699 3201; baseline 0.024 -28"><span class='ocrx_word' id='word_1_466' title='bbox 587 3121 677 3174; x_wconf 84' lang='lat' dir='ltr'><strong>sed</strong></span> <span class='ocrx_word' id='word_1_467' title='bbox 707 3124 903 3180; x_wconf 84' lang='lat' dir='ltr'><strong>Christi</strong></span> <span class='ocrx_word' id='word_1_468' title='bbox 939 3136 1287 3201; x_wconf 88' lang='lat' dir='ltr'><strong>responsione</strong></span> <span class='ocrx_word' id='word_1_469' title='bbox 1317 3121 1580 3197; x_wconf 71' lang='lat' dir='ltr'><strong>laudatus</strong></span> <span class='ocrx_word' id='word_1_470' title='bbox 1595 3153 1699 3199; x_wconf 89' lang='lat' dir='ltr'><strong>cst.</strong></span> 
     </span>
    </p>
   </div>
   <div class='ocr_carea' id='block_1_64' title="bbox 1131 3278 1565 3338">
    <p class='ocr_par' dir='ltr' id='par_1_64' title="bbox 1131 3278 1565 3338">
     <span class='ocr_line' id='line_1_65' title="bbox 1131 3278 1565 3338; baseline 0.012 -6"><span class='ocrx_word' id='word_1_471' title='bbox 1131 3278 1353 3335; x_wconf 80' lang='lat' dir='ltr'><strong>CAPUT</strong></span> <span class='ocrx_word' id='word_1_472' title='bbox 1383 3282 1565 3338; x_wconf 78' lang='lat' dir='ltr'><strong>XXIII.</strong></span> 
     </span>
    </p>
   </div>
   <div class='ocr_carea' id='block_1_65' title="bbox 658 3410 2124 3493">
    <p class='ocr_par' dir='ltr' id='par_1_65' title="bbox 658 3410 2124 3493">
     <span class='ocr_line' id='line_1_66' title="bbox 658 3410 2124 3493; baseline 0.018 -31"><span class='ocrx_word' id='word_1_473' title='bbox 658 3410 818 3466; x_wconf 73' lang='lat' dir='ltr'><strong>Vens.</strong></span> <span class='ocrx_word' id='word_1_474' title='bbox 859 3416 908 3467; x_wconf 78' lang='lat'><strong>3.</strong></span> <span class='ocrx_word' id='word_1_475' title='bbox 943 3417 1130 3470; x_wconf 86' lang='lat' dir='ltr'><strong>Omnia</strong></span> <span class='ocrx_word' id='word_1_476' title='bbox 1174 3437 1488 3493; x_wconf 62' lang='lat' dir='ltr'><strong>quiscunque</strong></span> <span class='ocrx_word' id='word_1_477' title='bbox 1523 3428 1746 3483; x_wconf 75' lang='lat' dir='ltr'><strong>dixerint</strong></span> <span class='ocrx_word' id='word_1_478' title='bbox 1783 3435 1921 3487; x_wconf 81' lang='lat' dir='ltr'><strong>vobis</strong></span> <span class='ocrx_word' id='word_1_479' title='bbox 1950 3451 2124 3489; x_wconf 81' lang='lat' dir='ltr'><strong>sacer-</strong></span> 
     </span>
    </p>
   </div>
   <div class='ocr_carea' id='block_1_66' title="bbox 586 3489 2121 3588">
    <p class='ocr_par' dir='ltr' id='par_1_66' title="bbox 586 3489 2121 3588">
     <span class='ocr_line' id='line_1_67' title="bbox 586 3489 2121 3588; baseline 0.021 -38"><span class='ocrx_word' id='word_1_480' title='bbox 586 3501 727 3553; x_wconf 80' lang='lat' dir='ltr'><strong>dotes</strong></span> <span class='ocrx_word' id='word_1_481' title='bbox 757 3489 947 3568; x_wconf 62' lang='lat' dir='ltr'><strong>facere,</strong></span> <span class='ocrx_word' id='word_1_482' title='bbox 979 3507 1166 3582; x_wconf 78' lang='lat' dir='ltr'><strong>facile,</strong></span> <span class='ocrx_word' id='word_1_483' title='bbox 1198 3513 1391 3580; x_wconf 83' lang='lat' dir='ltr'><strong>inquit,</strong></span> <span class='ocrx_word' id='word_1_484' title='bbox 1425 3518 1680 3582; x_wconf 83' lang='lat' dir='ltr'><strong>quoniam</strong></span> <span class='ocrx_word' id='word_1_485' title='bbox 1711 3521 1947 3588; x_wconf 62' lang='lat' dir='ltr'><strong>quat-Dei</strong></span> <span class='ocrx_word' id='word_1_486' title='bbox 1979 3537 2121 3582; x_wconf 87' lang='lat' dir='ltr'><strong>sunt.</strong></span> 
     </span>
    </p>
   </div>
   <div class='ocr_carea' id='block_1_67' title="bbox 586 3590 2124 3682">
    <p class='ocr_par' dir='ltr' id='par_1_67' title="bbox 586 3590 2124 3682">
     <span class='ocr_line' id='line_1_68' title="bbox 586 3590 2124 3682; baseline 0.02 -42"><span class='ocrx_word' id='word_1_487' title='bbox 586 3590 789 3654; x_wconf 89' lang='lat' dir='ltr'><strong>dicunt,</strong></span> <span class='ocrx_word' id='word_1_488' title='bbox 830 3609 932 3646; x_wconf 89' lang='lat' dir='ltr'><strong>non</strong></span> <span class='ocrx_word' id='word_1_489' title='bbox 960 3611 1075 3663; x_wconf 71' lang='lat' dir='ltr'><strong>qua:</strong></span> <span class='ocrx_word' id='word_1_490' title='bbox 1110 3614 1201 3651; x_wconf 86' lang='lat' dir='ltr'><strong>sua</strong></span> <span class='ocrx_word' id='word_1_491' title='bbox 1228 3613 1382 3665; x_wconf 86' lang='lat' dir='ltr'><strong>sunt;</strong></span> <span class='ocrx_word' id='word_1_492' title='bbox 1420 3605 1485 3659; x_wconf 89' lang='lat' dir='ltr'><strong>de</strong></span> <span class='ocrx_word' id='word_1_493' title='bbox 1507 3607 1622 3661; x_wconf 74' lang='lat' dir='ltr'><strong>istis</strong></span> <span class='ocrx_word' id='word_1_494' title='bbox 1645 3612 1856 3677; x_wconf 90' lang='lat' dir='ltr'><strong>quidem</strong></span> <span class='ocrx_word' id='word_1_495' title='bbox 1899 3629 1993 3682; x_wconf 86' lang='lat' dir='ltr'><strong>per</strong></span> <span class='ocrx_word' id='word_1_496' title='bbox 2024 3615 2124 3670; x_wconf 90' lang='lat' dir='ltr'><strong>hoc</strong></span> 
     </span>
    </p>
   </div>
   <div class='ocr_carea' id='block_1_68' title="bbox 585 3679 2121 3756">
    <p class='ocr_par' dir='ltr' id='par_1_68' title="bbox 585 3679 2121 3756">
     <span class='ocr_line' id='line_1_69' title="bbox 585 3679 2121 3756; baseline 0.018 -27"><span class='ocrx_word' id='word_1_497' title='bbox 585 3679 838 3746; x_wconf 88' lang='lat' dir='ltr'><strong>majorem</strong></span> <span class='ocrx_word' id='word_1_498' title='bbox 865 3689 1260 3741; x_wconf 87' lang='lat' dir='ltr'><strong>accusationem</strong></span> <span class='ocrx_word' id='word_1_499' title='bbox 1304 3690 1526 3756; x_wconf 76' lang='lat' dir='ltr'><strong>iaciens,</strong></span> <span class='ocrx_word' id='word_1_500' title='bbox 1554 3697 1644 3749; x_wconf 89' lang='lat' dir='ltr'><strong>sed</strong></span> <span class='ocrx_word' id='word_1_501' title='bbox 1670 3715 1856 3753; x_wconf 85' lang='lat' dir='ltr'><strong>eorum</strong></span> <span class='ocrx_word' id='word_1_502' title='bbox 1881 3704 2121 3756; x_wconf 83' lang='lat' dir='ltr'><strong>aversio-</strong></span> 
     </span>
    </p>
   </div>
   <div class='ocr_carea' id='block_1_69' title="bbox 583 3772 2119 3858">
    <p class='ocr_par' dir='ltr' id='par_1_69' title="bbox 583 3772 2119 3858">
     <span class='ocr_line' id='line_1_70' title="bbox 583 3772 2119 3858; baseline 0.019 -39"><span class='ocrx_word' id='word_1_503' title='bbox 583 3784 702 3822; x_wconf 89' lang='lat' dir='ltr'><strong>ncm</strong></span> <span class='ocrx_word' id='word_1_504' title='bbox 736 3772 1034 3836; x_wconf 80' lang='lat' dir='ltr'><strong>dimovens,</strong></span> <span class='ocrx_word' id='word_1_505' title='bbox 1069 3794 1135 3831; x_wconf 87' lang='lat' dir='ltr'><strong>ne</strong></span> <span class='ocrx_word' id='word_1_506' title='bbox 1184 3795 1273 3847; x_wconf 86' lang='lat' dir='ltr'><strong>per</strong></span> <span class='ocrx_word' id='word_1_507' title='bbox 1304 3783 1581 3840; x_wconf 90' lang='lat' dir='ltr'><strong>doctorum</strong></span> <span class='ocrx_word' id='word_1_508' title='bbox 1620 3798 1982 3858; x_wconf 89' lang='lat' dir='ltr'><strong>contemptum</strong></span> <span class='ocrx_word' id='word_1_509' title='bbox 2023 3794 2119 3849; x_wconf 89' lang='lat' dir='ltr'><strong>do-</strong></span> 
     </span>
    </p>
   </div>
   <div class='ocr_carea' id='block_1_70' title="bbox 579 3858 1089 3916">
    <p class='ocr_par' dir='ltr' id='par_1_70' title="bbox 579 3858 1089 3916">
     <span class='ocr_line' id='line_1_71' title="bbox 579 3858 1089 3916; baseline 0.018 -9"><span class='ocrx_word' id='word_1_510' title='bbox 579 3858 802 3910; x_wconf 76' lang='lat' dir='ltr'><strong>ctrinam</strong></span> <span class='ocrx_word' id='word_1_511' title='bbox 833 3860 1089 3916; x_wconf 88' lang='lat' dir='ltr'><strong>destruat.</strong></span> 
     </span>
    </p>
   </div>
   <div class='ocr_carea' id='block_1_71' title="bbox 653 3945 2113 4042">
    <p class='ocr_par' dir='ltr' id='par_1_71' title="bbox 653 3945 2113 4042">
     <span class='ocr_line' id='line_1_72' title="bbox 653 3945 2113 4042; baseline 0.021 -44"><span class='ocrx_word' id='word_1_512' title='bbox 653 3945 811 4002; x_wconf 71' lang='lat' dir='ltr'><strong>Vens.</strong></span> <span class='ocrx_word' id='word_1_513' title='bbox 837 3949 886 4001; x_wconf 71' lang='lat'><strong>4.</strong></span> <span class='ocrx_word' id='word_1_514' title='bbox 922 3950 1055 4015; x_wconf 85' lang='lat' dir='ltr'><strong>Quid</strong></span> <span class='ocrx_word' id='word_1_515' title='bbox 1088 3954 1368 4025; x_wconf 81' lang='lat' dir='ltr'><strong>signiﬁcat,</strong></span> <span class='ocrx_word' id='word_1_516' title='bbox 1402 3953 1666 4032; x_wconf 72' lang='lat' dir='ltr'><strong>Aliigant?</strong></span> <span class='ocrx_word' id='word_1_517' title='bbox 1717 3977 1819 4023; x_wconf 90' lang='lat' dir='ltr'><strong>ctc.</strong></span> <span class='ocrx_word' id='word_1_518' title='bbox 1870 3971 2113 4042; x_wconf 83' lang='lat' dir='ltr'><strong>Magnam</strong></span> 
     </span>
    </p>
   </div>
   <div class='ocr_carea' id='block_1_72' title="bbox 576 4036 2111 4118">
    <p class='ocr_par' dir='ltr' id='par_1_72' title="bbox 576 4036 2111 4118">
     <span class='ocr_line' id='line_1_73' title="bbox 576 4036 2111 4118; baseline 0.02 -30"><span class='ocrx_word' id='word_1_519' title='bbox 576 4045 626 4088; x_wconf 87' lang='lat' dir='ltr'><strong>et</strong></span> <span class='ocrx_word' id='word_1_520' title='bbox 659 4036 941 4104; x_wconf 63' lang='lat' dir='ltr'><strong>perfectam</strong></span> <span class='ocrx_word' id='word_1_521' title='bbox 966 4057 992 4094; x_wconf 90' lang='lat' dir='ltr'><strong>a</strong></span> <span class='ocrx_word' id='word_1_522' title='bbox 1019 4044 1247 4099; x_wconf 89' lang='lat' dir='ltr'><strong>subditis</strong></span> <span class='ocrx_word' id='word_1_523' title='bbox 1284 4050 1493 4118; x_wconf 75' lang='lat' dir='ltr'><strong>exigere</strong></span> <span class='ocrx_word' id='word_1_524' title='bbox 1526 4055 1658 4110; x_wconf 88' lang='lat' dir='ltr'><strong>istos</strong></span> <span class='ocrx_word' id='word_1_525' title='bbox 1684 4059 1801 4112; x_wconf 70' lang='lat' dir='ltr'><strong>vitae</strong></span> <span class='ocrx_word' id='word_1_526' title='bbox 1828 4063 2111 4117; x_wconf 90' lang='lat' dir='ltr'><strong>rectitudi-</strong></span> 
     </span>
    </p>
   </div>
   <div class='ocr_carea' id='block_1_73' title="bbox 579 4137 2109 4211">
    <p class='ocr_par' dir='ltr' id='par_1_73' title="bbox 579 4137 2109 4211">
     <span class='ocr_line' id='line_1_74' title="bbox 579 4137 2109 4211; baseline 0.022 -36"><span class='ocrx_word' id='word_1_527' title='bbox 579 4141 718 4188; x_wconf 87' lang='lat' dir='ltr'><strong>nctn,</strong></span> <span class='ocrx_word' id='word_1_528' title='bbox 757 4144 1001 4197; x_wconf 83' lang='lat' dir='ltr'><strong>magnam</strong></span> <span class='ocrx_word' id='word_1_529' title='bbox 1027 4149 1150 4187; x_wconf 87' lang='lat' dir='ltr'><strong>vero</strong></span> <span class='ocrx_word' id='word_1_530' title='bbox 1185 4137 1284 4190; x_wconf 90' lang='lat' dir='ltr'><strong>sibi</strong></span> <span class='ocrx_word' id='word_1_531' title='bbox 1319 4139 1446 4207; x_wconf 88' lang='lat' dir='ltr'><strong>ipsis</strong></span> <span class='ocrx_word' id='word_1_532' title='bbox 1476 4147 1782 4211; x_wconf 84' lang='lat' dir='ltr'><strong>permittere</strong></span> <span class='ocrx_word' id='word_1_533' title='bbox 1810 4151 2109 4209; x_wconf 84' lang='lat' dir='ltr'><strong>licentiam.</strong></span> 
     </span>
    </p>
   </div>
   <div class='ocr_carea' id='block_1_74' title="bbox 578 4215 2115 4312">
    <p class='ocr_par' dir='ltr' id='par_1_74' title="bbox 578 4215 2115 4312">
     <span class='ocr_line' id='line_1_75' title="bbox 578 4215 2115 4312; baseline 0.021 -45"><span class='ocrx_word' id='word_1_534' title='bbox 578 4215 915 4271; x_wconf 84' lang='lat' dir='ltr'><strong>Contrarium</strong></span> <span class='ocrx_word' id='word_1_535' title='bbox 944 4222 1030 4276; x_wconf 90' lang='lat' dir='ltr'><strong>ille</strong></span> <span class='ocrx_word' id='word_1_536' title='bbox 1059 4225 1147 4292; x_wconf 87' lang='lat' dir='ltr'><strong>qui</strong></span> <span class='ocrx_word' id='word_1_537' title='bbox 1193 4240 1377 4294; x_wconf 66' lang='lat' dir='ltr'><strong>prmest</strong></span> <span class='ocrx_word' id='word_1_538' title='bbox 1410 4247 1564 4299; x_wconf 88' lang='lat' dir='ltr'><strong>agerc</strong></span> <span class='ocrx_word' id='word_1_539' title='bbox 1593 4236 1775 4292; x_wconf 85' lang='lat' dir='ltr'><strong>debet:</strong></span> <span class='ocrx_word' id='word_1_540' title='bbox 1806 4240 1855 4293; x_wconf 92' lang='lat' dir='ltr'><strong>in</strong></span> <span class='ocrx_word' id='word_1_541' title='bbox 1883 4243 1963 4297; x_wconf 83' lang='lat' dir='ltr'><strong>liis</strong></span> <span class='ocrx_word' id='word_1_542' title='bbox 1994 4246 2115 4312; x_wconf 86' lang='lat' dir='ltr'><strong>qui-</strong></span> 
     </span>
    </p>
   </div>
   <div class='ocr_carea' id='block_1_75' title="bbox 2235 3067 3782 3143">
    <p class='ocr_par' dir='ltr' id='par_1_75' title="bbox 2235 3067 3782 3143">
     <span class='ocr_line' id='line_1_76' title="bbox 2235 3067 3782 3143; baseline 0.003 -24"><span class='ocrx_word' id='word_1_543' title='bbox 2235 3067 2628 3138; x_wconf 83' lang='grc' dir='ltr'><strong>ἐναντιούμενοι</strong></span> <span class='ocrx_word' id='word_1_544' title='bbox 2681 3071 2861 3134; x_wconf 79' lang='grc' dir='ltr'><strong>αὐτοῖς</strong></span> <span class='ocrx_word' id='word_1_545' title='bbox 2887 3084 2902 3103; x_wconf 76' lang='grc' dir='ltr'><strong>ο</strong></span> <span class='ocrx_word' id='word_1_546' title='bbox 2932 3071 3211 3143; x_wconf 73' lang='grc' dir='ltr'><strong>ἠρώτησεν</strong></span> <span class='ocrx_word' id='word_1_547' title='bbox 3243 3072 3350 3142; x_wconf 79' lang='grc' dir='ltr'><strong>γὰρ</strong></span> <span class='ocrx_word' id='word_1_548' title='bbox 3389 3073 3447 3125; x_wconf 85' lang='grc' dir='ltr'><strong>ἐν</strong></span> <span class='ocrx_word' id='word_1_549' title='bbox 3475 3074 3612 3141; x_wconf 76' lang='grc' dir='ltr'><strong>ἀρχῇ</strong></span> <span class='ocrx_word' id='word_1_550' title='bbox 3656 3087 3782 3124; x_wconf 88' lang='grc' dir='ltr'><strong>πει-</strong></span> 
     </span>
    </p>
   </div>
   <div class='ocr_carea' id='block_1_76' title="bbox 2239 3155 3776 3233">
    <p class='ocr_par' dir='ltr' id='par_1_76' title="bbox 2239 3155 3776 3233">
     <span class='ocr_line' id='line_1_77' title="bbox 2239 3155 3776 3233; baseline 0.004 -25"><span class='ocrx_word' id='word_1_551' title='bbox 2239 3155 2414 3226; x_wconf 75' lang='grc' dir='ltr'><strong>ράζων</strong></span> <span class='ocrx_word' id='word_1_552' title='bbox 2439 3175 2451 3189; x_wconf 73' lang='grc' dir='ltr'><strong><em>ο</em></strong></span> <span class='ocrx_word' id='word_1_553' title='bbox 2488 3159 2593 3212; x_wconf 77' lang='grc' dir='ltr'><strong>ἀπὸ</strong></span> <span class='ocrx_word' id='word_1_554' title='bbox 2635 3158 2692 3211; x_wconf 83' lang='grc' dir='ltr'><strong>δέ</strong></span> <span class='ocrx_word' id='word_1_555' title='bbox 2726 3160 2824 3228; x_wconf 83' lang='grc' dir='ltr'><strong>τῆς</strong></span> <span class='ocrx_word' id='word_1_556' title='bbox 2866 3161 3100 3230; x_wconf 85' lang='grc' dir='ltr'><strong>Χριστοῦ</strong></span> <span class='ocrx_word' id='word_1_557' title='bbox 3131 3161 3468 3232; x_wconf 84' lang='grc' dir='ltr'><strong>ἀποκρίσεως</strong></span> <span class='ocrx_word' id='word_1_558' title='bbox 3515 3161 3776 3233; x_wconf 78' lang='grc' dir='ltr'><strong>ἐπῃνέθη.</strong></span> 
     </span>
    </p>
   </div>
   <div class='ocr_carea' id='block_1_77' title="bbox 2785 3301 3204 3356">
    <p class='ocr_par' dir='ltr' id='par_1_77' title="bbox 2785 3301 3204 3356">
     <span class='ocr_line' id='line_1_78' title="bbox 2785 3301 3204 3356; baseline 0.012 -5"><span class='ocrx_word' id='word_1_559' title='bbox 2785 3301 3027 3356; x_wconf 76' lang='grc' dir='ltr'><strong>ΚΕΦΑΛ.</strong></span> <span class='ocrx_word' id='word_1_560' title='bbox 3078 3303 3204 3356; x_wconf 76' lang='grc' dir='ltr'><strong>ΚΡ.</strong></span> 
     </span>
    </p>
   </div>
   <div class='ocr_carea' id='block_1_78' title="bbox 2299 3437 3780 3510">
    <p class='ocr_par' dir='ltr' id='par_1_78' title="bbox 2299 3437 3780 3510">
     <span class='ocr_line' id='line_1_79' title="bbox 2299 3437 3780 3510; baseline 0.006 -23"><span class='ocrx_word' id='word_1_561' title='bbox 2299 3437 2390 3499; x_wconf 83' lang='grc' dir='ltr'><strong>Τὸ,</strong></span> <span class='ocrx_word' id='word_1_562' title='bbox 2454 3437 2652 3490; x_wconf 79' lang='grc' dir='ltr'><strong>Πάντα</strong></span> <span class='ocrx_word' id='word_1_563' title='bbox 2703 3437 2818 3490; x_wconf 83' lang='grc' dir='ltr'><strong>ὅσα</strong></span> <span class='ocrx_word' id='word_1_564' title='bbox 2861 3438 2936 3490; x_wconf 79' lang='grc' dir='ltr'><strong>ἂν</strong></span> <span class='ocrx_word' id='word_1_565' title='bbox 2989 3437 3272 3507; x_wconf 75' lang='grc' dir='ltr'><strong>λέγουσιν</strong></span> <span class='ocrx_word' id='word_1_566' title='bbox 3315 3440 3455 3507; x_wconf 79' lang='grc' dir='ltr'><strong>ὑμῖν</strong></span> <span class='ocrx_word' id='word_1_567' title='bbox 3501 3444 3556 3495; x_wconf 76' lang='lat' dir='ltr'><strong>al</strong></span> <span class='ocrx_word' id='word_1_568' title='bbox 3600 3441 3780 3510; x_wconf 75' lang='grc' dir='ltr'><strong>ἱερεῖς</strong></span> 
     </span>
    </p>
   </div>
   <div class='ocr_carea' id='block_1_79' title="bbox 2230 3524 3775 3597">
    <p class='ocr_par' dir='ltr' id='par_1_79' title="bbox 2230 3524 3775 3597">
     <span class='ocr_line' id='line_1_80' title="bbox 2230 3524 3775 3597; baseline 0.004 -21"><span class='ocrx_word' id='word_1_569' title='bbox 2230 3524 2438 3586; x_wconf 82' lang='grc' dir='ltr'><strong>ποιεῖν,</strong></span> <span class='ocrx_word' id='word_1_570' title='bbox 2458 3526 2694 3587; x_wconf 80' lang='grc' dir='ltr'><strong>ποιεῖτε,</strong></span> <span class='ocrx_word' id='word_1_571' title='bbox 2747 3525 2920 3592; x_wconf 87' lang='grc' dir='ltr'><strong>λέγει.</strong></span> <span class='ocrx_word' id='word_1_572' title='bbox 2961 3527 3172 3597; x_wconf 81' lang='grc' dir='ltr'><strong>Ἐπειδὴ</strong></span> <span class='ocrx_word' id='word_1_573' title='bbox 3200 3526 3266 3580; x_wconf 81' lang='grc' dir='ltr'><strong>τὰ</strong></span> <span class='ocrx_word' id='word_1_574' title='bbox 3305 3528 3398 3580; x_wconf 88' lang='grc' dir='ltr'><strong>τοῦ</strong></span> <span class='ocrx_word' id='word_1_575' title='bbox 3425 3527 3554 3581; x_wconf 87' lang='grc' dir='ltr'><strong>Θεοῦ</strong></span> <span class='ocrx_word' id='word_1_576' title='bbox 3584 3529 3775 3597; x_wconf 82' lang='grc' dir='ltr'><strong>λέγου-</strong></span> 
     </span>
    </p>
   </div>
   <div class='ocr_carea' id='block_1_80' title="bbox 2232 3609 3773 3686">
    <p class='ocr_par' dir='ltr' id='par_1_80' title="bbox 2232 3609 3773 3686">
     <span class='ocr_line' id='line_1_81' title="bbox 2232 3609 3773 3686; baseline 0.006 -25"><span class='ocrx_word' id='word_1_577' title='bbox 2232 3626 2334 3672; x_wconf 85' lang='grc' dir='ltr'><strong>σιν,</strong></span> <span class='ocrx_word' id='word_1_578' title='bbox 2370 3609 2431 3662; x_wconf 85' lang='grc' dir='ltr'><strong>οὐ</strong></span> <span class='ocrx_word' id='word_1_579' title='bbox 2465 3610 2529 3662; x_wconf 73' lang='grc' dir='ltr'><strong>τὰ</strong></span> <span class='ocrx_word' id='word_1_580' title='bbox 2556 3611 2780 3672; x_wconf 80' lang='grc' dir='ltr'><strong>ἑαυτῶν,</strong></span> <span class='ocrx_word' id='word_1_581' title='bbox 2807 3612 3026 3665; x_wconf 82' lang='grc' dir='ltr'><strong>ἐκείνων</strong></span> <span class='ocrx_word' id='word_1_582' title='bbox 3053 3615 3149 3682; x_wconf 76' lang='grc' dir='ltr'><strong>μὲν</strong></span> <span class='ocrx_word' id='word_1_583' title='bbox 3190 3614 3277 3666; x_wconf 79' lang='grc' dir='ltr'><strong>διὰ</strong></span> <span class='ocrx_word' id='word_1_584' title='bbox 3299 3615 3487 3667; x_wconf 82' lang='grc' dir='ltr'><strong>τούτου</strong></span> <span class='ocrx_word' id='word_1_585' title='bbox 3515 3618 3611 3686; x_wconf 77' lang='grc' dir='ltr'><strong>τὴν</strong></span> <span class='ocrx_word' id='word_1_586' title='bbox 3638 3634 3773 3670; x_wconf 83' lang='grc' dir='ltr'><strong>κατ-</strong></span> 
     </span>
    </p>
   </div>
   <div class='ocr_carea' id='block_1_81' title="bbox 2230 3700 3771 3778">
    <p class='ocr_par' dir='ltr' id='par_1_81' title="bbox 2230 3700 3771 3778">
     <span class='ocr_line' id='line_1_82' title="bbox 2230 3700 3771 3778; baseline 0.005 -26"><span class='ocrx_word' id='word_1_587' title='bbox 2230 3702 2453 3768; x_wconf 74' lang='grc' dir='ltr'><strong>ηγορίαν</strong></span> <span class='ocrx_word' id='word_1_588' title='bbox 2500 3700 2721 3769; x_wconf 74' lang='grc' dir='ltr'><strong>μείζονα</strong></span> <span class='ocrx_word' id='word_1_589' title='bbox 2769 3702 2954 3765; x_wconf 85' lang='grc' dir='ltr'><strong>ποιῶν,</strong></span> <span class='ocrx_word' id='word_1_590' title='bbox 3000 3704 3201 3756; x_wconf 83' lang='grc' dir='ltr'><strong>τούτων</strong></span> <span class='ocrx_word' id='word_1_591' title='bbox 3244 3705 3297 3756; x_wconf 83' lang='grc' dir='ltr'><strong>δὲ</strong></span> <span class='ocrx_word' id='word_1_592' title='bbox 3368 3707 3466 3776; x_wconf 80' lang='grc' dir='ltr'><strong>τὴν</strong></span> <span class='ocrx_word' id='word_1_593' title='bbox 3517 3708 3771 3778; x_wconf 76' lang='grc' dir='ltr'><strong>ἀφορμὴν</strong></span> 
     </span>
    </p>
   </div>
   <div class='ocr_carea' id='block_1_82' title="bbox 2226 3791 3806 3866">
    <p class='ocr_par' dir='ltr' id='par_1_82' title="bbox 2226 3791 3806 3866">
     <span class='ocr_line' id='line_1_83' title="bbox 2226 3791 3806 3866; baseline 0.004 -24"><span class='ocrx_word' id='word_1_594' title='bbox 2226 3791 2524 3854; x_wconf 82' lang='grc' dir='ltr'><strong>ἐκκόπτων,</strong></span> <span class='ocrx_word' id='word_1_595' title='bbox 2547 3792 2630 3842; x_wconf 80' lang='grc' dir='ltr'><strong>ἵνα</strong></span> <span class='ocrx_word' id='word_1_596' title='bbox 2656 3791 2730 3860; x_wconf 81' lang='grc' dir='ltr'><strong>μὴ</strong></span> <span class='ocrx_word' id='word_1_597' title='bbox 2755 3791 2840 3844; x_wconf 82' lang='grc' dir='ltr'><strong>διὰ</strong></span> <span class='ocrx_word' id='word_1_598' title='bbox 2861 3793 2955 3863; x_wconf 77' lang='grc' dir='ltr'><strong>τὴν</strong></span> <span class='ocrx_word' id='word_1_599' title='bbox 2983 3794 3088 3845; x_wconf 89' lang='grc' dir='ltr'><strong>τῶν</strong></span> <span class='ocrx_word' id='word_1_600' title='bbox 3108 3794 3432 3848; x_wconf 78' lang='grc' dir='ltr'><strong>διδασκάλων</strong></span> <span class='ocrx_word' id='word_1_601' title='bbox 3459 3797 3770 3866; x_wconf 87' lang='grc' dir='ltr'><strong>φαυλότητα</strong></span> <span class='ocrx_word' id='word_1_602' title='bbox 3799 3841 3806 3848; x_wconf 90' lang='grc'>.</span> 
     </span>
    </p>
   </div>
   <div class='ocr_carea' id='block_1_83' title="bbox 2223 3881 2876 3953">
    <p class='ocr_par' dir='ltr' id='par_1_83' title="bbox 2223 3881 2876 3953">
     <span class='ocr_line' id='line_1_84' title="bbox 2223 3881 2876 3953; baseline 0.008 -22"><span class='ocrx_word' id='word_1_603' title='bbox 2223 3881 2486 3953; x_wconf 79' lang='grc' dir='ltr'><strong>ἀναιρήσῃ</strong></span> <span class='ocrx_word' id='word_1_604' title='bbox 2516 3881 2611 3950; x_wconf 77' lang='grc' dir='ltr'><strong>τὴν</strong></span> <span class='ocrx_word' id='word_1_605' title='bbox 2640 3881 2876 3951; x_wconf 81' lang='grc' dir='ltr'><strong>διδαχὴν.</strong></span> 
     </span>
    </p>
   </div>
   <div class='ocr_carea' id='block_1_84' title="bbox 2291 3975 3763 4046">
    <p class='ocr_par' dir='ltr' id='par_1_84' title="bbox 2291 3975 3763 4046">
     <span class='ocr_line' id='line_1_85' title="bbox 2291 3975 3763 4046; baseline 0.005 -21"><span class='ocrx_word' id='word_1_606' title='bbox 2291 3975 2355 4025; x_wconf 92' lang='grc' dir='ltr'><strong>Τί</strong></span> <span class='ocrx_word' id='word_1_607' title='bbox 2381 3975 2722 4044; x_wconf 81' lang='grc' dir='ltr'><strong>σημαίνειτδ,</strong></span> <span class='ocrx_word' id='word_1_608' title='bbox 2743 3977 3128 4046; x_wconf 80' lang='grc' dir='ltr'><strong>Δεσμεὺουσι,</strong></span> <span class='ocrx_word' id='word_1_609' title='bbox 3148 3978 3238 4030; x_wconf 79' lang='grc' dir='ltr'><strong>καὶ</strong></span> <span class='ocrx_word' id='word_1_610' title='bbox 3254 3977 3320 4030; x_wconf 86' lang='grc' dir='ltr'><strong>τά</strong></span> <span class='ocrx_word' id='word_1_611' title='bbox 3345 3978 3467 4046; x_wconf 78' lang='grc' dir='ltr'><strong>ἑξῆς</strong></span> <span class='ocrx_word' id='word_1_612' title='bbox 3491 3996 3506 4044; x_wconf 86' lang='grc'><strong>;</strong></span> <span class='ocrx_word' id='word_1_613' title='bbox 3537 3979 3608 4032; x_wconf 83' lang='grc' dir='ltr'>Τὸ</span> <span class='ocrx_word' id='word_1_614' title='bbox 3630 3981 3763 4033; x_wconf 86' lang='grc' dir='ltr'><strong>πολ-</strong></span> 
     </span>
    </p>
   </div>
   <div class='ocr_carea' id='block_1_85' title="bbox 2221 4061 3766 4138">
    <p class='ocr_par' dir='ltr' id='par_1_85' title="bbox 2221 4061 3766 4138">
     <span class='ocr_line' id='line_1_86' title="bbox 2221 4061 3766 4138; baseline 0.005 -26"><span class='ocrx_word' id='word_1_615' title='bbox 2221 4061 2316 4130; x_wconf 84' lang='grc' dir='ltr'><strong>λὴν</strong></span> <span class='ocrx_word' id='word_1_616' title='bbox 2360 4064 2455 4131; x_wconf 80' lang='grc' dir='ltr'><strong>μὲν</strong></span> <span class='ocrx_word' id='word_1_617' title='bbox 2496 4064 2588 4116; x_wconf 76' lang='grc' dir='ltr'><strong>καὶ</strong></span> <span class='ocrx_word' id='word_1_618' title='bbox 2625 4065 2797 4134; x_wconf 78' lang='grc' dir='ltr'><strong>ἄκραν</strong></span> <span class='ocrx_word' id='word_1_619' title='bbox 2845 4067 3088 4117; x_wconf 85' lang='grc' dir='ltr'><strong>ἀπαιτεῖν</strong></span> <span class='ocrx_word' id='word_1_620' title='bbox 3122 4066 3267 4135; x_wconf 82' lang='grc' dir='ltr'><strong>παρὰ</strong></span> <span class='ocrx_word' id='word_1_621' title='bbox 3302 4067 3406 4118; x_wconf 88' lang='grc' dir='ltr'><strong>τῶν</strong></span> <span class='ocrx_word' id='word_1_622' title='bbox 3450 4069 3766 4138; x_wconf 84' lang='grc' dir='ltr'><strong>ἀρχομένων</strong></span> 
     </span>
    </p>
   </div>
   <div class='ocr_carea' id='block_1_86' title="bbox 2222 4150 3763 4229">
    <p class='ocr_par' dir='ltr' id='par_1_86' title="bbox 2222 4150 3763 4229">
     <span class='ocr_line' id='line_1_87' title="bbox 2222 4150 3763 4229; baseline 0.006 -28"><span class='ocrx_word' id='word_1_623' title='bbox 2222 4150 2335 4218; x_wconf 79' lang='grc' dir='ltr'><strong>βίου</strong></span> <span class='ocrx_word' id='word_1_624' title='bbox 2381 4152 2683 4218; x_wconf 82' lang='grc' dir='ltr'><strong>ἀκρίδειαν,</strong></span> <span class='ocrx_word' id='word_1_625' title='bbox 2739 4153 2935 4223; x_wconf 85' lang='grc' dir='ltr'><strong>πολλὴν</strong></span> <span class='ocrx_word' id='word_1_626' title='bbox 2983 4153 3036 4206; x_wconf 83' lang='grc' dir='ltr'><strong>δὲ</strong></span> <span class='ocrx_word' id='word_1_627' title='bbox 3088 4155 3267 4217; x_wconf 80' lang='grc' dir='ltr'><strong>αὐτοῖς</strong></span> <span class='ocrx_word' id='word_1_628' title='bbox 3313 4155 3620 4225; x_wconf 79' lang='grc' dir='ltr'><strong>ἐπιτρέπειν</strong></span> <span class='ocrx_word' id='word_1_629' title='bbox 3664 4157 3763 4229; x_wconf 80' lang='grc' dir='ltr'><strong>τὴν</strong></span> 
     </span>
    </p>
   </div>
   <div class='ocr_carea' id='block_1_87' title="bbox 2220 4240 3762 4315">
    <p class='ocr_par' dir='ltr' id='par_1_87' title="bbox 2220 4240 3762 4315">
     <span class='ocr_line' id='line_1_88' title="bbox 2220 4240 3762 4315; baseline 0.006 -25"><span class='ocrx_word' id='word_1_630' title='bbox 2220 4240 2419 4291; x_wconf 80' lang='grc' dir='ltr'><strong>ἄδειαν.</strong></span> <span class='ocrx_word' id='word_1_631' title='bbox 2461 4243 2524 4292; x_wconf 90' lang='grc' dir='ltr'><em>Ὃ</em></span> <span class='ocrx_word' id='word_1_632' title='bbox 2575 4241 2877 4294; x_wconf 80' lang='grc' dir='ltr'><strong>τούναντίον</strong></span> <span class='ocrx_word' id='word_1_633' title='bbox 2921 4242 3007 4294; x_wconf 80' lang='grc' dir='ltr'><strong>τὸν</strong></span> <span class='ocrx_word' id='word_1_634' title='bbox 3052 4244 3278 4312; x_wconf 77' lang='grc' dir='ltr'><strong>ἄρχοντα</strong></span> <span class='ocrx_word' id='word_1_635' title='bbox 3328 4244 3470 4314; x_wconf 75' lang='grc' dir='ltr'><strong>ἔχειν</strong></span> <span class='ocrx_word' id='word_1_636' title='bbox 3507 4249 3610 4315; x_wconf 81' lang='grc' dir='ltr'><strong>χρή</strong></span> <span class='ocrx_word' id='word_1_637' title='bbox 3646 4265 3659 4278; x_wconf 75' lang='grc'><strong><em>⁸</em></strong></span> <span class='ocrx_word' id='word_1_638' title='bbox 3702 4251 3762 4300; x_wconf 86' lang='grc' dir='ltr'><strong>ἐν</strong></span> 
     </span>
    </p>
   </div>
   <div class='ocr_carea' id='block_1_88' title="bbox 578 4304 2212 4404">
    <p class='ocr_par' dir='ltr' id='par_1_88' title="bbox 578 4304 2188 4389">
     <span class='ocr_line' id='line_1_89' title="bbox 578 4304 2188 4389; baseline 0.022 -35"><span class='ocrx_word' id='word_1_639' title='bbox 578 4304 690 4356; x_wconf 85' lang='lat' dir='ltr'><strong>dem</strong></span> <span class='ocrx_word' id='word_1_640' title='bbox 715 4323 830 4374; x_wconf 78' lang='lat' dir='ltr'><strong>quze</strong></span> <span class='ocrx_word' id='word_1_641' title='bbox 859 4311 919 4360; x_wconf 82' lang='lat' dir='ltr'><strong>ad</strong></span> <span class='ocrx_word' id='word_1_642' title='bbox 950 4314 1120 4380; x_wconf 82' lang='lat' dir='ltr'><strong>ipsum</strong></span> <span class='ocrx_word' id='word_1_643' title='bbox 1143 4328 1386 4384; x_wconf 88' lang='lat' dir='ltr'><strong>spectant</strong></span> <span class='ocrx_word' id='word_1_644' title='bbox 1420 4322 1764 4381; x_wconf 80' lang='lat' dir='ltr'><strong>inexorabilis</strong></span> <span class='ocrx_word' id='word_1_645' title='bbox 1788 4340 1841 4383; x_wconf 91' lang='lat' dir='ltr'><strong>et</strong></span> <span class='ocrx_word' id='word_1_646' title='bbox 1863 4341 2114 4389; x_wconf 87' lang='lat' dir='ltr'><strong>austerus</strong></span> <span class='ocrx_word' id='word_1_647' title='bbox 2147 4329 2188 4383; x_wconf 82' lang='grc' dir='ltr'><strong>Ι)</strong></span> 
     </span>
    </p>
   </div>
   <div class='ocr_carea' id='block_1_89' title="bbox 2126 4304 3760 4404">
    <p class='ocr_par' dir='ltr' id='par_1_89' title="bbox 2147 4304 3760 4404">
     <span class='ocr_line' id='line_1_90' title="bbox 2147 4304 3760 4404; baseline 0.007 -29"><span class='ocrx_word' id='word_1_648' title='bbox 2147 4329 2188 4383; x_wconf 88' lang='lat' dir='ltr'><strong>D</strong></span> <span class='ocrx_word' id='word_1_649' title='bbox 2223 4326 2319 4392; x_wconf 85' lang='grc' dir='ltr'><strong>μὲν</strong></span> <span class='ocrx_word' id='word_1_650' title='bbox 2348 4329 2457 4387; x_wconf 86' lang='grc' dir='ltr'><strong>τοῖς</strong></span> <span class='ocrx_word' id='word_1_651' title='bbox 2490 4325 2609 4378; x_wconf 85' lang='grc' dir='ltr'><strong>καθ’</strong></span> <span class='ocrx_word' id='word_1_652' title='bbox 2648 4329 2836 4379; x_wconf 77' lang='grc' dir='ltr'><strong>ἑαυτὸν</strong></span> <span class='ocrx_word' id='word_1_653' title='bbox 2858 4304 3232 4395; x_wconf 70' lang='grc' dir='ltr'><strong>ἀσυγγνωστον</strong></span> <span class='ocrx_word' id='word_1_654' title='bbox 3263 4304 3399 4384; x_wconf 66' lang='grc' dir='ltr'><strong>εἶναί</strong></span> <span class='ocrx_word' id='word_1_655' title='bbox 3426 4304 3760 4404; x_wconf 44' lang='grc' dir='ltr'><strong>καῖ-’πικρὸν</strong></span> 
     </span>
    </p>
   </div>
   <div class='ocr_carea' id='block_1_90' title="bbox 579 4394 2112 4478">
    <p class='ocr_par' dir='ltr' id='par_1_90' title="bbox 579 4394 2112 4478">
     <span class='ocr_line' id='line_1_91' title="bbox 579 4394 2112 4478; baseline 0.024 -37"><span class='ocrx_word' id='word_1_656' title='bbox 579 4394 732 4459; x_wconf 76' lang='lat' dir='ltr'><strong>iudex</strong></span> <span class='ocrx_word' id='word_1_657' title='bbox 757 4412 895 4462; x_wconf 82' lang='lat' dir='ltr'><strong>esse,</strong></span> <span class='ocrx_word' id='word_1_658' title='bbox 939 4402 988 4454; x_wconf 91' lang='lat' dir='ltr'><strong>in</strong></span> <span class='ocrx_word' id='word_1_659' title='bbox 1032 4403 1113 4457; x_wconf 91' lang='lat' dir='ltr'><strong>his</strong></span> <span class='ocrx_word' id='word_1_660' title='bbox 1144 4418 1320 4460; x_wconf 85' lang='lat' dir='ltr'><strong>autem</strong></span> <span class='ocrx_word' id='word_1_661' title='bbox 1354 4426 1472 4478; x_wconf 64' lang='lat' dir='ltr'><strong>qua:</strong></span> <span class='ocrx_word' id='word_1_662' title='bbox 1500 4414 1564 4465; x_wconf 89' lang='lat' dir='ltr'><strong>ad</strong></span> <span class='ocrx_word' id='word_1_663' title='bbox 1610 4415 1852 4474; x_wconf 83' lang='lat' dir='ltr'><strong>subditos</strong></span> <span class='ocrx_word' id='word_1_664' title='bbox 1884 4423 2112 4477; x_wconf 87' lang='lat' dir='ltr'><strong>attinent</strong></span> 
     </span>
    </p>
   </div>
   <div class='ocr_carea' id='block_1_91' title="bbox 578 4488 2111 4580">
    <p class='ocr_par' dir='ltr' id='par_1_91' title="bbox 578 4488 2111 4580">
     <span class='ocr_line' id='line_1_92' title="bbox 578 4488 2111 4580; baseline 0.02 -42"><span class='ocrx_word' id='word_1_665' title='bbox 578 4488 855 4552; x_wconf 72' lang='lat' dir='ltr'><strong>indulgens</strong></span> <span class='ocrx_word' id='word_1_666' title='bbox 897 4501 946 4547; x_wconf 90' lang='lat' dir='ltr'><strong>et</strong></span> <span class='ocrx_word' id='word_1_667' title='bbox 977 4508 1308 4553; x_wconf 88' lang='lat' dir='ltr'><strong>mansuetus.</strong></span> <span class='ocrx_word' id='word_1_668' title='bbox 1358 4502 1457 4567; x_wconf 86' lang='lat' dir='ltr'><strong>Qui</strong></span> <span class='ocrx_word' id='word_1_669' title='bbox 1509 4508 1682 4561; x_wconf 84' lang='lat' dir='ltr'><strong>verbis</strong></span> <span class='ocrx_word' id='word_1_670' title='bbox 1709 4511 1837 4564; x_wconf 87' lang='lat' dir='ltr'><strong>solis</strong></span> <span class='ocrx_word' id='word_1_671' title='bbox 1879 4513 2111 4580; x_wconf 88' lang='lat' dir='ltr'><strong>philoso-</strong></span> 
     </span>
    </p>
   </div>
   <div class='ocr_carea' id='block_1_92' title="bbox 579 4579 2110 4674">
    <p class='ocr_par' dir='ltr' id='par_1_92' title="bbox 579 4579 2110 4674">
     <span class='ocr_line' id='line_1_93' title="bbox 579 4579 2110 4674; baseline 0.023 -48"><span class='ocrx_word' id='word_1_672' title='bbox 579 4579 825 4644; x_wconf 85' lang='lat' dir='ltr'><strong>phantur,</strong></span> <span class='ocrx_word' id='word_1_673' title='bbox 848 4584 1198 4642; x_wconf 77' lang='lat' dir='ltr'><strong>inexorabiles</strong></span> <span class='ocrx_word' id='word_1_674' title='bbox 1224 4602 1345 4645; x_wconf 89' lang='lat' dir='ltr'><strong>sunt</strong></span> <span class='ocrx_word' id='word_1_675' title='bbox 1367 4605 1416 4647; x_wconf 87' lang='lat' dir='ltr'><strong>et</strong></span> <span class='ocrx_word' id='word_1_676' title='bbox 1448 4598 1640 4661; x_wconf 80' lang='lat' dir='ltr'><strong>severi,</strong></span> <span class='ocrx_word' id='word_1_677' title='bbox 1673 4610 1923 4667; x_wconf 90' lang='lat' dir='ltr'><strong>tanquam</strong></span> <span class='ocrx_word' id='word_1_678' title='bbox 1953 4605 2110 4674; x_wconf 87' lang='lat' dir='ltr'><strong>igno-</strong></span> 
     </span>
    </p>
   </div>
   <div class='ocr_carea' id='block_1_93' title="bbox 575 4672 2107 4752">
    <p class='ocr_par' dir='ltr' id='par_1_93' title="bbox 575 4672 2107 4752">
     <span class='ocr_line' id='line_1_94' title="bbox 575 4672 2107 4752; baseline 0.022 -36"><span class='ocrx_word' id='word_1_679' title='bbox 575 4676 754 4721; x_wconf 77' lang='lat' dir='ltr'><strong>rantes</strong></span> <span class='ocrx_word' id='word_1_680' title='bbox 789 4672 950 4736; x_wconf 86' lang='lat' dir='ltr'><strong>illam,</strong></span> <span class='ocrx_word' id='word_1_681' title='bbox 978 4692 1096 4743; x_wconf 73' lang='lat' dir='ltr'><strong>qua:</strong></span> <span class='ocrx_word' id='word_1_682' title='bbox 1134 4694 1194 4731; x_wconf 81' lang='lat' dir='ltr'><strong>cx</strong></span> <span class='ocrx_word' id='word_1_683' title='bbox 1222 4683 1473 4747; x_wconf 86' lang='lat' dir='ltr'><strong>operibus</strong></span> <span class='ocrx_word' id='word_1_684' title='bbox 1503 4687 1692 4752; x_wconf 89' lang='lat' dir='ltr'><strong>oritur,</strong></span> <span class='ocrx_word' id='word_1_685' title='bbox 1722 4689 2107 4749; x_wconf 81' lang='lat' dir='ltr'><strong>dillicultatem.</strong></span> 
     </span>
    </p>
   </div>
   <div class='ocr_carea' id='block_1_94' title="bbox 641 4755 2108 4850">
    <p class='ocr_par' dir='ltr' id='par_1_94' title="bbox 641 4755 2108 4850">
     <span class='ocr_line' id='line_1_95' title="bbox 641 4755 2108 4850; baseline 0.021 -43"><span class='ocrx_word' id='word_1_686' title='bbox 641 4755 751 4809; x_wconf 87' lang='lat' dir='ltr'><strong>Cur</strong></span> <span class='ocrx_word' id='word_1_687' title='bbox 784 4774 908 4828; x_wconf 78' lang='lat' dir='ltr'><strong>ergo</strong></span> <span class='ocrx_word' id='word_1_688' title='bbox 934 4765 1065 4817; x_wconf 81' lang='lat' dir='ltr'><strong>dixit</strong></span> <span class='ocrx_word' id='word_1_689' title='bbox 1096 4772 1231 4835; x_wconf 63' lang='lat' dir='ltr'><strong>q&#39;tod</strong></span> <span class='ocrx_word' id='word_1_690' title='bbox 1268 4772 1379 4825; x_wconf 84' lang='lat' dir='ltr'><strong>Non</strong></span> <span class='ocrx_word' id='word_1_691' title='bbox 1411 4789 1656 4843; x_wconf 88' lang='lat' dir='ltr'><strong>possunt,</strong></span> <span class='ocrx_word' id='word_1_692' title='bbox 1692 4796 1862 4850; x_wconf 81' lang='lat' dir='ltr'><strong>neque</strong></span> <span class='ocrx_word' id='word_1_693' title='bbox 1902 4784 2108 4850; x_wconf 89' lang='lat' dir='ltr'><strong>volunt,</strong></span> 
     </span>
    </p>
   </div>
   <div class='ocr_carea' id='block_1_95' title="bbox 575 4851 2104 4936">
    <p class='ocr_par' dir='ltr' id='par_1_95' title="bbox 575 4851 2104 4936">
     <span class='ocr_line' id='line_1_96' title="bbox 575 4851 2104 4936; baseline 0.021 -43"><span class='ocrx_word' id='word_1_694' title='bbox 575 4859 746 4912; x_wconf 79' lang='lat' dir='ltr'><strong>neque</strong></span> <span class='ocrx_word' id='word_1_695' title='bbox 777 4851 964 4904; x_wconf 78' lang='lat' dir='ltr'><strong>iterum</strong></span> <span class='ocrx_word' id='word_1_696' title='bbox 997 4856 1177 4909; x_wconf 87' lang='lat' dir='ltr'><strong>volunt</strong></span> <span class='ocrx_word' id='word_1_697' title='bbox 1201 4874 1302 4912; x_wconf 90' lang='lat' dir='ltr'><strong>non</strong></span> <span class='ocrx_word' id='word_1_698' title='bbox 1334 4861 1490 4926; x_wconf 81' lang='lat' dir='ltr'><strong>ferre,</strong></span> <span class='ocrx_word' id='word_1_699' title='bbox 1523 4867 1633 4932; x_wconf 89' lang='lat' dir='ltr'><strong>sed,</strong></span> <span class='ocrx_word' id='word_1_700' title='bbox 1670 4869 1829 4936; x_wconf 84' lang='lat' dir='ltr'><strong>digito</strong></span> <span class='ocrx_word' id='word_1_701' title='bbox 1859 4875 2104 4925; x_wconf 82' lang='lat' dir='ltr'><strong>movere?</strong></span> 
     </span>
    </p>
   </div>
   <div class='ocr_carea' id='block_1_96' title="bbox 572 4932 2108 5029">
    <p class='ocr_par' dir='ltr' id='par_1_96' title="bbox 572 4932 2108 5029">
     <span class='ocr_line' id='line_1_97' title="bbox 572 4932 2108 5029; baseline 0.022 -48"><span class='ocrx_word' id='word_1_702' title='bbox 572 4932 724 4995; x_wconf 81' lang='lat' dir='ltr'><strong>Quod</strong></span> <span class='ocrx_word' id='word_1_703' title='bbox 757 4937 862 4991; x_wconf 89' lang='lat' dir='ltr'><strong>illis</strong></span> <span class='ocrx_word' id='word_1_704' title='bbox 895 4951 1022 4995; x_wconf 90' lang='lat' dir='ltr'><strong>tunc</strong></span> <span class='ocrx_word' id='word_1_705' title='bbox 1055 4947 1308 5008; x_wconf 87' lang='lat' dir='ltr'><strong>majorem</strong></span> <span class='ocrx_word' id='word_1_706' title='bbox 1341 4952 1546 5020; x_wconf 87' lang='lat' dir='ltr'><strong>culpant</strong></span> <span class='ocrx_word' id='word_1_707' title='bbox 1581 4932 1742 5010; x_wconf 43' lang='lat' dir='ltr'><strong>facit:</strong></span> <span class='ocrx_word' id='word_1_708' title='bbox 1765 4958 1828 5011; x_wconf 88' lang='lat' dir='ltr'><strong>Et</strong></span> <span class='ocrx_word' id='word_1_709' title='bbox 1860 4961 1948 5013; x_wconf 89' lang='lat' dir='ltr'><strong>illa</strong></span> <span class='ocrx_word' id='word_1_710' title='bbox 1979 4963 2108 5029; x_wconf 82' lang='lat' dir='ltr'><strong>qui-</strong></span> 
     </span>
    </p>
   </div>
   <div class='ocr_carea' id='block_1_97' title="bbox 571 5027 1352 5098">
    <p class='ocr_par' dir='ltr' id='par_1_97' title="bbox 571 5027 1352 5098">
     <span class='ocr_line' id='line_1_98' title="bbox 571 5027 1352 5098; baseline 0.022 -21"><span class='ocrx_word' id='word_1_711' title='bbox 571 5027 686 5078; x_wconf 72' lang='lat' dir='ltr'><strong>dum</strong></span> <span class='ocrx_word' id='word_1_712' title='bbox 718 5029 782 5081; x_wconf 90' lang='lat' dir='ltr'><strong>de</strong></span> <span class='ocrx_word' id='word_1_713' title='bbox 800 5047 985 5085; x_wconf 89' lang='lat' dir='ltr'><strong>eorum</strong></span> <span class='ocrx_word' id='word_1_714' title='bbox 1018 5037 1352 5098; x_wconf 68' lang='lat' dir='ltr'><strong>crudelitate.</strong></span> 
     </span>
    </p>
   </div>
   <div class='ocr_carea' id='block_1_98' title="bbox 643 5121 2106 5208">
    <p class='ocr_par' dir='ltr' id='par_1_98' title="bbox 643 5121 2106 5208">
     <span class='ocr_line' id='line_1_99' title="bbox 643 5121 2106 5208; baseline 0.017 -37"><span class='ocrx_word' id='word_1_715' title='bbox 643 5121 797 5176; x_wconf 74' lang='lat' dir='ltr'><strong>Vens.</strong></span> <span class='ocrx_word' id='word_1_716' title='bbox 832 5127 882 5177; x_wconf 82' lang='lat'><strong>5.</strong></span> <span class='ocrx_word' id='word_1_717' title='bbox 913 5127 1048 5191; x_wconf 79' lang='lat' dir='ltr'><strong>Quid</strong></span> <span class='ocrx_word' id='word_1_718' title='bbox 1066 5139 1146 5183; x_wconf 91' lang='lat' dir='ltr'><strong>est</strong></span> <span class='ocrx_word' id='word_1_719' title='bbox 1191 5131 1353 5195; x_wconf 87' lang='lat' dir='ltr'><strong>istud,</strong></span> <span class='ocrx_word' id='word_1_720' title='bbox 1386 5135 1615 5189; x_wconf 83' lang='lat' dir='ltr'><strong>Dilatant</strong></span> <span class='ocrx_word' id='word_1_721' title='bbox 1643 5141 1964 5205; x_wconf 75' lang='lat' dir='ltr'><strong>pltyiacteria</strong></span> <span class='ocrx_word' id='word_1_722' title='bbox 1988 5160 2106 5208; x_wconf 83' lang='lat' dir='ltr'><strong>sua,</strong></span> 
     </span>
    </p>
   </div>
   <div class='ocr_carea' id='block_1_99' title="bbox 573 5215 2105 5296">
    <p class='ocr_par' dir='ltr' id='par_1_99' title="bbox 573 5215 2105 5296">
     <span class='ocr_line' id='line_1_100' title="bbox 573 5215 2105 5296; baseline 0.016 -35"><span class='ocrx_word' id='word_1_723' title='bbox 573 5221 612 5261; x_wconf 71' lang='grc' dir='ltr'><strong>ει</strong></span> <span class='ocrx_word' id='word_1_724' title='bbox 647 5215 982 5281; x_wconf 75' lang='lat' dir='ltr'><strong>magni/icon!</strong></span> <span class='ocrx_word' id='word_1_725' title='bbox 1004 5219 1238 5285; x_wconf 79' lang='lat' dir='ltr'><strong>ﬁmbrias</strong></span> <span class='ocrx_word' id='word_1_726' title='bbox 1263 5227 1423 5276; x_wconf 81' lang='lat' dir='ltr'><strong>suas?</strong></span> <span class='ocrx_word' id='word_1_727' title='bbox 1451 5226 1780 5296; x_wconf 85' lang='lat' dir='ltr'><strong>Phylacteria</strong></span> <span class='ocrx_word' id='word_1_728' title='bbox 1808 5232 1952 5296; x_wconf 83' lang='lat' dir='ltr'><strong>parvi</strong></span> <span class='ocrx_word' id='word_1_729' title='bbox 1985 5233 2105 5285; x_wconf 83' lang='lat' dir='ltr'><strong>libri</strong></span> 
     </span>
    </p>
   </div>
   <div class='ocr_carea' id='block_1_100' title="bbox 572 5303 2095 5374">
    <p class='ocr_par' dir='ltr' id='par_1_100' title="bbox 572 5303 2095 5374">
     <span class='ocr_line' id='line_1_101' title="bbox 572 5303 2095 5374; baseline 0.015 -22"><span class='ocrx_word' id='word_1_730' title='bbox 572 5313 709 5354; x_wconf 68' lang='lat' dir='ltr'><strong>sntit.</strong></span> <span class='ocrx_word' id='word_1_731' title='bbox 743 5303 873 5357; x_wconf 83' lang='lat' dir='ltr'><strong>Nam</strong></span> <span class='ocrx_word' id='word_1_732' title='bbox 907 5322 1025 5359; x_wconf 90' lang='lat' dir='ltr'><strong>cum</strong></span> <span class='ocrx_word' id='word_1_733' title='bbox 1058 5313 1312 5365; x_wconf 89' lang='lat' dir='ltr'><strong>continuo</strong></span> <span class='ocrx_word' id='word_1_734' title='bbox 1341 5316 1784 5371; x_wconf 85' lang='lat' dir='ltr'><strong>obliviscerentur</strong></span> <span class='ocrx_word' id='word_1_735' title='bbox 1820 5321 2095 5374; x_wconf 80' lang='lat' dir='ltr'><strong>beneficio-</strong></span> 
     </span>
    </p>
   </div>
   <div class='ocr_carea' id='block_1_101' title="bbox 570 5389 2100 5473">
    <p class='ocr_par' dir='ltr' id='par_1_101' title="bbox 570 5389 2100 5473">
     <span class='ocr_line' id='line_1_102' title="bbox 570 5389 2100 5473; baseline 0.015 -35"><span class='ocrx_word' id='word_1_736' title='bbox 570 5403 686 5440; x_wconf 82' lang='lat' dir='ltr'><strong>rum</strong></span> <span class='ocrx_word' id='word_1_737' title='bbox 726 5389 838 5454; x_wconf 83' lang='lat' dir='ltr'><strong>Dei,</strong></span> <span class='ocrx_word' id='word_1_738' title='bbox 864 5392 1023 5460; x_wconf 88' lang='lat' dir='ltr'><strong>jussit</strong></span> <span class='ocrx_word' id='word_1_739' title='bbox 1051 5397 1268 5451; x_wconf 90' lang='lat' dir='ltr'><strong>inscribi</strong></span> <span class='ocrx_word' id='word_1_740' title='bbox 1295 5403 1470 5469; x_wconf 81' lang='lat' dir='ltr'><strong>parvis</strong></span> <span class='ocrx_word' id='word_1_741' title='bbox 1502 5404 1652 5456; x_wconf 89' lang='lat' dir='ltr'><strong>libris</strong></span> <span class='ocrx_word' id='word_1_742' title='bbox 1680 5411 1785 5467; x_wconf 73' lang='lat' dir='ltr'><strong>fsna</strong></span> <span class='ocrx_word' id='word_1_743' title='bbox 1820 5408 2100 5473; x_wconf 86' lang='lat' dir='ltr'><strong>miracula,</strong></span> 
     </span>
    </p>
   </div>
   <div class='ocr_carea' id='block_1_102' title="bbox 567 5484 2103 5555">
    <p class='ocr_par' dir='ltr' id='par_1_102' title="bbox 567 5484 2103 5555">
     <span class='ocr_line' id='line_1_103' title="bbox 567 5484 2103 5555; baseline 0.014 -27"><span class='ocrx_word' id='word_1_744' title='bbox 567 5487 622 5528; x_wconf 85' lang='lat' dir='ltr'><strong>et</strong></span> <span class='ocrx_word' id='word_1_745' title='bbox 649 5496 739 5532; x_wconf 81' lang='lat' dir='ltr'><strong>cos</strong></span> <span class='ocrx_word' id='word_1_746' title='bbox 771 5484 1017 5538; x_wconf 86' lang='lat' dir='ltr'><strong>manibus</strong></span> <span class='ocrx_word' id='word_1_747' title='bbox 1051 5487 1214 5555; x_wconf 76' lang='lat' dir='ltr'><strong>infigi.</strong></span> <span class='ocrx_word' id='word_1_748' title='bbox 1265 5489 1384 5543; x_wconf 90' lang='lat' dir='ltr'><strong>ldco</strong></span> <span class='ocrx_word' id='word_1_749' title='bbox 1413 5501 1461 5543; x_wconf 90' lang='lat' dir='ltr'><strong>et</strong></span> <span class='ocrx_word' id='word_1_750' title='bbox 1514 5493 1709 5545; x_wconf 90' lang='lat' dir='ltr'><strong>dictum</strong></span> <span class='ocrx_word' id='word_1_751' title='bbox 1755 5506 1875 5550; x_wconf 87' lang='lat' dir='ltr'><strong>est:</strong></span> <span class='ocrx_word' id='word_1_752' title='bbox 1939 5499 2103 5551; x_wconf 78' lang='lat' dir='ltr'><strong>Erunt</strong></span> 
     </span>
    </p>
   </div>
   <div class='ocr_carea' id='block_1_103' title="bbox 574 5571 2103 5653">
    <p class='ocr_par' dir='ltr' id='par_1_103' title="bbox 574 5571 2103 5653">
     <span class='ocr_line' id='line_1_104' title="bbox 574 5571 2103 5653; baseline 0.014 -34"><span class='ocrx_word' id='word_1_753' title='bbox 574 5571 724 5632; x_wconf 81' lang='lat' dir='ltr'><strong>ﬁrma</strong></span> <span class='ocrx_word' id='word_1_754' title='bbox 753 5574 802 5624; x_wconf 85' lang='lat' dir='ltr'><strong>in</strong></span> <span class='ocrx_word' id='word_1_755' title='bbox 831 5577 988 5628; x_wconf 75' lang='lat' dir='ltr'><strong>oculis</strong></span> <span class='ocrx_word' id='word_1_756' title='bbox 1022 5580 1141 5640; x_wconf 84' lang='lat' dir='ltr'><strong>mis,</strong></span> <span class='ocrx_word' id='word_1_757' title='bbox 1165 5596 1281 5646; x_wconf 65' lang='lat' dir='ltr'><strong>quae</strong></span> <span class='ocrx_word' id='word_1_758' title='bbox 1311 5583 1569 5635; x_wconf 83' lang='lat' dir='ltr'><strong>vocabant</strong></span> <span class='ocrx_word' id='word_1_759' title='bbox 1600 5585 1943 5653; x_wconf 78' lang='lat' dir='ltr'><strong>phylaclcria.</strong></span> <span class='ocrx_word' id='word_1_760' title='bbox 1968 5587 2103 5641; x_wconf 79' lang='lat' dir='ltr'><strong>Fim-</strong></span> 
     </span>
    </p>
   </div>
   <div class='ocr_carea' id='block_1_104' title="bbox 2219 4415 3760 4492">
    <p class='ocr_par' dir='ltr' id='par_1_104' title="bbox 2219 4415 3760 4492">
     <span class='ocr_line' id='line_1_105' title="bbox 2219 4415 3760 4492; baseline 0.007 -25"><span class='ocrx_word' id='word_1_761' title='bbox 2219 4415 2494 4485; x_wconf 81' lang='grc' dir='ltr'><strong>δικαστὴν,</strong></span> <span class='ocrx_word' id='word_1_762' title='bbox 2524 4419 2579 4469; x_wconf 91' lang='grc' dir='ltr'><strong>ἐν</strong></span> <span class='ocrx_word' id='word_1_763' title='bbox 2610 4416 2663 4468; x_wconf 80' lang='grc' dir='ltr'><strong>δὲ</strong></span> <span class='ocrx_word' id='word_1_764' title='bbox 2692 4420 2799 4479; x_wconf 90' lang='grc' dir='ltr'><strong>τοῖς</strong></span> <span class='ocrx_word' id='word_1_765' title='bbox 2827 4419 2932 4469; x_wconf 86' lang='grc' dir='ltr'><strong>τῶν</strong></span> <span class='ocrx_word' id='word_1_766' title='bbox 2966 4420 3276 4488; x_wconf 85' lang='grc' dir='ltr'><strong>ἀρχομένων</strong></span> <span class='ocrx_word' id='word_1_767' title='bbox 3326 4424 3760 4492; x_wconf 78' lang='grc' dir='ltr'><strong>συγγνωμονικδν</strong></span> 
     </span>
    </p>
   </div>
   <div class='ocr_carea' id='block_1_105' title="bbox 2220 4507 3757 4582">
    <p class='ocr_par' dir='ltr' id='par_1_105' title="bbox 2220 4507 3757 4582">
     <span class='ocr_line' id='line_1_106' title="bbox 2220 4507 3757 4582; baseline 0.006 -26"><span class='ocrx_word' id='word_1_768' title='bbox 2220 4507 2310 4557; x_wconf 72' lang='grc' dir='ltr'><strong>καὶ</strong></span> <span class='ocrx_word' id='word_1_769' title='bbox 2332 4507 2532 4576; x_wconf 75' lang='grc' dir='ltr'><strong>ἥμερον</strong></span> <span class='ocrx_word' id='word_1_770' title='bbox 2560 4523 2571 4537; x_wconf 69' lang='grc' dir='ltr'><em>υ</em></span> <span class='ocrx_word' id='word_1_771' title='bbox 2612 4508 2658 4559; x_wconf 86' lang='grc' dir='ltr'><strong>οἳ</strong></span> <span class='ocrx_word' id='word_1_772' title='bbox 2693 4508 2866 4577; x_wconf 79' lang='grc' dir='ltr'><strong>λόγοις</strong></span> <span class='ocrx_word' id='word_1_773' title='bbox 2899 4510 3076 4577; x_wconf 77' lang='grc' dir='ltr'><strong>μόνοις</strong></span> <span class='ocrx_word' id='word_1_774' title='bbox 3115 4512 3543 4579; x_wconf 83' lang='grc' dir='ltr'><strong>φιλοσοφοῦντες,</strong></span> <span class='ocrx_word' id='word_1_775' title='bbox 3583 4514 3757 4582; x_wconf 78' lang='grc' dir='ltr'><strong>ἀσύγ-</strong></span> 
     </span>
    </p>
   </div>
   <div class='ocr_carea' id='block_1_106' title="bbox 2219 4597 3758 4673">
    <p class='ocr_par' dir='ltr' id='par_1_106' title="bbox 2219 4597 3758 4673">
     <span class='ocr_line' id='line_1_107' title="bbox 2219 4597 3758 4673; baseline 0.008 -28"><span class='ocrx_word' id='word_1_776' title='bbox 2219 4611 2442 4659; x_wconf 81' lang='grc' dir='ltr'><strong>γνωστοι</strong></span> <span class='ocrx_word' id='word_1_777' title='bbox 2477 4597 2568 4648; x_wconf 77' lang='grc' dir='ltr'><strong>καὶ</strong></span> <span class='ocrx_word' id='word_1_778' title='bbox 2617 4598 2816 4668; x_wconf 78' lang='grc' dir='ltr'><strong>βαρεῖς,</strong></span> <span class='ocrx_word' id='word_1_779' title='bbox 2843 4600 2916 4661; x_wconf 86' lang='grc' dir='ltr'><strong>ὡς</strong></span> <span class='ocrx_word' id='word_1_780' title='bbox 2959 4601 3167 4670; x_wconf 85' lang='grc' dir='ltr'><strong>ἀπειροι</strong></span> <span class='ocrx_word' id='word_1_781' title='bbox 3195 4602 3292 4669; x_wconf 83' lang='grc' dir='ltr'><strong>τῆς</strong></span> <span class='ocrx_word' id='word_1_782' title='bbox 3327 4602 3393 4655; x_wconf 80' lang='grc' dir='ltr'><strong>δι’</strong></span> <span class='ocrx_word' id='word_1_783' title='bbox 3430 4603 3603 4673; x_wconf 79' lang='grc' dir='ltr'><strong>ἔργων</strong></span> <span class='ocrx_word' id='word_1_784' title='bbox 3629 4606 3758 4658; x_wconf 84' lang='grc' dir='ltr'><strong>δυσ-</strong></span> 
     </span>
    </p>
   </div>
   <div class='ocr_carea' id='block_1_107' title="bbox 2220 4683 3757 4759">
    <p class='ocr_par' dir='ltr' id='par_1_107' title="bbox 2220 4683 3757 4759">
     <span class='ocr_line' id='line_1_108' title="bbox 2220 4683 3757 4759; baseline 0.009 -25"><span class='ocrx_word' id='word_1_785' title='bbox 2220 4683 2418 4747; x_wconf 83' lang='grc' dir='ltr'><strong>κολίας.</strong></span> <span class='ocrx_word' id='word_1_786' title='bbox 2458 4687 2554 4738; x_wconf 69' lang='grc' dir='ltr'><strong>Διά</strong></span> <span class='ocrx_word' id='word_1_787' title='bbox 2601 4689 2651 4739; x_wconf 89' lang='grc' dir='ltr'><strong>τί</strong></span> <span class='ocrx_word' id='word_1_788' title='bbox 2701 4689 2799 4741; x_wconf 73' lang='grc' dir='ltr'><strong>οὐκ</strong></span> <span class='ocrx_word' id='word_1_789' title='bbox 2841 4685 2990 4741; x_wconf 75' lang='grc' dir='ltr'><strong>εἶπεν</strong></span> <span class='ocrx_word' id='word_1_790' title='bbox 3057 4693 3174 4754; x_wconf 85' lang='grc' dir='ltr'><strong>ὅτι,</strong></span> <span class='ocrx_word' id='word_1_791' title='bbox 3216 4691 3286 4744; x_wconf 85' lang='grc' dir='ltr'><strong>Οὐ</strong></span> <span class='ocrx_word' id='word_1_792' title='bbox 3333 4692 3598 4759; x_wconf 83' lang='grc' dir='ltr'><strong>δύνανται,</strong></span> <span class='ocrx_word' id='word_1_793' title='bbox 3633 4697 3757 4748; x_wconf 84' lang='grc' dir='ltr'><strong>οὺδέ</strong></span> 
     </span>
    </p>
   </div>
   <div class='ocr_carea' id='block_1_108' title="bbox 2218 4773 3756 4851">
    <p class='ocr_par' dir='ltr' id='par_1_108' title="bbox 2218 4773 3756 4851">
     <span class='ocr_line' id='line_1_109' title="bbox 2218 4773 3756 4851; baseline 0.01 -28"><span class='ocrx_word' id='word_1_794' title='bbox 2218 4773 2475 4840; x_wconf 79' lang='grc' dir='ltr'><strong>θέλουσιν,</strong></span> <span class='ocrx_word' id='word_1_795' title='bbox 2514 4777 2630 4829; x_wconf 83' lang='grc' dir='ltr'><strong>οὐδὲ</strong></span> <span class='ocrx_word' id='word_1_796' title='bbox 2666 4777 2821 4832; x_wconf 81' lang='grc' dir='ltr'><strong>πάλιν</strong></span> <span class='ocrx_word' id='word_1_797' title='bbox 2862 4781 2939 4833; x_wconf 87' lang='grc' dir='ltr'><strong>ὃτι</strong></span> <span class='ocrx_word' id='word_1_798' title='bbox 2986 4782 3268 4848; x_wconf 84' lang='grc' dir='ltr'><strong>βαστάσαι,</strong></span> <span class='ocrx_word' id='word_1_799' title='bbox 3297 4783 3451 4846; x_wconf 74' lang='grc' dir='ltr'><strong>ἀλλὰ,</strong></span> <span class='ocrx_word' id='word_1_800' title='bbox 3479 4785 3756 4851; x_wconf 82' lang='grc' dir='ltr'><strong>δακτύλῳ</strong></span> 
     </span>
    </p>
   </div>
   <div class='ocr_carea' id='block_1_109' title="bbox 2216 4864 3754 4942">
    <p class='ocr_par' dir='ltr' id='par_1_109' title="bbox 2216 4864 3754 4942">
     <span class='ocr_line' id='line_1_110' title="bbox 2216 4864 3754 4942; baseline 0.008 -26"><span class='ocrx_word' id='word_1_801' title='bbox 2216 4864 2492 4932; x_wconf 80' lang='grc' dir='ltr'><strong>κινῆσαι;</strong></span> <span class='ocrx_word' id='word_1_802' title='bbox 2521 4869 2653 4938; x_wconf 77' lang='grc' dir='ltr'><strong>ὅπερ</strong></span> <span class='ocrx_word' id='word_1_803' title='bbox 2685 4871 2864 4937; x_wconf 72' lang='grc' dir='ltr'><strong>μεῖζον</strong></span> <span class='ocrx_word' id='word_1_804' title='bbox 2907 4873 3083 4934; x_wconf 82' lang='grc' dir='ltr'><strong>αὐτοῖς</strong></span> <span class='ocrx_word' id='word_1_805' title='bbox 3114 4871 3359 4942; x_wconf 75' lang='grc' dir='ltr'><strong>ἔγκλημα</strong></span> <span class='ocrx_word' id='word_1_806' title='bbox 3386 4875 3612 4941; x_wconf 86' lang='grc' dir='ltr'><strong>γίνεται.</strong></span> <span class='ocrx_word' id='word_1_807' title='bbox 3645 4878 3754 4930; x_wconf 79' lang='grc' dir='ltr'><strong>Καὶ</strong></span> 
     </span>
    </p>
   </div>
   <div class='ocr_carea' id='block_1_110' title="bbox 2216 4955 3310 5028">
    <p class='ocr_par' dir='ltr' id='par_1_110' title="bbox 2216 4955 3310 5028">
     <span class='ocr_line' id='line_1_111' title="bbox 2216 4955 3310 5028; baseline 0.009 -23"><span class='ocrx_word' id='word_1_808' title='bbox 2216 4955 2340 5023; x_wconf 77' lang='grc' dir='ltr'><strong>περὶ</strong></span> <span class='ocrx_word' id='word_1_809' title='bbox 2364 4956 2461 5024; x_wconf 82' lang='grc' dir='ltr'><strong>μὲν</strong></span> <span class='ocrx_word' id='word_1_810' title='bbox 2488 4958 2584 5026; x_wconf 81' lang='grc' dir='ltr'><strong>τῆς</strong></span> <span class='ocrx_word' id='word_1_811' title='bbox 2606 4957 2880 5028; x_wconf 80' lang='grc' dir='ltr'><strong>ὠμότητος</strong></span> <span class='ocrx_word' id='word_1_812' title='bbox 2920 4960 3094 5012; x_wconf 85' lang='grc' dir='ltr'><strong>αὐτῶν</strong></span> <span class='ocrx_word' id='word_1_813' title='bbox 3125 4961 3310 5015; x_wconf 87' lang='grc' dir='ltr'><strong>ταῦτα.</strong></span> 
     </span>
    </p>
   </div>
   <div class='ocr_carea' id='block_1_111' title="bbox 2281 5135 3750 5212">
    <p class='ocr_par' dir='ltr' id='par_1_111' title="bbox 2281 5135 3750 5212">
     <span class='ocr_line' id='line_1_112' title="bbox 2281 5135 3750 5212; baseline 0.01 -25"><span class='ocrx_word' id='word_1_814' title='bbox 2281 5135 2345 5188; x_wconf 88' lang='grc' dir='ltr'><strong>Τί</strong></span> <span class='ocrx_word' id='word_1_815' title='bbox 2370 5137 2514 5190; x_wconf 80' lang='grc' dir='ltr'><strong>ἐστιν</strong></span> <span class='ocrx_word' id='word_1_816' title='bbox 2574 5139 2645 5191; x_wconf 84' lang='grc' dir='ltr'><em>Τὰ</em></span> <span class='ocrx_word' id='word_1_817' title='bbox 2671 5141 3042 5208; x_wconf 74' lang='grc' dir='ltr'><strong>φυλακτήρια</strong></span> <span class='ocrx_word' id='word_1_818' title='bbox 3065 5142 3259 5196; x_wconf 76' lang='grc' dir='ltr'><strong>αὐτῶν</strong></span> <span class='ocrx_word' id='word_1_819' title='bbox 3308 5148 3750 5212; x_wconf 70' lang='grc' dir='ltr'><strong>πλατύνουσιν,</strong></span> 
     </span>
    </p>
   </div>
   <div class='ocr_carea' id='block_1_112' title="bbox 2213 5226 3752 5302">
    <p class='ocr_par' dir='ltr' id='par_1_112' title="bbox 2213 5226 3752 5302">
     <span class='ocr_line' id='line_1_113' title="bbox 2213 5226 3752 5302; baseline 0.006 -26"><span class='ocrx_word' id='word_1_820' title='bbox 2213 5226 2306 5277; x_wconf 77' lang='grc' dir='ltr'><strong>καὶ</strong></span> <span class='ocrx_word' id='word_1_821' title='bbox 2341 5229 2746 5293; x_wconf 73' lang='grc' dir='ltr'><strong>μεγαλύνουσι</strong></span> <span class='ocrx_word' id='word_1_822' title='bbox 2790 5231 2859 5282; x_wconf 82' lang='grc' dir='ltr'><strong>τὰ</strong></span> <span class='ocrx_word' id='word_1_823' title='bbox 2901 5230 3206 5296; x_wconf 81' lang='grc' dir='ltr'><strong>κράσπεδα</strong></span> <span class='ocrx_word' id='word_1_824' title='bbox 3253 5232 3371 5286; x_wconf 77' lang='grc' dir='ltr'><strong>τῶν</strong></span> <span class='ocrx_word' id='word_1_825' title='bbox 3417 5237 3752 5302; x_wconf 76' lang='grc' dir='ltr'><strong>πτερυγίων</strong></span> 
     </span>
    </p>
   </div>
   <div class='ocr_carea' id='block_1_113' title="bbox 2212 5314 3748 5392">
    <p class='ocr_par' dir='ltr' id='par_1_113' title="bbox 2212 5314 3748 5392">
     <span class='ocr_line' id='line_1_114' title="bbox 2212 5314 3748 5392; baseline 0.007 -25"><span class='ocrx_word' id='word_1_826' title='bbox 2212 5315 2435 5382; x_wconf 81' lang='grc' dir='ltr'><strong>αὺτῶν;</strong></span> <span class='ocrx_word' id='word_1_827' title='bbox 2462 5317 2540 5369; x_wconf 86' lang='grc' dir='ltr'><strong>Τά</strong></span> <span class='ocrx_word' id='word_1_828' title='bbox 2570 5317 2666 5387; x_wconf 77' lang='grc' dir='ltr'><strong>μὲν</strong></span> <span class='ocrx_word' id='word_1_829' title='bbox 2689 5314 2781 5372; x_wconf 85' lang='grc' dir='ltr'><strong>οὖν</strong></span> <span class='ocrx_word' id='word_1_830' title='bbox 2803 5319 3142 5390; x_wconf 82' lang='grc' dir='ltr'><strong>φυλακτήρια</strong></span> <span class='ocrx_word' id='word_1_831' title='bbox 3177 5322 3346 5391; x_wconf 85' lang='grc' dir='ltr'><strong>μικρά</strong></span> <span class='ocrx_word' id='word_1_832' title='bbox 3385 5323 3562 5392; x_wconf 81' lang='grc' dir='ltr'><strong>βιϐλία</strong></span> <span class='ocrx_word' id='word_1_833' title='bbox 3583 5323 3748 5378; x_wconf 75' lang='grc' dir='ltr'><strong>εἰσίν.</strong></span> 
     </span>
    </p>
   </div>
   <div class='ocr_carea' id='block_1_114' title="bbox 2225 5406 3748 5480">
    <p class='ocr_par' dir='ltr' id='par_1_114' title="bbox 2225 5406 3748 5480">
     <span class='ocr_line' id='line_1_115' title="bbox 2225 5406 3748 5480; baseline 0.004 -23"><span class='ocrx_word' id='word_1_834' title='bbox 2225 5406 2432 5475; x_wconf 78' lang='grc' dir='ltr'><strong>Ἐπειδὴ</strong></span> <span class='ocrx_word' id='word_1_835' title='bbox 2481 5407 2585 5476; x_wconf 77' lang='grc' dir='ltr'><strong>γὰρ</strong></span> <span class='ocrx_word' id='word_1_836' title='bbox 2634 5410 2868 5477; x_wconf 84' lang='grc' dir='ltr'><strong>συνεχῶς</strong></span> <span class='ocrx_word' id='word_1_837' title='bbox 2907 5411 3324 5464; x_wconf 82' lang='grc' dir='ltr'><strong>ἐπελανθάνοντο</strong></span> <span class='ocrx_word' id='word_1_838' title='bbox 3360 5413 3469 5464; x_wconf 88' lang='grc' dir='ltr'><strong>τῶν</strong></span> <span class='ocrx_word' id='word_1_839' title='bbox 3517 5414 3748 5480; x_wconf 79' lang='grc' dir='ltr'><strong>εὐεργε-</strong></span> 
     </span>
    </p>
   </div>
   <div class='ocr_carea' id='block_1_115' title="bbox 2215 5497 3752 5572">
    <p class='ocr_par' dir='ltr' id='par_1_115' title="bbox 2215 5497 3752 5572">
     <span class='ocr_line' id='line_1_116' title="bbox 2215 5497 3752 5572; baseline 0.005 -26"><span class='ocrx_word' id='word_1_840' title='bbox 2215 5498 2339 5548; x_wconf 80' lang='grc' dir='ltr'><strong>σιῶν</strong></span> <span class='ocrx_word' id='word_1_841' title='bbox 2375 5497 2466 5550; x_wconf 81' lang='grc' dir='ltr'><strong>τοῦ</strong></span> <span class='ocrx_word' id='word_1_842' title='bbox 2505 5498 2656 5562; x_wconf 82' lang='grc' dir='ltr'><strong>Θεοῦ,</strong></span> <span class='ocrx_word' id='word_1_843' title='bbox 2691 5499 2968 5551; x_wconf 83' lang='grc' dir='ltr'><strong>ἐκέλευσεν</strong></span> <span class='ocrx_word' id='word_1_844' title='bbox 3013 5504 3349 5570; x_wconf 77' lang='grc' dir='ltr'><strong>ἐγγραφῆναι</strong></span> <span class='ocrx_word' id='word_1_845' title='bbox 3404 5506 3616 5572; x_wconf 84' lang='grc' dir='ltr'><strong>μικροῖς</strong></span> <span class='ocrx_word' id='word_1_846' title='bbox 3669 5502 3752 5568; x_wconf 86' lang='grc' dir='ltr'><strong>βι-</strong></span> 
     </span>
    </p>
   </div>
   <div class='ocr_carea' id='block_1_116' title="bbox 2211 5589 3751 5664">
    <p class='ocr_par' dir='ltr' id='par_1_116' title="bbox 2211 5589 3751 5664">
     <span class='ocr_line' id='line_1_117' title="bbox 2211 5589 3751 5664; baseline 0.006 -25"><span class='ocrx_word' id='word_1_847' title='bbox 2211 5589 2374 5652; x_wconf 71' lang='grc' dir='ltr'><strong>ϐλίοις</strong></span> <span class='ocrx_word' id='word_1_848' title='bbox 2417 5591 2481 5642; x_wconf 77' lang='grc' dir='ltr'><strong>τὰ</strong></span> <span class='ocrx_word' id='word_1_849' title='bbox 2539 5591 2809 5661; x_wconf 78' lang='grc' dir='ltr'><strong>θαυμάσια</strong></span> <span class='ocrx_word' id='word_1_850' title='bbox 2854 5594 3048 5659; x_wconf 80' lang='grc' dir='ltr'><strong>αὐτοῦ,</strong></span> <span class='ocrx_word' id='word_1_851' title='bbox 3099 5596 3187 5647; x_wconf 75' lang='grc' dir='ltr'><strong>καὶ</strong></span> <span class='ocrx_word' id='word_1_852' title='bbox 3235 5594 3558 5664; x_wconf 77' lang='grc' dir='ltr'><strong>ἐξηρτῆσθαι</strong></span> <span class='ocrx_word' id='word_1_853' title='bbox 3607 5595 3751 5648; x_wconf 81' lang='grc' dir='ltr'><strong>αὑτά</strong></span> 
     </span>
    </p>
   </div>
  </div>
