4138 6342
324 284 459 349 1149

1288 281 1607 341 SCHOLIA
1646 277 1941 340 VETERA
1985 276 2060 334 IN
2104 277 2576 337 ΜΑΤΤΙΙΕΠΜ.

3387 276 3522 343 1150

324 398 424 449 τῶν
462 394 655 465 χειρῶν
698 396 894 451 αὐτῶν.
923 395 1012 448 Διδ
1044 395 1135 449 καὶ
1183 394 1364 461 ἔλεγεν
1393 409 1406 423 ⁸
1456 395 1667 448 Ἔσται
1719 392 1855 446 ἀσά-

1969 391 2097 444 hrire
2140 398 2317 443 autem
2372 390 2783 458 Iiyncintliinum
2829 399 3085 446 ornatum
3123 391 3438 461 designant;
3471 393 3520 445 iil

321 491 498 540 1mm:
523 489 593 539 ἐν
618 488 944 556 ὀφθαλμοῖς
972 502 1105 549 σου,
1133 485 1288 539 άτινα
1328 484 1551 537 ἐκάλουν
1598 483 1867 552 φυλακτή-

319 595 411 646 ρια
440 595 453 607 ·
482 579 550 631 τὰ
573 578 629 631 δὲ
657 578 937 647 κράσπεδα
968 578 1220 645 σημαίνει
1246 574 1473 645 κλῶσμα
1521 574 1823 628 ὑακίνθινον
1848 588 1861 604 ⁸

326 665 473 717 τοῦτο
500 667 609 735 γὰρ
644 665 829 736 ὥσπερ
871 665 1097 727 παιδίοις
1136 663 1385 717 ἐκέλευσε
1417 665 1609 725 ποιεῖν,
1644 663 1735 714 καὶ
1774 662 1864 715 ἐπὶ

326 756 391 824 τῷ
422 757 617 825 ίματίῳ
646 759 769 823 περὶ
800 757 896 825 τὴν
926 756 1037 808 ῶαν
1068 756 1195 824 περὶ
1227 756 1350 817 τοὺς
1406 754 1569 815 πόδας
1620 754 1863 823 ἀπορρά-

318 847 571 908 πτεσοαι,
601 850 686 902 ἵνα
712 849 1060 919 προσέχοντες
1098 848 1604 915 ἀναμιμνήσκωνται
1632 844 1738 898 τῶν
1775 849 1864 899 ὲν-

1966 484 2109 539 enim
2138 482 2629 551 utparvulisjussit
2655 481 2851 545 facere,
2875 496 2928 537 et
2955 484 3007 536 in
3033 492 3184 537 veste
3201 484 3342 538 circa
3370 500 3521 539 oram

1962 574 2114 643 juxta
2140 574 2301 643 pedes
2324 573 2592 641 adaptari,
2625 579 2683 626 ut
2704 572 2775 626 ob
2797 573 2985 627 oculos
3015 572 3276 628 habentes
3302 577 3519 629 manda-

1969 676 2144 721 torum
2177 681 2284 719 non
2314 665 2722 719 obliviscantur.
2755 662 3005 718 Ostendit
3046 680 3178 733 ergo
3208 667 3289 721 eis
3330 682 3519 719 vanam

1968 771 2062 811 eos
2091 770 2195 809 non
2228 756 2279 809 in
2304 757 2511 826 magnis
2538 766 2591 810 et
2622 756 2947 810 necessariis
2970 755 3219 824 gloriam,
3241 756 3333 811 sed
3365 759 3415 809 in
3442 756 3522 809 his

1970 848 2179 901 levibus
2212 846 2485 901 all'ectarc.

322 942 494 996 τολῶν.
526 943 802 996 Δείκνυσιν
839 942 929 995 οὖν
956 944 1156 1005 αὐτοῖς,
1184 942 1281 995 οὐκ
1307 942 1397 993 ἐπὶ
1428 944 1539 1005 τοῖς
1595 942 1849 1011 μεγάλοις
1877 940 1993 1012 ξκαὶ
2036 942 2355 1020 ἀναγκαίοις
2408 941 2835 1009 κενοδοξοῦντας,
2892 942 3006 995 ἀλλ’
3042 943 3134 995 ἐπὶ
3164 942 3371 1003 τούτοις
3410 943 3520 1002 τοῖς

316 1036 604 1088 εὐτελέσιν.

382 1126 583 1189 Εἰπὼν,
625 1124 849 1191 Πατέρα
880 1122 965 1191 μὴ
1012 1122 1329 1190 καλέσητε,
1355 1124 1415 1175 οὐ
1466 1122 1625 1177 τοῦτο
1680 1123 1857 1191 λέγει,

313 1215 425 1269 ἀλλ’
464 1217 547 1269 ἵνα
593 1214 928 1281 γινώσκωσιν
976 1214 1063 1267 τὸν
1106 1214 1305 1279 κυρίως
1336 1216 1573 1283 Πατέρα,
1612 1213 1753 1280 λέγω
1792 1216 1860 1268 δὲ

312 1308 398 1359 τὸν
429 1307 560 1360 Θεόν
587 1323 600 1339 ο
634 1306 804 1369 οὕτως
855 1305 958 1377 χρὴ
1006 1309 1141 1359 νοεῖν
1185 1308 1277 1361 καὶ
1327 1307 1407 1371 τὸ,
1435 1307 1531 1375 Μὴ
1598 1306 1861 1377 κληθῆτε

329 1399 540 1452 Ῥαεϐι.

379 1493 472 1556 Τὸ,
506 1493 739 1546 κλείετε
776 1489 887 1549 τὴν
912 1489 1238 1552 ,ϐασιλείαν
1284 1487 1401 1541 τῶν
1442 1488 1711 1557 οὐρανῶν
1758 1490 1861 1558 ἔμ-

308 1586 572 1651 προσθεν
601 1580 717 1635 τῶν
745 1581 1085 1649 ἀνθρώπων,
1116 1578 1272 1632 τοῦτο
1318 1579 1487 1647 λέγει,
1524 1581 1606 1634 ὃτι
1638 1581 1864 1642 Ἄλλους

305 1676 565 1736 κωλύετε,
610 1675 763 1728 αὐτοὶ
814 1675 885 1745 μὴ
931 1676 1316 1744 εἰσερχόμενοι.
1349 1672 1412 1725 Τί
1459 1674 1513 1726 δέ
1564 1676 1699 1737 ἐστι,
1724 1673 1863 1738 τοὺς

2040 1122 2207 1177 Vens.
2240 1124 2291 1178 9.
2339 1123 2550 1187 Diceris,
2586 1121 2793 1174 Patrem
2825 1123 2983 1174 nolite
3007 1137 3230 1185 vocare;
3270 1136 3388 1173 ‘non
3446 1120 3516 1173 ita

1968 1213 2189 1283 intelligi
2217 1213 2391 1278 debet,
2426 1214 2516 1267 sed
2572 1223 2627 1267 ιιι
2677 1221 3007 1282 cognoscant
3054 1213 3324 1280 praccich
3351 1227 3527 1276 mnu—-

1968 1314 2123 1365 trem,
2156 1302 2205 1354 iil
2238 1311 2320 1355 est
2345 1302 2533 1355 Deum.
2558 1299 2755 1354 Eodem
2792 1301 2952 1354 modo
2986 1298 3389 1369 intelligendum
3410 1308 3516 1362 est,

1969 1393 2146 1447 Nolite
2173 1411 2354 1448 vocare
2383 1393 2568 1446 Rubbi.

2040 1486 2201 1540 Vens.
2247 1487 2329 1540 l3.
2371 1485 2633 1541 Clauditis
2666 1500 2881 1553 regnum
2909 1482 3156 1537 cwlorum
3192 1491 3310 1535 ante
3345 1480 3515 1534 homi-

1970 1595 2079 1642 nes,
2114 1578 2269 1648 quasi
2300 1579 2523 1640 diceret,
2559 1576 2684 1647 quia
2729 1576 2865 1629 alios
2902 1574 3222 1644 prohibetis,
3259 1574 3357 1639 ipsi
3408 1587 3513 1626 non

1971 1668 2203 1722 intratis.
2245 1668 2383 1733 Quid
2430 1677 2513 1723 est
2556 1678 2734 1723 autem
2787 1667 2945 1721 illud:
3002 1664 3380 1719 lntroeuntes?
3429 1665 3517 1732 qui

304 1766 766 1834 εἰσερχομένους
787 1782 805 1830 ;
852 1766 988 1829 Τοὺς
1012 1766 1323 1833 ἐπιτηδείως
1346 1764 1562 1833 ἔχοντας
1583 1764 1855 1817 είσελθεῖν.

1970 1760 2126 1813 facile
2161 1760 2365 1813 intrare
2391 1768 2633 1826 possunt.
2671 1758 2954 1823 Quomodo
2978 1758 3327 1827 prohibebant
3359 1758 3381 1809 ?
3409 1758 3521 1809 nul-

305 1857 435 1920 Πῶς
463 1858 518 1910 δὲ
559 1856 829 1922 ὲκὼλυονς
860 1857 956 1910 Διὰ
986 1858 1045 1909 τὸ
1087 1857 1251 1925 μηδὲν
1289 1856 1485 1917 αὐτοὺς
1532 1854 1857 1924 ἐργάζεσθαι

304 1948 547 2015 ἀγαθον·
600 1949 837 2012 ἐκείνους
890 1946 996 2019 γάρ
1050 1948 1258 2017 βλέπων
1312 1950 1338 1999 ὁ
1392 1948 1517 2009 λαὸς
1564 1946 1860 2015 ὡμοιοῦντο

304 2041 513 2103 αὐτοῖς.

379 2134 470 2193 Τὸ,
502 2132 809 2200 Περιὰγετε
846 2129 961 2195 τὴν
993 2128 1311 2183 θάλασσαν
1354 2130 1453 2182 καί
1504 2128 1618 2195 τὴν
1670 2128 1860 2196 ξηρὰν

300 2223 553 2291 ποιῆσαι
600 2223 707 2276 ἕνα
754 2221 1175 2291 προσήλυτον·
1205 2220 1301 2274 καὶ
1348 2220 1430 2274 ὅτ’
1464 2220 1540 2273 ἂν
1597 2220 1857 2289 γένηται,

303 2312 526 2369 ποιεῖτε
569 2312 755 2366 αὐτὸν
800 2312 934 2365 υἱὸν
986 2312 1230 2379 γεέννης
1272 2309 1630 2378 διπλότερον
1664 2310 1858 2377 ὑμῶν,

301 2405 466 2459 τοῦτο
493 2404 659 2472 λέγει,
691 2404 772 2456 δτι
802 2403 921 2454 οὐδὲ
971 2402 1055 2456 διὰ
1087 2402 1149 2454 τὸ
1188 2401 1339 2471 μόλις
1390 2400 1551 2454 αὐτὸν
1584 2400 1854 2471 σαγηνειῦ⁹

306 2515 421 2558 σαι,
452 2497 545 2550 καί
580 2495 716 2566 μετὰ
761 2495 968 2565 μυρίων
999 2494 1177 2547 πόνων
1218 2492 1375 2545 τοῦτο
1424 2492 1577 2557 αὐτὸ,
1613 2492 1858 2558 φείδεσθε

301 2587 491 2651 αὐτοῦ,
518 2586 650 2642 ἀλλὰ
679 2585 1124 2657 παρασκευάζετε
1154 2586 1315 2637 αὑτὸν
1353 2584 1469 2637 υἱὸν
1504 2583 1729 2652 γεέννης
1772 2584 1861 2639 διὰ

300 2678 403 2745 τῆς
458 2678 610 2747 ὑμῶν
660 2677 914 2749 πράξεως
958 2676 1230 2745 γενέσθαι.
1276 2675 1367 2739 Τὸ,
1407 2675 1541 2730 υἱὸν
1586 2676 1856 2744 γεέννης,

300 2765 457 2835 δηλοῖ
483 2767 837 2835 αὑτογέενναν
860 2783 874 2798 ·
916 2768 1121 2836 ὥσπερ,
1140 2765 1280 2830 τοὺς
1313 2764 1483 2831 υιοὺς
1513 2765 1856 2833 ἀνθρώπων,

298 2858 430 2917 τοὺς
470 2857 809 2927 ἀνθρώπους.

373 2947 437 3000 Τί
471 2948 615 3001 ἐστιν
636 2948 715 3012 τὸ,
758 2948 1214 3001 Ἀποδεκατοῦτε
1243 2946 1309 3000 τὸ
1335 2948 1644 3013 ἡδύοσμον
1665 2947 1761 3001 καὶ
1789 2947 1854 2999 τὸ

297 3038 549 3105 ἄνηθον,
587 3038 679 3091 καὶ
710 3037 775 3089 τὰ
809 3038 935 3106 ἑξῆς
962 3055 974 3101 ;
1004 3039 1123 3090 Ὅτι
1155 3038 1223 3089 τά
1256 3038 1425 3107 μικρά
1452 3036 1852 3089 ἀποδεκατοῖΝ-

296 3147 418 3192 τες,
440 3129 505 3181 τά
524 3130 578 3181 δὲ
602 3128 809 3199 μεγάλα
836 3126 1083 3196 οὐδαμῶς
1113 3141 1128 3157 ·
1155 3127 1296 3180 ὥστε
1317 3126 1405 3179 διὰ
1427 3126 1486 3180 τὸ
1508 3128 1742 3197 φανῆναι
1770 3129 1855 3181 ὅτι

296 3220 397 3272 τὸν
442 3218 602 3286 νόμον
646 3218 961 3287 φυλάττετε,
990 3216 1050 3271 οὗ
1086 3216 1173 3271 διὰ
1218 3217 1276 3270 τδ
1309 3217 1413 3270 ἀπὺ
1443 3217 1619 3287 ψυχῆς
1660 3218 1845 3272 δοῦναι

300 3314 422 3365 ἐστι
452 3310 626 3365 τοῦτο.

388 3404 642 3473 Ὀδηγοὺς
666 3404 878 3472 τυφλῶν
910 3403 1063 3457 καλεῖ
1082 3402 1297 3466 αὐτοὺς,
1332 3403 1414 3457 ὅτι
1435 3402 1557 3456 οὔτε
1591 3403 1745 3457 αὐτοὶ
1798 3402 1857 3455 τὸ

297 3496 467 3549 καλὸν
509 3497 821 3561 ἐγίνωσκον,
855 3494 948 3548 καὶ
1012 3493 1199 3557 ἄλλους
1265 3493 1582 3564 ὁδηγοῦντες
1639 3494 1858 3548 ἐνέπαι-

298 3585 417 3649 ζον.
445 3586 695 3639 Κώνωπα
717 3586 972 3637 ἐκάλεσεν
997 3585 1121 3647 τοὺς
1145 3587 1485 3655 σωματικοὺς
1506 3586 1852 3656 καθαρμούς·

302 3677 480 3746 μικρὰ
507 3676 615 3743 γὰρ
635 3671 701 3743 ἦν
726 3676 818 3727 καὶ
846 3674 1016 3726 οὐδέν.
1051 3674 1310 3742 Κάμηλον
1342 3674 1418 3735 δὲ,
1450 3676 1550 3743 τὴν
1586 3676 1856 3745 κάθαρσιν

296 3766 399 3834 τῆς
444 3764 639 3833 ψυχῆς,
670 3764 806 3832 ὅπερ
846 3763 991 3815 ἐστὶν
1024 3764 1191 3833 ἀρετή
1219 3780 1235 3794 ·
1276 3764 1486 3831 μεγάλη
1552 3764 1659 3834 γάρ
1706 3766 1853 3817 ἐστιν

297 3855 396 3910 καὶ
442 3852 638 3923 ὑψηλὴ,
672 3846 739 3923 ἧς
782 3851 1011 3922 ⁴ἠμέλουν
1033 3852 1125 3903 καὶ
1157 3852 1339 3921 ἀφανῆ
1388 3852 1633 3917 ἰποίουν,
1666 3852 1852 3923 ὥσπερ

297 3942 760 4005 καταπεπωκότες
786 3944 852 3996 τὰ
886 3941 1113 4011 ψυχικά.

374 4035 597 4089 Μέλλων
631 4033 798 4100 δεῖξαι
824 4034 899 4094 ὡς
932 4036 996 4104 τῇ
1035 4033 1179 4087 ἔνδον
1200 4030 1535 4101 καθαρότητι
1566 4032 1855 4085 ἀκολουθτῖ

296 4130 397 4183 καὶ
453 4129 485 4197 ή
525 4126 646 4193 ἔξω,
678 4128 711 4196 ὴ
747 4126 803 4179 δὲ
852 4124 955 4190 ἔξω
991 4125 1173 4177 οὐκέτι
1221 4125 1286 4193 τῇ
1348 4122 1515 4191 ῐνδον,
1550 4122 1695 4191 λέγει
1746 4124 1853 4178 ἀπὸ

294 4214 741 4287 πράγματος,ὃτι
779 4211 1116 4280 Καθαρίζετε
1157 4212 1222 4265 τὸ
1268 4211 1382 4276 ἔξω
1427 4212 1531 4266 τοῦ
1562 4213 1851 4280 ποτηρίου

296 4308 394 4359 καὶ
420 4306 517 4371 τῆς
551 4305 902 4372 παροψίδος,
933 4304 1155 4359 ἔσωθεν
1184 4303 1253 4357 δὲ
1272 4303 1433 4373 γέμει
1457 4302 1732 4373 ἁρπαγῆς
1755 4305 1853 4357 καί

1963 1851 2072 1903 lum
2115 1853 2315 1902 bonum
2362 1849 2646 1914 faciendo;
2704 1864 2827 1902 nam
2867 1864 2963 1902 eos
2992 1848 3259 1917 aspiciens
3289 1849 3518 1917 populus

1962 1940 2297 1994 imitabatur.

2031 2123 2192 2179 Vens.
2216 2125 2299 2179 15.
2319 2122 2567 2179 Circuilis
2590 2140 2731 2177 mare
2750 2132 2799 2177 et
2822 2122 3027 2175 aridam
3055 2132 3108 2175 ut
3127 2124 3339 2192 faciatis
3355 2141 3514 2177 unum

1959 2220 2307 2287 proselylam;
2332 2229 2379 2272 et
2426 2234 2542 2270 cum
2572 2218 2728 2286 fuerit
2759 2218 2953 2286 factus,
2985 2218 3161 2287 facitis
3192 2234 3307 2271 eum
3345 2218 3514 2285 ﬁlium

1959 2308 2203 2379 gehennw
2243 2309 2402 2374 duplo
2426 2326 2582 2379 quam
2615 2326 2732 2373 vos;
2760 2310 2863 2364 hoc
2891 2310 3038 2376 dicit,
3064 2311 3189 2379 quia
3218 2326 3319 2362 non
3368 2319 3517 2379 post-

1960 2416 2123 2471 quam
2169 2416 2310 2471 aegre
2355 2402 2516 2455 istum
2550 2402 2826 2471 ceperitis,
2857 2411 3054 2456 etcum
3103 2402 3287 2456 mullis
3318 2402 3517 2455 labori-

1959 2492 2081 2557 lius,
2115 2493 2206 2546 illo
2226 2493 2530 2559 abstinetis,
2556 2495 2646 2549 sed
2674 2494 2873 2562 paratis
2901 2494 3049 2547 illum
3074 2493 3238 2547 lilium
3262 2492 3518 2562 gehennae

1960 2601 2056 2655 per
2086 2596 2322 2640 vestrum
2359 2586 2547 2655 agendi
2581 2586 2799 2639 modum
2836 2586 2968 2639 ﬁeri.
3008 2584 3208 2638 Filium
3253 2586 3515 2657 gehennw,

1960 2674 2100 2729 idem
2144 2686 2297 2731 sonat
2323 2691 2386 2731 ac
2427 2678 2727 2747 gehennam
2758 2676 2956 2747 ipsam,
2995 2684 3052 2730 ut
3092 2675 3184 2729 lilii
3216 2676 3514 2740 hominum,

1960 2766 2227 2821 homines.

2030 2948 2189 3003 Vens.
2220 2950 2309 3003 25.
2330 2949 2466 3015 Quid
2493 2961 2597 3013 est,
2622 2950 2893 3003 decimatis
2913 2949 3177 3002 mentitam
3198 2959 3245 3002 et
3269 2948 3512 3002 anethum

1956 3051 2009 3092 et
2034 3039 2280 3107 reliqua?
2317 3037 2453 3104 Quia
2494 3052 2655 3105 parva
2708 3038 3042 3092 decimantes
3092 3048 3269 3110 erant.
3318 3054 3511 3103 magna

1957 3140 2135 3185 autem
2173 3130 2426 3185 minime:
2464 3129 2536 3185 ita
2573 3138 2650 3193 ut,
2682 3142 2746 3183 an
2770 3129 3161 3184 ostendendum
3195 3130 3318 3197 quia
3343 3130 3510 3199 legem

1957 3222 2203 3285 servatis,
2236 3236 2341 3275 non
2364 3220 2427 3276 ad
2455 3220 2690 3275 dandum
2718 3234 2782 3275 ex
2815 3221 3019 3287 animo,
3044 3218 3146 3275 hoc
3174 3218 3406 3275 faciatis.

2028 3408 2193 3463 Vens.
2234 3406 2324 3460 ει.
2362 3405 2534 3460 Duces
2566 3420 2831 3461 ctecorum
2875 3414 3031 3460 vocat
3068 3420 3183 3467 eos.
3223 3406 3362 3475 quod
3406 3422 3511 3461 non

1959 3498 2062 3567 ipsi
2095 3499 2295 3552 bonum
2323 3492 2741 3566 cognoscebant,
2788 3504 2841 3549 et
2872 3495 3008 3551 alios
3060 3495 3320 3551 ducentes
3364 3495 3509 3549 deci-

1956 3588 2192 3658 piebant.
2214 3586 2453 3641 Culicem
2488 3594 2644 3640 vocat
2664 3590 2953 3655 corpbreas
2980 3586 3320 3651 ablutiones;
3347 3601 3508 3653 parva

1956 3679 2099 3733 enim
2124 3690 2278 3732 erant
2308 3685 2361 3731 et
2390 3678 2545 3746 quasi
2595 3678 2726 3730 nihil
2752 3719 2766 3741 ,
2797 3678 3061 3729 camelum
3093 3685 3271 3729 autem
3307 3677 3500 3729 anima:

1953 3766 2302 3829 ablutionem,
2330 3780 2448 3833 quae
2473 3766 2641 3818 virtus
2664 3772 2766 3818 est.
2798 3764 2981 3831 Magna
3017 3764 3160 3816 enim
3193 3773 3274 3817 est
3298 3773 3350 3818 et
3378 3764 3504 3829 alta,

1954 3869 2115 3924 quam
2139 3854 2475 3925 negligehant
2501 3862 2553 3907 et
2590 3852 2913 3907 invisibilem
2939 3854 3504 3925 laciebant,j’tanquam

1953 3943 2239 4013 glutientes
2260 3942 2572 4023 .spritualia.

2022 4032 2185 4087 Vens.
2204 4032 2602 4090 26.0siendere
2621 4034 2825 4090 debens
2851 4044 2934 4089 est
2956 4037 3357 4091 mundationem
3390 4039 3506 4107 ejus

1952 4124 2094 4193 quod
2134 4125 2278 4179 intus
2320 4133 2427 4189 est,
2459 4126 2611 4195 sequi
2663 4127 3065 4181 mundationem
3103 4130 3219 4197 ejus
3249 4130 3387 4196 quod
3426 4138 3508 4183 est

1953 4214 2105 4282 loris,
2140 4231 2246 4271 non
2266 4225 2443 4271 autem
2464 4216 2579 4271 vice
2604 4232 2778 4283 versa,
2810 4218 2941 4273 dicit
2966 4219 3029 4272 ad
3064 4234 3175 4272 rem
3195 4233 3213 4267 ε
3234 4218 3507 4273 Hnndatis

1953 4308 2093 4377 quod
2112 4309 2308 4376 deforis
2363 4318 2438 4362 est
2467 4309 2645 4362 colicis
2700 4321 2747 4362 et
2790 4311 3082 4377 paropsidis
3106 4325 3127 4372 ;
3154 4311 3293 4362 intus
3328 4320 3503 4363 autem

295 4397 532 4459 ἀδικίας
561 4412 577 4425 ο
618 4394 943 4461 καθάρισον
998 4394 1228 4461 πρῶτον
1270 4394 1336 4446 τὸ
1372 4393 1569 4457 ἔνδον,
1630 4395 1722 4447 καὶ
1781 4395 1847 4448 τὰ

1959 4398 2088 4464 pleni
2139 4400 2263 4451 estis
2308 4400 2495 4466 rapina
2557 4410 2605 4452 et
2647 4399 2993 4451 immunditiis
3025 4412 3044 4450 :
3088 4400 3281 4451 munda
3358 4403 3503 4469 prius

293 4486 443 4548 ἑξῆς.

371 4528 477 4627 igni.
510 4575 711 4643 τάφους
739 4574 1155 4643 κεκονιαμένους
1187 4574 1382 4641 λέγων,
1414 4577 1600 4645 ὅμοιον
1620 4576 1715 4630 τοῦ
1748 4595 1847 4630 πο-

292 4666 485 4736 τηρίου
519 4665 858 4735 νοηθήσεται,
882 4662 969 4718 διὰ
991 4664 1294 4730 κενοδοξίαν
1320 4666 1637 4736 λεγόμενον.

372 4849 739 4917 Οικοδομεῖτε
770 4850 907 4914 τοὺς
940 4849 1163 4919 τάφους
1214 4848 1331 4903 τῶν
1370 4849 1707 4917 προφητῶν.
1735 4851 1845 4921 Οὐχ

293 4942 372 5004 ὡς
404 4940 825 5008 οίκοδομούντων
849 4942 1126 5011 μνήματα,
1153 4940 1267 5011 άλλ’
1288 4938 1363 5004 ὡς
1384 4940 1845 5010 ἀντιποιουμένων

296 5031 478 5086 αὐτῶν
518 5032 611 5084 καὶ
638 5032 921 5101 λεγόντων,
951 5034 1029 5085 ὅτι
1060 5032 1121 5085 El
1168 5027 1310 5101 ἦμεν
1353 5032 1411 5083 ἐν
1444 5032 1563 5094 ταῖς
1612 5030 1847 5101 ἡμέραις

294 5122 493 5183 αὐτῶν,
524 5122 622 5174 οὐκ
658 5121 723 5173 ἂν
750 5118 891 5192 ἦμεν
939 5124 1183 5177 κοινωνοὶ
1226 5124 1339 5187 τοῖς
1374 5122 1643 5191 πατράσιν
1690 5121 1844 5193 ήμῶν

296 5214 357 5266 ιν
385 5214 496 5273 τοϊς
526 5211 752 5280 αῐμασιν
775 5212 970 5265 αὐτῶν.
1015 5212 1259 5279 Ἐποίουν
1301 5212 1357 5265 δὲ
1386 5210 1563 5277 τοῦτο,
1593 5212 1845 5282 κρείττοσ-

296 5321 388 5365 νες
427 5302 520 5355 καὶ
550 5302 740 5369 ἀγαθοὶ¹
778 5302 975 5370 μᾶλλον
998 5304 1104 5355 τῶν
1154 5304 1405 5372 πατέρων
1441 5302 1620 5355 αὐτῶν
1670 5302 1847 5373 φαίνε-

302 5396 422 5451 σθαι
458 5392 787 5464 βουλόμενοι.

370 5486 523 5548 Τίνος
554 5483 737 5536 ἓνεκεν
767 5483 1157 5551 καταγινώσκει
1189 5486 1367 5538 αὐτῶν
1406 5485 1481 5548 ὡς
1508 5484 1641 5537 νεῶν
1678 5484 1845 5539 ὄντων

295 5576 406 5630 τῶν
426 5572 790 5645 φονευσάντων
825 5574 945 5633 τοὺς
978 5576 1284 5643 προφήτας;
1306 5576 1423 5628 οὐδὲ
1458 5576 1565 5643 γὰρ
1597 5575 1846 5645 ἔγκλημα

296 5666 477 5733 τοῦτο,
500 5667 592 5720 ἐὰν
622 5663 694 5734 μὴ
726 5666 948 5731 κοινωνῇ
980 5666 1043 5731 τῇ
1071 5665 1259 5734 γνώμῃ
1294 5667 1385 5720 τοῦ
1422 5669 1676 5739 πατρὸςῤ
1709 5670 1840 5733 υἱός·

1950 4488 2086 4557 quod
2117 4490 2258 4541 intus
2278 4499 2385 4552 est,
2418 4498 2471 4541 et
2494 4489 2722 4557 reliqua.

2021 4577 2184 4631 Vens.
2214 4580 2304 4630 Ἦ.
2339 4579 2592 4645 Sepulcra
2617 4578 2859 4631 dealbata
2896 4593 3115 4642 vocans,
3169 4580 3502 4652 intelligetur

1947 4666 2133 4719 eodem
2176 4667 2337 4719 modo
2368 4680 2474 4734 quo
2509 4667 2727 4721 calicem
2766 4668 2919 4734 dicit,
2948 4671 3017 4725 ob
3053 4687 3241 4725 vanam
3275 4674 3499 4742 gloriam

1948 4756 2017 4809 ita
2050 4756 2281 4809 locutus.

2016 4844 2179 4900 Vens.
2210 4846 2299 4901 29.
2332 4845 2642 4917 ZEdiﬁcatis
2682 4850 2917 4919 sepulcra
2954 4855 3360 4922 prophetarum;
3390 4866 3494 4902 non

1945 4938 2088 5007 quod
2114 4938 2385 4993 aediﬁcent
2426 4952 2799 5010 monumenta,
2834 4946 2925 5001 sed
2954 4946 3097 5014 quod
3128 4961 3222 5013 per
3242 4943 3494 4997 ambitio—

1946 5044 2067 5085 nem
2096 5030 2316 5087 dicant:
2361 5034 2415 5088 Si
2451 5034 2741 5091 fuissemus
2790 5040 2841 5091 in
2896 5039 3087 5092 diebus
3135 5045 3343 5105 patrum
3390 5045 3463 5083 no

1946 5131 2203 5189 strorum,
2232 5140 2339 5179 non
2364 5142 2610 5183 essemus
2640 5131 2772 5183 socii
2794 5143 2977 5183 eorum
3003 5129 3052 5179 in
3080 5126 3337 5191 sanguine
3364 5138 3489 5190 pro-

1945 5216 2249 5284 plietarum.
2297 5216 2427 5272 lllud
2462 5230 2639 5273 autem
2686 5220 2950 5273 faciebant
2988 5215 3208 5269 volemlo
3244 5213 3494 5281 majores

1945 5314 1998 5360 et
2023 5308 2275 5363 meliores
2310 5310 2553 5377 patribus
2583 5310 2697 5364 suis
2726 5309 2909 5363 videri.

2019 5489 2176 5546 Vens.
2208 5492 2297 5546 3|.
2328 5492 2501 5559 Quare
2528 5493 2642 5544 illos
2668 5488 2840 5554 arguit
2871 5486 3012 5553 quod
3042 5488 3130 5541 lilii
3157 5491 3266 5543 sint
3288 5507 3477 5546 eorum

1945 5582 2037 5651 qui
2088 5583 2373 5651 prophetas
2412 5580 2754 5635 occiderunt?
2790 5596 2893 5633 non
2925 5581 3070 5633 enim
3102 5583 3257 5651 culpa
3298 5600 3486 5639 eorum

1946 5680 2047 5737 est,
2102 5673 2201 5725 nisi
2252 5670 2728 5726 communicaverit
2780 5671 3044 5729 voluntati
3106 5678 3270 5734 uatt‘is
3306 5679 3488 5736 ﬁlius:
