4138 6342
603 299 733 364 ll5l

1308 306 1695 367 OPUSCULA
1734 304 2358 366 SCRIPTURISTICA
2401 305 2743 365 INCERTE
2779 305 3080 366 ETATIS.

3665 301 3803 368 1152

604 409 1077 464 communicabant
1098 419 1275 464 autem
1295 413 1619 479 occidendo;
1643 413 1762 466 ideo
1785 413 1906 467 illos
1943 411 2141 481 arguit.

2278 410 2567 465 κοινὼνουν
2602 412 2658 464 δὲ
2691 412 3040 480 φονεύοντες·
3081 410 3171 465 διὰ
3203 409 3361 464 τοῦτο
3402 412 3675 482 μέμφεται
3700 415 3799 466 αύο

670 591 830 645 Vens.
875 591 962 644 3‘2.
998 590 1136 658 Quid
1186 602 1288 658 est,
1340 592 1561 662 Implete
1614 601 1665 648 et
1717 609 1803 647 vos
1853 608 2150 647 mensuram

595 691 802 748 patrum
857 693 1142 736 uestrorum
1171 685 1197 737 ι
1224 685 1340 738 Non
1385 683 1625 754 praecipit
1667 695 1724 738 ut
1747 685 2024 754 impleant,
2058 681 2151 736 sed

601 773 838 842 praedicit
863 774 1004 842 quod
1035 773 1276 829 futurum
1315 784 1420 840 est,
1449 776 1502 828 id
1533 783 1637 841 est,
1664 790 1820 830 suam
1849 776 2021 844 ipsius
2049 774 2153 827 itu-

600 863 966 918 molationem.

669 950 831 1006 Vens.
859 954 947 1007 33.
982 952 1092 1007 Cur
1130 952 1262 1007 dicit
1309 953 1426 1008 illos
1460 951 1734 1006 Genimina
1797 954 2096 1025 viperarum
2130 959 2157 1013 .’

598 1043 1127 1113 consanguinitatem
1179 1059 1272 1112 per
1321 1044 1577 1097 malitiam
1622 1044 1834 1111 innuit;
1881 1045 2035 1114 quasi
2070 1045 2154 1100 di-

598 1143 784 1189 ceret:
824 1133 980 1189 Sicut
1011 1136 1114 1189 iilze
1143 1136 1460 1204 parentibus
1512 1137 1719 1192 similes
1758 1148 1887 1192 sunt
1926 1154 2020 1207 per
2059 1153 2153 1194 ve-

599 1226 722 1285 neni
761 1226 959 1288 tabem.
1001 1227 1073 1279 ita
1101 1235 1152 1278 et
1196 1241 1289 1280 vos
1331 1228 1575 1296 patribus
1610 1227 1822 1295 vestris,
1869 1244 1965 1298 per
2007 1231 2156 1284 occi-

598 1317 786 1371 siones
815 1317 1021 1371 simiies
1058 1317 1211 1371 estis.

673 1404 833 1461 νω.
861 1407 950 1460 54.
984 1407 1056 1460 De
1093 1407 1291 1477 quibus
1329 1407 1459 1463 dicit
1491 1425 1506 1462 :
1541 1408 1674 1461 Ecce
1714 1425 1806 1478 ego
1844 1411 1995 1464 mitto
2030 1427 2158 1480 pro-

599 1496 780 1563 phetas
821 1506 868 1549 et
909 1498 1170 1562 sapientes
1210 1506 1258 1550 et
1297 1498 1538 1552 scribas?
1576 1500 1647 1552 De
1673 1502 1935 1568 apostolis
1966 1511 2021 1555 et
2063 1517 2157 1555 eo-

603 1602 722 1640 rum
747 1587 1050 1655 discipulis.
1076 1587 1207 1641 Nam
1247 1589 1400 1641 multi
1446 1604 1634 1643 eorum
1681 1591 2158 1659 prophetavcrunt.

2257 517 2406 565 τους.

2327 592 2394 644 Τί
2422 593 2567 644 ἐστιν
2583 591 3032 660 τδ,Πληρώσατε
3059 592 3154 646 καί
3180 591 3343 662 ὑμεῖς
3364 591 3431 646 τὸ
3447 590 3666 661 μέτρον
3687 590 3803 645 τῶν

2258 681 2523 752 πατέρων
2546 683 2751 752 ὑμῶν;
2781 686 2894 738 οὐκ
2932 685 3230 738 ἐπιτάττων
3262 683 3418 736 τοῦτό
3460 683 3802 754 φησιν,’άλλὸ

2261 774 2664 843 προαναφωνῶν
2698 776 2760 829 τὸ
2807 776 3083 846 ἒσόμενον,
3139 774 3283 828 τοῦτ’
3316 773 3464 828 ἔστιν
3509 774 3607 846 τὴν
3641 772 3803 826 αὐτοῦ

2261 881 2498 932 σφαγην.

2329 865 2498 1003 ΞΕ]
2512 950 2658 1019 λέγει
2672 952 2867 1016 αὐτοὺς
2884 951 3231 1020 Γεννήματα
3243 951 3523 1021 extarem
3544 950 3652 1021 Τὴν
3667 951 3805 1006 κατὰ

2259 1042 2456 1094 κακίαν
2489 1043 2805 1110 συγγένειαν
2835 1043 3223 1113 αἰνιττόμενος⁶
3255 1043 3330 1105 ὼς
3357 1043 3423 1096 ἂν
3452 1042 3658 1112 ῐλεγεν,
3719 1044 3807 1096 δτι

2263 1127 2472 1198 Ὠσπερ
2501 1130 2680 1182 ὲκείνα
2707 1130 2884 1186 ἔοικεν
2908 1134 3017 1193 τοῖς
3042 1130 3289 1199 γονεῦσιν
3319 1134 3460 1186 κατὰ
3489 1132 3589 1202 τὴν
3605 1130 3698 1185 τοῦ
3725 1130 3808 1184 ίοῦ

2262 1216 2458 1285 λύμην,
2492 1217 2636 1270 οὕτω
2667 1221 2762 1273 καὶ
2791 1222 2948 1292 ὑμεῖς
2976 1224 3086 1285 τοῖς
3132 1221 3285 1291 ὑμῶν
3313 1222 3550 1292 πατράσι
3581 1222 3720 1277 κατὰ
3747 1221 3809 1275 ea

2262 1309 2482 1379 φονικὸν
2519 1311 2751 1368 ἐοίκατε.
3447 1351 3451 1355 ι

2335 1399 2464 1469 Περὶ
2496 1401 2660 1454 ποίων
2683 1401 2831 1470 λέγει
2855 1419 2869 1435 ο
2891 1401 3046 1458 Ἰδοὺ
3069 1401 3182 1472 ἐγὼ
3202 1402 3557 1459 ἀποστέλλω
3579 1405 3812 1475 προφήο

2261 1505 2365 1555 τας
2394 1489 2490 1542 καί
2509 1491 2739 1560 σοφοὺς
2763 1493 2856 1546 καὶ
2881 1493 3231 1563 γραμματεῖς
3252 1511 3272 1560 ;
3298 1494 3433 1566 Περὶ
3453 1495 3561 1549 τῶν
3583 1495 3814 1568 ἀποστρο

2262 1575 2366 1628 λων
2425 1579 2518 1631 καὶ
2567 1581 2676 1633 τῶν
2733 1581 2986 1650 μαθητῶν
3019 1581 3198 1636 αὐτῶν
3220 1598 3236 1614 ’
3267 1582 3362 1637 καὶ
3389 1583 3498 1654 γὰρ
3533 1583 3718 1637 πολλοὶ
3752 1581 3814 1646 ιε

2263 1669 2442 1721 αὐτῶν
2481 1673 2910 1744 προεφήτευσαν.

674 1763 838 1818 Vens.
871 1766 960 1819 35.
1000 1767 1134 1831 Quis
1194 1776 1277 1822 est
1321 1771 1424 1822 iste
1453 1767 1743 1825 Zacharias
1782 1771 1850 1826 de
1889 1787 1998 1842 quo
2026 1775 2157 1829 dicit

2339 1763 2434 1824 Τίς
2465 1762 2521 1815 δέ
2555 1763 2700 1840 ἐστιν
2744 1755 2897 1827 οὗτος
2957 1765 2986 1817 ὸ
3038 1766 3309 1836 Ζαχαρίας
3340 1765 3467 1835 περὶ
3521 1758 3584 1819 οῦ
3637 1761 3817 1828 εῐπεν,

608 1853 778 1923 Usque
825 1856 893 1907 ad
926 1858 1231 1925 sanguinem
1272 1856 1550 1912 Zachariw
1575 1861 1676 1928 ﬁlii
1703 1861 2017 1918 Barac/tite!
2051 1866 2156 1920 Alii

603 1946 817 2013 quidem
861 1944 1084 2001 Joannis
1126 1957 1332 2014 patrem
1375 1950 1592 2018 dicunt;
1631 1952 1722 2006 alii
1765 1969 1892 2008 vero
1925 1957 2159 2025 propinc-

605 2043 742 2098 tam;
774 2035 989 2102 quidam
1021 2036 1251 2104 denique
1291 2038 1520 2092 alterum
1554 2041 1661 2093 duo
1698 2042 1914 2094 nomina
1953 2044 2158 2097 haben-

617 2133 722 2177 tem
749 2131 1106 2190 sacerdotem,
1138 2143 1296 2196 quem
1322 2129 1484 2182 etiam
1517 2127 1666 2184 Joda:
1691 2131 1972 2200 Scriptura
2005 2135 2158 2189 dicit.

674 2213 833 2270 Vens.
859 2217 944 2269 50.
979 2217 1134 2282 Illud,
1167 2217 1287 2271 Non
1315 2236 1394 2274 me
1421 2221 1661 2274 videbitis
1692 2224 1900 2288 amodo,
1933 2224 2001 2279 de
2034 2234 2163 2278 tem-

601 2323 730 2376 pore
782 2308 912 2363 dicit
967 2311 1108 2378 quod
1163 2321 1247 2366 est
1286 2327 1457 2379 usque
1508 2313 1574 2364 ad
1625 2313 2060 2379 crucilixionem;
2109 2323 2162 2368 et

603 2398 753 2461 illud,
786 2397 955 2451 Donec
1011 2400 1204 2452 dicatis
1239 2415 1256 2452 :
1291 2398 1601 2452 Benedictus
1651 2403 1741 2465 qui
1798 2403 1932 2454 venit
1974 2403 2029 2454 in
2062 2419 2157 2455 no-

604 2490 740 2541 mine
777 2488 1008 2553 Domini,
1056 2490 1122 2542 de
1167 2483 1424 2544 secundo'
1458 2490 1576 2559 ejus
1628 2493 1860 2548 adventu
1916 2494 2158 2550 dicitur:

606 2585 735 2634 tunc
759 2579 902 2632 enim
937 2595 1123 2634 omnes
1155 2581 1303 2634 illum
1335 2582 1658 2638 adorabunt.

1157 2722 1384 2779 CAPUT
1418 2723 1611 2779 XXIV.

677 2848 839 2905 Vens.
859 2851 940 2905 14.
963 2850 1102 2916 Quid
1127 2852 1308 2918 cst,ln
1332 2855 1684 2908 testimonium
1733 2856 1967 2910 omnibus
1995 2859 2166 2927 genti-

607 2939 699 2992 bus
716 2942 742 2993 ?
757 2942 892 3006 Quia
908 2942 1254 3010 praedicatum
1275 2953 1358 2999 est
1379 2944 1591 3012 quidem
1622 2945 1837 3016 ubique,
1859 2961 1962 3001 non
1984 2957 2161 3003 autem

606 3032 875 3086 creditum
909 3040 992 3089 est
1026 3035 1244 3104 ubique.

680 3122 1127 3190 Consummatio;
1184 3142 1314 3182 sane
1362 3126 1660 3184 Jerusalem
1713 3132 2162 3200 espngnationem

609 3211 836 3275 indicat,
864 3231 967 3269 non
997 3225 1174 3269 autem
1206 3218 1388 3271 mundi
1413 3219 1595 3273 linem.

677 3301 839 3356 Vens.
897 3306 985 3358 15.
1028 3306 1162 3370 Quid
1231 3316 1332 3370 est,
1392 3309 1728 3364 Abominatio
1796 3313 2167 3368 desolationis?

608 3389 843 3456 Efﬁgiem
868 3393 998 3446 dicit
1021 3395 1126 3447 Titi
1156 3398 1245 3462 qui
1279 3398 1465 3451 urbem
1491 3415 1727 3466 ceperat,
1758 3413 1810 3455 et
1835 3414 1958 3471 post
1995 3420 2166 3474 expu-

611 3490 834 3546 gnatum
868 3480 1166 3537 Jerusalem
1199 3495 1432 3559 statuam
1473 3504 1624 3542 suam
1655 3493 1846 3545 erexit.
1881 3493 2167 3548 Abomina-

612 3569 683 3619 tio
717 3569 1073 3633 desolationis,
1103 3571 1300 3640 efﬁgies
1337 3574 1481 3630 illius
1505 3578 1596 3644 qui
1645 3586 1771 3632 tunc
1797 3580 1981 3633 urbem
2028 3586 2168 3650 cepit

611 3658 845 3724 dicitur;
899 3660 1154 3714 desolatio
1194 3672 1371 3719 autem
1419 3676 1660 3733 vocatur,
1689 3670 1832 3738 quod
1893 3671 2167 3728 desolatus

610 3760 686 3800 est
722 3749 986 3804 civitatem
1017 3763 1069 3806 et
1105 3754 1383 3821 templum.

683 3838 841 3894 ὶέιις.
871 3840 958 3896 20.
1001 3842 1136 3908 Quid
1187 3853 1288 3910 cst,
1339 3845 1498 3901 Orate
1529 3858 1584 3901 ut
1647 3867 1748 3904 non
1787 3851 1883 3919 ﬁat
1941 3853 2066 3922 fuga
2111 3855 2164 3908 in

615 3928 778 3981 hieme
835 3931 910 3983 uel
969 3932 1240 3989 Sabbato?
1297 3935 1347 3988 in
1425 3937 1620 4001 hieme,
1677 3941 1746 3994 ob
1797 3942 2162 3997 diiﬁcultatem

611 4021 782 4087 fuga;
826 4023 878 4075 in
914 4022 1175 4088 Sahbato,
1205 4025 1274 4078 ob
1333 4027 1499 4096 legem
1546 4029 1917 4097 prohibentem
1953 4034 2052 4088 hac
2079 4034 2166 4088 die

613 4116 713 4164 iter
739 4112 938 4166 facere.

684 4201 847 4254 Vens.
887 4203 982 4254 22.
1023 4201 1160 4264 Quid
1210 4211 1312 4266 est,
1371 4202 1490 4256 Nisi
1529 4207 1746 4260 breviati
1791 4210 2013 4277 fuissent
2055 4212 2165 4264 dies

613 4293 720 4344 illi?
747 4292 800 4343 Si
835 4292 1024 4358 magis.
1053 4291 1245 4361 inquit,
1274 4293 1524 4350 durasset
1581 4298 2163 4368 bellumRomaaorum

2267 1852 2419 1918 Ἕως
2445 1853 2551 1906 τοῦ
2586 1854 2832 1920 αἵματος
2857 1856 3150 1923 Ζαχαρίου
3189 1857 3322 1909 υἱοῦ
3381 1857 3720 1924 Βαραχίου;
3750 1858 3817 1909 Οί

2268 1942 2367 2011 μὲν
2395 1947 2486 1996 τὸν
2523 1943 2768 1996 Ἰωάννου
2793 1944 3003 2014 πατέρα
3036 1945 3214 2012 φασίνο
3246 1945 3366 1999 οἶδὲ
3395 1946 3485 1998 τὸν
3509 1946 3816 2016 προφήτην

2263 2033 2314 2084 οί
2345 2033 2399 2085 δὲ
2428 2033 2612 2102 ἔτερόν
2653 2051 2772 2086 τινα
2820 2031 3086 2105 διώνυμον
3141 2036 3311 2106 ίερέα,
3366 2035 3426 2090 ὃν
3479 2037 3571 2089 καὶ
3625 2036 3812 2090 Ὶωδαέ

2268 2141 2431 2193 φησιν
2461 2125 2492 2195 ἠ
2517 2126 2729 2197 Γραφήο

2339 2214 2432 2280 Τὸ,
2474 2220 2555 2271 Οὐ
2577 2218 2663 2286 μὴ
2687 2218 2851 2286 ίδητε
2873 2220 2975 2275 ἀπ’
3013 2221 3164 2289 ἄρτι,
3191 2220 3317 2290 περὶ
3339 2217 3432 2272 τοῦ
3457 2218 3648 2289 καιροῦ
3668 2218 3820 2288 λέγει

2268 2307 2361 2360 τοῦ
2414 2312 2574 2382 μέχρι
2614 2312 2707 2365 τοῦ
2744 2313 3005 2383 σταυροῦ⁹
3060 2315 3119 2368 τὸ
3173 2314 3250 2378 δὲ,
3290 2315 3440 2379 Ἕως
3470 2313 3548 2368 ἂν
3585 2313 3819 2380 etanta,

2270 2400 2689 2468 Εὐλογημένος
2733 2407 2767 2458 ὁ
2811 2404 3131 2473 ἐρχόμενος
3171 2409 3239 2457 ἂν
3293 2404 3533 2472 ὀνόματι
3576 2403 3820 2470 Κυρίου.

2271 2489 2516 2560 περὶτῆς
2547 2492 2805 2563 δευτέρας
2833 2494 2998 2546 αὑτοῦ
3034 2493 3332 2562 παρουσίας
3364 2492 3529 2562 λέγει’
3559 2491 3680 2546 τότε
3711 2491 3821 2561 γὰρ

2271 2581 2466 2644 πάντες
2495 2583 2656 2636 αὑτὸν
2689 2586 3175 2654 προσκυνήσουσιν.

2829 2726 3076 2779 ΚΕΦΑΛ.
3129 2727 3255 2778 KA'.

2340 2851 2404 2904 Τί
2432 2855 2597 2917 ἐστιν,
2643 2854 2745 2918 Εὶς
2781 2853 3104 2920 μαρτύριον
3125 2849 3314 2907 πᾶσιν
3361 2850 3486 2917 τοῖς
3536 2851 3822 2915 ἕθνεσινξ

2273 2942 2394 2995 Ὀτι
2428 2942 2702 3014 ἐκηρύχθη
2755 2943 2852 3012 μὲν
2896 2942 3189 3013 πανταχοῦ,
3249 2943 3348 2996 οὐκ
3408 2942 3704 3014 ἐπιστεύθη
3764 2944 3823 2997 δι

2273 3033 2569 3103 πανταχοῦ.

2346 3124 2414 3177 Τὸ
2447 3123 2638 3188 τέλος·
2673 3125 2845 3195 ἦτοιή
2874 3123 2972 3193 τῆς
3009 3122 3358 3196 Ἰερουσαλὴμ
3382 3125 3603 3190 αλωσις,
3636 3123 3824 3193 φησιν,

2272 3215 2384 3268 ἀλλ’
2410 3216 2507 3284 οὐχ
2537 3217 2566 3285 ἡ
2596 3214 2685 3268 τοῦ
2718 3216 2924 3284 κόσμου
2961 3216 3262 3270 συντέλεια.

2339 3308 2404 3359 Τί
2441 3309 2587 3360 ἐστιν
2609 3310 2690 3372 τὸ,
2721 3307 3034 3374 Βδέλυγμα
3060 3307 3162 3372 τῆς
3195 3307 3573 3375 ἐρημώσεωςξ
3609 3309 3713 3361 Τὸν
3733 3311 3823 3362 άν-

2271 3399 2494 3466 δριάντα
2517 3398 2664 3463 λέγει
2694 3397 2851 3448 Τίτου
2876 3397 2969 3448 τοῦ
3010 3399 3220 3458 ἑλόντος
3245 3398 3345 3466 τὴν
3378 3399 3550 3460 πόλιν,
3575 3399 3634 3459 ὃς
3686 3400 3825 3466 μετὰ

2272 3487 2332 3538 τὸ
2364 3486 2552 3538 λαϐεῖν
2585 3488 2682 3554 τὴν
2750 3486 3102 3555 Ἰερουσαλὴμ
3130 3488 3353 3556 ἔστησεν
3392 3488 3452 3538 τὸ
3484 3487 3696 3541 εἴδωλον
3729 3491 3824 3541 αὑ-

2272 3576 2385 3628 τοῦ.
2417 3575 2730 3644 Βδέλυγμα
2785 3576 2841 3628 δὲ
2875 3575 3245 3643 ἐρημώσεως,
3282 3576 3371 3626 τὸν
3409 3574 3699 3644 ἀνδριάντα
3729 3577 3827 3627 τοῦ

2272 3666 2389 3719 τότε
2423 3666 2632 3730 ἑλόντος
2657 3668 2754 3737 τὴν
2781 3667 2932 3720 πόλιν
2954 3667 3103 3734 λέγει
3129 3683 3141 3695 ·
3193 3667 3537 3735 ἐρημώσεως
3592 3667 3651 3720 δὲ
3691 3668 3827 3721 αὐτὸ

2272 3754 2442 3823 λέγει,
2475 3757 2549 3820 ὼς
2580 3757 2936 3827 ἐρημώσαντα
2967 3757 3064 3828 τὴν
3105 3756 3256 3809 πόλιν
3286 3756 3376 3808 καὶ
3403 3757 3493 3810 τὸν
3531 3757 3676 3810 ναόν.

2341 3847 2404 3900 Τί
2438 3849 2580 3901 ἔστιν
2627 3849 2706 3913 τὸ,
2734 3848 3007 3912 Εῠεασθε
3043 3846 3127 3916 μὴ
3158 3849 3396 3922 γένηται
3438 3850 3476 3916 ἡ
3542 3848 3703 3918 φυγὴ
3756 3850 3827 3903 ἐν

2272 3940 2510 4008 χειμῶνι
2561 3940 2659 3992 καὶ
2720 3941 2795 3992 ἐν
2846 3940 3156 4008 Σαϐϐάτῳ;
3209 3943 3296 3993 Ἐν
3327 3927 3595 4011 χειμῶνι,
3652 3941 3739 3994 διὰ
3766 3944 3827 3994 τὲ

2273 4032 2527 4085 δύσκολον
2555 4034 2652 4101 τῆς
2679 4034 2883 4102 φυγῆς·
2917 4035 2974 4085 έν
3009 4034 3294 4104 Σαὸὅάτῳ,
3319 4034 3405 4087 διὰ
3436 4033 3528 4087 τὸν
3553 4035 3828 4089 κωλύοντα

2274 4122 2432 4188 νόμον
2463 4122 2665 4188 ὁδεύειν
2697 4125 2762 4191 τῇ
2793 4123 2974 4192 ἡμέρᾳ
2995 4123 3186 4191 ταύτῃ.

2344 4211 2406 4260 Τί
2455 4203 2720 4274 ἐστιντὸ,
2766 4212 2834 4262 Et
2880 4211 2965 4279 μὴ
3018 4212 3473 4279 ἐκολοϐώθησαν
3510 4215 3569 4266 at
3617 4213 3829 4282 ἡμέραι

2271 4299 2529 4362 heir-at;
2566 4299 2627 4350 El
2664 4301 2756 4352 ἐπὶ
2780 4299 2960 4362 πλέον,
2996 4302 3178 4370 φησιν,
3211 4302 3509 4370 ἐκράτησεν
3544 4306 3571 4356 ὁ
3595 4304 3829 4372 πόλεμος

619 4389 807 4430 contra
875 4381 1164 4447 civitatem,
1219 4399 1406 4441 Omnes
1462 4388 1747 4456 periissem
1793 4389 1982 4445 Judaei.
2059 4394 2162 4447 Sed

2275 4391 2381 4443 τῶν
2425 4391 2712 4460 Ῥωμαίων
2767 4392 2795 4443 ὁ
2850 4390 2991 4444 κατὰ
3034 4393 3134 4462 τῆς
3194 4393 3422 4458 πόλεως,
3484 4393 3723 4456 ἆπαντες
3760 4394 3828 4448 ἃ»

617 4481 833 4536 propter
861 4472 1057 4527 electos
1093 4475 1480 4532 hreviabuntur
1522 4480 1636 4534 dies
1661 4481 1774 4547 illi;
1819 4484 2019 4539 electos
2045 4485 2176 4539 dicit

621 4561 708 4628 qui
759 4562 868 4628 jam
923 4568 1087 4631 gratia
1146 4571 1507 4622 crediderant.
1565 4571 1673 4624 Cur
1741 4573 1807 4627 de
1871 4573 2172 4631 Jerusalem

615 4655 1004 4720 expugnatione
1033 4675 1136 4710 non
1182 4660 1429 4728 loquitur
1479 4659 1751 4718 Joannes?
1803 4663 1879 4719 Ne
1925 4668 2174 4722 videatur

617 4742 936 4806 quibusdam
987 4762 1050 4797 ex
1110 4747 1332 4800 historia
1385 4750 1663 4817 scripsisse
1712 4754 1812 4807 ista
1845 4765 1939 4809 aut
1979 4772 2042 4810 ex
2075 4773 2174 4812 au-

617 4831 749 4880 ditn.
800 4831 938 4883 Vixit
975 4834 1116 4886 enim
1151 4840 1331 4892 multis
1385 4843 1572 4906 annis;
1601 4842 1691 4895 sed
1725 4845 1815 4911 qui
1854 4857 1975 4901 ante
2003 4863 2174 4915 expu-

618 4923 921 4988 gnationem
949 4926 1140 4977 mortui
1171 4939 1341 4993 erant,
1383 4948 1501 5000 qua:
1541 4933 1639 5003 ipsi
1663 4948 1694 4986 a
1742 4933 1958 4991 Christo
1989 4940 2175 4992 audie-

621 5021 762 5074 rant,
791 5013 1150 5080 scripserunt.

703 5192 855 5246 Vens.
886 5196 974 5247 ‘23.
1002 5192 1264 5258 Quoniam
1298 5193 1431 5248 duas
1460 5198 1904 5271 interrogationes
1931 5206 2174 5273 protule-

627 5293 745 5332 rant
777 5284 839 5333 ad
875 5284 1144 5336 Christum
1174 5284 1447 5352 discipuli,
1500 5304 1658 5341 unam
1707 5293 1772 5346 de
1832 5309 2175 5349 consumma-

628 5373 770 5424 tione
796 5371 1116 5434 Jerusaletn.
1156 5376 1375 5428 alteram
1413 5377 1601 5429 deiine
1637 5385 1838 5444 mundi,
1891 5397 2172 5455 postquam

623 5463 688 5512 de
737 5461 1026 5517 Jerusalem
1084 5466 1450 5520 destructione
1505 5477 1557 5520 et
1608 5474 1960 5535 praecedentia
2021 5479 2173 5547 signa

626 5551 893 5617 patefecit,
925 5564 977 5605 et
1006 5573 1122 5622 qua:
1149 5558 1509 5611 calamitatem
1536 5562 1935 5618 comitulmntur
1962 5580 2012 5621 et
2029 5573 2173 5624 cala-

629 5643 826 5696 iniistis
854 5642 1286 5710 imincnsilatcin.
1313 5660 1364 5704 ct
1408 5649 1496 5705 Dei
1537 5661 1654 5717 post
1684 5652 2042 5710 calamitatem
2073 5662 2167 5713 be-

2277 4482 2552 4536 ἀπώλοντο
2592 4482 2853 4535 Ἰουδαῖοι.
2879 4485 2975 4537 Διὰ
3008 4483 3064 4536 δὲ
3088 4486 3210 4546 τοὺς
3241 4484 3529 4548 ἐκλεκτοὺς
3568 4486 3811 4539 ὲκολοῦὠ

2277 4572 2446 4636 θησαν
2467 4573 2521 4624 αί
2552 4572 2758 4643 ἡμέραι
2805 4574 3011 4626 ἐκεῖναι
3035 4588 3048 4602 ⁸
3105 4573 3391 4637 ἐκλεκτοὺς
3414 4575 3558 4643 λέγει
3604 4576 3730 4638 τοὺς
3761 4581 3828 4646 τῇ

2277 4664 2454 4732 χάριτι
2490 4662 2588 4732 ήδη
2626 4661 3042 4724 πιστεύσαντας.
3071 4664 3169 4714 Διὰ
3191 4663 3242 4714 τί
3270 4664 3399 4731 περὶ
3442 4664 3540 4732 τῆς
3571 4663 3829 4728 ἁλώσεως

2285 4753 2639 4823 Ἰερουσαλὴμ
2667 4755 2726 4805 οὑ
2751 4753 2896 4820 λέγει
2935 4754 3222 4822 Ἰωάννης;
3264 4754 3382 4807 Ἵνα
3417 4754 3493 4824 μὴ
3525 4753 3651 4823 δόξῃ
3684 4755 3830 4808 τισὶν

2275 4845 2379 4894 ἀπὸ
2405 4844 2500 4912 τῆς
2537 4845 2772 4912 ἱστορίας
2799 4843 3130 4912 γεγραφέναι
3155 4843 3327 4895 ταῦτα
3366 4843 3398 4912 ἢ
3435 4843 3508 4906 ὡς
3546 4844 3782 4907 ἀκούσας
3813 4861 3830 4876 ο

2277 4931 2432 4999 ἔζησε
2486 4933 2592 5001 γὰρ
2634 4933 2792 5000 μέχρι
2824 4933 3040 4985 πολλοῦ.
3109 4932 3272 4984 Ἀλλὰ
3319 4933 3368 4984 οἱ
3418 4933 3524 5002 πρὸ
3552 4933 3652 5002 τῆς
3685 4935 3832 4987 ά.λὼ-

2278 5041 2411 5084 σεως
2456 5022 2890 5090 τελευτήσαντες,
2924 5020 3066 5074 αὐτοὶ
3103 5023 3137 5075 ἃ
3191 5023 3427 5092 ἥκουσαν
3481 5024 3544 5075 ὲκ
3588 5025 3831 5093 Χριστοῦ

2276 5113 2633 5180 γεγράφασιν.

2357 5203 2574 5273 Ἐπειδὴ
2595 5203 2685 5255 δύο
2733 5204 3028 5270 ἐρωτήσεις
3074 5205 3451 5272 προσήνεγκαν
3495 5207 3542 5258 oi
3590 5207 3834 5277 μαθηταὶ

2274 5295 2350 5364 τῷ
2379 5297 2618 5367 Χριστῷ,
2661 5296 2791 5365 μίαν
2825 5296 2951 5364 περὶ
2979 5298 3073 5363 τῆς
3109 5298 3417 5358 συντελείας
3449 5299 3557 5351 τῶν
3600 5299 3824 5369 Ἱεροσο-

2274 5387 2479 5454 λύμων,
2503 5390 2597 5440 καὶ
2621 5389 2810 5454 ἑτέραν
2847 5388 2972 5454 περὶ
3000 5387 3096 5454 τῆς
3139 5391 3443 5453 συντελείας
3470 5392 3565 5443 τοῦ
3598 5394 3834 5459 κόσμου,

2275 5479 2440 5529 εἰπὼν
2469 5481 2592 5548 περὶ
2614 5480 2715 5548 τῆς
2738 5478 2841 5530 τῶν
2881 5478 3262 5546 Ἰεροσολύμων
3303 5483 3370 5533 τά
3414 5500 3470 5534 τε
3520 5483 3831 5551 προάγοντα

2279 5571 2496 5635 σημεῖα,
2531 5569 2623 5621 καὶ
2661 5569 2725 5620 τὰ
2759 5569 2814 5618 ὲν
2847 5566 2992 5636 αὖτῷ
3020 5567 3097 5636 τῷ
3128 5569 3308 5634 πάθει,
3355 5571 3446 5623 καὶ⁵
3471 5570 3565 5638 τὴν
3601 5568 3811 5636 ὑπερσο

2277 5658 2369 5727 λὴν
2401 5658 2490 5710 τοῦ
2524 5661 2740 5722 πάθους,
2779 5657 2870 5712 καὶ
2892 5657 2986 5728 τὴν
3013 5659 3148 5728 μετὰ
3170 5660 3225 5712 τὸ
3258 5660 3420 5721 πάθος
3445 5659 3536 5711 ἐπὶ
3574 5660 3638 5725 τῇ
3672 5657 3816 5710 κολο-
