4138 6342
366 341 506 406 1153

1340 342 1659 405 SCl-IOLIA
1702 341 1995 402 VETERA
2034 339 2114 400 IN
2156 339 2617 400 MATTH/EUM.

3419 342 3556 401 1154

362 453 532 506 σώσει
558 451 665 505 τῶν
689 453 907 522 ἡμερῶν
934 452 1155 507 ἐκείνων
1186 452 1591 524 φιλανθρωπίαν
1626 452 1719 506 τοῦ
1750 452 1906 517 Θεοῦ,

2012 450 2365 505 nevolentiam
2403 451 2455 504 in
2492 448 2782 505 breviando
2798 448 2913 503 dies
2941 448 3082 515 illos,
3101 464 3244 504 nunc
3270 452 3460 505 transit
3490 448 3555 505 ad

362 540 461 595 νῦν
494 540 802 610 μεταϐαίνει
838 541 930 594 καὶ
955 544 1044 594 ἐπὶ
1077 542 1174 611 τὴν
1202 541 1293 594 τοῦ
1330 544 1533 611 κόσμου
1571 541 1907 593 συντέλειαν·

359 631 425 684 τὺ
446 630 524 693 δέ,
556 632 711 699 τότε,
736 631 837 683 οὐκ
870 631 1014 682 ἔστιν
1035 630 1362 700 ἐμφαντικὸν
1398 630 1491 683 τοῦ
1524 632 1660 699 μετά
1702 632 1783 695 τὸ,
1823 632 1911 683 εὑ-

363 723 525 789 θέως,
553 723 701 782 ἀλλὰ
721 724 879 793 μόνον
900 722 1090 792 καιροῦ
1130 722 1534 792 παραστατικόν
1576 723 1722 774 ἐστιν
1770 722 1910 774 ἐκεί·

362 830 478 877 νου,
514 814 635 867 καθ’
670 814 728 867 ὃν
780 813 849 865 τά
890 812 1233 883 ῥηθησόμενα
1276 811 1461 880 μέλλει
1505 811 1777 878 γίνεσθαι·
1812 810 1909 862 καὶ

359 907 538 977 τούτῳ
566 908 828 977 κέχρηται
846 904 1101 968 πολλάκις
1127 903 1203 974 τῷ
1233 902 1481 972 ίδιώματι
1504 905 1536 974 ἡ
1559 902 1649 955 τοῦ
1666 903 1908 969 Εὑαγγε-

361 996 478 1049 λίου
509 998 717 1067 Γραφή.

438 1084 736 1157 Πληρώσας
792 1086 917 1154 περὶ
961 1084 1067 1137 τῶν
1111 1080 1512 1153 Ἰεροσολύμων,
1540 1080 1619 1142 είς
1644 1080 1751 1148 τὴν
1780 1080 1907 1131 έαυ-

360 1174 457 1228 τοῦ
486 1176 747 1227 διαϐαίνει
797 1174 1050 1240 δευτέραν
1102 1172 1421 1243 παρουσίαν,
1459 1172 1550 1223 καὶ
1598 1169 1746 1235 λέγει
1797 1172 1908 1231 τοῖς

365 1264 635 1333 μαθηταῖς
677 1265 744 1316 τά
776 1267 975 1333 σημεῖα
998 1279 1011 1292 ³
1057 1258 1193 1323 εἶτα,
1232 1264 1389 1324 Τότε,
1444 1262 1628 1329 φησὶν,
1657 1258 1765 1312 ἐάν
1822 1276 1908 1324 τις

360 1354 524 1421 διπῃ,
556 1348 694 1406 Ὧδε
746 1357 778 1407 ὀ
836 1354 1105 1419 Χριστὸς,
1152 1352 1236 1419 μὴ
1292 1352 1671 1417 πιστεύσητε.
1710 1350 1783 1401 Τὸ
1828 1350 1905 1413 δέ,

361 1446 514 1507 τότε,
552 1445 611 1497 οὐ
645 1445 741 1513 τῆς
770 1443 1085 1505 ἀκολουθίας
1126 1443 1240 1495 ἐστὶ⁸
1276 1440 1369 1494 τοῦ
1409 1440 1620 1510 καιροῦ,
1673 1440 1807 1492 ἀλλά
1839 1439 1908 1491 τὰ

360 1536 453 1587 τοῦ
480 1535 598 1588 τότε
630 1532 818 1604 καιροῦ
844 1535 995 1603 μόνα·
1020 1533 1150 1585 ὅπου
1178 1534 1283 1603 γὰρ
1316 1531 1635 1585 ἀκολουθίαν
1660 1530 1906 1582 ἐϐούλετο

361 1626 540 1677 εἰπεῖν
600 1624 678 1688 τὸ,
731 1624 949 1689 εὐθέως,
991 1621 1156 1689 λέγειν
1187 1620 1418 1674 ἐνταῦθα
1474 1620 1529 1673 δέ
1562 1621 1659 1689 οὐχ
1712 1620 1903 1683 οὔτως,

360 1716 495 1769 ἀλλά
524 1715 601 1779 τὸ,
628 1714 781 1767 τότε.
804 1712 959 1768 Οὕτω
985 1714 1077 1767 καὶ
1119 1711 1194 1765 ὅτ’
1227 1711 1291 1764 ἂν
1316 1711 1467 1782 λέγει’
1514 1713 1615 1763 Ἐν
1652 1710 1917 1788 ἐκείναις.

2010 542 2194 595 mundi
2215 542 2395 596 tinem.
2418 542 2528 595 Vox
2545 548 2723 594 autem
2756 540 2981 593 illatum:
3000 556 3104 594 non
3134 540 3400 608 signiﬁcat
3435 552 3559 611 post

2009 630 2113 684 hoc
2138 632 2343 694 statim,
2376 630 2660 685 sedsolum
2706 629 2908 684 indicat
2966 640 3178 699 tempus
3234 632 3385 695 illud,
3450 648 3560 701 quo

2006 719 2095 775 illa
2124 735 2241 788 qua:
2267 720 2513 774 dicturus
2550 728 2631 773 est
2659 718 2852 772 debent
2877 719 2989 772 lieri
3014 738 3027 773 :
3056 731 3108 774 et
3134 721 3222 774 illa
3244 722 3441 792 saepius
3464 738 3561 776 usa

2006 816 2089 862 est
2130 807 2519 889 signiﬁcatione
2543 806 2813 877 Evangelii
2842 809 3142 877 Scriptura.

2077 1080 2210 1132 Cum
2234 1081 2583 1149 compleverit
2617 1096 2738 1150 quae
2761 1081 2827 1135 de
2880 1079 3249 1151 Jerosnlymis,
3283 1084 3347 1137 ad
3397 1099 3557 1139 suum

2006 1171 2199 1224 transit
2216 1172 2509 1225 secundum
2526 1172 2837 1235 adventum,
2861 1173 3053 1226 etdicit
3072 1174 3352 1241 discipulis
3380 1169 3555 1243 signa.

2008 1259 2230 1324 Deinde,
2284 1260 2446 1325 Tunc,
2477 1262 2672 1329 inquit,
2720 1263 2764 1314 si
2797 1264 2909 1331 quis
2946 1264 3083 1315 vobis
3109 1265 3297 1317 dixerit
3320 1266 3457 1328 ,Hic
3480 1276 3556 1318 est

2006 1349 2267 1417 Christus,
2297 1351 2457 1403 nolite
2492 1333 2719 1412 credere,
2752 1350 2839 1403 Illa
2862 1367 2976 1415 ⁵νοι
3018 1360 3158 1416 tunc,
3191 1368 3294 1406 non
3351 1361 3561 1422 tempus

2005 1444 2252 1509 proxime
2282 1456 2514 1509 sequens
2542 1442 2817 1509 exprimit,
2846 1442 2937 1494 sed
2978 1443 3317 1497 solummodo
3348 1452 3558 1511 tempus

2003 1532 2143 1598 quod
2175 1542 2358 1600 postea
2411 1541 2540 1586 tunc
2576 1532 2868 1599 continget.
2902 1530 3035 1585 Nam
3070 1533 3161 1585 ubi
3190 1541 3398 1602 tempus
3431 1547 3558 1600 pro-

2004 1623 2145 1676 xime
2201 1637 2434 1689 sequens
2488 1623 2598 1676 vult
2676 1621 3005 1691 signiﬁcare,
3030 1623 3207 1675 statim
3243 1632 3429 1688 sonat;
3474 1623 3562 1676 hic

2005 1719 2186 1764 autem
2221 1725 2328 1763 non
2358 1710 2452 1773 ita,
2491 1709 2582 1763 sed
2613 1719 2732 1761 tunc
2765 1710 2940 1764 habet.
2976 1710 3067 1763 Sic
3091 1726 3307 1779 quoque
3328 1712 3433 1764 dici
3467 1726 3561 1779 po-

360 1808 488 1873 τιιῖς
546 1807 793 1875 ἡμέραις
850 1807 1233 1875 παραγίνεται
1296 1804 1583 1869 Ἰωάννης·
1626 1801 1801 1853 καίτοι
1845 1816 1907 1867 γε

2013 1808 2150 1853 test:
2196 1798 2259 1853 In
2289 1799 2399 1852 illis
2454 1799 2765 1867 temporibus
2804 1800 2937 1852 venit
2995 1798 3263 1863 Joannes;
3324 1809 3559 1853 attamen

363 1900 563 1970 μεταξὺ
590 1901 810 1967 γέγονεν
841 1900 955 1965 ῐτη·
986 1894 1097 1948 ἀλλ’
1126 1894 1243 1955 ἔθος
1271 1895 1336 1961 τῇ
1368 1892 1555 1961 Γραφῇ
1606 1888 1777 1958 τούτῳ
1814 1905 1905 1940 κε-

361 1991 592 2061 χρῆσθαι
640 1991 737 2060 τῆς
767 1989 1001 2059 ἱστορίας
1054 1985 1131 2055 τῷ
1159 1984 1365 2056 τρόπῳ.
1397 1982 1549 2033 Οὕτω
1577 1980 1640 2049 δὴ
1678 1981 1769 2032 καὶ
1818 1981 1906 2031 ὲν-

357 2083 552 2146 ταῦθα,
576 2084 666 2135 τὸν
702 2081 862 2150 μέσον
885 2080 1099 2133 ἅπαντα
1125 2076 1313 2146 χρόνον
1353 2072 1638 2142 παρελθὼν
1661 2071 1768 2123 ἀπὸ
1806 2071 1903 2138 τῆς

360 2172 612 2232 ἁλώσεως
636 2169 742 2221 τῶν
783 2165 1167 2237 Ἱεροσολύμων
1199 2164 1302 2224 ἐως
1330 2161 1437 2213 τῶν
1470 2160 1769 2229 προοιμίων
1805 2158 1903 2226 τῆς

361 2260 667 2323 συντελείας
713 2259 808 2311 τοῦ
846 2257 1153 2325 σύμπαντος
1184 2256 1387 2321 κόσμου
1418 2250 1589 2315 λέγει,
1623 2248 1757 2300 Τότε
1798 2245 1907 2299 ἐάν

358 2370 449 2419 τις
472 2351 612 2419 ὑμῖν
628 2351 789 2416 eum,
814 2347 904 2401 ὅτι
928 2342 1068 2401 Ὧδε
1096 2348 1127 2398 ό
1150 2343 1424 2411 Χριστός.

429 2445 549 2508 Πῶς
574 2445 792 2513 νοητέον
815 2442 896 2506 τὸ,
927 2440 1111 2492 Ὅπου
1148 2436 1215 2489 τὸ
1252 2434 1477 2503 πτῶμα,
1509 2431 1709 2485 ἐκεῖθι
1746 2431 1904 2486 ἀετοὶ

358 2533 849 2601 συναχθήσονται
871 2546 888 2590 ς
916 2526 1081 2581 Τοῦτό
1108 2528 1274 2586 ἐστιν,
1298 2524 1356 2575 τὸ
1387 2522 1590 2590 πλῆθος
1614 2520 1719 2572 τῶν
1739 2520 1907 2587 ἀγγέ-

358 2625 466 2677 λῶν
500 2623 591 2676 καὶ
624 2620 729 2674 τῶν
755 2617 1041 2689 μαρτύρων
1071 2615 1163 2668 καὶ
1196 2612 1301 2667 τῶν
1330 2612 1502 2680 ἀγίων
1529 2611 1743 2665 πάντων
1772 2608 1907 2677 μετὰ

358 2710 595 2782 Χριστοῦ
622 2709 1030 2779 εὑρεθήσονται.

433 2800 665 2865 Εὐθέως
695 2797 763 2850 δὲ
804 2796 953 2865 μετὰ
980 2794 1093 2861 τὴν
1130 2793 1338 2861 θλίψιν
1365 2790 1481 2844 τῶν
1510 2788 1743 2857 ἡμερῶν
1762 2788 1908 2841 ὲκεί-

358 2910 503 2957 νων,
524 2894 556 2945 ό
581 2889 754 2958 ἣλιος
771 2884 1325 2956 μεταστραφήσεται
1354 2884 1438 2946 είς
1462 2878 1621 2949 αἷμα.
1654 2879 1790 2931 Πότε
1819 2878 1908 2929 λέ-

359 3002 482 3053 γει;
534 2981 686 3036 Μετά
729 2980 826 3049 τὴν
873 2977 966 3031 τοῦ
1030 2976 1391 3045 Ἀντιχρίστου
1452 2972 1680 3023 ἐλευσιν.
1722 2966 1827 3021 Καὶ
1875 2969 1908 3019 ό

362 3076 534 3143 ἣλιος
568 3071 1049 3136 σκοτισθήσεται·
1102 3068 1200 3119 οὐκ
1228 3064 1636 3132 ἀφανιζόμενος,
1676 3060 1807 3113 ἀλλά
1829 3076 1908 3110 νι-

360 3167 605 3235 κώμενος
625 3163 702 3233 τῷ
717 3161 855 3229 φωτὶ
868 3161 963 3229 τῆς
990 3159 1285 3227 παρουσίας
1316 3154 1501 3209 αὑτοῦ.
1535 3153 1610 3206 Τὰ
1632 3152 1699 3204 δὲ
1720 3152 1909 3217 ἄστρα

362 3254 651 3317 πεσεῖται,
708 3252 790 3305 ὅτι
839 3252 938 3302 οὐκ
974 3248 1121 3300 ἔσται
1170 3246 1344 3299 αὐτῶν
1389 3243 1544 3313 χρεία
1592 3240 1780 3302 νυκτὸς
1811 3240 1909 3292 ου’-κ

361 3345 549 3415 οὔσης·
577 3344 610 3413 ἢ
646 3343 841 3414 μᾶλλον
865 3340 924 3393 οὑ
976 3340 1240 3400 πεσεῖται,
1270 3334 1405 3387 ἀλλά
1444 3333 1520 3401 τῷ
1552 3331 1689 3399 φωτὶ
1731 3332 1909 3398 ἀμαυ-

365 3437 695 3509 ρωθήσεται,
728 3432 801 3496 ὡς
839 3430 1078 3501 νομίζειν
1113 3429 1317 3489 πεσεῖν,
1344 3423 1526 3485 καθὼς
1564 3422 1655 3475 καὶ
1682 3422 1709 3473 ό
1739 3420 1907 3489 ἥλιος.

436 3529 569 3597 Περὶ
608 3525 761 3578 ποίου
803 3522 1027 3593 σημείου
1076 3520 1242 3585 λέγει,
1293 3518 1373 3570 ὅτι
1412 3515 1707 3584 φανήσεται
1750 3514 1805 3564 ἐν
1836 3510 1909 3579 τῷ

361 3619 577 3691 οὐρανῷ
602 3635 619 3683 ;
651 3616 785 3684 Περὶ
812 3612 906 3665 τοῦ
946 3608 1198 3679 σταυροῦ·
1237 3610 1376 3662 ὥστε
1401 3605 1494 3658 τοῦ
1520 3605 1669 3673 ἡλίου
1694 3601 1913 3670 φαιδρό-

364 3725 519 3779 τερος
552 3707 739 3758 ἔσται’
777 3705 1070 3770 φανήσεται
1102 3698 1158 3751 δὲ
1187 3697 1282 3766 τὴν
1311 3697 1417 3748 τῶν
1478 3693 1741 3746 Ἰουδαίων
1792 3692 1914 3742 ἐπι-

365 3795 635 3864 στομίζων
662 3792 864 3845 ἄνοιαν.

446 3883 850 3938 Ἀναστὰντων
900 3875 1309 3937 συλλέξουσιν
1366 3873 1603 3940 ἄγγελοι
1630 3886 1644 3901 ν
1684 3866 1907 3922 συλλέ-

365 3990 581 4047 γοντας
603 3972 670 4024 δὲ
697 3967 937 4036 νεφέλαι
961 3964 1353 4030 ἀρπάξυυσιν.

438 4067 569 4133 Περὶ
606 4060 760 4121 ποίας
792 4058 983 4125 γενεᾶς
1012 4052 1183 4115 εἶπεν,
1222 4052 1300 4104 ὃτι
1338 4048 1518 4117 Οὐιιὴ
1563 4047 1828 4113 παρέλθῃ
1871 4045 1909 4110 ἢ

364 4156 539 4227 τενεά
586 4152 757 4217 αὕτη,
788 4149 899 4212 ἕως
954 4146 1029 4200 ἂν
1069 4144 1259 4197 πάντα
1308 4141 1493 4194 ταῦτα
1530 4138 1798 4205 Territat;
1835 4136 1908 4188 Οὐ

367 4248 493 4318 περὶ
522 4248 620 4314 τῆς
650 4243 770 4295 τότε
797 4240 987 4307 γενεᾶς
1020 4236 1191 4289 ταῦτα
1236 4234 1405 4301 λέγει,
1461 4232 1593 4285 ἀλλά
1647 4231 1775 4298 περὶ
1816 4231 1912 4297 τῆς

366 4341 472 4394 τῶν
510 4334 733 4389 πιστῶν.
758 4326 908 4384 Οἶδεν
947 4330 1056 4397 γὰρ
1110 4324 1299 4393 γενεὰν
1351 4326 1450 4376 οὐκ
1499 4322 1606 4374 ἀπὸ
1658 4324 1758 4390 τῆς
1805 4319 1913 4372 τῶν

2010 1891 2214 1943 interea
2252 1890 2379 1943 anni
2417 1888 2779 1944 etlluxerant:
2841 1891 2933 1942 sed
2968 1905 3092 1943 mox
3143 1899 3228 1943 est
3256 1891 3554 1957 Scriptum

2009 1980 2085 2033 uti
2116 1980 2216 2031 hac
2270 1978 2594 2031 narrationis
2646 1976 2834 2030 forma.
2886 1979 2961 2031 lta
2984 1978 3055 2030 ibi
3101 1977 3260 2031 etiam
3308 1979 3559 2032 amittens

2007 2083 2167 2120 omne
2210 2076 2421 2134 tempus
2443 2067 2511 2118 ab
2528 2066 2921 2134 expugnatione
2951 2065 3249 2141 Jerusalem
3287 2083 3459 2135 usque
3473 2071 3555 2127 (ad

2007 2155 2159 2209 initia
2229 2156 2713 2210 consummationis
2788 2156 3022 2209 universi
3084 2156 3303 2221 mundi,
3387 2158 3557 2211 dicit:

2010 2245 2173 2311 Tunc,
2201 2248 2378 2316 siquis
2411 2247 2554 2299 nobis
2585 2246 2814 2299 dixerit:
2842 2245 2941 2299 llic
2973 2256 3047 2299 est
3078 2247 3336 2302 Christus.

2085 2427 2250 2481 Vens.
2286 2425 2375 2479 28.
2434 2424 2715 2491 Quomodo
2772 2424 3209 2494 intelligendum;
3262 2424 3361 2478 Ubi
3402 2426 3563 2494 fueris

2007 2534 2214 2587 corpus,
2248 2518 2359 2571 illic
2390 2518 2839 2587 congregabantur
2867 2525 2915 2567 et
2953 2514 3181 2584 aquila?
3212 2516 3267 2568 ld
3300 2525 3400 2580 est,
3426 2518 3564 2569 mul-

2008 2614 2179 2666 titudo
2246 2612 2556 2681 angelorum
2609 2619 2663 2664 et
2742 2610 2983 2664 omnium
3054 2620 3363 2663 sanctorum
3433 2625 3555 2664 cum

2008 2704 2221 2759 Christo
2236 2703 2593 2757 invenientur.

2084 2794 2242 2849 Vens.
2289 2793 2378 2846 29.
2419 2791 2615 2845 Statim
2648 2800 2819 2845 autem
2861 2802 2980 2861 post
3031 2790 3421 2845 tribulationem
3447 2792 3557 2845 die-

2009 2901 2125 2936 rum
2193 2883 2424 2945 illorum,
2471 2882 2550 2934 sol
2608 2891 2931 2934 convertatur
2974 2883 3026 2934 in
3046 2884 3371 2949 sanguinem;
3425 2885 3561 2951 forte

2010 2976 2136 3027 dicit
2156 2982 2270 3040 post
2298 2973 2615 3027 Anteeltristi
2641 2974 2939 3025 adventum.
2967 2971 3034 3024 Et
3066 2972 3143 3023 sol
3173 2972 3562 3038 obscurabitur;

1956 3115 1977 3137 η
2015 3082 2118 3119 non
2144 3065 2430 3118 invisibilis
2470 3064 2773 3127 factus,sed
2812 3069 3096 3131 superatus
3130 3062 3331 3117 lumine
3360 3063 3562 3118 adven-

2014 3169 2097 3212 tus
2128 3156 2352 3211 Christi.
2411 3154 2587 3209 Stella:
2653 3165 2825 3207 autem
2897 3154 3130 3217 cadent,
3160 3154 3284 3223 quia
3323 3169 3430 3208 non
3481 3156 3562 3209 eis

2017 3264 2153 3317 opus
2197 3249 2323 3314 erit,
2355 3262 2476 3300 cum
2510 3261 2614 3299 nox
2668 3260 2771 3298 non
2822 3244 3025 3308 aderit;
3079 3254 3173 3298 aut
3213 3246 3410 3313 potius,
3457 3262 3564 3299 non

2011 3344 2220 3405 cadent,
2277 3339 2367 3394 sed
2392 3339 2505 3393 luce
2531 3336 3017 3406 privabuntur,ita
3069 3345 3127 3389 ut
3173 3343 3428 3405 putentur
3478 3353 3569 3392 ca.

2011 3430 2154 3493 dere,
2180 3431 2322 3484 velut
2346 3428 2424 3484 sol
2451 3428 2583 3496 ipse.

2010 3536 2034 3577 ι-
2082 3522 2247 3577 Vens.
2296 3522 2387 3577 30.
2426 3520 2502 3573 De
2565 3533 2674 3588 quo
2726 3518 2882 3587 signo
2922 3516 3052 3571 dicit
3093 3518 3236 3587 quod
3290 3519 3569 3587 apparebit

2012 3612 2066 3665 iu
2088 3612 2257 3664 caelo?
2292 3610 2367 3664 De
2389 3606 2568 3675 cruce,
2592 3625 2716 3678 quae
2744 3609 2858 3663 sole
2884 3608 3211 3677 splendidior
3232 3608 3368 3673 erit;
3402 3624 3567 3676 appa-

2012 3704 2153 3757 rebit
2199 3710 2373 3757 autem
2416 3702 2482 3754 ad
2522 3698 2950 3769 eXprobrandam
2998 3697 3318 3750 'Judaeorum
3388 3698 3569 3751 stulti-

2014 3791 2166 3843 tiam.

2082 3877 2244 3929 Vens.
2274 3876 2362 3928 5i.
2390 3874 2682 3927 Suscitatos
2703 3872 3083 3940 congregabttnt
3109 3872 3303 3940 angeli,
3352 3889 3567 3941 congre-

2012 3973 2287 4033 gantesque
2311 3962 2466 4014 nubes
2488 3962 2744 4027 auferent.

2084 4053 2245 4105 Vens.
2277 4052 2365 4104 δι.
2413 4050 2485 4102 De
2510 4066 2615 4118 qua
2674 4049 3019 4119 generatione
3051 4049 3203 4115 dicit,
3240 4051 3407 4119 quot,
3442 4051 3563 4104 Non

2013 4143 2294 4213 prateribit
2320 4141 2585 4209 generatio
2610 4140 2741 4204 haec,
2798 4140 2960 4192 donec
3018 4138 3195 4191 omnia
3225 4138 3360 4207 Lines
3392 4138 3566 4206 fiant?

2014 4232 2129 4285 Non
2174 4232 2239 4286 de
2267 4231 2609 4301 generatione
2640 4238 2767 4281 tunc
2795 4228 3007 4282 vivente
3062 4227 3329 4296 illazdicit,
3356 4229 3449 4283 sed
3498 4230 3566 4282 de

2017 4324 2356 4393 generatione
2407 4321 2759 4376 credentium.
2823 4316 2939 4372 Scit
2987 4317 3132 4372 enim
3168 4320 3563 4388 generationem

368 4429 570 4499 χρόνων
602 4422 939 4482 ἀκολουθίας,
976 4418 1089 4471 ἀλλ’
1121 4415 1226 4467 ἀπὸ
1250 4415 1346 4481 τῆς
1377 4411 1484 4465 τῶν
1529 4411 1743 4481 τρόπων
1774 4408 1903 4479 θρη-

2014 4428 2121 4465 non
2154 4427 2185 4464 a
2211 4411 2555 4465 successione
2582 4417 2907 4477 temporum,
2930 4410 3025 4463 sed
3052 4423 3082 4462 a
3118 4424 3329 4463 morum
3372 4408 3568 4479 pietate

370 4516 553 4577 σκείας
585 4511 1020 4582 χαρακτηρίζειν.
1055 4507 1187 4558 Ποία
1218 4506 1409 4573 γενεά;
1459 4504 1521 4556 Ἦ
1568 4503 1674 4555 τῶν
1710 4502 1912 4554 πιστῶν

366 4605 629 4674 δηλονότι.
658 4603 774 4653 Ἵνα
805 4600 913 4668 γὰρ
986 4598 1058 4667 μή
1108 4614 1191 4659 τις
1236 4598 1364 4665 εῖπῃ
1417 4596 1496 4646 ὅτι
1544 4592 1786 4661 σημείων
1823 4592 1913 4643 καὶ

366 4696 605 4764 τεράτων
632 4687 1107 4755 ἐπιδεικνυμένων,
1146 4685 1346 4746 πάντες
1375 4684 1493 4735 κατ’
1522 4685 1695 4734 ἐκεῖνο
1720 4682 1911 4751 καιροῦ

368 4781 826 4849 ἀπατηθήσονται,
866 4779 1170 4844 ἐπήγαγεν·
1205 4776 1284 4826 Οὐ
1307 4773 1391 4841 μὴ
1446 4773 1712 4837 παρέλθῃ
1755 4772 1789 4835 τ’]
1822 4789 1913 4839 γε-

368 4873 493 4928 νεά·
522 4869 652 4934 οἷον,
695 4867 902 4927 Πολλοὶ,
937 4866 1123 4933 φησὶν,
1162 4865 1341 4915 πιστοὶ
1387 4862 1478 4913 καὶ
1520 4861 1913 4930 ἀνεξαπάτητοι

368 4958 709 5028 διαμενοῦσιν
738 4956 829 5008 καὶ
861 4955 947 5007 ἐπ’
972 4954 1139 5020 αὐτῆς
1170 4952 1266 5019 τῆς
1302 4949 1605 5009 συντελείας
1633 4965 1645 4977 ·
1691 4949 1722 5016 ἢ
1756 4948 1914 5013 γενεὰ

367 5052 426 5102 τὸ
454 5046 791 5116 ἀνθρώπινον
817 5044 993 5109 γένος,
1024 5041 1164 5092 τοῦτ’
1194 5041 1359 5104 ἔστιν,
1391 5041 1469 5090 ὅτι
1502 5039 1679 5090 Πάντα
1704 5040 1737 5091 ἃ
1764 5038 1913 5090 εἷπον

371 5138 684 5207 ἐκϐήσεται,
725 5133 821 5183 καὶ
848 5132 1039 5199 ὄψεται
1069 5130 1205 5181 αὺτά
1227 5131 1287 5179 τὸ
1313 5127 1670 5196 ἀνθρώπινον.

440 5229 561 5290 Πῶς
607 5227 805 5277 νοεῖται
835 5223 915 5284 τὸ,
960 5222 1021 5271 '0
1046 5220 1298 5285 οὐρανὸς
1332 5218 1427 5269 καὶ
1452 5218 1487 5281 ὴ
1519 5216 1589 5283 γῆ
1622 5217 1914 5282 παρελεά-

369 5334 598 5379 σονται,
628 5316 680 5366 οι
699 5313 765 5365 δὲ
793 5314 960 5379 λόγοι
982 5326 1099 5377 μου
1124 5311 1193 5360 οὐ
1220 5308 1303 5375 μή
1329 5325 1346 5370 ;
1380 5306 1753 5375 Εὑκολώτερον
1784 5309 1913 5375 γὰρ,

372 5410 555 5479 φησὶν,
604 5404 961 5472 ἀφανισθῆναι
1010 5401 1077 5451 τὰ
1123 5401 1405 5466 πεπηγότα
1467 5396 1558 5448 καὶ
1598 5397 1847 5465 ἀκίνητα,
1880 5398 1914 5467 ἢ

372 5503 478 5557 τῶν
502 5498 649 5569 ἐμῶν
676 5514 728 5548 τι
761 5495 1050 5548 διαπεσεῖν.

461 5682 630 5743 Ἐστιν
670 5680 730 5735 τὸ
791 5678 989 5746 λέγειν,
1040 5676 1117 5729 ’ὁτι
1172 5673 1341 5727 Οἶδεν
1370 5674 1497 5741 περὶ
1547 5672 1652 5741 τῆς
1694 5672 1913 5742 ἡμέρας

2014 4513 2223 4557 notare.
2244 4502 2501 4567 Quaenam
2526 4500 2833 4570 generatio?
2862 4498 3207 4554 Credentium
3235 4502 3352 4555 sine
3379 4501 3565 4554 dubio.

2013 4594 2223 4647 Etenim
2266 4606 2332 4645 ne
2376 4592 2499 4660 quis
2538 4591 2682 4644 dicat
2727 4605 2937 4654 omnes,
2978 4590 3149 4661 signis
3184 4599 3237 4644 et
3313 4590 3568 4660 prodigiis

2015 4684 2192 4745 factis,
2218 4686 2319 4736 hoc
2346 4689 2581 4747 tempore
2598 4680 2943 4749 decipiendos
2986 4680 3121 4744 fore,
3153 4678 3353 4749 adjecit
3386 4700 3398 4734 :
3445 4680 3567 4734 Non

2013 4773 2298 4841 pra'teribit
2332 4772 2629 4840 generatio;
2659 4772 3034 4839 quasidiceret
3066 4788 3079 4823 :
3113 4773 3266 4825 multi
3291 4766 3569 4826 credentes

2013 4875 2066 4917 et
2106 4863 2174 4916 ab
2212 4877 2395 4916 errore
2433 4862 2546 4929 tutil
2566 4862 2957 4930 permanebunt
3010 4863 3062 4916 in
3101 4864 3568 4917 consummatione

2016 4955 2162 5021 ipsa:
2195 4962 2288 5006 aut
2329 4954 2603 5020 generatio
2642 4954 2707 5006 de
2756 4952 2993 5006 humano
3044 4970 3239 5023 genere
3270 4955 3489 5017 dicitur,
3515 4954 3567 5005 id

2015 5055 2119 5109 est,
2160 5044 2343 5099 omnia
2375 5059 2494 5112 qua:
2532 5043 2642 5098 dixi
2674 5046 2944 5108 evenient,
2977 5053 3031 5099 et
3062 5046 3341 5099 videbitea
3375 5045 3567 5096 huma-

2017 5152 2145 5188 num
2180 5152 2373 5205 genus.

2086 5225 2249 5280 Vens.
2292 5228 2409 5283 55..
2444 5226 2725 5292 Quomodo
2752 5226 3063 5293 intelligitur
3094 5221 3321 5276 :Caelum
3350 5230 3397 5272 st
3432 5230 3568 5274 terra

2016 5317 2335 5381 transibunt,
2401 5317 2555 5369 rerba
2598 5326 2771 5369 autem
2820 5332 2935 5368 mea
2970 5330 3071 5365 non
3101 5307 3443 5363 transibunt?
3488 5311 3602 5378 lay

2015 5405 2171 5458 cilius
2213 5406 2357 5457 enim
2397 5414 2500 5469 est,
2554 5404 2749 5473 inquit,
2784 5418 2815 5457 e
2857 5407 3141 5466 conspeCtu
3205 5397 3315 5448 tolli
3373 5398 3474 5449 ﬁxa
3516 5408 3571 5452 rt

2014 5494 2331 5547 immobilia.
2359 5510 2517 5563 quam
2556 5492 2757 5562 aliquid
2804 5502 3043 5542 meorum
3098 5484 3386 5537 verborum
3448 5484 3567 5539 fru-

2018 5584 2195 5637 strari.

2094 5673 2252 5731 Vens.
2282 5676 2369 5731 36.
2404 5674 2695 5731 Dicendum
2722 5679 2803 5725 est
2836 5689 2849 5723 :
2882 5667 2955 5720 De
3003 5667 3083 5719 die
3115 5668 3207 5721 illa
3262 5684 3410 5722 nemo
3448 5671 3570 5733 scit,
