4138 6342
560 278 695 343 1155

1257 272 1647 337 OPUSCULA
1686 271 2325 333 SCRIPTURISTICA
2360 273 2704 335 INCERT/E
2743 276 3049 337 (ETATIS.

3628 265 3768 329 1156

558 411 721 465 neque
743 394 913 463 angeli
947 392 1212 454 caelorum,
1239 407 1401 460 neque
1434 388 1624 451 Filius,
1649 389 1751 442 nisi
1772 388 1915 441 solus
1939 387 2117 441 Pater.

2233 388 2453 455 ἐκείνης
2498 390 2639 443 οὐδέ
2667 392 2720 442 ol
2766 390 3004 458 awst
3052 388 3167 441 τῶν
3208 383 3498 453 οὐρανῶν,
3553 383 3693 435 οὐδὲ
3736 385 3769 436 ό

556 486 792 540 Dicendo
850 482 1093 553 quidem,
1143 495 1315 549 neque
1343 479 1542 546 angeli,
1574 494 1637 532 os
1676 478 1991 547 comprimit
2052 492 2118 530 ne

552 578 923 644 interrogent;
980 571 1207 627 dicendo
1261 585 1389 625 vero
1430 586 1588 639 neque
1623 567 1815 633 Filius,
1853 576 1998 621 vetat
2055 581 2121 619 ne

559 667 905 721 meditemur.
936 734 941 737 γ
971 664 1095 717 ideo
1140 672 1265 732 post
1305 662 1757 716 resurrectionem
1800 660 1932 714 dicit
1989 658 2069 712 eis
2102 673 2116 708 :

563 758 680 811 Non
714 766 787 811 est
815 767 1038 809 vestrum
1086 770 1235 807 nosse
1297 768 1535 820 tempora
1570 761 1620 804 et
1671 759 1955 813 momenta,
2003 764 2118 817 qua:

562 850 904 918 Paterposuit
931 850 985 901 in
1026 864 1119 901 sua
1148 856 1419 914 potestate.
1471 844 1592 899 Non
1651 846 1865 915 ignorat
1921 843 2151 913 igitur;.

458 962 462 967 “
558 936 827 1006 quomodo
854 936 995 987 cnim
1030 937 1301 1003 ignoraret
1336 933 1424 986 ille
1452 947 1547 1000 per
1576 947 1736 1001 quem
1762 930 1945 985 omnia
1980 929 2119 981 facta

557 1030 703 1085 sunt,
734 1020 824 1089 qui
883 1012 1163 1087 Cognoscit
1221 1014 1462 1080 Patrem,
1501 1024 1554 1070 ct
1586 1014 1849 1084 profunda
1906 1012 2020 1076 Dei,
2070 1021 2123 1065 et

561 1108 881 1164 abscondita
942 1106 1332 1176 quaesitorum?
1373 1105 1477 1160 Sed
1517 1104 1817 1159 arbitratur
1875 1102 1975 1154 hoc
2002 1113 2123 1154 esse

559 1203 667 1257 illis
693 1200 1062 1271 profuturum.

627 1293 791 1347 Vens.
825 1293 911 1346 40.
947 1291 1109 1355 Tunc,
1144 1291 1342 1361 inquit,
1383 1289 1487 1343 duo
1542 1289 1773 1343 eruntin
1800 1286 1966 1357 lagro,
1992 1300 2124 1338 unus

560 1397 874 1449 assumetur,
905 1394 953 1439 et
1007 1399 1140 1438 unus
1177 1384 1514 1452 relinquetur.
1558 1386 1721 1450 Ager,
1752 1378 1988 1433 mundus
2020 1382 2124 1441 est;

562 1494 703 1534 unus
735 1477 897 1545 igitur
938 1477 1195 1538 salvetur,
1230 1474 1368 1527 alter
1418 1487 1551 1527 vero
1610 1473 1664 1525 in
1719 1470 2124 1525 damnationem

562 1571 833 1631 mlttitur;
880 1569 946 1623 de
1008 1568 1225 1622 illorum
1278 1563 1678 1633 expugnatione
1710 1570 1765 1616 et
1817 1562 2129 1630 captivitate

562 1657 706 1712 istud
741 1656 895 1709 dicit.

2224 481 2352 546 Υἱός
2371 485 2421 535 εί
2439 481 2522 551 μὴ
2552 484 2737 550 μόνος
2766 485 2799 535 ὁ
2836 484 3035 547 Πατήρ
3064 480 3181 533 ’διὰ
3214 478 3311 547 μὲν
3348 477 3407 531 τδ
3454 477 3629 543 λέγειν
3666 477 3763 541 ἀγ-

2222 572 2429 640 γέλους,
2461 571 2799 639 ἐπιστομίζει
2850 570 2944 624 τοῦ
2980 579 3055 641 μη
3089 571 3287 639 ζητεῖν
3323 566 3410 620 διὰ
3460 565 3516 620 δὲ
3570 565 3663 619 τοῦ
3693 566 3771 617 εί-

2223 665 2361 725 πείν,
2395 664 2535 717 οὐδὲ
2557 666 2588 717 ό
2632 664 2781 728 Υίὸς,
2808 662 3003 715 κωλύει
3038 661 3171 731 μηδὲ
3215 662 3437 713 ἐννοεῖν.
3485 658 3583 711 Διά
3609 659 3771 712 τοῦτο

2228 754 2362 822 μετά
2387 754 2484 823 τὴν
2524 754 2816 807 ἀνάστασιν
2842 754 2991 820 λέγει
3017 754 3217 814 αὐτοῖς’
3253 752 3376 817 Οὐχ
3406 748 3570 818 ὑμῶν
3600 749 3773 802 ἐστιν

2227 844 2437 912 γνῶναι
2467 846 2719 913 χρόνους
2738 846 2776 913 ἢ
2805 844 3061 912 καιροὺς,
3081 843 3185 909 οὓς
3209 843 3278 895 ἐν
3295 840 3367 909 τῇ
3387 842 3503 907 ίὸίᾳ
3520 840 3774 905 ἐξουσίᾳ

2223 935 2386 989 ἔθετο
2436 939 2469 999 ό
2514 935 2733 1003 Πατήρ.
2783 937 2896 989 οὐκ
2940 936 3124 1003 ἀγνοεῖ
3154 930 3266 988 οὖν’
3322 932 3437 994 πῶς
3469 932 3582 1001 γὰρ
3610 931 3676 983 δι’
3707 924 3770 982 οὗ

2227 1026 2398 1079 πάντα
2446 1027 2677 1093 ἐγένετο,
2723 1026 2781 1090 ὃς
2834 1026 3089 1094 γινώσκει
3125 1025 3214 1077 τὸν
3267 1023 3505 1092 Πατέρα,
3559 1022 3651 1074 καὶ
3704 1020 3773 1073 τὰ

2228 1116 2363 1185 βάθη
2392 1117 2483 1170 τοῦ
2522 1113 2676 1182 Θεοῦ,
2706 1120 2799 1170 καὶ
2826 1119 2894 1172 τὰ
2922 1118 3137 1188 κρυπτά
3168 1116 3275 1168 τῶν
3332 1112 3774 1183 ὲξεταζομὲνωνς

2228 1208 2341 1259 ἀλλ’
2367 1208 2577 1277 ἡγεῖται
2609 1210 2764 1262 τοῦτο
2802 1211 3082 1279 συμφέρον
3112 1210 3315 1271 αὐτοῖς.

2300 1298 2459 1364 Τότε,
2500 1301 2685 1369 φησιν,
2734 1302 2843 1355 δύο
2896 1302 3132 1356 ἔσονται
3159 1302 3228 1353 ἐν
3259 1298 3339 1364 τῷ
3372 1296 3558 1368 ἀγρῷ·
3620 1300 3653 1351 ό
3684 1292 3779 1361 εἷς

2229 1389 2764 1455 παραλαμϐάνεται,
2791 1391 2887 1443 καί
2920 1393 2952 1443 ό
2971 1385 3056 1455 εἷς
3077 1390 3329 1457 ἀφίεται.
3382 1388 3595 1458 Ἀγρὸς,
3626 1389 3654 1439 ό
3686 1386 3777 1439 κό-

2233 1492 2387 1545 σμοςο
2410 1472 2487 1539 εἷς
2531 1472 2623 1530 οὖν
2657 1477 2905 1543 σώζεται,
2957 1475 3037 1541 εἷς
3078 1479 3122 1532 δ’
3146 1480 3226 1541 είς
3273 1478 3491 1531 κόλασιν
3520 1477 3738 1544 ἀφίεται
3762 1492 3775 1504 ·

2232 1568 2357 1638 περὶ
2413 1567 2511 1637 τῆς
2562 1569 2811 1632 ἁλώσεως
2872 1569 3028 1622 τοῦτο
3090 1571 3184 1623 καὶ
3248 1570 3346 1639 τῆς
3403 1569 3781 1639 αἰχμαλωσίας

2196 1684 2211 1715 ι
2233 1660 2428 1712 αὐτῶν.

633 1745 801 1800 Vens.
831 1745 918 1797 41.
954 1743 1082 1797 Duae
1112 1743 1358 1796 molentes
1401 1744 1452 1795 in
1488 1740 1628 1794 mola
1647 1756 1679 1806 ;.
1701 1757 1807 1794 una
1841 1739 2125 1792 assumitur

2296 1749 2409 1801 Δύο
2442 1746 2777 1813 ἀλήθουσαι
2809 1748 2878 1800 ἐν
2926 1746 3002 1811 τῷ
3038 1748 3221 1814 μύλῳ⁸
3256 1748 3364 1814 μία
3396 1746 3783 1815 παραλαμϐά-

562 1849 610 1893 et
635 1854 742 1890 una
778 1834 1114 1903 relinquitur.
1141 1830 1400 1885 Molentes
1434 1829 1665 1890 vocavit,
1684 1830 1775 1899 qui
1808 1828 1861 1881 in
1898 1842 2123 1898 pauper-

564 1934 672 1980 tate
722 1926 948 1993 degunt.
1018 1917 1133 1973 Una
1188 1922 1495 1982 assumitur,
1530 1926 1578 1971 et
1629 1934 1737 1970 una
1779 1916 2124 1986 relinquitur;

564 2015 820 2070 similiter
843 2013 909 2067 de
947 2011 1163 2065 homine
1184 2009 1528 2078 intelligitur.
1553 2008 1730 2063 Lucas
1747 2014 1929 2062 autem
1964 2005 2119 2060 dicit:

564 2107 683 2162 Duo
712 2112 865 2162 erunt
897 2105 949 2157 in
981 2102 1161 2166 cubili,
1192 2099 1338 2171 quod
1367 2098 1638 2170 signiﬁcat
1663 2113 1759 2153 eos
1784 2099 1877 2168 qui
1909 2097 1962 2151 in
1987 2096 2123 2151 divi-

563 2200 655 2254 tiis
700 2199 923 2267 degunt.
960 2192 1208 2249 Ostendit
1234 2201 1413 2247 autem
1453 2207 1547 2263 per
1611 2191 1715 2245 hoc
1763 2204 2029 2259 pauperes
2071 2194 2123 2242 et

562 2291 779 2354 divites,
808 2301 994 2341 servos
1026 2293 1079 2339 et
1107 2285 1358 2339 dominos
1387 2282 1587 2339 assumi
1622 2291 1675 2337 et
1728 2280 1985 2349 relinqui,
2012 2279 2125 2334 sive

563 2378 944 2450 Spiritualiter,
982 2376 1097 2430 sive
1149 2374 1369 2429 realiter
1395 2374 1461 2429 de
1498 2371 1898 2443 expugnatione
1928 2369 2125 2424 intelli-

565 2479 741 2540 gatur.

638 2559 802 2613 Vens.
834 2558 921 2611 ιε.
951 2556 1060 2611 Cur
1106 2570 1234 2625 ergo
1269 2554 1438 2610 dicit:
1470 2552 1616 2607 Diem
1664 2560 1712 2606 et
1747 2552 1967 2605 horam?
2016 2551 2128 2605 ruit

570 2665 780 2719 semper
806 2664 925 2701 esse
964 2655 1203 2716 paratos.

642 2738 803 2794 Vens.
834 2739 927 2792 45.
963 2736 1101 2803 Quid
1146 2733 1412 2803 signiﬁcat
1455 2730 1583 2785 illud
1622 2750 1635 2787 :
1682 2732 1943 2797 Si’sciret
1982 2740 2129 2800 pater

567 2834 801 2903 [annilius
832 2847 934 2900 qua
951 2828 1128 2898 vigilia
1159 2827 1512 2895 {uriventurus
1538 2826 1696 2878 esset?
1726 2825 1881 2894 quasi
1911 2824 2125 2879 dicere:

573 2923 627 2975 Si
657 2923 858 2979 scirent
906 2918 1058 2973 multi
1108 2916 1323 2986 quando
1349 2915 1600 2969 morituri
1637 2914 1768 2977 sint,
1818 2929 2033 2985 semper
2062 2915 2126 2967 ad

570 3016 715 3070 illam
748 3012 919 3067 solam
952 3012 1147 3066 boram
1182 3009 1441 3079 poenitere
1467 3007 1769 3061 studerent.

642 3104 805 3159 Vens.
836 3102 924 3157 45.
981 3101 1249 3157 Dicendo:
1284 3100 1412 3162 Quis
1464 3108 1541 3152 est
1581 3098 1750 3165 ﬁdelis
1793 3096 2130 3167 servusﬁnon

571 3197 785 3266 ignorat
818 3191 967 3256 illud,
1002 3190 1093 3245 sed
1154 3191 1267 3244 vult
1303 3190 1589 3242 ostendere
1628 3204 1787 3257 quam
1845 3203 2026 3240 rarmn
2081 3196 2133 3239 et

574 3291 894 3359 pretiosum.
929 3288 1009 3338 ita
1042 3283 1205 3352 igitur
1254 3283 1322 3336 ad
1366 3282 1535 3335 Adam
1591 3280 1863 3348 loquens:
1926 3276 2022 3329 Ubi
2054 3276 2134 3328 es?

577 3380 734 3441 dicit,
766 3391 868 3429 non
903 3377 1179 3445 ignorans,
1204 3372 1294 3426 sed
1325 3373 1468 3425 hunc
1510 3371 1779 3424 adducere
1835 3366 2020 3419 volens
2068 3366 2134 3419 ad

576 3467 946 3525 excusandum
979 3480 1057 3518 se.
1089 3462 1414 3517 Prudentem
1451 3471 1503 3514 et
1523 3461 1732 3515 tidelem
1760 3458 1891 3510 dicit
1918 3470 2133 3510 servum

578 3556 862 3630 parabola:
889 3554 1099 3608 ﬁdelem
1122 3552 1363 3622 quidem,
1409 3548 1552 3619 quod
1570 3545 2135 3613 servaveritcapitale;

582 3651 899 3719 prudentem
924 3660 1072 3707 vero,
1110 3642 1258 3712 quod
1285 3650 1537 3710 operatus
1561 3639 1717 3694 estin
1742 3638 1960 3693 talento.
2004 3635 2066 3687 Et
2084 3635 2136 3688 in

580 3740 827 3797 Sodomis
877 3737 1079 3791 idcirco
1113 3735 1285 3789 dicit:
1357 3732 1678 3786 Descendens
1725 3730 1901 3783 ridebo
1960 3739 2134 3779 utrum

578 3833 857 3885 secundum
883 3829 1160 3883 clamorem
1193 3840 1372 3879 eorum
1434 3822 1832 3892 compleverint;
1857 3835 2030 3872 atmon
2060 3827 2133 3871 est

578 3924 674 3985 ira,
712 3931 765 3973 ut
797 3921 981 3981 sciam;
1022 3929 1075 3971 ut
1108 3932 1205 3970 nos
1267 3923 1481 3968 moneat
1543 3928 1610 3967 ne
1658 3926 1891 3980 unquam
1923 3918 2136 3962 senten-

580 4017 710 4068 tiam
760 4015 812 4066 iu
860 4012 1020 4065 rebus
1069 4010 1280 4070 demus,
1324 4008 1637 4075 priusquam
1676 4002 1909 4071 perfecte
1938 4016 2024 4053 res
2048 3998 2134 4050 di-

574 4104 1016 4173 judicaverimus.
1081 4100 1139 4152 in
1193 4098 1449 4165 propheta
1510 4096 1630 4149 ideo
1681 4093 1811 4148 dicit
1842 4110 1856 4146 :
1887 4091 1949 4145 Si
2000 4092 2135 4159 forte

588 4195 884 4252 audierint;
913 4199 985 4252 et,
1019 4188 1075 4241 Si
1104 4188 1234 4254 forte
1252 4186 1625 4245 consenserint,
1645 4198 1713 4235 ne
1744 4183 1991 4235 videatur
2013 4182 2133 4231 data

586 4286 654 4337 ab
685 4280 974 4335 inseusatis
997 4278 1171 4345 iussio
1197 4276 1262 4329 ad
1294 4274 1665 4327 necessitatem
1701 4273 1915 4340 adigere
1944 4284 2135 4338 paron.

2225 1854 2405 1902 νεται,
2438 1840 2534 1891 καὶ
2564 1838 2671 1907 μία
2701 1836 2952 1905 ἀφίεται.
2999 1835 3323 1903 Ἀληθούσας
3372 1837 3626 1888 ἐκάλεσεν
3653 1837 3783 1898 τοὺς

2226 1931 2283 1982 ὲν
2342 1928 2579 1997 πτωχείᾳ
2614 1927 2920 1996 διάγοντας.
2954 1928 3067 1981 Μία
3098 1925 3633 1994 παραλαμϐάνεται,
3683 1923 3785 1976 καί

2219 2020 2329 2089 μία
2362 2018 2595 2087 ἀφίεται
2617 2034 2631 2047 '
2664 2020 2864 2088 ὁμοίιος
2898 2021 3094 2071 νοεῖται
3124 2016 3215 2070 τοῦ
3251 2015 3557 2085 ἀνθρώπου.
3626 2016 3682 2068 '0
3725 2015 3785 2067 δὲ

2225 2109 2457 2172 Λουκᾶς,
2489 2108 2595 2161 Καί
2636 2107 2744 2161 δύο
2776 2108 2873 2160 ἐπὶ
2909 2106 3018 2174 τῆς
3046 2108 3278 2174 κλίνης,
3322 2105 3487 2173 λέγει,
3514 2106 3649 2174 ὅπερ
3683 2120 3785 2174 ση-

2228 2199 2407 2268 μαίνει
2444 2199 2568 2263 τοὺς
2599 2199 2657 2252 ὲν
2689 2197 2923 2268 πλούτῳ.
2952 2197 3230 2250 Δείκνυται
3262 2196 3317 2249 δὲ
3351 2196 3437 2249 διὰ
3471 2195 3662 2248 τούτου
3696 2196 3783 2248 ὅτι

2226 2290 2319 2343 καὶ
2364 2292 2565 2361 πτωχοὶ
2598 2292 2691 2343 καὶ
2725 2288 2965 2343 πλούσιοι
3013 2291 3105 2343 καὶ
3150 2289 3324 2343 δοῦλοι
3382 2290 3475 2342 καὶ
3520 2288 3785 2341 δεσπόται

2226 2380 2743 2451 παραλαμϐάνονται
2794 2380 2887 2434 καὶ
2939 2380 3203 2446 ἀφίενται,
3256 2377 3365 2430 εἴτε
3418 2377 3620 2447 νοητῶς
3676 2377 3787 2428 εἴτε

2227 2471 2497 2541 αἰσθητῶς
2523 2472 2609 2525 διὰ
2633 2474 2731 2542 τὴν
2763 2470 2962 2524 ἅλωσιν
2988 2470 3225 2541 νοηθείη.
3572 2478 3577 2483 ’

2297 2563 2392 2613 Διά
2416 2561 2469 2613 τί
2499 2560 2589 2614 οὖν
2619 2561 2783 2628 λέγει,
2826 2561 2941 2628 Τὴν
2983 2559 3209 2629 ἡμέραν
3234 2559 3330 2612 καὶ
3365 2557 3556 2629 ῶραν;
3597 2562 3786 2631 βουλό-

2232 2670 2388 2722 μενος
2420 2655 2635 2716 πάντως
2667 2651 2987 2718 ἐναγωνίους
3018 2647 3176 2706 εἶναι.

2302 2745 2364 2799 Τί
2394 2745 2543 2815 δηλοῖ
2568 2743 2647 2807 τὸ,
2684 2745 2751 2797 El
2786 2742 2913 2811 ᾔδει
2950 2746 2981 2796 ό
3015 2743 3443 2808 οἰκοδεσπότης
3490 2744 3629 2809 ποίᾳ
3672 2761 3790 2811 spv-

2230 2832 2389 2902 λακῇ
2433 2835 2463 2886 ό
2505 2832 2765 2897 κλέπτης
2812 2832 3077 2900 ἕρχεταις
3128 2833 3269 2884 Ἀντί
3305 2831 3417 2895 τοῦ,
3456 2832 3514 2883 Ei
3544 2831 3789 2902 ᾔδεισαν,

2232 2927 2417 2995 φησιν,
2442 2924 2490 2976 οἱ
2519 2924 2701 2977 πολλοὶ
2738 2924 2864 2977 πότε
2891 2918 3301 2989 ἀποἩανοῦνται,
3330 2924 3543 2987 πάντως
3575 2926 3639 2975 ἂν
3666 2922 3790 2975 κατ’

2234 3013 2446 3080 ἐκείνην
2483 3013 2653 3080 μόνην
2683 3012 2779 3081 τὴν
2810 3012 2957 3083 ῶραν
2983 3012 3315 3065 ἐσπούδασαν
3343 3012 3692 3082 μετανοῆσαι.

2303 3102 2503 3168 Εἰπὼν,
2543 3104 2635 3169 Τίς
2676 3104 2788 3170 ἄρα
2813 3107 2845 3156 ό
2881 3102 3091 3169 πιστός
3135 3103 3393 3167 δοῦ.ιος;
3423 3106 3535 3156 υύκ
3574 3102 3792 3170 ἀγνοῶν

2231 3190 2385 3243 τοῦτο
2412 3186 2553 3254 εἷπε,
2584 3191 2696 3244 ἀλλ’
2725 3192 2811 3244 ἵνα
2833 3192 2978 3262 δείξῃ
3009 3193 3066 3245 τὸ
3098 3193 3319 3245 σπάνιον
3347 3196 3439 3246 καὶ
3469 3195 3790 3266 πολύτιμον.

2233 3281 2417 3343 Οὕτως
2438 3277 2528 3333 οὖν
2556 3284 2648 3333 καὶ
2673 3281 2750 3350 τῷ
2788 3283 2956 3349 Ἀδὰμ
2985 3281 3171 3333 εἰπών’
3200 3284 3320 3336 Ποῦ
3347 3279 3422 3346 el;
3448 3285 3547 3336 οὐκ
3579 3286 3792 3353 ἀγνοῶν

2236 3367 2408 3431 εἶπεν,
2446 3370 2555 3422 ἁλλ’
2591 3372 2676 3422 ἵνα
2721 3371 2880 3422 αὐτὸν
2928 3372 3137 3443 ἐμϐάλῃ
3180 3374 3257 3435 είς
3304 3374 3617 3440 ἀπολογίαν.
3649 3377 3794 3445 Φρό-

2235 3478 2389 3530 νιμον
2421 3463 2516 3513 καὶ
2551 3463 2737 3513 πιστὸν
2767 3462 2911 3529 λέγει
2943 3464 3031 3515 τὸν
3059 3463 3237 3515 δοῦλον
3267 3466 3298 3534 ὴ
3330 3467 3609 3537 παραδολὴ
3638 3486 3652 3533 ;
3697 3486 3792 3520 πι-

2237 3552 2358 3603 στὸν
2394 3551 2510 3620 μὲν,
2560 3552 2633 3615 ὼς
2681 3550 2920 3614 σώζοντα
2960 3554 3018 3605 τὸ
3049 3555 3357 3623 κεφάλαιονο
3393 3557 3653 3627 φρόνιμον
3708 3561 3790 3621 δὲ,

2235 3644 2310 3703 ὠς
2359 3645 2825 3714 κατεργαζόμενον
2864 3644 2922 3697 τὸ
2951 3645 3224 3699 τάλαντον.
3271 3648 3379 3700 Καὶ
3417 3649 3511 3701 ἐπὶ
3543 3650 3649 3701 τῶν
3694 3652 3795 3703 Σο-

2234 3733 2410 3802 δόμων
2456 3734 2543 3787 διὰ
2590 3734 2749 3787 τοῦτο
2782 3732 2953 3789 εἶπενο
3004 3740 3270 3802 Καταὸὰς
3304 3738 3523 3808 ὄψομαι
3559 3742 3609 3793 εί
3640 3743 3797 3795 κατὰ

2234 3821 2347 3889 τὴν
2380 3823 2645 3893 κραυγὴν
2675 3824 2870 3879 αὐτῶν
2892 3827 3342 3881 συντελοῦνταιο
3376 3832 3425 3882 εί
3465 3828 3534 3882 δὲ
3557 3830 3666 3899 μὴ,
3693 3832 3799 3885 ἵνα

2236 3913 2370 3980 γνῶ,
2408 3915 2555 3977 ὅπως
2605 3917 2753 3983 ἡμᾶς
2785 3916 3047 3988 παιδεύσῃ
3100 3918 3171 3987 μή
3224 3935 3352 3971 ποτε
3401 3921 3677 3989 ἀπόφασιν
3731 3926 3793 3974 ὲν

2236 4005 2516 4072 πράγματι
2563 4003 2779 4067 διδόναι,
2817 4005 2941 4073 πρὶν
2980 4007 3197 4069 τελείως
3242 4009 3663 4079 ἀνακρινόμενον
3711 4014 3793 4067 τὰ

2236 4094 2552 4161 πράγματα.
2599 4092 2716 4145 Ἐπὶ
2749 4096 2803 4145 δὲ
2852 4095 2944 4146 τοῦ
2980 4100 3258 4166 προφήτου
3302 4099 3390 4152 διὰ
3422 4100 3575 4153 τοῦτο
3609 4100 3790 4166 εἶπεν,

2252 4182 2386 4236 Ἐὰν
2408 4182 2519 4250 ἄρα
2547 4185 2910 4246 ἀκούσωσιν,
2946 4189 3060 4248 καὶ,
3078 4189 3209 4240 Ἐὰν
3235 4190 3347 4255 ἄρα
3373 4192 3664 4255 συνῶσιν,
3705 4196 3797 4247 ἵνα.

2242 4274 2313 4342 μὴ
2349 4272 2473 4341 δόξῃ
2507 4274 2537 4340 ἡ
2569 4273 2872 4341 πρόρρησις
2919 4278 3064 4344 παρά
3093 4280 3201 4339 τοῖς
3235 4280 3477 4347 ἀνοήτοις
3548 4284 3796 4350 ἀναγκα-

584 4376 659 4428 di.
680 4371 735 4424 In
761 4369 1044 4439 Evangelio
1068 4376 1245 4421 autem
1279 4365 1398 4418 ideo
1428 4364 1559 4417 dicit
1595 4380 1607 4415 :
1646 4359 1805 4414 Forte
1829 4365 2127 4413 verebuntur

2240 4364 2393 4431 στική
2427 4380 2507 4425 τις
2542 4362 2679 4416 εἶναι
2712 4365 2845 4434 πρὸς
2871 4366 3164 4435 παρακοήν.
3186 4368 3269 4418 Ἐν
3292 4368 3345 4420 δὲ
3373 4369 3447 4439 τῷ
3480 4372 3796 4442 Εὑαγγελίῳ

587 4465 774 4518 Filium
800 4476 986 4523 meum,
1015 4468 1072 4512 ut
1107 4456 1355 4512 ostendat
1394 4455 1537 4524 quod
1580 4453 1865 4508 debuerint
1902 4450 1953 4504 id
1980 4464 2138 4519 agere

586 4565 641 4610 et
671 4554 866 4609 Filium
894 4551 1083 4607 vereri.

655 4736 818 4790 Vens.
854 4734 942 4788 47.
976 4731 1114 4799 Quid
1150 4730 1349 4786 indicat
1386 4728 1515 4785 illud
1545 4746 1559 4783 :
1599 4726 1766 4797 Super
1797 4727 1969 4779 omnia
2008 4726 2139 4777 bona

586 4843 684 4879 sua
734 4825 1008 4877 constituet
1047 4822 1205 4875 eum?
1266 4822 1317 4876 id
1348 4831 1448 4885 est,
1484 4835 1711 4890 regnum
1758 4818 2021 4873 cwlorum
2063 4816 2139 4869 illi

588 4915 884 4986 prastabit.

1144 5057 1366 5111 CAPUT
1419 5056 1580 5110 XXV.

660 5186 826 5244 Vens.
860 5186 908 5238 l.
943 5180 1204 5236 Parabola
1234 5181 1502 5248 virginum
1549 5180 1612 5234 de
1639 5180 1977 5250 eieemosyua
2012 5182 2142 5235 dici-

591 5287 699 5331 tnr.
734 5275 837 5330 Sed
866 5277 916 5329 in
959 5272 1101 5328 ﬁdeli
1132 5280 1185 5325 et
1220 5271 1272 5323 in
1300 5270 1579 5323 insensato
1610 5285 1788 5334 servo,
1819 5273 2141 5340 generaliter

592 5372 762 5441 magis
788 5370 852 5423 de
900 5367 1045 5421 omni
1077 5363 1261 5420 ofﬁcio
1290 5363 1551 5432 loquitur,
1578 5363 1723 5431 quod
1760 5364 1812 5416 in
1837 5365 2140 5431 proximum

593 5462 815 5527 implere
840 5468 1052 5530 oportet
1076 5476 1088 5511 :
1115 5459 1167 5511 in
1197 5456 1299 5509 ista
1324 5462 1504 5507 autem
1536 5454 1599 5507 de
1623 5454 1984 5523 eleemosyna.
2004 5455 2141 5521 Quid

597 5560 679 5602 est
717 5550 858 5617 quod
885 5549 1016 5604 dicit
1039 5547 1353 5615 Apostolus,
1391 5543 1462 5595 De
1481 5543 1767 5610 virginibus
1803 5553 1971 5594 autem
2004 5561 2142 5612 prae-

594 5648 794 5707 ceptum
832 5636 1041 5690 Domini
1071 5652 1166 5687 nou
1218 5634 1419 5687 habeo?
1460 5630 1639 5687 Laudo
1680 5634 1917 5701 quidem,
1949 5636 2139 5705 inquit,

2238 4452 2325 4504 διά
2354 4451 2509 4505 τοῦτο
2536 4448 2707 4505 εἶπεν·
2766 4456 2943 4519 Ἴσως
2992 4455 3465 4525 ἐντραπήσονται
3500 4460 3604 4512 τόν
3656 4462 3798 4516 Υίόν

2239 4560 2371 4611 μου,
2405 4544 2491 4597 ἵνα
2520 4544 2665 4617 δείξῃ
2693 4547 2773 4598 ὅτι
2801 4545 3027 4615 ὤφειλον
3052 4548 3205 4600 τοῦτο
3230 4551 3446 4619 ποιῆσαι
3485 4553 3575 4606 καὶ
3603 4556 3797 4622 ἐντρα-

2250 4636 2415 4704 τῆναι
2440 4637 2529 4689 τὸν
2556 4637 2699 4691 Υίόν.

2313 4725 2377 4779 Τί
2408 4726 2555 4797 δηλοῖ
2579 4727 2655 4793 τὸ,
2726 4729 2854 4782 Ἐπὶ
2888 4727 3075 4785 πᾶσιν
3118 4728 3238 4795 τοῖς
3283 4731 3655 4801 ὑπάρχουσιν
3683 4738 3797 4790 αὐ-

2242 4816 2346 4871 τοῦ
2371 4819 2738 4884 καταστήσει
2779 4819 2997 4882 αὐτόν;
3058 4819 3199 4872 Ἀντί
3228 4820 3342 4887 τοῦ,
3376 4823 3485 4893 Τὴν
3517 4825 3799 4895 βασιλείαν

2240 4908 2347 4962 τῶν
2377 4910 2622 4981 οὐρανῶν
2657 4911 2879 4978 παρέξει
2909 4910 3076 4980 αὐτῷ.

2830 5053 3077 5110 ΚΕΦΑΛ.
3111 5057 3234 5113 KE'.

2330 5179 2393 5233 'H
2449 5180 2726 5247 παραϐολὴ
2776 5180 2885 5230 τῶν
2936 5182 3212 5249 παρθένων
3254 5188 3379 5256 περὶ
3424 5189 3797 5260 ἑλεημοσύνης

2242 5273 2410 5339 λέγει’
2442 5273 2554 5325 ἀλλ’
2597 5272 2686 5323 ἐπὶ
2733 5270 2825 5321 τοῦ
2860 5272 3049 5324 πιστοῦ
3076 5273 3259 5327 δούλου
3301 5280 3509 5333 καὶτοῦ
3541 5282 3797 5349 ἀγνώμοο

2243 5381 2351 5427 νος,
2385 5362 2811 5430 καθολικώτερον
2844 5362 2969 5430 περ).
3014 5365 3187 5435 πάσης
3220 5368 3483 5435 ὠφελείας
3518 5370 3683 5437 λέγει,
3726 5372 3797 5439 ῆν

2245 5456 2322 5515 είς
2369 5452 2457 5504 τὸν
2504 5453 2728 5519 πλησίον
2779 5454 3175 5508 ἐπιδείκνυσθαι
3218 5461 3344 5527 χρήο
3384 5461 3475 5509 ἐπὶ
3518 5460 3574 5511 δὲ
3624 5459 3799 5527 αὐτῆς

2247 5545 2370 5611 ’περ’ι
2403 5542 2789 5610 ἐλεημοσύνης.
2820 5544 2883 5594 Τί
2919 5546 3059 5599 ἔστιν
3100 5548 3126 5599 ὃ
3176 5550 3318 5615 λέγει
3364 5554 3393 5603 ό
3455 5546 3795 5608 Ἀπόστολος,

2248 5634 2379 5700 Περὶ
2405 5634 2470 5685 δὲ
2498 5633 2612 5685 τῶν
2638 5635 2943 5701 παρθένων
2968 5638 3253 5708 ἐπιταγὴν
3289 5642 3504 5706 Κυρίου
3526 5638 3634 5690 οὐκ
3655 5635 3799 5703 ἔχωὶ
