4138 6342
354 392 489 459 115⁵1

1320 392 1635 452 SCIIOLIA
1672 391 1963 453 VETERA
2010 391 2089 452 IN
2129 382 2597 453 MATTH/EUM.

3397 399 3533 461 1153

363 497 597 552 Ἐπαινῶ
654 496 749 565 μὶν
800 497 925 567 γάρ,
985 496 1165 565 φησὶν,
1217 496 1306 547 τὸν
1363 496 1748 565 κατορθοῦντα,
1797 498 1892 548 οὐκ

1950 512 1966 555 t
1996 497 2129 551 bene
2161 510 2589 565 conversantem,
2632 514 2739 553 non
2775 514 2910 570 cogo
2941 515 3046 555 non
3099 502 3383 570 volentem,
3431 524 3536 561 non

346 586 640 655 ἀναγκάζω
671 586 724 639 δὲ
753 586 842 639 τὸν
878 585 953 656 μὴ
994 584 1330 655 βουλόμενον,
1378 586 1498 638 οὐδὲ
1528 585 1804 654 ἐπίταγμα
1834 586 1894 637 τὸ

350 679 582 747 πρᾶγμα
617 674 775 729 ποιῶ.

427 787 524 838 Διὰ
568 784 620 837 τί
651 785 808 853 ⁹λέγει
858 785 1041 854 μωρὰς
1070 784 1166 846 τάς
1210 782 1508 853 παρθένους
1553 783 1651 847 τάς
1692 785 1891 852 πέντες

351 871 493 922 Διότι
524 869 611 922 τὸν
660 869 978 940 δριμύτερον
1015 870 1105 920 καὶ
1153 868 1587 939 πολεμικώτερον
1636 870 1744 922 τῶν
1791 887 1894 922 σω-

354 961 537 1028 μάτων
561 958 793 1029 πόλεμον
822 958 1079 1026 βαστάσαι
1101 958 1423 1027 δυνηθεῖσαι,
1452 960 1541 1011 τὸν
1567 959 1893 1029 κουφότερον

348 1050 449 1115 τῆς
489 1049 819 1118 μεταδόσεως
842 1049 1041 1118 τρόπον
1085 1049 1183 1100 οὐκ
1234 1047 1579 1116 ἐφυλάξαντο.
1633 1049 1781 1119 Ὀσῳ
1812 1066 1892 1113 τις

352 1139 432 1200 είς
460 1138 519 1191 τὸ
549 1133 708 1208 ἦττον
736 1139 983 1207 ἥττηται,
1016 1138 1235 1189 τοσοῦτο
1269 1138 1465 1205 μᾶλλον
1488 1137 1887 1204 ἀσύγγνωστοςο

348 1227 438 1279 διὰ
476 1227 628 1280 τοῦτο
678 1224 769 1280 οὖν
799 1228 994 1295 μωραί.
1032 1227 1094 1279 El
1131 1227 1187 1279 δὲ
1217 1223 1370 1281 αὗται
1407 1228 1613 1296 μωραὶ,
1661 1227 1710 1279 οἱ
1759 1227 1892 1296 μηδὲ

350 1317 638 1387 παρθενίαν
669 1317 995 1381 φυλάξαντες
1035 1319 1127 1370 καὶ
1160 1316 1437 1389 πλεονεξεα
1471 1318 1889 1387 κεκρατημένοι,

345 1409 401 1461 τί
433 1407 789 1477 κληθήσονται
822 1409 916 1461 καὶ
942 1410 1257 1474 πείσονται;

424 1518 489 1568 Δί
533 1516 808 1585 λαμπάδες
852 1514 943 1569 οὖν
978 1517 1315 1587 σημαίνουσι,
1350 1517 1447 1587 τῆς
1495 1516 1787 1584 παρθενίας
1830 1516 1893 1569 τὸ

347 1607 618 1676 λαμπρόν·
641 1606 735 1658 τὸν
764 1606 930 1671 ἔλεον,
961 1606 1056 1675 τὴν
1103 1604 1486 1676 ἐλεημοσύνην·
1528 1605 1585 1658 τδ
1628 1606 1682 1658 δὲ
1717 1605 1892 1675 χρονί-

349 1698 463 1761 ζειν
485 1696 575 1748 τὸν
632 1696 899 1766 Νυμφίον.
925 1698 1016 1749 τὸν
1044 1698 1139 1749 οὐκ
1168 1697 1345 1764 ὀλίγον
1370 1697 1555 1766 χρόνον
1592 1697 1671 1757 είς
1703 1697 1762 1747 τὸ
1788 1714 1887 1762 φα-

2000 599 2324 657 prazccptum
2355 590 2492 644 hanc
2527 607 2636 645 rem
2674 591 2832 645 facio.

2062 780 2224 834 Vens.
2244 780 2298 834 2.
2327 781 2437 835 Cur
2465 781 2594 836 dicit
2640 784 2814 839 fatuas
2843 786 3081 855 virgines
3115 788 3234 843 illas
3261 793 3537 863 quinque?

1991 864 2123 929 Quia
2158 868 2403 923 acerbius
2437 878 2489 923 et
2519 869 2780 923 diﬂicilius
2811 872 2862 925 in
2887 889 3109 943 corpora
3142 877 3338 932 bellum
3379 886 3536 936 susti-

1992 969 2118 1007 nere
2146 970 2268 1010 cum
2305 961 2622 1027 potuissent,
2671 962 2840 1015 levius
2895 965 2997 1018 olei
3056 971 3380 1037 sumptionis
3415 973 3529 1027 olli-

1991 1045 2132 1098 cium
2166 1062 2270 1100 non
2302 1050 2650 1118 expleverint.
2678 1052 2892 1119 Quanto
2923 1056 3043 1125 quis
3092 1058 3145 1111 in
3192 1061 3384 1116 minori
3414 1065 3530 1118 vin-

1992 1134 2163 1199 citur,
2195 1145 2350 1191 tanto
2379 1140 2557 1193 minus
2590 1141 2970 1210 ignoscendus.
3004 1146 3129 1199 Ideo
3163 1148 3324 1217 igitur
3350 1154 3529 1208 stulta:

1992 1234 2154 1290 sunt;
2178 1227 2220 1280 si
2255 1243 2382 1281 vero
2410 1230 2525 1283 ista
2552 1232 2747 1295 stultae,
2769 1235 2861 1301 qui
2897 1250 2999 1288 non
3024 1238 3381 1304 virginitatem
3412 1259 3528 1297 ser-

1992 1322 2247 1365 vaverunt
2294 1325 2348 1369 et
2395 1319 2635 1373 aVaritiae
2679 1332 2993 1391 paruerunt,
3046 1330 3313 1394 quomodo
3370 1348 3529 1385 voca-

1989 1398 2191 1454 buntur
2210 1412 2263 1455 et
2293 1406 2547 1460 credent?

2058 1506 2221 1563 Vens.
2269 1511 2321 1563 3.
2352 1511 2647 1582 Lampades
2678 1531 2805 1586 ergo
2840 1520 3146 1588 signiﬁcant
3204 1526 3525 1594 virginitatis

1991 1597 2359 1665 splendorem;
2408 1602 2584 1656 oleum
2642 1620 2787 1671 vero,
2839 1611 3265 1681 eleemosynam;
3330 1618 3522 1683 Sponsi

1993 1703 2166 1751 mora,
2197 1698 2409 1761 tempus
2434 1709 2539 1747 non
2570 1694 2729 1750 breve
2751 1698 2815 1751 ad
2848 1714 2907 1751 se
2928 1704 3351 1769 ostendendum;
3376 1721 3525 1760 som-

348 1785 523 1853 νῆναι·
575 1784 636 1836 τὸ
673 1784 728 1836 δὲ
777 1784 1077 1849 καθεύδειν,
1127 1785 1217 1837 τὸν
1265 1783 1514 1837 Θάνατον·
1561 1784 1621 1837 τὺ
1666 1784 1721 1837 δὲ
1766 1787 1890 1853 περὶ

1950 1817 1964 1867 ι
1993 1792 2115 1842 nus,
2141 1789 2406 1846 mortem;
2442 1783 2613 1836 media
2664 1800 2789 1850 nox,
2824 1796 2914 1841 aut
2942 1789 2993 1842 in
3047 1798 3203 1844 nocte
3254 1808 3528 1848 resurrec-

350 1875 518 1943 μέσας
568 1874 785 1938 νύκτας,
820 1875 853 1943 ἢ
898 1876 980 1928 ὅτι
1022 1876 1078 1927 ὲν
1125 1874 1279 1927 νυκτὶ
1322 1876 1355 1945 η
1403 1874 1711 1937 ἀνάστασις,
1743 1874 1775 1942 ἢ
1812 1875 1890 1926 ὅτι

344 1965 699 2034 ἀπροοράτως
729 1966 821 2017 καὶ
846 1964 1156 2032 ἀγνώστως·
1188 1964 1248 2017 τὸ
1279 1964 1334 2017 δὲ
1362 1965 1578 2033 αἰτῆσαι
1608 1966 1755 2032 παρά
1788 1965 1892 2016 τῶν

344 2057 617 2127 φρονίμων
662 2055 754 2109 καὶ
800 2056 877 2126 μὴ
926 2054 1107 2108 λαϐεῖν
1140 2053 1310 2117 ἔλεον,
1349 2055 1430 2107 ὅτι
1472 2054 1640 2114 οὐδεὶς
1669 2052 1777 2104 τῶν
1812 2052 1890 2105 δι-

343 2147 513 2201 καίων
558 2148 674 2198 ἐκεῖ
701 2144 821 2197 τότε
873 2143 1171 2214 προστῆναι
1215 2158 1359 2205 τινος
1407 2142 1625 2195 δύναται
1678 2144 1710 2214 ἢ
1765 2141 1889 2211 βοη-

346 2234 682 2375 θηοῗΐῙῗίιοὲστιν
716 2321 795 2385 τὸ,
847 2320 1170 2388 Πορεύεσθε
1197 2318 1291 2371 καί
1323 2317 1652 2385 ἀγοράσατε
1680 2333 1697 2380 ;
1722 2315 1889 2368 Τοῦτο

342 2412 494 2466 εἶπεν
529 2415 592 2481 τῇ
629 2412 909 2481 παραϐολῇ
932 2409 1280 2478 παραμένων,
1315 2407 1404 2459 καὶ
1439 2406 1671 2473 ὑφαίνων
1699 2406 1903 2483 αὑτηνχ

343 2503 377 2571 ἢ
407 2501 697 2572 εἰρωνικῶς
724 2500 956 2570 νοητέον,
986 2498 1093 2561 ὅτε,
1125 2498 1307 2567 φησιν,
1334 2497 1431 2547 οὐκ
1464 2495 1627 2547 ἔστιν.

429 2608 560 2663 Κατ’
605 2607 835 2676 ἔλλειψιν
888 2606 1195 2675 περιοδικὴν
1246 2607 1479 2675 εῑρηταν
1544 2602 1717 2654 λείπει
1783 2602 1889 2671 γὰρ

344 2703 533 2761 οὕτως·
570 2703 678 2755 Καὶ
724 2706 751 2754 ὀ
791 2702 988 2771 Κύριος
1017 2700 1331 2753 ἐπιτελέσειο
1372 2700 1403 2768 ἦ
1441 2701 1473 2768 ή
1512 2694 1789 2767 παραϐολὴ
1825 2696 1885 2746 οὐ

346 2793 479 2863 πρὸς
502 2793 871 2855 ἀνταπόδοσιν,
903 2791 1014 2845 ἀλλ’
1042 2790 1116 2853 ὡς
1163 2789 1449 2857 αὐτοτελὴς
1496 2789 1589 2840 καὶ
1628 2786 1717 2837 τοῦ
1754 2802 1885 2853 προ-

352 2902 484 2953 ηγου
493 2886 650 2952 μένου
683 2884 845 2953 ῥητοῦ
877 2882 1021 2934 αίτία
1046 2873 1531 2950 εἴρηται-οἷονρὺκ
1555 2877 1750 2929 οἴδατε
1773 2877 1886 2941 τὴν

342 2974 567 3041 ἡμέραν
590 2972 729 3026 οὐδὲ
759 2972 872 3039 τὴν
892 2972 1048 3039 ὥραν
1067 2972 1137 3023 ἐν
1156 2966 1193 3040 ᾗ
1220 2973 1251 3022 ό
1295 2969 1424 3033 Υἱὸς
1449 2967 1551 3020 τοῦ
1578 2967 1886 3033 ἀνθρώπου

342 3066 591 3133 ἔρχεται.
620 3062 718 3115 Διά
747 3063 797 3114 τί
826 3083 841 3125 ;
874 3064 1082 3129 Ὠσπερ
1120 3061 1226 3129 γὰρ
1259 3058 1541 3127 ἅνθρωπος
1571 3057 1881 3125 ἀποδημῶν,

343 3156 510 3217 οὕτως
544 3154 777 3223 ἔρχεταιο
813 3154 918 3204 ἀπὸ
966 3151 1141 3203 κοινοῦ
1180 3152 1286 3219 γάρ
1318 3149 1395 3211 τὸ,
1430 3148 1678 3214 ἔρχεται·
1711 3146 1769 3198 τὸ
1802 3149 1885 3198 αί-

344 3244 545 3313 φνίδιον
573 3244 628 3294 δὲ
657 3244 741 3294 διὰ
772 3242 928 3293 τοῦτο
960 3241 1282 3309 παρίστησιν
1312 3240 1409 3307 τῆς
1459 3237 1757 3307 παρουσίας
1790 3238 1885 3289 αὑ-

343 3336 457 3389 τοῦ.
495 3329 622 3387 Εῐτα
658 3333 926 3398 ἑξυφαίνει
959 3333 1015 3383 τὸ
1058 3330 1419 3400 παράδειγμα.
1473 3332 1573 3393 Ὃς
1609 3328 1882 3392 ἐκάλεσε,

344 3427 526 3495 φησὶν,
556 3424 695 3490 τοὺς
721 3424 909 3486 ἰδίους
935 3421 1208 3485 δούλους,
1240 3420 1327 3472 καὶ
1376 3420 1518 3488 eis:
1549 3420 1659 3470 ἔστι
1697 3419 1750 3470 δὲ
1794 3419 1886 3470 καὶ

343 3517 510 3587 χωρὶς
555 3515 644 3567 τοῦ
680 3515 783 3567 ἀπὸ
831 3513 1007 3566 κοινοῦ
1059 3513 1118 3564 τὸ
1163 3512 1321 3582 ῥητὸν
1365 3511 1439 3572 ὡς
1482 3510 1591 3579 ἔχει
1639 3509 1886 3579 φράσεως

344 3607 604 3660 ὶκλαὸεἰν·
638 3601 766 3669 οἷον,
802 3605 1122 3673 Γρηγορεῖτε
1163 3599 1274 3663 οὗ),
1321 3603 1401 3653 ὃτι
1453 3602 1551 3651 οὐκ
1584 3600 1757 3651 οἴδατε
1790 3600 1885 3669 τὴν

344 3698 551 3767 ἡμέραν
571 3696 687 3747 οὐδὲ
710 3695 803 3763 τὴν
826 3693 969 3762 ὥραν
990 3696 1045 3744 ὲν
1072 3689 1102 3762 ᾖ
1124 3694 1150 3744 ὁ
1173 3692 1296 3753 Υἱὸς
1316 3691 1405 3743 τοῦ
1430 3690 1707 3759 ἀνθρώπου
1743 3689 1886 3760 ἔρχε-

342 3802 450 3837 ται.
472 3784 567 3834 Διά
578 3784 628 3833 τί
648 3802 662 3846 ;
681 3784 888 3848 Ὥσπερ
906 3783 1009 3849 γὰρ
1031 3780 1305 3847 ἄνθρωπος
1324 3779 1611 3847 ἀποδημῶν
1634 3779 1886 3830 ἐκάλεσεν

344 3877 466 3935 τοὺς
491 3874 648 3932 ξδὶους
677 3871 891 3932 δούλους
934 3873 1021 3922 καὶ
1052 3870 1359 3938 παρέδωκεν
1390 3868 1567 3927 αὐτοῖς
1612 3871 1679 3918 τὰ
1709 3866 1883 3933 ὑπάρ-

345 3977 505 4031 χοντα
564 3960 746 4012 αὑτοῦ·
805 3960 896 4010 καὶ
951 3958 1054 4026 γάρ
1084 3955 1419 4023 ὑποστιγμῆς
1469 3954 1566 4022 μὲν
1618 3954 1755 4005 κατά
1789 3954 1883 4021 τὴν

340 4056 641 4120 ,ἀνάγνωσιν
670 4047 1222 4118 παραλαμϐανομένης
1253 4047 1309 4095 ὲν
1334 4047 1427 4111 τῷ,
1448 4042 1884 4110 ἀποδημῶν-,τε-

344 4142 488 4202 λείας
519 4142 575 4192 ὃὲ
610 4143 664 4191 έν
713 4138 787 4207 τῷ
818 4135 1021 4201 αὐτοῦ,
1074 4135 1325 4196 ἀϐίαστος
1369 4135 1397 4185 ό
1431 4131 1569 4193 νοῦς
1591 4133 1685 4183 καὶ
1714 4136 1747 4199 ἡ
1790 4130 1882 4182 τοῦ

345 4232 500 4297 λόγου
535 4227 805 4290 σύνταξις.

414 4338 511 4388 Διά
531 4336 584 4387 τί
604 4335 749 4402 λέγει
772 4335 853 4386 ὅτι
881 4332 1150 4401 παραδοὺς
1182 4330 1250 4382 τά
1274 4329 1508 4381 τάλαντα
1539 4330 1648 4389 τοῖς
1682 4327 1884 4390 δούλοις

1995 1870 2217 1936 tionem,
2239 1884 2330 1926 aut
2357 1890 2461 1927 non
2489 1877 2659 1930 visam
2687 1894 2857 1947 neque
2878 1884 3142 1950 cognitam
3168 1886 3380 1953 ;petitio
3400 1902 3531 1941 vero

1993 1962 2095 2015 olei
2125 1977 2152 2014 a
2174 1966 2505 2031 sapientibus
2534 1976 2586 2020 et
2623 1971 2851 2037 negatio,
2887 1974 3089 2026 nullum
3109 1975 3383 2042 justorum
3416 1979 3526 2032 illic

1994 2052 2249 2119 prodesse
2275 2062 2367 2105 aut
2400 2070 2555 2122 opem
2597 2055 2735 2111 ferre
2766 2060 2925 2113 alicui
2953 2071 3080 2117 tunc
3103 2079 3283 2131 posse.

2060 2319 2221 2375 Vens.
2258 2324 2309 2376 9.
2346 2324 2479 2388 Quid
2507 2334 2586 2379 est
2617 2345 2629 2379 :
2668 2328 2745 2381 Ite
2774 2340 2821 2381 et
2854 2332 3045 2385 emite?
3096 2333 3149 2387 Id
3189 2336 3319 2389 dicit
3366 2353 3522 2406 para-

1990 2413 2122 2465 bolae
2180 2414 2477 2469 insistendo
2514 2427 2568 2470 et
2604 2419 2746 2473 illam
2798 2424 3151 2490 explicando;
3187 2436 3277 2479 aut
3318 2428 3524 2483 ironice

1989 2502 2365 2570 intelligendus
2392 2516 2474 2559 est
2506 2510 2659 2574 quasi
2688 2524 2793 2563 non
2824 2513 3128 2577 invenietis,
3170 2516 3388 2570 diceret.

2058 2609 2217 2665 Vens.
2246 2614 2330 2665 M.
2360 2614 2458 2668 Per
2490 2617 2700 2684 phrasis
2726 2618 2934 2688 ellipsin
2960 2622 3189 2690 dicitur;
3212 2624 3357 2679 deest
3378 2629 3525 2682 enim

1988 2698 2132 2754 istud
2171 2719 2184 2754 :
2217 2703 2474 2757 Dominus
2523 2708 2783 2761 retribuet
2813 2710 2971 2772 sicut,
3008 2721 3128 2774 etc;
3160 2714 3238 2765 vel
3273 2718 3519 2780 parabola

1987 2803 2092 2843 non
2122 2792 2531 2848 correlation'em
2559 2796 2779 2859 obtinet,
2810 2800 2902 2853 sed
2940 2808 2995 2853 ut
3029 2801 3437 2870 independentis
3467 2818 3520 2859 et

1988 2880 2339 2947 praecedentis
2358 2884 2484 2937 dlt'll
2521 2890 2821 2955 exemplum
2848 2891 3130 2957 exponitur
3159 2909 3172 2956 ;
3205 2895 3360 2959 quale
3400 2906 3477 2948 est
3503 2914 3517 2949 :

1944 3042 1951 3045 Δ
1984 2969 2207 3023 Nescitis
2234 2973 2369 3026 diem
2412 2990 2569 3043 neque
2600 2977 2784 3029 horam
2835 2980 2886 3031 in
2921 2995 3022 3046 qua
3074 2979 3242 3033 Filius
3300 2984 3522 3038 hominis

1987 3061 2171 3113 veniet.
2198 3059 2407 3125 Quare?
2440 3061 2505 3115 Ut
2532 3066 2673 3116 enim
2711 3066 2871 3118 homo
2905 3071 3271 3135 peregrinans,
3324 3073 3401 3124 sic
3430 3089 3518 3126 ve-

1992 3151 2133 3216 niet;
2178 3151 2587 3205 indeterminate
2633 3155 2774 3207 enim
2818 3157 3047 3209 sumitur
3092 3159 3217 3212 illud
3256 3179 3269 3213 :
3324 3160 3518 3217 Veniet.

1989 3238 2346 3308 Repentinum
2378 3251 2554 3295 autem
2580 3258 2612 3311 p
2629 3260 2687 3297 er
2711 3245 2813 3299 hoc
2835 3248 3026 3301 statuit
3047 3248 3163 3315 ejus
3194 3250 3480 3304 adventum
3504 3270 3520 3317 ;

1957 3337 1960 3339 ’
1989 3330 2179 3384 deinde
2208 3333 2439 3401 explicat
2466 3336 2767 3403 exemplum
2803 3352 2815 3388 :
2854 3339 2941 3404 qui
2971 3341 3187 3400 vocavit,
3225 3343 3321 3404 ait,
3352 3359 3521 3395 servos

1989 3436 2131 3485 suos,
2162 3431 2267 3476 etc.
2300 3424 2391 3478 Est
2422 3435 2597 3478 autem
2651 3428 3016 3481 necessarium
3066 3445 3171 3482 non
3211 3430 3521 3485 indetermi-

1990 3524 2136 3577 nate,
2169 3523 2227 3567 ut
2261 3515 2473 3582 phrasis
2502 3531 2557 3569 se
2591 3516 2769 3581 habet,
2810 3517 3011 3571 dictum
3045 3519 3338 3588 intelligere
3367 3538 3380 3574 :
3414 3522 3521 3575 sci-

1991 3605 2136 3668 licet,
2174 3606 2390 3674 vigilate
2418 3622 2567 3675 ergo,
2607 3610 2735 3676 quia
2783 3611 3005 3664 nescitis
3049 3611 3186 3664 diem
3224 3627 3396 3679 neque
3422 3614 3520 3664 lno-

1990 3713 2127 3761 ram,
2151 3698 2202 3750 in
2232 3712 2333 3765 qua
2362 3699 2503 3751 ﬁlius
2529 3698 2761 3751 hominis
2792 3701 2989 3753 veniet.
3017 3702 3191 3765 Quare
3216 3702 3355 3754 sicut
3380 3703 3520 3755 enim

1991 3789 2151 3839 homo
2177 3802 2397 3855 peregre
2448 3788 2790 3853 proficiscens
2835 3789 3044 3841 vocarit
3098 3806 3281 3844 servos
3320 3807 3447 3844 suos
3472 3800 3520 3844 et

1990 3874 2207 3925 tradidit
2230 3874 2333 3925 illis
2356 3874 2491 3925 bona
2519 3889 2634 3926 sua.
2656 3873 2864 3927 Etenim
2892 3890 2985 3941 per
3012 3876 3275 3942 virgulam
3302 3880 3523 3945 legendo

1988 3960 2288 4025 appositam
2322 3967 2438 4024 post
2476 3975 2681 4026 peregre
2710 3961 3055 4027 proﬁciscens,
3111 3973 3364 4029 punctum
3395 3981 3523 4019 vero

1988 4056 2107 4115 post
2139 4063 2254 4108 sua,
2293 4060 2396 4100 non
2434 4060 2614 4099 coacta
2641 4058 2721 4100 est
2763 4049 3107 4118 intelligentia
3161 4058 3214 4102 et
3260 4052 3519 4107 orationis

1988 4134 2249 4203 syntaxis.

2062 4323 2221 4379 Vens.
2258 4326 2340 4379 19.
2389 4325 2497 4380 Cur
2543 4327 2670 4380 dicit
2719 4328 2843 4395 quia
2888 4345 3008 4382 cum
3051 4331 3282 4385 dedisset
3325 4334 3517 4386 talenta

344 4426 696 4495 ἀπεδήμησε;
728 4424 795 4475 Ἥ
839 4423 936 4491 τὴν
967 4420 1341 4491 μακροθυμίαν
1386 4418 1801 4487 ἐνδεικνύμενος,
1851 4417 1882 4485 ἢ

1950 4434 1961 4480 ι
1989 4418 2178 4480 servis,
2215 4417 2486 4485 profectus
2516 4420 2630 4471 est?
2650 4422 2753 4471 Aut
2781 4428 2839 4472 ut
2866 4420 3109 4474 ostendat
3142 4421 3518 4491 longanimita-

347 4518 436 4568 τὸν
464 4516 906 4583 παρατεταμένον
946 4511 1155 4582 καιρὸν,
1192 4512 1355 4580 μέχρι
1384 4510 1481 4579 τῆς
1524 4509 1882 4569 ἀναστάσεως.

347 4604 611 4656 Τὰλαντον
630 4598 720 4655 οὖν
748 4605 781 4671 ὴ
803 4597 1027 4655 ἑκάστου
1053 4602 1272 4669 δύναμις
1292 4602 1354 4668 ἢν
1376 4599 1531 4651 ἔλασε
1552 4598 1700 4667 παρᾶ
1720 4597 1875 4650 Θεοῦ.

347 4693 418 4743 Τὸ
441 4691 682 4753 δὲ,Ἔδει
703 4706 775 4743 σε
798 4690 1149 4744 καταϐαλεῖν
1182 4688 1245 4740 τὸ
1266 4685 1561 4738 τάλαντόν
1573 4702 1713 4750 μου,
1732 4682 1887 4735 τοῦτο

346 4782 511 4850 λέγει,
535 4782 593 4833 τὸ
611 4782 783 4834 είπεϊν
812 4783 903 4835 καὶ
943 4781 1264 4850 παραινέσαι
1297 4778 1390 4830 καὶ
1421 4774 1807 4843 συμϐουλεῦσαι
1853 4774 1883 4842 ἢ

350 4871 809 4939 συμῦουλευθῆναι
850 4876 881 4941 ἢ
912 4871 1319 4942 παραινεθῆναι.
1357 4863 1707 4934 ’Δργύριονδὲ
1733 4864 1886 4916 καλεῖ

349 4965 413 5016 τὰ
426 4962 612 5028 Δόγια·
633 4961 957 5031 τραπεζίτας
976 4964 1055 5028 δὲ,
1070 4966 1190 5023 τοὺς
1210 4959 1518 5019 ἀκούοντας
1540 4956 1693 5007 τόκον
1709 4954 1884 5021 δὲ,τὴν

348 5053 454 5104 τῶν
491 5052 663 5120 ἔργων
696 5052 948 5115 ἐπίδειξιν
978 5053 1073 5105 καὶ
1116 5051 1377 5120 ἐργασίαν
1406 5048 1494 5099 ἐπὶ
1526 5046 1584 5096 τὸ
1621 5046 1879 5113 κρεῖττον’

347 5139 574 5208 ἀρθῆναι
599 5138 654 5190 δὲ
683 5138 890 5191 κελεύει
919 5140 978 5191 τὸ
1006 5140 1155 5193 δοθὲν
1182 5139 1458 5199 τάλαντον,
1482 5132 1620 5187 τοῦτ’
1648 5132 1789 5183 ἔστιν
1820 5130 1880 5181 τὸ

348 5232 605 5298 χάρισμα,
638 5227 728 5279 ἀπ’
756 5229 936 5293 αὐτοῦ,
972 5231 1065 5282 καὶ
1094 5230 1449 5299 προστεθῆναι
1473 5225 1549 5294 τῷ
1582 5223 1770 5292 ἔχοντι’
1802 5221 1886 5272 λέ-

346 5336 432 5386 γει
470 5317 525 5368 δὲ
552 5318 674 5384 περὶ
702 5315 1031 5371 διδασκάλων
1056 5321 1127 5382 ὼς
1151 5320 1244 5371 ἐπὶ
1274 5320 1333 5371 τὸ
1362 5317 1517 5369 πολύ.

418 5518 515 5570 Διά
541 5516 592 5568 τί
622 5516 836 5584 ἐρίφους
864 5515 985 5576 τοὺς
1012 5516 1383 5583 ἁμαρτωλοὺς,
1414 5514 1658 5583 πρόΰατα
1679 5509 1733 5561 δὲ
1761 5510 1883 5569 τοὺς

342 5610 585 5670 δικαίους
625 5608 805 5674 λέγεις
858 5606 978 5657 Ὅτι
1018 5606 1074 5669 ἐξ
1107 5608 1303 5675 ἐρίφων
1343 5606 1595 5675 πρόσοδος
1632 5601 1879 5667 οὐδεμία,

340 5706 413 5755 ὲκ
463 5698 520 5754 δὲ
571 5697 849 5770 προόἀτων
884 5696 1067 5763 πολλὴ,
1103 5696 1160 5757 ἐξ
1206 5697 1370 5765 ἐρίου,
1424 5700 1483 5748 ὲκ
1521 5691 1769 5756 τοκετῶν,
1821 5690 1881 5739 ἐκ

1989 4514 2116 4569 teni,
2142 4516 2231 4560 aut
2263 4517 2471 4574 tempus
2505 4524 2612 4574 quo
2640 4508 2873 4562 distabat
2903 4525 2930 4561 a
2969 4512 3383 4564 resurrectione.
3418 4510 3516 4563 Ta-

1988 4597 2189 4650 lentum
2214 4610 2340 4662 ergo
2380 4604 2459 4647 est
2488 4594 2748 4660 cujusque
2772 4598 2851 4648 vis
2880 4611 3039 4662 quam
3071 4610 3099 4647 a
3134 4596 3239 4649 Deo
3272 4600 3511 4663 recepit;

1988 4684 2114 4737 illud
2138 4692 2317 4736 autem
2346 4700 2358 4735 :
2386 4681 2627 4748 Oportuit
2646 4690 2693 4733 te
2716 4683 3030 4734 committere
3051 4682 3296 4733 talentum
3326 4701 3516 4747 meum,

1986 4776 2181 4827 dicitur
2218 4772 2283 4824 ad
2334 4770 2740 4838 signiﬁcandum
2774 4771 2973 4821 monita
3008 4780 3057 4824 et
3109 4772 3331 4825 consilia
3367 4773 3516 4837 dare,

1985 4871 2078 4915 aut
2111 4860 2310 4914 monita
2350 4870 2402 4911 et
2453 4858 2673 4911 consilia
2709 4858 2951 4926 excipere
2986 4878 2998 4913 :
3028 4862 3305 4928 pecuniam
3339 4872 3513 4916 autem

1986 4958 2141 5004 vocat
2168 4947 2361 5011 verba;
2395 4946 2803 5009 nummularios,
2842 4962 2935 5002 eos
2960 4950 3051 5017 qui
3099 4950 3354 5014 audiunt;
3388 4967 3514 5003 usu-

1985 5053 2099 5090 ram
2127 5049 2253 5087 vcro
2292 5049 2512 5102 operum
2540 5034 3029 5088 manifestationem
3058 5044 3110 5088 et
3145 5038 3507 5103 Operationem

1986 5126 2038 5177 in
2071 5125 2284 5177 melius.
2316 5121 2455 5176 Tolli
2486 5135 2662 5178 autem
2710 5125 2863 5193 jubet
2908 5125 3045 5192 quod
3086 5125 3306 5177 dederat
3341 5125 3512 5175 talen-

1986 5226 2121 5279 tum,
2148 5217 2197 5268 id
2225 5227 2326 5278 est,
2354 5218 2575 5285 gratiam
2611 5232 2727 5286 qua:
2749 5234 2809 5271 ex
2858 5218 2947 5269 illo
2977 5225 3076 5279 est,
3110 5224 3163 5266 et
3189 5215 3306 5266 addi
3335 5214 3382 5265 ei
3423 5215 3510 5281 qui

1986 5307 2175 5371 habet;
2235 5306 2472 5375 loquitur
2525 5309 2588 5361 de
2641 5307 2952 5361 doctoribus
3002 5314 3059 5357 ut
3116 5305 3167 5355 in
3234 5302 3512 5369 superiore

1984 5397 2171 5464 gradu.
2246 5465 2248 5467 γ

2059 5503 2215 5558 Vens.
2257 5506 2344 5559 55.
2402 5505 2508 5559 Cur
2559 5506 2738 5559 haedos
2778 5511 3102 5571 peccatores,
3153 5514 3286 5551 oves
3336 5507 3511 5550 autem

1979 5595 2155 5658 iustos
2183 5593 2520 5660 vocat?Quia
2561 5611 2623 5648 ex
2677 5594 2841 5646 hazdis
2874 5601 3158 5659 proventus
3207 5588 3405 5651 nullus,
3447 5604 3511 5639 cx

1984 5685 2178 5738 ovibus
2231 5695 2405 5739 autem
2451 5686 2671 5745 multus.
2734 5682 2786 5735 in
2818 5682 2961 5746 lana,
3009 5679 3291 5748 partubus,
3355 5680 3502 5743 tacte,
