4138 6342
563 1221 572 1229 ’
649 1225 810 1278 Abias

665 296 797 360 1179

1359 302 1740 361 muscum
1783 278 2400 362 SCR‘ll’TUllISTICA
2445 304 2784 364 meum
2829 302 3128 363 maris.

3732 299 3865 363 1130

661 415 788 468 Illud
824 417 911 469 cui
946 415 1130 468 titulus
1156 426 1235 470 est
1263 415 1326 469 ad
1360 418 1634 486 Aigyptios
1664 418 2028 487 Erangeliuni,
2052 428 2103 472 ct
2127 419 2209 472 cui

2317 419 2789 487 ἐπιγεγραμμένον
2833 418 2971 470 κατά
3026 415 3350 482 Αἰγυπτίους
3395 415 3740 482 Εύαγγέλιον,
3769 417 3864 470 καὶ

661 508 848 560 titulus
877 506 1218 573 Evangelium
1253 507 1529 561 duodecim
1576 509 1810 562 scribere
1841 512 2012 561 cenati
2061 520 2206 572 sunt,

670 596 762 648 sed
797 596 1119 649 mendaciter
1141 600 1241 650 sub
1287 599 1513 650 aliorum
1568 601 1802 653 nomine.
1863 599 2210 669 Evangelistze

660 683 801 736 enim
831 701 934 736 non
962 687 1136 739 eouati
1169 698 1310 750 sum,
1345 704 1439 742 nec
1498 690 1807 754 imperfecta
1855 693 2206 757 reliquerunt,

661 790 766 826 non
795 775 1076 828 scribendo
1114 777 1279 840 bene;
1305 781 1634 844 scripserunt
1679 782 1819 832 enim
1854 797 1915 832 ex
1944 782 2169 833 veritate
2193 801 2204 834 :

660 865 783 929 quia
817 867 955 930 quod
984 867 1108 919 dicit
1134 866 1348 930 Paulus,
1381 870 1542 936 Cujus
1567 870 1683 924 laus
1706 881 1778 922 est
1813 885 1876 922 ex
1904 869 2206 938 Evangelia,

659 951 853 1006 Lucani
885 956 1127 1024 designat
1155 967 1207 1010 ιιι
1245 961 1574 1026 apostolum.

733 1042 884 1097 ιἐιις.
919 1044 969 1098 5.
1003 1046 1140 1111 Quid
1180 1048 1327 1109 dicit,
1354 1048 1394 1101 E
1423 1049 1536 1100 vice
1568 1048 1736 1100 Abia?
1761 1033 1893 1112 Quia
1923 1048 2030 1101 duo
2059 1059 2210 1102 erant

656 1135 872 1190 alternis
921 1138 1127 1192 vicibus
1196 1139 1453 1193 facientes
1517 1141 1794 1207 Iitnrgiain
1875 1140 2205 1202 sacerdotes,

870 1235 924 1278 et
953 1225 1264 1280 Zacharias.
1299 1228 1432 1280 Cum
1463 1229 1624 1296 igitur
1655 1229 1752 1281 iste
1793 1230 2206 1290 ministraverat,

655 1262 810 1278 ,ιι-...ο
870 1262 924 1278 ...
953 1262 1264 1280 “unum”.
1299 1262 1432 1280 νυ...
1465 1262 1612 1296 ,διιιη
1655 1262 1751 1281 me
1793 1262 2206 1290 "unm-amat,

655 1327 779 1384 post
813 1262 956 1370 dlum
992 1319 1281 1383 ministrat,
1315 1321 1510 1388 inquit,
1543 1319 1852 1373 Zacharias.
1883 1322 2058 1374 Primo
2083 1323 2206 1388 qui-

654 1406 772 1458 dem
805 1416 1026 1473 aspectu
1059 1408 1398 1462 sacerdotem
1445 1418 1630 1469 terret,
1679 1419 1732 1462 ut
1785 1412 2207 1477 circumspectus

655 1493 823 1559 magis
857 1495 957 1548 hoc
983 1505 1187 1550 terrore
1218 1497 1390 1550 lactus
1445 1498 1665 1564 recipiat
1719 1499 1959 1549 Letanter
2011 1511 2208 1566 myste-

655 1581 817 1634 rium.
857 1582 993 1646 Quid
1024 1592 1109 1636 est
1145 1584 1429 1636 hoc?dirit
1451 1603 1464 1635 :
1490 1600 1629 1652 saepe
1660 1586 1900 1638 victimas
1938 1587 2208 1640 adducens

562 1706 578 1723 .
657 1669 902 1738 angelum
943 1685 1048 1724 non
1081 1671 1354 1726 videram?
1394 1675 1571 1725 Aaron
1630 1675 1832 1740 primus
1866 1677 2203 1727 sacerdotum

656 1760 906 1828 princeps
933 1775 1039 1814 non
1064 1761 1194 1814 vidit
1220 1763 1490 1830 ang-lum,
1537 1779 1656 1816 cum
1731 1765 1947 1816 intraret
1995 1765 2045 1816 in
2079 1767 2214 1817 San-

656 1857 825 1909 ctum,
859 1865 1031 1918 neque
1095 1850 1322 1906 Josedi-c
1403 1868 1627 1920 magnus
1686 1853 1772 1907 ille
1821 1854 2093 1907 sacerdos.
2159 1854 2213 1906 lu

655 1941 923 1994 anxietate
1007 1933 1168 2010 igitur
1231 1942 1489 1998 Zacharia
1578 1955 1811 2004 versato,
1884 1954 1937 1998 et
2019 1961 2213 2012 magno

657 2030 847 2084 timore
869 2034 1172 2098 perterrito.
1204 2033 1442 2102 ignotum
1484 2035 1629 2088 enim
1689 2034 1902 2086 interim
1934 2043 2050 2088 erat
2083 2051 2208 2104 pro-

655 2119 886 2185 positum
937 2123 1313 2188 apparitionis,
1349 2137 1532 2176 vocem
1578 2123 1762 2189 dirigit
1806 2121 2018 2177 Gabriel
2059 2141 2214 2178 secu-

655 2206 863 2259 ritatem
924 2208 997 2260 illi
1055 2222 1339 2275 prmStaus.
1407 2211 1547 2262 Dixit
1595 2220 1772 2262 autem
1823 2211 1894 2264 illi
1946 2214 2209 2282 angelus:

657 2293 740 2349 Νι
779 2299 984 2360 timeas,
1020 2298 1300 2354 Zacharia.
1327 2300 1504 2353 Primo
1537 2302 1750 2368 quidem
1802 2306 1918 2368 ejus
1966 2308 2209 2362 timorem

654 2396 886 2448 amovet,
920 2398 976 2440 ut
1014 2389 1195 2441 animo
1233 2405 1338 2442 non
1383 2391 1596 2443 turbato
1639 2391 1813 2458 angeli
1851 2395 2008 2448 verba
2058 2399 2208 2450 exci-

655 2476 785 2542 piat.
822 2473 890 2528 Ut
913 2476 1055 2529 enim
1096 2478 1147 2530 in
1196 2480 1451 2546 agitatam
1504 2483 1701 2537 undam
1757 2499 1870 2555 non
1915 2485 2038 2539 licet
2074 2488 2209 2541 visui

653 2574 964 2633 penetrare,
991 2568 1060 2619 ita
1092 2569 1279 2622 timore
1322 2572 1529 2624 turbata
1560 2589 1712 2628 mens
1747 2589 1849 2627 non
1913 2590 2076 2643 capax
2131 2587 2214 2630 est

655 2655 950 2719 accipiendi
1001 2657 1296 2710 doctrinam
1365 2661 1548 2725 ullam,
1589 2663 1824 2730 quandiu
1876 2664 2065 2719 timore
2107 2683 2209 2719 non

653 2743 826 2798 soluta
873 2753 976 2800 est.
1011 2745 1134 2801 Ideo
1181 2749 1312 2802 dixit
1344 2751 1390 2802 ei
1428 2768 1440 2803 :
1489 2751 1568 2805 Ne
1590 2755 1771 2807 linteas
1793 2770 1809 2815 ;
1834 2770 1935 2807 non
1966 2757 2119 2810 venio
2144 2759 2210 2812 ad

655 2843 705 2887 te
734 2833 912 2890 ferens
934 2836 1213 2892 molestum
1260 2843 1527 2906 nuntium,
1554 2859 1657 2896 non
1693 2846 1864 2898 minas
1909 2847 1958 2900 in
2000 2858 2207 2915 gentem

653 2925 947 2993 proferens,
965 2944 1071 2984 non
1105 2939 1162 2984 ut
1182 2929 1394 2986 Samuel
1419 2933 1551 2995 Ileli,
1573 2937 1856 2991 sacerdotii
1879 2940 2202 2994 ablationeiu

652 3029 926 3070 numiaus.

718 3101 883 3156 Vens.
918 3107 1003 3160 ll.
1033 3107 1143 3160 Cur
1176 3123 1204 3161 a
1234 3107 1436 3164 dextris
1464 3111 1651 3164 altaris
1687 3113 1893 3168 incensi
1932 3118 2076 3171 stetit
2103 3133 2202 3171 an-

651 3192 834 3257 gelus?
863 3194 987 3259 quia
1023 3196 1271 3249 dextrum
1313 3201 1558 3253 nuntium
1591 3201 1818 3255 all'crens
1850 3206 2052 3258 aderat.
2091 3207 2200 3260 Cur

651 3278 813 3337 dicit:
843 3281 1042 3334 Alteris
1070 3283 1303 3336 ﬂicemi?
1335 3286 1468 3350 Quia
1503 3297 1619 3340 erat
1648 3291 1813 3342 etiam
1845 3293 2073 3345 alterum
2117 3294 2200 3345 al-

653 3373 708 3417 ta
721 3379 777 3418 re
808 3381 1008 3420 {meum
1045 3369 1394 3423 oblatiouum.

725 3543 889 3600 Vens.
919 3548 1003 3600 l5.
1033 3547 1289 3612 Quasnam
1321 3557 1405 3603 est
1429 3550 1730 3604 connexio?
1756 3551 1860 3604 Pro
1889 3553 2087 3620 populo
2113 3555 2203 3609 dc-

653 3639 889 3708 frecanti
924 3637 1218 3702 Zachariaz,
1253 3642 1474 3710 angelus
1500 3643 1631 3695 dicit
1664 3662 1677 3696 :
1711 3643 1969 3698 Exaudita
1993 3655 2076 3699 est
2105 3649 2200 3700 de-

651 3729 891 3796 precatio
923 3741 1040 3795 tua;
1073 3741 1124 3782 et
1159 3733 1222 3786 de
1261 3749 1369 3801 quo
1396 3734 1524 3788 dicit
1554 3748 1570 3786 :
1610 3734 1790 3791 Parics
1837 3737 2043 3790 tilium?
2074 3739 2198 3807 quia

652 3817 884 3875 Joannes
904 3822 1128 3876 debebat
1150 3825 1432 3879 ostendere
1451 3825 1727 3882 Christum
1743 3830 1959 3898 populo,
1980 3830 2194 3883 dicens:

650 3906 783 3963 Ecce
823 3913 995 3978 Agnus
1051 3910 1164 3972 Dei,
1214 3913 1304 3979 qui
1350 3915 1483 3966 tollit
1513 3927 1778 3982 peccatum
1830 3919 2033 3981 mundi,
2069 3921 2198 3973 illud

651 3999 815 4070 igitur
847 4017 971 4070 erga
1009 4005 1264 4072 pepulum
1300 4005 1502 4059 dictum
1535 4016 1640 4060 est.

718 4179 881 4233 Vens.
926 4182 1011 4234 l7.
1041 4181 1179 4246 Quid
1221 4191 1303 4236 est
1338 4201 1352 4235 :
1391 4181 1456 4234 In
1482 4185 1670 4249 spiritu
1715 4196 1764 4237 et
1795 4187 1985 4238 virtute
2021 4188 2202 4241 Elite!

653 4262 716 4318 In
739 4269 954 4332 spiritu,
974 4269 1215 4336 quidem,
1238 4271 1377 4334 quod
1401 4269 1649 4322 eumdem
1676 4271 1932 4338 Spiritum
1953 4284 2198 4326 sanctum

2311 509 2370 560 τὸ
2394 510 2868 578 ἐπιγεγραμμένον
2895 509 3000 559 τῶν
3034 507 3249 558 Δώδεκα
3282 507 3603 572 Εὑαγγέλιον
3624 509 3866 578 ἀναγρα-

2308 597 2506 663 ψαντες
2532 597 2911 666 ἐπεχείρησαν,
2939 596 3073 651 ἁλλά
3107 595 3312 662 ψευδῶς
3346 597 3422 655 είς
3457 595 3629 647 ἄλλων
3669 596 3858 665 διομα.

2311 686 2447 737 etas
2492 685 2876 751 εὐαγγελισταὶ
2920 684 3018 736 οὐκ
3065 683 3426 751 ἐπεχείρησαν
3473 685 3566 734 καὶ
3599 683 3860 736 ἀτέλεστα

2312 776 2615 839 κατέλιπον,
2647 775 2734 827 δια
2764 775 2822 828 τὸ
2859 774 2932 843 μὴ
2981 772 3158 836 καλῶς
3207 773 3433 842 γράψαι·
3470 771 3711 840 ἔγραψαν
3751 775 3860 840 γὰρ

2309 867 2540 934 ἀληθῶς,
2589 867 2669 918 ὅτι
2699 865 2725 917 6
2766 865 2910 930 λέγει
2941 866 2968 916 6
3000 862 3225 926 Παῦλος,
3251 859 3333 917 Οὗ
3355 865 3385 914 ό
3405 863 3648 926 ἔπαινος
3698 863 3766 914 ἐκ
3793 863 3856 930 ιι.

2307 957 2396 1026 ἐν]
2420 956 2496 1020 τῷ
2525 955 2974 1023 Εὐαγγελίῳ,τδν
3003 955 3214 1007 Δουκίν
3241 955 3386 1019 λέγει
3416 954 3508 1006 τὸν
3541 953 3858 1006 ἀπόστολον.

2378 1048 2440 1098 Τί
2479 1048 2622 1112 λέγει
2646 1046 2703 1109 ἐξ
2726 1045 3026 1114 ἐφημερίας
3071 1045 3253 1110 ’Λϐιάς
3287 1045 3406 1097 Ὀτι
3434 1043 3528 1096 δύο
3556 1039 3694 1113 ἦσαν
3717 1044 3862 1096 κατά

2309 1140 2558 1208 διαδοχὴν
2588 1142 2750 1208 ἱερεῖς
2782 1140 2878 1208 τὴν
2904 1137 3243 1207 λειτουργίαν
3287 1136 3584 1200 ποιοῦντες,
3613 1139 3640 1189 6
3682 1136 3858 1199 'A6ti,

2310 1226 2401 1277 καὶ
2427 1227 2454 1276 6
2482 1227 2770 1295 Ζαχαρίας.
2811 1227 2959 1279 Ἐπεὶ
2977 1221 3068 1280 οῦν
3093 1228 3297 1291 ἰκτῖνος
3319 1226 3700 1297 ὲλειτούργησε
3734 1226 3856 1294 μετ’

2309 1318 2514 1367 ἐκεῖνον
2537 1317 2859 1386 λειτουργεῖ,
2891 1316 3043 1386 φησὶ,
3080 1316 3370 1387 Ζαχαρίας.
3400 1316 3617 1386 Πρῶτον
3650 1316 3749 1386 μὲν
3777 1316 3859 1379 τῷ

2309 1407 2548 1474 σχήματι
2577 1407 2665 1457 τὸν
2700 1407 2847 1476 ἱερέα
2899 1406 3070 1473 φοϐεῖ,
3117 1405 3185 1458 ἶν’
3229 1406 3615 1475 εὐλαϐέστερος
3653 1407 3862 1466 ἐκεῖνος

2307 1496 2383 1564 τῷ
2424 1497 2573 1566 φόϐῳ
2606 1498 2914 1565 γενόμενος,
2941 1497 3158 1566 δέξηται
3193 1497 3502 1567 περιχαρώς
3535 1499 3595 1548 τὸ
3647 1497 3860 1566 μυστή-

2310 1604 2444 1654 ριον.
2476 1589 2540 1639 Τί
2579 1588 2731 1640 τοῦτο
2758 1589 2895 1658 γάρς
2936 1589 3068 1658 φησί
3104 1603 3120 1620 ο
3161 1589 3418 1650 πολλάκις
3464 1588 3652 1648 θυσίας
3691 1604 3864 1655 προσ-

2316 1676 2537 1742 αγαγὼν
2565 1677 2790 1742 ἄγγελον
2818 1679 2914 1729 οὐκ
2942 1679 3247 1746 ἐθεασάμην
3265 1678 3391 1730 ὀὐκ
3425 1677 3633 1747 ’Λαρὼν
3655 1680 3682 1729 6
3711 1677 3862 1744 πρῶ-ι

2318 1783 2404 1827 τος
2425 1768 2709 1834 ἀρχιερεὺς
2750 1766 2976 1833 ἄγγελον
3008 1764 3144 1819 εἶδεν
3179 1770 3258 1827 εἰς
3296 1767 3386 1819 τὸν
3421 1768 3546 1818 ναὸν
3581 1767 3862 1844 εἰσελθὼν,

2317 1856 2414 1905 οὐκ
2460 1855 2697 1906 Ἰωσεδὲκ
2723 1856 2750 1905 6
2795 1855 2969 1922 ίερεὺς
2999 1856 3026 1906 6
3070 1854 3260 1922 μέγας.
3314 1855 3401 1906 Ἑν
3431 1855 3652 1924 ἀπόροις
3682 1856 3864 1906 τοίνυν

2318 1943 2606 2010 ὑπάρχοντι
2632 1940 2705 2011 τῷ
2737 1942 2996 2012 Ζαχαρία,
3036 1943 3127 1994 καὶ
3160 1943 3308 2011 φόϐῳ
3342 1942 3520 2010 πολλῷ
3557 1944 3861 2010 κατεχομέ-

2314 2051 2387 2102 νῳ
2416 2033 2625 2102 (ἄδηλος
2651 2034 2757 2103 γὰρ
2787 2033 2918 2094 τέως
2964 2034 2992 2086 6
3021 2035 3218 2096 σκοπὸς
3250 2033 3346 2100 τῆς
3371 2033 3544 2100 ὂψεως
3582 2029 3690 2101 ἦν).
3728 2034 3863 2102 ῥήτ-

2316 2139 2395 2172 σει
2427 2122 2608 2190 φωνὴν
2627 2123 2762 2190 πρὸς
2782 2122 2942 2173 αὑτὸν
2958 2125 2984 2173 6
3007 2121 3243 2189 Γαϐριὴλ
3262 2122 3617 2191 χειραγωγῶν
3639 2120 3859 2189 ἀφοϐίᾳ·

2312 2212 2461 2267 εἶπεν
2486 2216 2540 2266 δὲ
2571 2215 2705 2285 πρὸς
2735 2215 2894 2268 αὑτὸν
2925 2213 3173 2282 ἄγγελος⁶
3206 2214 3299 2280 Μὴ
3338 2214 3545 2282 φοϐοῦ,
3576 2215 3861 2281 Ζαχαρία.

2315 2307 2534 2372 Πρῶτον
2590 2307 2686 2374 μὲν
2716 2305 2880 2358 αὑτοῦ
2913 2305 3116 2358 διαλύει
3144 2306 3231 2358 τὸν
3272 2306 3455 2372 φόϐον,
3493 2305 3557 2357 ἵν’
3603 2305 3863 2373 ἀταράχῳ

2312 2401 2376 2466 τῇ
2404 2398 2547 2467 ψυχῇ
2593 2398 2691 2466 τὴν
2724 2397 2981 2464 ἀγγελίαν
3018 2397 3340 2465 είσδὲξηται.
3371 2397 3580 2467 Ὠσπερ
3621 2398 3729 2466 γαρ
3769 2397 3865 2449 ἐπὶ

2314 2487 2655 2556 σαλευομένῳ
2707 2488 2855 2539 ὕδατι
2905 2489 3004 2540 οὐκ
3058 2487 3259 2539 ἔνεστιν
3308 2487 3548 2556 ἀκριϐῶς
3588 2489 3688 2558 τὴν
3737 2488 3864 2555 ὕψιν

2312 2578 2739 2646 ἐνοπτρίζεσθαι,
2789 2579 2962 2641 οὕτως
3008 2578 3156 2646 φόϐῳ
3190 2580 3520 2647 σαλευομένη
3566 2579 3729 2648 ψυχὴ,
3763 2579 3863 2647 οὐχ

2311 2669 2397 2720 οἵα
2427 2685 2485 2720 τε
2514 2669 2765 2732 δέξασθαι
2799 2669 3142 2722 διδασκαλίαν
3165 2670 3283 2722 τινὰ
3312 2671 3386 2739 μὴ
3423 2671 3751 2740 καθαρθεῖσα
3785 2670 3865 2739 τῷ

2313 2759 2460 2826 φόϐῳ
2486 2776 2498 2787 ·
2529 2759 2616 2811 διὰ
2647 2759 2798 2811 τοῦτο
2853 2758 2970 2812 είπε
3008 2761 3141 2828 πρὸς
3183 2760 3360 2812 αὐτόν’
3390 2761 3483 2826 Μὴ
3510 2761 3698 2828 φοϐοῦ
3720 2779 3732 2791 ο
3761 2762 3862 2829 οὐχ

2309 2851 2428 2920 ἥκω
2463 2867 2544 2902 σοι
2592 2852 2770 2919 φέρων
2801 2850 3046 2921 λυπηρὰν
3095 2852 3436 2918 ἀναγγελίαν,
3482 2853 3580 2905 οὐκ
3628 2853 3862 2922 ἀπειλὴν

2311 2943 2448 2992 κατά
2472 2941 2564 2993 τοῦ
2605 2942 2786 3002 ἔθνους
2812 2942 3071 3008 κομίζων,
3108 2943 3202 3010 οὐχ
3230 2942 3415 3013 ὥσπερ
3447 2946 3476 2996 6
3504 2944 3755 3013 Σαμουὴλ
3783 2943 3862 3011 τῷ

2236 3045 2278 3101 c
2323 3034 2477 3102 Ἠλίᾳ
2498 3035 2805 3102 ἀνατροπὴν
2834 3032 3126 3102 ἱερωσύνης
3156 3033 3395 3102 μηνύων.

2375 3122 2471 3172 Διά
2523 3123 2574 3172 τί
2616 3123 2679 3172 ἐκ
2737 3121 2923 3185 δεξιῶν
2970 3121 3064 3173 τοῦ
3115 3122 3500 3191 θυσιαστηρίου
3548 3123 3790 3188 εἱστήκει
3830 3123 3858 3173 6

2301 3211 2567 3278 ἄγγελοςς
2618 3213 2736 3263 Ὀτι
2775 3211 2942 3274 δεξιὸν
2980 3213 3200 3280 μήνυμα
3234 3213 3473 3279 κομίζων
3519 3212 3719 3279 παρῆν.
3755 3213 3856 3262 ,ιιά

2302 3303 2353 3352 τί
2408 3297 2582 3362 εἶπεν,
2639 3301 2748 3351 Τοῦ
2809 3301 3238 3364 θυσιαστηρίου
3291 3301 3398 3353 τοῦ
3461 3301 3857 3367 θυμιάματος-ς

2315 3389 2535 3454 Ἐπειδὴ
2565 3385 2632 3455 ἦν
2666 3387 2759 3438 καὶ
2804 3386 2987 3452 ἓτερον
3039 3385 3270 3452 χαλκοῦν
3327 3386 3708 3452 θυσιαστήριον
3742 3386 3858 3436 τῶν

2304 3494 2371 3528 κα
2379 3494 2498 3545 ρπω
2507 3479 2706 3543 μάτων.

2375 3567 2506 3618 Ποία
2535 3567 2679 3618 ἐστὶν
2709 3566 3014 3630 ἀκολουθία,
3054 3566 3132 3617 ὅτι
3173 3564 3308 3632 ὑπὲρ
3337 3563 3427 3616 τοῦ
3451 3561 3579 3617 λαοῦ
3609 3580 3856 3632 παρακα-

2303 3654 2518 3717 λοῦντος
2566 3657 2853 3726 Ζαγαρίου,
2907 3654 3322 3722 εἰσακουσθῆναί
3375 3671 3504 3724 φησι
3531 3655 3629 3724 τὴν
3671 3655 3857 3721 δέησίν

2303 3765 2395 3799 σου
2450 3751 2476 3799 6
2504 3747 2767 3815 ἄγγελοςς
2826 3750 2920 3800 καὶ
2967 3751 3092 3816 περὶ
3133 3747 3273 3808 τίνος
3309 3743 3479 3798 εἶπεν
3539 3746 3646 3800 Kal
3673 3746 3852 3811 λήψῃ

2312 3839 2489 3902 Υἱόν;
2527 3839 2747 3909 Ἐπειδὴ
2776 3840 2804 3889 6
2842 3840 3088 3907 'lwiwrp;
3121 3837 3308 3905 ἔμελλε
3341 3836 3604 3888 δεικνύειν
3633 3836 3708 3904 τῷ
3740 3836 3855 3902 λαῷ

2299 3927 2388 3979 τὸν
2421 3930 2650 3996 Χριστὸν
2673 3929 2870 3994 λέγων,
2900 3926 3022 3980 Ἰδε
3044 3930 3074 3980 d
3093 3926 3279 3995 ἀμνὸς
3305 3925 3408 3978 τοῦ
3437 3925 3581 3979 Θεοῦ
3604 3928 3634 3977 ό
3669 3926 3855 3990 (κίμων

2301 4016 2411 4082 τὴν
2461 4017 2751 4082 ἁμαρτίαν
2800 4016 2902 4069 τοῦ
2945 4018 3173 4084 κόσμου
3200 4032 3215 4046 ο
3241 4015 3379 4083 ὑπὲρ
3415 4014 3508 4067 τοῦ
3563 4013 3692 4066 λαοῦ
3743 4014 3853 4081 ἄρα

2301 4108 2455 4158 τοῦτό
2494 4109 2657 4158 ἐστιν.
2850 4099 2855 4102 ’

2373 4195 2437 4245 Τί
2467 4196 2582 4246 ἐστι
2627 4192 2708 4251 τὸ,
2747 4193 2848 4244 ἐν
2875 4191 3161 4257 πνεύματι
3187 4189 3281 4240 καί
3325 4185 3573 4254 δυνάμει
3606 4186 3806 4240 Ἠλιοῦ
3831 4201 3853 4249 ;

2300 4281 2374 4333 T6
2411 4282 2530 4349 μὲν,
2567 4283 2661 4331 Ἐν
2687 4281 2996 4346 πνεύματι,
3044 4280 3124 4330 δτι
3161 4279 3219 4329 τὺ
3266 4277 3396 4328 αὐτὸ
3438 4277 3590 4341 ἅγιον
3625 4277 3851 4345 Πνεῦμα

652 4355 872 4407 habebit
909 4371 972 4408 ac
1000 4355 1173 4419 Elias;
1217 4355 1279 4408 In
1310 4360 1494 4410 virtute
1541 4371 1744 4421 autem,
1781 4374 1995 4429 propter
2040 4367 2196 4419 mini-

2305 4369 2411 4431 ἕξει
2442 4371 2533 4421 καὶ
2560 4369 2587 4420 6
2625 4368 2826 4430 Ἠλίας·
2857 4369 2915 4420 τὸ
2948 4367 3025 4430 δὲ,
3077 4369 3178 4420 Ἐν
3212 4365 3478 4434 δυνάμει,
3512 4366 3597 4418 διὰ
3637 4366 3697 4417 τὸ
3752 4366 3850 4433 μέ·

653 4442 800 4494 sterii
817 4443 1260 4510 magnitudinem.
1285 4445 1416 4498 Nam
1440 4446 1659 4500 secundi
1682 4449 1897 4515 quidem
1929 4451 2194 4507 adventus

654 4533 800 4585 Elias
833 4549 1007 4601 ριξηεο
1025 4538 1149 4596 erit,
1175 4536 1410 4591 Joannes
1439 4555 1564 4591 vero
1596 4542 1784 4608 primi;
1812 4543 1887 4593 vel
1921 4545 1985 4597 de
2017 4547 2202 4598 volun-

657 4631 762 4675 tate
787 4631 839 4676 et
870 4626 1125 4694 prodigiis
1157 4628 1283 4682 Elia:
1314 4630 1539 4699 intelligi
1565 4632 1725 4685 etiaut
1760 4646 1952 4699 potest,
1982 4640 2200 4691 utarhi-

653 4723 786 4768 tror.
817 4715 1096 4778 Quomodo
1117 4721 1515 4790 intelligendum
1539 4724 1668 4777 illud
1699 4743 1711 4778 :
1742 4725 2003 4781 Couvertet
2034 4730 2197 4783 corda

650 4815 856 4871 patrum
917 4808 967 4856 in
1019 4809 1198 4873 ﬁlios?
1260 4811 1423 4866 Filios
1487 4817 1763 4882 apostolos
1815 4818 1963 4883 dicit,
2019 4832 2199 4890 patres

653 4908 832 4948 autem
863 4895 1105 4961 Judteos;
1139 4912 1415 4954 convertet
1439 4904 1598 4971 igitur
1626 4904 1839 4962 .Iudazos
1865 4908 1930 4961 ad
1967 4919 2185 4977 aposto-

651 4985 822 5039 lorum
861 4987 1316 5054 praidicationem.
1369 4991 1467 5054 Qui
1518 4998 1658 5046 enim
1713 4997 1777 5050 de
1830 4999 2046 5053 Christo
2097 5002 2200 5053 tale

654 5082 1021 5134 testiinonium
1048 5082 1343 5148 perhibuit,
1374 5087 1652 5151 conjunxit
1683 5091 1866 5143 eodem
1893 5090 2200 5144 testimonio

651 5172 855 5224 Christi
905 5173 1226 5240 discipulos,
1275 5182 1328 5224 et
1372 5189 1435 5226 ex
1489 5175 1586 5227 hoc
1636 5179 1736 5231 illis
1783 5181 2196 5233 credibilitatcni

655 5266 916 5326 asseruit;
960 5266 1036 5318 sic
1067 5265 1231 5329 cuitu,
1281 5263 1587 5318 Im-redulos
1628 5269 1692 5318 ad
1725 5271 2054 5334 prudentium
2105 5270 2202 5337 ju-

655 5362 875 5418 storuni,
907 5356 1304 5426 intelligendum
1338 5367 1440 5411 est.

728 5529 894 5584 Vens.
929 5535 1018 5587 (ΞΟ.
1054 5535 1220 5600 Quam
1255 5540 1322 5590 ob
1369 5555 1584 5593 causam
1625 5539 1914 5592 Zacharias
1948 5541 2202 5594 ha‘sitaus

661 5623 1020 5690 reprehensus
1083 5638 1205 5690 est,
1279 5627 1434 5697 Vir-5o
1513 5647 1636 5682 vero
1723 5629 1974 5684 lia-sitatis
2041 5632 2198 5683 etiam

2304 4453 2461 4520 γεθος
2518 4454 2616 4522 τῆς
2677 4454 2968 4516 διακονίαςο
3025 4454 3052 4506 6
3102 4456 3196 4522 μὲν
3251 4454 3357 4524 γὰρ
3404 4456 3498 4521 τῆς
3532 4454 3786 4524 δευτέρας
3821 4455 3853 4504 6

2316 4545 2497 4608 ἸΙλίας
2527 4547 2824 4615 παρουσίας
2857 4547 3007 4599 ἔσται
3056 4545 3250 4616 κῆρυξ,
3283 4546 3310 4596 6
3366 4543 3613 4613 Ἰωάννης
3643 4544 3698 4596 δὲ
3749 4545 3849 4612 τῆς

2303 4635 2546 4704 πρώτης*
2577 4637 2609 4705 ἢ
2643 4637 2699 4689 τὸ
2751 4640 2807 4690 ιν
2853 4639 3167 4708 προαιρέσει
3230 4635 3407 4689 ἸΙλιοῦ
3464 4639 3557 4689 καὶ
3607 4636 3850 4705 θαύμασι

2303 4725 2588 4793 νοὴσομεν,
2617 4725 2690 4788 ὡς
2724 4727 2981 4796 ἡγοῦμαι.
3031 4728 3149 4788 Πῶς
3189 4725 3402 4791 νοητέον
3431 4725 3511 4787 τὸ,
3551 4723 3853 4789 Ἐπιστρέ-

2303 4813 2412 4876 ψαι
2461 4814 2705 4878 καρδίας
2773 4814 3038 4881 πατέρων
3078 4814 3171 4865 ἐπὶ
3219 4814 3430 4875 τέχνας
3487 4813 3660 4864 Τέκνα
3719 4813 3851 4874 τοὺς

2302 4901 2625 4966 ἀποστόλους
2653 4903 2821 4971 λέγει,
2850 4905 3088 4973 πατέρας
3117 4904 3170 4954 δὲ
3188 4903 3312 4963 τοὺς
3347 4901 3653 4962 Ἰουδαίους.
3696 4902 3849 4954 Ἐπι⁹

2306 4991 2522 5058 στρέψει
2561 4989 2651 5045 οὖν
2677 4995 2800 5056 τοὺς
2840 4994 3120 5053 Ἰουδαίους
3148 4994 3226 5054 εἰς
3254 4991 3353 5059 τὴν
3401 4990 3509 5043 τῶν
3537 4991 3852 5044 ἀποστόλων

2301 5082 2662 5136 διδασκαλίαν.
2717 5084 2772 5136 '0
2795 5087 2902 5152 γὰρ
2940 5083 3066 5151 περὶ
3090 5081 3320 5147 Χριστοῦ
3373 5080 3594 5135 τοιαῦτα
3635 5099 3851 5152 μαρτυ-

2305 5173 2492 5238 ρήσας,
2536 5174 2887 5241 συνεισήγαγε
2935 5174 2996 5240 τῇ
3061 5171 3194 5237 αὐτῇ
3251 5170 3520 5240 μαρτυρίᾳ
3569 5172 3661 5222 καὶ
3720 5172 3851 5234 τοὺς

2303 5263 2534 5329 Χριστοῦ
2573 5265 2838 5332 μαθητὰς,
2866 5263 2957 5314 καὶ
2984 5261 3044 5313 τὺ
3073 5259 3377 5322 ἀξιόπιστον
3414 5263 3593 5324 αὐτοῖς
3631 5264 3692 5312 ἐκ
3720 5263 3851 5314 τού-

2302 5369 2392 5404 του
2420 5353 2835 5405 κατεσκεύασεν·
2861 5351 3030 5410 οῦτως
3056 5350 3110 5400 δὲ
3172 5348 3264 5400 καὶ
3294 5349 3373 5410 τὸ,
3443 5350 3729 5415 Ἀπειθεῖς
3776 5350 3856 5402 ἐν

2303 5442 2585 5510 φρονήσει
2607 5443 2865 5506 δικαίων,
2889 5440 3224 5508 νοηθήσεται.

2378 5533 2528 5594 Τίνος
2561 5534 2743 5584 ἕνεκεν
2770 5532 3040 5598 Ζαχαρίας
3067 5531 3161 5596 μὲν
3195 5530 3549 5598 ἀμφιϐαλλων
3581 5527 3847 5594 κατεκρίο

2305 5627 2395 5694 οη»
2433 5626 2695 5696 παρθένος
2757 5625 2811 5676 δί
2861 5621 3270 5690 ἀμφιϐάλλονσα
3329 5620 3460 5691 πρὸς
3489 5619 3580 5673 τὸν
3612 5615 3854 5683 ἄγγελον
