4138 6342
666 244 800 311 1183

1357 248 1738 309 OPUSCULA
1777 247 2396 310 SCRIPTURISTICA
2439 250 2778 310 INCERTtE
2819 251 3118 311 XETATIS.

3719 245 3864 314 ιιδι

663 365 737 416 cit
771 384 783 416 :
811 364 1079 426 Quomodo
1110 364 1193 431 ﬁet
1225 364 1349 415 mihi
1373 364 1510 416 istud
1532 364 1554 414 ?
1577 362 1763 415 Sermo
1786 363 2000 430 quidem
2028 361 2205 415 credi-
2236 418 2237 424 η

2342 364 2453 428 έγει
2479 379 2493 392 ·
2524 364 2653 428 Πῶς
2696 365 2864 421 ἔσται
2906 381 3005 431 μοι
3032 363 3238 426 τοῦτο;
3288 361 3346 415 Ὀ
3384 363 3482 432 μὲν
3518 363 3674 431 λόγος
3708 365 3865 430 ἀξιό-

666 454 809 516 hilis,
842 453 932 504 sed
961 453 1150 505 modus
1188 453 1443 512 difficilis;
1477 452 1648 504 nescit
1675 459 1867 503 natura
1900 466 2023 518 qua:
2049 451 2207 504 dicis.

666 543 797 594 Cum
830 543 990 609 igitur
1009 544 1139 596 bene
1176 544 1489 612 intcrrogat,
1523 543 1742 610 angelus
1778 543 1851 594 illi
1884 543 2036 606 dicit,
2064 544 2213 610 igno-

669 633 839 683 scitur
868 632 960 685 tibi
996 634 1283 687 litesitanti.
1319 632 1448 685 Nam
1490 632 1764 685 Zacharia:
1804 648 1910 685 non
1956 632 2209 700 ignoscit,

671 723 759 775 St‘tl
788 725 933 775 illum
965 724 1259 792 increpavit
1280 724 1417 777 male
1440 722 1787 785 diffidentem,
1812 723 2004 791 virgini
2034 732 2213 775 autem

673 814 919 877 ignoscit.
957 812 1068 865 Non
1102 815 1242 867 enim
1275 823 1391 867 crat
1431 813 1738 880 exemplum
1772 810 2008 880 Virgini;
2039 811 2211 866 sterili

669 913 844 953 :uttrm
880 905 1042 955 multa
1078 904 1526 970 erantexempla;
1551 905 1671 956 ideo
1699 902 2017 957 Zachariam
2038 912 2216 956 tacere

666 997 806 1062 c0git
837 996 885 1046 in
922 1002 1133 1062 pmnam
1168 997 1583 1050 incredulitatis.

739 1175 899 1230 Vens.
933 1176 1019 1230 55.
1045 1177 1155 1231 Cur
1176 1177 1305 1231 dicit
1329 1179 1606 1246 sanetum?l
1628 1178 1763 1244 Quia
1787 1188 1972 1233 sancta
1999 1177 2215 1247 quidem

669 1276 722 1317 tu
767 1282 856 1332 es,
893 1278 1102 1335 oportet
1139 1279 1316 1322 autem
1355 1272 1678 1324 sanctiorem
1711 1280 1761 1324 te
1795 1271 1931 1324 fieri.
1985 1270 2218 1335 Quando

668 1361 810 1410 enim
837 1361 999 1413 smnit
1025 1360 1212 1414 artifex
1271 1361 1496 1429 lignum,
1526 1361 1782 1416 autfziber
1805 1360 2028 1426 ferrum,
2047 1362 2220 1417 adhuc

670 1449 801 1501 illud
829 1450 1013 1515 purius
1041 1458 1095 1503 et
1123 1450 1301 1518 aptius
1331 1451 1395 1503 ad
1428 1461 1596 1503 artem
1622 1449 1977 1503 exercendam
2004 1449 2171 1502 efficit
2201 1466 2215 1502 :

673 1548 727 1590 ct
755 1549 808 1591 tu
844 1539 1005 1606 igitur
1036 1540 1186 1608 virgo
1209 1540 1425 1608 quidem
1456 1555 1536 1600 es,
1564 1548 1773 1607 oportet
1807 1549 1985 1592 autem
2017 1549 2068 1593 te
2094 1555 2221 1593 san-

679 1626 902 1677 ctiorem
930 1625 1066 1690 fieri,
1094 1637 1151 1680 ut
1181 1638 1428 1680 sanctum
1464 1627 1762 1695 concipias.
1791 1626 2006 1681 Gabriel
2035 1629 2222 1682 mani-

2314 471 2520 520 πιστος,
2552 458 2578 507 ό
2608 456 2661 507 δὲ
2700 456 2897 524 τρόπος
2955 456 3173 522 ἄπορος·
3223 456 3322 506 οὐκ
3368 451 3508 506 οἶδεν
3540 458 3573 523 ἡ
3627 456 3789 523 φύσις
3821 456 3861 509 ἃ.

2312 545 2506 611 λέγεις.
2563 547 2712 598 Ἐπεὶ
2753 545 2842 598 οὖν
2888 545 3065 608 καλῶς
3097 546 3303 614 ἠρώτα,
3351 548 3378 597 ό
3426 547 3658 612 ἄγγελος
3718 545 3863 615 πρὸς

2313 634 2501 702 αὐτήν·
2534 635 2836 703 Συγγνώμη
2869 635 3266 702 σοιάπορούσῃ.
3295 633 3383 703 Τῷ
3419 636 3514 703 μὲν
3548 637 3654 704 γὰρ
3680 638 3867 702 Ζαχα-

2318 724 2406 792 ρία
2435 725 2495 776 οὐ
2529 727 2911 793 συγγινώσκει,
2947 726 3061 778 ἀλλ’
3083 725 3438 792 ἐπεστόμισεν
3478 727 3642 777 αὑτὸν
3673 725 3868 786 κακῶς

2314 813 2708 881 ἀπιστήσαντα,
2737 818 2802 884 τῇ
2831 816 2886 867 δὲ
2926 815 3183 885 Παρθένῳ
3217 814 3575 882 συγγινώσκει
3600 832 3612 844 ·
3657 816 3717 866 οὺ
3743 815 3858 882 γὰρ

2315 897 2380 970 ἦν
2409 903 2710 972 ὑπόδειγμα
2750 905 3020 974 παρθένῳ·
3077 905 3290 974 στείρας
3345 906 3403 958 δὲ
3453 905 3623 956 πολλὰ
3683 900 3753 973 ἦν
3793 902 3871 954 τὰ

2320 993 2708 1062 ὑποδείγματα·
2759 995 2847 1047 διὰ
2881 996 3038 1049 τοῦτο
3085 995 3160 1065 τῷ
3212 996 3461 1066 Ζαχαρία
3496 997 3706 1064 σιωπὴν
3734 996 3864 1047 ἀντὶ

2319 1085 2581 1152 τιμωρίας
2614 1085 2934 1155 ἐπιτίθησιν.
3589 1131 3603 1150 ,,

2389 1173 2505 1224 ’Ὶνα
2536 1174 2589 1223 τί
2615 1173 2900 1242 ἐπέρχεται
2928 1175 3108 1243 ἃγιον;
3144 1175 3362 1247 Ἐπειδὴ
3390 1176 3520 1244 ἁγία
3557 1177 3654 1244 μὲν
3686 1176 3867 1245 ὑπάρ-

2320 1279 2432 1331 χεις
2452 1278 2464 1291 ·
2491 1263 2568 1315 δεῖ
2585 1263 2640 1315 δέ
2671 1281 2729 1314 σε
2758 1266 3005 1330 γενέσθαι
3030 1267 3353 1336 ἀγιωτέραν·
3389 1266 3466 1319 ὅτ’
3492 1267 3558 1320 ἂν
3586 1267 3692 1333 γὰρ
3723 1265 3870 1335 λάόῃ

2320 1354 2572 1405 ὁτέκτων
2607 1354 2782 1416 ξύλον,
2817 1357 2848 1425 ἢ
2879 1358 2905 1408 ό
2933 1357 3165 1426 χαλκεὺς
3197 1358 3433 1426 σίδηρον,
3476 1357 3557 1409 ἔτι
3596 1357 3727 1408 αὐτὸ
3762 1374 3870 1406 κα-

2322 1444 2498 1513 θαίρει
2525 1448 2618 1498 καὶ
2639 1448 3068 1519 ἐπιτηδειότερον
3103 1450 3237 1519 πρὸς
3271 1450 3368 1518 τὴν
3406 1449 3602 1518 τέχνην
3641 1449 3878 1516 ἐργάζε-

2320 1551 2430 1586 ται.
2468 1538 2574 1589 Καὶ
2635 1540 2698 1591 σὺ
2748 1539 2925 1592 τοίνυν
2973 1541 3236 1609 παρθένος
3295 1541 3392 1606 μὲν
3449 1536 3520 1603 εἷ,
3554 1540 3634 1590 δεῖ
3694 1538 3752 1589 δέ
3811 1553 3877 1588 σε

2326 1625 2628 1693 ἀγιωτέραν
2678 1629 2952 1693 γενέσθαι,
3007 1631 3090 1681 ἵνα
3134 1630 3225 1681 τὸν
3279 1630 3432 1696 ἅγιον
3480 1627 3773 1697 συλλάϐῃς.
3817 1625 3879 1678 ⁷0

673 1713 879 1769 festans
913 1716 1324 1783 explicationem
1359 1718 1515 1770 trimn
1546 1716 1904 1772 Personarum
1937 1719 2015 1771 sic
2039 1719 2174 1772 dixit
2203 1737 2216 1772 :

2336 1715 2562 1784 Γαϐριὴλ
2599 1719 2872 1784 ἐμφαίνων
2898 1720 2995 1788 τὴν
3051 1720 3347 1788 ἑρμηνείαν
3395 1718 3502 1771 τῶν
3531 1719 3701 1788 τριῶν
3745 1718 3883 1768 ὑπο-

676 1803 987 1857 Altissimus
1017 1807 1157 1858 enim
1189 1805 1342 1859 Pater
1375 1817 1486 1870 cst;
1516 1808 1684 1862 virtus
1726 1809 1987 1862 Altissimi
2019 1808 2218 1874 Filius;

677 1894 794 1947 ideo
830 1896 894 1948 de
934 1896 1089 1950 Patre
1127 1898 1256 1952 dicit
1288 1900 1428 1965 quod
1471 1900 1784 1953 Altissimus
1812 1906 1916 1961 est,
1959 1898 2032 1950 Tu
2075 1902 2220 1952 solus

673 1985 972 2041 Altissimus
997 1989 1047 2040 in
1078 2004 1276 2041 omnem
1314 1998 1524 2042 terram.
1569 1988 1725 2055 Tota,
1760 1989 1957 2058 inquit,
1985 1989 2223 2043 Trinitas

673 2077 824 2130 adc‘st
857 2078 970 2140 tibi,
1005 2093 1038 2132 ο
1071 2077 1250 2145 ,Virgo,
1288 2081 1735 2132 restaurationem
1767 2079 2059 2133 creationis
2090 2094 2221 2148 ope-

675 2184 800 2222 rans
823 2209 836 2231 ,
861 2185 982 2237 quae
1012 2170 1146 2222 dixit
1176 2171 1304 2222 olim
1330 2189 1341 2221 :
1379 2169 1666 2222 Faciamus
1707 2170 1964 2221 hominem
1989 2171 2056 2222 att
2090 2170 2224 2221 inta-

676 2262 840 2327 ginem
885 2271 1116 2312 nostram
1160 2271 1207 2313 et
1243 2260 1656 2314 similitudinem.
1693 2259 1807 2314 Non
1841 2261 1985 2313 enim
2037 2259 2224 2313 debuit

677 2351 891 2416 quidem
927 2351 978 2402 in
1035 2351 1247 2418 ingrato
1286 2350 1453 2402 Adam
1506 2353 1681 2417 primo
1732 2349 1945 2416 adesse,
1989 2351 2226 2406 secundo

679 2453 990 2493 autemnon
1026 2440 1341 2493 mirabiliter
1373 2440 1612 2508 coaptari
1664 2440 1895 2507 Spiritus
1940 2451 2164 2495 sanctus
2210 2459 2223 2494 :

678 2545 804 2582 cccc
835 2529 1068 2597 Spiritus
1096 2540 1335 2595 sanctus,
1359 2539 1411 2584 et
1441 2531 1628 2591 virtus,
1660 2545 1783 2583 ecce
1808 2532 2011 2583 iterum
2036 2530 2223 2584 Filius.

679 2620 918 2672 Christus
948 2622 1082 2672 enim
1115 2621 1278 2674 virtus
1321 2629 1370 2674 et
1414 2621 1671 2686 sapientia
1719 2621 1847 2683 Dei,
1885 2622 2228 2686 Altissimus;

681 2728 805 2766 ecce
832 2712 1026 2765 iterum
1059 2714 1216 2765 Pater
1252 2712 1351 2765 hac
1381 2729 1510 2766 voce
1545 2714 1929 2780 proclamatur.
1968 2713 2032 2766 Et
2067 2715 2230 2766 virtus

682 2802 935 2854 Altissimi
971 2803 1294 2870 obumbrabit
1324 2802 1451 2864 tibi;
1499 2802 1690 2856 Filium
1733 2804 1956 2865 indicat,
1991 2803 2230 2858 Christus

681 2892 818 2942 enim
853 2891 943 2943 Dei
973 2894 1134 2946 virtus
1164 2903 1210 2947 et
1241 2893 1334 2946 Dei
1350 2895 1632 2961 sapientia.
1655 2925 1726 2933 —
1755 2894 2096 2949 Obumbrabit
2117 2896 2232 2957 tibi,

2325 1805 2562 1858 στάσεων
2617 1809 2810 1860 οὑτωσὶ
2841 1809 3044 1874 ἔλεγεν·
3097 1811 3389 1876 ’Υψιστος
3447 1811 3555 1875 γὰρ
3585 1811 3616 1861 ὀ
3647 1809 3874 1871 Πατήρ.

2324 1899 2576 1964 Δύναμις
2611 1898 2899 1965 Ὑψίστου
2929 1902 2961 1951 ό
2999 1900 3157 1964 Υἱός·
3190 1900 3269 1951 διὸ
3287 1899 3520 1968 περὶτοῦ
3552 1899 3764 1966 Πατρὸς
3794 1900 3881 1948 ὅτι

2328 1989 2604 2055 Ὕψιστος·
2626 1994 2670 2042 Σ
2678 1992 2709 2043 ὺ
2732 1997 2915 2058 μόνος
2936 1991 2957 2009 "
2973 1994 3228 2058 Υψιστος
3256 1991 3352 2043 ἐπὶ
3378 1989 3582 2044 πᾶσαν
3604 1990 3716 2054 τὴν
3739 1988 3879 2056 γῆν.

2327 2080 2486 2147 ”Ο).η,
2524 2082 2678 2148 φησὶ,
2713 2084 2744 2150 ἡ
2777 2082 2944 2151 Τριάς
2976 2099 3056 2134 σοι
3093 2083 3376 2152 πάρεστιν,
3409 2075 3452 2132 ὦ
3485 2080 3751 2150 Παρθένε,
3781 2081 3885 2145 τὴν

2326 2172 2618 2241 ἀνάκτησιν
2652 2171 2947 2242 ποιουμένη
2969 2173 3066 2243 τῆς
3095 2173 3340 2236 κτίσεως,
3373 2173 3405 2240 ή
3438 2170 3662 2223 εἰποῦσα
3687 2170 3882 2221 πάλαι·

2329 2263 2676 2330 Ποιήσωμεν
2706 2265 3016 2330 ἄνθρωπον
3047 2264 3170 2316 κατ’
3209 2263 3407 2315 εἰκόνα
3446 2260 3735 2326 ἡμετέραν
3779 2258 3884 2310 καὶ

2329 2356 2457 2406 καθ’
2495 2356 2792 2421 ὁμοίωσιν.
2836 2355 2909 2408 Οὐ
2945 2355 3049 2424 γὰρ
3069 2354 3288 2423 ἔμελλεν
3320 2355 3410 2405 ἐπὶ
3444 2354 3538 2421 μὲν
3572 2352 3666 2403 τοῦ
3702 2350 3888 2416 ἀγνώς-

2334 2459 2488 2511 μονος
2528 2443 2696 2511 ’Λδὰμ
2726 2441 2820 2494 τοῦ
2868 2441 3082 2511 πρώτου
3123 2444 3395 2508 παρεῖναι,
3426 2442 3502 2509 τῷ
3542 2441 3598 2491 δὲ
3640 2439 3885 2507 δευτέρῳ

2335 2532 2410 2600 μὴ
2473 2535 2739 2600 συνῆφθαι
2789 2532 3074 2602 λαμπρῶς.
3137 2532 3354 2600 Πνεῦμα
3404 2531 3578 2596 ἅγιον·
3649 2531 3757 2581 ίδοῦ
3820 2531 3885 2579 τὸ

2335 2621 2554 2690 Πνεῦμα
2588 2624 2645 2680 τὸ
2673 2622 2842 2691 ἅγιον,
2885 2623 2976 2673 καὶ
3027 2621 3270 2689 δύναμις,
3320 2620 3427 2671 ἰδοὺ
3466 2619 3625 2671 πάλιν
3657 2618 3684 2669 ὁ
3731 2618 3886 2679 Υἱός

2334 2713 2581 2778 Χριστὸς
2606 2715 2713 2782 γὰρ
2739 2713 2885 2766 Θεοῦ
2904 2712 3150 2780 δύναμις
3173 2711 3265 2762 καὶ
3295 2711 3439 2763 θεοῦ
3468 2712 3675 2777 σοφία.
3715 2704 3891 2778 ’Υψιὲ

2337 2822 2477 2868 στος·
2512 2806 2621 2857 ἰδοὺ
2653 2803 2810 2857 πάλιν
2835 2807 2864 2857 ό
2904 2804 3084 2872 Πατὴρ
3119 2806 3181 2872 τῇ
3215 2805 3362 2871 φωνῇ
3404 2802 3578 2872 ταύτῃ
3618 2802 3894 2871 κηρύττε-

2335 2915 2444 2950 ται.
2493 2897 2599 2949 Καὶ
2629 2897 2878 2964 δύναμις
2922 2896 3203 2962 Ὑψίστου
3240 2893 3577 2946 ἐπισκιάσει
3622 2875 3739 2945 σοι.
3785 2895 3897 2945 Τὸν

685 2996 806 3050 pro.
849 2985 1207 3037 circumdabit
1233 2996 1283 3037 te
1304 2995 1356 3037 et
1381 2986 1600 3039 vallahit
1627 2995 1676 3038 te
1716 2996 1768 3040 ct
1794 2986 1997 3040 circum
2033 2996 2081 3039 te
2107 2990 2231 3039 erit.

2339 2989 2467 3040 Υίὸν
2493 2988 2661 3055 λέγει·
2699 2986 2951 3053 Χριστὸς
2995 2988 3099 3056 γὰρ
3134 2986 3278 3038 Θεοῦ
3311 2984 3564 3052 δύναμις
3596 2985 3693 3036 καί
3738 2983 3899 3036 Θεοῦ

686 3074 760 3127 ita
796 3075 1074 3142 legendum
1110 3094 1122 3129 :
1156 3075 1281 3130 Ideo
1306 3091 1352 3131 et
1381 3079 1515 3146 quod
1549 3087 1790 3130 nascetur
1812 3093 1874 3130 ea:
1897 3087 1942 3130 te
1973 3088 2233 3138 sanctum.

688 3167 960 3217 vocabitur
987 3165 1158 3220 Filius
1191 3168 1318 3230 Dei;
1353 3184 1460 3220 non
1493 3169 1813 3236 simpliciter
1843 3169 2068 3234 angelus
2094 3169 2236 3235 quod

691 3265 941 3307 nascetur
965 3266 1213 3310 sanctum
1237 3259 1420 3311 statim
1453 3259 1727 3324 exprimit,
1757 3260 1847 3310 sed
1878 3258 2008 3310 dicit
2041 3275 2053 3310 :
2085 3257 2236 3319 Quod

693 3355 951 3407 nascetur,
983 3348 1235 3412 quoniam
1265 3351 1569 3399 communis
1602 3349 1846 3414 qmedam
1898 3357 1979 3399 est
2028 3363 2129 3398 vox
2171 3347 2237 3399 ad

693 3420 881 3488 omnes
911 3451 1047 3503 quos
1078 3437 1268 3488 mulier
1301 3434 1460 3503 parit,
1496 3452 1560 3489 ne
1588 3437 1905 3489 miraculum
1943 3435 2243 3488 communi-

696 3536 802 3580 tate
848 3527 1136 3579 locutionis
1185 3526 1539 3595 deprimatur,
1593 3528 1772 3581 dicit:
1832 3525 1958 3579 ltleo
2009 3539 2054 3578 et
2107 3530 2242 3593 quod

695 3626 937 3668 nascetur
967 3632 1029 3668 ea:
1071 3627 1136 3681 te,
1169 3618 1348 3671 statim
1385 3627 1636 3686 tanquam
1678 3617 1869 3671 timore
1898 3617 2128 3685 quodam
2162 3632 2245 3670 oc-

695 3718 920 3776 cupatus
965 3709 1032 3762 ob
1064 3708 1378 3778 stupendam
1419 3709 1955 3773 incarnationenget
2000 3718 2243 3762 contem-

702 3802 877 3869 platus
901 3802 1018 3867 ejus
1049 3802 1139 3870 qui
1175 3802 1414 3856 nascitur
1451 3809 1788 3870 potestatem,
1829 3813 1882 3854 et
1914 3811 2241 3870 quantorum

697 3896 954 3947 honorum
998 3904 1187 3947 auctor
1217 3894 1428 3948 futurus
1457 3896 1527 3950 sit
1576 3896 1816 3948 humano
1868 3895 2070 3962 generi,
2137 3902 2246 3947 tre-

699 3985 894 4037 mendo
921 3985 1242 4038 exclamavit
1272 4001 1286 4036 :
1312 3983 1562 4046 Sanctus,
1591 3985 1833 4037 eamdem
1863 3999 1927 4036 ac
1969 3984 2241 4051 seraphim

697 4091 882 4129 vocum
918 4078 968 4128 in
992 4075 1082 4127 illo
1117 4075 1419 4140 proferens.
1450 4075 1564 4128 Non
1589 4076 1729 4127 enim
1761 4075 1892 4126 foris
1921 4089 1950 4125 a
1976 4072 2247 4127 Trinitate

697 4167 872 4226 video,
903 4182 1008 4218 non
1049 4167 1314 4230 privatum
1356 4180 1476 4215 cum
1504 4178 1667 4215 cerno
1697 4173 1895 4216 :etcrna
1929 4161 2244 4226 divinitate;

700 4255 820 4306 ideo
840 4264 901 4306 'et
929 4268 1028 4320 ego
1063 4252 1673 4306 memoriamTrinitatis
1708 4252 1825 4306 feci.

773 4524 935 4577 Vens.
965 4523 1051 4578 '56.
1087 4522 1239 4587 Illud,
1285 4521 1518 4591 Cognata
1549 4533 1661 4585 tua,
1705 4539 1920 4578 sensum
1954 4524 2241 4593 quemdam

706 4617 962 4669 insinuat.
1000 4615 1165 4668 Nemo
1209 4626 1278 4675 tc,
1320 4615 1512 4683 inquit,
1550 4630 1580 4666 0
1627 4615 1796 4685 virgo,
1833 4616 1900 4669 ob
1944 4626 2131 4684 partus
2170 4617 2246 4669 ttti

705 4705 1045 4767 miraculum,
1071 4706 1206 4758 alius
1230 4707 1467 4772 cujusvis
1502 4715 1707 4760 natura:
1732 4724 1849 4761 esse
1880 4717 2059 4776 putet;
2089 4722 2247 4760 nemo

707 4798 776 4849 oh
806 4796 1189 4847 humanitatem
1231 4812 1490 4863 superans
1518 4799 1838 4868 prodigium,
1870 4799 2121 4851 humanm
2154 4814 2247 4851 na-

707 4899 841 4942 tura:
877 4896 1137 4940 exsortem
1169 4896 1217 4940 te
1247 4888 1432 4952 faciat;
1466 4906 1620 4942 nemo
1649 4900 1806 4959 neget
1830 4906 1858 4943 a
1889 4902 1939 4942 te
1976 4898 2246 4955 sumptam

615 4985 618 4988 ‘
707 4982 933 5033 formam
954 4988 1230 5046 regnatam
1259 4978 1531 5031 hominum
1550 4995 1689 5034 esse.
1711 4981 1951 5049 Cognata
1979 4979 2247 5031 Elisabeth

710 5085 764 5125 tu
793 5090 887 5135 es;
923 5073 1042 5124 licet
1094 5069 1360 5122 Elisahcth
1406 5070 1627 5123 Domina
1676 5070 1814 5125 facta
1843 5072 1938 5135 sis,
1971 5071 2155 5123 eadem
2187 5083 2249 5122 ac

640 5215 642 5218 .
712 5166 821 5231 ipsa
851 5174 1065 5216 constas
1108 5171 1319 5224 natura,
1370 5160 1506 5213 idem
1538 5175 1600 5214 ac
1631 5161 1747 5230 ipsa
1791 5177 1988 5230 corpus
2033 5175 2246 5228 gerens,

710 5259 950 5310 eamdem
986 5259 1185 5310 habens
1215 5255 1470 5308 animam.
1505 5250 1561 5306 Et
1595 5253 1789 5307 aliter:
1827 5254 2106 5319 Quomodo
2150 5251 2250 5303 Za-

713 5348 906 5400 chariae
931 5364 1032 5399 non
1062 5345 1288 5415 ignoscit
1320 5343 1563 5412 angelus,
1598 5341 1799 5408 Virgini
1831 5359 1956 5396 vero
1980 5358 2086 5396 non
2128 5355 2246 5394 ere-

718 5439 860 5488 denti
895 5439 1160 5504 ignoscit?
1195 5438 1329 5501 Quia
1372 5436 1458 5488 ille
1506 5432 1671 5486 multa
1718 5433 1943 5485 habebat
1986 5431 2247 5496 exempla.

724 5527 895 5577 Multa:
924 5528 1062 5577 rnim
1090 5529 1296 5579 steriles
1320 5534 1657 5593 pepererant,
1697 5521 1846 5589 virgo
1878 5532 2050 5572 autem
2085 5521 2246 5579 nulla;

725 5617 861 5668 unde
892 5618 1090 5682 Ignosci
1112 5616 1521 5682 mct'uiltliccns,
1548 5614 1814 5679 Quomodo
1840 5611 1922 5676 [iet
1955 5612 2071 5662 mihi
2093 5610 2249 5676 istud,

2336 3081 2539 3145 σοφΙα.
2569 3077 3067 3145 Τὸ,”Ἑπισκιάσει
3093 3093 3212 3140 σοι,
3258 3077 3378 3128 ἀντὶ
3415 3076 3530 3138 τοῦ,
3592 3075 3897 3144 Περιϐαλεῐ

2340 3188 2398 3221 σε
2443 3171 2535 3222 καὶ
2571 3171 2882 3241 χαρακώσει
2919 3186 2977 3224 σι
3008 3169 3102 3222 καὶ
3131 3167 3312 3236 κύκλῳ
3353 3184 3442 3220 σου
3479 3167 3650 3218 ἔσται.
3699 3164 3899 3224 Οὕτως

2338 3261 2725 3326 ἀναγνωστέον·
2754 3261 2849 3313 Διὸ
2881 3259 2979 3313 καί
3003 3262 3067 3311 τὸ
3096 3259 3463 3327 γεννώμενον
3485 3257 3551 3308 ἐκ
3569 3255 3685 3307 σοῦ
3717 3256 3899 3321 ἅγιον

2341 3349 2704 3414 κληθήσεται
2755 3347 2884 3412 Υιός
2915 3348 3081 3400 Θεοῦ.
3134 3347 3242 3414 Οὐχ
3283 3345 3467 3407 ἁπλῶς
3499 3348 3527 3396 ό
3575 3345 3805 3409 ἄγγελος
3838 3344 3902 3394 τὸ

2342 3436 2675 3504 γεννώμενον
2703 3437 2763 3488 τὸ
2797 3438 2951 3501 ἆγιον
2979 3434 3138 3495 εὐθὺς
3173 3434 3401 3494 ἐπιθεὶς,
3437 3433 3548 3484 ἀλλ’
3581 3432 3770 3492 εἰπὼν,
3827 3431 3903 3484 Τὸ

2343 3526 2729 3595 γεννώμενον,
2758 3525 2946 3594 ἐπειδὴ
2972 3524 3123 3592 κοινή
3150 3541 3230 3585 τις
3257 3522 3468 3592 ὑπῆρχε
3506 3522 3537 3590 ἠ
3581 3521 3732 3589 φωνὴ
3757 3522 3904 3590 πρὸς

2344 3620 2467 3679 τοὺς
2493 3620 2556 3669 ὲκ
2591 3617 2842 3684 γυναικὸς
2865 3615 3233 3682 τικτομένους,
3273 3613 3355 3664 ἵνα
3388 3612 3478 3680 μὴῇ
3503 3611 3561 3662 τὸ
3586 3610 3770 3678 θαῦμα
3828 3612 3899 3679 τῇ

2346 3709 2596 3778 κοινωνία
2625 3710 2721 3778 τῆς
2759 3707 2952 3772 λέξεως
2990 3704 3312 3775 σμικρυνθῇ,
3347 3703 3536 3767 εἰπὼν,
3561 3702 3655 3754 Διό
3690 3701 3789 3754 καὶ
3829 3701 3901 3753 τὸ

2344 3800 2711 3870 γεννώμενον
2740 3800 2806 3852 ἐκ
2835 3797 2974 3865 σοῦ,
3009 3798 3166 3859 εὐθὺς
3200 3797 3386 3864 ὥσπερ
3433 3797 3540 3846 τ;ν“ι
3573 3794 3721 3863 φόϐῳ
3750 3811 3898 3862 κρα-

2344 3893 2525 3960 τηθεὶς
2563 3891 2694 3961 πρὸς
2721 3888 2977 3957 ἔκπληξιν
3037 3889 3439 3950 καταστάσεως,
3480 3886 3571 3938 καὶ
3602 3884 3907 3951 λογισάμεο

2346 3999 2433 4043 νος
2460 3980 2553 4032 τοῦ
2579 3981 2898 4047 τικτομένου
2930 3979 3029 4048 τὴν
3073 3978 3318 4044 δύναμιν,
3369 3979 3462 4027 καὶ
3507 3977 3643 4026 ὅσων
3678 3975 3906 4039 ἀγαθῶν

2349 4071 2602 4138 πρόξενος
2635 4070 2786 4121 ἔσται
2812 4068 2893 4136 τῷ
2922 4068 3087 4133 γένει.
3124 4065 3366 4133 φοϐερῶς
3411 4062 3904 4132 ἑ[κε]κραύγασεν,

2349 4161 2543 4226 ’Ἄγιος
2565 4198 2581 4223 ,
2607 4160 2705 4227 τὴν
2740 4158 2908 4225 αὐτὴν
2947 4160 3056 4218 τοῖς
3090 4156 3328 4222 σεραφὶμ
3381 4153 3563 4222 φωνὴν
3589 4154 3680 4204 ἰπὶ
3726 4153 3908 4221 τούτῳ

2353 4251 2510 4319 βοῶν.
2567 4251 2640 4301 Οὐ
2684 4250 2790 4318 γὰρ
2837 4247 2939 4309 ἔξω
2988 4246 3084 4312 τῆς
3120 4245 3342 4314 Τριάδος
3382 4244 3514 4314 ὁρῶ,
3569 4243 3627 4296 οὐ
3691 4243 3906 4310 γυμνὸν

2279 4328 2322 4382 υ
2351 4342 2510 4394 αὐτὸν
2541 4341 2720 4407 βλέπω
2747 4342 2842 4407 τῆς
2872 4338 3041 4391 ἀῑδίου
3086 4338 3355 4406 θεότητος·
3409 4335 3499 4388 διὰ
3544 4335 3702 4388 τοῦτο
3744 4333 3908 4401 κάγὼ

2323 4502 2329 4507 .
2357 4435 2574 4502 μνήμην
2614 4432 2709 4499 τῆς
2744 4430 2969 4496 Τριάδος
3000 4430 3320 4497 πεποίημαι.

2434 4523 2788 4590 Ἑμφαντικὸν
2819 4521 2898 4583 τὸ,
2940 4520 3235 4588 συγγενής
3279 4536 3424 4585 σου,
3454 4517 3688 4579 διανοίας
3734 4518 3908 4580 τινός.

2353 4615 2550 4682 Ἀίηδείς
2587 4632 2663 4677 σε,
2700 4616 2863 4682 φησι,
2889 4605 2933 4663 ὦ
2972 4612 3232 4681 Παρθένε,
3263 4611 3350 4664 δια
3379 4612 3437 4661 τὸ
3468 4609 3560 4663 τοῦ
3591 4610 3750 4662 τόκου
3789 4626 3909 4660 πα-

2357 4705 2590 4774 ράδοξον,
2636 4705 2797 4773 ἄλλης
2835 4704 2978 4765 τινὸς
3020 4703 3231 4770 φύσεως
3261 4701 3557 4768 νομιζέτω·
3593 4699 3778 4768 μηδεὶς
3814 4699 3911 4751 διὰ

2353 4800 2412 4849 τὸ
2442 4799 2575 4865 ὑπὲρ
2614 4798 2891 4865 ἄνθρωπον
2930 4793 3131 4861 θαῦμα,
3182 4793 3278 4858 τῆς
3316 4789 3657 4856 ἀνθρωπίνης
3688 4787 3910 4856 φύσεως

2355 4890 2456 4952 ἔξω
2504 4891 2750 4940 ποιείτω·
2788 4886 2971 4956 μηδεὶς
3010 4883 3271 4952 ἀρνείσθω
3298 4880 3393 4947 τὴν
3429 4879 3530 4930 ὑπὸ
3567 4878 3660 4930 σοῦ
3690 4878 3911 4946 λαμσαο

2355 4979 2581 5046 νομένην
2611 4975 2839 5045 μορφὴν,
2872 4971 3105 5038 συγγενῆ
3146 4969 3251 5018 τῶν
3286 4965 3581 5032 ἀνθρώπων
3612 4965 3905 5034 ὑπάρχειν·

2357 5068 2616 5135 συγγενὴς
2650 5069 2746 5133 τῆς
2789 5064 3061 5115 Ἑλισάϐετ
3089 5059 3369 5123 ὑπάρχεις,
3401 5054 3501 5106 κᾶν
3527 5056 3771 5118 δεσπότις
3798 5055 3910 5123 τῆς

2369 5158 2641 5209 Ἐλισὰϐετ
2689 5155 2911 5222 γενήσῃ,
2960 5151 3056 5216 τῆς
3103 5147 3265 5213 αὐτῆς
3298 5145 3504 5211 ἐκείνης
3557 5145 3907 5212 καθέστηκας

2358 5249 2594 5315 φύσεως,
2629 5247 2687 5298 τὸ
2716 5246 2842 5297 αὐτο
2886 5240 3054 5310 ταύτῃ
3111 5237 3263 5302 σῶμα
3295 5231 3554 5303 φοροῦσα,
3591 5234 3687 5302 τὴν
3728 5232 3906 5298 αὐτὴν

2358 5341 2546 5407 ἔχουσα
2570 5339 2764 5406 ψυχήν.
2793 5334 2901 5385 Καὶ
2933 5330 3128 5389 ἄλλως·
3168 5327 3285 5387 Πῶς
3321 5327 3395 5394 τῷ
3424 5326 3518 5392 μὲν
3557 5324 3798 5392 Ζαχαρία
3837 5321 3904 5372 οὐ

2361 5429 2715 5494 συγγινώσκει
2757 5428 2783 5477 ὁ
2832 5420 3076 5487 ἄγγελος,
3114 5420 3177 5485 τῇ
3214 5416 3268 5466 δὲ
3313 5415 3566 5483 Παρθένῳ
3601 5408 3906 5478 ἀπιστούσῃ

2363 5514 2745 5581 συγγινώσκει;
2785 5511 2902 5561 Ὀτι
2934 5508 3135 5563 ἐκεῖνος
3171 5503 3335 5554 πο).λᾶ
3382 5499 3493 5570 εἶχε
3531 5501 3597 5553 τὰ
3640 5497 3906 5564 παραδεί-

2361 5623 2568 5672 γματα·
2612 5601 2794 5655 πολλαὶ
2825 5601 2928 5668 γὰρ
2971 5599 3172 5664 στεῖραι
3204 5597 3402 5658 ἔτεκον,
3439 5590 3698 5659 παρθένος
3730 5586 3786 5640 δὲ
3811 5585 3905 5639 οὐ·
