  <div class='ocr_page' id='page_1' title='image "/cluster/home/n/w/nwhite01/storage/ocr_20150623/106/pst.000005714162/635.png"; bbox 0 0 4138 6342; ppageno 0'>
   <div class='ocr_carea' id='block_1_1' title="bbox 833 251 4005 325">
    <p class='ocr_par' dir='ltr' id='par_1_1' title="bbox 833 251 4005 325">
     <span class='ocr_line' id='line_1_1' title="bbox 833 251 4005 325; baseline -0.004 0"><span class='ocrx_word' id='word_1_1' title='bbox 833 259 966 325; x_wconf 68' lang='lat'><strong>“95</strong></span> <span class='ocrx_word' id='word_1_2' title='bbox 1522 254 1904 313; x_wconf 69' lang='lat' dir='ltr'><strong>OPUSCULA</strong></span> <span class='ocrx_word' id='word_1_3' title='bbox 1948 251 2571 311; x_wconf 78' lang='lat' dir='ltr'><strong>SCRIPTURISTICA</strong></span> <span class='ocrx_word' id='word_1_4' title='bbox 2616 251 2959 311; x_wconf 70' lang='lat' dir='ltr'><strong>INCERT/E</strong></span> <span class='ocrx_word' id='word_1_5' title='bbox 2994 253 3300 312; x_wconf 60' lang='lat' dir='ltr'><strong>ETATIS.</strong></span> <span class='ocrx_word' id='word_1_6' title='bbox 3894 254 4005 316; x_wconf 71' lang='lat' dir='ltr'><strong>1194i</strong></span> 
     </span>
    </p>
   </div>
   <div class='ocr_carea' id='block_1_2' title="bbox 828 364 2462 437">
    <p class='ocr_par' dir='ltr' id='par_1_2' title="bbox 828 364 2455 437">
     <span class='ocr_line' id='line_1_2' title="bbox 828 364 2455 437; baseline -0.005 -9"><span class='ocrx_word' id='word_1_7' title='bbox 828 373 1155 434; x_wconf 67' lang='lat' dir='ltr'><strong>exhibebat;</strong></span> <span class='ocrx_word' id='word_1_8' title='bbox 1182 370 1275 423; x_wconf 82' lang='lat' dir='ltr'><strong>sed</strong></span> <span class='ocrx_word' id='word_1_9' title='bbox 1311 382 1552 437; x_wconf 66' lang='lat' dir='ltr'><strong>qumrerc</strong></span> <span class='ocrx_word' id='word_1_10' title='bbox 1603 377 1661 420; x_wconf 92' lang='lat' dir='ltr'><strong>ut</strong></span> <span class='ocrx_word' id='word_1_11' title='bbox 1709 367 2038 421; x_wconf 86' lang='lat' dir='ltr'><strong>renuntiaret</strong></span> <span class='ocrx_word' id='word_1_12' title='bbox 2071 364 2383 421; x_wconf 80' lang='lat' dir='ltr'><strong>ﬂuctuantis</strong></span> <span class='ocrx_word' id='word_1_13' title='bbox 2412 376 2455 431; x_wconf 78' lang='grc' dir='ltr'><strong>Α</strong></span> 
     </span>
    </p>
   </div>
   <div class='ocr_carea' id='block_1_3' title="bbox 2370 364 4004 437">
    <p class='ocr_par' dir='ltr' id='par_1_3' title="bbox 2370 364 4004 436">
     <span class='ocr_line' id='line_1_3' title="bbox 2370 364 4004 436; baseline -0.001 -16"><span class='ocrx_word' id='word_1_14' title='bbox 2370 376 2455 431; x_wconf 77' lang='grc' dir='ltr'><strong>ιΑ</strong></span> <span class='ocrx_word' id='word_1_15' title='bbox 2485 367 2544 418; x_wconf 74' lang='grc' dir='ltr'><strong>τὸ</strong></span> <span class='ocrx_word' id='word_1_16' title='bbox 2585 367 2639 418; x_wconf 78' lang='grc' dir='ltr'><strong>δέ</strong></span> <span class='ocrx_word' id='word_1_17' title='bbox 2675 365 2854 435; x_wconf 78' lang='grc' dir='ltr'><strong>ζητεῖν</strong></span> <span class='ocrx_word' id='word_1_18' title='bbox 2904 366 3297 430; x_wconf 66' lang='grc' dir='ltr'><strong>ἀποτάξασθαι,</strong></span> <span class='ocrx_word' id='word_1_19' title='bbox 3346 364 3747 435; x_wconf 77' lang='grc' dir='ltr'><strong>μεμερισμένον</strong></span> <span class='ocrx_word' id='word_1_20' title='bbox 3793 364 3928 417; x_wconf 78' lang='grc' dir='ltr'><strong>ἐστὶν</strong></span> <span class='ocrx_word' id='word_1_21' title='bbox 3952 373 4004 436; x_wconf 71' lang='grc' dir='ltr'><strong>τῇ</strong></span> 
     </span>
    </p>
   </div>
   <div class='ocr_carea' id='block_1_4' title="bbox 2486 456 3327 509">
    <p class='ocr_par' dir='ltr' id='par_1_4' title="bbox 2486 456 3327 509">
     <span class='ocr_line' id='line_1_4' title="bbox 2486 456 3327 509; baseline -0.001 0"><span class='ocrx_word' id='word_1_22' title='bbox 2486 456 2710 509; x_wconf 78' lang='grc' dir='ltr'><strong>διανοία.</strong></span> <span class='ocrx_word' id='word_1_23' title='bbox 3318 464 3327 472; x_wconf 90' lang='grc'><strong>’</strong></span> 
     </span>
    </p>
   </div>
   <div class='ocr_carea' id='block_1_5' title="bbox 2564 473 4008 612">
    <p class='ocr_par' dir='ltr' id='par_1_5' title="bbox 2564 473 4008 612">
     <span class='ocr_line' id='line_1_5' title="bbox 2564 473 2710 508; baseline 0.007 -1"><span class='ocrx_word' id='word_1_24' title='bbox 2564 476 2569 507; x_wconf 76' lang='grc' dir='ltr'><strong>ι</strong></span> <span class='ocrx_word' id='word_1_25' title='bbox 2641 473 2651 507; x_wconf 76' lang='lat'><strong>1</strong></span> <span class='ocrx_word' id='word_1_26' title='bbox 2697 494 2710 508; x_wconf 94' lang='lat'><strong>.</strong></span> 
     </span>
     <span class='ocr_line' id='line_1_6' title="bbox 2564 473 4008 612; baseline -0.002 -13"><span class='ocrx_word' id='word_1_27' title='bbox 2564 473 2689 599; x_wconf 54' lang='lat'><strong>&quot;‘3:</strong></span> <span class='ocrx_word' id='word_1_28' title='bbox 2725 543 2919 610; x_wconf 73' lang='grc' dir='ltr'><strong>οὐδεὶς</strong></span> <span class='ocrx_word' id='word_1_29' title='bbox 2968 542 3268 595; x_wconf 70' lang='grc' dir='ltr'><strong>ἐπιόαλὼν</strong></span> <span class='ocrx_word' id='word_1_30' title='bbox 3292 541 3407 606; x_wconf 76' lang='grc' dir='ltr'><strong>τὴν</strong></span> <span class='ocrx_word' id='word_1_31' title='bbox 3447 541 3609 610; x_wconf 64' lang='grc' dir='ltr'><strong>κεῷα</strong></span> <span class='ocrx_word' id='word_1_32' title='bbox 3638 542 3732 594; x_wconf 78' lang='grc' dir='ltr'><strong>ἐπ’</strong></span> <span class='ocrx_word' id='word_1_33' title='bbox 3768 543 4008 612; x_wconf 73' lang='grc' dir='ltr'><strong>ἄροτρον,</strong></span> 
     </span>
    </p>
   </div>
   <div class='ocr_carea' id='block_1_6' title="bbox 828 462 1120 517">
    <p class='ocr_par' dir='ltr' id='par_1_6' title="bbox 828 462 1120 517">
     <span class='ocr_line' id='line_1_7' title="bbox 828 462 1120 517; baseline -0.01 0"><span class='ocrx_word' id='word_1_34' title='bbox 828 475 907 517; x_wconf 78' lang='grc' dir='ltr'><strong>εςι</strong></span> <span class='ocrx_word' id='word_1_35' title='bbox 934 462 1120 515; x_wconf 84' lang='lat' dir='ltr'><strong>animi.</strong></span> 
     </span>
    </p>
   </div>
   <div class='ocr_carea' id='block_1_7' title="bbox 904 545 2383 604">
    <p class='ocr_par' dir='ltr' id='par_1_7' title="bbox 904 545 2383 604">
     <span class='ocr_line' id='line_1_8' title="bbox 904 545 2383 604; baseline -0.003 -2"><span class='ocrx_word' id='word_1_36' title='bbox 904 551 1065 604; x_wconf 70' lang='lat' dir='ltr'><strong>Vsus.</strong></span> <span class='ocrx_word' id='word_1_37' title='bbox 1093 550 1179 603; x_wconf 72' lang='grc'><strong>62.</strong></span> <span class='ocrx_word' id='word_1_38' title='bbox 1223 550 1387 604; x_wconf 83' lang='lat' dir='ltr'><strong>Nemo</strong></span> <span class='ocrx_word' id='word_1_39' title='bbox 1430 548 1639 601; x_wconf 83' lang='lat' dir='ltr'><strong>mittens</strong></span> <span class='ocrx_word' id='word_1_40' title='bbox 1679 563 1890 599; x_wconf 78' lang='lat' dir='ltr'><strong>manum</strong></span> <span class='ocrx_word' id='word_1_41' title='bbox 1943 545 2010 597; x_wconf 86' lang='lat' dir='ltr'><strong>ad</strong></span> <span class='ocrx_word' id='word_1_42' title='bbox 2068 556 2305 598; x_wconf 78' lang='lat' dir='ltr'><strong>aratrum</strong></span> <span class='ocrx_word' id='word_1_43' title='bbox 2333 556 2383 598; x_wconf 84' lang='lat' dir='ltr'><strong>et</strong></span> 
     </span>
    </p>
   </div>
   <div class='ocr_carea' id='block_1_8' title="bbox 832 632 2466 708">
    <p class='ocr_par' dir='ltr' id='par_1_8' title="bbox 832 635 2381 708">
     <span class='ocr_line' id='line_1_9' title="bbox 832 635 2381 708; baseline -0.003 -16"><span class='ocrx_word' id='word_1_44' title='bbox 832 644 1099 707; x_wconf 79' lang='lat' dir='ltr'><strong>respiciens</strong></span> <span class='ocrx_word' id='word_1_45' title='bbox 1124 650 1281 704; x_wconf 83' lang='lat' dir='ltr'><strong>retro,</strong></span> <span class='ocrx_word' id='word_1_46' title='bbox 1305 650 1455 708; x_wconf 86' lang='lat' dir='ltr'><strong>aptus</strong></span> <span class='ocrx_word' id='word_1_47' title='bbox 1481 650 1554 692; x_wconf 83' lang='lat' dir='ltr'><strong>est</strong></span> <span class='ocrx_word' id='word_1_48' title='bbox 1588 653 1740 705; x_wconf 86' lang='lat' dir='ltr'><strong>regno</strong></span> <span class='ocrx_word' id='word_1_49' title='bbox 1769 636 1883 689; x_wconf 88' lang='lat' dir='ltr'><strong>Dei.</strong></span> <span class='ocrx_word' id='word_1_50' title='bbox 1934 635 1997 689; x_wconf 91' lang='lat' dir='ltr'><strong>Ut</strong></span> <span class='ocrx_word' id='word_1_51' title='bbox 2039 637 2204 699; x_wconf 84' lang='lat' dir='ltr'><strong>enim,</strong></span> <span class='ocrx_word' id='word_1_52' title='bbox 2232 636 2381 696; x_wconf 82' lang='lat' dir='ltr'><strong>dicit.</strong></span> 
     </span>
    </p>
   </div>
   <div class='ocr_carea' id='block_1_9' title="bbox 2374 632 4008 708">
    <p class='ocr_par' dir='ltr' id='par_1_9' title="bbox 2374 632 4008 701">
     <span class='ocr_line' id='line_1_10' title="bbox 2374 632 4008 701; baseline -0.001 -13"><span class='ocrx_word' id='word_1_53' title='bbox 2374 675 2381 695; x_wconf 83' lang='lat'><em>.</em></span> <span class='ocrx_word' id='word_1_54' title='bbox 2488 635 2585 688; x_wconf 77' lang='grc' dir='ltr'><strong>καί</strong></span> <span class='ocrx_word' id='word_1_55' title='bbox 2608 635 2889 701; x_wconf 68' lang='grc' dir='ltr'><strong>στραφεὶς</strong></span> <span class='ocrx_word' id='word_1_56' title='bbox 2909 634 2994 697; x_wconf 83' lang='grc' dir='ltr'><strong>εις</strong></span> <span class='ocrx_word' id='word_1_57' title='bbox 3022 634 3093 684; x_wconf 84' lang='grc' dir='ltr'><strong>τὰ</strong></span> <span class='ocrx_word' id='word_1_58' title='bbox 3132 632 3342 697; x_wconf 78' lang='grc' dir='ltr'><strong>ὀπίσω,</strong></span> <span class='ocrx_word' id='word_1_59' title='bbox 3373 634 3613 695; x_wconf 81' lang='grc' dir='ltr'><strong>εὔθετός</strong></span> <span class='ocrx_word' id='word_1_60' title='bbox 3636 634 3802 686; x_wconf 75' lang='grc' dir='ltr'><strong>ἐστιν</strong></span> <span class='ocrx_word' id='word_1_61' title='bbox 3823 636 3902 699; x_wconf 72' lang='grc' dir='ltr'><strong>τις</strong></span> <span class='ocrx_word' id='word_1_62' title='bbox 3920 636 4008 701; x_wconf 79' lang='grc' dir='ltr'><strong>τὴν</strong></span> 
     </span>
    </p>
   </div>
   <div class='ocr_carea' id='block_1_10' title="bbox 833 722 2467 797">
    <p class='ocr_par' dir='ltr' id='par_1_10' title="bbox 833 725 2384 797">
     <span class='ocr_line' id='line_1_11' title="bbox 833 725 2384 797; baseline -0.001 -16"><span class='ocrx_word' id='word_1_63' title='bbox 833 730 1064 797; x_wconf 81' lang='lat' dir='ltr'><strong>agricola</strong></span> <span class='ocrx_word' id='word_1_64' title='bbox 1100 742 1253 781; x_wconf 84' lang='lat' dir='ltr'><strong>arare</strong></span> <span class='ocrx_word' id='word_1_65' title='bbox 1286 742 1408 780; x_wconf 79' lang='lat' dir='ltr'><strong>cum</strong></span> <span class='ocrx_word' id='word_1_66' title='bbox 1448 727 1692 795; x_wconf 66' lang='lat' dir='ltr'><strong>cmperit,</strong></span> <span class='ocrx_word' id='word_1_67' title='bbox 1728 725 1773 778; x_wconf 91' lang='lat' dir='ltr'><strong>si</strong></span> <span class='ocrx_word' id='word_1_68' title='bbox 1827 728 1879 777; x_wconf 92' lang='lat' dir='ltr'><strong>in</strong></span> <span class='ocrx_word' id='word_1_69' title='bbox 1939 725 2147 793; x_wconf 89' lang='lat' dir='ltr'><strong>reliquo</strong></span> <span class='ocrx_word' id='word_1_70' title='bbox 2201 739 2384 779; x_wconf 86' lang='lat' dir='ltr'><strong>cessa-</strong></span> 
     </span>
    </p>
   </div>
   <div class='ocr_carea' id='block_1_11' title="bbox 2374 722 4008 797">
    <p class='ocr_par' dir='ltr' id='par_1_11' title="bbox 2374 722 4008 793">
     <span class='ocr_line' id='line_1_12' title="bbox 2374 722 4008 793; baseline -0.001 -15"><span class='ocrx_word' id='word_1_71' title='bbox 2374 754 2384 765; x_wconf 87' lang='lat'><strong>-</strong></span> <span class='ocrx_word' id='word_1_72' title='bbox 2479 726 2804 790; x_wconf 74' lang='grc' dir='ltr'><strong>,ϐασιλείαν</strong></span> <span class='ocrx_word' id='word_1_73' title='bbox 2827 723 2930 780; x_wconf 80' lang='grc' dir='ltr'><strong>τοῦ</strong></span> <span class='ocrx_word' id='word_1_74' title='bbox 2962 723 3126 777; x_wconf 82' lang='grc' dir='ltr'><strong>Θεοῦ.</strong></span> <span class='ocrx_word' id='word_1_75' title='bbox 3158 723 3325 775; x_wconf 81' lang='grc' dir='ltr'><strong>Ὠτπε</strong></span> <span class='ocrx_word' id='word_1_76' title='bbox 3336 739 3366 792; x_wconf 91' lang='grc' dir='ltr'><strong>ρ</strong></span> <span class='ocrx_word' id='word_1_77' title='bbox 3401 722 3531 792; x_wconf 78' lang='grc' dir='ltr'><strong>γὰρ,</strong></span> <span class='ocrx_word' id='word_1_78' title='bbox 3552 722 3734 793; x_wconf 62' lang='grc' dir='ltr'><strong>φησιν,</strong></span> <span class='ocrx_word' id='word_1_79' title='bbox 3754 726 3782 775; x_wconf 84' lang='grc' dir='ltr'><strong>ό</strong></span> <span class='ocrx_word' id='word_1_80' title='bbox 3806 725 4008 792; x_wconf 68' lang='lat' dir='ltr'><strong>marive,-</strong></span> 
     </span>
    </p>
   </div>
   <div class='ocr_carea' id='block_1_12' title="bbox 832 802 2466 885">
    <p class='ocr_par' dir='ltr' id='par_1_12' title="bbox 832 802 2383 885">
     <span class='ocr_line' id='line_1_13' title="bbox 832 802 2383 885; baseline 0 -19"><span class='ocrx_word' id='word_1_81' title='bbox 832 818 985 874; x_wconf 83' lang='lat' dir='ltr'><strong>verit.</strong></span> <span class='ocrx_word' id='word_1_82' title='bbox 1040 827 1205 869; x_wconf 89' lang='lat' dir='ltr'><strong>totum</strong></span> <span class='ocrx_word' id='word_1_83' title='bbox 1259 816 1463 885; x_wconf 82' lang='lat' dir='ltr'><strong>perdet,</strong></span> <span class='ocrx_word' id='word_1_84' title='bbox 1503 816 1571 866; x_wconf 92' lang='lat' dir='ltr'><strong>ita</strong></span> <span class='ocrx_word' id='word_1_85' title='bbox 1618 823 1671 867; x_wconf 88' lang='lat' dir='ltr'><strong>et</strong></span> <span class='ocrx_word' id='word_1_86' title='bbox 1718 802 1827 879; x_wconf 79' lang='lat' dir='ltr'><strong>qui</strong></span> <span class='ocrx_word' id='word_1_87' title='bbox 1864 816 2159 866; x_wconf 86' lang='lat' dir='ltr'><strong>secundum</strong></span> <span class='ocrx_word' id='word_1_88' title='bbox 2217 814 2383 870; x_wconf 88' lang='lat' dir='ltr'><strong>Deum</strong></span> 
     </span>
    </p>
   </div>
   <div class='ocr_carea' id='block_1_13' title="bbox 2374 802 4008 885">
    <p class='ocr_par' dir='ltr' id='par_1_13' title="bbox 2374 812 4008 883">
     <span class='ocr_line' id='line_1_14' title="bbox 2374 812 4008 883; baseline -0.001 -17"><span class='ocrx_word' id='word_1_89' title='bbox 2374 831 2383 866; x_wconf 87' lang='lat' dir='ltr'><strong>t</strong></span> <span class='ocrx_word' id='word_1_90' title='bbox 2485 815 2575 867; x_wconf 76' lang='grc' dir='ltr'><strong>τοῦ</strong></span> <span class='ocrx_word' id='word_1_91' title='bbox 2625 815 2882 883; x_wconf 75' lang='grc' dir='ltr'><strong>ἀροτριᾷν</strong></span> <span class='ocrx_word' id='word_1_92' title='bbox 2929 812 3257 882; x_wconf 80' lang='grc' dir='ltr'><strong>ἀρξάμενος,</strong></span> <span class='ocrx_word' id='word_1_93' title='bbox 3306 812 3385 865; x_wconf 75' lang='grc' dir='ltr'><strong>ὅτ’</strong></span> <span class='ocrx_word' id='word_1_94' title='bbox 3426 812 3493 865; x_wconf 71' lang='grc' dir='ltr'><strong>ἂν</strong></span> <span class='ocrx_word' id='word_1_95' title='bbox 3542 812 3753 883; x_wconf 77' lang='grc' dir='ltr'><strong>ὀκνήσῃ</strong></span> <span class='ocrx_word' id='word_1_96' title='bbox 3810 814 3933 881; x_wconf 66' lang='grc' dir='ltr'><strong>πρὸς</strong></span> <span class='ocrx_word' id='word_1_97' title='bbox 3961 817 4008 865; x_wconf 64' lang='grc' dir='ltr'><strong>τὺ</strong></span> 
     </span>
    </p>
   </div>
   <div class='ocr_carea' id='block_1_14' title="bbox 831 902 2465 975">
    <p class='ocr_par' dir='ltr' id='par_1_14' title="bbox 831 902 2384 975">
     <span class='ocr_line' id='line_1_15' title="bbox 831 902 2384 975; baseline 0 -17"><span class='ocrx_word' id='word_1_98' title='bbox 831 916 1105 975; x_wconf 81' lang='lat' dir='ltr'><strong>Operatur,</strong></span> <span class='ocrx_word' id='word_1_99' title='bbox 1165 907 1209 960; x_wconf 91' lang='lat' dir='ltr'><strong>si</strong></span> <span class='ocrx_word' id='word_1_100' title='bbox 1270 906 1339 959; x_wconf 84' lang='lat' dir='ltr'><strong>ad</strong></span> <span class='ocrx_word' id='word_1_101' title='bbox 1397 904 1541 957; x_wconf 71' lang='lat' dir='ltr'><strong>aliud</strong></span> <span class='ocrx_word' id='word_1_102' title='bbox 1603 902 1876 971; x_wconf 75' lang='lat' dir='ltr'><strong>quidpiam</strong></span> <span class='ocrx_word' id='word_1_103' title='bbox 1931 904 2086 955; x_wconf 89' lang='lat' dir='ltr'><strong>otiari</strong></span> <span class='ocrx_word' id='word_1_104' title='bbox 2138 905 2384 959; x_wconf 84' lang='lat' dir='ltr'><strong>inventus</strong></span> 
     </span>
    </p>
   </div>
   <div class='ocr_carea' id='block_1_15' title="bbox 2376 902 4010 975">
    <p class='ocr_par' dir='ltr' id='par_1_15' title="bbox 2376 904 4010 970">
     <span class='ocr_line' id='line_1_16' title="bbox 2376 904 4010 970; baseline -0.001 -12"><span class='ocrx_word' id='word_1_105' title='bbox 2376 923 2384 958; x_wconf 85' lang='lat' dir='ltr'><strong>i</strong></span> <span class='ocrx_word' id='word_1_106' title='bbox 2486 906 2689 970; x_wconf 77' lang='grc' dir='ltr'><strong>λεῖπον,</strong></span> <span class='ocrx_word' id='word_1_107' title='bbox 2726 906 2786 957; x_wconf 85' lang='grc' dir='ltr'><strong>τὸ</strong></span> <span class='ocrx_word' id='word_1_108' title='bbox 2817 907 2927 958; x_wconf 78' lang='grc' dir='ltr'><strong>πᾶν</strong></span> <span class='ocrx_word' id='word_1_109' title='bbox 2972 905 3253 958; x_wconf 76' lang='grc' dir='ltr'><strong>ἀπώλεσεν</strong></span> <span class='ocrx_word' id='word_1_110' title='bbox 3276 921 3290 936; x_wconf 78' lang='grc' dir='ltr'><strong><em>ο</em></strong></span> <span class='ocrx_word' id='word_1_111' title='bbox 3345 904 3519 968; x_wconf 78' lang='grc' dir='ltr'><strong>οὕτως</strong></span> <span class='ocrx_word' id='word_1_112' title='bbox 3547 905 3638 957; x_wconf 75' lang='grc' dir='ltr'><strong>καὶ</strong></span> <span class='ocrx_word' id='word_1_113' title='bbox 3666 904 3697 956; x_wconf 80' lang='grc' dir='ltr'><strong>ό</strong></span> <span class='ocrx_word' id='word_1_114' title='bbox 3721 904 3861 957; x_wconf 75' lang='grc' dir='ltr'><strong>κατὰ</strong></span> <span class='ocrx_word' id='word_1_115' title='bbox 3901 904 4010 956; x_wconf 76' lang='grc' dir='ltr'><strong>Θεὸν</strong></span> 
     </span>
    </p>
   </div>
   <div class='ocr_carea' id='block_1_16' title="bbox 832 994 2466 1065">
    <p class='ocr_par' dir='ltr' id='par_1_16' title="bbox 832 997 1005 1050">
     <span class='ocr_line' id='line_1_17' title="bbox 832 997 1005 1050; baseline -0.006 -2"><span class='ocrx_word' id='word_1_116' title='bbox 832 997 1005 1050; x_wconf 69' lang='grc' dir='ltr'><strong>[πει-ἧι.</strong></span> 
     </span>
    </p>
   </div>
   <div class='ocr_carea' id='block_1_17' title="bbox 2376 994 4010 1065">
    <p class='ocr_par' dir='ltr' id='par_1_17' title="bbox 2486 994 4010 1065">
     <span class='ocr_line' id='line_1_18' title="bbox 2486 994 4010 1065; baseline 0.001 -19"><span class='ocrx_word' id='word_1_117' title='bbox 2486 996 2888 1065; x_wconf 71' lang='grc' dir='ltr'><strong>ἐργαζόμενος,</strong></span> <span class='ocrx_word' id='word_1_118' title='bbox 2930 996 2980 1048; x_wconf 81' lang='grc' dir='ltr'><strong>εί</strong></span> <span class='ocrx_word' id='word_1_119' title='bbox 3025 995 3162 1065; x_wconf 76' lang='grc' dir='ltr'><strong>πρὸς</strong></span> <span class='ocrx_word' id='word_1_120' title='bbox 3212 994 3340 1049; x_wconf 72' lang='grc' dir='ltr'><strong>ἄλλο</strong></span> <span class='ocrx_word' id='word_1_121' title='bbox 3390 1012 3443 1049; x_wconf 89' lang='grc' dir='ltr'><strong>τι</strong></span> <span class='ocrx_word' id='word_1_122' title='bbox 3488 994 3882 1065; x_wconf 71' lang='grc' dir='ltr'><strong>ἀσχολούμενος</strong></span> <span class='ocrx_word' id='word_1_123' title='bbox 3938 996 4010 1047; x_wconf 73' lang='lat' dir='ltr'><strong>ui-</strong></span> 
     </span>
    </p>
   </div>
   <div class='ocr_carea' id='block_1_18' title="bbox 2489 1087 2641 1156">
    <p class='ocr_par' dir='ltr' id='par_1_18' title="bbox 2489 1087 2641 1156">
     <span class='ocr_line' id='line_1_19' title="bbox 2489 1087 2641 1156; baseline 0 -18"><span class='ocrx_word' id='word_1_124' title='bbox 2489 1087 2641 1156; x_wconf 75' lang='grc' dir='ltr'><strong>ρεθῇ.</strong></span> 
     </span>
    </p>
   </div>
   <div class='ocr_carea' id='block_1_19' title="bbox 1436 1192 3070 1249">
    <p class='ocr_par' dir='ltr' id='par_1_19' title="bbox 1436 1192 1767 1248">
     <span class='ocr_line' id='line_1_20' title="bbox 1436 1192 1767 1248; baseline 0.018 -6"><span class='ocrx_word' id='word_1_125' title='bbox 1436 1192 1661 1247; x_wconf 75' lang='lat' dir='ltr'><strong>CAPUT</strong></span> <span class='ocrx_word' id='word_1_126' title='bbox 1703 1195 1767 1248; x_wconf 74' lang='grc' dir='ltr'><strong>Χ.</strong></span> 
     </span>
    </p>
   </div>
   <div class='ocr_carea' id='block_1_20' title="bbox 1792 1192 3426 1249">
    <p class='ocr_par' dir='ltr' id='par_1_20' title="bbox 3092 1194 3426 1249">
     <span class='ocr_line' id='line_1_21' title="bbox 3092 1194 3426 1249; baseline 0.006 -3"><span class='ocrx_word' id='word_1_127' title='bbox 3092 1194 3335 1247; x_wconf 73' lang='grc' dir='ltr'><strong>ΚΕΦΑΛ.</strong></span> <span class='ocrx_word' id='word_1_128' title='bbox 3367 1194 3426 1249; x_wconf 78' lang='grc' dir='ltr'><strong>ι’.</strong></span> 
     </span>
    </p>
   </div>
   <div class='ocr_carea' id='block_1_21' title="bbox 2553 1333 4010 1406">
    <p class='ocr_par' dir='ltr' id='par_1_21' title="bbox 2553 1333 4010 1406">
     <span class='ocr_line' id='line_1_22' title="bbox 2553 1333 4010 1406; baseline -0.003 -17"><span class='ocrx_word' id='word_1_129' title='bbox 2553 1338 2651 1389; x_wconf 78' lang='grc' dir='ltr'><strong>Διὰ</strong></span> <span class='ocrx_word' id='word_1_130' title='bbox 2678 1337 2728 1388; x_wconf 90' lang='grc' dir='ltr'><strong>τί</strong></span> <span class='ocrx_word' id='word_1_131' title='bbox 2759 1337 2949 1400; x_wconf 81' lang='grc' dir='ltr'><strong>ἄλλους</strong></span> <span class='ocrx_word' id='word_1_132' title='bbox 2982 1336 3344 1406; x_wconf 71' lang='grc' dir='ltr'><strong>ἐϐδομήκοντα</strong></span> <span class='ocrx_word' id='word_1_133' title='bbox 3377 1337 3621 1405; x_wconf 82' lang='grc' dir='ltr'><strong>μαθητὰς</strong></span> <span class='ocrx_word' id='word_1_134' title='bbox 3644 1333 4010 1405; x_wconf 75' lang='grc' dir='ltr'><strong>προσελάϐετος</strong></span> 
     </span>
    </p>
   </div>
   <div class='ocr_carea' id='block_1_22' title="bbox 2497 1424 4011 1497">
    <p class='ocr_par' dir='ltr' id='par_1_22' title="bbox 2497 1424 4011 1497">
     <span class='ocr_line' id='line_1_23' title="bbox 2497 1424 4011 1497; baseline -0.003 -19"><span class='ocrx_word' id='word_1_135' title='bbox 2497 1428 2711 1497; x_wconf 81' lang='grc' dir='ltr'><strong>Ἐπειδὴ</strong></span> <span class='ocrx_word' id='word_1_136' title='bbox 2748 1427 2915 1495; x_wconf 79' lang='grc' dir='ltr'><strong>πολλὴ</strong></span> <span class='ocrx_word' id='word_1_137' title='bbox 2945 1426 3167 1495; x_wconf 75' lang='grc' dir='ltr'><strong>ἔμελλεν</strong></span> <span class='ocrx_word' id='word_1_138' title='bbox 3198 1428 3230 1496; x_wconf 79' lang='grc' dir='ltr'>ἡ</span> <span class='ocrx_word' id='word_1_139' title='bbox 3261 1426 3451 1495; x_wconf 77' lang='grc' dir='ltr'><strong>διδαχὴ</strong></span> <span class='ocrx_word' id='word_1_140' title='bbox 3478 1424 3746 1493; x_wconf 79' lang='grc' dir='ltr'><strong>γίνεσθαι,</strong></span> <span class='ocrx_word' id='word_1_141' title='bbox 3782 1424 3875 1477; x_wconf 75' lang='grc' dir='ltr'><strong>καὶ</strong></span> <span class='ocrx_word' id='word_1_142' title='bbox 3904 1426 4011 1476; x_wconf 83' lang='grc' dir='ltr'><strong>πολ-</strong></span> 
     </span>
    </p>
   </div>
   <div class='ocr_carea' id='block_1_23' title="bbox 898 1318 2380 1407">
    <p class='ocr_par' dir='ltr' id='par_1_23' title="bbox 898 1318 2380 1407">
     <span class='ocr_line' id='line_1_24' title="bbox 898 1318 2380 1407; baseline 0.004 -20"><span class='ocrx_word' id='word_1_143' title='bbox 898 1338 1059 1391; x_wconf 76' lang='lat' dir='ltr'><strong>Vrzns.</strong></span> <span class='ocrx_word' id='word_1_144' title='bbox 1094 1338 1142 1390; x_wconf 82' lang='lat' dir='ltr'><strong>l.</strong></span> <span class='ocrx_word' id='word_1_145' title='bbox 1198 1336 1309 1389; x_wconf 86' lang='lat' dir='ltr'><strong>Cur</strong></span> <span class='ocrx_word' id='word_1_146' title='bbox 1354 1336 1491 1389; x_wconf 87' lang='lat' dir='ltr'><strong>alios</strong></span> <span class='ocrx_word' id='word_1_147' title='bbox 1542 1338 1881 1407; x_wconf 82' lang='lat' dir='ltr'><strong>septuaginta</strong></span> <span class='ocrx_word' id='word_1_148' title='bbox 1943 1340 2244 1407; x_wconf 84' lang='lat' dir='ltr'><strong>discipulos</strong></span> <span class='ocrx_word' id='word_1_149' title='bbox 2291 1318 2380 1393; x_wconf 75' lang='lat' dir='ltr'><strong>as-</strong></span> 
     </span>
    </p>
   </div>
   <div class='ocr_carea' id='block_1_24' title="bbox 829 1426 2380 1496">
    <p class='ocr_par' dir='ltr' id='par_1_24' title="bbox 829 1426 2380 1496">
     <span class='ocr_line' id='line_1_25' title="bbox 829 1426 2380 1496; baseline 0 -14"><span class='ocrx_word' id='word_1_150' title='bbox 829 1426 1094 1495; x_wconf 83' lang='lat' dir='ltr'><strong>sumpsit?</strong></span> <span class='ocrx_word' id='word_1_151' title='bbox 1130 1426 1268 1492; x_wconf 78' lang='lat' dir='ltr'><strong>Quia</strong></span> <span class='ocrx_word' id='word_1_152' title='bbox 1297 1428 1460 1479; x_wconf 89' lang='lat' dir='ltr'><strong>multa</strong></span> <span class='ocrx_word' id='word_1_153' title='bbox 1493 1428 1719 1481; x_wconf 72' lang='lat' dir='ltr'><strong>debebat</strong></span> <span class='ocrx_word' id='word_1_154' title='bbox 1755 1430 1864 1481; x_wconf 81' lang='lat' dir='ltr'><strong>ﬁeri</strong></span> <span class='ocrx_word' id='word_1_155' title='bbox 1888 1431 2220 1496; x_wconf 72' lang='lat' dir='ltr'><strong>prmdicatio,</strong></span> <span class='ocrx_word' id='word_1_156' title='bbox 2254 1433 2380 1484; x_wconf 84' lang='lat' dir='ltr'><strong>etin</strong></span> 
     </span>
    </p>
   </div>
   <div class='ocr_carea' id='block_1_25' title="bbox 828 1513 2462 1586">
    <p class='ocr_par' dir='ltr' id='par_1_25' title="bbox 828 1513 1959 1584">
     <span class='ocr_line' id='line_1_26' title="bbox 828 1513 1959 1584; baseline 0.001 -14"><span class='ocrx_word' id='word_1_157' title='bbox 828 1517 1011 1570; x_wconf 88' lang='lat' dir='ltr'><strong>multis</strong></span> <span class='ocrx_word' id='word_1_158' title='bbox 1051 1517 1204 1578; x_wconf 88' lang='lat' dir='ltr'><strong>locis,</strong></span> <span class='ocrx_word' id='word_1_159' title='bbox 1244 1515 1310 1567; x_wconf 90' lang='lat' dir='ltr'><strong>ad</strong></span> <span class='ocrx_word' id='word_1_160' title='bbox 1336 1513 1551 1567; x_wconf 71' lang='grc' dir='ltr'><strong>,Ιυιιεεως</strong></span> <span class='ocrx_word' id='word_1_161' title='bbox 1581 1526 1634 1568; x_wconf 86' lang='grc' dir='ltr'><strong>ει</strong></span> <span class='ocrx_word' id='word_1_162' title='bbox 1664 1519 1726 1569; x_wconf 87' lang='lat' dir='ltr'><strong>ad</strong></span> <span class='ocrx_word' id='word_1_163' title='bbox 1752 1529 1959 1584; x_wconf 80' lang='lat' dir='ltr'><strong>gentes.</strong></span> 
     </span>
    </p>
   </div>
   <div class='ocr_carea' id='block_1_26' title="bbox 2200 1513 3834 1586">
    <p class='ocr_par' dir='ltr' id='par_1_26' title="bbox 2482 1514 3834 1586">
     <span class='ocr_line' id='line_1_27' title="bbox 2482 1514 3834 1586; baseline -0.001 -18"><span class='ocrx_word' id='word_1_164' title='bbox 2482 1516 2646 1584; x_wconf 80' lang='grc' dir='ltr'><strong>λαχοῦ</strong></span> <span class='ocrx_word' id='word_1_165' title='bbox 2682 1519 2772 1569; x_wconf 81' lang='grc' dir='ltr'><strong>καὶ</strong></span> <span class='ocrx_word' id='word_1_166' title='bbox 2807 1518 2941 1586; x_wconf 75' lang='grc' dir='ltr'><strong>πρὸς</strong></span> <span class='ocrx_word' id='word_1_167' title='bbox 2987 1515 3269 1579; x_wconf 81' lang='grc' dir='ltr'><strong>Ἰουδαίους</strong></span> <span class='ocrx_word' id='word_1_168' title='bbox 3303 1514 3399 1568; x_wconf 77' lang='grc' dir='ltr'><strong>καὶ</strong></span> <span class='ocrx_word' id='word_1_169' title='bbox 3436 1515 3570 1586; x_wconf 72' lang='grc' dir='ltr'><strong>πρὸς</strong></span> <span class='ocrx_word' id='word_1_170' title='bbox 3596 1516 3664 1567; x_wconf 70' lang='grc' dir='ltr'><strong>τὰ</strong></span> <span class='ocrx_word' id='word_1_171' title='bbox 3688 1517 3834 1585; x_wconf 77' lang='grc' dir='ltr'><strong>ἐονη.</strong></span> 
     </span>
    </p>
   </div>
   <div class='ocr_carea' id='block_1_27' title="bbox 897 1603 2531 1675">
    <p class='ocr_par' dir='ltr' id='par_1_27' title="bbox 897 1605 2382 1673">
     <span class='ocr_line' id='line_1_28' title="bbox 897 1605 2382 1673; baseline 0.005 -16"><span class='ocrx_word' id='word_1_172' title='bbox 897 1606 1059 1658; x_wconf 69' lang='lat' dir='ltr'><strong>Vnus.</strong></span> <span class='ocrx_word' id='word_1_173' title='bbox 1094 1605 1181 1658; x_wconf 77' lang='grc'><strong>18.</strong></span> <span class='ocrx_word' id='word_1_174' title='bbox 1213 1605 1351 1669; x_wconf 87' lang='lat' dir='ltr'><strong>Quid</strong></span> <span class='ocrx_word' id='word_1_175' title='bbox 1379 1605 1645 1673; x_wconf 81' lang='lat' dir='ltr'><strong>signiﬁcat</strong></span> <span class='ocrx_word' id='word_1_176' title='bbox 1683 1624 1695 1660; x_wconf 89' lang='lat'><strong>:</strong></span> <span class='ocrx_word' id='word_1_177' title='bbox 1737 1606 1982 1661; x_wconf 73' lang='lat' dir='ltr'><strong>Videbam</strong></span> <span class='ocrx_word' id='word_1_178' title='bbox 2027 1608 2282 1662; x_wconf 84' lang='lat' dir='ltr'><strong>Satanam</strong></span> <span class='ocrx_word' id='word_1_179' title='bbox 2327 1622 2382 1664; x_wconf 79' lang='lat' dir='ltr'><strong>ut</strong></span> 
     </span>
    </p>
   </div>
   <div class='ocr_carea' id='block_1_28' title="bbox 2378 1603 4012 1675">
    <p class='ocr_par' dir='ltr' id='par_1_28' title="bbox 2378 1603 4012 1675">
     <span class='ocr_line' id='line_1_29' title="bbox 2378 1603 4012 1675; baseline 0 -16"><span class='ocrx_word' id='word_1_180' title='bbox 2378 1623 2382 1659; x_wconf 72' lang='grc' dir='ltr'><em>τ</em></span> <span class='ocrx_word' id='word_1_181' title='bbox 2554 1607 2618 1658; x_wconf 80' lang='grc' dir='ltr'><strong>Τί</strong></span> <span class='ocrx_word' id='word_1_182' title='bbox 2674 1609 2924 1675; x_wconf 88' lang='grc' dir='ltr'><strong>σημαίνει</strong></span> <span class='ocrx_word' id='word_1_183' title='bbox 2968 1608 3055 1671; x_wconf 82' lang='grc' dir='ltr'><strong>τὸ,</strong></span> <span class='ocrx_word' id='word_1_184' title='bbox 3119 1603 3442 1672; x_wconf 78' lang='grc' dir='ltr'><strong>Ἐθεώρουν</strong></span> <span class='ocrx_word' id='word_1_185' title='bbox 3494 1605 3602 1659; x_wconf 71' lang='grc' dir='ltr'><strong>τὸν</strong></span> <span class='ocrx_word' id='word_1_186' title='bbox 3646 1605 3915 1660; x_wconf 75' lang='grc' dir='ltr'><strong>Σατανᾶν</strong></span> <span class='ocrx_word' id='word_1_187' title='bbox 3949 1607 4012 1670; x_wconf 83' lang='grc' dir='ltr'><strong>ὠς</strong></span> 
     </span>
    </p>
   </div>
   <div class='ocr_carea' id='block_1_29' title="bbox 829 1694 2463 1768">
    <p class='ocr_par' dir='ltr' id='par_1_29' title="bbox 829 1697 2454 1768">
     <span class='ocr_line' id='line_1_30' title="bbox 829 1697 2454 1768; baseline 0.004 -19"><span class='ocrx_word' id='word_1_188' title='bbox 829 1698 1005 1767; x_wconf 81' lang='lat' dir='ltr'><strong>fulgur</strong></span> <span class='ocrx_word' id='word_1_189' title='bbox 1024 1713 1051 1749; x_wconf 92' lang='lat' dir='ltr'><strong>e</strong></span> <span class='ocrx_word' id='word_1_190' title='bbox 1080 1697 1203 1749; x_wconf 74' lang='lat' dir='ltr'><strong>cmlo</strong></span> <span class='ocrx_word' id='word_1_191' title='bbox 1226 1698 1531 1749; x_wconf 73' lang='lat' dir='ltr'><strong>cadentem?</strong></span> <span class='ocrx_word' id='word_1_192' title='bbox 1558 1697 1873 1751; x_wconf 80' lang='lat' dir='ltr'><strong>Ostenditur</strong></span> <span class='ocrx_word' id='word_1_193' title='bbox 1908 1698 2013 1763; x_wconf 89' lang='lat' dir='ltr'><strong>his,</strong></span> <span class='ocrx_word' id='word_1_194' title='bbox 2035 1700 2160 1768; x_wconf 84' lang='lat' dir='ltr'><strong>quia</strong></span> <span class='ocrx_word' id='word_1_195' title='bbox 2195 1702 2238 1755; x_wconf 88' lang='lat' dir='ltr'><strong>si</strong></span> <span class='ocrx_word' id='word_1_196' title='bbox 2262 1702 2377 1755; x_wconf 85' lang='lat' dir='ltr'><strong>illo-</strong></span> <span class='ocrx_word' id='word_1_197' title='bbox 2410 1708 2454 1765; x_wconf 88' lang='grc' dir='ltr'><strong>Β</strong></span> 
     </span>
    </p>
   </div>
   <div class='ocr_carea' id='block_1_30' title="bbox 2377 1694 4011 1768">
    <p class='ocr_par' dir='ltr' id='par_1_30' title="bbox 2410 1694 4011 1765">
     <span class='ocr_line' id='line_1_31' title="bbox 2410 1694 4011 1765; baseline 0 -19"><span class='ocrx_word' id='word_1_198' title='bbox 2410 1708 2454 1765; x_wconf 82' lang='grc' dir='ltr'><strong>Β</strong></span> <span class='ocrx_word' id='word_1_199' title='bbox 2484 1694 2813 1765; x_wconf 44' lang='grc' dir='ltr'><strong>ἀστραπὴν,</strong></span> <span class='ocrx_word' id='word_1_200' title='bbox 2828 1699 3091 1749; x_wconf 81' lang='grc' dir='ltr'><strong>πεσόντα</strong></span> <span class='ocrx_word' id='word_1_201' title='bbox 3127 1695 3193 1747; x_wconf 78' lang='grc' dir='ltr'><strong>ἐκ</strong></span> <span class='ocrx_word' id='word_1_202' title='bbox 3215 1695 3320 1748; x_wconf 85' lang='grc' dir='ltr'><strong>τοῦ</strong></span> <span class='ocrx_word' id='word_1_203' title='bbox 3348 1696 3636 1763; x_wconf 79' lang='grc' dir='ltr'><strong>οὐρονοῦ;</strong></span> <span class='ocrx_word' id='word_1_204' title='bbox 3676 1696 3844 1749; x_wconf 82' lang='grc' dir='ltr'><strong>Τοῦτο</strong></span> <span class='ocrx_word' id='word_1_205' title='bbox 3866 1696 4011 1765; x_wconf 78' lang='grc' dir='ltr'><strong>δηλοῖ,</strong></span> 
     </span>
    </p>
   </div>
   <div class='ocr_carea' id='block_1_31' title="bbox 832 1785 2466 1859">
    <p class='ocr_par' dir='ltr' id='par_1_31' title="bbox 832 1786 2386 1859">
     <span class='ocr_line' id='line_1_32' title="bbox 832 1786 2386 1859; baseline 0.003 -18"><span class='ocrx_word' id='word_1_206' title='bbox 832 1804 949 1841; x_wconf 90' lang='lat' dir='ltr'><strong>rum</strong></span> <span class='ocrx_word' id='word_1_207' title='bbox 977 1788 1229 1856; x_wconf 81' lang='lat' dir='ltr'><strong>princeps</strong></span> <span class='ocrx_word' id='word_1_208' title='bbox 1254 1786 1473 1851; x_wconf 81' lang='lat' dir='ltr'><strong>decidit,</strong></span> <span class='ocrx_word' id='word_1_209' title='bbox 1516 1788 1655 1840; x_wconf 74' lang='lat' dir='ltr'><strong>servi</strong></span> <span class='ocrx_word' id='word_1_210' title='bbox 1681 1789 1807 1857; x_wconf 91' lang='lat' dir='ltr'><strong>quid</strong></span> <span class='ocrx_word' id='word_1_211' title='bbox 1826 1805 1853 1841; x_wconf 92' lang='lat' dir='ltr'><strong>a</strong></span> <span class='ocrx_word' id='word_1_212' title='bbox 1883 1790 2035 1842; x_wconf 82' lang='lat' dir='ltr'><strong>vobis</strong></span> <span class='ocrx_word' id='word_1_213' title='bbox 2060 1791 2166 1857; x_wconf 90' lang='lat' dir='ltr'><strong>pati</strong></span> <span class='ocrx_word' id='word_1_214' title='bbox 2194 1806 2386 1859; x_wconf 82' lang='lat' dir='ltr'><strong>exspe-</strong></span> 
     </span>
    </p>
   </div>
   <div class='ocr_carea' id='block_1_32' title="bbox 2378 1785 4012 1859">
    <p class='ocr_par' dir='ltr' id='par_1_32' title="bbox 2378 1785 4012 1856">
     <span class='ocr_line' id='line_1_33' title="bbox 2378 1785 4012 1856; baseline 0.002 -23"><span class='ocrx_word' id='word_1_215' title='bbox 2378 1820 2386 1833; x_wconf 87' lang='lat'><strong>.</strong></span> <span class='ocrx_word' id='word_1_216' title='bbox 2487 1785 2567 1838; x_wconf 81' lang='grc' dir='ltr'><strong>ὅτι</strong></span> <span class='ocrx_word' id='word_1_217' title='bbox 2601 1785 2662 1837; x_wconf 85' lang='grc' dir='ltr'><strong>Εί</strong></span> <span class='ocrx_word' id='word_1_218' title='bbox 2689 1786 2716 1837; x_wconf 85' lang='grc' dir='ltr'><strong>ὀ</strong></span> <span class='ocrx_word' id='word_1_219' title='bbox 2744 1787 2925 1856; x_wconf 77' lang='grc' dir='ltr'><strong>ἄρχων</strong></span> <span class='ocrx_word' id='word_1_220' title='bbox 2948 1787 3125 1840; x_wconf 81' lang='grc' dir='ltr'><strong>αὐτῶν</strong></span> <span class='ocrx_word' id='word_1_221' title='bbox 3156 1788 3475 1851; x_wconf 74' lang='grc' dir='ltr'><strong>κατέπεσεν,</strong></span> <span class='ocrx_word' id='word_1_222' title='bbox 3507 1788 3552 1838; x_wconf 72' lang='grc' dir='ltr'><strong>σι</strong></span> <span class='ocrx_word' id='word_1_223' title='bbox 3582 1785 3755 1839; x_wconf 83' lang='grc' dir='ltr'><strong>δοῦλοι</strong></span> <span class='ocrx_word' id='word_1_224' title='bbox 3782 1788 3833 1838; x_wconf 85' lang='grc' dir='ltr'><strong>τί</strong></span> <span class='ocrx_word' id='word_1_225' title='bbox 3872 1803 4012 1855; x_wconf 86' lang='grc' dir='ltr'><strong>προσ-</strong></span> 
     </span>
    </p>
   </div>
   <div class='ocr_carea' id='block_1_33' title="bbox 826 1872 2460 1949">
    <p class='ocr_par' dir='ltr' id='par_1_33' title="bbox 826 1874 2379 1946">
     <span class='ocr_line' id='line_1_34' title="bbox 826 1874 2379 1946; baseline 0.002 -16"><span class='ocrx_word' id='word_1_226' title='bbox 826 1876 1085 1930; x_wconf 80' lang='lat' dir='ltr'><strong>ctabunt?</strong></span> <span class='ocrx_word' id='word_1_227' title='bbox 1112 1874 1178 1928; x_wconf 87' lang='lat' dir='ltr'><strong>Ut</strong></span> <span class='ocrx_word' id='word_1_228' title='bbox 1212 1875 1413 1944; x_wconf 73' lang='lat' dir='ltr'><strong>fulgur,</strong></span> <span class='ocrx_word' id='word_1_229' title='bbox 1477 1877 1629 1939; x_wconf 87' lang='lat' dir='ltr'><strong>dicit,</strong></span> <span class='ocrx_word' id='word_1_230' title='bbox 1677 1878 1801 1945; x_wconf 87' lang='lat' dir='ltr'><strong>quia</strong></span> <span class='ocrx_word' id='word_1_231' title='bbox 1835 1878 2145 1946; x_wconf 82' lang='lat' dir='ltr'><strong>splendidus</strong></span> <span class='ocrx_word' id='word_1_232' title='bbox 2189 1889 2379 1933; x_wconf 87' lang='lat' dir='ltr'><strong>natura</strong></span> 
     </span>
    </p>
   </div>
   <div class='ocr_carea' id='block_1_34' title="bbox 2375 1872 4009 1949">
    <p class='ocr_par' dir='ltr' id='par_1_34' title="bbox 2375 1872 4009 1949">
     <span class='ocr_line' id='line_1_35' title="bbox 2375 1872 4009 1949; baseline 0.001 -22"><span class='ocrx_word' id='word_1_233' title='bbox 2375 1901 2379 1932; x_wconf 76' lang='grc' dir='ltr'><strong>ι</strong></span> <span class='ocrx_word' id='word_1_234' title='bbox 2480 1875 2680 1949; x_wconf 80' lang='grc' dir='ltr'><strong>δοκῶσι</strong></span> <span class='ocrx_word' id='word_1_235' title='bbox 2724 1877 2915 1929; x_wconf 81' lang='grc' dir='ltr'><strong>παθεῖν</strong></span> <span class='ocrx_word' id='word_1_236' title='bbox 2946 1878 3015 1930; x_wconf 84' lang='grc' dir='ltr'><strong>δι’</strong></span> <span class='ocrx_word' id='word_1_237' title='bbox 3058 1878 3246 1948; x_wconf 87' lang='grc' dir='ltr'><strong>ύμῶν;</strong></span> <span class='ocrx_word' id='word_1_238' title='bbox 3274 1878 3398 1943; x_wconf 75' lang='grc' dir='ltr'><strong>,Ὧς</strong></span> <span class='ocrx_word' id='word_1_239' title='bbox 3440 1877 3761 1945; x_wconf 74' lang='grc' dir='ltr'><strong>ἀστραπὴν</strong></span> <span class='ocrx_word' id='word_1_240' title='bbox 3786 1876 3839 1930; x_wconf 67' lang='grc' dir='ltr'><strong>δὲ</strong></span> <span class='ocrx_word' id='word_1_241' title='bbox 3863 1872 4009 1934; x_wconf 76' lang='grc' dir='ltr'><strong>εἶπεν.</strong></span> 
     </span>
    </p>
   </div>
   <div class='ocr_carea' id='block_1_35' title="bbox 824 1964 2458 2039">
    <p class='ocr_par' dir='ltr' id='par_1_35' title="bbox 824 1966 2378 2034">
     <span class='ocr_line' id='line_1_36' title="bbox 824 1966 2378 2034; baseline 0.003 -15"><span class='ocrx_word' id='word_1_242' title='bbox 824 1978 955 2028; x_wconf 81' lang='lat' dir='ltr'><strong>erat,</strong></span> <span class='ocrx_word' id='word_1_243' title='bbox 1017 1967 1117 2019; x_wconf 88' lang='lat' dir='ltr'><strong>etsi</strong></span> <span class='ocrx_word' id='word_1_244' title='bbox 1156 1968 1478 2020; x_wconf 87' lang='lat' dir='ltr'><strong>tenebrosus</strong></span> <span class='ocrx_word' id='word_1_245' title='bbox 1528 1966 1704 2021; x_wconf 78' lang='lat' dir='ltr'><strong>factus</strong></span> <span class='ocrx_word' id='word_1_246' title='bbox 1750 1969 1820 2021; x_wconf 87' lang='lat' dir='ltr'><strong>sit</strong></span> <span class='ocrx_word' id='word_1_247' title='bbox 1881 1969 2185 2023; x_wconf 82' lang='lat' dir='ltr'><strong>voluntate.</strong></span> <span class='ocrx_word' id='word_1_248' title='bbox 2220 1968 2378 2034; x_wconf 84' lang='lat' dir='ltr'><strong>Quod</strong></span> 
     </span>
    </p>
   </div>
   <div class='ocr_carea' id='block_1_36' title="bbox 2378 1964 4012 2039">
    <p class='ocr_par' dir='ltr' id='par_1_36' title="bbox 2481 1964 4012 2039">
     <span class='ocr_line' id='line_1_37' title="bbox 2481 1964 4012 2039; baseline 0.001 -22"><span class='ocrx_word' id='word_1_249' title='bbox 2481 1967 2666 2038; x_wconf 62' lang='grc' dir='ltr'><strong>ἐπειῖὴ</strong></span> <span class='ocrx_word' id='word_1_250' title='bbox 2701 1970 2958 2037; x_wconf 76' lang='grc' dir='ltr'><strong>φωτεινὸς</strong></span> <span class='ocrx_word' id='word_1_251' title='bbox 2989 1964 3055 2038; x_wconf 76' lang='grc' dir='ltr'><strong>ἦν</strong></span> <span class='ocrx_word' id='word_1_252' title='bbox 3089 1970 3187 2039; x_wconf 79' lang='grc' dir='ltr'><strong>τὴν</strong></span> <span class='ocrx_word' id='word_1_253' title='bbox 3227 1968 3407 2037; x_wconf 78' lang='grc' dir='ltr'><strong>φύσιν,</strong></span> <span class='ocrx_word' id='word_1_254' title='bbox 3444 1970 3490 2020; x_wconf 88' lang='grc' dir='ltr'><strong>εί</strong></span> <span class='ocrx_word' id='word_1_255' title='bbox 3521 1968 3614 2020; x_wconf 69' lang='grc' dir='ltr'><strong>καὶ</strong></span> <span class='ocrx_word' id='word_1_256' title='bbox 3649 1969 3915 2029; x_wconf 75' lang='grc' dir='ltr'><strong>σκοτεινὸς</strong></span> <span class='ocrx_word' id='word_1_257' title='bbox 3937 1970 4012 2035; x_wconf 87' lang='grc' dir='ltr'><strong>γέ-</strong></span> 
     </span>
    </p>
   </div>
   <div class='ocr_carea' id='block_1_37' title="bbox 823 2050 2381 2124">
    <p class='ocr_par' dir='ltr' id='par_1_37' title="bbox 823 2050 2381 2124">
     <span class='ocr_line' id='line_1_38' title="bbox 823 2050 2381 2124; baseline 0.003 -18"><span class='ocrx_word' id='word_1_258' title='bbox 823 2052 964 2106; x_wconf 88' lang='lat' dir='ltr'><strong>enim</strong></span> <span class='ocrx_word' id='word_1_259' title='bbox 996 2050 1122 2105; x_wconf 80' lang='lat' dir='ltr'><strong>facit</strong></span> <span class='ocrx_word' id='word_1_260' title='bbox 1153 2051 1314 2115; x_wconf 84' lang='lat' dir='ltr'><strong>Deus,</strong></span> <span class='ocrx_word' id='word_1_261' title='bbox 1347 2053 1446 2107; x_wconf 88' lang='lat' dir='ltr'><strong>hoc</strong></span> <span class='ocrx_word' id='word_1_262' title='bbox 1482 2053 1679 2106; x_wconf 85' lang='lat' dir='ltr'><strong>bonum</strong></span> <span class='ocrx_word' id='word_1_263' title='bbox 1714 2065 1828 2120; x_wconf 86' lang='lat' dir='ltr'><strong>est;</strong></span> <span class='ocrx_word' id='word_1_264' title='bbox 1870 2058 2010 2124; x_wconf 77' lang='lat' dir='ltr'><strong>quod</strong></span> <span class='ocrx_word' id='word_1_265' title='bbox 2037 2066 2218 2111; x_wconf 89' lang='lat' dir='ltr'><strong>autem</strong></span> <span class='ocrx_word' id='word_1_266' title='bbox 2262 2074 2381 2112; x_wconf 90' lang='lat' dir='ltr'><strong>mu-</strong></span> 
     </span>
    </p>
   </div>
   <div class='ocr_carea' id='block_1_38' title="bbox 826 2143 2376 2215">
    <p class='ocr_par' dir='ltr' id='par_1_38' title="bbox 826 2143 2376 2215">
     <span class='ocr_line' id='line_1_39' title="bbox 826 2143 2376 2215; baseline 0.006 -22"><span class='ocrx_word' id='word_1_267' title='bbox 826 2144 955 2195; x_wconf 86' lang='lat' dir='ltr'><strong>tavit</strong></span> <span class='ocrx_word' id='word_1_268' title='bbox 987 2143 1256 2205; x_wconf 86' lang='lat' dir='ltr'><strong>diabolus,</strong></span> <span class='ocrx_word' id='word_1_269' title='bbox 1293 2143 1420 2195; x_wconf 88' lang='lat' dir='ltr'><strong>illud</strong></span> <span class='ocrx_word' id='word_1_270' title='bbox 1472 2146 1673 2197; x_wconf 87' lang='lat' dir='ltr'><strong>malum</strong></span> <span class='ocrx_word' id='word_1_271' title='bbox 1711 2162 1725 2198; x_wconf 91' lang='lat'><strong>:</strong></span> <span class='ocrx_word' id='word_1_272' title='bbox 1770 2147 1850 2199; x_wconf 88' lang='lat' dir='ltr'><strong>vel</strong></span> <span class='ocrx_word' id='word_1_273' title='bbox 1885 2148 2026 2215; x_wconf 89' lang='lat' dir='ltr'><strong>quod</strong></span> <span class='ocrx_word' id='word_1_274' title='bbox 2073 2163 2137 2201; x_wconf 74' lang='lat' dir='ltr'><strong>ex</strong></span> <span class='ocrx_word' id='word_1_275' title='bbox 2182 2149 2291 2202; x_wconf 89' lang='lat' dir='ltr'><strong>alto</strong></span> <span class='ocrx_word' id='word_1_276' title='bbox 2326 2151 2376 2203; x_wconf 91' lang='lat' dir='ltr'><strong>in</strong></span> 
     </span>
    </p>
   </div>
   <div class='ocr_carea' id='block_1_39' title="bbox 825 2233 2378 2308">
    <p class='ocr_par' dir='ltr' id='par_1_39' title="bbox 825 2233 2378 2308">
     <span class='ocr_line' id='line_1_40' title="bbox 825 2233 2378 2308; baseline 0.007 -23"><span class='ocrx_word' id='word_1_277' title='bbox 825 2245 1022 2286; x_wconf 86' lang='lat' dir='ltr'><strong>terram</strong></span> <span class='ocrx_word' id='word_1_278' title='bbox 1050 2233 1290 2287; x_wconf 79' lang='lat' dir='ltr'><strong>defertur</strong></span> <span class='ocrx_word' id='word_1_279' title='bbox 1315 2237 1551 2289; x_wconf 86' lang='lat' dir='ltr'><strong>ostendit</strong></span> <span class='ocrx_word' id='word_1_280' title='bbox 1575 2252 1604 2291; x_wconf 88' lang='lat' dir='ltr'><strong>e</strong></span> <span class='ocrx_word' id='word_1_281' title='bbox 1632 2238 1800 2307; x_wconf 77' lang='lat' dir='ltr'><strong>gloria</strong></span> <span class='ocrx_word' id='word_1_282' title='bbox 1830 2238 1882 2291; x_wconf 91' lang='lat' dir='ltr'><strong>in</strong></span> <span class='ocrx_word' id='word_1_283' title='bbox 1917 2240 2268 2308; x_wconf 86' lang='lat' dir='ltr'><strong>opprobrium</strong></span> <span class='ocrx_word' id='word_1_284' title='bbox 2292 2258 2378 2295; x_wconf 90' lang='lat' dir='ltr'><strong>ea-</strong></span> 
     </span>
    </p>
   </div>
   <div class='ocr_carea' id='block_1_40' title="bbox 822 2326 971 2378">
    <p class='ocr_par' dir='ltr' id='par_1_40' title="bbox 822 2326 971 2378">
     <span class='ocr_line' id='line_1_41' title="bbox 822 2326 971 2378; baseline -0.013 -1"><span class='ocrx_word' id='word_1_285' title='bbox 822 2326 971 2378; x_wconf 88' lang='lat' dir='ltr'><strong>deus.</strong></span> 
     </span>
    </p>
   </div>
   <div class='ocr_carea' id='block_1_41' title="bbox 903 2414 2376 2488">
    <p class='ocr_par' dir='ltr' id='par_1_41' title="bbox 903 2414 2376 2488">
     <span class='ocr_line' id='line_1_42' title="bbox 903 2414 2376 2488; baseline 0.007 -21"><span class='ocrx_word' id='word_1_286' title='bbox 903 2414 1061 2471; x_wconf 74' lang='lat' dir='ltr'><strong>Vsus.</strong></span> <span class='ocrx_word' id='word_1_287' title='bbox 1082 2416 1167 2471; x_wconf 81' lang='lat' dir='ltr'><strong>l9.</strong></span> <span class='ocrx_word' id='word_1_288' title='bbox 1192 2417 1411 2472; x_wconf 85' lang='lat' dir='ltr'><strong>Calcare</strong></span> <span class='ocrx_word' id='word_1_289' title='bbox 1439 2434 1591 2485; x_wconf 82' lang='lat' dir='ltr'><strong>super</strong></span> <span class='ocrx_word' id='word_1_290' title='bbox 1616 2429 1874 2487; x_wconf 79' lang='lat' dir='ltr'><strong>serpentes</strong></span> <span class='ocrx_word' id='word_1_291' title='bbox 1898 2430 1946 2473; x_wconf 91' lang='lat' dir='ltr'><strong>et</strong></span> <span class='ocrx_word' id='word_1_292' title='bbox 1969 2423 2287 2488; x_wconf 87' lang='lat' dir='ltr'><strong>scorpiones,</strong></span> <span class='ocrx_word' id='word_1_293' title='bbox 2311 2424 2376 2478; x_wconf 90' lang='lat' dir='ltr'><strong>de</strong></span> 
     </span>
    </p>
   </div>
   <div class='ocr_carea' id='block_1_42' title="bbox 821 2506 1412 2560">
    <p class='ocr_par' dir='ltr' id='par_1_42' title="bbox 821 2506 1412 2560">
     <span class='ocr_line' id='line_1_43' title="bbox 821 2506 1412 2560; baseline 0.005 -3"><span class='ocrx_word' id='word_1_294' title='bbox 821 2506 1157 2558; x_wconf 70' lang='grc' dir='ltr'><strong>ιὶιιιιιιοιιὶὺιιδ</strong></span> <span class='ocrx_word' id='word_1_295' title='bbox 1190 2508 1412 2560; x_wconf 80' lang='lat' dir='ltr'><strong>dicitur.</strong></span> 
     </span>
    </p>
   </div>
   <div class='ocr_carea' id='block_1_43' title="bbox 897 2595 2372 2665">
    <p class='ocr_par' dir='ltr' id='par_1_43' title="bbox 897 2595 2372 2665">
     <span class='ocr_line' id='line_1_44' title="bbox 897 2595 2372 2665; baseline 0.006 -20"><span class='ocrx_word' id='word_1_296' title='bbox 897 2595 1056 2648; x_wconf 68' lang='lat' dir='ltr'><strong>Vnus.</strong></span> <span class='ocrx_word' id='word_1_297' title='bbox 1089 2596 1178 2649; x_wconf 75' lang='grc'><strong>20.</strong></span> <span class='ocrx_word' id='word_1_298' title='bbox 1224 2595 1405 2649; x_wconf 74' lang='lat' dir='ltr'><strong>Nolite</strong></span> <span class='ocrx_word' id='word_1_299' title='bbox 1436 2597 1662 2664; x_wconf 87' lang='lat' dir='ltr'><strong>gaudere</strong></span> <span class='ocrx_word' id='word_1_300' title='bbox 1693 2598 1939 2664; x_wconf 86' lang='lat' dir='ltr'><strong>quoniam</strong></span> <span class='ocrx_word' id='word_1_301' title='bbox 1982 2599 2199 2665; x_wconf 80' lang='lat' dir='ltr'><strong>spiritus</strong></span> <span class='ocrx_word' id='word_1_302' title='bbox 2234 2602 2372 2654; x_wconf 75' lang='lat' dir='ltr'><strong>vobis</strong></span> 
     </span>
    </p>
   </div>
   <div class='ocr_carea' id='block_1_44' title="bbox 820 2685 2376 2754">
    <p class='ocr_par' dir='ltr' id='par_1_44' title="bbox 820 2685 2376 2754">
     <span class='ocr_line' id='line_1_45' title="bbox 820 2685 2376 2754; baseline 0.004 -16"><span class='ocrx_word' id='word_1_303' title='bbox 820 2686 1211 2750; x_wconf 61' lang='lat' dir='ltr'><strong>subjiciuntur;</strong></span> <span class='ocrx_word' id='word_1_304' title='bbox 1248 2685 1296 2736; x_wconf 91' lang='lat' dir='ltr'><strong>id</strong></span> <span class='ocrx_word' id='word_1_305' title='bbox 1337 2694 1441 2748; x_wconf 92' lang='lat' dir='ltr'><strong>est,</strong></span> <span class='ocrx_word' id='word_1_306' title='bbox 1486 2686 1651 2739; x_wconf 91' lang='lat' dir='ltr'><strong>nolite</strong></span> <span class='ocrx_word' id='word_1_307' title='bbox 1694 2700 1827 2738; x_wconf 79' lang='lat' dir='ltr'><strong>vana</strong></span> <span class='ocrx_word' id='word_1_308' title='bbox 1863 2686 2103 2754; x_wconf 85' lang='lat' dir='ltr'><strong>gloriari.</strong></span> <span class='ocrx_word' id='word_1_309' title='bbox 2147 2689 2376 2744; x_wconf 86' lang='lat' dir='ltr'><strong>Gaudete</strong></span> 
     </span>
    </p>
   </div>
   <div class='ocr_carea' id='block_1_45' title="bbox 819 2774 2371 2842">
    <p class='ocr_par' dir='ltr' id='par_1_45' title="bbox 819 2774 2371 2842">
     <span class='ocr_line' id='line_1_46' title="bbox 819 2774 2371 2842; baseline 0.006 -16"><span class='ocrx_word' id='word_1_310' title='bbox 819 2786 989 2826; x_wconf 75' lang='lat' dir='ltr'><strong>auum</strong></span> <span class='ocrx_word' id='word_1_311' title='bbox 1018 2774 1151 2842; x_wconf 74' lang='lat' dir='ltr'><strong>quod</strong></span> <span class='ocrx_word' id='word_1_312' title='bbox 1183 2777 1393 2827; x_wconf 86' lang='lat' dir='ltr'><strong>nomina</strong></span> <span class='ocrx_word' id='word_1_313' title='bbox 1415 2784 1583 2827; x_wconf 77' lang='lat' dir='ltr'><strong>vestra</strong></span> <span class='ocrx_word' id='word_1_314' title='bbox 1618 2776 1813 2836; x_wconf 76' lang='lat' dir='ltr'><strong>scn’pla</strong></span> <span class='ocrx_word' id='word_1_315' title='bbox 1835 2787 1955 2826; x_wconf 85' lang='lat' dir='ltr'><strong>sunt</strong></span> <span class='ocrx_word' id='word_1_316' title='bbox 1987 2778 2040 2827; x_wconf 82' lang='lat' dir='ltr'><strong>in</strong></span> <span class='ocrx_word' id='word_1_317' title='bbox 2068 2778 2230 2842; x_wconf 64' lang='lat' dir='ltr'><strong>caelis,</strong></span> <span class='ocrx_word' id='word_1_318' title='bbox 2266 2796 2371 2835; x_wconf 88' lang='lat' dir='ltr'><strong>non</strong></span> 
     </span>
    </p>
   </div>
   <div class='ocr_carea' id='block_1_46' title="bbox 817 2865 2020 2928">
    <p class='ocr_par' dir='ltr' id='par_1_46' title="bbox 817 2865 2020 2928">
     <span class='ocr_line' id='line_1_47' title="bbox 817 2865 2020 2928; baseline 0.001 -11"><span class='ocrx_word' id='word_1_319' title='bbox 817 2866 883 2917; x_wconf 91' lang='lat' dir='ltr'><strong>de</strong></span> <span class='ocrx_word' id='word_1_320' title='bbox 908 2874 1233 2928; x_wconf 80' lang='lat' dir='ltr'><strong>atramento,</strong></span> <span class='ocrx_word' id='word_1_321' title='bbox 1261 2866 1351 2917; x_wconf 79' lang='lat' dir='ltr'><strong>sed</strong></span> <span class='ocrx_word' id='word_1_322' title='bbox 1370 2866 1433 2917; x_wconf 89' lang='lat' dir='ltr'><strong>de</strong></span> <span class='ocrx_word' id='word_1_323' title='bbox 1461 2865 1718 2916; x_wconf 85' lang='lat' dir='ltr'><strong>memoria</strong></span> <span class='ocrx_word' id='word_1_324' title='bbox 1752 2865 1839 2917; x_wconf 90' lang='lat' dir='ltr'><strong>Dei</strong></span> <span class='ocrx_word' id='word_1_325' title='bbox 1875 2866 2020 2918; x_wconf 71' lang='lat' dir='ltr'><strong>dicit.</strong></span> 
     </span>
    </p>
   </div>
   <div class='ocr_carea' id='block_1_47' title="bbox 894 2954 2368 3026">
    <p class='ocr_par' dir='ltr' id='par_1_47' title="bbox 894 2954 2368 3026">
     <span class='ocr_line' id='line_1_48' title="bbox 894 2954 2368 3026; baseline 0.004 -21"><span class='ocrx_word' id='word_1_326' title='bbox 894 2956 1051 3009; x_wconf 68' lang='lat' dir='ltr'><strong>Vens.</strong></span> <span class='ocrx_word' id='word_1_327' title='bbox 1083 2956 1171 3010; x_wconf 73' lang='grc'><strong>29.</strong></span> <span class='ocrx_word' id='word_1_328' title='bbox 1203 2954 1358 3023; x_wconf 85' lang='lat' dir='ltr'><strong>Legis</strong></span> <span class='ocrx_word' id='word_1_329' title='bbox 1392 2955 1594 3023; x_wconf 91' lang='lat' dir='ltr'><strong>peritus</strong></span> <span class='ocrx_word' id='word_1_330' title='bbox 1628 2956 1784 3009; x_wconf 87' lang='lat' dir='ltr'><strong>aliter</strong></span> <span class='ocrx_word' id='word_1_331' title='bbox 1832 2956 2020 3017; x_wconf 85' lang='lat' dir='ltr'><strong>habuit</strong></span> <span class='ocrx_word' id='word_1_332' title='bbox 2049 2960 2368 3026; x_wconf 75' lang='lat' dir='ltr'><strong>proximum,</strong></span> 
     </span>
    </p>
   </div>
   <div class='ocr_carea' id='block_1_48' title="bbox 2481 2056 4013 2129">
    <p class='ocr_par' dir='ltr' id='par_1_48' title="bbox 2481 2056 4013 2129">
     <span class='ocr_line' id='line_1_49' title="bbox 2481 2056 4013 2129; baseline 0.001 -20"><span class='ocrx_word' id='word_1_333' title='bbox 2481 2072 2601 2123; x_wconf 86' lang='grc' dir='ltr'><strong>γονε</strong></span> <span class='ocrx_word' id='word_1_334' title='bbox 2635 2059 2733 2126; x_wconf 84' lang='grc' dir='ltr'><strong>τὴν</strong></span> <span class='ocrx_word' id='word_1_335' title='bbox 2766 2060 3100 2129; x_wconf 87' lang='grc' dir='ltr'><strong>προαίρεσιν.</strong></span> <span class='ocrx_word' id='word_1_336' title='bbox 3150 2061 3213 2111; x_wconf 89' lang='grc' dir='ltr'>Ὃ</span> <span class='ocrx_word' id='word_1_337' title='bbox 3237 2058 3344 2128; x_wconf 84' lang='grc' dir='ltr'><strong>γὰρ</strong></span> <span class='ocrx_word' id='word_1_338' title='bbox 3368 2059 3621 2129; x_wconf 84' lang='grc' dir='ltr'><strong>ἐποίησεν</strong></span> <span class='ocrx_word' id='word_1_339' title='bbox 3645 2059 3672 2109; x_wconf 89' lang='grc' dir='ltr'><strong>ό</strong></span> <span class='ocrx_word' id='word_1_340' title='bbox 3702 2058 3852 2120; x_wconf 72' lang='grc' dir='ltr'><strong>Θεὸς,</strong></span> <span class='ocrx_word' id='word_1_341' title='bbox 3880 2056 4013 2111; x_wconf 79' lang='grc' dir='ltr'><strong>τοῦτο</strong></span> 
     </span>
    </p>
   </div>
   <div class='ocr_carea' id='block_1_49' title="bbox 2478 2148 4010 2220">
    <p class='ocr_par' dir='ltr' id='par_1_49' title="bbox 2478 2148 4010 2220">
     <span class='ocr_line' id='line_1_50' title="bbox 2478 2148 4010 2220; baseline -0.001 -20"><span class='ocrx_word' id='word_1_342' title='bbox 2478 2148 2643 2201; x_wconf 72' lang='grc' dir='ltr'><strong>καλόν</strong></span> <span class='ocrx_word' id='word_1_343' title='bbox 2667 2164 2680 2178; x_wconf 74' lang='grc'><strong><em>⁸</em></strong></span> <span class='ocrx_word' id='word_1_344' title='bbox 2718 2149 2745 2201; x_wconf 86' lang='grc' dir='ltr'><strong>δ</strong></span> <span class='ocrx_word' id='word_1_345' title='bbox 2771 2150 2825 2202; x_wconf 84' lang='grc' dir='ltr'><strong>δὲ</strong></span> <span class='ocrx_word' id='word_1_346' title='bbox 2867 2150 3225 2220; x_wconf 81' lang='grc' dir='ltr'><strong>μετεποίησεν</strong></span> <span class='ocrx_word' id='word_1_347' title='bbox 3260 2152 3289 2205; x_wconf 85' lang='grc' dir='ltr'><strong>ό</strong></span> <span class='ocrx_word' id='word_1_348' title='bbox 3312 2150 3577 2213; x_wconf 78' lang='grc' dir='ltr'><strong>διάὸολος,</strong></span> <span class='ocrx_word' id='word_1_349' title='bbox 3622 2148 3783 2201; x_wconf 83' lang='grc' dir='ltr'><strong>τοῦτο</strong></span> <span class='ocrx_word' id='word_1_350' title='bbox 3826 2148 4010 2201; x_wconf 72' lang='grc' dir='ltr'><strong>κακόν·</strong></span> 
     </span>
    </p>
   </div>
   <div class='ocr_carea' id='block_1_50' title="bbox 2479 2236 4012 2308">
    <p class='ocr_par' dir='ltr' id='par_1_50' title="bbox 2479 2236 4012 2308">
     <span class='ocr_line' id='line_1_51' title="bbox 2479 2236 4012 2308; baseline 0.001 -19"><span class='ocrx_word' id='word_1_351' title='bbox 2479 2236 2513 2303; x_wconf 81' lang='grc' dir='ltr'><strong>ἥ</strong></span> <span class='ocrx_word' id='word_1_352' title='bbox 2540 2236 2600 2289; x_wconf 84' lang='grc' dir='ltr'><strong>τδ</strong></span> <span class='ocrx_word' id='word_1_353' title='bbox 2629 2236 2685 2300; x_wconf 77' lang='grc' dir='ltr'><strong>ἐξ</strong></span> <span class='ocrx_word' id='word_1_354' title='bbox 2711 2238 2877 2305; x_wconf 74' lang='grc' dir='ltr'><strong>ὕψους</strong></span> <span class='ocrx_word' id='word_1_355' title='bbox 2909 2240 2986 2300; x_wconf 86' lang='grc' dir='ltr'><strong>είς</strong></span> <span class='ocrx_word' id='word_1_356' title='bbox 3007 2238 3109 2308; x_wconf 83' lang='grc' dir='ltr'><strong>γῆν</strong></span> <span class='ocrx_word' id='word_1_357' title='bbox 3132 2238 3595 2308; x_wconf 84' lang='grc' dir='ltr'><strong>κατενηνεγμένον</strong></span> <span class='ocrx_word' id='word_1_358' title='bbox 3618 2236 3769 2307; x_wconf 80' lang='grc' dir='ltr'><strong>δηλοῖ</strong></span> <span class='ocrx_word' id='word_1_359' title='bbox 3794 2239 3855 2290; x_wconf 69' lang='grc' dir='ltr'><strong>ἐκ</strong></span> <span class='ocrx_word' id='word_1_360' title='bbox 3880 2237 4012 2305; x_wconf 80' lang='grc' dir='ltr'><strong>δόξης</strong></span> 
     </span>
    </p>
   </div>
   <div class='ocr_carea' id='block_1_51' title="bbox 2480 2326 2831 2394">
    <p class='ocr_par' dir='ltr' id='par_1_51' title="bbox 2480 2326 2831 2394">
     <span class='ocr_line' id='line_1_52' title="bbox 2480 2326 2831 2394; baseline 0.009 -18"><span class='ocrx_word' id='word_1_361' title='bbox 2480 2326 2558 2387; x_wconf 81' lang='grc' dir='ltr'><strong>είς</strong></span> <span class='ocrx_word' id='word_1_362' title='bbox 2591 2327 2831 2394; x_wconf 82' lang='grc' dir='ltr'><strong>ἀτιμίαν.</strong></span> 
     </span>
    </p>
   </div>
   <div class='ocr_carea' id='block_1_52' title="bbox 2554 2416 4005 2487">
    <p class='ocr_par' dir='ltr' id='par_1_52' title="bbox 2554 2416 4005 2487">
     <span class='ocr_line' id='line_1_53' title="bbox 2554 2416 4005 2487; baseline 0.001 -20"><span class='ocrx_word' id='word_1_363' title='bbox 2554 2416 2674 2468; x_wconf 73' lang='grc' dir='ltr'><strong>Ὀτι</strong></span> <span class='ocrx_word' id='word_1_364' title='bbox 2714 2416 2792 2479; x_wconf 82' lang='grc' dir='ltr'><strong>τὸ,</strong></span> <span class='ocrx_word' id='word_1_365' title='bbox 2836 2417 3046 2470; x_wconf 78' lang='grc' dir='ltr'><strong>Πατεῖν</strong></span> <span class='ocrx_word' id='word_1_366' title='bbox 3092 2418 3290 2471; x_wconf 79' lang='grc' dir='ltr'><strong>ἐπάνω</strong></span> <span class='ocrx_word' id='word_1_367' title='bbox 3335 2419 3528 2487; x_wconf 71' lang='grc' dir='ltr'><strong>ὄφεων</strong></span> <span class='ocrx_word' id='word_1_368' title='bbox 3570 2418 3665 2472; x_wconf 75' lang='grc' dir='ltr'><strong>καί</strong></span> <span class='ocrx_word' id='word_1_369' title='bbox 3692 2419 4005 2484; x_wconf 72' lang='grc' dir='ltr'><strong>σκορπίων,</strong></span> 
     </span>
    </p>
   </div>
   <div class='ocr_carea' id='block_1_53' title="bbox 2480 2504 4011 2575">
    <p class='ocr_par' dir='ltr' id='par_1_53' title="bbox 2480 2504 4011 2575">
     <span class='ocr_line' id='line_1_54' title="bbox 2480 2504 4011 2575; baseline 0.003 -22"><span class='ocrx_word' id='word_1_370' title='bbox 2480 2506 2607 2561; x_wconf 76' lang='grc' dir='ltr'><strong>περὶ</strong></span> <span class='ocrx_word' id='word_1_371' title='bbox 2656 2504 2761 2556; x_wconf 84' lang='grc' dir='ltr'><strong>τῶν</strong></span> <span class='ocrx_word' id='word_1_372' title='bbox 2794 2505 3059 2574; x_wconf 77' lang='grc' dir='ltr'><strong>δαιμόνων</strong></span> <span class='ocrx_word' id='word_1_373' title='bbox 3111 2506 3279 2574; x_wconf 74' lang='grc' dir='ltr'><strong>λέγει.</strong></span> <span class='ocrx_word' id='word_1_374' title='bbox 3312 2507 3405 2573; x_wconf 66' lang='lat' dir='ltr'><strong>To,</strong></span> <span class='ocrx_word' id='word_1_375' title='bbox 3452 2507 3548 2574; x_wconf 76' lang='grc' dir='ltr'><strong>Μὴ</strong></span> <span class='ocrx_word' id='word_1_376' title='bbox 3579 2508 3811 2575; x_wconf 80' lang='grc' dir='ltr'><strong>χαίρετε</strong></span> <span class='ocrx_word' id='word_1_377' title='bbox 3851 2508 4011 2559; x_wconf 78' lang='grc' dir='ltr'><strong>ὄτιτὰ</strong></span> 
     </span>
    </p>
   </div>
   <div class='ocr_carea' id='block_1_54' title="bbox 2480 2593 4010 2665">
    <p class='ocr_par' dir='ltr' id='par_1_54' title="bbox 2480 2593 4010 2665">
     <span class='ocr_line' id='line_1_55' title="bbox 2480 2593 4010 2665; baseline 0.002 -22"><span class='ocrx_word' id='word_1_378' title='bbox 2480 2593 2784 2659; x_wconf 79' lang='grc' dir='ltr'><strong>πνεύματα</strong></span> <span class='ocrx_word' id='word_1_379' title='bbox 2808 2593 2948 2661; x_wconf 83' lang='grc' dir='ltr'><strong>ὑμῖν</strong></span> <span class='ocrx_word' id='word_1_380' title='bbox 2971 2593 3398 2658; x_wconf 82' lang='grc' dir='ltr'><strong>ὑποτάσσεται,</strong></span> <span class='ocrx_word' id='word_1_381' title='bbox 3428 2595 3547 2647; x_wconf 77' lang='grc' dir='ltr'><strong>ἀντὶ</strong></span> <span class='ocrx_word' id='word_1_382' title='bbox 3570 2594 3682 2658; x_wconf 81' lang='grc' dir='ltr'><strong>τοῦ,</strong></span> <span class='ocrx_word' id='word_1_383' title='bbox 3712 2596 3803 2665; x_wconf 80' lang='grc' dir='ltr'><strong>Μὴ</strong></span> <span class='ocrx_word' id='word_1_384' title='bbox 3828 2596 4010 2647; x_wconf 87' lang='grc' dir='ltr'><strong>κενοδο-</strong></span> 
     </span>
    </p>
   </div>
   <div class='ocr_carea' id='block_1_55' title="bbox 2481 2681 4009 2755">
    <p class='ocr_par' dir='ltr' id='par_1_55' title="bbox 2481 2681 4009 2755">
     <span class='ocr_line' id='line_1_56' title="bbox 2481 2681 4009 2755; baseline 0.004 -21"><span class='ocrx_word' id='word_1_385' title='bbox 2481 2681 2639 2746; x_wconf 83' lang='grc' dir='ltr'><strong>ξεῖτε.</strong></span> <span class='ocrx_word' id='word_1_386' title='bbox 2662 2684 2754 2746; x_wconf 71' lang='grc' dir='ltr'><strong>Τὸ,</strong></span> <span class='ocrx_word' id='word_1_387' title='bbox 2780 2685 3018 2751; x_wconf 81' lang='grc' dir='ltr'><strong>Χαίρετε</strong></span> <span class='ocrx_word' id='word_1_388' title='bbox 3039 2685 3125 2749; x_wconf 84' lang='grc' dir='ltr'><strong>δὲ,</strong></span> <span class='ocrx_word' id='word_1_389' title='bbox 3146 2685 3231 2737; x_wconf 80' lang='grc' dir='ltr'><strong>ὅτι</strong></span> <span class='ocrx_word' id='word_1_390' title='bbox 3253 2685 3321 2738; x_wconf 80' lang='grc' dir='ltr'><strong>τὰ</strong></span> <span class='ocrx_word' id='word_1_391' title='bbox 3345 2687 3603 2755; x_wconf 82' lang='grc' dir='ltr'><strong>ὀνόματα</strong></span> <span class='ocrx_word' id='word_1_392' title='bbox 3632 2685 4009 2755; x_wconf 68' lang='grc' dir='ltr'><strong>ὐμῶνέτρόφη</strong></span> 
     </span>
    </p>
   </div>
   <div class='ocr_carea' id='block_1_56' title="bbox 2477 2773 4008 2847">
    <p class='ocr_par' dir='ltr' id='par_1_56' title="bbox 2477 2773 4008 2847">
     <span class='ocr_line' id='line_1_57' title="bbox 2477 2773 4008 2847; baseline 0.008 -23"><span class='ocrx_word' id='word_1_393' title='bbox 2477 2773 2545 2825; x_wconf 79' lang='grc' dir='ltr'><strong>ἐν</strong></span> <span class='ocrx_word' id='word_1_394' title='bbox 2570 2773 2690 2839; x_wconf 79' lang='grc' dir='ltr'><strong>τοῖς</strong></span> <span class='ocrx_word' id='word_1_395' title='bbox 2720 2774 3014 2840; x_wconf 74' lang='grc' dir='ltr'><strong>οὐρανοῖς,</strong></span> <span class='ocrx_word' id='word_1_396' title='bbox 3046 2776 3107 2827; x_wconf 83' lang='grc' dir='ltr'><strong>ού</strong></span> <span class='ocrx_word' id='word_1_397' title='bbox 3143 2775 3232 2829; x_wconf 80' lang='grc' dir='ltr'><strong>δια</strong></span> <span class='ocrx_word' id='word_1_398' title='bbox 3261 2776 3510 2846; x_wconf 80' lang='grc' dir='ltr'><strong>μέλανος,</strong></span> <span class='ocrx_word' id='word_1_399' title='bbox 3540 2778 3672 2830; x_wconf 76' lang='grc' dir='ltr'><strong>ἀλλὰ</strong></span> <span class='ocrx_word' id='word_1_400' title='bbox 3698 2778 3786 2831; x_wconf 79' lang='grc' dir='ltr'><strong>διὰ</strong></span> <span class='ocrx_word' id='word_1_401' title='bbox 3814 2780 4008 2847; x_wconf 74' lang='grc' dir='ltr'><strong>μνήμης</strong></span> 
     </span>
    </p>
   </div>
   <div class='ocr_carea' id='block_1_57' title="bbox 2477 2864 2818 2931">
    <p class='ocr_par' dir='ltr' id='par_1_57' title="bbox 2477 2864 2818 2931">
     <span class='ocr_line' id='line_1_58' title="bbox 2477 2864 2818 2931; baseline 0.003 -15"><span class='ocrx_word' id='word_1_402' title='bbox 2477 2864 2632 2926; x_wconf 82' lang='grc' dir='ltr'><strong>θεοῦ,</strong></span> <span class='ocrx_word' id='word_1_403' title='bbox 2652 2864 2818 2931; x_wconf 78' lang='grc' dir='ltr'><strong>λέγει.</strong></span> 
     </span>
    </p>
   </div>
   <div class='ocr_carea' id='block_1_58' title="bbox 2483 2953 4005 3026">
    <p class='ocr_par' dir='ltr' id='par_1_58' title="bbox 2483 2953 4005 3026">
     <span class='ocr_line' id='line_1_59' title="bbox 2483 2953 4005 3026; baseline 0.001 -21"><span class='ocrx_word' id='word_1_404' title='bbox 2483 2976 2508 2996; x_wconf 65' lang='grc' dir='ltr'><strong>τ</strong></span> <span class='ocrx_word' id='word_1_405' title='bbox 2553 2953 2675 3005; x_wconf 83' lang='grc' dir='ltr'><strong>Ὀτι</strong></span> <span class='ocrx_word' id='word_1_406' title='bbox 2701 2956 2728 3007; x_wconf 89' lang='grc' dir='ltr'><strong>ό</strong></span> <span class='ocrx_word' id='word_1_407' title='bbox 2756 2956 2974 3024; x_wconf 76' lang='grc' dir='ltr'><strong>νομικὸς</strong></span> <span class='ocrx_word' id='word_1_408' title='bbox 3014 2956 3217 3026; x_wconf 77' lang='grc' dir='ltr'><strong>ἑτέρως</strong></span> <span class='ocrx_word' id='word_1_409' title='bbox 3249 2956 3407 3009; x_wconf 66' lang='grc' dir='ltr'><strong>ἔλαϐε</strong></span> <span class='ocrx_word' id='word_1_410' title='bbox 3440 2956 3520 3022; x_wconf 74' lang='grc' dir='ltr'><strong>τὸ,</strong></span> <span class='ocrx_word' id='word_1_411' title='bbox 3552 2958 3841 3025; x_wconf 71' lang='grc' dir='ltr'><strong>πλησίον,</strong></span> <span class='ocrx_word' id='word_1_412' title='bbox 3874 2972 4005 3009; x_wconf 81' lang='grc' dir='ltr'><strong>κενο-</strong></span> 
     </span>
    </p>
   </div>
   <div class='ocr_carea' id='block_1_59' title="bbox 815 3018 2449 3117">
    <p class='ocr_par' dir='ltr' id='par_1_59' title="bbox 815 3018 2443 3117">
     <span class='ocr_line' id='line_1_60' title="bbox 815 3018 2443 3117; baseline 0.004 -21"><span class='ocrx_word' id='word_1_413' title='bbox 815 3060 950 3097; x_wconf 82' lang='lat' dir='ltr'><strong>vana</strong></span> <span class='ocrx_word' id='word_1_414' title='bbox 978 3046 1235 3113; x_wconf 79' lang='lat' dir='ltr'><strong>gloriatus</strong></span> <span class='ocrx_word' id='word_1_415' title='bbox 1264 3062 1278 3096; x_wconf 89' lang='lat'><strong>:</strong></span> <span class='ocrx_word' id='word_1_416' title='bbox 1314 3045 1538 3097; x_wconf 89' lang='lat' dir='ltr'><strong>dicendo</strong></span> <span class='ocrx_word' id='word_1_417' title='bbox 1565 3046 1708 3099; x_wconf 88' lang='lat' dir='ltr'><strong>enim</strong></span> <span class='ocrx_word' id='word_1_418' title='bbox 1732 3063 1745 3098; x_wconf 89' lang='lat'><strong>:</strong></span> <span class='ocrx_word' id='word_1_419' title='bbox 1769 3046 1898 3107; x_wconf 84' lang='lat' dir='ltr'><strong>Quis</strong></span> <span class='ocrx_word' id='word_1_420' title='bbox 1921 3057 1996 3099; x_wconf 86' lang='lat' dir='ltr'><strong>cst</strong></span> <span class='ocrx_word' id='word_1_421' title='bbox 2022 3064 2162 3099; x_wconf 78' lang='lat' dir='ltr'><strong>meus</strong></span> <span class='ocrx_word' id='word_1_422' title='bbox 2195 3054 2373 3117; x_wconf 76' lang='lat' dir='ltr'><strong>proxi-</strong></span> <span class='ocrx_word' id='word_1_423' title='bbox 2399 3018 2443 3078; x_wconf 63' lang='grc' dir='ltr'><strong>ϐ</strong></span> 
     </span>
    </p>
   </div>
   <div class='ocr_carea' id='block_1_60' title="bbox 2369 3018 4003 3117">
    <p class='ocr_par' dir='ltr' id='par_1_60' title="bbox 2369 3018 4003 3117">
     <span class='ocr_line' id='line_1_61' title="bbox 2369 3018 4003 3117; baseline 0.006 -27"><span class='ocrx_word' id='word_1_424' title='bbox 2369 3082 2373 3090; x_wconf 90' lang='grc'><strong>.</strong></span> <span class='ocrx_word' id='word_1_425' title='bbox 2399 3018 2443 3078; x_wconf 75' lang='lat' dir='ltr'><strong><em>C</em></strong></span> <span class='ocrx_word' id='word_1_426' title='bbox 2477 3043 2643 3109; x_wconf 77' lang='grc' dir='ltr'><strong>δοξῶν</strong></span> <span class='ocrx_word' id='word_1_427' title='bbox 2668 3059 2681 3074; x_wconf 85' lang='grc'><strong>·</strong></span> <span class='ocrx_word' id='word_1_428' title='bbox 2712 3048 2767 3097; x_wconf 82' lang='grc' dir='ltr'><strong>ὲν</strong></span> <span class='ocrx_word' id='word_1_429' title='bbox 2798 3018 2905 3115; x_wconf 80' lang='grc' dir='ltr'><strong>γὰρ</strong></span> <span class='ocrx_word' id='word_1_430' title='bbox 2935 3046 3009 3115; x_wconf 83' lang='grc' dir='ltr'><strong>τῷ</strong></span> <span class='ocrx_word' id='word_1_431' title='bbox 3040 3018 3238 3115; x_wconf 78' lang='grc' dir='ltr'><strong>λέγειν,</strong></span> <span class='ocrx_word' id='word_1_432' title='bbox 3290 3050 3382 3113; x_wconf 85' lang='grc' dir='ltr'><strong>Τίς</strong></span> <span class='ocrx_word' id='word_1_433' title='bbox 3422 3018 3557 3101; x_wconf 80' lang='grc' dir='ltr'><strong>ἐστί</strong></span> <span class='ocrx_word' id='word_1_434' title='bbox 3593 3018 3712 3117; x_wconf 76' lang='grc' dir='ltr'><strong>μου</strong></span> <span class='ocrx_word' id='word_1_435' title='bbox 3745 3018 4003 3114; x_wconf 57' lang='grc' dir='ltr'><strong>πλησίον,</strong></span> 
     </span>
    </p>
   </div>
   <div class='ocr_carea' id='block_1_61' title="bbox 818 3136 2373 3207">
    <p class='ocr_par' dir='ltr' id='par_1_61' title="bbox 818 3136 2373 3207">
     <span class='ocr_line' id='line_1_62' title="bbox 818 3136 2373 3207; baseline 0.006 -20"><span class='ocrx_word' id='word_1_436' title='bbox 818 3137 973 3188; x_wconf 85' lang='lat' dir='ltr'><strong>mus?</strong></span> <span class='ocrx_word' id='word_1_437' title='bbox 1007 3138 1106 3189; x_wconf 90' lang='lat' dir='ltr'><strong>hoc</strong></span> <span class='ocrx_word' id='word_1_438' title='bbox 1145 3137 1394 3205; x_wconf 80' lang='lat' dir='ltr'><strong>proponit</strong></span> <span class='ocrx_word' id='word_1_439' title='bbox 1428 3153 1440 3189; x_wconf 92' lang='lat'><strong>:</strong></span> <span class='ocrx_word' id='word_1_440' title='bbox 1483 3137 1623 3204; x_wconf 85' lang='lat' dir='ltr'><strong>quis.</strong></span> <span class='ocrx_word' id='word_1_441' title='bbox 1660 3136 1759 3201; x_wconf 90' lang='lat' dir='ltr'><strong>ait,</strong></span> <span class='ocrx_word' id='word_1_442' title='bbox 1818 3138 1947 3190; x_wconf 90' lang='lat' dir='ltr'><strong>mihi</strong></span> <span class='ocrx_word' id='word_1_443' title='bbox 2004 3140 2225 3207; x_wconf 70' lang='lat' dir='ltr'><strong>mqualis</strong></span> <span class='ocrx_word' id='word_1_444' title='bbox 2254 3142 2373 3195; x_wconf 82' lang='lat' dir='ltr'><strong>est?</strong></span> 
     </span>
    </p>
   </div>
   <div class='ocr_carea' id='block_1_62' title="bbox 819 3226 2373 3299">
    <p class='ocr_par' dir='ltr' id='par_1_62' title="bbox 819 3226 2373 3299">
     <span class='ocr_line' id='line_1_63' title="bbox 819 3226 2373 3299; baseline 0.005 -22"><span class='ocrx_word' id='word_1_445' title='bbox 819 3228 1120 3294; x_wconf 75' lang='lat' dir='ltr'><strong>proximum</strong></span> <span class='ocrx_word' id='word_1_446' title='bbox 1166 3228 1370 3294; x_wconf 85' lang='lat' dir='ltr'><strong>justum</strong></span> <span class='ocrx_word' id='word_1_447' title='bbox 1422 3227 1622 3280; x_wconf 88' lang='lat' dir='ltr'><strong>habens</strong></span> <span class='ocrx_word' id='word_1_448' title='bbox 1658 3228 1811 3294; x_wconf 74' lang='lat' dir='ltr'><strong>jusri.</strong></span> <span class='ocrx_word' id='word_1_449' title='bbox 1853 3226 2008 3281; x_wconf 83' lang='lat' dir='ltr'><strong>Jesus</strong></span> <span class='ocrx_word' id='word_1_450' title='bbox 2060 3240 2238 3283; x_wconf 89' lang='lat' dir='ltr'><strong>autem</strong></span> <span class='ocrx_word' id='word_1_451' title='bbox 2282 3248 2373 3299; x_wconf 91' lang='lat' dir='ltr'><strong>per</strong></span> 
     </span>
    </p>
   </div>
   <div class='ocr_carea' id='block_1_63' title="bbox 821 3317 2369 3383">
    <p class='ocr_par' dir='ltr' id='par_1_63' title="bbox 821 3317 2369 3383">
     <span class='ocr_line' id='line_1_64' title="bbox 821 3317 2369 3383; baseline 0.003 -13"><span class='ocrx_word' id='word_1_452' title='bbox 821 3317 1208 3383; x_wconf 77' lang='lat' dir='ltr'><strong>indulgentiam</strong></span> <span class='ocrx_word' id='word_1_453' title='bbox 1234 3317 1441 3368; x_wconf 86' lang='lat' dir='ltr'><strong>loeutus</strong></span> <span class='ocrx_word' id='word_1_454' title='bbox 1464 3326 1565 3377; x_wconf 89' lang='lat' dir='ltr'><strong>cst,</strong></span> <span class='ocrx_word' id='word_1_455' title='bbox 1594 3326 1646 3367; x_wconf 93' lang='lat' dir='ltr'><strong>et</strong></span> <span class='ocrx_word' id='word_1_456' title='bbox 1682 3332 1776 3383; x_wconf 87' lang='lat' dir='ltr'><strong>per</strong></span> <span class='ocrx_word' id='word_1_457' title='bbox 1808 3317 2027 3369; x_wconf 91' lang='lat' dir='ltr'><strong>modum</strong></span> <span class='ocrx_word' id='word_1_458' title='bbox 2050 3320 2369 3374; x_wconf 90' lang='lat' dir='ltr'><strong>curationis.</strong></span> 
     </span>
    </p>
   </div>
   <div class='ocr_carea' id='block_1_64' title="bbox 895 3404 2368 3463">
    <p class='ocr_par' dir='ltr' id='par_1_64' title="bbox 895 3404 2368 3463">
     <span class='ocr_line' id='line_1_65' title="bbox 895 3404 2368 3463; baseline 0.004 -6"><span class='ocrx_word' id='word_1_459' title='bbox 895 3408 1049 3460; x_wconf 75' lang='lat' dir='ltr'><strong>Vsus.</strong></span> <span class='ocrx_word' id='word_1_460' title='bbox 1086 3406 1172 3459; x_wconf 74' lang='lat'><strong>50.</strong></span> <span class='ocrx_word' id='word_1_461' title='bbox 1198 3404 1363 3457; x_wconf 79' lang='lat' dir='ltr'><strong>Homo</strong></span> <span class='ocrx_word' id='word_1_462' title='bbox 1391 3406 1728 3458; x_wconf 81' lang='lat' dir='ltr'><strong>descendebat</strong></span> <span class='ocrx_word' id='word_1_463' title='bbox 1760 3424 1789 3459; x_wconf 89' lang='lat' dir='ltr'><strong>a</strong></span> <span class='ocrx_word' id='word_1_464' title='bbox 1815 3405 2114 3461; x_wconf 79' lang='lat' dir='ltr'><strong>Jerusalem</strong></span> <span class='ocrx_word' id='word_1_465' title='bbox 2140 3410 2191 3461; x_wconf 82' lang='lat' dir='ltr'><strong>in</strong></span> <span class='ocrx_word' id='word_1_466' title='bbox 2225 3408 2368 3463; x_wconf 75' lang='lat' dir='ltr'><strong>leri-</strong></span> 
     </span>
    </p>
   </div>
   <div class='ocr_carea' id='block_1_65' title="bbox 819 3495 2370 3567">
    <p class='ocr_par' dir='ltr' id='par_1_65' title="bbox 819 3495 2370 3567">
     <span class='ocr_line' id='line_1_66' title="bbox 819 3495 2370 3567; baseline 0.005 -18"><span class='ocrx_word' id='word_1_467' title='bbox 819 3500 934 3563; x_wconf 82' lang='lat' dir='ltr'><strong>c/to,</strong></span> <span class='ocrx_word' id='word_1_468' title='bbox 969 3498 1037 3549; x_wconf 92' lang='lat' dir='ltr'><strong>ab</strong></span> <span class='ocrx_word' id='word_1_469' title='bbox 1062 3497 1256 3548; x_wconf 78' lang='lat' dir='ltr'><strong>eximia</strong></span> <span class='ocrx_word' id='word_1_470' title='bbox 1300 3504 1351 3549; x_wconf 90' lang='lat' dir='ltr'><strong>et</strong></span> <span class='ocrx_word' id='word_1_471' title='bbox 1404 3495 1625 3563; x_wconf 73' lang='lat' dir='ltr'><strong>paciﬁca</strong></span> <span class='ocrx_word' id='word_1_472' title='bbox 1684 3496 1735 3549; x_wconf 87' lang='lat' dir='ltr'><strong>in</strong></span> <span class='ocrx_word' id='word_1_473' title='bbox 1778 3500 2035 3565; x_wconf 86' lang='lat' dir='ltr'><strong>paradiso</strong></span> <span class='ocrx_word' id='word_1_474' title='bbox 2080 3502 2229 3567; x_wconf 86' lang='lat' dir='ltr'><strong>vita;</strong></span> <span class='ocrx_word' id='word_1_475' title='bbox 2267 3503 2370 3557; x_wconf 90' lang='lat' dir='ltr'><strong>hoc</strong></span> 
     </span>
    </p>
   </div>
   <div class='ocr_carea' id='block_1_66' title="bbox 820 3584 2373 3654">
    <p class='ocr_par' dir='ltr' id='par_1_66' title="bbox 820 3584 2373 3654">
     <span class='ocr_line' id='line_1_67' title="bbox 820 3584 2373 3654; baseline 0.003 -13"><span class='ocrx_word' id='word_1_476' title='bbox 820 3588 961 3642; x_wconf 89' lang='lat' dir='ltr'><strong>enim</strong></span> <span class='ocrx_word' id='word_1_477' title='bbox 992 3600 1176 3654; x_wconf 81' lang='lat' dir='ltr'><strong>pacem</strong></span> <span class='ocrx_word' id='word_1_478' title='bbox 1221 3584 1507 3654; x_wconf 81' lang='lat' dir='ltr'><strong>signiﬁcat.</strong></span> <span class='ocrx_word' id='word_1_479' title='bbox 1543 3586 1621 3638; x_wconf 81' lang='lat' dir='ltr'><strong>Ad</strong></span> <span class='ocrx_word' id='word_1_480' title='bbox 1659 3584 1893 3653; x_wconf 85' lang='lat' dir='ltr'><strong>Jericho,</strong></span> <span class='ocrx_word' id='word_1_481' title='bbox 1930 3604 2140 3654; x_wconf 90' lang='lat' dir='ltr'><strong>cavam,</strong></span> <span class='ocrx_word' id='word_1_482' title='bbox 2170 3591 2373 3646; x_wconf 85' lang='lat' dir='ltr'><strong>demis-</strong></span> 
     </span>
    </p>
   </div>
   <div class='ocr_carea' id='block_1_67' title="bbox 821 3680 2368 3749">
    <p class='ocr_par' dir='ltr' id='par_1_67' title="bbox 821 3680 2368 3749">
     <span class='ocr_line' id='line_1_68' title="bbox 821 3680 2368 3749; baseline 0.003 -15"><span class='ocrx_word' id='word_1_483' title='bbox 821 3697 957 3744; x_wconf 83' lang='lat' dir='ltr'><strong>sam,</strong></span> <span class='ocrx_word' id='word_1_484' title='bbox 988 3682 1263 3733; x_wconf 85' lang='lat' dir='ltr'><strong>ardentem</strong></span> <span class='ocrx_word' id='word_1_485' title='bbox 1312 3689 1363 3733; x_wconf 86' lang='lat' dir='ltr'><strong>et</strong></span> <span class='ocrx_word' id='word_1_486' title='bbox 1394 3688 1596 3733; x_wconf 88' lang='lat' dir='ltr'><strong>arctam</strong></span> <span class='ocrx_word' id='word_1_487' title='bbox 1650 3680 1893 3749; x_wconf 88' lang='lat' dir='ltr'><strong>dejectns</strong></span> <span class='ocrx_word' id='word_1_488' title='bbox 1942 3691 2046 3746; x_wconf 90' lang='lat' dir='ltr'><strong>est,</strong></span> <span class='ocrx_word' id='word_1_489' title='bbox 2081 3682 2133 3736; x_wconf 93' lang='lat' dir='ltr'><strong>id</strong></span> <span class='ocrx_word' id='word_1_490' title='bbox 2184 3693 2266 3737; x_wconf 89' lang='lat' dir='ltr'><strong>est</strong></span> <span class='ocrx_word' id='word_1_491' title='bbox 2304 3686 2368 3739; x_wconf 90' lang='lat' dir='ltr'><strong>ad</strong></span> 
     </span>
    </p>
   </div>
   <div class='ocr_carea' id='block_1_68' title="bbox 820 3768 2368 3829">
    <p class='ocr_par' dir='ltr' id='par_1_68' title="bbox 820 3768 2368 3829">
     <span class='ocr_line' id='line_1_69' title="bbox 820 3768 2368 3829; baseline 0.002 -4"><span class='ocrx_word' id='word_1_492' title='bbox 820 3785 1175 3825; x_wconf 68' lang='lat' dir='ltr'><strong>aerumnosam</strong></span> <span class='ocrx_word' id='word_1_493' title='bbox 1201 3770 1386 3823; x_wconf 87' lang='lat' dir='ltr'><strong>vitam.</strong></span> <span class='ocrx_word' id='word_1_494' title='bbox 1405 3768 1667 3825; x_wconf 81' lang='lat' dir='ltr'><strong>Latrones</strong></span> <span class='ocrx_word' id='word_1_495' title='bbox 1695 3770 1825 3825; x_wconf 91' lang='lat' dir='ltr'><strong>dicit</strong></span> <span class='ocrx_word' id='word_1_496' title='bbox 1852 3772 2159 3826; x_wconf 65' lang='lat' dir='ltr'><strong>dmmouum</strong></span> <span class='ocrx_word' id='word_1_497' title='bbox 2190 3784 2368 3829; x_wconf 88' lang='lat' dir='ltr'><strong>cater-</strong></span> 
     </span>
    </p>
   </div>
   <div class='ocr_carea' id='block_1_69' title="bbox 819 3860 2366 3930">
    <p class='ocr_par' dir='ltr' id='par_1_69' title="bbox 819 3860 2366 3930">
     <span class='ocr_line' id='line_1_70' title="bbox 819 3860 2366 3930; baseline 0.005 -17"><span class='ocrx_word' id='word_1_498' title='bbox 819 3880 961 3925; x_wconf 73' lang='lat' dir='ltr'><strong>vain,</strong></span> <span class='ocrx_word' id='word_1_499' title='bbox 996 3870 1086 3914; x_wconf 89' lang='lat' dir='ltr'><strong>aut</strong></span> <span class='ocrx_word' id='word_1_500' title='bbox 1132 3860 1412 3929; x_wconf 87' lang='lat' dir='ltr'><strong>passiones</strong></span> <span class='ocrx_word' id='word_1_501' title='bbox 1464 3875 1584 3930; x_wconf 71' lang='lat' dir='ltr'><strong>quae</strong></span> <span class='ocrx_word' id='word_1_502' title='bbox 1626 3862 1839 3916; x_wconf 86' lang='lat' dir='ltr'><strong>virtutis</strong></span> <span class='ocrx_word' id='word_1_503' title='bbox 1870 3863 2210 3919; x_wconf 87' lang='lat' dir='ltr'><strong>vestimentis</strong></span> <span class='ocrx_word' id='word_1_504' title='bbox 2240 3882 2366 3920; x_wconf 91' lang='lat' dir='ltr'><strong>eum</strong></span> 
     </span>
    </p>
   </div>
   <div class='ocr_carea' id='block_1_70' title="bbox 819 3951 1938 4021">
    <p class='ocr_par' dir='ltr' id='par_1_70' title="bbox 819 3951 1938 4021">
     <span class='ocr_line' id='line_1_71' title="bbox 819 3951 1938 4021; baseline -0.002 -14"><span class='ocrx_word' id='word_1_505' title='bbox 819 3956 1101 4018; x_wconf 84' lang='lat' dir='ltr'><strong>mutantes,</strong></span> <span class='ocrx_word' id='word_1_506' title='bbox 1128 3951 1330 4021; x_wconf 88' lang='lat' dir='ltr'><strong>peccati</strong></span> <span class='ocrx_word' id='word_1_507' title='bbox 1356 3952 1579 4007; x_wconf 87' lang='lat' dir='ltr'><strong>vulnera</strong></span> <span class='ocrx_word' id='word_1_508' title='bbox 1621 3952 1938 4007; x_wconf 77' lang='lat' dir='ltr'><strong>inliserunt.</strong></span> 
     </span>
    </p>
   </div>
   <div class='ocr_carea' id='block_1_71' title="bbox 890 4221 2366 4293">
    <p class='ocr_par' dir='ltr' id='par_1_71' title="bbox 890 4221 2366 4293">
     <span class='ocr_line' id='line_1_72' title="bbox 890 4221 2366 4293; baseline -0.001 -15"><span class='ocrx_word' id='word_1_509' title='bbox 890 4224 1057 4278; x_wconf 72' lang='lat' dir='ltr'><strong>Vens.</strong></span> <span class='ocrx_word' id='word_1_510' title='bbox 1085 4224 1172 4277; x_wconf 72' lang='lat'><strong>32.</strong></span> <span class='ocrx_word' id='word_1_511' title='bbox 1214 4223 1312 4277; x_wconf 81' lang='lat' dir='ltr'><strong>Per</strong></span> <span class='ocrx_word' id='word_1_512' title='bbox 1341 4221 1558 4277; x_wconf 84' lang='lat' dir='ltr'><strong>Levitas</strong></span> <span class='ocrx_word' id='word_1_513' title='bbox 1598 4233 1650 4275; x_wconf 92' lang='lat' dir='ltr'><strong>et</strong></span> <span class='ocrx_word' id='word_1_514' title='bbox 1681 4223 1991 4277; x_wconf 90' lang='lat' dir='ltr'><strong>sacerdotes</strong></span> <span class='ocrx_word' id='word_1_515' title='bbox 2030 4226 2196 4293; x_wconf 88' lang='lat' dir='ltr'><strong>legem</strong></span> <span class='ocrx_word' id='word_1_516' title='bbox 2224 4228 2366 4281; x_wconf 87' lang='lat' dir='ltr'><strong>desi-</strong></span> 
     </span>
    </p>
   </div>
   <div class='ocr_carea' id='block_1_72' title="bbox 2475 3135 4006 3208">
    <p class='ocr_par' dir='ltr' id='par_1_72' title="bbox 2475 3135 4006 3208">
     <span class='ocr_line' id='line_1_73' title="bbox 2475 3135 4006 3208; baseline 0 -23"><span class='ocrx_word' id='word_1_517' title='bbox 2475 3135 2632 3187; x_wconf 82' lang='grc' dir='ltr'><strong>τοῦτο</strong></span> <span class='ocrx_word' id='word_1_518' title='bbox 2685 3136 3029 3190; x_wconf 61' lang='lat' dir='ltr'><strong>ductilis-car</strong></span> <span class='ocrx_word' id='word_1_519' title='bbox 3086 3139 3203 3202; x_wconf 87' lang='grc' dir='ltr'><strong>Τίς,</strong></span> <span class='ocrx_word' id='word_1_520' title='bbox 3256 3138 3438 3208; x_wconf 66' lang='grc' dir='ltr'><strong>φησιν,</strong></span> <span class='ocrx_word' id='word_1_521' title='bbox 3478 3140 3589 3200; x_wconf 84' lang='grc' dir='ltr'><strong>ῐσος</strong></span> <span class='ocrx_word' id='word_1_522' title='bbox 3621 3154 3753 3207; x_wconf 78' lang='grc' dir='ltr'><strong>μοις</strong></span> <span class='ocrx_word' id='word_1_523' title='bbox 3808 3136 4006 3206; x_wconf 77' lang='grc' dir='ltr'><strong>πλησίον</strong></span> 
     </span>
    </p>
   </div>
   <div class='ocr_carea' id='block_1_73' title="bbox 2478 3224 4007 3296">
    <p class='ocr_par' dir='ltr' id='par_1_73' title="bbox 2478 3224 4007 3296">
     <span class='ocr_line' id='line_1_74' title="bbox 2478 3224 4007 3296; baseline -0.001 -22"><span class='ocrx_word' id='word_1_524' title='bbox 2478 3225 2610 3276; x_wconf 86' lang='grc' dir='ltr'><strong>νοῶν</strong></span> <span class='ocrx_word' id='word_1_525' title='bbox 2639 3224 2727 3276; x_wconf 82' lang='grc' dir='ltr'><strong>τὸν</strong></span> <span class='ocrx_word' id='word_1_526' title='bbox 2754 3226 2956 3277; x_wconf 84' lang='grc' dir='ltr'><strong>δίκαιον</strong></span> <span class='ocrx_word' id='word_1_527' title='bbox 2985 3226 3062 3294; x_wconf 84' lang='grc' dir='ltr'><strong>τῷ</strong></span> <span class='ocrx_word' id='word_1_528' title='bbox 3096 3226 3289 3295; x_wconf 82' lang='grc' dir='ltr'><strong>δικαίῳ</strong></span> <span class='ocrx_word' id='word_1_529' title='bbox 3310 3238 3325 3255; x_wconf 81' lang='lat'><strong><em>°</em></strong></span> <span class='ocrx_word' id='word_1_530' title='bbox 3356 3226 3516 3288; x_wconf 82' lang='grc' dir='ltr'><strong>αὐτὸς</strong></span> <span class='ocrx_word' id='word_1_531' title='bbox 3544 3227 3600 3279; x_wconf 75' lang='grc' dir='ltr'><strong>δέ</strong></span> <span class='ocrx_word' id='word_1_532' title='bbox 3625 3229 3692 3296; x_wconf 76' lang='grc' dir='ltr'><strong>τῇ</strong></span> <span class='ocrx_word' id='word_1_533' title='bbox 3720 3224 4007 3294; x_wconf 76' lang='grc' dir='ltr'><strong>συμπαθείᾳ</strong></span> 
     </span>
    </p>
   </div>
   <div class='ocr_carea' id='block_1_74' title="bbox 2474 3312 3537 3385">
    <p class='ocr_par' dir='ltr' id='par_1_74' title="bbox 2474 3312 3537 3385">
     <span class='ocr_line' id='line_1_75' title="bbox 2474 3312 3537 3385; baseline 0.002 -20"><span class='ocrx_word' id='word_1_534' title='bbox 2474 3312 2649 3381; x_wconf 73' lang='grc' dir='ltr'><strong>ἔλεγε,</strong></span> <span class='ocrx_word' id='word_1_535' title='bbox 2675 3316 2865 3385; x_wconf 76' lang='grc' dir='ltr'><strong>καὶτῷ</strong></span> <span class='ocrx_word' id='word_1_536' title='bbox 2890 3318 3074 3384; x_wconf 83' lang='grc' dir='ltr'><strong>τρόπῳ</strong></span> <span class='ocrx_word' id='word_1_537' title='bbox 3100 3315 3194 3383; x_wconf 80' lang='grc' dir='ltr'><strong>τῆς</strong></span> <span class='ocrx_word' id='word_1_538' title='bbox 3224 3316 3537 3382; x_wconf 81' lang='grc' dir='ltr'><strong>Θεραπείας.</strong></span> 
     </span>
    </p>
   </div>
   <div class='ocr_carea' id='block_1_75' title="bbox 2475 3404 4004 3475">
    <p class='ocr_par' dir='ltr' id='par_1_75' title="bbox 2475 3404 4004 3475">
     <span class='ocr_line' id='line_1_76' title="bbox 2475 3404 4004 3475; baseline -0.005 -17"><span class='ocrx_word' id='word_1_539' title='bbox 2475 3404 2650 3475; x_wconf 60' lang='grc' dir='ltr'><strong>τζτὺ,</strong></span> <span class='ocrx_word' id='word_1_540' title='bbox 2688 3407 3028 3473; x_wconf 72' lang='grc' dir='ltr'><strong>’Ἄνθρωπος</strong></span> <span class='ocrx_word' id='word_1_541' title='bbox 3087 3404 3438 3458; x_wconf 76' lang='grc' dir='ltr'><strong>κατέϐαινεν</strong></span> <span class='ocrx_word' id='word_1_542' title='bbox 3459 3405 3575 3459; x_wconf 73' lang='grc' dir='ltr'><strong>ἀπὸ</strong></span> <span class='ocrx_word' id='word_1_543' title='bbox 3636 3404 4004 3472; x_wconf 71' lang='grc' dir='ltr'><strong>Ἰερουσαλὴμ</strong></span> 
     </span>
    </p>
   </div>
   <div class='ocr_carea' id='block_1_76' title="bbox 2475 3495 4003 3566">
    <p class='ocr_par' dir='ltr' id='par_1_76' title="bbox 2475 3495 4003 3566">
     <span class='ocr_line' id='line_1_77' title="bbox 2475 3495 4003 3566; baseline -0.001 -19"><span class='ocrx_word' id='word_1_544' title='bbox 2475 3497 2561 3559; x_wconf 81' lang='grc' dir='ltr'><strong>είς</strong></span> <span class='ocrx_word' id='word_1_545' title='bbox 2605 3495 2846 3563; x_wconf 82' lang='grc' dir='ltr'><strong>Ἰεριχὼ,</strong></span> <span class='ocrx_word' id='word_1_546' title='bbox 2930 3496 3036 3548; x_wconf 81' lang='grc' dir='ltr'><strong>ἀπὸ</strong></span> <span class='ocrx_word' id='word_1_547' title='bbox 3088 3496 3184 3565; x_wconf 81' lang='grc' dir='ltr'><strong>τῆς</strong></span> <span class='ocrx_word' id='word_1_548' title='bbox 3218 3498 3276 3548; x_wconf 84' lang='grc' dir='ltr'><strong>ἐν</strong></span> <span class='ocrx_word' id='word_1_549' title='bbox 3328 3496 3640 3566; x_wconf 85' lang='grc' dir='ltr'><strong>παραδείσῳ</strong></span> <span class='ocrx_word' id='word_1_550' title='bbox 3697 3496 3898 3566; x_wconf 78' lang='grc' dir='ltr'><strong>ὑψηλῆς</strong></span> <span class='ocrx_word' id='word_1_551' title='bbox 3926 3498 4003 3547; x_wconf 78' lang='grc' dir='ltr'><strong>καὶ</strong></span> 
     </span>
    </p>
   </div>
   <div class='ocr_carea' id='block_1_77' title="bbox 2475 3586 4001 3658">
    <p class='ocr_par' dir='ltr' id='par_1_77' title="bbox 2475 3586 4001 3658">
     <span class='ocr_line' id='line_1_78' title="bbox 2475 3586 4001 3658; baseline 0 -19"><span class='ocrx_word' id='word_1_552' title='bbox 2475 3588 2753 3658; x_wconf 74' lang='grc' dir='ltr'><strong>εἰρηνικῆς</strong></span> <span class='ocrx_word' id='word_1_553' title='bbox 2787 3588 3059 3655; x_wconf 80' lang='grc' dir='ltr'><strong>διαγωγῆς</strong></span> <span class='ocrx_word' id='word_1_554' title='bbox 3083 3603 3096 3618; x_wconf 79' lang='grc' dir='ltr'><strong>ο</strong></span> <span class='ocrx_word' id='word_1_555' title='bbox 3152 3586 3309 3639; x_wconf 83' lang='grc' dir='ltr'><strong>τοῦτο</strong></span> <span class='ocrx_word' id='word_1_556' title='bbox 3357 3589 3465 3658; x_wconf 74' lang='grc' dir='ltr'><strong>γὰρ</strong></span> <span class='ocrx_word' id='word_1_557' title='bbox 3496 3590 3719 3658; x_wconf 81' lang='grc' dir='ltr'><strong>είρὴνην</strong></span> <span class='ocrx_word' id='word_1_558' title='bbox 3752 3589 4001 3657; x_wconf 82' lang='grc' dir='ltr'><strong>σημαίνει.</strong></span> 
     </span>
    </p>
   </div>
   <div class='ocr_carea' id='block_1_78' title="bbox 2475 3680 4003 3753">
    <p class='ocr_par' dir='ltr' id='par_1_78' title="bbox 2475 3680 4003 3753">
     <span class='ocr_line' id='line_1_79' title="bbox 2475 3680 4003 3753; baseline -0.001 -20"><span class='ocrx_word' id='word_1_559' title='bbox 2475 3680 2616 3750; x_wconf 85' lang='grc' dir='ltr'><strong>Πρὸς</strong></span> <span class='ocrx_word' id='word_1_560' title='bbox 2633 3681 2728 3751; x_wconf 74' lang='grc' dir='ltr'><strong>τὴν</strong></span> <span class='ocrx_word' id='word_1_561' title='bbox 2772 3681 2977 3750; x_wconf 75' lang='grc' dir='ltr'><strong>Ἰεριχὼ</strong></span> <span class='ocrx_word' id='word_1_562' title='bbox 3002 3682 3101 3750; x_wconf 78' lang='grc' dir='ltr'><strong>τὴν</strong></span> <span class='ocrx_word' id='word_1_563' title='bbox 3130 3681 3315 3751; x_wconf 76' lang='grc' dir='ltr'><strong>κοίλην</strong></span> <span class='ocrx_word' id='word_1_564' title='bbox 3338 3683 3429 3736; x_wconf 81' lang='grc' dir='ltr'><strong>καὶ</strong></span> <span class='ocrx_word' id='word_1_565' title='bbox 3462 3682 3745 3753; x_wconf 73' lang='grc' dir='ltr'><strong>χθαμαλὴν</strong></span> <span class='ocrx_word' id='word_1_566' title='bbox 3774 3685 3865 3736; x_wconf 73' lang='grc' dir='ltr'><strong>καὶ</strong></span> <span class='ocrx_word' id='word_1_567' title='bbox 3889 3700 4003 3734; x_wconf 81' lang='grc' dir='ltr'><strong>χαυ-</strong></span> 
     </span>
    </p>
   </div>
   <div class='ocr_carea' id='block_1_79' title="bbox 2475 3771 3999 3846">
    <p class='ocr_par' dir='ltr' id='par_1_79' title="bbox 2475 3771 3999 3846">
     <span class='ocr_line' id='line_1_80' title="bbox 2475 3771 3999 3846; baseline 0.003 -23"><span class='ocrx_word' id='word_1_568' title='bbox 2475 3771 2694 3841; x_wconf 86' lang='grc' dir='ltr'><strong>ματώδη</strong></span> <span class='ocrx_word' id='word_1_569' title='bbox 2747 3774 2842 3826; x_wconf 78' lang='grc' dir='ltr'><strong>καὶ</strong></span> <span class='ocrx_word' id='word_1_570' title='bbox 2893 3774 3163 3844; x_wconf 74' lang='grc' dir='ltr'><strong>πνιγηρὰν</strong></span> <span class='ocrx_word' id='word_1_571' title='bbox 3216 3774 3655 3845; x_wconf 79' lang='grc' dir='ltr'><strong>κατωλίσθησεν,</strong></span> <span class='ocrx_word' id='word_1_572' title='bbox 3711 3776 3873 3846; x_wconf 68' lang='grc' dir='ltr'><strong>ἤγουν</strong></span> <span class='ocrx_word' id='word_1_573' title='bbox 3919 3773 3999 3841; x_wconf 80' lang='grc' dir='ltr'><strong>τὴν</strong></span> 
     </span>
    </p>
   </div>
   <div class='ocr_carea' id='block_1_80' title="bbox 2470 3863 4001 3935">
    <p class='ocr_par' dir='ltr' id='par_1_80' title="bbox 2470 3863 4001 3935">
     <span class='ocr_line' id='line_1_81' title="bbox 2470 3863 4001 3935; baseline -0.001 -19"><span class='ocrx_word' id='word_1_574' title='bbox 2470 3863 2693 3933; x_wconf 75' lang='grc' dir='ltr'><strong>ἐμπαθῆ</strong></span> <span class='ocrx_word' id='word_1_575' title='bbox 2736 3866 2903 3934; x_wconf 78' lang='grc' dir='ltr'><strong>ζωήν.</strong></span> <span class='ocrx_word' id='word_1_576' title='bbox 2955 3866 3171 3935; x_wconf 83' lang='grc' dir='ltr'><strong>Λῃστὰς</strong></span> <span class='ocrx_word' id='word_1_577' title='bbox 3212 3866 3267 3919; x_wconf 79' lang='grc' dir='ltr'><strong>δι</strong></span> <span class='ocrx_word' id='word_1_578' title='bbox 3302 3866 3467 3935; x_wconf 75' lang='grc' dir='ltr'><strong>λέγει,</strong></span> <span class='ocrx_word' id='word_1_579' title='bbox 3498 3868 3606 3919; x_wconf 84' lang='grc' dir='ltr'><strong>τῶν</strong></span> <span class='ocrx_word' id='word_1_580' title='bbox 3652 3865 3913 3934; x_wconf 86' lang='grc' dir='ltr'><strong>δαιμόνων</strong></span> <span class='ocrx_word' id='word_1_581' title='bbox 3952 3864 4001 3915; x_wconf 69' lang='grc' dir='ltr'><strong>τὸ</strong></span> 
     </span>
    </p>
   </div>
   <div class='ocr_carea' id='block_1_81' title="bbox 2471 3952 4001 4023">
    <p class='ocr_par' dir='ltr' id='par_1_81' title="bbox 2471 3952 4001 4023">
     <span class='ocr_line' id='line_1_82' title="bbox 2471 3952 4001 4023; baseline 0.005 -20"><span class='ocrx_word' id='word_1_582' title='bbox 2471 3952 2745 4022; x_wconf 84' lang='grc' dir='ltr'><strong>σύστημα,</strong></span> <span class='ocrx_word' id='word_1_583' title='bbox 2776 3954 2808 4021; x_wconf 81' lang='grc' dir='ltr'>ἢ</span> <span class='ocrx_word' id='word_1_584' title='bbox 2837 3954 2903 4006; x_wconf 72' lang='grc' dir='ltr'><strong>τὰ</strong></span> <span class='ocrx_word' id='word_1_585' title='bbox 2950 3955 3115 4022; x_wconf 80' lang='grc' dir='ltr'><strong>πάθη,</strong></span> <span class='ocrx_word' id='word_1_586' title='bbox 3147 3956 3302 4007; x_wconf 73' lang='grc' dir='ltr'><strong>ᾰτινα</strong></span> <span class='ocrx_word' id='word_1_587' title='bbox 3349 3954 3456 4007; x_wconf 86' lang='grc' dir='ltr'><strong>τῶν</strong></span> <span class='ocrx_word' id='word_1_588' title='bbox 3493 3955 3891 4023; x_wconf 79' lang='grc' dir='ltr'><strong>ἁμφιασμάτων</strong></span> <span class='ocrx_word' id='word_1_589' title='bbox 3917 3952 4001 4019; x_wconf 73' lang='grc' dir='ltr'><strong>τῆς</strong></span> 
     </span>
    </p>
   </div>
   <div class='ocr_carea' id='block_1_82' title="bbox 2470 4040 4001 4112">
    <p class='ocr_par' dir='ltr' id='par_1_82' title="bbox 2470 4040 4001 4112">
     <span class='ocr_line' id='line_1_83' title="bbox 2470 4040 4001 4112; baseline -0.001 -20"><span class='ocrx_word' id='word_1_590' title='bbox 2470 4040 2672 4109; x_wconf 80' lang='grc' dir='ltr'><strong>ἀρετῆς</strong></span> <span class='ocrx_word' id='word_1_591' title='bbox 2692 4040 3009 4103; x_wconf 73' lang='grc' dir='ltr'><strong>ἐκδύσαντες</strong></span> <span class='ocrx_word' id='word_1_592' title='bbox 3027 4040 3211 4107; x_wconf 81' lang='grc' dir='ltr'><strong>αὑτὸν,</strong></span> <span class='ocrx_word' id='word_1_593' title='bbox 3236 4043 3304 4093; x_wconf 76' lang='grc' dir='ltr'><strong>τὰ</strong></span> <span class='ocrx_word' id='word_1_594' title='bbox 3319 4043 3415 4111; x_wconf 83' lang='grc' dir='ltr'><strong>τῆς</strong></span> <span class='ocrx_word' id='word_1_595' title='bbox 3439 4043 3707 4112; x_wconf 83' lang='grc' dir='ltr'><strong>ἁμαρτίας</strong></span> <span class='ocrx_word' id='word_1_596' title='bbox 3732 4044 4001 4112; x_wconf 83' lang='grc' dir='ltr'><strong>τραύματα</strong></span> 
     </span>
    </p>
   </div>
   <div class='ocr_carea' id='block_1_83' title="bbox 2470 4130 2763 4197">
    <p class='ocr_par' dir='ltr' id='par_1_83' title="bbox 2470 4130 2763 4197">
     <span class='ocr_line' id='line_1_84' title="bbox 2470 4130 2763 4197; baseline 0.01 -18"><span class='ocrx_word' id='word_1_597' title='bbox 2470 4130 2763 4197; x_wconf 78' lang='grc' dir='ltr'><strong>ἐπέθηκαν.</strong></span> 
     </span>
    </p>
   </div>
   <div class='ocr_carea' id='block_1_84' title="bbox 2542 4218 4002 4289">
    <p class='ocr_par' dir='ltr' id='par_1_84' title="bbox 2542 4218 4002 4289">
     <span class='ocr_line' id='line_1_85' title="bbox 2542 4218 4002 4289; baseline 0.001 -19"><span class='ocrx_word' id='word_1_598' title='bbox 2542 4221 2769 4280; x_wconf 78' lang='grc' dir='ltr'><strong>Λευῖτας</strong></span> <span class='ocrx_word' id='word_1_599' title='bbox 2807 4218 2863 4269; x_wconf 82' lang='grc' dir='ltr'><strong>δέ</strong></span> <span class='ocrx_word' id='word_1_600' title='bbox 2895 4220 2989 4271; x_wconf 75' lang='grc' dir='ltr'><strong>καὶ</strong></span> <span class='ocrx_word' id='word_1_601' title='bbox 3040 4220 3222 4289; x_wconf 76' lang='grc' dir='ltr'><strong>ἱερεῖς,</strong></span> <span class='ocrx_word' id='word_1_602' title='bbox 3274 4219 3362 4272; x_wconf 82' lang='grc' dir='ltr'><strong>τὸν</strong></span> <span class='ocrx_word' id='word_1_603' title='bbox 3416 4221 3577 4288; x_wconf 89' lang='grc' dir='ltr'><strong>νόμον</strong></span> <span class='ocrx_word' id='word_1_604' title='bbox 3614 4219 3781 4288; x_wconf 75' lang='grc' dir='ltr'><strong>λέγει,</strong></span> <span class='ocrx_word' id='word_1_605' title='bbox 3826 4221 3899 4282; x_wconf 83' lang='grc' dir='ltr'><strong>ὡς</strong></span> <span class='ocrx_word' id='word_1_606' title='bbox 3939 4220 4002 4289; x_wconf 75' lang='grc' dir='ltr'><strong>μὴ</strong></span> 
     </span>
    </p>
   </div>
   <div class='ocr_carea' id='block_1_85' title="bbox 816 4306 2450 4387">
    <p class='ocr_par' dir='ltr' id='par_1_85' title="bbox 816 4310 2441 4387">
     <span class='ocr_line' id='line_1_86' title="bbox 816 4310 2441 4387; baseline -0.001 -18"><span class='ocrx_word' id='word_1_607' title='bbox 816 4327 964 4387; x_wconf 82' lang='lat' dir='ltr'><strong>gnat,</strong></span> <span class='ocrx_word' id='word_1_608' title='bbox 994 4324 1053 4367; x_wconf 93' lang='lat' dir='ltr'><strong>ut</strong></span> <span class='ocrx_word' id='word_1_609' title='bbox 1078 4328 1195 4381; x_wconf 63' lang='lat' dir='ltr'><strong>qua:</strong></span> <span class='ocrx_word' id='word_1_610' title='bbox 1222 4328 1328 4367; x_wconf 92' lang='lat' dir='ltr'><strong>non</strong></span> <span class='ocrx_word' id='word_1_611' title='bbox 1368 4314 1648 4368; x_wconf 83' lang='lat' dir='ltr'><strong>cadentem</strong></span> <span class='ocrx_word' id='word_1_612' title='bbox 1682 4322 1981 4365; x_wconf 88' lang='lat' dir='ltr'><strong>curaverat.</strong></span> <span class='ocrx_word' id='word_1_613' title='bbox 2021 4310 2363 4382; x_wconf 78' lang='lat' dir='ltr'><strong>Pertransr‘r‘t,</strong></span> <span class='ocrx_word' id='word_1_614' title='bbox 2400 4328 2441 4381; x_wconf 81' lang='grc' dir='ltr'><strong>ι)</strong></span> 
     </span>
    </p>
   </div>
   <div class='ocr_carea' id='block_1_86' title="bbox 1720 4306 3354 4387">
    <p class='ocr_par' dir='ltr' id='par_1_86' title="bbox 1720 4306 3354 4382">
     <span class='ocr_line' id='line_1_87' title="bbox 1720 4306 3354 4382; baseline -0.001 -20"><span class='ocrx_word' id='word_1_615' title='bbox 1720 4322 1981 4365; x_wconf 84' lang='lat' dir='ltr'><strong>uravcrat.</strong></span> <span class='ocrx_word' id='word_1_616' title='bbox 2021 4310 2363 4382; x_wconf 68' lang='grc' dir='ltr'><strong>Ρεηναηείέι,</strong></span> <span class='ocrx_word' id='word_1_617' title='bbox 2400 4328 2441 4381; x_wconf 75' lang='grc' dir='ltr'>ο</span> <span class='ocrx_word' id='word_1_618' title='bbox 2471 4306 2563 4360; x_wconf 82' lang='grc' dir='ltr'><strong>τὸν</strong></span> <span class='ocrx_word' id='word_1_619' title='bbox 2598 4307 2897 4360; x_wconf 82' lang='grc' dir='ltr'><strong>πταίσαντα</strong></span> <span class='ocrx_word' id='word_1_620' title='bbox 2929 4308 3354 4378; x_wconf 80' lang='grc' dir='ltr'><strong>θεραπεύσαντα.</strong></span> 
     </span>
    </p>
   </div>
   <div class='ocr_carea' id='block_1_87' title="bbox 816 4403 2366 4471">
    <p class='ocr_par' dir='ltr' id='par_1_87' title="bbox 816 4403 2366 4471">
     <span class='ocr_line' id='line_1_88' title="bbox 816 4403 2366 4471; baseline -0.001 -8"><span class='ocrx_word' id='word_1_621' title='bbox 816 4410 868 4463; x_wconf 91' lang='lat' dir='ltr'><strong>id</strong></span> <span class='ocrx_word' id='word_1_622' title='bbox 894 4416 996 4471; x_wconf 86' lang='lat' dir='ltr'><strong>est,</strong></span> <span class='ocrx_word' id='word_1_623' title='bbox 1033 4406 1219 4460; x_wconf 68' lang='lat' dir='ltr'><strong>videns</strong></span> <span class='ocrx_word' id='word_1_624' title='bbox 1242 4405 1553 4461; x_wconf 88' lang='lat' dir='ltr'><strong>retrocessit</strong></span> <span class='ocrx_word' id='word_1_625' title='bbox 1582 4405 1775 4458; x_wconf 82' lang='lat' dir='ltr'><strong>iterum</strong></span> <span class='ocrx_word' id='word_1_626' title='bbox 1801 4403 1941 4457; x_wconf 87' lang='lat' dir='ltr'><strong>unde</strong></span> <span class='ocrx_word' id='word_1_627' title='bbox 1962 4417 2207 4471; x_wconf 86' lang='lat' dir='ltr'><strong>venerat,</strong></span> <span class='ocrx_word' id='word_1_628' title='bbox 2233 4408 2366 4461; x_wconf 85' lang='lat' dir='ltr'><strong>nihil</strong></span> 
     </span>
    </p>
   </div>
   <div class='ocr_carea' id='block_1_88' title="bbox 812 4503 1157 4574">
    <p class='ocr_par' dir='ltr' id='par_1_88' title="bbox 812 4503 1157 4574">
     <span class='ocr_line' id='line_1_89' title="bbox 812 4503 1157 4574; baseline -0.009 -16"><span class='ocrx_word' id='word_1_629' title='bbox 812 4505 932 4574; x_wconf 88' lang='lat' dir='ltr'><strong>opis</strong></span> <span class='ocrx_word' id='word_1_630' title='bbox 960 4503 1157 4559; x_wconf 80' lang='lat' dir='ltr'><strong>ferens.</strong></span> 
     </span>
    </p>
   </div>
   <div class='ocr_carea' id='block_1_89' title="bbox 891 4588 2367 4655">
    <p class='ocr_par' dir='ltr' id='par_1_89' title="bbox 891 4588 2367 4655">
     <span class='ocr_line' id='line_1_90' title="bbox 891 4588 2367 4655; baseline -0.001 -8"><span class='ocrx_word' id='word_1_631' title='bbox 891 4594 1053 4650; x_wconf 70' lang='lat' dir='ltr'><strong>Vens.</strong></span> <span class='ocrx_word' id='word_1_632' title='bbox 1092 4595 1183 4650; x_wconf 79' lang='lat'><strong>33.</strong></span> <span class='ocrx_word' id='word_1_633' title='bbox 1213 4591 1590 4648; x_wconf 85' lang='lat' dir='ltr'><strong>Samaritanus</strong></span> <span class='ocrx_word' id='word_1_634' title='bbox 1611 4599 1816 4655; x_wconf 89' lang='lat' dir='ltr'><strong>autem,</strong></span> <span class='ocrx_word' id='word_1_635' title='bbox 1836 4588 1917 4643; x_wconf 77' lang='lat' dir='ltr'><strong>vel</strong></span> <span class='ocrx_word' id='word_1_636' title='bbox 1944 4588 2225 4644; x_wconf 86' lang='lat' dir='ltr'><strong>modestus</strong></span> <span class='ocrx_word' id='word_1_637' title='bbox 2246 4605 2367 4644; x_wconf 85' lang='lat' dir='ltr'><strong>esse</strong></span> 
     </span>
    </p>
   </div>
   <div class='ocr_carea' id='block_1_90' title="bbox 814 4680 2363 4752">
    <p class='ocr_par' dir='ltr' id='par_1_90' title="bbox 814 4680 2363 4752">
     <span class='ocr_line' id='line_1_91' title="bbox 814 4680 2363 4752; baseline -0.001 -15"><span class='ocrx_word' id='word_1_638' title='bbox 814 4686 1044 4748; x_wconf 80' lang='lat' dir='ltr'><strong>videtur,</strong></span> <span class='ocrx_word' id='word_1_639' title='bbox 1082 4695 1140 4737; x_wconf 90' lang='lat' dir='ltr'><strong>ut</strong></span> <span class='ocrx_word' id='word_1_640' title='bbox 1170 4685 1282 4752; x_wconf 86' lang='lat' dir='ltr'><strong>ipse</strong></span> <span class='ocrx_word' id='word_1_641' title='bbox 1305 4682 1655 4752; x_wconf 89' lang='lat' dir='ltr'><strong>reputabatur</strong></span> <span class='ocrx_word' id='word_1_642' title='bbox 1682 4690 1736 4735; x_wconf 89' lang='lat' dir='ltr'><strong>et</strong></span> <span class='ocrx_word' id='word_1_643' title='bbox 1763 4681 2064 4735; x_wconf 85' lang='lat' dir='ltr'><strong>vocabatur</strong></span> <span class='ocrx_word' id='word_1_644' title='bbox 2117 4681 2186 4733; x_wconf 88' lang='lat' dir='ltr'><strong>ab</strong></span> <span class='ocrx_word' id='word_1_645' title='bbox 2235 4680 2315 4735; x_wconf 81' lang='lat' dir='ltr'><strong>eis</strong></span> <span class='ocrx_word' id='word_1_646' title='bbox 2349 4699 2363 4747; x_wconf 90' lang='lat'><strong>;</strong></span> 
     </span>
    </p>
   </div>
   <div class='ocr_carea' id='block_1_91' title="bbox 815 4771 2364 4841">
    <p class='ocr_par' dir='ltr' id='par_1_91' title="bbox 815 4771 2364 4841">
     <span class='ocr_line' id='line_1_92' title="bbox 815 4771 2364 4841; baseline 0.001 -16"><span class='ocrx_word' id='word_1_647' title='bbox 815 4775 899 4828; x_wconf 77' lang='lat' dir='ltr'><strong>vol</strong></span> <span class='ocrx_word' id='word_1_648' title='bbox 931 4789 995 4826; x_wconf 65' lang='lat' dir='ltr'><strong>ex</strong></span> <span class='ocrx_word' id='word_1_649' title='bbox 1027 4775 1128 4839; x_wconf 71' lang='lat' dir='ltr'><strong>hoc</strong></span> <span class='ocrx_word' id='word_1_650' title='bbox 1163 4787 1377 4825; x_wconf 87' lang='lat' dir='ltr'><strong>omnem</strong></span> <span class='ocrx_word' id='word_1_651' title='bbox 1425 4771 1697 4825; x_wconf 87' lang='lat' dir='ltr'><strong>hominem</strong></span> <span class='ocrx_word' id='word_1_652' title='bbox 1727 4786 1819 4840; x_wconf 87' lang='lat' dir='ltr'><strong>per</strong></span> <span class='ocrx_word' id='word_1_653' title='bbox 1857 4771 1995 4826; x_wconf 89' lang='lat' dir='ltr'><strong>hanc</strong></span> <span class='ocrx_word' id='word_1_654' title='bbox 2046 4772 2364 4841; x_wconf 88' lang='lat' dir='ltr'><strong>appellatio-</strong></span> 
     </span>
    </p>
   </div>
   <div class='ocr_carea' id='block_1_92' title="bbox 819 4860 2199 4931">
    <p class='ocr_par' dir='ltr' id='par_1_92' title="bbox 819 4860 2199 4931">
     <span class='ocr_line' id='line_1_93' title="bbox 819 4860 2199 4931; baseline -0.001 -14"><span class='ocrx_word' id='word_1_655' title='bbox 819 4878 965 4927; x_wconf 88' lang='lat' dir='ltr'><strong>nem,</strong></span> <span class='ocrx_word' id='word_1_656' title='bbox 1001 4861 1243 4915; x_wconf 77' lang='lat' dir='ltr'><strong>Judazum</strong></span> <span class='ocrx_word' id='word_1_657' title='bbox 1273 4867 1326 4912; x_wconf 87' lang='lat' dir='ltr'><strong>et</strong></span> <span class='ocrx_word' id='word_1_658' title='bbox 1356 4860 1629 4913; x_wconf 85' lang='lat' dir='ltr'><strong>ethnieum</strong></span> <span class='ocrx_word' id='word_1_659' title='bbox 1671 4874 2012 4931; x_wconf 86' lang='lat' dir='ltr'><strong>assumptum</strong></span> <span class='ocrx_word' id='word_1_660' title='bbox 2047 4864 2199 4917; x_wconf 90' lang='lat' dir='ltr'><strong>dicit.</strong></span> 
     </span>
    </p>
   </div>
   <div class='ocr_carea' id='block_1_93' title="bbox 882 4948 2366 5021">
    <p class='ocr_par' dir='ltr' id='par_1_93' title="bbox 882 4948 2366 5021">
     <span class='ocr_line' id='line_1_94' title="bbox 882 4948 2366 5021; baseline 0.001 -16"><span class='ocrx_word' id='word_1_661' title='bbox 882 4953 1042 5007; x_wconf 69' lang='lat' dir='ltr'><strong>Vsus.</strong></span> <span class='ocrx_word' id='word_1_662' title='bbox 1073 4952 1161 5005; x_wconf 71' lang='grc'><strong>34.</strong></span> <span class='ocrx_word' id='word_1_663' title='bbox 1194 4948 1504 5003; x_wconf 85' lang='lat' dir='ltr'><strong>Jumentum</strong></span> <span class='ocrx_word' id='word_1_664' title='bbox 1547 4963 1746 5018; x_wconf 88' lang='lat' dir='ltr'><strong>corpus</strong></span> <span class='ocrx_word' id='word_1_665' title='bbox 1786 4966 1947 5005; x_wconf 85' lang='lat' dir='ltr'><strong>suum</strong></span> <span class='ocrx_word' id='word_1_666' title='bbox 1990 4954 2121 5006; x_wconf 89' lang='lat' dir='ltr'><strong>dicit</strong></span> <span class='ocrx_word' id='word_1_667' title='bbox 2144 4992 2159 5015; x_wconf 89' lang='lat'><strong>,</strong></span> <span class='ocrx_word' id='word_1_668' title='bbox 2183 4953 2366 5021; x_wconf 74' lang='lat' dir='ltr'><strong>junsit</strong></span> 
     </span>
    </p>
   </div>
   <div class='ocr_carea' id='block_1_94' title="bbox 812 5038 2362 5110">
    <p class='ocr_par' dir='ltr' id='par_1_94' title="bbox 812 5038 2362 5110">
     <span class='ocr_line' id='line_1_95' title="bbox 812 5038 2362 5110; baseline -0.002 -10"><span class='ocrx_word' id='word_1_669' title='bbox 812 5047 953 5102; x_wconf 87' lang='lat' dir='ltr'><strong>enim</strong></span> <span class='ocrx_word' id='word_1_670' title='bbox 1010 5039 1335 5095; x_wconf 84' lang='lat' dir='ltr'><strong>humanitati</strong></span> <span class='ocrx_word' id='word_1_671' title='bbox 1392 5038 1767 5102; x_wconf 87' lang='lat' dir='ltr'><strong>divinitatem;</strong></span> <span class='ocrx_word' id='word_1_672' title='bbox 1815 5040 2119 5109; x_wconf 82' lang='lat' dir='ltr'><strong>imponens,</strong></span> <span class='ocrx_word' id='word_1_673' title='bbox 2148 5052 2362 5110; x_wconf 87' lang='lat' dir='ltr'><strong>peccata</strong></span> 
     </span>
    </p>
   </div>
   <div class='ocr_carea' id='block_1_95' title="bbox 814 5127 2361 5200">
    <p class='ocr_par' dir='ltr' id='par_1_95' title="bbox 814 5127 2361 5200">
     <span class='ocr_line' id='line_1_96' title="bbox 814 5127 2361 5200; baseline -0.003 -8"><span class='ocrx_word' id='word_1_674' title='bbox 814 5140 1043 5200; x_wconf 84' lang='lat' dir='ltr'><strong>sanavit,</strong></span> <span class='ocrx_word' id='word_1_675' title='bbox 1078 5134 1235 5189; x_wconf 88' lang='lat' dir='ltr'><strong>idest</strong></span> <span class='ocrx_word' id='word_1_676' title='bbox 1267 5131 1506 5185; x_wconf 86' lang='lat' dir='ltr'><strong>vulnera.</strong></span> <span class='ocrx_word' id='word_1_677' title='bbox 1559 5127 1756 5184; x_wconf 84' lang='lat' dir='ltr'><strong>Vinum</strong></span> <span class='ocrx_word' id='word_1_678' title='bbox 1794 5129 2060 5185; x_wconf 68' lang='lat' dir='ltr'><strong>doctrinm</strong></span> <span class='ocrx_word' id='word_1_679' title='bbox 2098 5134 2361 5187; x_wconf 87' lang='lat' dir='ltr'><strong>rationem</strong></span> 
     </span>
    </p>
   </div>
   <div class='ocr_carea' id='block_1_96' title="bbox 818 5219 2365 5297">
    <p class='ocr_par' dir='ltr' id='par_1_96' title="bbox 818 5219 2365 5297">
     <span class='ocr_line' id='line_1_97' title="bbox 818 5219 2365 5297; baseline -0.002 -16"><span class='ocrx_word' id='word_1_680' title='bbox 818 5244 1067 5297; x_wconf 86' lang='lat' dir='ltr'><strong>asperam</strong></span> <span class='ocrx_word' id='word_1_681' title='bbox 1097 5236 1271 5279; x_wconf 82' lang='lat' dir='ltr'><strong>vocat.</strong></span> <span class='ocrx_word' id='word_1_682' title='bbox 1306 5222 1442 5277; x_wconf 87' lang='lat' dir='ltr'><strong>Cum</strong></span> <span class='ocrx_word' id='word_1_683' title='bbox 1478 5222 1598 5275; x_wconf 85' lang='lat' dir='ltr'><strong>oleo</strong></span> <span class='ocrx_word' id='word_1_684' title='bbox 1642 5233 1845 5285; x_wconf 90' lang='lat' dir='ltr'><strong>autem,</strong></span> <span class='ocrx_word' id='word_1_685' title='bbox 1880 5219 2003 5291; x_wconf 88' lang='lat' dir='ltr'><strong>quia</strong></span> <span class='ocrx_word' id='word_1_686' title='bbox 2038 5222 2365 5295; x_wconf 86' lang='lat' dir='ltr'><strong>benignitate</strong></span> 
     </span>
    </p>
   </div>
   <div class='ocr_carea' id='block_1_97' title="bbox 815 5314 2363 5384">
    <p class='ocr_par' dir='ltr' id='par_1_97' title="bbox 815 5314 2363 5384">
     <span class='ocr_line' id='line_1_98' title="bbox 815 5314 2363 5384; baseline -0.003 -11"><span class='ocrx_word' id='word_1_687' title='bbox 815 5332 1117 5373; x_wconf 68' lang='lat' dir='ltr'><strong>sermonem</strong></span> <span class='ocrx_word' id='word_1_688' title='bbox 1172 5318 1338 5370; x_wconf 90' lang='lat' dir='ltr'><strong>istum</strong></span> <span class='ocrx_word' id='word_1_689' title='bbox 1386 5314 1735 5384; x_wconf 88' lang='lat' dir='ltr'><strong>temperavit;</strong></span> <span class='ocrx_word' id='word_1_690' title='bbox 1772 5314 1822 5367; x_wconf 90' lang='lat' dir='ltr'><strong>id</strong></span> <span class='ocrx_word' id='word_1_691' title='bbox 1852 5328 1975 5368; x_wconf 87' lang='lat' dir='ltr'><strong>vero</strong></span> <span class='ocrx_word' id='word_1_692' title='bbox 2012 5323 2071 5368; x_wconf 89' lang='lat' dir='ltr'><strong>ut</strong></span> <span class='ocrx_word' id='word_1_693' title='bbox 2119 5330 2176 5367; x_wconf 82' lang='lat' dir='ltr'><strong>se</strong></span> <span class='ocrx_word' id='word_1_694' title='bbox 2209 5315 2363 5370; x_wconf 83' lang='lat' dir='ltr'><strong>incli-</strong></span> 
     </span>
    </p>
   </div>
   <div class='ocr_carea' id='block_1_98' title="bbox 816 5402 2363 5474">
    <p class='ocr_par' dir='ltr' id='par_1_98' title="bbox 816 5402 2363 5474">
     <span class='ocr_line' id='line_1_99' title="bbox 816 5402 2363 5474; baseline 0 -17"><span class='ocrx_word' id='word_1_695' title='bbox 816 5415 966 5457; x_wconf 85' lang='lat' dir='ltr'><strong>narct</strong></span> <span class='ocrx_word' id='word_1_696' title='bbox 1042 5407 1365 5474; x_wconf 87' lang='lat' dir='ltr'><strong>publicanis.</strong></span> <span class='ocrx_word' id='word_1_697' title='bbox 1424 5402 1489 5459; x_wconf 79' lang='lat' dir='ltr'><strong>In</strong></span> <span class='ocrx_word' id='word_1_698' title='bbox 1554 5403 1851 5474; x_wconf 70' lang='lat' dir='ltr'><strong>iumentum</strong></span> <span class='ocrx_word' id='word_1_699' title='bbox 1912 5418 2065 5455; x_wconf 83' lang='lat' dir='ltr'><strong>suum</strong></span> <span class='ocrx_word' id='word_1_700' title='bbox 2116 5404 2363 5471; x_wconf 77' lang='lat' dir='ltr'><strong>imposuit</strong></span> 
     </span>
    </p>
   </div>
   <div class='ocr_carea' id='block_1_99' title="bbox 815 5494 2359 5558">
    <p class='ocr_par' dir='ltr' id='par_1_99' title="bbox 815 5494 2359 5558">
     <span class='ocr_line' id='line_1_100' title="bbox 815 5494 2359 5558; baseline 0.003 -14"><span class='ocrx_word' id='word_1_701' title='bbox 815 5497 995 5556; x_wconf 81' lang='lat' dir='ltr'><strong>illum;</strong></span> <span class='ocrx_word' id='word_1_702' title='bbox 1024 5512 1143 5549; x_wconf 89' lang='lat' dir='ltr'><strong>nam</strong></span> <span class='ocrx_word' id='word_1_703' title='bbox 1195 5499 1246 5550; x_wconf 92' lang='lat' dir='ltr'><strong>in</strong></span> <span class='ocrx_word' id='word_1_704' title='bbox 1287 5513 1343 5551; x_wconf 80' lang='lat' dir='ltr'><strong>se</strong></span> <span class='ocrx_word' id='word_1_705' title='bbox 1390 5512 1488 5553; x_wconf 88' lang='lat' dir='ltr'><strong>nos</strong></span> <span class='ocrx_word' id='word_1_706' title='bbox 1541 5495 1684 5558; x_wconf 89' lang='lat' dir='ltr'><strong>tulit,</strong></span> <span class='ocrx_word' id='word_1_707' title='bbox 1720 5506 1911 5550; x_wconf 82' lang='lat' dir='ltr'><strong>sumus</strong></span> <span class='ocrx_word' id='word_1_708' title='bbox 1941 5494 2085 5545; x_wconf 90' lang='lat' dir='ltr'><strong>enim</strong></span> <span class='ocrx_word' id='word_1_709' title='bbox 2119 5494 2359 5548; x_wconf 86' lang='lat' dir='ltr'><strong>membra</strong></span> 
     </span>
    </p>
   </div>
   <div class='ocr_carea' id='block_1_100' title="bbox 824 5582 2361 5652">
    <p class='ocr_par' dir='ltr' id='par_1_100' title="bbox 824 5582 2361 5652">
     <span class='ocr_line' id='line_1_101' title="bbox 824 5582 2361 5652; baseline 0.002 -18"><span class='ocrx_word' id='word_1_710' title='bbox 824 5585 1064 5650; x_wconf 75' lang='lat' dir='ltr'><strong>corporis</strong></span> <span class='ocrx_word' id='word_1_711' title='bbox 1103 5588 1238 5652; x_wconf 80' lang='lat' dir='ltr'><strong>ejus.</strong></span> <span class='ocrx_word' id='word_1_712' title='bbox 1270 5586 1575 5649; x_wconf 88' lang='lat' dir='ltr'><strong>Stabulum,</strong></span> <span class='ocrx_word' id='word_1_713' title='bbox 1637 5582 1932 5637; x_wconf 85' lang='lat' dir='ltr'><strong>Eeclesiam</strong></span> <span class='ocrx_word' id='word_1_714' title='bbox 1975 5593 2131 5637; x_wconf 87' lang='lat' dir='ltr'><strong>vocat</strong></span> <span class='ocrx_word' id='word_1_715' title='bbox 2173 5598 2361 5637; x_wconf 82' lang='lat' dir='ltr'><strong>omnes</strong></span> 
     </span>
    </p>
   </div>
   <div class='ocr_carea' id='block_1_101' title="bbox 2542 4398 4001 4474">
    <p class='ocr_par' dir='ltr' id='par_1_101' title="bbox 2542 4398 4001 4474">
     <span class='ocr_line' id='line_1_102' title="bbox 2542 4398 4001 4474; baseline 0.005 -23"><span class='ocrx_word' id='word_1_716' title='bbox 2542 4400 2615 4451; x_wconf 83' lang='grc' dir='ltr'>Τὸ</span> <span class='ocrx_word' id='word_1_717' title='bbox 2639 4400 2712 4462; x_wconf 77' lang='grc' dir='ltr'><strong>δέ,</strong></span> <span class='ocrx_word' id='word_1_718' title='bbox 2758 4398 3243 4466; x_wconf 74' lang='grc' dir='ltr'><strong>Ἀντιπαρῆλθεν,</strong></span> <span class='ocrx_word' id='word_1_719' title='bbox 3276 4399 3395 4453; x_wconf 72' lang='grc' dir='ltr'><strong>ἀντὶ</strong></span> <span class='ocrx_word' id='word_1_720' title='bbox 3417 4398 3531 4464; x_wconf 83' lang='grc' dir='ltr'><strong>τοῦ,</strong></span> <span class='ocrx_word' id='word_1_721' title='bbox 3581 4399 3721 4454; x_wconf 82' lang='grc' dir='ltr'><strong>Ἰδὼν</strong></span> <span class='ocrx_word' id='word_1_722' title='bbox 3743 4402 3838 4474; x_wconf 75' lang='grc' dir='ltr'><strong>τήν</strong></span> <span class='ocrx_word' id='word_1_723' title='bbox 3864 4405 4001 4457; x_wconf 83' lang='grc' dir='ltr'><strong>ἐναν-</strong></span> 
     </span>
    </p>
   </div>
   <div class='ocr_carea' id='block_1_102' title="bbox 2467 4484 3843 4565">
    <p class='ocr_par' dir='ltr' id='par_1_102' title="bbox 2467 4484 3843 4565">
     <span class='ocr_line' id='line_1_103' title="bbox 2467 4484 3843 4565; baseline 0.007 -26"><span class='ocrx_word' id='word_1_724' title='bbox 2467 4489 2585 4541; x_wconf 85' lang='grc' dir='ltr'><strong>τίαν</strong></span> <span class='ocrx_word' id='word_1_725' title='bbox 2616 4488 2782 4541; x_wconf 61' lang='lat' dir='ltr'><strong>{omne</strong></span> <span class='ocrx_word' id='word_1_726' title='bbox 2819 4489 2976 4541; x_wconf 74' lang='grc' dir='ltr'><strong>πάλιν</strong></span> <span class='ocrx_word' id='word_1_727' title='bbox 3014 4490 3135 4542; x_wconf 82' lang='grc' dir='ltr'><strong>ὅθεν</strong></span> <span class='ocrx_word' id='word_1_728' title='bbox 3164 4484 3317 4559; x_wconf 85' lang='grc' dir='ltr'><strong>ἦλθε,</strong></span> <span class='ocrx_word' id='word_1_729' title='bbox 3352 4490 3515 4559; x_wconf 72' lang='grc' dir='ltr'><strong>μηδὲν</strong></span> <span class='ocrx_word' id='word_1_730' title='bbox 3543 4491 3843 4565; x_wconf 77' lang='grc' dir='ltr'><strong>ὠφελήσας.</strong></span> 
     </span>
    </p>
   </div>
   <div class='ocr_carea' id='block_1_103' title="bbox 2550 4580 3998 4655">
    <p class='ocr_par' dir='ltr' id='par_1_103' title="bbox 2550 4580 3998 4655">
     <span class='ocr_line' id='line_1_104' title="bbox 2550 4580 3998 4655; baseline 0.006 -22"><span class='ocrx_word' id='word_1_731' title='bbox 2550 4582 2608 4633; x_wconf 87' lang='lat'><strong>&#39;0</strong></span> <span class='ocrx_word' id='word_1_732' title='bbox 2640 4580 2696 4633; x_wconf 81' lang='grc' dir='ltr'><strong>δέ</strong></span> <span class='ocrx_word' id='word_1_733' title='bbox 2728 4580 3149 4652; x_wconf 74' lang='grc' dir='ltr'><strong>Σαμαρείτης,ἢ</strong></span> <span class='ocrx_word' id='word_1_734' title='bbox 3187 4582 3214 4633; x_wconf 87' lang='grc' dir='ltr'><strong>ό</strong></span> <span class='ocrx_word' id='word_1_735' title='bbox 3242 4580 3413 4635; x_wconf 79' lang='grc' dir='ltr'><strong>δοκῶν</strong></span> <span class='ocrx_word' id='word_1_736' title='bbox 3462 4582 3683 4655; x_wconf 72' lang='grc' dir='ltr'><strong>εὐτελὴς</strong></span> <span class='ocrx_word' id='word_1_737' title='bbox 3733 4581 3889 4650; x_wconf 75' lang='grc' dir='ltr'><strong>εἶναι.</strong></span> <span class='ocrx_word' id='word_1_738' title='bbox 3936 4588 3998 4649; x_wconf 86' lang='grc' dir='ltr'><strong>ὡς</strong></span> 
     </span>
    </p>
   </div>
   <div class='ocr_carea' id='block_1_104' title="bbox 2466 4670 4000 4749">
    <p class='ocr_par' dir='ltr' id='par_1_104' title="bbox 2466 4670 4000 4749">
     <span class='ocr_line' id='line_1_105' title="bbox 2466 4670 4000 4749; baseline 0.001 -23"><span class='ocrx_word' id='word_1_739' title='bbox 2466 4672 2627 4735; x_wconf 78' lang='grc' dir='ltr'><strong>αὐτὸς</strong></span> <span class='ocrx_word' id='word_1_740' title='bbox 2651 4672 2933 4743; x_wconf 76' lang='grc' dir='ltr'><strong>ἐνομίζετο</strong></span> <span class='ocrx_word' id='word_1_741' title='bbox 2960 4675 3055 4725; x_wconf 74' lang='grc' dir='ltr'><strong>καὶ</strong></span> <span class='ocrx_word' id='word_1_742' title='bbox 3082 4670 3326 4724; x_wconf 80' lang='grc' dir='ltr'><strong>ἐκαλεῖτο</strong></span> <span class='ocrx_word' id='word_1_743' title='bbox 3349 4674 3477 4742; x_wconf 78' lang='grc' dir='ltr'><strong>παρ’</strong></span> <span class='ocrx_word' id='word_1_744' title='bbox 3507 4674 3683 4730; x_wconf 80' lang='grc' dir='ltr'><strong>αὐτῶν</strong></span> <span class='ocrx_word' id='word_1_745' title='bbox 3704 4694 3717 4707; x_wconf 89' lang='grc'><strong>·</strong></span> <span class='ocrx_word' id='word_1_746' title='bbox 3742 4679 3775 4749; x_wconf 72' lang='grc' dir='ltr'><strong>ἣ</strong></span> <span class='ocrx_word' id='word_1_747' title='bbox 3806 4682 3871 4732; x_wconf 73' lang='grc' dir='ltr'><strong>ἐκ</strong></span> <span class='ocrx_word' id='word_1_748' title='bbox 3897 4678 4000 4731; x_wconf 84' lang='grc' dir='ltr'><strong>τού-</strong></span> 
     </span>
    </p>
   </div>
   <div class='ocr_carea' id='block_1_105' title="bbox 2466 4760 3992 4832">
    <p class='ocr_par' dir='ltr' id='par_1_105' title="bbox 2466 4760 3992 4832">
     <span class='ocr_line' id='line_1_106' title="bbox 2466 4760 3992 4832; baseline 0.003 -17"><span class='ocrx_word' id='word_1_749' title='bbox 2466 4780 2557 4815; x_wconf 85' lang='grc' dir='ltr'><strong>του</strong></span> <span class='ocrx_word' id='word_1_750' title='bbox 2585 4763 2678 4816; x_wconf 85' lang='grc' dir='ltr'><strong>τὸν</strong></span> <span class='ocrx_word' id='word_1_751' title='bbox 2724 4764 2812 4817; x_wconf 78' lang='grc' dir='ltr'><strong>διὰ</strong></span> <span class='ocrx_word' id='word_1_752' title='bbox 2839 4762 2934 4818; x_wconf 83' lang='grc' dir='ltr'><strong>τοῦ</strong></span> <span class='ocrx_word' id='word_1_753' title='bbox 2964 4760 3126 4817; x_wconf 82' lang='grc' dir='ltr'><strong>αὑτοῦ</strong></span> <span class='ocrx_word' id='word_1_754' title='bbox 3180 4762 3498 4832; x_wconf 75' lang='grc' dir='ltr'><strong>φυράματος</strong></span> <span class='ocrx_word' id='word_1_755' title='bbox 3536 4766 3711 4822; x_wconf 80' lang='grc' dir='ltr'><strong>πάντα</strong></span> <span class='ocrx_word' id='word_1_756' title='bbox 3746 4767 3844 4823; x_wconf 79' lang='grc' dir='ltr'><strong>καὶ</strong></span> <span class='ocrx_word' id='word_1_757' title='bbox 3883 4769 3992 4822; x_wconf 69' lang='grc' dir='ltr'><strong>’1ουο</strong></span> 
     </span>
    </p>
   </div>
   <div class='ocr_carea' id='block_1_106' title="bbox 2464 4853 3643 4926">
    <p class='ocr_par' dir='ltr' id='par_1_106' title="bbox 2464 4853 3643 4926">
     <span class='ocr_line' id='line_1_107' title="bbox 2464 4853 3643 4926; baseline 0.005 -19"><span class='ocrx_word' id='word_1_758' title='bbox 2464 4855 2613 4907; x_wconf 77' lang='grc' dir='ltr'><strong>δαῖον</strong></span> <span class='ocrx_word' id='word_1_759' title='bbox 2640 4856 2731 4907; x_wconf 63' lang='grc' dir='ltr'><strong>καὶ</strong></span> <span class='ocrx_word' id='word_1_760' title='bbox 2768 4854 2979 4907; x_wconf 78' lang='grc' dir='ltr'><strong>ὲθνικδν</strong></span> <span class='ocrx_word' id='word_1_761' title='bbox 3011 4853 3449 4923; x_wconf 74' lang='grc' dir='ltr'><strong>προσλαϐόμενον</strong></span> <span class='ocrx_word' id='word_1_762' title='bbox 3477 4856 3643 4926; x_wconf 65' lang='grc' dir='ltr'><strong>λέγει.</strong></span> 
     </span>
    </p>
   </div>
   <div class='ocr_carea' id='block_1_107' title="bbox 2545 4944 3998 5018">
    <p class='ocr_par' dir='ltr' id='par_1_107' title="bbox 2545 4944 3998 5018">
     <span class='ocr_line' id='line_1_108' title="bbox 2545 4944 3998 5018; baseline 0.001 -18"><span class='ocrx_word' id='word_1_763' title='bbox 2545 4948 2869 5015; x_wconf 73' lang='grc' dir='ltr'><strong>Ὑποζύγιον</strong></span> <span class='ocrx_word' id='word_1_764' title='bbox 2900 4947 2979 5009; x_wconf 79' lang='grc' dir='ltr'><strong>δέ,</strong></span> <span class='ocrx_word' id='word_1_765' title='bbox 3008 4946 3069 4998; x_wconf 68' lang='grc' dir='ltr'><strong>τὸ</strong></span> <span class='ocrx_word' id='word_1_766' title='bbox 3096 4944 3261 4999; x_wconf 81' lang='grc' dir='ltr'><strong>αὐτοῦ</strong></span> <span class='ocrx_word' id='word_1_767' title='bbox 3295 4946 3450 5018; x_wconf 85' lang='grc' dir='ltr'><strong>σῶμα</strong></span> <span class='ocrx_word' id='word_1_768' title='bbox 3486 4949 3663 5018; x_wconf 67' lang='grc' dir='ltr'><strong>λέγειν</strong></span> <span class='ocrx_word' id='word_1_769' title='bbox 3695 4948 3876 5016; x_wconf 66' lang='grc' dir='ltr'><strong>ἔζευξε</strong></span> <span class='ocrx_word' id='word_1_770' title='bbox 3904 4949 3998 5017; x_wconf 74' lang='grc' dir='ltr'><strong>γὰρ</strong></span> 
     </span>
    </p>
   </div>
   <div class='ocr_carea' id='block_1_108' title="bbox 2464 5036 3998 5113">
    <p class='ocr_par' dir='ltr' id='par_1_108' title="bbox 2464 5036 3998 5113">
     <span class='ocr_line' id='line_1_109' title="bbox 2464 5036 3998 5113; baseline 0.001 -22"><span class='ocrx_word' id='word_1_771' title='bbox 2464 5042 2529 5110; x_wconf 70' lang='grc' dir='ltr'><strong>τῇ</strong></span> <span class='ocrx_word' id='word_1_772' title='bbox 2575 5038 2955 5110; x_wconf 80' lang='grc' dir='ltr'><strong>ἁνθρωπότητι</strong></span> <span class='ocrx_word' id='word_1_773' title='bbox 2988 5037 3087 5107; x_wconf 81' lang='grc' dir='ltr'><strong>τὴν</strong></span> <span class='ocrx_word' id='word_1_774' title='bbox 3132 5036 3389 5105; x_wconf 78' lang='grc' dir='ltr'><strong>θεότητα·</strong></span> <span class='ocrx_word' id='word_1_775' title='bbox 3438 5040 3683 5107; x_wconf 61' lang='grc' dir='ltr'><strong>ἐπιστὰς,</strong></span> <span class='ocrx_word' id='word_1_776' title='bbox 3740 5042 3998 5113; x_wconf 74' lang='grc' dir='ltr'><strong>ἁμαρτίας</strong></span> 
     </span>
    </p>
   </div>
   <div class='ocr_carea' id='block_1_109' title="bbox 2462 5123 4000 5201">
    <p class='ocr_par' dir='ltr' id='par_1_109' title="bbox 2462 5123 4000 5201">
     <span class='ocr_line' id='line_1_110' title="bbox 2462 5123 4000 5201; baseline -0.001 -20"><span class='ocrx_word' id='word_1_777' title='bbox 2462 5130 2851 5201; x_wconf 75' lang='grc' dir='ltr'><strong>ἐθεράπευσεν,</strong></span> <span class='ocrx_word' id='word_1_778' title='bbox 2884 5128 3049 5197; x_wconf 70' lang='grc' dir='ltr'><strong>ἤγουν</strong></span> <span class='ocrx_word' id='word_1_779' title='bbox 3074 5123 3142 5178; x_wconf 81' lang='grc' dir='ltr'><strong>τὰ</strong></span> <span class='ocrx_word' id='word_1_780' title='bbox 3169 5127 3478 5198; x_wconf 84' lang='grc' dir='ltr'><strong>τραύματα.</strong></span> <span class='ocrx_word' id='word_1_781' title='bbox 3530 5125 3683 5185; x_wconf 77' lang='grc' dir='ltr'><strong>οἶνον</strong></span> <span class='ocrx_word' id='word_1_782' title='bbox 3709 5131 3767 5185; x_wconf 62' lang='grc' dir='ltr'><strong>δὲ</strong></span> <span class='ocrx_word' id='word_1_783' title='bbox 3797 5132 3894 5185; x_wconf 78' lang='grc' dir='ltr'><strong>τὸν</strong></span> <span class='ocrx_word' id='word_1_784' title='bbox 3933 5129 4000 5181; x_wconf 76' lang='grc' dir='ltr'><strong>δι-</strong></span> 
     </span>
    </p>
   </div>
   <div class='ocr_carea' id='block_1_110' title="bbox 2462 5217 3999 5287">
    <p class='ocr_par' dir='ltr' id='par_1_110' title="bbox 2462 5217 3999 5287">
     <span class='ocr_line' id='line_1_111' title="bbox 2462 5217 3999 5287; baseline -0.001 -14"><span class='ocrx_word' id='word_1_785' title='bbox 2462 5219 2782 5273; x_wconf 76' lang='grc' dir='ltr'><strong>δασκαλικὸν</strong></span> <span class='ocrx_word' id='word_1_786' title='bbox 2829 5218 3029 5287; x_wconf 85' lang='grc' dir='ltr'><strong>τρόπον</strong></span> <span class='ocrx_word' id='word_1_787' title='bbox 3073 5217 3163 5269; x_wconf 86' lang='grc' dir='ltr'><strong>τδν</strong></span> <span class='ocrx_word' id='word_1_788' title='bbox 3194 5218 3459 5286; x_wconf 81' lang='grc' dir='ltr'><strong>στύφοντα</strong></span> <span class='ocrx_word' id='word_1_789' title='bbox 3511 5220 3684 5275; x_wconf 77' lang='grc' dir='ltr'><strong>καλεῖ.</strong></span> <span class='ocrx_word' id='word_1_790' title='bbox 3721 5220 3826 5275; x_wconf 72' lang='grc' dir='ltr'><strong>Σὺν</strong></span> <span class='ocrx_word' id='word_1_791' title='bbox 3851 5220 3999 5285; x_wconf 81' lang='grc' dir='ltr'><strong>ἐλαίῳ</strong></span> 
     </span>
    </p>
   </div>
   <div class='ocr_carea' id='block_1_111' title="bbox 2461 5305 3999 5380">
    <p class='ocr_par' dir='ltr' id='par_1_111' title="bbox 2461 5305 3999 5380">
     <span class='ocr_line' id='line_1_112' title="bbox 2461 5305 3999 5380; baseline -0.003 -16"><span class='ocrx_word' id='word_1_792' title='bbox 2461 5311 2539 5376; x_wconf 82' lang='grc' dir='ltr'><strong>δέ,</strong></span> <span class='ocrx_word' id='word_1_793' title='bbox 2568 5312 2647 5363; x_wconf 83' lang='grc' dir='ltr'><strong>ὅτι</strong></span> <span class='ocrx_word' id='word_1_794' title='bbox 2666 5306 3041 5377; x_wconf 75' lang='grc' dir='ltr'><strong>φιλανθρωπίᾳ</strong></span> <span class='ocrx_word' id='word_1_795' title='bbox 3070 5306 3254 5360; x_wconf 81' lang='grc' dir='ltr'><strong>τοῦτον</strong></span> <span class='ocrx_word' id='word_1_796' title='bbox 3274 5309 3499 5380; x_wconf 75' lang='grc' dir='ltr'><strong>ἐκέρασε</strong></span> <span class='ocrx_word' id='word_1_797' title='bbox 3518 5310 3609 5363; x_wconf 68' lang='grc' dir='ltr'><strong>τὸν</strong></span> <span class='ocrx_word' id='word_1_798' title='bbox 3636 5309 3829 5377; x_wconf 80' lang='grc' dir='ltr'><strong>λόγον’</strong></span> <span class='ocrx_word' id='word_1_799' title='bbox 3857 5305 3999 5359; x_wconf 79' lang='grc' dir='ltr'><strong>τοῦτο</strong></span> 
     </span>
    </p>
   </div>
   <div class='ocr_carea' id='block_1_112' title="bbox 2462 5393 3995 5463">
    <p class='ocr_par' dir='ltr' id='par_1_112' title="bbox 2462 5393 3995 5463">
     <span class='ocr_line' id='line_1_113' title="bbox 2462 5393 3995 5463; baseline -0.005 -7"><span class='ocrx_word' id='word_1_800' title='bbox 2462 5401 2518 5456; x_wconf 77' lang='grc' dir='ltr'><strong>δέ</strong></span> <span class='ocrx_word' id='word_1_801' title='bbox 2553 5402 2639 5454; x_wconf 75' lang='grc' dir='ltr'><strong>διὰ</strong></span> <span class='ocrx_word' id='word_1_802' title='bbox 2673 5400 2732 5451; x_wconf 85' lang='grc' dir='ltr'><strong>τδ</strong></span> <span class='ocrx_word' id='word_1_803' title='bbox 2782 5396 3259 5452; x_wconf 78' lang='grc' dir='ltr'><strong>συνανακλίνεσθαι</strong></span> <span class='ocrx_word' id='word_1_804' title='bbox 3320 5400 3600 5463; x_wconf 79' lang='grc' dir='ltr'><strong>τελώναις.</strong></span> <span class='ocrx_word' id='word_1_805' title='bbox 3631 5400 3706 5453; x_wconf 82' lang='grc' dir='ltr'><strong>τδ</strong></span> <span class='ocrx_word' id='word_1_806' title='bbox 3729 5398 3808 5463; x_wconf 72' lang='grc' dir='ltr'><strong>δέ,</strong></span> <span class='ocrx_word' id='word_1_807' title='bbox 3876 5393 3995 5448; x_wconf 66' lang='grc' dir='ltr'><strong>Ἐπί</strong></span> 
     </span>
    </p>
   </div>
   <div class='ocr_carea' id='block_1_113' title="bbox 2459 5481 4001 5557">
    <p class='ocr_par' dir='ltr' id='par_1_113' title="bbox 2459 5481 4001 5557">
     <span class='ocr_line' id='line_1_114' title="bbox 2459 5481 4001 5557; baseline -0.006 -13"><span class='ocrx_word' id='word_1_808' title='bbox 2459 5492 2527 5544; x_wconf 85' lang='grc' dir='ltr'><strong>τὸ</strong></span> <span class='ocrx_word' id='word_1_809' title='bbox 2556 5490 2710 5543; x_wconf 63' lang='lat' dir='ltr'><strong>lator</strong></span> <span class='ocrx_word' id='word_1_810' title='bbox 2754 5488 3075 5557; x_wconf 74' lang='grc' dir='ltr'><strong>ὑποζύγιον</strong></span> <span class='ocrx_word' id='word_1_811' title='bbox 3122 5489 3475 5546; x_wconf 53' lang='lat' dir='ltr'><strong>civ-£61600”</strong></span> <span class='ocrx_word' id='word_1_812' title='bbox 3521 5489 3727 5555; x_wconf 75' lang='grc' dir='ltr'><strong>αὑτὸν,</strong></span> <span class='ocrx_word' id='word_1_813' title='bbox 3758 5492 3817 5541; x_wconf 84' lang='grc' dir='ltr'><strong>ἐν</strong></span> <span class='ocrx_word' id='word_1_814' title='bbox 3838 5481 4001 5551; x_wconf 84' lang='grc' dir='ltr'><strong>ἐαυτῷ</strong></span> 
     </span>
    </p>
   </div>
   <div class='ocr_carea' id='block_1_114' title="bbox 2462 5577 4000 5651">
    <p class='ocr_par' dir='ltr' id='par_1_114' title="bbox 2462 5577 4000 5651">
     <span class='ocr_line' id='line_1_115' title="bbox 2462 5577 4000 5651; baseline -0.005 -18"><span class='ocrx_word' id='word_1_815' title='bbox 2462 5582 2569 5650; x_wconf 79' lang='grc' dir='ltr'><strong>γΞιρ</strong></span> <span class='ocrx_word' id='word_1_816' title='bbox 2596 5582 2741 5650; x_wconf 73' lang='grc' dir='ltr'><strong>ἡμᾶς</strong></span> <span class='ocrx_word' id='word_1_817' title='bbox 2792 5579 3015 5648; x_wconf 81' lang='grc' dir='ltr'><strong>ἐφόρεστ</strong></span> <span class='ocrx_word' id='word_1_818' title='bbox 3041 5596 3055 5610; x_wconf 85' lang='grc'><strong>·</strong></span> <span class='ocrx_word' id='word_1_819' title='bbox 3089 5582 3253 5650; x_wconf 76' lang='grc' dir='ltr'><strong>ἐσμὲν</strong></span> <span class='ocrx_word' id='word_1_820' title='bbox 3306 5582 3412 5651; x_wconf 79' lang='grc' dir='ltr'><strong>γὰρ</strong></span> <span class='ocrx_word' id='word_1_821' title='bbox 3464 5581 3599 5650; x_wconf 73' lang='grc' dir='ltr'><strong>μέλη</strong></span> <span class='ocrx_word' id='word_1_822' title='bbox 3630 5578 3722 5631; x_wconf 83' lang='grc' dir='ltr'><strong>τοῦ</strong></span> <span class='ocrx_word' id='word_1_823' title='bbox 3763 5577 4000 5647; x_wconf 79' lang='grc' dir='ltr'><strong>σώματος</strong></span> 
     </span>
    </p>
   </div>
  </div>
