4138 6342
655 269 788 334 1⁸207

1357 277 1741 336 OPUSCULA
1777 277 2404 340 SCRIP’I‘URISTICA
2453 282 2798 343 INCERTIE
2839 283 3144 346 ETATIS.

3715 282 3854 347 1208

643 387 868 432 tavcrat.
899 379 1242 438 Sinumvero
1295 383 1525 438 Abrahae
1577 385 1759 439 divina
1816 388 1923 440 otia
1976 397 2195 442 sanctus

2309 391 2529 455 Θένταςο
2557 393 2789 456 κόλπους
2820 395 2874 445 δὲ
2916 393 3183 463 Ἀϐραὰμ,
3218 391 3316 454 τὰς
3355 390 3630 456 θειοτάτας
3664 393 3848 465 λήξεις

640 465 928 537 Dionysius
963 467 1108 522 dicit.

1213 575 1438 631 CAPUT
1475 576 1634 630 XVII.

712 680 871 736 Vens.
903 682 951 736 5.
969 681 1039 736 De
1066 685 1468 752 antiquioribus
1495 686 1696 738 sanctis
1728 685 1857 738 dicit
1886 689 2192 754 apostolus,

639 771 741 824 Per
762 772 915 838 ﬁdem
940 774 1169 826 vicerunt
1204 791 1398 842 regna:
1429 776 1658 843 apostoli
1688 790 1816 844 ergo
1853 776 1903 827 id
1939 778 2190 842 scientes,

637 863 823 915 dicunt
843 863 1054 916 Christo
1078 863 1321 932 tAdauge
1352 866 1494 916 nobis
1515 865 1689 931 ﬁdem.
1720 863 1830 917 Non
1848 872 2037 933 petunt
2065 867 2192 919 sim-

634 953 842 1018 pliciter
870 951 1044 1016 ﬁdem,
1067 968 1171 1006 non
1199 954 1339 1006 enim
1359 964 1511 1006 erant
1535 954 1794 1017 inﬁdeles,
1820 956 1910 1008 sed
1935 969 2187 1024 augtnen-

637 1053 746 1095 tum
782 1043 919 1104 ﬁdei,
957 1043 1005 1095 id
1028 1053 1109 1097 est
1142 1044 1195 1097 in
1229 1043 1330 1098 ﬁde
1348 1045 1832 1097 conlirmationem.

710 1222 864 1277 Vens.
918 1225 966 1277 7.
1018 1225 1146 1288 Quis
1187 1241 1249 1276 ea:
1287 1226 1424 1278 vobis
1471 1227 1662 1279 habens
1707 1243 1909 1279 servum
1969 1242 2189 1294 pascen-

640 1322 773 1377 tem;
808 1322 979 1367 etc....
1009 1313 1175 1366 Docet
1213 1315 1294 1367 his
1324 1314 1616 1367 Dominicze
1638 1315 1978 1368 auctoritatis
2015 1324 2188 1378 potes-

643 1413 803 1455 tatem
825 1403 1132 1455 utdebitum
1166 1417 1376 1470 semper
1399 1419 1429 1455 a
1453 1404 1669 1456 famulis
1699 1404 2062 1457 obedientiam
2082 1404 2194 1456 exi-

638 1505 799 1557 gere;
844 1506 947 1542 non
980 1492 1148 1554 enim,
1183 1493 1274 1553 ait,
1302 1493 1528 1558 gratiam
1555 1507 1673 1545 esse
1718 1492 1969 1544 fatebitur
1997 1495 2095 1548 etsi
2127 1495 2195 1546 ab

638 1579 729 1632 illo
773 1579 970 1631 factum
1000 1580 1321 1646 fueritquod
1346 1581 1458 1632 ticri
1480 1581 1782 1647 oportebat,
1817 1581 1906 1633 sed
1948 1596 2054 1633 non
2085 1583 2190 1634 im-

2299 481 2326 529 ὁ
2357 480 2508 548 ἅγιος
2541 482 2812 544 Διονύσιος
2842 482 3013 549 λέγει.

2873 589 3124 642 ΚΕΦᾹΛ.
3159 585 3260 641 ΙΖ’.

2368 696 2488 747 ’Ότι
2514 694 2640 762 περὶ
2665 695 2772 746 τῶν
2795 692 3158 764 ἀρχαιοτέρων
3195 692 3365 759 ἁγίων
3416 693 3578 762 φησιν
3603 695 3632 745 δ
3686 694 3853 748 ’Λπό-

2298 785 2502 846 στολος·
2525 785 2628 837 Διὰ
2669 785 2926 848 πίστεως
2975 785 3454 853 κατηγωνίσαηο
3508 786 3851 850 βασιλείας.

2295 877 2356 926 Οἱ
2381 875 2665 926 ἀπόστολοι
2697 873 2789 926 οῦν
2813 873 2969 926 τοῦτο
2997 875 3214 938 εἰδότες,
3247 874 3461 940 λέγουσι
3494 873 3570 942 τῷ
3599 875 3848 944 Χριστῷ·

2293 965 2555 1030 Πρόσθες
2577 964 2720 1031 ἡμῖν
2737 965 2963 1017 πίστιν.
2984 965 3098 1016 Οὐκ
3125 963 3335 1017 αἰτοῦσι
3352 964 3408 1016 δὲ
3428 963 3609 1016 πίστιν
3631 963 3843 1026 ἁπλῶς·

2291 1056 2350 1104 οὐ
2386 1055 2493 1123 γὰρ
2547 1050 2684 1120 ἦσαν
2737 1054 2976 1106 ἄπιστοιο
3024 1052 3161 1105 ἀλλὰ
3220 1052 3537 1122 προσθήκην
3585 1052 3847 1115 πίστεως,

2291 1143 2536 1194 τουτέστι
2568 1142 2667 1208 τὴν
2705 1143 2784 1201 εἰς
2813 1139 2969 1191 τοῦτο
3000 1139 3314 1206 βεϐαίωσιν.

2367 1231 2484 1282 Ὅτι
2540 1231 2619 1292 τὸ,
2687 1231 2780 1294 Τις
2813 1229 2882 1292 ἐξ
2930 1228 3094 1295 ὑμῶν
3131 1227 3354 1282 δοῦλον
3401 1230 3556 1295 ἔχων
3611 1227 3852 1294 ποιμαί-

2293 1336 2494 1381 νοντα,
2525 1320 2619 1371 καὶ
2646 1320 2715 1373 τὰ
2771 1319 2918 1386 ἑξῆς,
2963 1318 3202 1371 διδάσκει
3251 1319 3332 1371 ὃτι
3371 1319 3470 1385 τῆς
3514 1316 3852 1385 Δεσποτικῆς

2293 1408 2539 1472 ἐξουσίας
2570 1409 2602 1474 ἡ
2632 1408 2862 1474 δύναμις
2891 1408 2966 1469 ὡς
2995 1407 3215 1476 ὄφλημα
3254 1405 3526 1475 πανταχοῦ
3560 1405 3708 1475 παρὰ
3741 1403 3852 1456 τῶν

2293 1497 2518 1548 οἰκετῶν
2545 1497 2698 1565 ζητεῖ
2735 1498 2832 1567 τὴν
2858 1497 3156 1567 ὑποταγὴν.
3191 1496 3266 1548 Οὐ
3297 1496 3404 1565 γὰρ
3450 1495 3624 1564 χάριν,
3658 1495 3850 1562 φησιν,

2295 1586 2638 1652 ὁμολογήσει,
2665 1589 2769 1639 κᾶν
2795 1589 2843 1638 εί
2870 1589 3078 1653 γένοιτο
3109 1587 3240 1655 παρ’
3261 1585 3425 1639 αὑτοῦ
3452 1589 3558 1638 πᾶν
3584 1587 3719 1653 ὅπερ
3745 1586 3850 1636 ἔδει

638 1668 824 1736 plenti,
841 1669 1136 1736 perieulum
1171 1679 1250 1722 est
1271 1687 1284 1734 ;
1302 1669 1541 1736 impleuti
1560 1679 1761 1732 autem,
1796 1670 1939 1722 nulla
1961 1671 2191 1724 habetur

2304 1673 2564 1740 revéaﬁat'
2601 1672 2736 1724 ἀλλὰ
2774 1674 2847 1741 μὴ
2883 1675 3216 1742 πληροῦντος
3248 1676 3369 1743 μὲν,
3415 1675 3673 1736 κίνδυνος·
3703 1675 3847 1742 πλη-

639 1770 832 1825 gratia.

717 1848 876 1900 Vens.
921 1849 1006 1902 2|.
1064 1848 1326 1901 Dicendo:
1369 1848 1600 1915 Regnum
1628 1848 1717 1900 Dei
1769 1851 1911 1901 intra
1961 1866 2047 1900 vos
2093 1859 2189 1911 est,

639 1939 766 2004 quid
802 1938 1012 1990 innuit?
1057 1939 1112 1989 In
1158 1937 1357 1990 nostris
1405 1951 1596 2005 nempe
1629 1952 1749 1992 esse
1799 1937 2191 2000 voluntatibus,

640 2027 764 2078 illud
804 2043 1022 2095 regnum
1048 2027 1266 2093 eligere.

713 2116 868 2166 Vens.
902 2115 989 2166 2'2.
1013 2114 1152 2177 Quid
1201 2115 1379 2168 dicere
1409 2113 1788 2169 vultChristus
1812 2131 1932 2169 cum
1959 2116 2062 2167 ait:
2095 2115 2195 2168 Ve-

639 2205 778 2254 nient
805 2204 911 2255 dies
928 2204 1136 2271 quando
1153 2203 1516 2255 desiderabitis
1537 2202 1702 2255 videre
1722 2219 1881 2271 unum
1900 2203 2038 2254 diem
2063 2201 2193 2253 Filii

639 2292 881 2354 hominis,
903 2300 948 2343 et
973 2307 1074 2342 non
1105 2292 1384 2344 videbitis?
1415 2290 1468 2344 Id
1493 2300 1592 2352 est,
1625 2270 1740 2359 ejus
1775 2293 1825 2343 in
1864 2299 2007 2344 terra
2062 2306 2192 2344 con-

639 2378 957 2430 versationis
988 2395 1002 2441 ;
1034 2379 1283 2444 quamvis
1307 2377 1495 2430 ultimo
1537 2391 1659 2429 cum
1699 2376 1790 2428 illo
1833 2375 2002 2429 futuri
2038 2377 2193 2428 estis.

640 2466 752 2519 Hoc
800 2477 975 2518 autem
1027 2465 1163 2516 dixit
1208 2465 1274 2517 ob
1312 2464 1690 2517 tribulationes
1738 2478 1873 2531 quas
1929 2463 2197 2516 debebant

642 2555 910 2610 sustinere
944 2569 972 2605 a
1010 2554 1279 2622 tyrannis.

1179 2659 1647 2728 CAPUTngnL

712 2772 870 2825 Vens.
898 2769 1098 2835 2.Quis
1128 2786 1248 2824 esse
1271 2779 1447 2838 potest
1479 2771 1563 2822 hic
1587 2769 1748 2837 judex
1783 2769 1965 2821 ?dicat
1997 2767 2193 2821 David;

640 2861 779 2914 Deus
801 2861 958 2930 iudex
973 2862 1171 2928 justus,
1214 2861 1365 2928 [ortis
1395 2870 1442 2912 et
1462 2862 1692 2928 patiens;
1722 2869 1781 2912 ut
1820 2859 1994 2911 audiri
2023 2867 2200 2926 potest

641 2953 798 3004 etiam
821 2952 1041 3004 dicens:
1084 2951 1258 3018 Neque
1283 2957 1346 3002 ab
1367 2966 1576 3017 egressu
1605 2950 1750 3012 solis,
1783 2965 1941 3015 neque
2004 2948 2069 2998 ab
2108 2963 2186 3000 oc-

643 3059 787 3104 casu,
813 3058 967 3110 neque
989 3059 1018 3093 a
1040 3042 1255 3094 desertis
1283 3040 1562 3102 montibus,
1583 3040 1827 3110 quoniam
1856 3037 1990 3089 Deus
2004 3037 2193 3104 judex,

649 3142 748 3185 est.
783 3133 952 3184 liabet
989 3140 1169 3184 autem
1218 3131 1373 3198 quasi
1407 3130 1682 3198 propriam
1719 3129 1989 3182 civitatem
2025 3127 2193 3190 Deus,

646 3235 932 3287 qnamnam
954 3221 1096 3272 illam
1116 3219 1464 3273 ?Ecclesiam.
1490 3219 1731 3271 Gloriosa
1745 3217 1887 3267 dicta
1907 3225 2027 3265 sunt
2045 3215 2106 3266 de
2127 3225 2195 3277 te,

648 3306 830 3357 civitas
870 3306 979 3358 Dei.
1001 3305 1102 3356 Ista
1131 3307 1321 3358 civitas
1345 3306 1570 3357 imitatio
1603 3313 1684 3358 est
1706 3303 1941 3356 caelestis
1966 3303 2199 3355 civitatis

648 3393 959 3446 Jerusalem.
991 3394 1152 3444 Deum
1176 3409 1278 3444 non
1305 3393 1539 3453 timebat,
1564 3407 1733 3459 neque
1760 3391 2027 3442 hominem
2052 3405 2201 3442 reve-

650 3485 902 3536 rebalur:
941 3482 1078 3536 Deus
1108 3485 1249 3535 enim
1286 3497 1391 3534 non
1430 3482 1594 3534 Deum
1620 3481 1778 3533 habet
1808 3495 1967 3547 quem
1993 3480 2197 3540 timeat,

651 3577 1106 3644 nequeﬂiominem
1139 3589 1296 3641 quem
1318 3582 1626 3628 revereatur
1648 3588 1660 3634 ;
1683 3585 2034 3638 personarum
2060 3570 2198 3622 enim

650 3668 888 3733 acceptio
918 3680 1020 3716 non
1053 3672 1134 3716 est
1166 3663 1303 3730 apud
1349 3663 1521 3714 illum.

721 3862 882 3915 Vens.
909 3862 958 3912 5.
982 3858 1172 3913 Omnis
1197 3859 1372 3910 anima
1402 3857 1454 3908 in
1481 3854 1715 3908 Ecclesia
1741 3853 2195 3906 calumniatorem

650 3957 823 4008 Virum
849 3969 968 4005 cum
1002 3950 1278 4016 reliquerit
1317 3958 1366 3999 et
1395 3947 1664 4013 rejecerit,
1696 3953 1750 3997 et
1779 3944 2058 3997 Christum
2087 3959 2200 3996 am-

650 4047 805 4115 plexa
838 4043 1015 4100 fuerit,
1040 4041 1198 4091 vidua
1223 4046 1322 4100 est,
1344 4046 1393 4087 et
1419 4034 1671 4087 sollicitat
1694 4034 1838 4086 omni
1859 4034 1946 4084 die
1972 4041 2023 4085 et
2049 4041 2202 4084 nocte

652 4136 910 4202 judicent,
943 4131 1152 4182 dicens:
1200 4126 1422 4177 Vindica
1461 4139 1540 4175 me
1591 4124 1656 4174 ab
1708 4122 2016 4174 adversario
2063 4136 2199 4172 meo.

654 4225 788 4287 Quis
818 4229 895 4273 est
926 4227 1100 4269 autem
1145 4215 1230 4267 hic
1263 4213 1604 4265 adversarius
1634 4213 1837 4275 {contra
1891 4223 2045 4274 quem
2085 4223 2206 4272 pre-

2298 1763 2518 1830 ροῦντος
2551 1761 2627 1818 δὲ.
2661 1761 2885 1826 οὐδεμία
2916 1761 3065 1812 ἔσται
3095 1761 3271 1829 χάρις.

2378 1852 2465 1902 Ἐν
2493 1850 2569 1918 τῷ
2600 1850 2801 1916 λέγειν,
2837 1851 2920 1901 ὅτι
2958 1849 3025 1902 'H
3041 1850 3329 1912 ,βασιλεία
3354 1848 3458 1901 τοῦ
3501 1848 3646 1901 Θεοῦ
3676 1848 3854 1910 ἐντὸς

2294 1942 2459 2008 ὑμῶν
2487 1941 2638 2001 ἐστι,
2690 1939 2744 1990 τί
2779 1939 2952 2005 “yet;
2998 1940 3116 1990 Ὀτι
3177 1939 3264 1990 Ἐν
3309 1940 3429 1997 ταῖς
3470 1937 3854 2006 προαιρέσεσιν

2295 2032 2467 2099 ὑμῶν,
2501 2031 2654 2098 φησὶ,
2688 2033 2864 2082 κεῖται
2890 2029 2952 2081 τὸ
2981 2028 3304 2092 ἐκλέξασθαι
3330 2027 3555 2097 ταύτην.

2365 2122 2430 2172 Τί
2449 2121 2624 2188 λέγειν
2650 2119 2895 2186 βούλεται
2926 2118 3159 2188 Χριστὸς
3185 2117 3260 2170 ὅτ’
3291 2118 3357 2169 ἂν
3384 2119 3457 2186 φῇ
3479 2134 3494 2149 ο
3543 2117 3853 2170 Ἐλεύσον-

2293 2228 2387 2263 ται
2408 2211 2618 2277 ἡμέραι
2647 2209 2744 2262 ὅτε
2765 2208 3164 2276 ἐπιθυμήσετε
3176 2208 3323 2276 μίαν
3346 2205 3464 2260 τῶν
3489 2207 3723 2274 ἡμερῶν
3742 2204 3858 2257 τοῦ

2303 2300 2435 2352 Υίοῦ
2463 2298 2567 2352 τοῦ
2589 2298 2901 2365 ἀνθρώπου
2930 2296 3096 2360 ἰδεῖν,
3128 2295 3225 2350 καὶ
3253 2297 3363 2350 οὐκ
3392 2295 3614 2362 ὄψεσθε
3634 2309 3654 2357 ;
3677 2294 3856 2344 Τουτ-

2296 2391 2426 2451 ἐστι,
2474 2389 2572 2457 τῆς
2615 2389 2707 2440 ἐπὶ
2741 2389 2841 2454 γῆς
2877 2386 3249 2454 συνδιαγωγῆς
3288 2385 3477 2438 αὐτοῦ’
3530 2383 3710 2436 καίτοι
3755 2381 3856 2433 καὶ

2295 2479 2520 2547 ἔσχατον
2551 2479 2799 2539 συνόντες
2826 2477 3002 2546 αὐτῷ·
3029 2476 3186 2529 τοῦτο
3217 2478 3273 2529 δὲ
3304 2478 3454 2545 ἔλεγε
3486 2475 3572 2528 διὰ
3603 2475 3702 2536 τὰς
3730 2472 3856 2525 θλί-

2295 2571 2416 2636 ψεις
2446 2569 2511 2629 ἃς
2541 2567 2764 2635 ἔμελλον
2790 2566 3081 2634 ὑπομένειν
3116 2567 3221 2618 ὑπὸ
3253 2567 3359 2618 τῶν
3384 2566 3684 2636 τυράννων.

2872 2671 3121 2725 ΚΕΦΑΛ.
3164 2672 3275 2726 lH’.

2369 2785 2432 2839 Τί
2457 2786 2520 2837 ἂν
2551 2784 2635 2851 εἴη
2657 2785 2684 2834 6
2712 2780 2903 2850 κριτὴς
2933 2776 3113 2845 οὗτοςς
3144 2779 3364 2846 Λεγέτω
3389 2778 3548 2830 Δαϐίδ
3568 2795 3581 2807 ·
3615 2778 3677 2830 '0
3704 2779 3859 2842 Θεὸς

2298 2874 2503 2942 κριτὴς
2537 2874 2765 2936 δίκαιος
2794 2873 2888 2924 καὶ
2928 2871 3176 2939 ἰσχυρὸς
3211 2871 3307 2922 καὶ
3337 2871 3735 2937 μακρόθυμος·
3781 2869 3860 2928 ὡς

2299 2965 2444 3018 ἔστιν
2477 2962 2639 3016 αὐτοῦ
2681 2963 2909 3016 ἀκοῦσαι
2945 2963 3038 3014 καὶ
3088 2962 3248 3014 πάλιν
3279 2961 3548 3027 λέγοντος,
3580 2961 3660 3011 ὅτι
3705 2961 3858 3012 Οὔτε

2299 3055 2365 3116 ἐξ
2399 3054 2641 3115 ἐξόδων,
2675 3052 2811 3104 οὔτε
2840 3051 2957 3104 ἀπὸ
3003 3049 3266 3118 δυσμῶν,
3306 3049 3441 3101 οὔτε
3466 3048 3583 3101 ἀπὸ
3623 3046 3842 3113 ἐρήμων

2300 3142 2500 3207 ψέων,
2558 3142 2647 3193 ὅτι
2682 3143 2712 3192 ὀ
2757 3140 2899 3203 Θεὸς
2926 3140 3130 3206 κριτής
3149 3139 3339 3190 ἐστιν·
3368 3137 3478 3205 ἔχει
3507 3136 3563 3189 δὲ
3589 3137 3665 3195 ὼς
3701 3135 3865 3185 πόλιν

2303 3232 2437 3283 ἰδίαν
2469 3234 2495 3283 6
2526 3231 2658 3289 Θεὸς
2689 3269 2702 3290 ,
2754 3229 2911 3281 ποίαν
2952 3228 3187 3295 ταύτην;
3225 3229 3335 3294 Τὴν
3378 3225 3717 3292 Ἐκκλησίαν.
3750 3224 3862 3274 Δε-

2299 3318 2636 3384 δοξασμένα
2656 3316 2920 3381 ἐλαλήθη
2950 3315 3080 3381 περὶ
3111 3316 3246 3377 σοῦ,
3280 3316 3318 3380 ἠ
3345 3317 3522 3375 πόλις
3545 3314 3650 3366 τοῦ
3681 3311 3859 3365 Θεοῦ.

2299 3406 2443 3475 Αὕτη
2477 3409 2508 3474 ἡ
2547 3406 2698 3467 πόλις
2752 3406 2977 3474 μίμημά
3009 3406 3123 3455 ἑστι
3165 3403 3262 3470 τῆς
3312 3401 3718 3471 οὐρανοπόλεως
3754 3400 3863 3451 Ἱε-⁶

2304 3500 2600 3568 ρουσαλήμ.
2637 3499 2801 3565 Μήτε
2825 3498 2954 3549 Θεὸν
2990 3496 3343 3564 φοϐούμενος,
3378 3495 3515 3562 μήτε
3564 3493 3863 3562 ἄνθρωπον

2299 3587 2708 3656 ἐντρεπόμενος·
2738 3587 2766 3637 6
2797 3585 2902 3653 γὰρ
2931 3584 3060 3645 Θεὸς
3093 3582 3214 3635 οὔτε
3265 3583 3395 3636 Θεὸν
3436 3582 3546 3651 ἔχει
3587 3582 3645 3633 δν
3685 3582 3865 3650 φοϐη-

2301 3683 2559 3748 θήσεται,
2590 3679 2706 3731 οὐδὲ
2759 3678 3041 3746 ἄνθρωπον
3085 3677 3145 3728 ὃν
3190 3676 3588 3745 ὲντραπήσεται
3614 3691 3630 3705 ο
3687 3691 3867 3743 προσ-

2300 3772 2584 3840 ωποληψία
2618 3772 2726 3838 γὰρ
2747 3770 2845 3821 οὐκ
2869 3769 2983 3820 ἔστι
3021 3769 3147 3837 παρ’
3184 3768 3350 3836 αὐτῷ.

2373 3867 2523 3917 Πᾶσα
2559 3863 2702 3932 ψυχὴ
2743 3860 3166 3928 ὲκκλησιαστικὴ
3218 3860 3250 3928 ἡ
3295 3859 3385 3910 τόν
3433 3875 3566 3909 ποτε
3616 3855 3873 3909 διάϐολον

2300 3954 2465 4021 ἄνδρα
2496 3953 2700 4004 ἐάσασα
2735 3951 2827 4001 καὶ
2855 3949 3222 4017 ἀπορρίψασα,
3250 3948 3343 3999 καὶ
3381 3947 3610 4015 Χριστὸν
3642 3947 3797 3997 ὲνστε
3810 3963 3872 4012 ρ-

2302 4043 2586 4110 νισαμένη,
2630 4043 2770 4108 χήρα
2813 4038 3087 4104 τυγχάνει,
3129 4039 3223 4090 καὶ
3262 4036 3439 4086 δέεται
3472 4036 3591 4086 καθ’
3623 4037 3874 4101 ἑκάστην

2303 4133 2514 4200 ἡμέραν
2541 4133 2633 4181 καὶ
2666 4130 2833 4180 νύκτα
2876 4128 2968 4178 τοῦ
2997 4127 3204 4193 κριτοῦ,
3242 4126 3502 4194 λέγουσα·
3548 4123 3875 4190 Ἐκδίκησόν

2312 4241 2375 4291 με
2405 4224 2509 4274 ἀπὸ
2541 4220 2633 4271 τοῦ
2663 4218 2930 4271 ἀντιδίκου
2958 4234 3076 4284 μου.
3109 4215 3204 4276 Τίς
3230 4215 3272 4265 δ’
3304 4215 3369 4266 ἂν
3396 4215 3480 4283 εἴη
3525 4215 3552 4265 ὁ
3596 4214 3875 4274 ἀντίδικος

660 4326 851 4364 camur
884 4317 1037 4359 norte
1065 4321 1126 4358 ac
1145 4306 1229 4357 die
1246 4303 1420 4355 ?dicat
1449 4300 1724 4368 apostolus
1759 4299 1980 4350 Petrus:
2004 4295 2196 4359 Filioli,

2313 4315 2431 4365 καθ’
2478 4305 2541 4362 οὗ
2577 4308 2846 4377 εὐχόμεθα
2891 4306 3078 4367 νυκτὸς
3129 4306 3219 4357 καὶ
3267 4305 3506 4373 ἡμέρας;
3566 4305 3787 4369 Λεγέτω
3817 4306 3878 4382 .6

656 4399 986 4454 adversarius
1037 4404 1197 4448 vester
1229 4393 1488 4454 diabolus,
1520 4402 1575 4442 ut
1629 4391 1707 4441 leo
1764 4390 1969 4455 rugiens
2017 4388 2206 4439 circuit

653 4507 888 4562 qua’rens
938 4503 1085 4556 quem
1111 4486 1337 4537 devoret.

726 4679 887 4730 Vens.
943 4672 1202 4727 6.1udex
1244 4669 1563 4740 iniquitatis,
1624 4681 1728 4718 non
1783 4662 2088 4730 estlDeus,
2152 4671 2208 4712 ut

661 4768 811 4821 multi
834 4767 1082 4830 loquaces
1100 4765 1304 4822 dicunt,
1326 4763 1415 4814 sed
1435 4759 1650 4826 quidam
1675 4755 1959 4822 eratjudex
1988 4754 2208 4820 iniquus

662 4859 712 4912 in
748 4856 836 4908 illo
861 4864 1117 4919 tempore,
1152 4850 1642 4914 utChrysostomus
1667 4845 1860 4909 inquit,
1891 4844 2203 4909 inquemex

660 4951 775 5015 ipso
805 4943 1112 5014 parabolam
1158 4939 1368 4991 instruit
1405 4935 1672 4988 Christus.
1731 4933 1856 4986 V'ult
1901 4945 2079 4985 autem
2118 4947 2211 4998 per

658 5039 710 5090 id
754 5036 1034 5091 ostendere
1072 5046 1178 5082 non
1212 5025 1532 5078 cessandum
1562 5038 1681 5076 esse
1711 5024 1776 5076 ab
1809 5024 2073 5075 oratione.
2120 5021 2208 5074 Di-

662 5129 828 5181 cendo
842 5141 987 5188 vero,
1017 5116 1403 5184 Quantomagis
1425 5114 1579 5166 Pater
1598 5123 1758 5166 vester
1773 5114 2016 5172 cmtestis,
2036 5112 2205 5163 alium

663 5236 780 5275 esse
801 5213 1311 5286 iniquumjudicem,
1338 5208 1500 5260 alium
1521 5222 1639 5259 esse
1674 5204 1840 5259 Deum
1860 5204 2080 5257 indicat.
2103 5203 2205 5255 Sed

660 5327 782 5362 cum
811 5303 1137 5361 intellexeris
1167 5302 1329 5353 Deum
1360 5313 1476 5351 esse
1497 5298 1732 5364 judicent
1767 5295 2085 5364 iniquitatis,
2110 5309 2215 5348 non

665 5400 881 5451 timebis
905 5396 1086 5448 dicere
1118 5392 1263 5443 illum
1292 5406 1410 5444 esse
1436 5388 1668 5457 judicent
1702 5387 2002 5456 iniquitatis
2030 5396 2212 5440 etnon

668 5488 913 5553 iustitiae:
945 5482 1100 5534 Iusto
1134 5484 1269 5535 enim
1303 5482 1382 5536 (ea:
1404 5498 1503 5534 non
1527 5480 1752 5533 exsistit.

2311 4402 2600 4461 ἀπόστολος
2629 4400 2829 4466 Πέτρος
2848 4412 2860 4425 ·
2899 4396 3126 4456 Τεκνία,
3161 4398 3193 4447 ὀ
3221 4395 3518 4458 ἀντίδικος
3547 4394 3712 4460 ὑμῶν
3739 4394 3876 4445 διᾰ-
3925 4455 3930 4457 _

2312 4496 2506 4555 ϐολος,
2534 4490 2612 4554 ὡς
2645 4487 2799 4540 λέων
2832 4487 3164 4553 ὠρυόμενος
3201 4482 3486 4550 διέρχεται
3513 4482 3697 4549 ζητῶν
3732 4500 3876 4536 τινα

2312 4578 2636 4633 καταπιεῖν.

2383 4673 2500 4724 Ὀτι
2534 4673 2560 4722 6
2593 4670 2780 4736 κριτὴς
2810 4667 2906 4734 τῆς
2935 4664 3162 4725 ἀδικίας,
3202 4663 3300 4714 οὐκ
3347 4663 3491 4715 ἔστιν
3538 4667 3563 4715 6
3608 4664 3759 4729 Θεὸς,
3794 4667 3879 4727 ὡς

2312 4763 2357 4812 οἱ
2391 4759 2572 4810 πολλοὶ
2605 4755 2962 4825 φλυαροῦντες
2993 4753 3266 4816 λέγουσιν·
3299 4749 3433 4803 ἀλλὰ
3461 4771 3541 4814 τις
3578 4749 3643 4822 ἦν
3669 4754 3879 4824 κριτὴς

2315 4848 2493 4906 ἄδικος
2527 4845 2642 4896 κατ’
2690 4844 2864 4894 έκεῖνο
2908 4839 3118 4906 καιροῦ,
3147 4840 3219 4900 ὼς
3251 4843 3277 4890 6
3299 4840 3672 4907 Χρυσόστομος
3695 4843 3881 4907 λέγει,

2317 4935 2452 5004 πρὸς
2476 4934 2531 4984 δν
2563 4933 2623 4995 ἐξ
2664 4929 2827 4983 αὐτοῦ
2873 4928 2967 4995 τὴν
2996 4928 3306 4997 παραϐολὴν
3339 4933 3569 4983 ποιεῖται
3601 4933 3846 5002 Χριστός
3867 4949 3884 4961 ο

2321 5024 2563 5093 βούλεται
2611 5022 2668 5072 δὲ
2714 5021 2799 5071 διὰ
2843 5019 3026 5068 τούτου
3075 5017 3263 5080 δεῖξαι,
3301 5019 3373 5087 μὴ
3413 5023 3665 5073 ὲκκακεῖν
3709 5022 3765 5071 έν
3794 5022 3888 5090 τῷ

2318 5110 2728 5182 προσεύχεσθαι.
2774 5108 2860 5158 Ἐν
2882 5107 2936 5157 δὲ
2981 5108 3056 5175 τῷ
3100 5107 3293 5174 λέγειν,
3329 5113 3504 5174 Πόσῳ
3554 5109 3794 5180 μᾶλλον
3851 5116 3889 5163 δ

2318 5191 2517 5269 Πατὴρ
2546 5200 2711 5267 ὑμῶν
2744 5201 2775 5250 ό
2809 5197 3078 5263 οὐράνιος
3111 5200 3128 5249 ,ν
3178 5199 3332 5253 ἄλλον
3366 5198 3501 5254 εῖναι
3547 5204 3636 5253 τὸν
3685 5202 3890 5253 ἄδικον

2320 5293 2528 5364 κριτὴν,
2571 5292 2666 5342 καὶ
2698 5289 2854 5342 ἄλλον
2898 5288 2988 5338 τὸν
3029 5289 3178 5342 Θεόν.
3223 5291 3363 5343 Ἀλλ’
3392 5293 3477 5343 ὅτε
3512 5291 3749 5359 ἀκούσῃς
3779 5291 3890 5341 τὸν

2321 5385 2450 5437 Θεὸν
2476 5381 2666 5448 κριτὴν
2703 5378 2934 5442 ἀδικίας,
2978 5379 3048 5446 μὴ
3080 5381 3318 5452 φοϐηθῇς
3346 5384 3516 5435 εἰπεῖν
3546 5381 3704 5433 αὑτὸν
3746 5397 3890 5448 κρι-

2321 5475 2418 5540 τὴν
2444 5469 2672 5532 ἀδικίας,
2707 5468 2799 5521 καὶ
2834 5468 2890 5519 οὐ
2917 5469 3280 5541 δικαιοσύνης·
3309 5473 3518 5534 Δικαίφ
3545 5471 3652 5538 γὰρ
3683 5469 3886 5535 νόμος

2326 5567 2395 5618 σὺ
2417 5561 2618 5614 κεῖται.
