4138 6342
212 326 357 391 1209

1293 319 1612 381 SCHOLIA
1643 322 1932 381 VETEHA
1966 324 2046 383 IN
2078 325 2358 385 LUCAM.

3265 325 3402 391 12m

278 432 385 486 τοῦ
417 431 712 502 Φαρισαίου
741 429 833 483 καὶ
857 428 948 482 τοῦ
985 427 1213 480 τελώνου
1248 429 1281 495 ἡ
1310 427 1586 496 παραϐολὴ
1620 426 1751 478 61:0-
1780 430 1825 486 Λ

1780 430 1825 486 Λ
1926 429 2087 483 Vens.
2126 430 2211 483 10.
2229 429 2486 483 Pharisaei
2518 435 2570 484 et
2589 429 2860 502 publicani
2888 432 3141 500 parabola
3173 438 3403 491 ostendit

197 523 474 576 δείκνυσιν
505 521 586 574 ὅτι
621 520 992 587 ἐπιστημόνως
1015 517 1094 570 δεῖ
1122 515 1549 585 προσεύχεσθαι·
1583 513 1750 566 πολλὰ

201 606 317 674 γὰρ
361 604 526 659 αὐτοῦ
574 605 645 657 τὰ
691 605 1023 674 ιγκλήματα.
1078 602 1384 671 Ἐθαύμασε
1435 601 1544 669 γὰρ
1589 601 1750 662 αὐτὸς

200 696 390 756 αὑτὸν,
411 695 508 747 καὶ
545 693 770 756 πολλοὺς
799 693 1012 762 ἑτέρους
1040 692 1136 744 σὺν
1158 691 1232 760 τῷ
1262 691 1472 762 τελώνῃ
1494 691 1749 759 κατάκρισ-

202 800 317 835 νεν.
356 781 575 850 ’Δληθὲς
615 777 708 834 οὖν
746 781 807 832 τὸ
840 780 1217 849 γεγραμμένον
1241 780 1422 850 ῥητὸν,
1461 783 1544 833 ὅτι
1579 781 1751 832 Ἔστι

200 872 432 936 δίκαιος
456 871 873 937 ἀπολλύμενος
894 870 962 921 ὲν
985 869 1188 934 δικαίῳ
1219 871 1423 923 αὑτοῦ.

275 960 398 1012 Ὀτι
427 960 539 1021 πῶς
568 960 596 1010 6
631 959 728 1026 μὲν
753 960 1038 1027 ⁴1>αρισαῖος
1067 960 1614 1028 μγαλορῤημονήσας
1659 961 1750 1012 ἐπὶ

199 1052 317 1111 τοῖς
361 1050 577 1110 οίκείοις
627 1048 954 1114 δικαιώμασι
1002 1049 1410 1115 κατακέκριται,
1458 1051 1490 1101 ὁ
1522 1051 1578 1101 δὲ
1628 1049 1751 1101 Ἰὼϐ

201 1140 300 1191 ἐπὶ
327 1139 497 1204 τούτῳ
527 1138 672 1206 αὐτῷ
701 1139 896 1207 μᾶλλον
923 1142 1014 1191 καὶ
1038 1140 1413 1204 δεδικαίωταις
1451 1143 1571 1193 Ὅτι
1601 1137 1750 1203 οὗτος

201 1223 307 1290 μὶν
360 1223 579 1292 μηδενὸς
621 1223 1028 1286 ἀντιπίπτοντος
1087 1226 1181 1277 καὶ
1241 1227 1658 1295 παρακινοῦντος
1715 1229 1747 1297 ῆ

199 1311 563 1381 ἐρεθίζοντος,
605 1315 1093 1382 μεγαλοῤῥημονεῖ·
1131 1317 1158 1365 6
1187 1315 1242 1367 δὲ
1271 1318 1330 1366 ιν
1373 1315 1470 1383 μὲν
1497 1317 1575 1384 τῷ
1604 1319 1750 1370 £660-

199 1404 414 1468 κιμεῖν,
459 1400 689 1468 ικρυϐεν
734 1402 955 1453 ἑαυτόνο
989 1403 1045 1452 ὲν
1095 1401 1152 1453 δὲ
1205 1403 1280 1469 τῷ
1332 1407 1747 1473 κατηγορεῖσθαι

200 1491 309 1542 ὑπὸ
342 1490 436 1542 τοῦ
481 1489 705 1558 Ἐλιφὰζ
743 1489 774 1558 ἢ
807 1490 901 1542 τοῦ
939 1491 1199 1553 διαϐόλου,
1228 1492 1514 1544 ἀποδύεται
1543 1495 1610 1546 τὰ
1632 1494 1749 1545 lm-

200 1579 475 1648 φερόμενα
506 1579 842 1648 ἐγκλήματα.
877 1579 1020 1648 (Τοῦ
1046 1580 1518 1646 Πηλουσιώτου.)

275 1669 396 1720 Ὀτι
427 1668 573 1734 λέγει
592 1670 619 1720 6
636 1668 1041 1746 εὐαγγελιστὴί,
1056 1671 1134 1721 ὅτι
1160 1669 1346 1721 οὐδὲν
1365 1672 1586 1730 τούτων
1604 1689 1750 1725 συν-

1858 528 2103 586 oportere
2161 520 2392 573 scienter
2435 534 2608 573 orare.
2651 518 2816 572 Multa
2856 521 2998 574 enim
3058 523 3200 576 illius
3253 536 3405 577 erant

1857 618 2105 678 peccata:
2137 610 2374 678 seipsum
2402 610 2793 672 admirabatur,
2827 618 2880 664 et
2925 611 3128 664 multos
3177 623 3404 666 uterus

1853 714 1973 752 cum
2002 699 2290 766 publicano
2303 701 2712 752 condemnabat.
2746 697 2944 753 Verum
2969 701 3230 767 igiturest
3256 704 3401 768 quini

1856 790 2113 857 scriptum
2145 798 2226 842 est
2263 793 2484 841 verbum
2510 827 2524 850 ,
2562 787 2746 838 Justus
2784 789 2917 854 perit
2947 787 2999 838 in
3020 787 3229 854 iustitia
3281 805 3400 842 sua.

1935 965 2088 1018 Vens.
2114 965 2200 1016 Η.
2220 964 2504 1029 Quomodo
2528 962 2831 1016 Phariszeus
2847 962 3061 1030 quidem
3081 964 3398 1030 superbiens

1853 1052 1906 1103 in
1932 1052 2163 1120 propriis
2187 1052 2411 1120 justitiis
2443 1052 2854 1112 condemnatur,
2886 1049 2988 1101 Job
3013 1059 3187 1102 autem
3225 1053 3277 1103 in
3302 1067 3398 1102 eo-

1850 1139 1968 1192 dem
1987 1140 2157 1202 magis
2177 1137 2526 1206 iustiﬁcatur?
2548 1139 2680 1203 Quia
2704 1139 2790 1190 ille
2813 1138 3027 1206 quidem
3048 1139 3260 1190 nemine
3278 1152 3399 1188 coo-

1852 1228 2146 1279 tradiccnte
2194 1227 2272 1279 vel
2291 1228 2542 1279 turbante
2567 1235 2656 1278 aut
2683 1227 2974 1288 excitante,
3006 1226 3277 1293 superbit;
3311 1225 3398 1276 hic

1851 1329 1976 1367 vero
2010 1330 2131 1368 cum
2156 1314 2402 1366 laudatur
2437 1330 2495 1368 se
2516 1316 2826 1380 abscondit;
2854 1322 2906 1367 et
2948 1330 3067 1368 cum
3097 1323 3387 1366 accusatur

1851 1406 1916 1456 ab
1936 1406 2156 1472 Eliphaz
2180 1405 2260 1456 vel
2291 1405 2573 1466 adiabolo,
2607 1405 2754 1457 illata
2781 1405 3004 1459 crimina
3033 1405 3258 1472 repellit.
3281 1402 3392 1470 (Ita

1852 1494 2170 1561 Pelusium.)

1921 1670 2082 1724 Vsus.
2117 1671 2204 1724 σι.
2240 1670 2377 1723 Dicit
2412 1671 2735 1738 evangelista
2768 1686 2782 1723 :
2822 1671 2970 1722 Nihil
3008 1671 3192 1721 horum
3240 1671 3424 1722 iure!»

203 1757 382 1824 ἧκαν,
412 1731 547 1810 ἀλλ’
579 1754 653 1826 ἦν
679 1731 852 1811 τοῦτο
890 1759 955 1811 τὸ
977 1731 1143 1826 λόῆμα
1197 1762 1607 1828 κεκρυμμένον
1649 1764 1750 1816 ἀπ’
1782 1731 1824 1787 Β

1782 1731 1824 1787 Β
1852 1761 2108 1820 (exerunt,
2139 1759 2225 1811 sed
2251 1770 2360 1811 erat
2393 1761 2596 1811 verbum
2628 1759 2767 1812 istud
2810 1760 3172 1811 absconditum
3204 1762 3264 1810 ab
3295 1761 3391 1811 eis.

202 1845 420 1910 αὐτῶν,
452 1847 616 1916 ἤγουν
655 1847 780 1917 περὶ
811 1847 905 1914 τῆς
928 1848 1289 1909 ἀναστάσεως.
1322 1848 1417 1898 Διὰ
1436 1848 1749 1917 τί;Ὲπειδὴ

203 1935 414 1987 οὐδέπω
471 1935 686 2004 ⁴ᾔδεισαν
735 1937 974 2002 ἁκριὸὦς
1020 1937 1086 1988 τὰ
1119 1937 1266 2004 παρὰ
1311 1937 1416 1988 τῶν
1463 1937 1750 2004 προφητῶν

204 2025 290 2076 ἐπ’
318 2024 463 2091 αὑτῷ
495 2026 779 2093 λεγόμενα,
807 2025 879 2084 ὡς
904 2026 1091 2086 ἁλιεῖς.

275 2116 401 2165 Ὀτι
429 2117 455 2165 6
478 2114 674 2180 τυφλὸς
721 2114 930 2165 ἀκούων
974 2113 1080 2164 τῶν
1121 2113 1367 2180 Γραφῶν,
1400 2115 1492 2164 καὶ
1523 2114 1627 2165 ἀπὸ
1655 2114 1748 2165 τοῦ

205 2205 366 2256 Δαϐἱδ
413 2205 504 2255 καὶ
543 2204 672 2254 Θεὸν
715 2199 860 2271 εἶχεν
898 2202 1075 2263 αὑτὸν,
1126 2203 1215 2252 καὶ
1276 2202 1748 2270 ὲπιστομιζόμενος

205 2297 304 2346 οὒκ
337 2296 564 2345 ἔπαυεν·
599 2292 716 2344 ὅθεν
748 2295 838 2344 καὶ
872 2290 1088 2344 ἀκούει⁶
1135 2291 1202 2342 Ἢ
1248 2292 1444 2354 πίστις
1487 2306 1601 2342 σου
1649 2291 1748 2342 σέο

205 2387 363 2440 σωκέ
393 2404 465 2438 σε
485 2402 497 2415 ’
523 2383 711 2450 ἀφίησι
741 2382 795 2433 δὲ
823 2382 979 2434 αὑτὸν
1008 2381 1186 2432 λαλεῖν
1229 2380 1320 2430 καὶ
1351 2380 1496 2448 βοᾷν,
1522 2381 1618 2448 τὴν
1657 2380 1746 2430 πί-

208 2496 323 2532 στιν
353 2475 515 2530 αὑτοῦ
548 2475 802 2527 δεικνύων
833 2475 940 2534 τοῖς
970 2471 1238 2524 συνοῦσιν.

277 2570 400 2621 Ὀτι
449 2565 561 2632 φῶς
607 2563 824 2629 γέγονεν
865 2563 898 2630 ἡ
944 2562 1091 2629 φωνὴ
1121 2560 1195 2629 τῷ
1236 2560 1446 2629 τυφλῷ·
1481 2561 1542 2612 ὲκ
1576 2560 1748 2627 φωτὸς

207 2659 312 2728 γὰρ
351 2653 419 2724 ἦν
467 2656 495 2707 ό
525 2653 675 2721 λόγος
720 2650 1002 2720 ἀληθινοῦ·
1046 2646 1197 2712 οὗτος
1248 2651 1413 2711 ἰαθεὶς
1473 2652 1749 2718 ⁴ἠκολούθει

208 2744 368 2813 αὐτῷ.

763 2831 1009 2884 ΚΕΦΑΔ.
1060 2831 1157 2883 ΙΘ’.

275 2939 372 2992 Διὰ
401 2939 452 2991 τί
489 2941 517 2992 6
544 2941 804 3008 Ζακχαῖος
855 2941 880 2991 ό
909 2937 1140 3006 τελώνης
1187 2938 1582 3006 ὑποδεξάμενος
1613 2940 1748 3006 Χρι-

1855 1847 1908 1900 ld
1951 1859 2050 1910 cst,
2083 1849 2147 1899 de
2178 1848 2799 1914 resurrectione,quare?
2823 1847 2957 1910 Quia
2989 1849 3221 1899 nomium
3253 1859 3397 1900 recte

1851 1938 2091 1990 sciebant
2141 1951 2258 2002 qua:
2309 1936 2373 1987 de
2401 1935 2506 2000 [illo
2542 1950 2570 1986 a
2613 1937 2886 2001 prophetis
2933 1934 3268 1997 dicebantur,
3307 1945 3391 1987 ut-

1851 2033 1974 2092 pote
2015 2024 2326 2089 piscatores.

1921 2110 2080 2164 Vens.
2114 2112 2198 2162 '55.
2233 2111 2412 2164 Caecus
2445 2113 2668 2164 audiens
2695 2111 3016 2178 Seripturas,
3043 2111 3190 2161 illum
3220 2121 3270 2161 ut
3305 2110 3390 2161 Fi-

1849 2197 1976 2249 lium
1999 2196 2160 2248 David
2186 2206 2236 2249 et
2260 2196 2425 2248 Deum
2444 2197 2646 2261 habuit,
2669 2208 2720 2250 et
2748 2200 2978 2250 clamare
3009 2213 3109 2249 non
3135 2201 3386 2250 cessavit.

1849 2283 1999 2338 Unde
2019 2284 2184 2349 audit,
2212 2284 2368 2339 Fides
2391 2299 2482 2338 tua
2512 2299 2556 2340 te
2578 2281 2774 2339 salvum
2797 2290 2935 2354 fecit.
2977 2289 3113 2338 Sinit
3147 2303 3265 2337 eum
3290 2304 3387 2338 nu-

1849 2386 1953 2428 tem
1992 2377 2136 2444 loqui
2161 2385 2214 2429 et
2239 2378 2490 2440 clamare,
2524 2390 2578 2432 ut
2607 2380 2849 2432 ostendat
2891 2380 3242 2446 praesentibus
3270 2379 3391 2444 ejus

1849 2467 2028 2518 tidem.

1919 2554 2079 2608 Vens.
2101 2553 2186 2606 4‘2.
2210 2553 2322 2605 Lux
2355 2553 2488 2606 facta
2512 2563 2592 2606 est
2623 2570 2719 2605 vox
2745 2571 2840 2608 sua
2867 2570 3028 2619 caeco,
3048 2571 3076 2608 e
3100 2556 3217 2608 luce
3243 2556 3388 2607 enim

1848 2655 1962 2698 erat
1989 2646 2228 2697 veritatis
2257 2661 2453 2698 sermo.
2490 2646 2589 2698 Iste
2617 2655 2836 2698 sanatus
2878 2649 3202 2714 sequebatur
3234 2660 3382 2698 cum.

2423 2823 2650 2877 CAPUT
2685 2823 2824 2874 XIX.

1922 2931 2080 2984 Vsus.
2115 2932 2166 2983 8.
2203 2931 2312 2984 Cur
2347 2930 2604 2982 Zaehzeus
2635 2930 2954 2997 publicanus
2989 2927 3077 2994 qui
3113 2927 3383 2980 Clu-istum

211 3032 347 3089 στὸν,
391 3032 500 3089 τοῖς
542 3027 884 3095 ἠδικημένοις
915 3027 1244 3096 τετραπλοῦν
1281 3027 1556 3091 ἁπέδωκε;
1593 3027 1744 3078 Κατὰ
1771 3027 1813 3087 C

1743 3027 1813 3087 ;C
1848 3020 2072 3087 excepit,
2125 3019 2207 3069 his
2252 3032 2388 3084 quos
2425 3016 2759 3069 defraudavit
2802 3015 3155 3081 quadruplum
3179 3012 3377 3063 reddit?

208 3118 292 3169 τὸν
322 3121 483 3186 νόμον
514 3119 668 3169 τοῦτο
695 3117 982 3186 πεποίηκε,
1026 3119 1116 3168 τὸν
1144 3115 1426 3167 κελεύοντα
1473 3117 1589 3167 ἀντὶ
1632 3114 1746 3176 ἐνὸς

209 3212 439 3277 τέσσαρα
510 3206 752 3274 πρόϐατα
795 3206 1150 3258 ἀποτιννύειν.
1220 3207 1278 3256 'U
1339 3206 1434 3270 μὲν
1485 3207 1746 3272 Ζακχαῖος

209 3298 414 3362 ἀγνοῶν
450 3296 477 3347 ὃ
508 3294 698 3355 ἐποίει,
739 3296 922 3362 θερμῷ
969 3295 1112 3362 ζήλῳ
1165 3293 1458 3361 φερόμενος
1496 3294 1587 3345 καὶ
1621 3294 1746 3360 θείῳ

211 3388 368 3455 ἔρωτι
417 3386 758 3453 φλεγόμενος,
793 3387 883 3436 ἐπὶ
934 3389 1236 3452 συκομορέα
1291 3386 1606 3452 ἀνέτρεχεν”
1639 3387 1664 3435 6
1692 3383 1745 3434 δέ

211 3492 268 3539 γε
307 3475 509 3542 Κύριος
541 3475 796 3542 μυστικόν
830 3493 878 3525 τι
914 3475 1212 3542 θεωρήσας,
1251 3474 1400 3538 ἔλεγε
1423 3490 1434 3502 ·
1470 3473 1747 3539 Κατάϐηθι

213 3563 475 3623 ἐντεῦθεν,
514 3563 778 3627 κατάϐηθι
809 3563 913 3611 ἀπὸ
941 3563 1035 3625 τῆς
1094 3562 1424 3627 συκομορέας
1445 3577 1457 3589 ·
1487 3563 1747 3628 μνήσθητι

212 3647 286 3696 ὅτι
307 3649 333 3697 ό
367 3645 534 3710 Ἀδὰμ
553 3645 877 3711 γυμνωθεὶς,
905 3645 1005 3693 ύπὸ
1021 3646 1115 3710 τὴν
1145 3646 1309 3709 συκῆν
1332 3646 1624 3711 ἐκρύπτετο
1644 3662 1655 3674 ·
1684 3649 1745 3694 σὺ

214 3734 375 3784 Θέλων
411 3732 666 3798 σωθῆναι,
715 3734 804 3782 ἐπὶ
858 3733 1023 3797 συκῆν
1071 3734 1142 3798 μὴ
1199 3732 1494 3797 ἁνάτρεχε·
1552 3733 1631 3783 δεῖ
1681 3750 1746 3797 με

213 3822 361 3872 τοῦτο
415 3821 476 3872 τδ
524 3823 819 3889 συκόμορον
867 3820 1109 3886 ξηρᾶναι,
1177 3820 1267 3871 καὶ
1312 3820 1436 3872 ἄλλο
1488 3822 1747 3885 φυτεῦσαι

214 3912 622 3977 σταυρόχριστον
649 3909 880 3977 δένδρον.

287 3998 342 4047 '0
386 3998 581 4058 σκοπὸς
609 3999 706 4065 τῆς
735 3999 1009 4066 παρούσης
1053 4002 1382 4068 παραϐολῆς,
1426 4004 1551 4070 ὃλην
1602 4021 1744 4071 παρ-

218 4090 439 4155 ιστᾷτῆς
467 4088 698 4157 Χριστοῦ
727 4091 1030 4158 οἰκονομίας
1053 4091 1146 4159 τὴν
1172 4092 1416 4159 δύναμιν.
1439 4095 1749 4163 Ἀνθρωπος

214 4181 312 4244 γὰρ
341 4179 415 4230 ὢν
460 4180 623 4245 ἀνέϐη
678 4179 862 4231 λαϐεῖν
921 4181 1092 4249 ἑαυτῴ
1153 4183 1456 4249 βασιλείαν·
1514 4185 1748 4250 δηλονότι

215 4269 678 4336 ἐνανθρωπήσαντι
725 4271 797 4337 τῷ
827 4271 937 4338 Υίῴ
966 4275 991 4323 6
1026 4274 1207 4341 Πατὴρ
1250 4275 1399 4343 καὶὴ
1433 4275 1524 4325 τοῦ
1576 4277 1746 4342 Λόγου

217 4359 502 4418 ὑπόστασις
541 4358 735 4409 δέδωκε
788 4360 862 4426 τῷ
910 4360 1291 4428 προσλήμματι
1332 4365 1426 4430 τὴν
1457 4363 1745 4429 βασιλείαν.

217 4449 271 4496 Οἱ
294 4449 346 4498 δὲ
381 4446 660 4513 μισοῦντες
686 4449 844 4498 αὑτὸν
874 4450 922 4499 οἱ
952 4450 1180 4512 πολῖται,
1207 4452 1353 4500 αὐτοί
1378 4454 1512 4502 εἰσιν
1543 4455 1589 4503 oi
1627 4455 1752 4503 Ἰου-

216 4533 365 4583 δαῖοι.
421 4533 608 4592 Ποίους
641 4533 695 4582 δὲ
745 4535 964 4595 δούλους
996 4536 1223 4596 καλέσας
1267 4537 1473 4597 τούτοις
1519 4540 1748 4605 διένειμε

217 4622 305 4681 τὰς
337 4624 670 4688 δὲκα,μνᾶς;
694 4624 828 4684 Τοὺς
861 4625 1092 4685 τελείους
1137 4626 1230 4691 τὴν
1259 4626 1530 4688 Ξξιν,τοὺς
1587 4646 1752 4694 μυστ-

217 4713 442 4777 αγωγεῖν
499 4711 715 4777 ἐτέρους
771 4713 1000 4772 εἰδότας·
1040 4715 1467 4781 ὑποστρέψαντος
1527 4719 1659 4781 μετὰ
1693 4720 1751 4769 τὸ

218 4799 394 4851 λαϐεῖν
421 4800 518 4868 τὴν
565 4802 839 4866 βασιλείαν
883 4804 974 4853 τοῦ
1014 4804 1294 4870 ἀνθρώπου
1344 4805 1436 4854 τοῦ
1471 4807 1749 4870 εὐγενοῦς,

220 4888 460 4955 εὐγενοῦς
488 4889 574 4940 διὰ
599 4890 692 4958 τὴν
724 4890 948 4957 θεότητα
979 4892 1144 4952 ὄντος,
1178 4894 1567 4960 ὲντρυφήσουσι
1597 4896 1752 4945 δεκα-

222 4981 602 5040 πλασιάσαντες
651 4983 740 5032 καὶ
784 4981 1363 5042 πενταπλασιάσαντες.
1424 4985 1632 5036 Ἐπάνω
1662 4983 1750 5037 οὖν

222 5071 337 5122 δέκα
368 5071 569 5122 πόλεων
596 5071 626 5137 ἢ
656 5073 810 5122 πέντε
841 5075 1183 5137 γενήσονται·
1215 5074 1469 5133 τουτέστι,
1497 5075 1750 5141 δοξασθή-

227 5178 396 5213 σονται
444 5160 698 5220 πλειόνως
740 5161 771 5226 ἢ
820 5160 1103 5229 πρότερον·
1143 5162 1326 5226 ἀτιμία
1363 5163 1416 5211 δὲ
1446 5163 1592 5213 ἔσται
1645 5168 1751 5224 τοῖς

225 5251 351 5320 ὄκνῳ
383 5247 662 5316 νικηθεῖσι.
701 5248 789 5314 Τῷ
825 5249 879 5300 δὲ
915 5249 1176 5317 κρύψαντι
1208 5249 1266 5299 τὸ
1297 5250 1564 5314 τάλαντον,
1603 5270 1751 5302 τουτ-

227 5340 328 5391 έστι
351 5344 451 5406 τὴν
477 5341 632 5405 χάριν
676 5339 737 5404 ἢν
767 5340 990 5398 ’ἕκαστος
1021 5339 1196 5400 ἔλαϐε,
1240 5338 1411 5403 λέγει’
1442 5341 1536 5390 Διὰ
1565 5341 1617 5391 τί
1644 5345 1750 5402 τοῖς

227 5427 589 5496 τραπεζίταις
638 5423 914 5483 τουτέστι,
965 5423 1061 5474 Διὰ
1109 5424 1159 5474 τί
1201 5424 1272 5492 μὴ
1320 5425 1627 5491 προύθηκας
1675 5429 1751 5486 είς

228 5517 511 5582 ἀπόλαυσιν
551 5516 658 5576 τοῖς
703 5510 760 5565 εῦ
799 5513 955 5564 εἰδόσι
998 5513 1303 5579 δοκιμάζειν
1344 5513 1406 5563 τὰ
1440 5512 1585 5577 παρὰ
1625 5514 1747 5576 σοῦ;

243 5604 371 5673 Ἐγὼ
404 5608 508 5676 γὰρ
534 5602 718 5664 ἐλθὼν,
746 5600 950 5670 ἔπραξα
985 5601 1066 5664 ἂν,
1107 5600 1260 5651 τοῦτό
1294 5599 1746 5666 ἑστιν,“Απῄτησα

1776 4317 1827 4374 D

1852 3109 2153 3162 Secundum
2186 3107 2350 3175 legem
2385 3107 2483 3157 hoc
2525 3105 2649 3157 fecit
2688 3103 3080 3170 praecipientem
3134 3114 3227 3167 pro
3273 3114 3377 3150 una

1848 3206 2078 3268 quatuor
2112 3211 2238 3249 oves
2297 3197 2520 3248 solvere.
2570 3194 2823 3245 Zachzcus
2863 3190 3076 3259 quidem
3143 3189 3384 3240 nesciens

1848 3291 1985 3355 quod
2028 3288 2234 3354 agebat,
2269 3286 2475 3338 ardenti
2525 3285 2637 3337 zelo
2687 3292 2861 3334 motus
2890 3291 2939 3333 et
2980 3280 3160 3330 divino
3203 3293 3383 3328 amore

1849 3382 2097 3447 llagrans,
2127 3379 2177 3428 in
2214 3391 2547 3444 sycomorum
2597 3372 2857 3424 ascendit.
2909 3369 3164 3421 Dominus
3207 3377 3381 3416 autem

1850 3471 2222 3536 mysteriosum
2247 3465 2371 3531 quid
2395 3453 2618 3514 cernens
2639 3462 2789 3514 dixit.
2823 3458 3091 3510 Descende
3117 3457 3258 3516 inde,
3296 3456 3384 3503 de—

1852 3559 2046 3610 scende
2079 3573 2107 3606 a
2127 3569 2443 3619 sycomoro;
2473 3560 2738 3602 memento
2763 3550 2925 3599 Adam
2961 3549 3241 3603 nudatum,
3287 3544 3386 3595 sub

1852 3648 1951 3696 licu
1986 3661 2042 3695 se
2073 3644 2453 3696 abscondisse:
2487 3653 2538 3691 tu
2562 3641 2745 3689 volens
2771 3638 2986 3697 salvari,
3014 3637 3062 3685 in
3098 3636 3249 3684 ﬁcum
3283 3647 3384 3681 non

1850 3734 2076 3783 ascende
2106 3747 2117 3780 :
2142 3739 2349 3794 oportet
2393 3743 2474 3777 me
2517 3729 2648 3776 hanc
2683 3740 3021 3791 sycomorum
3068 3723 3269 3772 siccare
3293 3761 3305 3780 ,
3333 3732 3382 3770 et

1850 3821 2007 3870 aliam
2041 3818 2279 3883 plantare
2308 3813 2502 3864 Christi
2540 3813 2777 3863 cruciﬁxi
2813 3812 3078 3861 arborem.

1924 3997 2081 4049 Vens.
2119 3994 2199 4045 l2.
2237 3991 2571 4058 Propositum
2625 3988 2900 4056 praesentis
2943 3985 3227 4053 parabolw,
3265 3984 3384 4034 uni-

1850 4100 2058 4140 versam
2121 4082 2349 4135 instituti
2399 4079 2596 4132 Christi
2653 4078 2900 4127 virtutem
2945 4074 3177 4126 exhibet.
3218 4071 3384 4122 llomo

1852 4178 1992 4231 enim
2040 4190 2162 4228 cum
2209 4181 2372 4233 esset,
2413 4167 2652 4221 ascendit
2694 4167 2934 4231 accipere
2973 4163 3070 4214 sibi
3119 4175 3380 4228 regnum;

1853 4266 2129 4319 evidenter
2153 4261 2355 4315 homini
2378 4259 2516 4311 laeto
2540 4257 2675 4309 Filio
2706 4255 2861 4307 Pater
2894 4262 2944 4304 et
2973 4250 3127 4303 Verbi
3157 4264 3379 4316 persona

1853 4357 1995 4411 dedit
2012 4362 2307 4421 assumpta:
2329 4348 2646 4403 humanitati
2672 4343 3076 4412 regnum.CiveS
3097 4350 3267 4393 autem
3292 4338 3380 4405 qui

1852 4462 1973 4499 eum
2005 4446 2248 4504 oderant,
2271 4440 2436 4492 Judaai
2468 4446 2609 4491 sunt.
2633 4436 2778 4499 Quos
2805 4448 2930 4484 vero
2960 4446 3139 4483 servos
3167 4444 3382 4487 vocans,

1853 4535 2033 4587 divisit
2062 4533 2140 4585 eis
2172 4531 2350 4582 decem
2389 4527 2583 4578 mnas?
2632 4524 2902 4575 Perfectos
2937 4522 3197 4579 moribus,
3252 4519 3386 4569 alios

1857 4624 2068 4675 initiare
2101 4620 2347 4672 scientes.
2397 4614 2641 4666 Reverso
2693 4619 2813 4677 post
2845 4619 3118 4674 acceptum
3169 4622 3385 4672 regnum

1855 4713 2066 4763 homine
2099 4708 2284 4766 nobili,
2317 4705 2478 4756 nobili
2511 4701 2726 4771 quidem
2757 4702 2822 4748 ob
2847 4698 3201 4758 divinitatem,
3237 4699 3384 4748 laeta-

1855 4806 2052 4856 buntur
2081 4799 2169 4866 qui
2199 4797 2480 4862 deeuplum
2509 4793 2761 4848 fecerant,
2787 4799 2837 4838 et
2868 4788 2958 4852 qui
3002 4783 3383 4852 quirniiplurn;

1854 4909 1975 4944 nam
2000 4904 2155 4954 super
2181 4888 2358 4938 decem
2382 4883 2721 4950 autquinque
2743 4878 2985 4928 civitates
3022 4878 3176 4925 ﬁent:
3205 4877 3255 4924 id
3282 4885 3383 4932 est,

1855 4980 2304 5034 Glorilicabuntur
2338 4976 2501 5041 magis
2534 4987 2689 5039 quam
2725 4980 2894 5020 antea.
2943 4967 3177 5016 Dedecus
3208 4972 3380 5014 autem

1853 5070 1954 5121 erit
2002 5069 2083 5120 his
2114 5067 2199 5133 qui
2233 5065 2444 5132 pigritia
2479 5059 2706 5127 superati
2737 5066 2880 5108 sunt.
2919 5053 2974 5103 Ei
3011 5052 3099 5119 qui
3129 5052 3381 5101 talentum

1854 5160 2151 5218 abscondit,
2183 5157 2232 5206 id
2265 5163 2345 5206 est
2368 5152 2588 5220 gratiam
2621 5162 2776 5213 quam
2805 5143 3029 5210 quisque
3051 5139 3270 5204 recepit,
3306 5137 3383 5188 di-

1853 5253 1923 5303 cit
1954 5268 1966 5301 :
1998 5249 2172 5311 Quare
2215 5260 2318 5296 non
2351 5241 2539 5293 dedisti
2573 5235 2866 5293 tabulariis,
2904 5230 2953 5282 id
2989 5238 3089 5289 est,
3121 5227 3227 5278 Cur
3278 5240 3378 5277 non

1852 5334 2170 5404 proposuisti
2209 5334 2259 5382 in
2295 5344 2505 5382 usuram
2553 5326 2634 5376 bis
2685 5322 2775 5388 qui
2800 5322 2931 5370 bene
2971 5324 3228 5367 noverant
3257 5329 3380 5380 pro-

1855 5425 1979 5475 bare
2005 5435 2122 5487 quae
2145 5427 2295 5472 erant
2327 5417 2465 5484 apud
2509 5415 2587 5465 te?
2623 5415 2727 5477 Ego
2753 5407 2892 5460 enim
2921 5407 3135 5456 veniens
3167 5404 3374 5471 exegis-

1856 5527 1987 5572 sem,
2004 5511 2051 5560 iil
2071 5518 2171 5570 est,
2192 5508 2531 5574 Rogavissem
2548 5514 2667 5554 cum
2692 5511 2851 5550 usura
2883 5495 3020 5561 quod
3043 5509 3218 5546 meum
3243 5505 3378 5544 erat.

1855 5602 1918 5652 lit
1948 5599 2018 5651 illi
2040 5596 2249 5665 quidem
2274 5598 2408 5647 bona
2436 5594 2771 5656 receperunt;
2795 5585 2845 5636 hi
2882 5592 3055 5637 autem
3077 5583 3164 5651 qui
3202 5582 3378 5634 nolue-
