4138 6342
400 286 536 353 ιξιπ

1434 284 1765 345 SCHOLIA
1798 282 2087 343 VETERA
2134 282 2209 341 lN
2242 283 2609 343 JOANNEM.

3474 288 3603 351 1218

402 398 538 463 πῶς,
565 398 811 451 ἄκουσον.
842 398 1070 466 Λέγουσι
1098 397 1223 467 γὰρ,
1266 398 1349 449 ὅτι.
1407 398 1599 466 Ἡμεῖς
1650 387 1948 465 ἠλπίζομεν
1976 398 2023 454 Α
2048 391 2177 456 Quoi

2064 391 2352 456 Quomodo,
2399 393 2545 446 audi.
2603 393 2798 447 Dicunt
2860 395 3001 449 enim
3031 413 3045 449 :
3080 395 3188 450 Nos
3260 400 3605 464 sperabamus

394 490 481 542 ὃτι
533 488 695 550 αὑτός
760 490 896 540 ἐστι’
963 490 1055 540 καὶ
1114 489 1219 540 τῶν
1274 488 1548 553 γυναικῶν
1603 489 1660 539 δὲ
1693 490 1743 540 οἱ
1805 489 1950 555 λόγοι

394 579 534 631 ὡσεὶ
563 578 722 648 λῆρος
784 579 1079 648 ἐφάνησαν,
1143 578 1235 629 καὶ
1258 578 1389 631 ἄλλα
1427 578 1674 646 λέγουσιν
1725 580 1951 639 τοιαῦτα

403 669 593 724 πολλὰ.

476 761 574 812 Διά
622 760 675 812 τί
704 762 841 830 μετὰ
858 764 955 833 τὴν
972 763 1261 815 ἀνάστασιν
1287 761 1485 829 ὁμιλῶν
1520 761 1697 823 αὐτοῖς
1718 761 1950 827 ἄφαντος

405 852 619 918 ἐγένετο
643 852 735 903 ἀπ’
777 853 989 917 αὐτῶνς
1036 852 1146 904 Ἰνα
1173 852 1250 913 είς
1297 851 1513 903 πλείονα
1563 851 1722 903 πόθον
1755 852 1950 912 αὐτοὺς

404 941 786 1009 ἑφελκύσηται,
818 943 989 1004 ἄλλως
1021 958 1076 993 τε
1124 942 1177 993 δὲ
1211 942 1303 993 καὶ
1330 942 1429 994 οὐκ
1456 937 1588 1010 εἶχε,
1636 942 1817 1009 φησὶν,
1871 940 1949 993 ἔτι

403 1026 464 1079 τδ
497 1028 656 1097 σῶμα
682 1030 741 1081 τὸ
769 1030 907 1080 θεῖον
935 1031 1105 1080 ἐκεῖνο
1132 1028 1299 1089 οὕτως
1341 1028 1416 1090 ὼς
1462 1028 1720 1097 πρότερον
1774 1030 1951 1082 συνδι-

404 1118 559 1185 ἀγειν
591 1120 707 1187 μετ’
730 1119 905 1171 αὐτῶν
938 1119 1021 1171 ἀεί
1042 1136 1053 1148 ·
1086 1118 1402 1187 λεπτότερον
1441 1119 1548 1189 γὰρ
1576 1116 1642 1189 ἧν
1666 1121 1951 1191 καζθεοει-

405 1205 675 1276 δέστερον.

472 1296 594 1348 Ὀτι
622 1298 718 1349 οὐκ
745 1298 879 1366 αὐτῇ
907 1301 972 1368 τῇ
990 1298 1106 1369 ὥρᾳ
1124 1293 1279 1369 εὗρον
1294 1302 1417 1363 τοὺς
1438 1301 1641 1355 δώδεκα
1661 1304 1751 1355 καὶ
1769 1304 1947 1371 ἀπήγ-

405 1386 589 1452 γειλαν
616 1387 683 1439 τά
710 1389 849 1440 κατὰ
882 1390 973 1441 τὸν
1004 1389 1203 1457 Κύριον
1243 1392 1333 1443 καὶ
1362 1392 1458 1459 τὴν
1488 1394 1623 1457 ὁδὸν,
1654 1394 1787 1446 ἀλλὰ
1814 1394 1951 1462 μετά

404 1493 553 1537 τινας
583 1477 729 1545 ὥρας
762 1479 891 1540 ὅσας
907 1480 1052 1542 εἰκὸς
1076 1476 1143 1549 ἦν
1159 1482 1339 1542 αὐτοῖς
1364 1483 1653 1551 ποιῆσαιτὸ
1682 1484 1949 1552 διάστημα

404 1565 511 1618 τῶν
551 1568 806 1637 ἑξήκοντα
840 1570 1064 1622 σταδίων
1104 1571 1442 1638 βαδίζοντας·
1478 1575 1534 1625 ἐν
1561 1568 1644 1635 αἷς
1674 1574 1759 1625 διὰ
1782 1576 1949 1643 μέσου

404 1657 499 1708 καὶ
532 1660 560 1710 6
614 1660 889 1726 Δεσπότης
940 1660 1092 1730 ὤφθη
1149 1662 1225 1730 τῷ
1269 1663 1487 1729 Σίμωνι.
1542 1665 1795 1716 Κάκεῖνοι
1855 1666 1951 1733 μὲν

2058 484 2179 550 quia
2219 485 2328 550 ipse
2356 492 2469 548 est;
2499 494 2551 537 et
2580 486 2863 538 mulierum
2914 502 3192 541 sermones
3240 490 3393 555 quasi
3438 507 3604 557 nugas

2059 572 2350 636 mstimant,
2383 582 2434 625 et
2466 574 2570 626 alia
2598 574 2779 627 dicunt
2804 576 2965 628 multa
3001 576 3219 630 similia.

2130 749 2289 805 Vens.
2318 751 2405 803 3t.
2435 754 2541 806 Cur
2580 764 2697 822 post
2729 756 3170 807 resurrectionem
3198 756 3323 809 dtttn
3354 758 3608 810 confabu-

2058 841 2257 894 laretur
2302 856 2423 895 cum
2455 845 2553 904 eis.
2604 847 2822 897 evanuit
2881 846 2947 897 ab
2974 846 3144 896 oculis
3176 846 3409 899 eorum?
3444 845 3511 900 Ut
3538 848 3604 898 ad

2058 930 2235 998 majus
2290 931 2614 986 desiderium
2670 936 2790 988 illos
2837 937 3144 997 adduceret,
3220 937 3371 987 aliter
3428 943 3603 987 autem

2057 1045 2163 1081 non
2231 1026 2409 1088 habet.
2462 1028 2613 1089 dicit,
2674 1044 2869 1095 corpus
2934 1028 3068 1080 istud
3122 1028 3361 1079 divinum
3431 1029 3605 1080 adhuc

2057 1124 2334 1177 vobiscum
2373 1131 2429 1174 ut
2484 1128 2639 1173 antea
2697 1134 2910 1188 semper
2965 1119 3295 1182 conversari;
3355 1119 3603 1170 subtilius

2056 1216 2197 1268 enim
2239 1213 2472 1265 divinius
2504 1212 2701 1264 factum
2729 1222 2828 1264 est.

2131 1305 2288 1356 Vens.
2322 1304 2408 1355 55.
2446 1301 2560 1353 Non
2614 1302 2665 1353 in
2734 1300 2846 1367 ipsa
2878 1301 3007 1353 liora
3039 1301 3358 1352 invenerunt
3406 1297 3607 1348 duode-

2056 1395 2159 1446 cim
2192 1403 2243 1445 ct
2302 1399 2654 1444 narravernut
2682 1390 2749 1442 de
2789 1390 3014 1442 Domino
3042 1398 3094 1441 et
3136 1389 3201 1440 de
3258 1389 3469 1448 itinere,
3512 1387 3602 1437 sed

2058 1493 2177 1551 post
2205 1484 2406 1549 aliquot
2436 1482 2623 1543 horas,
2648 1488 2909 1546 quantum
2960 1492 3178 1530 necesse
3208 1477 3305 1527 fuit
3334 1484 3390 1527 ut
3430 1474 3604 1527 eumlo

2058 1582 2434 1643 percurrerent
2514 1573 2791 1638 sexaginta
2864 1570 3161 1623 stadiorum
3216 1572 3334 1619 iter.
3402 1568 3609 1618 Interta

2061 1667 2319 1721 Dominus
2350 1664 2595 1733 apparuit
2626 1678 2837 1730 quoque
2890 1660 3119 1721 Simoni,
3150 1668 3202 1710 et
3244 1658 3331 1709 alii
3362 1658 3611 1709 dicebant

404 1746 587 1812 ελεγον
613 1752 722 1810 τοῖς
763 1751 881 1801 δυσὶ
934 1753 1013 1804 ὅτι
1074 1751 1239 1811 ὅντως
1286 1751 1489 1821 ἠγέρθη
1524 1755 1552 1804 6
1608 1752 1807 1822 Κύριος
1858 1756 1953 1806 καὶ
1986 1736 2026 1787 Β
2057 1757 2177 1809 hist

2064 1757 2139 1809 bis
2166 1756 2377 1808 duobus
2405 1756 2530 1821 quia
2558 1768 2685 1806 vere
2718 1753 2962 1805 surrexit
2997 1749 3257 1800 Dominus
3287 1757 3338 1801 et
3368 1751 3611 1814 apparuit
3680 1748 3683 1753 ’

400 1832 555 1901 ὤφθη
589 1834 665 1903 τῷ
689 1836 909 1904 Σίμωνι·
942 1839 1095 1889 αὐτοὶ
1127 1838 1181 1891 δὲ
1222 1839 1510 1907 ἐξηγοῦντο
1540 1840 1608 1892 τὰ
1635 1844 1690 1892 ἐν
1713 1844 1776 1911 τῇ
1826 1843 1948 1909 ὁδῷ,

404 1925 497 1975 καὶ
544 1925 618 1987 ὡς
666 1926 914 1995 ἐγνώσθη
973 1929 1151 1991 αὐτοῖς
1173 1929 1230 1980 ἐν
1283 1932 1348 1997 τῇ
1391 1930 1577 1983 κλάσει
1618 1930 1708 1981 τοῦ
1764 1933 1947 1999 ἄρτου.

410 2016 597 2068 Ταῦτα
621 2016 705 2079 δὲ,
737 2019 887 2086 φησὶ,
906 2020 1254 2073 λαλούντων
1272 2014 1488 2083 αὐτῶν,
1513 2022 1690 2084 αὐτὸς
1714 2021 1859 2085 ἔστη
1885 2022 1953 2072 ἐν

397 2103 565 2172 μέσῳ
592 2106 809 2172 αὐτῶν,
832 2110 1027 2160 οὐκέτι
1053 2109 1464 2176 κρατουμένων
1486 2109 1602 2161 τῶν
1636 2108 1952 2178 ὀφθαλμῶν

403 2193 617 2247 αὐτῶν.

470 2278 589 2328 Ὀτι
616 2276 696 2341 τὸ,
730 2280 1084 2345 Εὐλογιήσας
1118 2282 1337 2347 αὐτοὺς
1373 2283 1689 2351 ἀνεφέρετο
1718 2290 1803 2350 εις
1848 2290 1953 2337 τὸν

403 2367 682 2431 οὐρανὸν,
754 2370 889 2435 μετὰ
932 2372 1333 2441 τεσσαράκοντα
1391 2374 1603 2443 ἡμέρας
1657 2377 1759 2444 χρὴ
1814 2379 1951 2427 νοεῖν

406 2456 714 2523 γεγονέναι.

2059 1846 2303 1909 Simoni;
2341 1844 2425 1897 isti
2472 1858 2650 1895 autem
2691 1843 2981 1894 narrabant
3037 1856 3155 1907 qua:
3195 1848 3339 1906 gesta
3381 1847 3529 1888 erant
3561 1838 3609 1887 in

2052 1934 2158 1995 via,
2214 1942 2266 1985 et
2322 1933 2594 1999 quomodo
2638 1938 3002 1999 cognoverunt
3037 1943 3158 1981 eum
3225 1927 3276 1978 in
3342 1926 3605 1979 fractione

2055 2024 2227 2091 panis.
2284 2022 2418 2071 Dum
2485 2031 2657 2071 autent
2703 2021 3007 2086 loquuntur,
3077 2017 3205 2068 dicit
3260 2017 3603 2083 evangelista,

2055 2114 2157 2177 ipse
2192 2114 2332 2163 stetit
2392 2113 2442 2161 in
2475 2110 2638 2161 medio
2682 2125 2878 2171 eorum,
2944 2124 3043 2158 non
3102 2107 3261 2159 oculis
3296 2107 3401 2158 suis
3440 2106 3604 2173 ﬁden-

2056 2202 2206 2253 tium.

2124 2288 2284 2343 Vens.
2319 2290 2405 2340 51.
2444 2288 2751 2340 Bcnedicens
2778 2288 2850 2339 eis
2880 2288 3145 2354 ferebatur
3180 2287 3231 2336 in
3265 2286 3465 2345 calum,
3490 2293 3607 2351 post

2051 2379 2403 2448 quadraginta
2449 2380 2562 2432 dies
2639 2380 2833 2431 factum
2879 2392 2999 2431 esse
3048 2375 3447 2444 intelligendum
3505 2388 3607 2427 est.

406 2645 3589 2676 mw

1572 2815 1864 2897 KATA
1940 2815 2474 2905 ΙΩΑΝΝΗΝ.

1306 3159 1807 3250 SCHOLIA
1885 3165 2005 3251 ΙΝ
2080 3162 2682 3254 JOANNEM.

1197 3352 1281 3410 Ex
1338 3348 1569 3412 iisdem
1627 3352 2017 3412 membranis
2073 3352 2476 3417 bibliothecae
2516 3356 2855 3417 Vaticana}.

843 3666 1229 3720 ΚΕΦΑΛΔΙΟΝ
1288 3668 1576 3719 ΠΡΩΤΟΝ.

468 3793 580 3847 Διὰ
594 3792 646 3846 τί
665 3792 771 3844 ἀπὸ
791 3790 1064 3856 θεολογίας
1084 3790 1281 3858 ἤρξατο
1305 3806 1319 3852 ;
1341 3790 1453 3842 Ἵνα
1478 3791 1549 3858 μὴ
1658 3791 1765 3841 τῶν
1788 3791 1961 3842 ἄλλων

414 3881 813 3950 εὐαγγελιστῶν
881 3881 1020 3932 κατὰ
1085 3881 1257 3948 σάρκα
1311 3882 1557 3946 γεννήσει
1632 3878 1957 3941 ἀκολουθῶν,

416 3975 677 4043 νομίσωσι
698 3975 788 4025 τὸν
816 3951 1047 4039 Χριστὸν
1079 3971 1125 4022 οί
1166 3970 1436 4037 ἄνθρωποι
1474 3969 1622 4038 ψιλὸν
1657 3971 1957 4039 ἄνθρωπον·

416 4067 531 4119 ἀλλ’
562 4065 652 4118 οὖν
676 4064 796 4115 οὐδὲ
828 4055 978 4123 οὗτος
1010 4062 1107 4129 τῆς
1137 4062 1442 4129 οἰκονομίας
1486 4060 1755 4128 ἠμέλησεν
1801 4078 1813 4090 ’
1850 4061 1961 4113 ἀλλ’

417 4157 537 4210 οὐδὶ
575 4155 864 4209 ὲκεῖνοιτὰ
919 4153 1060 4205 κατὰ
1111 4154 1286 4221 σάρκα
1346 4151 1611 4218 λέγοντες,
1662 4150 1757 4219 τῆς
1816 4151 1964 4215 θείας

417 4248 721 4316 γεννήσεως
760 4245 1056 4314 ἠμέλησαν.
1088 4243 1183 4297 Διὰ
1214 4244 1263 4295 τί
1286 4240 1455 4307 εἶπεν,
1506 4244 1605 4297 Ἐν
1643 4242 1835 4310 ἀρχῇ;
1870 4245 1965 4296 Διὰ

417 4340 481 4390 τὸ
515 4338 637 4399 τοὺς
666 4336 981 4404 ἀνθρώπους
1009 4337 1069 4387 τὸ
1099 4334 1460 4405 πρεσϐύτερον
1492 4328 1675 4403 τιμᾷν,
1714 4336 1804 4386 καὶ
1827 4335 1966 4386 τίθε-

420 4429 541 4481 σθαι
569 4430 717 4483 Θεόν.
745 4430 841 4482 Διὰ
876 4428 947 4487 τί,
972 4428 1124 4495 ἀφεὶς
1150 4426 1237 4478 τὸν
1270 4426 1505 4494 Πατέρα,
1543 4427 1668 4494 περὶ
1708 4426 1798 4477 τοῦ
1838 4427 1963 4478 Υίοῦ

415 4521 752 4587 διαλέγεται;
783 4522 925 4572 Διότι
962 4522 1163 4581 ἐκεῖνος
1195 4520 1348 4586 δῆλος
1382 4516 1468 4587 ἦν,
1496 4520 1593 4571 κᾶν
1626 4520 1697 4588 μὴ
1728 4520 1801 4579 ὼς
1852 4521 1963 4571 Παε-

416 4611 543 4678 τὴρ,
575 4609 687 4660 ἀλλ’
728 4609 819 4660 οὖν
836 4610 910 4671 ὡς
952 4611 1079 4671 Θεός
1112 4627 1126 4639 ·
1155 4612 1181 4661 6
1212 4610 1265 4661 δὲ
1302 4610 1421 4671 Υἱὸς
1466 4610 1727 4675 ἠγνοεῖτο.
1761 4610 1833 4659 Τὸ
1884 4609 1963 4669 δὲ,

416 4696 559 4760 'Hr,
581 4699 731 4751 οὐδὲν
754 4699 937 4767 ἕτερον
967 4698 1133 4767 δηλοῖ,
1166 4701 1212 4750 εί
1248 4700 1320 4766 μὴ
1360 4697 1451 4750 τοῦ
1505 4694 1641 4747 εἶναι
1673 4697 1964 4763 δηλωτικὸν

426 4792 521 4845 καὶ
558 4790 800 4854 ἀπείρως
826 4786 980 4841 εἶναι.
1028 4790 1216 4856 Λόγον
1244 4789 1297 4839 δὲ
1346 4786 1505 4839 αὑτὸν
1550 4784 1723 4846 καλεῖ,
1754 4786 1837 4835 ἵνα
1890 4784 1963 4851 μὴ

418 4882 667 4951 παθητὴν
717 4881 814 4949 τὴν
865 4883 1114 4948 γέννησιν
1195 4879 1566 4944 ὑπολάϐωμεν,
1631 4878 1724 4925 καὶ
1766 4874 1849 4925 διὰ
1908 4874 1964 4923 τὸ

2550 3676 2772 3730 CAPUT
2814 3678 3101 3732 PRIMUM.

2135 3798 2296 3851 Vens.
2338 3800 2385 3853 1.
2413 3798 2523 3852 Cur
2546 3815 2577 3853 a
2636 3802 2895 3869 theologia
2931 3804 3151 3870 incepit?
3186 3804 3263 3857 Ne
3295 3806 3339 3859 si
3390 3808 3618 3862 aliorum

2063 3888 2513 3956 evangelistarum
2545 3890 2609 3941 de
2646 3893 2989 3958 generatione
3040 3895 3335 3946 secundum
3394 3911 3609 3949 carnem

2065 3979 2425 4033 narrationem
2449 3990 2663 4033 secutus
2693 3990 2855 4043 esset,
2888 3984 3116 4036 habeant
3144 3984 3417 4038 Christum
3439 3987 3614 4039 bomi-

2066 4085 2159 4122 nes
2186 4079 2239 4120 ut
2265 4085 2471 4122 merum
2508 4069 2802 4133 hominem;
2831 4072 2923 4123 sed
2957 4073 3115 4141 igitur
3152 4090 3329 4143 neque
3371 4074 3619 4129 Joannes

2067 4160 2484 4213 incarnationem
2543 4162 2795 4228 neglexit,
2839 4178 3013 4229 neque
3041 4164 3129 4215 alii
3174 4180 3291 4232 qua:
3336 4166 3400 4217 de
3458 4182 3619 4217 carne

2066 4259 2219 4302 erant
2265 4251 2504 4305 dicentes
2554 4250 2787 4305 divinam
2844 4254 2961 4319 ejus
2992 4257 3390 4322 generationem
3434 4272 3618 4323 parum

2067 4350 2409 4393 curaverunt.
2438 4340 2549 4394 Cur
2579 4342 2709 4395 dicit
2736 4358 2749 4393 :
2778 4343 2839 4393 In
2879 4345 3131 4410 principio
3164 4345 3184 4395 ?
3212 4344 3346 4407 Quia
3381 4346 3623 4400 homines

2066 4430 2207 4496 quod
2239 4445 2390 4485 vetus
2430 4434 2598 4500 magis
2650 4444 2732 4485 est
2759 4434 3023 4485 honorant
3055 4445 3105 4486 et
3145 4435 3308 4487 Deum
3358 4445 3619 4487 statuunt.

2066 4521 2176 4575 Cur
2240 4522 2446 4574 Patrem
2502 4523 2741 4583 mittens,
2800 4526 2865 4574 tle
2893 4524 3025 4575 Filio
3077 4526 3477 4587 dissei'it?t!nia
3538 4527 3623 4575 ille

2067 4612 2389 4664 noscebatur
2432 4612 2529 4663 etsi
2560 4628 2664 4663 non
2697 4623 2751 4663 ut
2804 4613 2975 4671 Pater,
3010 4615 3098 4663 sed
3148 4623 3321 4664 tamen
3370 4623 3427 4663 ut
3461 4614 3619 4664 Dens.

2065 4697 2237 4750 l‘ilius
2270 4707 2447 4749 autem
2494 4713 2597 4749 non
2652 4699 3094 4757 cognosci-batur.
3134 4697 3255 4751 Haec
3292 4716 3413 4764 vox,
3471 4700 3619 4759 Erat,

2067 4790 2199 4840 nihil
2236 4789 2381 4840 aliud
2410 4789 2648 4840 ostendit
2694 4791 2795 4841 nisi
2837 4806 2953 4841 esse
2978 4793 3253 4842 evidenter
3308 4803 3359 4845 et
3394 4795 3615 4845 inlinite.

2074 4876 2294 4929 Verbum
2338 4890 2513 4931 autem
2548 4879 2696 4931 illum
2738 4890 2913 4943 vocat,
2951 4898 3016 4933 ne
3056 4884 3461 4946 generationem
3498 4901 3624 4951 pas-
3706 4944 3709 4951 ,

416 4974 744 5039 ἀπαγγεῖλαι
782 4972 849 5021 τὰ
881 4970 972 5021 τοῦ
1006 4971 1230 5037 Πατρός.
1263 4968 1361 5019 Διὰ
1391 4967 1624 5033 τίΛόγον
1651 4962 1797 5015 εἶπεν
1830 4964 1963 5030 μετὰ
1990 4973 2041 5030 D
2069 4972 2177 5024 sibi

2069 4972 2276 5024 sibilem
2318 4988 2706 5039 supponamus,
2741 4986 2793 5026 et
2818 4978 2941 5042 quia
2973 4992 3091 5043 qum
3119 4975 3292 5030 Patris
3334 4987 3452 5027 sunt
3486 4993 3622 5036 nun—

416 5069 515 5133 τῆς
538 5062 631 5114 τοῦ
688 5063 888 5131 ἄρθρου
962 5061 1309 5128 προσθήκηςς
1372 5058 1557 5117 Ὀπως
1606 5056 1712 5107 τῶν
1762 5054 1959 5105 λοιπῶν

416 5155 589 5219 λόγων
640 5153 846 5220 χωρίσῃ
871 5166 885 5179 ·
930 5150 1085 5217 οὐσίᾳ
1117 5150 1222 5217 γὰρ
1265 5147 1476 5215 ἀπαθὴς
1509 5139 1659 5207 οὗτος
1693 5147 1783 5198 καὶ
1814 5145 1963 5203 Θεός.

420 5247 545 5296 Ὀτι
569 5242 698 5295 Θεὸν
717 5242 809 5292 καὶ
837 5241 967 5293 Θεὸν
991 5238 1155 5290 εἰπὼν
1191 5238 1303 5304 (καὶ
1328 5238 1458 5307 γὰρ,
1481 5236 1640 5300 Θεὸς,
1678 5235 1856 5303 φησὶν,
1889 5228 1965 5301 ἦν

417 5341 454 5390 ό
504 5332 733 5402 Λόγος),
784 5332 883 5383 οὐκ
916 5331 1168 5399 ἐμφαίνει
1216 5346 1268 5381 τι
1311 5329 1471 5396 μέσον
1516 5328 1613 5396 τῆς
1672 5326 1917 5393 θεότητος
1949 5341 1962 5354 ·

418 5426 609 5496 ιπειδὴ
639 5426 734 5495 οὐχ
766 5419 926 5493 ἦττον
954 5421 1082 5483 Θεὸς
1109 5422 1136 5471 6
1162 5420 1309 5482 Υἱός.

500 5535 624 5586 Ὅτι
645 5532 733 5586 διὰ
784 5528 902 5591 τοῦ,
962 5528 1063 5583 Ἐν
1123 5523 1276 5593 ἀρκῇ
1330 5520 1423 5591 ἦν,
1469 5523 1528 5575 τὸ
1576 5522 1741 5573 ἀῖδιον
1799 5516 1959 5593 αρδτοῦ

2068 5061 2251 5113 tiabat.
2284 5063 2391 5113 (iur
2423 5064 2642 5115 verbum
2672 5075 2827 5118 vocat
2856 5083 2976 5118 cum
3009 5067 3344 5133 appositione
3376 5068 3625 5118 articuli?

2072 5149 2137 5204 Ut
2169 5168 2197 5203 a
2234 5153 2453 5220 reliquis
2514 5153 2703 5227 Verbis
2748 5158 3071 5225 distinguat:
3124 5158 3420 5211 substantia
3480 5159 3620 5208 enim

2056 5242 2413 5309 jmpassibilis
2438 5247 2522 5299 ille
2546 5258 2596 5299 et
2624 5247 2781 5300 Deus.
2816 5249 2979 5300 Deum
3014 5258 3063 5300 et
3088 5248 3248 5299 Deum
3274 5247 3623 5309 nominando,

2068 5346 2189 5383 nam
2225 5334 2380 5399 Deus,
2425 5337 2521 5400 ait,
2580 5350 2689 5389 erat
2734 5339 2973 5400 Verbum,
3011 5354 3112 5388 non
3174 5336 3374 5389 indicat
3421 5336 3621 5400 aliquid

2067 5426 2298 5477 medium
2336 5428 2387 5479 in
2405 5430 2695 5489 divinitate;
2722 5446 2841 5485 cum
2876 5445 2979 5481 non
2996 5428 3171 5479 minus
3190 5426 3329 5481 Deus
3348 5426 3414 5476 sit
3436 5423 3619 5478 Filius.

2139 5513 2279 5569 Vens
2302 5517 2355 5568 2.
2390 5518 2643 5581 Dicendo,
2686 5519 2747 5571 In
2796 5520 3053 5585 principio
3083 5526 3229 5579 erat,
3268 5516 3621 5567 mtcrnitatem

422 5625 663 5680 δείκνυσι
697 5640 710 5653 ο
740 5622 827 5675 διὰ
860 5619 913 5673 δὲ
948 5617 1071 5685 τοῦς
1109 5613 1292 5681 Οὗτος
1319 5616 1396 5683 ἦν
1421 5616 1489 5669 ἐν
1510 5612 1663 5682 ἀρχῇ
1704 5612 1849 5680 πρὸς
1871 5611 1971 5663 τὸν
2002 5608 2047 5666 Δ
2077 5608 2177 5677 ejus

2077 5608 2192 5677 ejus
2224 5613 2485 5675 ostendit;
2526 5609 2649 5664 Erat
2677 5612 2727 5663 in
2754 5610 3005 5678 principio
3028 5608 3163 5675 apud
3196 5605 3399 5671 Deum;
3434 5624 3499 5662 ne
3534 5622 3622 5659 ar-
