4156 6340
355 332 489 398 1297

1485 334 1546 394 S.
1585 329 1867 394 BASILII
1905 324 2293 389 LITURGIA.

3404 311 3543 376 19.98

356 450 571 518 εἰρήνην
607 446 683 515 τῷ
730 448 916 515 κόσμῳ
959 442 1218 515 δὼρησαι,
1269 444 1418 513 παρὰ
1464 445 1555 496 τὸν
1601 442 1885 496 ὑπόλοιπον
1911 451 1997 506 Al

1911 451 1961 499 Α
1987 451 2168 506 pacem
2200 432 2398 488 mundo
2419 430 2630 494 donari,
2653 437 2711 481 ut
2745 428 3012 496 reliquum
3039 427 3163 481 vita:
3187 435 3383 481 nostra:
3412 435 3543 480 tem-

356 539 537 605 χρόνον
565 536 662 603 τῆς
694 534 837 605 ζωῆς
865 534 1017 603 ἡμῶν
1049 536 1106 586 ὲν
1131 533 1320 605 εἰρήνῃ
1339 533 1430 585 καὶ
1458 532 1710 601 μετανοίᾳ
1738 532 1892 583 ἐκτε-

357 627 522 677 λέσαι.

423 713 720 782 Χριστιανά
766 713 833 766 τὰ
881 713 1006 788 τέλη
1063 712 1160 781 τῆς
1211 710 1354 778 ζωῆς
1403 711 1586 778 ήμῶν,
1620 708 1893 789 ἀνώδυνα⁴ρ

359 803 753 870 ἁνεπαίσχυντα
775 841 788 864 ,
823 801 1068 871 εἰρηνικὰ
1089 839 1103 862 ,
1143 800 1238 852 καὶ
1273 799 1441 865 καλὴν
1479 799 1772 864 ἀπολογίαν
1805 798 1897 848 ἐπὶ

359 890 588 959 φοϐεροῦ
647 891 887 960 βήματος
943 889 1033 941 τοῦ
1084 888 1315 956 Χριστοῦ
1367 885 1733 955 αἰτησὼμεθα.
1788 886 1896 954 Τῆς

359 979 644 1044 παναγίας,
693 977 988 1045 ἁχράντου,
1021 972 1555 1040 ὑπερευλογουμένης
1599 971 1898 1036 Δεσποίνης

360 1065 511 1133 ἡμῶν
539 1064 795 1116 Θεοτόκου
829 1063 921 1115 καὶ
959 1061 1340 1130 Ἀειπαρθὲνου
1371 1061 1604 1130 Μαρίας,
1635 1061 1730 1112 καὶ
1761 1059 1900 1112 πάνυ

361 1169 468 1203 των
496 1152 599 1203 τῶν
632 1151 801 1217 ἁγίων
835 1151 1330 1220 μνημονεύσαντες,
1364 1151 1585 1211 ἑαυτοὺς
1608 1151 1704 1202 καὶ
1741 1150 1902 1219 ἁλλή-

362 1239 484 1297 λους
518 1239 612 1288 καὶ
651 1237 858 1298 πάντας
887 1237 973 1289 διὰ
1001 1237 1106 1288 τῶν
1135 1237 1427 1305 οἰκτιρμῶν
1457 1237 1550 1288 τοῦ
1582 1237 1902 1306 μονογενοῦς

367 1344 458 1377 σου
481 1326 630 1390 Υἱοῦ,
663 1326 778 1394 μεθ’
801 1319 861 1378 οὗ
884 1325 1170 1392 εὐλογητὸς
1198 1321 1267 1388 εἰ,
1299 1328 1395 1378 σὺν
1427 1325 1502 1391 τῷ
1535 1326 1782 1395 παναγίῳ
1810 1327 1902 1378 καὶ

364 1415 551 1482 ἁγαθῷ
589 1417 680 1466 καὶ
710 1415 952 1484 ζωοποιῷ
983 1432 1074 1467 σου
1105 1413 1396 1484 Πνεύματι,
1430 1414 1526 1468 νῦν
1559 1416 1651 1468 καὶ
1679 1417 1782 1480 ἀεὶ,
1811 1416 1904 1466 καὶ

363 1508 440 1564 εἰς
461 1506 582 1567 τοὺς
610 1507 808 1567 αἰῶνας
829 1507 933 1559 τῶν
955 1506 1181 1560 αἰώνων.

435 1595 632 1662 Εἰρήνη
687 1597 867 1648 πᾶσιν.
917 1597 1312 1666 ’Δγαπήσωμεν
1359 1597 1652 1666 ἀλλήλους,
1710 1597 1795 1648 ἴνα
1848 1595 1904 1646 ὲν

364 1685 583 1752 ὁμονοίᾳ
611 1686 1052 1753 ὁμολογήσωμεν.

437 1775 546 1835 Τάς
578 1774 765 1842 θύρας,
798 1776 895 1837 τὰς
921 1775 1109 1845 θύραςο
1141 1777 1199 1829 ὲν
1230 1775 1389 1846 σοφίᾳ
1420 1777 1762 1846 πρόσχωμεν.

435 1862 509 1931 (6)
537 1863 756 1932 Στῶμεν
789 1864 983 1925 καλῶς·
1015 1865 1226 1933 στῶμεν
1258 1865 1391 1934 μετὰ
1417 1864 1612 1932 φόϐου’
1656 1863 1904 1931 πρόσχω-

368 1969 464 2021 μεν
498 1953 595 2023 τὴν
620 1953 777 2022 ἁγίαν
805 1955 1079 2024 ἀναφορὰν
1108 1957 1165 2008 ὲν
1195 1957 1385 2025 εἰρήνῃ
1412 1954 1763 2022 προσφέρειν.

949 2077 1333 2144 Ἐκφώνησιᾳ

445 2183 506 2233 Ἦ
530 2182 681 2250 χάρις
711 2181 802 2232 τοῦ
829 2182 1030 2250 Κυρίου
1057 2181 1213 2249 ἡμῶν
1251 2180 1423 2249 Ἰησοῦ
1449 2180 1705 2249 Χριστοῦ,
1753 2183 1843 2233 καὶ
1874 2185 1906 2250 ἡ

365 2272 552 2338 ἀγάπη
584 2270 674 2322 τοῦ
722 2271 854 2322 Θεοῦ
899 2270 990 2321 καὶ
1023 2270 1252 2338 Πατρὸς,
1297 2270 1390 2320 καὶ
1445 2270 1477 2337 ὴ
1525 2271 1773 2323 κοινωνία
1811 2269 1907 2322 τοῦ

369 2365 522 2430 ἁγίου
559 2361 868 2430 Πνεύματος
901 2362 984 2429 εἴη
1015 2362 1150 2429 μετὰ
1186 2360 1398 2413 πάντων
1428 2359 1580 2429 ὑμῶν

450 2451 792 2520 ’Λνάσχωμεν
819 2451 914 2512 τὰς
944 2450 1185 2517 καρδίας.

475 2542 957 2611 Εὑχαριστήσωμεν
989 2539 1065 2609 τῷ
1096 2539 1301 2609 Κυρίῳ.

824 2665 886 2716 '0
919 2665 1104 2730 ἱερεὺς
1130 2665 1461 2731 ἐπεύχεται.

444 2793 518 2860 (7)
565 2793 621 2844 '0
647 2790 741 2853 ὣν,
777 2793 1016 2842 Δέσποτα
1052 2791 1142 2842 καὶ
1171 2790 1327 2850 Θεὸς,
1365 2791 1571 2859 Πατὴρ,
1608 2791 1912 2861 παντοκράο

374 2899 488 2950 τορ,
528 2882 881 2949 προσκυνητέ⁶
918 2879 1062 2942 ἄξιον
1089 2881 1161 2941 ὡς
1187 2881 1415 2947 άληθῶς,
1451 2882 1539 2930 καὶ
1567 2880 1788 2940 δίκαιον,
1821 2881 1913 2932 καὶ

376 2973 579 3041 πρέπον
601 2973 663 3038 τῇ
694 2970 1128 3037 μεγαλοπρεπείᾳ
1157 2969 1254 3036 τῆς
1287 2969 1589 3035 ἁγιωσύνης
1610 2986 1724 3032 σου,
1743 2969 1799 3019 σὲ
1827 2971 1910 3021 αἰ-

1993 540 2094 595 pus
2125 524 2177 577 in
2207 536 2335 592 pace
2356 529 2410 574 et
2437 518 2749 589 poenitentia
2778 517 3048 568 liniamus.

2061 702 2428 757 Christianum
2477 698 2634 750 linem
2662 696 2780 747 vita!
2811 705 3028 754 nostrae,
3058 692 3261 745 doloris
3288 701 3340 745 ct
3371 691 3544 758 turpi-

1996 795 2194 848 tudinis
2225 799 2514 860 expertem,
2548 796 2819 856 pacatum,
2852 792 2903 836 ct
2933 784 3127 834 bonam
3172 781 3541 835 defensionem

1996 894 2119 940 ante
2151 881 2381 936 tribunal
2407 877 2737 932 tremendum
2768 873 2962 926 Christi
2996 886 3298 939 poscamus.

2069 973 2451 1032 Sanctissimae,
2508 966 2884 1024 immaculatzc.
2943 963 3232 1014 benedicta:
3303 959 3546 1012 Domina:

1997 1074 2194 1119 nostra:
2209 1061 2439 1128 Deipane
2451 1069 2503 1110 et
2519 1071 2727 1121 semper
2757 1051 2986 1120 Virginis
3013 1049 3209 1106 Marim.
3232 1057 3284 1101 ct
3304 1049 3545 1102 omnium

2000 1161 2304 1208 sanctorum
2340 1147 2648 1202 memoriam
2681 1152 3040 1212 agentes,nos
3065 1141 3211 1207 ipsos
3240 1147 3292 1190 et
3317 1138 3543 1188 invicem

1999 1254 2050 1298 ct
2079 1257 2264 1296 omnes
2283 1234 2768 1309 (commendamus)
2803 1248 2894 1299 per
2926 1229 3356 1284 miscricordiam
3411 1225 3545 1278 liui-

2000 1333 2161 1404 geniti
2221 1330 2338 1383 Filii
2370 1330 2466 1391 tui,
2502 1341 2731 1395 quocum
2776 1323 3086 1376 benedictus
3131 1333 3209 1378 es,
3242 1333 3364 1369 cum
3424 1330 3549 1368 san-

2001 1423 2262 1485 ctissiino,
2290 1420 2492 1487 optimo
2515 1426 2568 1469 et
2594 1414 2803 1467 vivilico
2828 1411 3055 1479 Spiritu,
3087 1423 3227 1462 nunc
3244 1417 3295 1460 ct
3317 1419 3549 1471 semper,

2001 1522 2056 1566 et
2094 1512 2144 1563 in
2177 1509 2370 1563 saecula
2406 1506 2747 1559 saeculorum.

2073 1599 2181 1651 Pax
2211 1597 2482 1650 omnibus.
2510 1594 2805 1659 liiligamus
2839 1602 2938 1640 nos
2967 1584 3216 1647 invicem,
3239 1591 3298 1635 ut
3329 1581 3381 1633 in
3415 1593 3554 1632 una-

2007 1689 2247 1742 nimitate
2285 1685 2663 1739 conﬁteantur.

1936 1746 1978 1802 Β
2075 1777 2260 1837 Fores,
2290 1776 2450 1828 fores.
2483 1773 2698 1826 Attente
2729 1770 3034 1822 audiamus.

2078 1868 2290 1921 Stemus
2337 1866 2605 1925 decenter,
2655 1869 2860 1914 stemus
2896 1863 3206 1909 reverenter
3252 1871 3264 1905 :
3304 1849 3554 1904 attenda-

2007 1972 2124 2011 mus
2148 1966 2384 2010 sanetam
2409 1953 2736 2020 anaphoram
2775 1949 2824 2000 in
2861 1961 2988 2015 pace
3011 1944 3275 2014 proferre.

2630 2071 2756 2121 Alta
2789 2084 2927 2120 τοι-ε.

2074 2183 2256 2246 Gratia
2295 2181 2502 2235 Domini
2540 2179 2704 2232 nostri
2759 2177 2882 2230 .Iesu
2916 2174 3142 2230 Christi,
3179 2169 3418 2225 charitas
3456 2168 3546 2220 lloi

2006 2286 2054 2328 et
2088 2274 2283 2336 Patris,
2314 2280 2368 2327 et
2394 2269 2814 2325 communicatio
2841 2267 3008 2322 sancti
3042 2265 3275 2332 Spiritus
3319 2262 3388 2314 sit
3425 2274 3551 2314 eum

2008 2365 2260 2420 omnibus
2281 2364 2454 2418 vobis.

2081 2454 2304 2507 Sursum
2341 2453 2521 2507 corda.

2078 2545 2290 2599 Gratias
2325 2557 2548 2613 agamus
2571 2541 2818 2594 Domino.

2563 2664 2819 2719 Sacerdos
2861 2672 2977 2716 orat

2082 2793 2160 2847 Tu
2191 2794 2282 2863 qui
2313 2809 2392 2858 es,
2434 2791 2660 2845 Domine
2696 2798 2748 2842 et
2792 2789 2950 2842 Deus.
2980 2788 3156 2848 Pater,
3189 2785 3547 2850 omnipotens,

2014 2885 2316 2946 adorandc;
2347 2883 2565 2950 dignum
2616 2893 2759 2945 vere,
2790 2890 2840 2931 et
2871 2879 3072 2945 justum
3128 2886 3180 2930 et
3230 2880 3556 2930 conveniens

2014 2977 2278 3045 maiestati
2309 2973 2607 3028 sanctitatis
2634 2979 2759 3032 tute,
2791 2977 2841 3023 te
2881 2969 3121 3033 laudare,
3157 2978 3207 3021 tc
3257 2969 3556 3033 celebrare,

373 3063 514 3124 νεῖν,
552 3061 607 3112 σὲ
636 3062 840 3127 ὑμνεῖν,
873 3061 930 3110 σὲ
958 3059 1214 3124 εὐλογεῖν,
1248 3059 1306 3109 σὲ
1337 3060 1675 3126 προσκυνεῖν,
1708 3059 1765 3109 σὲ
1806 3059 1907 3109 εὐ-
1934 3053 1980 3112 c
2011 3083 2014 3118 1

1934 3053 1980 3112 α
2011 3079 2062 3123 te
2120 3067 2454 3127 benedicere,
2492 3071 2543 3117 te
2595 3063 2840 3122 adorare,
2881 3060 2973 3112 tibi
3040 3059 3240 3127 gratias
3300 3074 3477 3126 agere,
3507 3070 3558 3112 te

375 3149 643 3215 χαριστεῖν
666 3186 679 3208 ,
714 3147 771 3197 σὲ
815 3147 1054 3208 δοξάζειν
1085 3147 1171 3196 τὸν
1208 3147 1363 3213 μόνον
1404 3145 1570 3206 ὅντως
1603 3146 1728 3198 ὄντα
1759 3145 1908 3207 Θεὸν,

374 3236 467 3286 καὶ
521 3237 600 3286 σοὶ
645 3236 970 3304 προσφέρειν
1023 3236 1077 3284 ὲν
1116 3234 1307 3304 καρδίᾳ
1355 3234 1782 3301 συντετριμμένῃ
1821 3235 1911 3284 καὶ

373 3323 639 3390 πνεύματι
673 3324 1045 3382 ταπεινώσεως
1073 3322 1167 3389 τὴν
1189 3323 1412 3390 λογικὴν
1439 3322 1636 3387 ταύτην
1662 3320 1912 3388 λατρείαν

372 3411 546 3478 ἡμῶν
578 3412 656 3462 ὅτι
697 3414 759 3464 σὺ
793 3407 839 3462 εἷ
867 3414 892 3462 ὁ
929 3412 1289 3479 χαρισάμενος
1337 3414 1462 3478 ἡμῖν
1495 3411 1590 3474 τὴν
1627 3409 1912 3475 ἐπίγνωσιν

371 3502 464 3566 τῆς
495 3500 590 3566 σῆς
616 3500 886 3569 ἀληθείας.
925 3502 1031 3550 Καὶ
1055 3501 1134 3560 τίς
1171 3501 1350 3560 ἱκανὸς
1374 3501 1603 3569 λαλῆσαι
1635 3501 1728 3561 τὰς
1757 3500 1913 3550 δυνα-

376 3589 554 3649 στείας
591 3605 716 3651 σονς
746 3591 1010 3650 ἀκουστὰς
1049 3592 1265 3655 ποιῆσαι
1317 3590 1492 3652 πάσας
1536 3591 1632 3650 τὰς
1684 3591 1913 3651 αἱνέσεις

377 3679 468 3728 σοῦ
490 3696 503 3741 ;
529 3680 558 3744 ἦ
583 3678 942 3744 διηγήσασθαι
967 3680 1138 3728 πάντα
1165 3680 1232 3728 τὰ
1258 3680 1531 3744 θαυμάσιά
1558 3697 1648 3730 σου
1676 3681 1730 3728 ἐν
1754 3680 1913 3729 παντὶ

376 3768 581 3835 κιιρῷς
616 3767 854 3817 Δέσποτα
895 3769 1000 3817 τῶν
1039 3770 1288 3818 ἁπάντων
1315 3808 1327 3830 ,
1365 3769 1531 3834 Κύριε
1562 3767 1790 3834 οὐρανοῦ
1822 3767 1914 3820 καὶ

374 3857 494 3922 γῆς,
523 3857 613 3907 καὶ
640 3856 814 3921 πάσης
842 3857 1062 3916 κτίσεως
1084 3857 1361 3924 ὁρωμένης
1389 3875 1443 3908 τε
1472 3858 1560 3907 καὶ
1587 3857 1682 3923 οὐχ
1704 3855 1915 3924 ὁρωμέ-

375 3965 488 4012 νης,
525 3949 550 3997 ὁ
578 3946 874 4013 καθήμενος
907 3948 997 3997 ἐπὶ
1032 3946 1218 4013 θρόνου
1262 3947 1444 4014 δόξης,
1488 3948 1579 3997 καὶ
1610 3947 1913 3998 ἐπιϐλέπων

375 4040 668 4100 ἀϐύσσους·
723 4040 942 4107 άναρχε,
1005 4039 1220 4105 ἁὸρατε,
1281 4039 1657 4107 ἁκατάληπτε,
1721 4040 1912 4106 ἀπερί-

378 4145 633 4196 στραπτε,
659 4117 994 4189 ἀναλλοίωξε,
1022 4130 1048 4179 ὁ
1074 4129 1257 4194 Πατὴρ
1282 4128 1371 4178 τοῦ
1401 4128 1601 4194 Κυρίου
1625 4129 1776 4197 ἡμῶν
1812 4128 1912 4196 ’1η-

378 4220 468 4272 σοῦ
515 4219 779 4287 Χριστοῦ,
813 4219 901 4270 τοῦ
950 4221 1179 4287 μεγάλου
1222 4219 1352 4270 Θεοῦ
1401 4223 1491 4270 καὶ
1527 4220 1774 4288 Σωτῆρος
1819 4219 1915 4287 τῆς

375 4312 585 4372 ἐλπίδος
617 4311 772 4378 ἡμῶν
795 4351 808 4374 ,
848 4313 902 4370 ὃς
932 4313 1073 4360 ἐστιν
1120 4310 1280 4361 εἰκὼν
1305 4310 1400 4377 τῆς
1437 4313 1530 4377 σῆς
1563 4312 1912 4380 ἁγαθότητος,

2011 3156 2312 3225 gloriliearc
2363 3152 2536 3207 solum
2596 3164 2719 3202 vere
2777 3147 3045 3208 Deum,et
3108 3146 3202 3199 tibi
3259 3146 3450 3199 oﬂ'errc
3501 3148 3556 3198 iu

2011 3246 2172 3300 corde
2207 3245 2436 3299 contrito
2476 3251 2529 3295 et
2564 3240 2754 3308 spiritu
2803 3238 3124 3291 humilitatis
3177 3237 3556 3289 rationabilem

2011 3339 2154 3391 hunc
2192 3335 2394 3389 cultum
2424 3341 2668 3386 nostrum
2702 3349 2712 3382 :
2748 3339 2801 3382 tu
2836 3329 2980 3383 enim
3030 3327 3224 3382 dedisti
3266 3329 3420 3382 nobis
3469 3344 3560 3382 co-

2011 3427 2302 3496 gnitionem
2331 3433 2433 3478 ture
2474 3423 2736 3476 veritatis.
2780 3420 2842 3473 Et
2871 3422 2992 3489 quis
3022 3429 3179 3488 aptus
3225 3420 3326 3473 erit
3380 3419 3559 3487 eloqui

2012 3519 2274 3588 potentias
2333 3516 2489 3572 tuas?
2541 3524 2633 3568 aut
2687 3515 2958 3568 celebrare
3020 3513 3204 3566 laudes
3254 3511 3410 3565 tuas?
3470 3521 3564 3562 aut

2012 3624 2263 3662 enarrare
2296 3609 2472 3660 omnia
2505 3615 2594 3658 tua
2627 3603 2687 3657 in
2718 3605 2862 3656 omni
2921 3613 3162 3672 tempore
3211 3602 3566 3655 admiranda?

2015 3698 2234 3750 Domine
2275 3698 2669 3755 universorum,
2714 3695 2855 3757 cccli,
2894 3704 3069 3752 terrae,
3099 3703 3151 3745 et
3183 3693 3358 3745 onmis
3400 3707 3563 3744 crea-

2013 3795 2145 3838 tura:
2195 3785 2418 3837 visibilis
2470 3793 2524 3835 et
2575 3781 2996 3847 iuvisihilis,qui
3054 3781 3207 3832 sedes
3245 3781 3296 3831 in
3365 3781 3560 3830 throno

2013 3876 2214 3943 εισι-ίαν,
2249 3883 2301 3927 et
2362 3874 2586 3925 intueris
2639 3872 2859 3938 abyssos
2905 3888 2916 3921 :
2960 3879 3176 3930 :vli‘rnc,
3249 3869 3561 3927 invisibilis,

2015 3964 2585 4031 inemnprehcnsihilis,
2607 3963 2980 4020 immutabilis,
3021 3961 3377 4020 invariabilis,
3406 3959 3563 4011 I’ati-r

2016 4056 2220 4108 Domini
2256 4057 2418 4108 nostri
2449 4054 2571 4106 Jesn
2633 4054 2854 4112 Christi,
2891 4053 3066 4119 magni
3113 4053 3203 4105 Dei
3236 4061 3286 4105 et
3318 4051 3563 4104 Salvato—

2014 4148 2089 4198 ris
2123 4148 2227 4215 spei
2266 4158 2479 4206 nostrae,
2507 4146 2595 4212 qui
2638 4156 2716 4196 est
2759 4145 2935 4213 imago
2969 4144 3224 4196 bonitatis
3257 4153 3380 4202 lure,
3413 4144 3559 4210 sigib

2017 4240 2122 4292 lum
2168 4240 2408 4291 eamdem
2473 4249 2671 4299 terum,
2729 4237 2906 4297 l’ater,
2964 4237 3191 4289 fortnam
3219 4245 3226 4253 ‘
3254 4237 3560 4288 exhibens:

2018 4328 2248 4382 Verbum
2313 4332 2509 4389 vivum,
2551 4329 2686 4381 Deus
2745 4343 2925 4390 verus,
2983 4328 3256 4396 sapienti:e
3296 4343 3412 4394 qute
3463 4328 3562 4378 fuit

375 4401 603 4466 σφραγὶς
637 4384 886 4460 ἰσοτῦπος
915 4401 970 4449 ἐν
1002 4400 1195 4467 ἑαυτῷ,
1228 4400 1436 4463 δεικνύς
1464 4418 1521 4452 σε
1547 4402 1636 4453 τὸν
1660 4402 1874 4471 Πατέρα
1899 4419 1911 4432 ·
1945 4374 1992 4432 D

2037 4374 2247 4382 .v..,_--.
2553 4374 2685 4381 ηπ..
2983 4374 3255 4396 ν-.,ν.,..--.ν
3299 4374 3411 4394 τ..-

1945 4374 1992 4432 D
2017 4429 2139 4473 ante
2170 4419 2386 4481 saecula,
2414 4419 2540 4480 vita,
2588 4421 2867 4479 sanctitas,
2903 4419 3091 4478 virtus,
3139 4418 3316 4471 lumen
3349 4432 3556 4475 verum,

311 4536 323 4545 ,
371 4488 538 4551 Λόγος
579 4488 703 4548 ζῶν,
759 4487 887 4549 Θεὸς
927 4488 1194 4556 ἀληθινὸς,
1234 4491 1265 4554 η
1320 4489 1423 4558 πρὸ
1469 4489 1684 4541 αἰώνων
1734 4489 1916 4557 σοφία,

373 4577 506 4640 ζωὴ,
538 4578 805 4644 ἁγιασμὸς
825 4617 838 4640 ,
869 4579 1117 4648 δύναμις,
1144 4580 1203 4630 τὸ
1231 4579 1343 4646 φῶς
1371 4580 1430 4631 τὸ
1463 4579 1711 4647 ἁληθικὸν
1736 4619 1751 4641 ,
1787 4580 1916 4649 παρ’

369 4662 433 4718 οὗ
475 4667 536 4717 τὸ
566 4668 785 4736 Πνεῦμα
823 4669 882 4720 τὸ
916 4671 1068 4735 ἆγιον
1113 4670 1342 4739 ἐξεφάνη
1366 4713 1380 4736 ,
1416 4670 1477 4722 τὸ
1519 4671 1615 4738 τῆς
1663 4671 1918 4737 ἀληθείας

375 4757 614 4824 πνεῦμα,
642 4758 702 4809 τὸ
735 4760 830 4827 τῆς
875 4762 1141 4824 υἱοθεσίας
1175 4762 1436 4830 χάρισμα,
1470 4762 1498 4812 ὁ
1525 4760 1778 4829 ἀρραϐὼν
1821 4762 1918 4827 τῆς

373 4848 667 4918 μελλούσης
695 4849 1073 4921 κληρονομίας,
1095 4856 1128 4922 η
1153 4852 1375 4923 ἀπαρχὴ
1401 4853 1508 4904 τῶν
1529 4852 1760 4904 αἰωνίων
1780 4852 1916 4916 ἀγα·

376 4940 506 5001 θῶν,
526 4940 558 5004 ἡ
584 4939 839 5000 ζωοποιὸς
862 4941 1107 5010 δύναμις,
1132 4945 1165 5013 η
1186 4945 1334 5012 πηγὴ
1356 4943 1447 4995 τοῦ
1470 4942 1761 5010 ἁγιασμοῦ,
1788 4940 1916 5010 παρ’

375 5026 437 5081 οἶ)
464 5031 609 5081 πάσα
633 5030 805 5092 κτίσις
833 5032 1022 5106 λογική
1051 5054 1106 5088 τε
1134 5037 1229 5088 καὶ
1254 5038 1414 5108 νοερὰ
1435 5037 1810 5105 δυναμουμένη
1836 5052 1916 5088 σοι

288 5195 297 5205 _
371 5120 653 5189 λατρεύει,
682 5122 774 5172 καὶ
808 5124 888 5174 σοὶ
919 5123 1015 5192 τὴν
1047 5128 1212 5180 ἀΐδιον
1241 5128 1550 5199 ἀναπέμπει
1580 5129 1913 5195 δοξολογίαν,

372 5207 454 5262 ὅτι
476 5210 540 5262 τὰ
561 5208 846 5277 σύμπαντα
864 5211 1022 5264 δοῦλα
1047 5216 1134 5267 σὰο
1160 5216 1218 5268 σὲ
1245 5218 1351 5286 γὰρ
1379 5217 1616 5272 αἰνοῦσιν
1643 5217 1915 5286 Ἄγγελοι,

386 5297 978 5371 Ἀρχάγγελοι,Θρόνοι,
1000 5302 1346 5373 κυριότητες,
1387 5308 1592 5375 ’Δρχαὶ,
1623 5305 1913 5368 Ἐξουσίαι,

373 5393 660 5460 Δυνάμεις,
688 5390 781 5444 καὶ
809 5390 876 5442 τὰ
913 5391 1272 5460 πολυσώματα
1306 5397 1582 5465 Χερουσίμ
1605 5411 1618 5425 ·
1656 5395 1737 5447 σοὶ
1769 5410 1910 5463 παρ-

448 5569 526 5638 (6)
563 5569 692 5635 Qua:
744 5579 1043 5636 sequuntur
1086 5570 1262 5622 omnia
1317 5587 1484 5638 usque
1549 5571 1613 5624 ad
1668 5572 1911 5624 lacunam

376 5640 438 5704 ἓξ
479 5641 739 5711 πτέρυγες
775 5647 986 5694 exstant
1018 5638 1072 5692 in
1122 5639 1332 5707 iiturgia
1374 5641 1591 5708 Syriaca
1636 5641 1693 5694 S.
1726 5640 1908 5695 Basilii

2017 4509 2159 4575 quod
2188 4509 2438 4562 revelavit
2487 4507 2640 4560 nobis
2686 4506 2942 4574 Spiritum
2997 4516 3267 4562 sanctum.
3305 4504 3556 4568 Spiritum

2018 4599 2166 4650 illum
2213 4597 2473 4655 veritatis,
2519 4598 2716 4647 donum
2758 4594 3083 4660 adoptionis.
3137 4593 3326 4657 pignus
3367 4589 3558 4640 futura:

2019 4685 2362 4745 hmreditatis,
2401 4684 2668 4750 primitias
2706 4693 3031 4734 aeternorum
3070 4679 3356 4739 bonorum,
3392 4677 3558 4729 \irtu-

2016 4784 2119 4827 tem
2169 4774 2288 4825 vita:
2338 4771 2676 4833 effectricem,
2722 4769 3022 4822 sanctitatis
3073 4767 3292 4826 fontem,
3339 4784 3401 4820 ex
3455 4782 3560 4833 quo

2015 4862 2191 4916 omnis
2221 4870 2469 4914 creatura
2515 4859 2719 4913 ratione
2755 4869 2807 4912 et
2860 4859 3130 4912 intellectu
3184 4859 3406 4927 prmdita
3461 4858 3555 4910 tibi

2015 4953 2196 5014 servit,
2223 4961 2586 5017 :ntcrnatnque
2623 4949 2716 5002 tibi
2747 4949 2930 5017 glutie
2983 4949 3419 5018 praedicationem
3477 4948 3559 5000 of-

2016 5043 2150 5104 fert;
2205 5040 2298 5095 tibi
2355 5039 2496 5093 enim
2562 5039 2865 5092 inserviunt
2919 5041 3149 5092 omnia:
3189 5049 3238 5091 te
3288 5038 3556 5091 celebrant

2016 5131 2226 5199 Angeli,
2270 5127 2607 5196 Archangeli,
2644 5125 2870 5190 Throni,
2916 5128 3343 5189 Dominationcs,
3403 5125 3557 5176 Prin.

2015 5221 2243 5290 cipatus,
2293 5219 2620 5280 Poteslates,
2684 5215 2954 5280 Virtutes,
3005 5219 3304 5282 multasque
3358 5214 3556 5280 ﬁguras

2017 5310 2307 5366 referentes
2345 5309 2665 5374 Cherubim;
2709 5309 2911 5362 circum
2971 5318 3020 5360 te
3072 5316 3212 5358 stant
3249 5305 3554 5372 Scrapliim,

2015 5416 2107 5455 sex
2140 5402 2352 5457 alte"...
2417 5400 2523 5456 Fac
2579 5410 2636 5455 ut
2689 5401 2815 5454 dum
2885 5414 2982 5450 nos
3028 5396 3352 5464 ingredimur
3396 5395 3554 5448 simul

2015 5580 2153 5648 apud
2183 5577 2480 5648 chudot.

2086 5649 2158 5716 (7)
2194 5647 2408 5716 Legitur
2461 5650 2512 5700 in
2539 5646 2747 5712 vulgata
2790 5641 2970 5696 Gricca
3009 5642 3218 5712 liturgia
3265 5642 3320 5697 S.
3355 5642 3551 5698 Basilii.
