4156 6340
825 324 957 391 1307
1543 327 1922 387 OPUSCULA
1947 328 2366 388 ‘LITURGICA
2409 325 2747 386 lNCERTrE
2786 327 3086 388 IETATIS.
3720 357 3726 365 ·
3860 331 4025 396 I303

821 448 994 500 tuum,
1024 434 1216 500 Patris,
1251 436 1387 500 Filii,
1413 447 1464 491 et
1499 425 1726 507 Spiritus
1750 442 1944 504 sancti,
1982 457 2122 496 nunc
2150 451 2355 496 etsem-
2385 455 2424 510 Α
2455 442 2462 486 ε

2388 455 2424 510 Α
2455 440 2618 508 ὄνομά
2648 459 2759 503 σου,
2792 440 2882 492 τοῦ
2919 441 3145 510 [ἰατρὸς.
3187 442 3279 492 καὶ
3299 442 3390 493 τοῦ
3429 442 3576 505 Υίοῦ,
3605 443 3695 495 καὶ
3723 445 3817 494 τοῦ
3847 444 4029 509 ἁγίου

823 540 941 590 per,
974 533 1026 578 et
1065 526 1115 577 in
1148 527 1338 581 saecula
1370 529 1708 582 stL-culorum.
2382 529 2389 534 ’

2386 530 2389 534 ’
2463 528 2786 596 Πνεύματος,
2822 528 2916 580 νῦν
2963 530 3057 582 καὶ
3102 530 3208 592 ἀεὶ,
3240 532 3331 581 καὶ
3382 531 3462 592 είς
3508 532 3630 592 τοὺς
3658 533 3861 592 αίῶνας
3894 532 4027 582 τῶν

1649 609 1655 617 ’
2458 615 2687 667 αίὼνων.

2528 709 2635 759 Καὶ
2685 709 2832 759 ἔσται
2868 706 2934 759 τά
2962 707 3082 776 ὲλέη
3117 708 3209 759 τοῦ
3241 708 3474 776 μεγάλου
3523 708 3656 759 Θεοῦ
3686 710 3778 761 καὶ
3807 709 4023 777 Σωτῆι

2462 811 2550 862 ρος
2573 796 2726 863 ἡμῶν
2768 795 2937 864 Ἰησοῦ
2962 794 3196 864 Χριστοῦ
3233 798 3367 863 μετά
3393 796 3607 848 πάντων
3638 798 3810 865 ὑμῶν.

2527 885 2746 936 Πάντων
2802 884 2907 937 τῶν
2951 887 3119 952 ἁγίων
3153 878 3635 956 μνημονεύσαντες,
3665 889 3741 942 ἔτι
3786 890 3888 941 καὶ
3922 888 4020 940 ἔτι

2458 977 2513 1023 ἐν
2540 974 2728 1044 εἰρήνῃ
2748 973 2840 1026 τοῦ
2874 976 3073 1044 Κυρίου
3102 971 3404 1046 δεηθὼμεν.

897 699 958 752 Et
976 703 1076 753 t-rit
1101 704 1465 759 misericordia
1491 709 1665 773 magni
1690 709 1778 761 Dei
1797 719 1850 762 et
1871 709 2163 764 Salvatoris
2185 711 2357 765 nostri

823 788 946 842 Iis-su
977 793 1167 845 Christi
1203 810 1324 848 cum
1361 797 1610 850 omnibus
1637 799 1803 852 vobis.

893 879 1139 935 Omnium
1177 895 1482 939 sanctorum
1505 891 2062 944 commemorationem
2083 893 2357 954 facientes.

823 972 980 1022 etiam
1031 984 1190 1041 atque
1238 977 1398 1030 etiam
1455 977 1508 1030 in
1574 993 1703 1047 pace
1755 979 2036 1033 Dominum
2093 982 2358 1051 deprece-

825 1076 963 1114 IIIUI‘.

899 1151 961 1204 Ut
990 1153 1250 1222 benignus
1288 1156 1430 1210 Deus
1458 1165 1663 1222 noster,
1716 1159 1981 1227 accipiens
2011 1176 2071 1213 ea
2125 1163 2178 1214 in
2228 1177 2356 1215 san-

821 1251 968 1293 etum
1007 1251 1061 1295 et
1095 1245 1313 1299 caeleste
1344 1256 1396 1299 et
1423 1248 1700 1313 spirituale
1733 1265 1886 1301 suum
1919 1250 2108 1308 altare,
2136 1252 2189 1303 in
2219 1253 2354 1303 odo-

821 1345 931 1381 rem
983 1332 1261 1386 suavitatis
1305 1334 1620 1400 Spiritualis,
1658 1351 1751 1402 pro
1797 1337 1878 1390 eis
1930 1341 2141 1390 emittat
2199 1341 2354 1394 nobis

821 1418 1055 1472 divinam
1102 1422 1326 1488 gratiam
1357 1432 1410 1476 et
1445 1423 1642 1476 donum
1673 1425 1907 1493 Spiritus
1935 1429 2131 1492 sancti,
2163 1428 2355 1496 depre-

821 1522 1023 1559 C(‘llllll'.

2529 1153 2709 1213 Ὅπως
2736 1154 2763 1204 ὁ
2814 1155 3184 1225 φιλάνθρωπος
3217 1157 3349 1220 θεὸς
3397 1157 3572 1226 ἡμῶν,
3621 1159 3650 1209 ὀ
3696 1155 4020 1225 προσδεξά-

2458 1254 2616 1305 μενος
2642 1240 2778 1291 αὐτὰ
2803 1241 2882 1302 είς
2911 1242 2971 1293 τὸ
3010 1242 3163 1308 ἅγιον
3195 1245 3286 1296 καὶ
3316 1245 3702 1313 ὑπερουράνιον
3734 1247 3823 1296 καὶ
3884 1261 4020 1296 νοε-

2456 1326 2548 1395 ρὸν
2571 1327 2735 1379 αὐτοῦ
2784 1327 3189 1399 θυσιαστήριον,
3245 1333 3324 1395 είς
3353 1335 3528 1402 ὀσμὴν
3568 1333 3790 1396 εὐωδίας
3832 1351 4017 1384 πνευ-

2458 1414 2714 1482 ματικῆς,
2743 1415 3206 1486 ἅντικαταπέμψοι
3233 1421 3361 1488 ἡμῖν
3391 1421 3488 1488 τὴν
3526 1421 3671 1471 θείαν
3703 1422 3862 1490 χάριν
3906 1419 4016 1471 καὶ

2453 1503 2549 1570 τὴν
2572 1502 2776 1569 δωρεὰν
2804 1504 2897 1556 τοῦ
2928 1506 3078 1571 ἁγίου
3111 1508 3440 1574 Πνεύματος,
3470 1507 3761 1574 δεηθῶμεν.

896 1597 962 1649 L‘t
990 1598 1277 1650 liberemur
1310 1600 1377 1651 ab
1405 1600 1549 1652 omni
1581 1603 1846 1665 angustia,
1881 1603 1979 1666 ira,
2014 1605 2349 1668 necessitate,

825 1685 1107 1738 Dominum
1138 1688 1501 1754 deprecemur.

1407 1791 1661 1845 Sacerdos
1695 1805 1830 1847 orat.

895 1879 1028 1932 Deus
1061 1892 1258 1946 noster,
1294 1882 1432 1936 Deus
1459 1883 1671 1948 salutis,
1690 1885 1818 1938 doce
1845 1901 1942 1940 nos
1967 1889 2163 1956 gratias
2188 1904 2349 1958 agere

824 1969 913 2021 tibi
944 1971 1132 2036 dignas
1163 1973 1267 2024 tuis
1315 1972 1608 2036 beneﬁciis,
1649 1990 1768 2041 qua:
1820 1980 2109 2042 prmStitisti
2137 1989 2188 2032 et
2219 1996 2352 2048 prte-

821 2069 928 2110 stas
957 2059 1142 2122 nobis;
1174 2067 1230 2111 ttt
1265 2076 1323 2113 es
1355 2061 1490 2113 Deus
1518 2072 1721 2128 noster,
1743 2066 2018 2132 excipiens
2047 2068 2159 2122 haec
2186 2069 2348 2129 dona,

819 2148 1036 2213 puriﬁca
1078 2164 1176 2203 nos
1208 2150 1277 2203 ab
1313 2153 1457 2204 omni
1499 2155 1705 2205 macula
1735 2157 1915 2208 carnis
1941 2168 1998 2209 et
2025 2157 2268 2225 spiritus,
2297 2167 2350 2212 et

817 2239 947 2291 doce
973 2240 1224 2306 perficere
1254 2241 1730 2296 sanctiﬁcationem
1758 2246 1809 2297 in
1841 2247 2033 2300 timore
2067 2256 2178 2310 tuo,
2209 2259 2267 2302 ut
2296 2250 2348 2303 in

819 2343 952 2390 puro
999 2331 1340 2383 conscientia!
1387 2334 1694 2386 testimonio
1747 2346 1944 2390 nostrae
1997 2339 2350 2406 suscipientes

818 2425 1021 2481 partem
1080 2429 1290 2471 tuorum
1340 2421 1530 2473 horum
1574 2435 2050 2485 sacramentorum,
2101 2431 2352 2483 uniamur

816 2519 936 2556 cum
973 2516 1161 2558 sancto
1187 2523 1410 2576 corpore
1438 2520 1489 2561 et
1519 2513 1778 2577 sanguine
1807 2513 2004 2568 Christi
2036 2518 2133 2577 tui,
2178 2529 2230 2570 et
2264 2535 2351 2572 re-

816 2593 1075 2660 cipientes
1094 2596 1181 2649 illa
1194 2596 1354 2666 digne
1367 2599 1661 2652 habeamus
1679 2602 1948 2655 Christum
1968 2605 2346 2659 inltahitantem

817 2682 870 2734 in
901 2684 1151 2737 cordibus
1200 2687 1416 2748 uostris,
1450 2697 1501 2741 et
1543 2691 1736 2743 ﬁamus
1778 2695 2032 2759 templum
2062 2699 2231 2747 sancti
2273 2699 2344 2748 tui

817 2772 1068 2836 Spiritus.
1113 2776 1286 2837 Certe,
1320 2774 1458 2829 Deus
1504 2789 1704 2844 uoster,
1751 2783 1953 2834 nullum
2001 2799 2029 2835 e
2081 2785 2233 2838 nobis
2267 2785 2348 2838 fa-

811 2862 927 2912 cias
955 2878 1101 2914 reum
1142 2866 1534 2918 tremendornut
1573 2869 1794 2922 istorum
1832 2884 1882 2924 et
1910 2874 2207 2926 cwlestium
2240 2891 2348 2944 my-

813 2952 1116 3007 steriorum.
1157 2970 1325 3022 neque
1355 2970 1550 3023 aegrota
1595 2960 1770 3011 anima
1808 2973 1859 3013 et
1890 2977 2114 3030 corpore
2137 2980 2253 3018 esse
2276 2966 2346 3019 ob

814 3036 1081 3107 indignant
1119 3041 1332 3094 illorum
1379 3045 1804 3112 susceptionem;
1839 3049 1929 3102 sed
1970 3053 2034 3102 da
2074 3051 2226 3104 nobis
2257 3067 2346 3105 us-

810 3143 917 3192 que
965 3129 1031 3181 ad
1072 3126 1313 3185 ultimum
1357 3143 1600 3187 nostrum
1633 3137 1877 3201 spiritum
1924 3139 2080 3205 digne
2110 3142 2343 3208 recipere

814 3227 1015 3281 partem
1062 3234 1517 3276 sacramentorum
1552 3235 1789 3287 tuorum,
1836 3228 1887 3279 in
1941 3229 2190 3280 viaticum
2225 3232 2345 3281 vita:

810 3300 1041 3364 aetérnze.
1086 3308 1138 3358 in
1171 3309 1535 3363 defensionem
1576 3315 1972 3380 propitiabilem
2005 3330 2185 3367 coram
2236 3326 2345 3368 tre-

814 3394 1008 3445 mendo
1034 3394 1283 3447 tribunali
1314 3397 1510 3449 Christi
1538 3401 1642 3459 tui;
1673 3409 1800 3452 utet
1824 3416 1920 3453 nos
1947 3417 2068 3453 cum
2096 3404 2344 3456 onmibus

810 3483 1034 3545 sanctis,
1066 3483 1156 3550 qui
1183 3485 1274 3536 tibi
1305 3487 1586 3540 ab:eterno
1608 3488 1940 3554 plaetu-ruut,
1972 3492 2160 3545 [lamus
2183 3496 2344 3559 parti-

809 3573 959 3638 cipes
987 3583 1309 3628 aeternorum
1337 3586 1548 3630 tuorum
1576 3577 1856 3642 bonorum,
1890 3595 2004 3648 qua:
2032 3582 2232 3650 parasti
2262 3583 2344 3636 di-

810 3661 1096 3730 ligentibus
1120 3672 1190 3730 te,
1223 3665 1464 3722 Domine.

1433 3960 1694 4013 Diaconus

872 4045 1027 4111 Juva,
1058 4064 1235 4115 serva,
1267 4051 1544 4113 miserere,
1576 4062 1627 4103 et
1669 4052 1881 4104 custodi
1912 4067 2033 4115 nos,
2066 4051 2222 4117 Deus,
2250 4062 2339 4106 tua

806 4139 998 4202 gratia.

873 4226 1098 4279 Omnem
1133 4226 1270 4279 diem
1307 4229 1617 4293 perlectam,
1647 4231 1911 4292 sanctam,
1942 4231 2242 4295 paeiiicam,
2281 4238 2335 4282 et

806 4315 1142 4366 innocentem
1169 4329 1197 4365 a
1234 4313 1457 4365 Domino
1487 4318 1852 4382 deprecemur,

870 4401 1124 4466 Angelum
1163 4402 1327 4467 pacis,
1380 4403 1583 4457 ﬁdelem
1635 4405 1845 4471 ducent,
1888 4412 2162 4466 custodem
2220 4417 2336 4468 ani-
2373 4428 2415 4481 ι)

809 4503 1019 4539 tuarttm
1051 4496 1103 4540 ct
1133 4504 1437 4558 corporum,

876 4573 1264 4643 lndulgentiam
1324 4589 1377 4632 et
1445 4583 1814 4658 remissionem
1867 4600 2210 4654 peccatorum
2285 4605 2340 4649 et

802 4661 1078 4729 Culparum
1110 4666 1411 4722 animarttm
1440 4683 1742 4728 nostrarum
1775 4685 1828 4730 et
1858 4693 2167 4748 corporum.

867 4841 1002 4910 ipse,
1036 4845 1344 4902 Dominator
1367 4854 1628 4917 omnium,
1657 4857 1720 4910 da
1753 4858 1865 4913 iicri
1901 4862 2054 4914 nobis
2090 4878 2332 4916 commu-

799 4933 1122 4986 nicationem
1152 4939 1319 4991 sancti
1347 4945 1588 5007 corporis
1615 4955 1665 4998 et
1692 4948 1968 5016 sanguinis
2005 4950 2200 5004 Christi
2229 4954 2329 5013 ttti,

798 5025 850 5077 iu
871 5026 1026 5078 iidem
1049 5042 1153 5077 non
1174 5027 1593 5099 erubescentem,
1614 5039 1927 5093 charitatem
1946 5055 2048 5092 non
2070 5041 2324 5108 fucatam,

796 5118 939 5170 abun
965 5118 1182 5171 lantiam
1231 5120 1522 5188 sapientiae.
1561 5131 1844 5184 sanitatem
1876 5132 2070 5186 anima:
2109 5143 2160 5186 et
2206 5149 2331 5188 cor-

795 5211 961 5275 poris,
994 5200 1329 5266 avcrsionem
1362 5217 1540 5271 omnis
1583 5224 1857 5286 contrarii,
1897 5224 1948 5277 in
1997 5224 2334 5278 observatio-

797 5313 915 5348 neut
952 5310 1337 5370 prmecptorum
1387 5313 1625 5369 tuorum,
1662 5318 1714 5362 et
1752 5311 2115 5365 defensionem
2153 5312 2334 5380 propi-

798 5396 815 5437 t
843 5391 1034 5443 abitum
1067 5402 1190 5447 ante
1222 5399 1552 5450 tremendum
1586 5399 1821 5456 tribunal
1846 5403 2044 5458 Clu-isti
2071 5405 2172 5459 tui.

2531 1593 2699 1661 ’Υπὲρ
2750 1593 2841 1645 τοῦ
2889 1596 3148 1664 ῥυσθῆναι
3182 1598 3324 1664 ἡμᾶς
3358 1597 3462 1648 ἀπὸ
3512 1599 3687 1664 πάσης
3738 1596 4010 1664 θλίψεως,

2453 1681 2638 1750 ὀργῆς,
2671 1684 2933 1752 ἀνάγκης,
2972 1684 3062 1734 τοῦ
3096 1685 3295 1753 Κυρίου
3325 1686 3620 1753 δεηθῶμεν.

2850 1788 2904 1837 Ὀ
2932 1789 3118 1852 ἱερεὺς
3152 1789 3458 1855 ἐπεύχεται
3487 1791 3615 1859 (Η).

2531 1875 2588 1926 ’0
2615 1875 2747 1936 Θεὸς
2779 1875 2954 1942 ἡμῶν,
2995 1878 3023 1927 ὁ
3052 1876 3178 1937 Θεὸς
3213 1877 3304 1927 τοῦ
3339 1878 3549 1940 σώζειν,
3611 1881 3671 1930 σὺ
3703 1882 3848 1948 ἡμᾶς
3912 1882 4007 1934 δί-

2449 1963 2602 2027 δαξον
2632 1965 2968 2033 εὐχαριστεῖν
3001 1981 3081 2016 σοι
3109 1964 3269 2027 ἀξίως
3291 1965 3399 2016 τῶν
3429 1966 3748 2033 εὐεργεσιῶν
3767 1986 3884 2031 σου,
3920 1964 4008 2020 ὧν

2450 2056 2708 2124 ἐποίησας
2731 2055 2825 2108 καὶ
2853 2059 3023 2117 ποιεῖς
3049 2057 3165 2124 μεθ’
3197 2056 3350 2124 ἡμῶν
3376 2069 3390 2084 °
3427 2058 3490 2108 σὺ
3521 2054 3572 2107 εἴ
3598 2058 3625 2107 ὁ
3654 2058 3784 2119 Θεὸς
3811 2061 4004 2127 ἡμῶν,

2451 2145 2478 2195 ὁ
2507 2144 2934 2212 προσδεξάμενος
2964 2145 3030 2196 τὰ
3066 2147 3210 2213 δῶρα
3237 2145 3404 2197 ταῦτα
3432 2161 3448 2176 °
3497 2146 3786 2215 καθάρισον
3841 2144 4003 2216 ἧμὶς

2450 2236 2556 2288 ἀπὸ
2604 2237 2803 2297 παντὸς
2836 2236 3106 2303 μολυσμοῦ
3145 2237 3343 2305 σαρκὸς
3393 2238 3482 2289 καὶ
3531 2237 3858 2305 πνεύματος,
3903 2243 4006 2292 καὶ

2447 2326 2653 2390 δίδαξον
2695 2327 2957 2377 ἐπιτελεῖν
2993 2327 3298 2395 ἁγιωσύνην
3347 2329 3403 2378 ὲν
3452 2327 3598 2396 φόϐῳ
3628 2344 3738 2389 σου,
3796 2330 3886 2379 ἵνα
3937 2332 4005 2378 ἐν

2456 2415 2674 2482 καθαρῷ
2706 2416 2783 2482 τῷ
2832 2415 3110 2482 μαρτυρίῳ
3153 2407 3252 2482 τῆς
3280 2416 3633 2482 συνειδήσεως
3676 2418 3828 2485 ἡμῶν
3873 2419 4009 2468 imo-

2448 2506 2720 2572 δεχόμενοι
2745 2507 2841 2575 τὴν
2875 2509 3066 2575 μερίδα
3087 2509 3193 2558 τῶν
3234 2509 3587 2576 ἀγιασμάτων
3616 2526 3731 2571 σου,
3781 2511 4006 2561 ἐνωθῶ-

2411 2622 2414 2630 ι
2453 2612 2549 2662 μεν
2593 2595 2668 2664 τῷ
2719 2597 2857 2664 ἁγίῳ
2884 2597 3090 2665 σώματι
3121 2600 3212 2649 καὶ
3243 2599 3432 2665 αἵματι
3460 2597 3552 2649 τοῦ
3588 2599 3817 2666 Χριστοῦ
3875 2617 4002 2660 σου,

2450 2686 2540 2735 καὶ
2569 2681 2951 2752 ὑποδεξάμενοι
2986 2685 3122 2738 αὐτὰ
3158 2683 3323 2749 ἀξίως
3365 2686 3579 2754 σχῶμεν
3625 2688 3712 2739 τὸν
3755 2690 4003 2756 Χριστον

2449 2774 2802 2825 κατοικοῦντα
2835 2775 2890 2824 ὲν
2923 2777 3042 2835 ταῖς
3091 2775 3339 2843 καρδίαις
3393 2776 3567 2844 ἡμῶν,
3593 2779 3685 2827 καὶ
3705 2778 4002 2844 γενώμεθα

2448 2862 2573 2923 ναὸς
2604 2862 2696 2914 τοῦ
2729 2864 2882 2929 ἁγίου
2940 2880 3032 2915 σου
3067 2864 3396 2931 Πνεύματος.
3436 2865 3564 2924 Ναὶ,
3596 2866 3622 2917 ὁ
3654 2867 3782 2928 Θεὸς
3812 2867 3999 2933 ἡμῶν,

2448 2953 2542 3005 καὶ
2573 2954 2772 3020 μηδένα
2806 2954 2960 3023 ἡμῶν
2990 2955 3168 3023 ἔνοχον
3213 2957 3440 3023 ποιήσῃς
3480 2955 3586 3006 τῶν
3615 2957 3858 3023 φρικτῶν
3897 2974 3999 3008 σου

2447 3042 2646 3094 τούτων
2695 3044 2787 3095 καὶ
2848 3044 3183 3112 ἐπουρανίων
3234 3044 3562 3113 μυστηρίων,
3608 3045 3736 3112 μηδὲ
3788 3045 4000 3114 ἀσθενῆ

2371 3127 2411 3181 C
2444 3130 2586 3198 ψυχῇ
2613 3133 2705 3182 καὶ
2727 3129 2935 3199 σώματι
2967 3133 3028 3182 ὲκ
3060 3131 3154 3182 τοῦ
3196 3133 3426 3195 ἀναξίως
3469 3131 3647 3182 αὐτῶν
3703 3135 3999 3200 μεταλαμ-

2448 3220 2629 3271 ϐάνειν
2663 3237 2674 3249 ·
2727 3220 2861 3270 ἀλλά
2909 3221 2996 3280 δὸς
3026 3221 3157 3288 ἡμῖν
3202 3222 3361 3290 μέχρι
3415 3221 3513 3286 τῆς
3548 3222 3777 3289 ἐσχάτης
3831 3223 3999 3289 ἡμῶν

2448 3311 2718 3376 ἀναπνοῆς
2751 3310 2915 3372 ἀξίως
2941 3310 3292 3376 ὑποδέχεσθαι
3329 3310 3425 3377 τὴν
3457 3311 3647 3378 μερίδα
3676 3312 3786 3361 τῶν
3831 3312 4001 3375 ἁγια-

2449 3399 2669 3464 σμάτων
2697 3416 2809 3461 σου,
2842 3401 2920 3459 είς
2973 3398 3182 3464 ὲφόδιοθ
3223 3398 3362 3463 ζωῆς
3399 3400 3635 3459 αἰωνίου,
3683 3400 3759 3460 είς
3795 3400 4000 3450 ἀπολο-

2446 3485 2573 3552 γίαν
2609 3485 2998 3554 εῦπρόσδεκτον
3054 3487 3151 3552 τὴν
3204 3488 3293 3536 ἐπὶ
3342 3486 3435 3537 τοῦ
3484 3487 3710 3553 φοϐεροῦ
3747 3488 4000 3555 βήματος

2444 3573 2536 3626 τοῦ
2569 3575 2802 3644 Χριστοῦ
2838 3592 2927 3626 σου
2958 3591 2970 3605 ·
3003 3576 3146 3636 ὅπως
3173 3577 3237 3627 ἂν
3290 3578 3380 3627 καὶ
3424 3578 3578 3644 ἡμεῖς
3609 3577 3742 3644 μετά
3773 3578 4000 3629 πάντων

2443 3664 2551 3715 τῶν
2582 3665 2771 3730 ἁγίων,
2803 3666 2908 3716 τῶν
2963 3664 3055 3716 ἀπ’
3119 3666 3308 3727 αἰῶνός
3363 3683 3442 3717 σοι
3493 3667 3996 3734 εὐαρεστησάντων,

2444 3755 2727 3824 γενώμεθα
2778 3755 2994 3826 μέτοχοι
3041 3757 3150 3808 τῶν
3197 3758 3424 3810 αἰωνίων
3483 3775 3576 3810 σου
3631 3759 3872 3827 ἀγαθῶν,
3920 3759 4002 3814 ὧν

2444 3848 2746 3917 ἡτοίμασας
2776 3850 2884 3910 τοῖς
2912 3848 3165 3915 ἁγαπῶσί
3216 3865 3295 3907 σε,
3337 3850 3524 3919 Κύριε.

3028 3954 3090 4006 '0
3122 3953 3417 4020 διάκονος.

2525 4040 2856 4099 ’Λντιλαϐοῦ,
2919 4043 3108 4106 σῶσον,
3190 4044 3311 4112 ὲλὲη
3322 4062 3427 4109 σον,

2441 4130 2607 4195 ἡμᾶς,
2642 4132 2669 4180 ὁ
2704 4129 2850 4192 θεὸς,
2880 4133 2941 4198 τῇ
2978 4133 3043 4198 σῇ
3077 4130 3275 4198 χάριτι.

2511 4219 2621 4285 Τὴν
2655 4221 2863 4286 ἡμέραν
2889 4222 3065 4270 πᾶσαν
3092 4220 3320 4283 τελείαν,
3353 4221 3535 4286 ἁγίαν,
3570 4225 3847 4293 εἰρηνικὴν
3897 4231 3996 4282 καὶ

2442 4308 2823 4374 ἀναμάρτητον
2856 4310 3004 4374 παρὰ
3031 4309 3102 4376 τῷ
3128 4311 3311 4379 Κυρίῳ
3339 4311 3704 4379 αἰτησὼμεθα,

2519 4397 2782 4463 ’Ἄγγελον
2818 4399 3057 4467 εἰρήνης,
3109 4400 3314 4466 πιστὸν,
3357 4402 3562 4470 ὁδηγὸν,
3603 4403 3814 4470 φύλακα
3881 4409 3997 4461 τῶν

2440 4486 2624 4555 ψυχῶν
2654 4489 2743 4539 καὶ
2764 4488 2867 4539 τῶν
2901 4489 3185 4558 σώματων,

3510 4047 3600 4097 καὶ
3663 4048 3994 4114 amonem

2510 4578 2839 4647 Συγγνώμην
2883 4582 2972 4631 καὶ
3001 4583 3189 4647 ἄφεσιν
3239 4583 3345 4647 τῶν
3397 4585 3682 4654 ἁμαρτιῶν
3741 4588 3834 4640 καὶ
3881 4590 3994 4642 τῶν

2438 4668 2921 4740 πλημμελημάτων
2970 4674 3076 4726 τῶν
3125 4674 3311 4743 ψυχῶν
3361 4677 3513 4745 ἡμῶν
3570 4678 3661 4730 καὶ
3718 4680 3826 4730 τῶν
3879 4698 3994 4734 om-

2439 4756 2640 4824 μάτων.
3268 4758 3270 4761 ’

2511 4847 2700 4908 Αὐτὸς,
2727 4851 2964 4901 Δέσποτα
2988 4850 3093 4901 τῶν
3111 4851 3383 4914 ἁπάντων,
3421 4851 3507 4912 δὸς
3562 4853 3811 4918 γενέσθαι
3853 4859 3992 4926 ἡμῖν

2437 4936 2536 5002 τὴν
2566 4939 2845 4991 κοινωνίαν
2876 4939 2967 4992 τοῦ
2995 4940 3150 5006 ἁγίου
3187 4942 3434 5009 σώματος
3485 4943 3574 4993 καὶ
3623 4945 3852 5012 αἵματος
3892 4951 3991 5002 τοῦ

2438 5023 2671 5090 Χριστοῦ
2700 5043 2815 5088 σου,
2844 5027 2923 5088 είς
2957 5028 3136 5080 πίστιν
3159 5029 3604 5096 ἁκαταίσχυντον.
3633 5035 3714 5096 είς
3762 5038 3989 5108 ἀγάπην

2437 5112 2807 5183 ἀνυπόκριτον,
2859 5117 2934 5175 εἰς
2983 5115 3291 5184 πλησμονὴν
3329 5119 3533 5185 σοφίας,
3593 5123 3670 5185 είς
3711 5122 3856 5178 τάσιν
3886 5128 3991 5196 ψυ-

2443 5204 2541 5269 χῆς
2573 5205 2663 5254 καὶ
2695 5204 2958 5272 σώματος,
2997 5207 3072 5268 εἰς
3108 5207 3420 5278 ἀποτροπὴν
3455 5213 3653 5276 παντὸς
3707 5215 3986 5279 ἐναντίον,

2441 5293 2517 5352 εἰς
2553 5294 2894 5363 περιποίησιν
2945 5294 3052 5345 τῶν
3115 5297 3338 5349 ἐντολῶν
3399 5317 3511 5363 σου,
3562 5306 3641 5366 είς
3685 5306 3994 5375 ἀπολογίαν

2443 5383 2837 5450 εῦπρόσδεκτον
2859 5384 2955 5454 τὴν
2982 5386 3071 5437 ἐπὶ
3107 5387 3335 5459 φοϐεροῦ
3358 5391 3422 5460 βῆ
3432 5410 3596 5463 ματος
3625 5395 3719 5448 τοῦ
3742 5398 3989 5468 Χριστοῦ

2440 5490 2552 5527 σου.

871 5612 913 5677 (Ι
938 5613 976 5678 ἓ)
1020 5610 1106 5665 list
1147 5616 1256 5670 lucc
1287 5621 1458 5672 oratio
1493 5622 1542 5675 in
1585 5622 1785 5691 vulgati
1831 5625 1907 5679 lit.
1950 5626 2220 5691 S.,Basilii
2258 5633 2310 5680 et
2336 5626 2388 5679 in
2415 5626 2770 5685 Alexandrina
2801 5631 2938 5700 apul
2975 5629 3269 5691 Renaudot.
