4156 6340
735 361 878 423 1319

803 479 887 530 15.
926 475 1105 526 Terra:
1141 486 1338 520 IIIOUIS.

802 568 887 618 16.
920 563 1070 615 Nulla
1122 560 1340 611 mentio.

804 657 890 707 17.
928 653 1168 706 Hominis
1201 651 1288 702 Dei
1311 649 1497 702 Alcxii.

804 747 887 796 18.
920 740 1302 809 Sanctiﬁyrilli
1333 734 1785 806 Jerosolymitani.

804 835 887 887 19.
922 833 1236 884 Sanctorum
1268 828 1550 898 Chryranti
1582 836 1634 880 et
1665 824 1856 878 Dariw.

799 926 884 975 20.
920 922 1069 975 Nulla
1108 919 1325 972 mentio.

801 1014 889 1066 21.
930 1010 1082 1063 Nulla
1110 1008 1328 1061 mentio.

799 1103 888 1156 22.
928 1099 1105 1154 Sancti
1130 1097 1536 1165 sacromartyris
1565 1094 1769 1151 Basilii.

801 1193 884 1245 23.
921 1189 1072 1242 Nulla
1103 1188 1322 1241 mentio.

800 1281 889 1332 24.
917 1278 1068 1330 Nulla
1097 1276 1316 1329 mentio.

800 1369 889 1421 9.5.
921 1365 1267 1419 Annuntiatio
1294 1364 1560 1434 Deiparze.

798 1489 867 1501 --
896 1458 1218 1525 ln_liturgia.

800 1548 888 1602 26.
928 1548 1079 1600 Nulla
1106 1546 1328 1599 mentio.

799 1639 887 1692 27.
921 1637 1129 1690 Sanctae
1153 1637 1425 1690 Matronae.

800 1729 891 1779 28.
918 1727 1066 1778 Nulla
1096 1727 1311 1778 mentio.

802 1818 888 1869 '29.
925 1813 1076 1866 Nulla
1114 1814 1337 1866 mentio.

807 1908 895 1960 30.
930 1906 1108 1959 Sancti
1135 1903 1357 1956 Joannis
1375 1901 1619 1956 Cl.maci.

803 2000 891 2052 51.
923 1997 1077 2051 Nulla
1109 1995 1328 2049 mentio.

1204 2100 1449 2154 MENSIS
1500 2098 1789 2154 APRILIS.

799 2216 850 2268 1.
875 2215 1047 2267 Beata
1074 2212 1274 2266 Mariae.

793 2306 846 2358 2.
875 2303 1195 2357 Sanctorum
1219 2302 1506 2370 Amphiani
1556 2310 1611 2356 et
1642 2299 1843 2355 EtIt-sii.

797 2397 850 2450 3.
877 2393 1028 2447 Nulla
1057 2393 1278 2446 mentio.

793 2488 842 2539 4.
879 2484 1060 2536 Sancti
1083 2482 1343 2535 Theoduli
1378 2491 1429 2535 et
1450 2484 1716 2535 sociorum
1740 2482 1880 2549 ejus.

877 2574 1027 2625 Nulla
1053 2574 1274 2626 mentio.

794 2667 845 2718 6.
892 2665 1069 2717 Sancti
1098 2663 1341 2733 Eutyeliii
1372 2661 1709 2732 patriarchae.

796 2757 847 2807 7.
883 2755 1063 2808 Sancti
1099 2753 1298 2806 Rulini.

791 2845 841 2896 8.
872 2844 1193 2896 Sanctorum
1241 2841 1609 2910 apostolorum
1705 2837 1825 2891 [tuti
1893 2848 1947 2893 ct
2003 2840 2273 2895 sociorum

722 2935 863 3000 ejus.

790 3025 842 3079 9.
883 3023 1034 3077 Nulla
1058 3023 1280 3076 mentio.

798 3119 876 3168 lt).
912 3115 1095 3169 Sancti
1134 3114 1385 3184 martyris
1408 3113 1665 3171 Terentii.

791 3204 875 3256 1|.
906 3203 1087 3255 Sancti
1125 3203 1355 3269 Antipaz.

791 3294 874 3344 12.
908 3292 1059 3344 Nulla
1091 3294 1312 3344 mentio.

790 3385 872 3435 15.
912 3382 1064 3434 Nulla
1091 3383 1318 3434 mentio.

794 3473 878 3523 14.
911 3469 1066 3522 Nulla
1106 3472 1326 3522 mentio.

793 3561 881 3613 15.
915 3560 1069 3612 Nulla
1104 3560 1319 3611 mentio.

793 3650 877 3702 16.
913 3648 1123 3702 Sancta:
1153 3649 1383 3717 Agapcs,
1409 3659 1461 3704 et
1491 3650 1757 3704 sociarum
1784 3650 1921 3719 ejus.

789 3739 874 3793 17.
909 3737 1062 3791 Nulla
1099 3739 1319 3792 mentio.
1576 3735 1578 3738 ’

787 3829 874 3883 18.
905 3828 1086 3882 Sancti
1127 3826 1332 3883 Jacobi.

791 3921 875 3975 19.
912 3921 1063 3973 Nulla
1090 3921 1309 3974 mentio.

789 4011 877 4066 20.
913 4011 1065 4063 Nulla
1090 4012 1311 4065 mentio.

788 4102 878 4154 21.
911 4101 1066 4152 Nulla
1093 4104 1313 4154 mentio.

785 4192 874 4244 22.
901 4190 1043 4243 Beati
1068 4190 1335 4244 Theodori
1359 4191 1577 4246 Siceoti.

789 4281 875 4333 25.
905 4279 1086 4333 Sancti
1119 4289 1368 4348 martyris
1398 4282 1633 4350 Georgii.

786 4368 874 4417 2.1.
910 4365 1061 4417 Nulla
1092 4368 1312 4417 mentio.
1525 4365 1544 4383 ⁹

777 4455 869 4505 25.
905 4454 1085 4505 Sancti
1108 4455 1338 4521 apostoli
1373 4454 1557 4508 Mam.

781 4544 871 4593 26.
902 4541 1083 4595 Sancti
1121 4547 1529 4613 sacromartyris
1560 4545 1759 4600 Basilii.

788 4632 874 4686 27,
909 4631 1062 4684 Nulla
1090 4635 1307 4686 mentio.

787 4719 877 4773 28..
916 4721 1071 4772 Nulla
1104 4724 1321 4780 mentio.

786 4813 875 4863 9.9.
913 4811 1094 4862 Sancti
1127 4812 1339 4867 Simeon
1376 4819 1586 4882 cognati
1619 4817 1842 4871 Domini.

786 4898 874 4950 50.
906 4899 1086 4951 Sancti
1118 4900 1301 4952 Jacobi
1353 4907 1528 4957 l'ratt'is
1564 4905 1676 4956 Dei.

1223 5007 1470 5061 llEtVSlS
1523 5010 1753 5065 MAIUS.

790 5109 838 5161 1.
871 5108 1049 5162 Sancti
1087 5110 1352 5178 proplieta-
1374 5110 1634 5164 Jcrcmim.

779 5198 831 5248 ‘2.
863 5199 1044 5251 Sancti
1078 5201 1380 5253 Athanasii.

785 5289 834 5337 5.
867 5288 1045 5340 Sancti
1078 5292 1325 5358 martyris
1355 5289 1637 5347 Timothei.

785 5378 833 5427 4,
863 5377 1011 5429 Nulla
1037 5381 1257 5433 mentio.

788 5464 837 5513 5.
871 5464 1018 5517 Nulla
1055 5471 1274 5532 mentio,

786 5553 837 5602 ὕ.
866 5553 998 5608 Justi
1029 5557 1147 5608 Job.

787 5635 835 5688 7.
863 5639 1014 5694 Nulla
1042 5646 1260 5697 mentio.

1479 348 1861 408 OPUSCULA
1905 345 2312 406 LITURGICA
2352 345 2693 406 INCERTAS
2722 345 3030 408 ᾸΞΤΑΤΙΒ.

2307 466 2353 519 Α
2460 459 2541 514 ιε’.
2575 460 2681 513 Τοῦ
2713 460 2957 531 σεισμοῦ.

2433 548 2529 611 ις’.
2566 549 2726 603 Δείπ.

2445 641 2532 702 ιζ’.
2577 640 2682 693 Τοῦ
2709 639 2993 708 ἀνθρώπου
3020 640 3109 692 τοῦ
3139 640 3272 692 θεοῦ
3317 639 3575 704 Ἀλεξίου.

2447 728 2538 799 ιη’.
2568 729 2674 783 Τοῦ
2699 729 2851 797 ἁγίου
2882 731 3147 799 Κυρίλὶου
3190 730 3704 799 Ἰεροσολυμιτάνου.

2455 820 2541 874 ιθ’.
2571 821 2692 874 Τῶν
2722 822 2888 888 ἁγίων
2914 820 3226 890 Χρυσὰνόου
3260 820 3350 872 καὶ
3372 820 3617 889 Δαρείας.

2459 911 2528 967 κ’.
2564 913 2723 967 Δείπ.

2448 1002 2553 1056 κα’.
2584 1003 2742 1057 Λείπ.

2458 1092 2560 1164 κβ’.
2592 1093 2697 1146 Τοῦ
2729 1093 2882 1162 ἁγίου
2912 1093 3295 1166 ίερομὰρτυρο;
3333 1089 3629 1145 Βασιλείου.

2446 1189 2551 1250 κγ’.
2589 1185 2748 1237 Λείπ.

2454 1272 2530 1324 κδ’
2538 1313 2552 1326 .
2582 1275 2738 1326 Δείπ.

2443 1361 2538 1414 κε’.
2586 1363 2644 1416 ’0
2676 1365 3063 1433 εὐαγγελισμὸς
3091 1366 3188 1434 τῆς
3216 1365 3494 1419 Θεοτόκου.

2583 1456 2662 1514 είς
2697 1455 2792 1522 τὴν
2817 1455 3172 1525 λειτουργίαν.

2444 1548 2557 1606 κς’.
2584 1542 2740 1595 Λείπ.

2446 1635 2561 1697 κζ’.
2616 1634 2722 1701 Τῆς
2756 1633 2917 1696 ἁγίας
2961 1634 3284 1704 Ματρώνας.

2448 1723 2554 1789 κη’.
2585 1724 2744 1778 Λείπ.

2454 1814 2555 1867 κο’.
2587 1813 2742 1867 Λείπ.

2451 1904 2513 1956 λ’.
2546 1903 2651 1956 Τοῦ
2678 1904 2829 1971 ἁγίου
2874 1905 3116 1957 Ἰωάννου
3141 1904 3235 1972 τῆς
3262 1905 3561 1973 Κλίμακος.

2451 1992 2552 2046 λα’.
2589 1993 2748 2046 Λείπ.
3000 1993 3003 1996 ’

2863 2100 3017 2152 ΜΙΙΝ
3059 2100 3438 2153 ΑΠΡΙΛΛΙΟΣ.

2449 2203 2518 2258 α’.
2561 2206 2671 2274 Τῆς
2702 2207 2854 2267 ὁσίας
2882 2207 3117 2274 Μαρίας.

2445 2297 2512 2364 β’.
2547 2296 2668 2347 Τῶν
2695 2296 2863 2364 ἁγίων
2897 2296 3211 2366 ’Λμφιανοῦ,
3246 2299 3337 2350 καὶ
3377 2299 3644 2355 Ἐδεσίου.

2445 2394 2515 2455 γ’.
2543 2389 2700 2441 Λείπ.

2443 2477 2506 2531 δ’.
2535 2478 2641 2530 Τοῦ
2671 2478 2825 2546 ἁγίου
2854 2478 3164 2540 Θεοδοῦλου,
3201 2481 3294 2532 καὶ
3321 2481 3426 2532 τῶν
3455 2481 3552 2534 σὺν
3579 2482 3752 2552 αὐτῷ.

2447 2566 2508 2620 ε’.
2550 2568 2710 2622 Λείττ.

2446 2655 2520 2720 ς’.
2566 2657 2671 2709 Τοῦ
2700 2658 2854 2725 ἁγίου
2882 2658 3140 2726 Εὐτυχίου
3173 2661 3527 2728 πατριάρχου.

2445 2747 2508 2812 ζ’.
2545 2747 2650 2800 Τοῦ
2679 2748 2832 2814 ἁγίου
2869 2748 3166 2815 Ῥουφῖνον.

2455 2835 2526 2905 η’.
2575 2837 2696 2892 Τῶν
2732 2839 2903 2905 ἁγίων
2943 2839 3249 2891 ἀποστόλων
3287 2837 3508 2906 Ῥούφου
3547 2838 3776 2890 καὶτῶν

2373 2926 2542 2995 αὐτῷ.

2457 3016 2523 3069 Θ’.
2572 3016 2732 3070 Λείπ.

2295 3086 2344 3152 C
2452 3112 2505 3159 t'.
2536 3105 2641 3158 Τοῦ
2673 3107 2830 3174 ἁγίου
2860 3106 3134 3177 μάρτυρος
3160 3109 3463 3179 Τερεντίου.

2453 3203 2536 3249 ια’.
2565 3197 2671 3249 Τοῦ
2699 3198 2852 3264 ἁγίου
2889 3200 3125 3252 Ἀντίπα.

2442 3285 2532 3353 ιβ’.
2565 3287 2723 3338 Λείπ.

2443 3379 2534 3441 ιγ’.
2563 3375 2722 3428 Δείπ.

2444 3463 2525 3517 ιδ’.
2563 3463 2721 3515 Δείπ.

2439 3549 2521 3605 ιε’.
2558 3551 2718 3604 Δείπ.

2441 3638 2541 3704 ις’.
2582 3639 2693 3709 Τῆς
2717 3640 2875 3709 ἁγίας
2913 3643 3176 3712 ’Λγὰπης.
3208 3646 3298 3697 καὶ
3325 3645 3429 3698 τῶν
3459 3648 3553 3699 σὺν
3577 3648 3738 3717 αὐτῇ.

2440 3731 2525 3793 ιζ’.
2570 3731 2729 3782 Λείπ.

2441 3821 2530 3889 ιη’.
2573 3821 2678 3874 Τοῦ
2711 3823 2863 3892 ἁγίου
2904 3824 3178 3879 ⁹1ακὼίου.

2437 3913 2523 3968 tO’.
2550 3915 2710 3967 Λείπ.

2443 4013 2513 4060 κ’.
2546 4008 2704 4062 Asia.

2439 4105 2544 4153 κα’.
2591 4101 2747 4154 Δείπ.

2429 4189 2534 4257 κβ’.
2569 4189 2674 4242 Τοῦ
2708 4190 2851 4242 ὁσίου
2885 4190 3155 4259 Θεοδώρου
3192 4193 3478 4246 Σικεώτου.

2445 4277 2550 4344 καί.
2590 4277 2694 4330 Τοῦ
2730 4279 2884 4344 ἁγίου
2911 4280 3181 4348 μάρτυρος
3205 4280 3491 4348 Γεωργίου.

2443 4368 2537 4420 κδ’.
2581 4369 2735 4421 Acin.

2442 4458 2536 4512 κε’.
2575 4458 2680 4512 Τοῦ
2705 4460 2857 4527 ἁγίου
2883 4460 3178 4512 ἀποστόλου
3208 4461 3432 4528 Μάρκου

2439 4557 2550 4613 κςθ.
2587 4552 2691 4602 Τοῦ
2724 4551 2876 4618 ἁγίου
2904 4551 3291 4621 ίερομὰρτυρος
3319 4551 3616 4607 Βασιλείου.

2445 4641 2546 4702 κζ’.
2590 4642 2750 4694 Λείπ.

2437 4734 2539 4797 κη’.
2566 4729 2721 4781 Λείπ.

3792 338 3956 403 1320

3837 2840 3952 2891 σὺν

2429 4816 2530 4868 κΘ’.
2558 4818 2661 4869 Τοῦ
2690 4819 2841 4883 ἁγίου
2869 4818 3090 4888 Συμεὼν
3113 4819 3203 4872 τοῦ
3237 4820 3527 4887 συγγενοῦς
3555 4820 3645 4872 τοῦ
3679 4824 3925 4890 Κυτλου.

2439 4906 2500 4959 λ’.
2545 4908 2648 4958 Τοῦ
2675 4909 2828 4975 ἁγίου
2873 4909 3121 4961 Ἰακὼὃου
3152 4911 3242 4961 τοῦ
3271 4913 3494 4980 ἀδελφοῦ
3525 4914 3681 4965 Θεοῦ.

2921 5017 3072 5069 ΜΗΝ
3105 5020 3331 5072 ΜΑΙΟΣ.

2427 5138 2495 5175 α.
2537 5121 2642 5173 Τοῦ
2670 5124 2824 5189 ἁγίου
2858 5130 3132 5194 προφήτου
3175 5128 3453 5198 Ἰερεμίου.

2434 5211 2500 5281 β’.
2545 5213 2650 5264 Τοῦ
2687 5214 2839 5280 ἁγίου
2874 5215 3209 5271 ’Δίιανασίου.

2433 5300 2501 5365 γ’.
2549 5303 2652 5354 Τοῦ
2680 5304 2834 5373 ἁγίου
2849 5308 3134 5377 ιμάρτυρος
3165 5310 3446 5377 Τιμοθείου.

2419 5390 2479 5442 δ’.
2513 5393 2670 5445 Δείπ.

2422 5489 2482 5534 ε’.
2514 5485 2668 5536 Λείπ.

2424 5580 2495 5634 ς’.
2532 5577 2634 5626 Τοῦ
2665 5577 2868 5630 δικαίου
2907 5579 3023 5631 ’1ὡὸ

2422 5665 2485 5726 ζ’.
2521 5668 2676 5720 Λείπ.
