  <div class='ocr_page' id='page_1' title='image "/cluster/home/n/w/nwhite01/storage/ocr_20150623/106/pst.000005714162/718.png"; bbox 0 0 4156 6340; ppageno 0'>
   <div class='ocr_carea' id='block_1_1' title="bbox 250 368 373 431">
    <p class='ocr_par' dir='ltr' id='par_1_1' title="bbox 250 368 373 431">
     <span class='ocr_line' id='line_1_1' title="bbox 250 368 373 431; baseline -0.024 0"><span class='ocrx_word' id='word_1_1' title='bbox 250 368 373 431; x_wconf 76' lang='grc'><strong>1361</strong></span> 
     </span>
    </p>
   </div>
   <div class='ocr_carea' id='block_1_2' title="bbox 877 355 2758 428">
    <p class='ocr_par' dir='ltr' id='par_1_2' title="bbox 877 355 2758 428">
     <span class='ocr_line' id='line_1_2' title="bbox 877 355 2758 428; baseline -0.002 -1"><span class='ocrx_word' id='word_1_2' title='bbox 877 355 889 365; x_wconf 66' lang='grc'><em>’</em></span> <span class='ocrx_word' id='word_1_3' title='bbox 937 367 1694 428; x_wconf 70' lang='lat' dir='ltr'><strong>INTERPRETATIONES</strong></span> <span class='ocrx_word' id='word_1_4' title='bbox 1737 367 2167 427; x_wconf 76' lang='lat' dir='ltr'><strong>DlVlNORUM</strong></span> <span class='ocrx_word' id='word_1_5' title='bbox 2208 365 2758 427; x_wconf 73' lang='lat' dir='ltr'><strong>MANDATORUM.</strong></span> 
     </span>
    </p>
   </div>
   <div class='ocr_carea' id='block_1_3' title="bbox 3315 361 3448 426">
    <p class='ocr_par' dir='ltr' id='par_1_3' title="bbox 3315 361 3448 426">
     <span class='ocr_line' id='line_1_3' title="bbox 3315 361 3448 426; baseline 0 -3"><span class='ocrx_word' id='word_1_6' title='bbox 3315 361 3448 426; x_wconf 72' lang='lat' dir='ltr'><strong>i362</strong></span> 
     </span>
    </p>
   </div>
   <div class='ocr_carea' id='block_1_4' title="bbox 242 474 1813 545">
    <p class='ocr_par' dir='ltr' id='par_1_4' title="bbox 242 474 1793 545">
     <span class='ocr_line' id='line_1_4' title="bbox 242 474 1793 545; baseline -0.002 -17"><span class='ocrx_word' id='word_1_7' title='bbox 242 475 694 544; x_wconf 70' lang='grc' dir='ltr'>ἀπηγορευμένας</span> <span class='ocrx_word' id='word_1_8' title='bbox 737 474 958 545; x_wconf 78' lang='grc' dir='ltr'>πράξεις</span> <span class='ocrx_word' id='word_1_9' title='bbox 994 478 1131 527; x_wconf 81' lang='grc' dir='ltr'>τισὶν</span> <span class='ocrx_word' id='word_1_10' title='bbox 1184 478 1605 543; x_wconf 81' lang='grc' dir='ltr'>ὐποτάσσομενοι</span> <span class='ocrx_word' id='word_1_11' title='bbox 1661 494 1793 544; x_wconf 85' lang='grc' dir='ltr'>προ-</span> 
     </span>
    </p>
   </div>
   <div class='ocr_carea' id='block_1_5' title="bbox 1895 474 3447 545">
    <p class='ocr_par' dir='ltr' id='par_1_5' title="bbox 1898 474 3447 544">
     <span class='ocr_line' id='line_1_5' title="bbox 1898 474 3447 544; baseline -0.001 -17"><span class='ocrx_word' id='word_1_12' title='bbox 1898 479 2193 544; x_wconf 77' lang='lat' dir='ltr'><strong>proliibitas</strong></span> <span class='ocrx_word' id='word_1_13' title='bbox 2253 479 2491 531; x_wconf 90' lang='lat' dir='ltr'><strong>actiones</strong></span> <span class='ocrx_word' id='word_1_14' title='bbox 2564 476 2836 544; x_wconf 79' lang='lat' dir='ltr'><strong>aliquibus</strong></span> <span class='ocrx_word' id='word_1_15' title='bbox 2913 474 3136 538; x_wconf 87' lang='lat' dir='ltr'><strong>subjecti</strong></span> <span class='ocrx_word' id='word_1_16' title='bbox 3196 485 3447 541; x_wconf 68' lang='lat' dir='ltr'><strong>prmtextn</strong></span> 
     </span>
    </p>
   </div>
   <div class='ocr_carea' id='block_1_6' title="bbox 244 565 1787 634">
    <p class='ocr_par' dir='ltr' id='par_1_6' title="bbox 244 565 1787 634">
     <span class='ocr_line' id='line_1_6' title="bbox 244 565 1787 634; baseline -0.003 -15"><span class='ocrx_word' id='word_1_17' title='bbox 244 569 400 633; x_wconf 77' lang='grc' dir='ltr'>φάσει</span> <span class='ocrx_word' id='word_1_18' title='bbox 448 567 720 634; x_wconf 82' lang='grc' dir='ltr'><strong>ὑπακοῆς,</strong></span> <span class='ocrx_word' id='word_1_19' title='bbox 771 568 865 618; x_wconf 74' lang='grc' dir='ltr'><strong>καὶ</strong></span> <span class='ocrx_word' id='word_1_20' title='bbox 907 567 1145 632; x_wconf 76' lang='grc' dir='ltr'>ὲκκοπῆς</span> <span class='ocrx_word' id='word_1_21' title='bbox 1177 565 1494 634; x_wconf 80' lang='grc' dir='ltr'>Θελημάτων</span> <span class='ocrx_word' id='word_1_22' title='bbox 1522 605 1536 626; x_wconf 91' lang='grc'><strong>,</strong></span> <span class='ocrx_word' id='word_1_23' title='bbox 1572 566 1648 633; x_wconf 80' lang='grc' dir='ltr'><strong>τῷ</strong></span> <span class='ocrx_word' id='word_1_24' title='bbox 1671 565 1787 615; x_wconf 88' lang='grc' dir='ltr'>δια-</span> 
     </span>
    </p>
   </div>
   <div class='ocr_carea' id='block_1_7' title="bbox 245 657 1788 725">
    <p class='ocr_par' dir='ltr' id='par_1_7' title="bbox 245 657 1788 725">
     <span class='ocr_line' id='line_1_7' title="bbox 245 657 1788 725; baseline -0.001 -16"><span class='ocrx_word' id='word_1_25' title='bbox 245 659 415 723; x_wconf 74' lang='grc' dir='ltr'>δόλῳ,</span> <span class='ocrx_word' id='word_1_26' title='bbox 452 658 543 708; x_wconf 75' lang='grc' dir='ltr'><strong>καὶ</strong></span> <span class='ocrx_word' id='word_1_27' title='bbox 573 659 681 717; x_wconf 81' lang='grc' dir='ltr'>τοῖς</span> <span class='ocrx_word' id='word_1_28' title='bbox 714 659 771 709; x_wconf 84' lang='grc' dir='ltr'>ὲν</span> <span class='ocrx_word' id='word_1_29' title='bbox 804 657 990 710; x_wconf 85' lang='grc' dir='ltr'>πόλεσι</span> <span class='ocrx_word' id='word_1_30' title='bbox 1026 657 1302 724; x_wconf 78' lang='grc' dir='ltr'><strong>δημοσίοις</strong></span> <span class='ocrx_word' id='word_1_31' title='bbox 1334 657 1788 725; x_wconf 80' lang='grc' dir='ltr'>παρεικάζονται,</span> 
     </span>
    </p>
   </div>
   <div class='ocr_carea' id='block_1_8' title="bbox 244 745 1790 816">
    <p class='ocr_par' dir='ltr' id='par_1_8' title="bbox 244 745 1790 816">
     <span class='ocr_line' id='line_1_8' title="bbox 244 745 1790 816; baseline 0.001 -19"><span class='ocrx_word' id='word_1_32' title='bbox 244 749 341 799; x_wconf 80' lang='grc' dir='ltr'>οὐκ</span> <span class='ocrx_word' id='word_1_33' title='bbox 370 745 721 812; x_wconf 70' lang='grc' dir='ltr'><strong>ἐκφεύξονται</strong></span> <span class='ocrx_word' id='word_1_34' title='bbox 769 747 827 800; x_wconf 79' lang='grc' dir='ltr'>δὲ</span> <span class='ocrx_word' id='word_1_35' title='bbox 881 748 940 799; x_wconf 86' lang='grc' dir='ltr'><strong>τὸ</strong></span> <span class='ocrx_word' id='word_1_36' title='bbox 998 751 1170 816; x_wconf 84' lang='grc' dir='ltr'>κρῖμα</span> <span class='ocrx_word' id='word_1_37' title='bbox 1218 747 1309 798; x_wconf 85' lang='grc' dir='ltr'><strong>τοῦ</strong></span> <span class='ocrx_word' id='word_1_38' title='bbox 1365 745 1520 809; x_wconf 82' lang='grc' dir='ltr'>θεοῦ,</span> <span class='ocrx_word' id='word_1_39' title='bbox 1574 745 1694 798; x_wconf 74' lang='grc' dir='ltr'>οὔτε</span> <span class='ocrx_word' id='word_1_40' title='bbox 1742 749 1790 798; x_wconf 84' lang='grc' dir='ltr'><strong>οί</strong></span> 
     </span>
    </p>
   </div>
   <div class='ocr_carea' id='block_1_9' title="bbox 245 836 1794 900">
    <p class='ocr_par' dir='ltr' id='par_1_9' title="bbox 245 836 1794 900">
     <span class='ocr_line' id='line_1_9' title="bbox 245 836 1794 900; baseline 0.001 -11"><span class='ocrx_word' id='word_1_41' title='bbox 245 837 623 898; x_wconf 79' lang='grc' dir='ltr'>ὑπακούοντες,</span> <span class='ocrx_word' id='word_1_42' title='bbox 652 836 772 889; x_wconf 80' lang='grc' dir='ltr'>οὔτε</span> <span class='ocrx_word' id='word_1_43' title='bbox 799 838 847 888; x_wconf 86' lang='grc' dir='ltr'><strong>οί</strong></span> <span class='ocrx_word' id='word_1_44' title='bbox 882 837 1280 899; x_wconf 76' lang='grc' dir='ltr'>ἐπιτάττοντες,</span> <span class='ocrx_word' id='word_1_45' title='bbox 1310 837 1422 888; x_wconf 75' lang='grc' dir='ltr'>ἀλλ’</span> <span class='ocrx_word' id='word_1_46' title='bbox 1444 837 1666 900; x_wconf 73' lang='grc' dir='ltr'>ἕκαστος</span> <span class='ocrx_word' id='word_1_47' title='bbox 1696 838 1794 890; x_wconf 86' lang='grc' dir='ltr'><strong>δώ-</strong></span> 
     </span>
    </p>
   </div>
   <div class='ocr_carea' id='block_1_10' title="bbox 246 926 1269 996">
    <p class='ocr_par' dir='ltr' id='par_1_10' title="bbox 246 926 1269 996">
     <span class='ocr_line' id='line_1_10' title="bbox 246 926 1269 996; baseline 0.002 -19"><span class='ocrx_word' id='word_1_48' title='bbox 246 944 324 979; x_wconf 85' lang='grc' dir='ltr'><strong>σει</strong></span> <span class='ocrx_word' id='word_1_49' title='bbox 356 928 506 989; x_wconf 82' lang='grc' dir='ltr'>δίκας</span> <span class='ocrx_word' id='word_1_50' title='bbox 540 927 678 981; x_wconf 84' lang='grc' dir='ltr'><strong>κατὰ</strong></span> <span class='ocrx_word' id='word_1_51' title='bbox 708 929 804 990; x_wconf 80' lang='grc' dir='ltr'>τὰς</span> <span class='ocrx_word' id='word_1_52' title='bbox 830 928 1053 996; x_wconf 75' lang='grc' dir='ltr'>πράξεις</span> <span class='ocrx_word' id='word_1_53' title='bbox 1082 926 1269 980; x_wconf 73' lang='grc' dir='ltr'>αὑτοῦ.</span> 
     </span>
    </p>
   </div>
   <div class='ocr_carea' id='block_1_11' title="bbox 315 1012 1796 1085">
    <p class='ocr_par' dir='ltr' id='par_1_11' title="bbox 315 1012 1796 1085">
     <span class='ocr_line' id='line_1_11' title="bbox 315 1012 1796 1085; baseline 0.001 -16"><span class='ocrx_word' id='word_1_54' title='bbox 315 1015 379 1082; x_wconf 85' lang='grc' dir='ltr'><strong>γ’.</strong></span> <span class='ocrx_word' id='word_1_55' title='bbox 423 1016 712 1085; x_wconf 84' lang='grc' dir='ltr'>Ἐρμηνεία</span> <span class='ocrx_word' id='word_1_56' title='bbox 746 1018 852 1067; x_wconf 71' lang='grc' dir='ltr'><strong>τῶν</strong></span> <span class='ocrx_word' id='word_1_57' title='bbox 897 1016 1054 1067; x_wconf 87' lang='grc' dir='ltr'>Οείων</span> <span class='ocrx_word' id='word_1_58' title='bbox 1095 1016 1318 1068; x_wconf 72' lang='grc' dir='ltr'>ἐντολῶν</span> <span class='ocrx_word' id='word_1_59' title='bbox 1357 1017 1448 1070; x_wconf 83' lang='grc' dir='ltr'><strong>τοῦ</strong></span> <span class='ocrx_word' id='word_1_60' title='bbox 1487 1012 1689 1085; x_wconf 77' lang='grc' dir='ltr'>Κυρίου</span> <span class='ocrx_word' id='word_1_61' title='bbox 1739 1020 1796 1070; x_wconf 80' lang='grc' dir='ltr'>ἐν</span> 
     </span>
    </p>
   </div>
   <div class='ocr_carea' id='block_1_12' title="bbox 246 1105 1791 1173">
    <p class='ocr_par' dir='ltr' id='par_1_12' title="bbox 246 1105 1791 1173">
     <span class='ocr_line' id='line_1_12' title="bbox 246 1105 1791 1173; baseline 0.004 -19"><span class='ocrx_word' id='word_1_62' title='bbox 246 1107 496 1173; x_wconf 76' lang='grc' dir='ltr'>ἐπιτομῇ,</span> <span class='ocrx_word' id='word_1_63' title='bbox 531 1105 593 1156; x_wconf 75' lang='grc' dir='ltr'>εκ</span> <span class='ocrx_word' id='word_1_64' title='bbox 622 1122 680 1156; x_wconf 89' lang='grc' dir='ltr'>τε</span> <span class='ocrx_word' id='word_1_65' title='bbox 711 1106 801 1156; x_wconf 85' lang='grc' dir='ltr'><strong>τοῦ</strong></span> <span class='ocrx_word' id='word_1_66' title='bbox 834 1105 1254 1173; x_wconf 82' lang='grc' dir='ltr'>Χρυσοστόμου,</span> <span class='ocrx_word' id='word_1_67' title='bbox 1311 1109 1403 1158; x_wconf 79' lang='grc' dir='ltr'><strong>καὶ</strong></span> <span class='ocrx_word' id='word_1_68' title='bbox 1434 1109 1636 1170; x_wconf 79' lang='grc' dir='ltr'>ἑτέρων</span> <span class='ocrx_word' id='word_1_69' title='bbox 1681 1109 1791 1160; x_wconf 79' lang='grc' dir='ltr'>διαο</span> 
     </span>
    </p>
   </div>
   <div class='ocr_carea' id='block_1_13' title="bbox 245 1197 1794 1264">
    <p class='ocr_par' dir='ltr' id='par_1_13' title="bbox 245 1197 1794 1264">
     <span class='ocr_line' id='line_1_13' title="bbox 245 1197 1794 1264; baseline 0.003 -17"><span class='ocrx_word' id='word_1_70' title='bbox 245 1197 424 1264; x_wconf 78' lang='grc' dir='ltr'>φόρων</span> <span class='ocrx_word' id='word_1_71' title='bbox 443 1197 699 1264; x_wconf 85' lang='grc' dir='ltr'>Πατέρων</span> <span class='ocrx_word' id='word_1_72' title='bbox 725 1197 991 1262; x_wconf 81' lang='grc' dir='ltr'>κεφάλαια</span> <span class='ocrx_word' id='word_1_73' title='bbox 1027 1200 1366 1250; x_wconf 78' lang='grc' dir='ltr'><strong>συντείνοντα</strong></span> <span class='ocrx_word' id='word_1_74' title='bbox 1399 1200 1474 1261; x_wconf 81' lang='grc' dir='ltr'><strong>είς</strong></span> <span class='ocrx_word' id='word_1_75' title='bbox 1500 1201 1593 1260; x_wconf 77' lang='grc' dir='ltr'><strong>τὰς</strong></span> <span class='ocrx_word' id='word_1_76' title='bbox 1627 1200 1794 1262; x_wconf 78' lang='grc' dir='ltr'>αὐτὰς</span> 
     </span>
    </p>
   </div>
   <div class='ocr_carea' id='block_1_14' title="bbox 245 1285 1792 1358">
    <p class='ocr_par' dir='ltr' id='par_1_14' title="bbox 245 1285 1792 1358">
     <span class='ocr_line' id='line_1_14' title="bbox 245 1285 1792 1358; baseline 0.002 -21"><span class='ocrx_word' id='word_1_77' title='bbox 245 1285 557 1354; x_wconf 73' lang='grc' dir='ltr'>ἑρμηνείας·</span> <span class='ocrx_word' id='word_1_78' title='bbox 592 1287 684 1343; x_wconf 83' lang='grc' dir='ltr'><strong>καὶ</strong></span> <span class='ocrx_word' id='word_1_79' title='bbox 715 1288 796 1338; x_wconf 84' lang='grc' dir='ltr'><strong>ὄτι</strong></span> <span class='ocrx_word' id='word_1_80' title='bbox 829 1289 854 1337; x_wconf 84' lang='grc' dir='ltr'>ὁ</span> <span class='ocrx_word' id='word_1_81' title='bbox 883 1288 966 1338; x_wconf 77' lang='grc' dir='ltr'><strong>διὰ</strong></span> <span class='ocrx_word' id='word_1_82' title='bbox 1001 1289 1097 1356; x_wconf 83' lang='grc' dir='ltr'>τὴν</span> <span class='ocrx_word' id='word_1_83' title='bbox 1131 1289 1327 1356; x_wconf 77' lang='grc' dir='ltr'>ἀρετὴν</span> <span class='ocrx_word' id='word_1_84' title='bbox 1358 1294 1579 1358; x_wconf 81' lang='grc' dir='ltr'>πάσχων</span> <span class='ocrx_word' id='word_1_85' title='bbox 1614 1291 1792 1351; x_wconf 76' lang='grc' dir='ltr'>κακῶς</span> 
     </span>
    </p>
   </div>
   <div class='ocr_carea' id='block_1_15' title="bbox 246 1369 1796 1444">
    <p class='ocr_par' dir='ltr' id='par_1_15' title="bbox 246 1369 1796 1444">
     <span class='ocr_line' id='line_1_15' title="bbox 246 1369 1796 1444; baseline 0.005 -20"><span class='ocrx_word' id='word_1_86' title='bbox 246 1377 392 1442; x_wconf 62' lang='grc' dir='ltr'>παρὰ</span> <span class='ocrx_word' id='word_1_87' title='bbox 417 1375 522 1425; x_wconf 87' lang='grc' dir='ltr'>τῶν</span> <span class='ocrx_word' id='word_1_88' title='bbox 551 1374 850 1442; x_wconf 76' lang='grc' dir='ltr'>ἀνθρώπων</span> <span class='ocrx_word' id='word_1_89' title='bbox 877 1369 1026 1437; x_wconf 74' lang='grc' dir='ltr'>οὗτος</span> <span class='ocrx_word' id='word_1_90' title='bbox 1063 1378 1418 1444; x_wconf 82' lang='grc' dir='ltr'>μακαριστὸς,</span> <span class='ocrx_word' id='word_1_91' title='bbox 1444 1381 1470 1429; x_wconf 87' lang='grc' dir='ltr'>ὀ</span> <span class='ocrx_word' id='word_1_92' title='bbox 1496 1380 1549 1431; x_wconf 80' lang='grc' dir='ltr'>δὲ</span> <span class='ocrx_word' id='word_1_93' title='bbox 1573 1380 1640 1432; x_wconf 80' lang='grc' dir='ltr'>δι’</span> <span class='ocrx_word' id='word_1_94' title='bbox 1666 1381 1796 1431; x_wconf 72' lang='grc' dir='ltr'>αὐτὸ</span> 
     </span>
    </p>
   </div>
   <div class='ocr_carea' id='block_1_16' title="bbox 243 1464 1794 1532">
    <p class='ocr_par' dir='ltr' id='par_1_16' title="bbox 243 1464 1794 1532">
     <span class='ocr_line' id='line_1_16' title="bbox 243 1464 1794 1532; baseline 0.006 -19"><span class='ocrx_word' id='word_1_95' title='bbox 243 1466 304 1513; x_wconf 69' lang='grc' dir='ltr'><strong>τ’)</strong></span> <span class='ocrx_word' id='word_1_96' title='bbox 337 1464 500 1515; x_wconf 83' lang='grc' dir='ltr'>κακὸν</span> <span class='ocrx_word' id='word_1_97' title='bbox 531 1465 752 1532; x_wconf 78' lang='grc' dir='ltr'><strong>πάσχων</strong></span> <span class='ocrx_word' id='word_1_98' title='bbox 784 1465 1093 1528; x_wconf 82' lang='grc' dir='ltr'>πανάθλιος·</span> <span class='ocrx_word' id='word_1_99' title='bbox 1129 1470 1220 1520; x_wconf 74' lang='grc' dir='ltr'><strong>καὶ</strong></span> <span class='ocrx_word' id='word_1_100' title='bbox 1252 1469 1331 1519; x_wconf 86' lang='grc' dir='ltr'>ὃτι</span> <span class='ocrx_word' id='word_1_101' title='bbox 1362 1470 1420 1521; x_wconf 79' lang='grc' dir='ltr'><strong>οὐ</strong></span> <span class='ocrx_word' id='word_1_102' title='bbox 1454 1470 1675 1522; x_wconf 79' lang='grc' dir='ltr'>δυνατὸν</span> <span class='ocrx_word' id='word_1_103' title='bbox 1707 1472 1794 1523; x_wconf 75' lang='grc' dir='ltr'><strong>τὸν</strong></span> 
     </span>
    </p>
   </div>
   <div class='ocr_carea' id='block_1_17' title="bbox 245 1548 1794 1621">
    <p class='ocr_par' dir='ltr' id='par_1_17' title="bbox 245 1548 1794 1621">
     <span class='ocr_line' id='line_1_17' title="bbox 245 1548 1794 1621; baseline 0.009 -23"><span class='ocrx_word' id='word_1_104' title='bbox 245 1551 302 1598; x_wconf 83' lang='grc' dir='ltr'>ὲν</span> <span class='ocrx_word' id='word_1_105' title='bbox 327 1551 487 1616; x_wconf 72' lang='grc' dir='ltr'>ἀρετῇ</span> <span class='ocrx_word' id='word_1_106' title='bbox 517 1548 693 1609; x_wconf 80' lang='grc' dir='ltr'>ζῶντα</span> <span class='ocrx_word' id='word_1_107' title='bbox 717 1553 864 1620; x_wconf 73' lang='grc' dir='ltr'>παρὰ</span> <span class='ocrx_word' id='word_1_108' title='bbox 893 1555 1102 1606; x_wconf 89' lang='grc' dir='ltr'>πάντων</span> <span class='ocrx_word' id='word_1_109' title='bbox 1130 1556 1345 1608; x_wconf 75' lang='grc' dir='ltr'><strong>ἀκούειν</strong></span> <span class='ocrx_word' id='word_1_110' title='bbox 1369 1557 1566 1621; x_wconf 79' lang='grc' dir='ltr'>καλῶς’</span> <span class='ocrx_word' id='word_1_111' title='bbox 1593 1561 1682 1612; x_wconf 71' lang='grc' dir='ltr'><strong>καὶ</strong></span> <span class='ocrx_word' id='word_1_112' title='bbox 1715 1563 1794 1612; x_wconf 87' lang='grc' dir='ltr'>ὄτι</span> 
     </span>
    </p>
   </div>
   <div class='ocr_carea' id='block_1_18' title="bbox 244 1638 1794 1710">
    <p class='ocr_par' dir='ltr' id='par_1_18' title="bbox 244 1638 1794 1710">
     <span class='ocr_line' id='line_1_18' title="bbox 244 1638 1794 1710; baseline 0.009 -24"><span class='ocrx_word' id='word_1_113' title='bbox 244 1640 290 1687; x_wconf 84' lang='grc' dir='ltr'>οἱ</span> <span class='ocrx_word' id='word_1_114' title='bbox 339 1638 578 1700; x_wconf 77' lang='grc' dir='ltr'>Θέλοντες</span> <span class='ocrx_word' id='word_1_115' title='bbox 628 1643 775 1710; x_wconf 77' lang='grc' dir='ltr'>παρὰ</span> <span class='ocrx_word' id='word_1_116' title='bbox 829 1643 1041 1695; x_wconf 86' lang='grc' dir='ltr'>πάντων</span> <span class='ocrx_word' id='word_1_117' title='bbox 1095 1646 1383 1708; x_wconf 77' lang='grc' dir='ltr'>ἐπαίνους,</span> <span class='ocrx_word' id='word_1_118' title='bbox 1435 1645 1576 1702; x_wconf 64' lang='grc' dir='ltr'>οὗτοι</span> <span class='ocrx_word' id='word_1_119' title='bbox 1631 1652 1794 1702; x_wconf 73' lang='grc' dir='ltr'>πᾶσιν</span> 
     </span>
    </p>
   </div>
   <div class='ocr_carea' id='block_1_19' title="bbox 245 1725 1793 1809">
    <p class='ocr_par' dir='ltr' id='par_1_19' title="bbox 245 1725 1793 1809">
     <span class='ocr_line' id='line_1_19' title="bbox 245 1725 1793 1809; baseline 0.01 -32"><span class='ocrx_word' id='word_1_120' title='bbox 245 1727 497 1792; x_wconf 80' lang='grc' dir='ltr'>ἀρέσκειν</span> <span class='ocrx_word' id='word_1_121' title='bbox 519 1730 875 1794; x_wconf 73' lang='grc' dir='ltr'><strong>σπουδάζουσι</strong></span> <span class='ocrx_word' id='word_1_122' title='bbox 899 1750 911 1761; x_wconf 92' lang='grc'><strong>·</strong></span> <span class='ocrx_word' id='word_1_123' title='bbox 939 1725 1028 1785; x_wconf 76' lang='grc' dir='ltr'><strong>καὶ</strong></span> <span class='ocrx_word' id='word_1_124' title='bbox 1059 1737 1138 1786; x_wconf 85' lang='grc' dir='ltr'><strong>ὅτι</strong></span> <span class='ocrx_word' id='word_1_125' title='bbox 1170 1737 1231 1788; x_wconf 74' lang='grc' dir='ltr'>ἐκ</span> <span class='ocrx_word' id='word_1_126' title='bbox 1252 1736 1440 1788; x_wconf 75' lang='grc' dir='ltr'>τούτου</span> <span class='ocrx_word' id='word_1_127' title='bbox 1471 1741 1793 1809; x_wconf 78' lang='grc' dir='ltr'>γνωρίζεται</span> 
     </span>
    </p>
   </div>
   <div class='ocr_carea' id='block_1_20' title="bbox 1897 565 3452 634">
    <p class='ocr_par' dir='ltr' id='par_1_20' title="bbox 1897 565 3452 634">
     <span class='ocr_line' id='line_1_20' title="bbox 1897 565 3452 634; baseline 0.001 -18"><span class='ocrx_word' id='word_1_128' title='bbox 1897 567 2230 628; x_wconf 71' lang='lat' dir='ltr'><strong>obedientite,</strong></span> <span class='ocrx_word' id='word_1_129' title='bbox 2277 577 2327 620; x_wconf 87' lang='lat' dir='ltr'><strong>et</strong></span> <span class='ocrx_word' id='word_1_130' title='bbox 2369 565 2741 634; x_wconf 81' lang='lat' dir='ltr'><strong>abnegationis</strong></span> <span class='ocrx_word' id='word_1_131' title='bbox 2790 567 3104 626; x_wconf 84' lang='lat' dir='ltr'><strong>voluntatis.</strong></span> <span class='ocrx_word' id='word_1_132' title='bbox 3140 567 3373 624; x_wconf 85' lang='lat' dir='ltr'><strong>diabolo,</strong></span> <span class='ocrx_word' id='word_1_133' title='bbox 3400 576 3452 618; x_wconf 81' lang='lat' dir='ltr'><strong>et</strong></span> 
     </span>
    </p>
   </div>
   <div class='ocr_carea' id='block_1_21' title="bbox 1899 656 3448 724">
    <p class='ocr_par' dir='ltr' id='par_1_21' title="bbox 1899 656 3448 724">
     <span class='ocr_line' id='line_1_21' title="bbox 1899 656 3448 724; baseline -0.001 -15"><span class='ocrx_word' id='word_1_134' title='bbox 1899 657 1980 709; x_wconf 83' lang='lat' dir='ltr'><strong>bis</strong></span> <span class='ocrx_word' id='word_1_135' title='bbox 2016 658 2104 724; x_wconf 86' lang='lat' dir='ltr'><strong>qui</strong></span> <span class='ocrx_word' id='word_1_136' title='bbox 2137 658 2343 724; x_wconf 83' lang='lat' dir='ltr'><strong>publice</strong></span> <span class='ocrx_word' id='word_1_137' title='bbox 2377 658 2563 708; x_wconf 82' lang='lat' dir='ltr'><strong>vivunt</strong></span> <span class='ocrx_word' id='word_1_138' title='bbox 2598 658 2649 707; x_wconf 92' lang='lat' dir='ltr'><strong>in</strong></span> <span class='ocrx_word' id='word_1_139' title='bbox 2679 656 2899 709; x_wconf 87' lang='lat' dir='ltr'><strong>urbibus</strong></span> <span class='ocrx_word' id='word_1_140' title='bbox 2927 656 3318 716; x_wconf 87' lang='lat' dir='ltr'><strong>assimilantur,</strong></span> <span class='ocrx_word' id='word_1_141' title='bbox 3346 673 3448 707; x_wconf 89' lang='lat' dir='ltr'><strong>non</strong></span> 
     </span>
    </p>
   </div>
   <div class='ocr_carea' id='block_1_22' title="bbox 1896 741 3454 810">
    <p class='ocr_par' dir='ltr' id='par_1_22' title="bbox 1896 741 3454 810">
     <span class='ocr_line' id='line_1_22' title="bbox 1896 741 3454 810; baseline -0.002 -15"><span class='ocrx_word' id='word_1_142' title='bbox 1896 742 2149 810; x_wconf 70' lang='lat' dir='ltr'><strong>ellugient</strong></span> <span class='ocrx_word' id='word_1_143' title='bbox 2197 744 2286 795; x_wconf 83' lang='lat' dir='ltr'><strong>Dei</strong></span> <span class='ocrx_word' id='word_1_144' title='bbox 2349 743 2628 810; x_wconf 76' lang='lat' dir='ltr'><strong>iudicium,</strong></span> <span class='ocrx_word' id='word_1_145' title='bbox 2679 757 2851 808; x_wconf 78' lang='lat' dir='ltr'><strong>neque</strong></span> <span class='ocrx_word' id='word_1_146' title='bbox 2903 741 3236 802; x_wconf 64' lang='lat' dir='ltr'><strong>obedientes,</strong></span> <span class='ocrx_word' id='word_1_147' title='bbox 3285 756 3454 807; x_wconf 91' lang='lat' dir='ltr'><strong>neque</strong></span> 
     </span>
    </p>
   </div>
   <div class='ocr_carea' id='block_1_23' title="bbox 1894 831 3454 901">
    <p class='ocr_par' dir='ltr' id='par_1_23' title="bbox 1894 831 3454 901">
     <span class='ocr_line' id='line_1_23' title="bbox 1894 831 3454 901; baseline -0.001 -19"><span class='ocrx_word' id='word_1_148' title='bbox 1894 833 2164 900; x_wconf 79' lang='lat' dir='ltr'><strong>jubentes,</strong></span> <span class='ocrx_word' id='word_1_149' title='bbox 2200 836 2292 888; x_wconf 92' lang='lat' dir='ltr'><strong>sed</strong></span> <span class='ocrx_word' id='word_1_150' title='bbox 2326 833 2555 901; x_wconf 87' lang='lat' dir='ltr'><strong>quisque</strong></span> <span class='ocrx_word' id='word_1_151' title='bbox 2591 832 2739 884; x_wconf 92' lang='lat' dir='ltr'><strong>dabit</strong></span> <span class='ocrx_word' id='word_1_152' title='bbox 2777 847 2961 900; x_wconf 75' lang='lat' dir='ltr'><strong>pcnnns</strong></span> <span class='ocrx_word' id='word_1_153' title='bbox 2994 831 3294 883; x_wconf 89' lang='lat' dir='ltr'><strong>secundum</strong></span> <span class='ocrx_word' id='word_1_154' title='bbox 3328 846 3454 885; x_wconf 89' lang='lat' dir='ltr'><strong>suas</strong></span> 
     </span>
    </p>
   </div>
   <div class='ocr_carea' id='block_1_24' title="bbox 1901 926 2155 976">
    <p class='ocr_par' dir='ltr' id='par_1_24' title="bbox 1901 926 2155 976">
     <span class='ocr_line' id='line_1_24' title="bbox 1901 926 2155 976; baseline 0 0"><span class='ocrx_word' id='word_1_155' title='bbox 1901 926 2155 976; x_wconf 75' lang='lat' dir='ltr'><strong>actiones.</strong></span> 
     </span>
    </p>
   </div>
   <div class='ocr_carea' id='block_1_25' title="bbox 1969 1010 3448 1083">
    <p class='ocr_par' dir='ltr' id='par_1_25' title="bbox 1969 1010 3448 1083">
     <span class='ocr_line' id='line_1_25' title="bbox 1969 1010 3448 1083; baseline -0.004 -15"><span class='ocrx_word' id='word_1_156' title='bbox 1969 1015 2019 1068; x_wconf 79' lang='lat'><strong>5.</strong></span> <span class='ocrx_word' id='word_1_157' title='bbox 2056 1014 2368 1083; x_wconf 68' lang='lat' dir='ltr'><strong>Explanatio</strong></span> <span class='ocrx_word' id='word_1_158' title='bbox 2404 1016 2705 1068; x_wconf 64' lang='lat' dir='ltr'><strong>dixinorum</strong></span> <span class='ocrx_word' id='word_1_159' title='bbox 2735 1014 3108 1066; x_wconf 77' lang='lat' dir='ltr'><strong>mandatorum</strong></span> <span class='ocrx_word' id='word_1_160' title='bbox 3146 1010 3356 1063; x_wconf 81' lang='lat' dir='ltr'><strong>Domini</strong></span> <span class='ocrx_word' id='word_1_161' title='bbox 3398 1012 3448 1063; x_wconf 92' lang='lat' dir='ltr'><strong>iu</strong></span> 
     </span>
    </p>
   </div>
   <div class='ocr_carea' id='block_1_26' title="bbox 1902 1103 3452 1175">
    <p class='ocr_par' dir='ltr' id='par_1_26' title="bbox 1902 1103 3452 1175">
     <span class='ocr_line' id='line_1_26' title="bbox 1902 1103 3452 1175; baseline -0.003 -17"><span class='ocrx_word' id='word_1_162' title='bbox 1902 1108 2238 1173; x_wconf 82' lang='lat' dir='ltr'><strong>compendio,</strong></span> <span class='ocrx_word' id='word_1_163' title='bbox 2284 1117 2336 1159; x_wconf 90' lang='lat' dir='ltr'><strong>et</strong></span> <span class='ocrx_word' id='word_1_164' title='bbox 2381 1123 2447 1160; x_wconf 70' lang='lat' dir='ltr'><strong>ex</strong></span> <span class='ocrx_word' id='word_1_165' title='bbox 2499 1108 2886 1175; x_wconf 70' lang='lat' dir='ltr'><strong>(llirysostomo</strong></span> <span class='ocrx_word' id='word_1_166' title='bbox 2939 1113 2992 1156; x_wconf 90' lang='lat' dir='ltr'><strong>et</strong></span> <span class='ocrx_word' id='word_1_167' title='bbox 3049 1103 3169 1154; x_wconf 90' lang='lat' dir='ltr'><strong>aliis</strong></span> <span class='ocrx_word' id='word_1_168' title='bbox 3223 1103 3452 1154; x_wconf 79' lang='lat' dir='ltr'><strong>diversis</strong></span> 
     </span>
    </p>
   </div>
   <div class='ocr_carea' id='block_1_27' title="bbox 1901 1194 3443 1266">
    <p class='ocr_par' dir='ltr' id='par_1_27' title="bbox 1901 1194 3443 1266">
     <span class='ocr_line' id='line_1_27' title="bbox 1901 1194 3443 1266; baseline -0.003 -17"><span class='ocrx_word' id='word_1_169' title='bbox 1901 1196 2148 1250; x_wconf 80' lang='lat' dir='ltr'><strong>Patribus</strong></span> <span class='ocrx_word' id='word_1_170' title='bbox 2180 1199 2351 1266; x_wconf 84' lang='lat' dir='ltr'><strong>eapita</strong></span> <span class='ocrx_word' id='word_1_171' title='bbox 2381 1199 2711 1251; x_wconf 80' lang='lat' dir='ltr'><strong>confercntia</strong></span> <span class='ocrx_word' id='word_1_172' title='bbox 2746 1199 2794 1248; x_wconf 93' lang='lat' dir='ltr'><strong>in</strong></span> <span class='ocrx_word' id='word_1_173' title='bbox 2830 1197 2960 1249; x_wconf 89' lang='lat' dir='ltr'><strong>istas</strong></span> <span class='ocrx_word' id='word_1_174' title='bbox 2993 1194 3396 1261; x_wconf 62' lang='lat' dir='ltr'><strong>explanationes</strong></span> <span class='ocrx_word' id='word_1_175' title='bbox 3431 1210 3443 1244; x_wconf 90' lang='lat'><strong>:</strong></span> 
     </span>
    </p>
   </div>
   <div class='ocr_carea' id='block_1_28' title="bbox 1900 1285 3453 1356">
    <p class='ocr_par' dir='ltr' id='par_1_28' title="bbox 1900 1285 3453 1356">
     <span class='ocr_line' id='line_1_28' title="bbox 1900 1285 3453 1356; baseline -0.003 -17"><span class='ocrx_word' id='word_1_176' title='bbox 1900 1296 1954 1339; x_wconf 91' lang='lat' dir='ltr'><strong>et</strong></span> <span class='ocrx_word' id='word_1_177' title='bbox 1986 1287 2126 1354; x_wconf 88' lang='lat' dir='ltr'><strong>quod</strong></span> <span class='ocrx_word' id='word_1_178' title='bbox 2159 1287 2245 1341; x_wconf 85' lang='lat' dir='ltr'><strong>ille</strong></span> <span class='ocrx_word' id='word_1_179' title='bbox 2274 1287 2364 1356; x_wconf 87' lang='lat' dir='ltr'><strong>qui</strong></span> <span class='ocrx_word' id='word_1_180' title='bbox 2391 1288 2456 1340; x_wconf 93' lang='lat' dir='ltr'><strong>ob</strong></span> <span class='ocrx_word' id='word_1_181' title='bbox 2489 1288 2738 1338; x_wconf 89' lang='lat' dir='ltr'><strong>virtutem</strong></span> <span class='ocrx_word' id='word_1_182' title='bbox 2779 1286 2912 1337; x_wconf 86' lang='lat' dir='ltr'><strong>male</strong></span> <span class='ocrx_word' id='word_1_183' title='bbox 2951 1285 3151 1354; x_wconf 87' lang='lat' dir='ltr'><strong>patitur</strong></span> <span class='ocrx_word' id='word_1_184' title='bbox 3184 1285 3249 1337; x_wconf 89' lang='lat' dir='ltr'><strong>ab</strong></span> <span class='ocrx_word' id='word_1_185' title='bbox 3279 1285 3453 1335; x_wconf 81' lang='lat' dir='ltr'><strong>liomi-</strong></span> 
     </span>
    </p>
   </div>
   <div class='ocr_carea' id='block_1_29' title="bbox 1902 1375 3450 1445">
    <p class='ocr_par' dir='ltr' id='par_1_29' title="bbox 1902 1375 3450 1445">
     <span class='ocr_line' id='line_1_29' title="bbox 1902 1375 3450 1445; baseline -0.001 -18"><span class='ocrx_word' id='word_1_186' title='bbox 1902 1377 2058 1428; x_wconf 91' lang='lat' dir='ltr'><strong>nibus</strong></span> <span class='ocrx_word' id='word_1_187' title='bbox 2092 1377 2434 1431; x_wconf 88' lang='lat' dir='ltr'><strong>beatissimus</strong></span> <span class='ocrx_word' id='word_1_188' title='bbox 2463 1387 2564 1438; x_wconf 84' lang='lat' dir='ltr'><strong>est,</strong></span> <span class='ocrx_word' id='word_1_189' title='bbox 2593 1377 2681 1445; x_wconf 87' lang='lat' dir='ltr'><strong>qui</strong></span> <span class='ocrx_word' id='word_1_190' title='bbox 2711 1386 2885 1429; x_wconf 90' lang='lat' dir='ltr'><strong>autem</strong></span> <span class='ocrx_word' id='word_1_191' title='bbox 2926 1377 2994 1428; x_wconf 88' lang='lat' dir='ltr'><strong>ob</strong></span> <span class='ocrx_word' id='word_1_192' title='bbox 3041 1375 3215 1442; x_wconf 90' lang='lat' dir='ltr'><strong>ipsum</strong></span> <span class='ocrx_word' id='word_1_193' title='bbox 3253 1375 3450 1425; x_wconf 88' lang='lat' dir='ltr'><strong>malum</strong></span> 
     </span>
    </p>
   </div>
   <div class='ocr_carea' id='block_1_30' title="bbox 1901 1463 3448 1532">
    <p class='ocr_par' dir='ltr' id='par_1_30' title="bbox 1901 1463 3448 1532">
     <span class='ocr_line' id='line_1_30' title="bbox 1901 1463 3448 1532; baseline -0.003 -15"><span class='ocrx_word' id='word_1_194' title='bbox 1901 1465 2103 1532; x_wconf 88' lang='lat' dir='ltr'><strong>patitur</strong></span> <span class='ocrx_word' id='word_1_195' title='bbox 2138 1467 2297 1519; x_wconf 87' lang='lat' dir='ltr'><strong>miser</strong></span> <span class='ocrx_word' id='word_1_196' title='bbox 2322 1474 2405 1519; x_wconf 84' lang='lat' dir='ltr'><strong>est</strong></span> <span class='ocrx_word' id='word_1_197' title='bbox 2445 1483 2458 1517; x_wconf 88' lang='lat'>:</span> <span class='ocrx_word' id='word_1_198' title='bbox 2501 1476 2554 1519; x_wconf 92' lang='lat' dir='ltr'><strong>et</strong></span> <span class='ocrx_word' id='word_1_199' title='bbox 2605 1467 2746 1532; x_wconf 85' lang='lat' dir='ltr'><strong>quod</strong></span> <span class='ocrx_word' id='word_1_200' title='bbox 2796 1464 3131 1531; x_wconf 82' lang='lat' dir='ltr'><strong>impossibile</strong></span> <span class='ocrx_word' id='word_1_201' title='bbox 3177 1471 3257 1514; x_wconf 88' lang='lat' dir='ltr'><strong>est</strong></span> <span class='ocrx_word' id='word_1_202' title='bbox 3303 1463 3448 1514; x_wconf 89' lang='lat' dir='ltr'><strong>illum</strong></span> 
     </span>
    </p>
   </div>
   <div class='ocr_carea' id='block_1_31' title="bbox 1901 1552 3453 1624">
    <p class='ocr_par' dir='ltr' id='par_1_31' title="bbox 1901 1552 3453 1624">
     <span class='ocr_line' id='line_1_31' title="bbox 1901 1552 3453 1624; baseline -0.001 -19"><span class='ocrx_word' id='word_1_203' title='bbox 1901 1557 1991 1624; x_wconf 87' lang='lat' dir='ltr'><strong>qui</strong></span> <span class='ocrx_word' id='word_1_204' title='bbox 2030 1557 2082 1609; x_wconf 91' lang='lat' dir='ltr'><strong>in</strong></span> <span class='ocrx_word' id='word_1_205' title='bbox 2114 1555 2310 1609; x_wconf 88' lang='lat' dir='ltr'><strong>virtute</strong></span> <span class='ocrx_word' id='word_1_206' title='bbox 2352 1556 2493 1624; x_wconf 78' lang='lat' dir='ltr'><strong>degit</strong></span> <span class='ocrx_word' id='word_1_207' title='bbox 2541 1557 2608 1608; x_wconf 86' lang='lat' dir='ltr'><strong>ab</strong></span> <span class='ocrx_word' id='word_1_208' title='bbox 2640 1555 2888 1608; x_wconf 90' lang='lat' dir='ltr'><strong>omnibus</strong></span> <span class='ocrx_word' id='word_1_209' title='bbox 2940 1555 3073 1606; x_wconf 87' lang='lat' dir='ltr'><strong>bene</strong></span> <span class='ocrx_word' id='word_1_210' title='bbox 3115 1552 3299 1605; x_wconf 86' lang='lat' dir='ltr'><strong>audire</strong></span> <span class='ocrx_word' id='word_1_211' title='bbox 3341 1569 3353 1602; x_wconf 95' lang='lat'>:</span> <span class='ocrx_word' id='word_1_212' title='bbox 3401 1561 3453 1604; x_wconf 88' lang='lat' dir='ltr'><strong>et</strong></span> 
     </span>
    </p>
   </div>
   <div class='ocr_carea' id='block_1_32' title="bbox 1900 1641 3454 1710">
    <p class='ocr_par' dir='ltr' id='par_1_32' title="bbox 1900 1641 3454 1710">
     <span class='ocr_line' id='line_1_32' title="bbox 1900 1641 3454 1710; baseline -0.001 -16"><span class='ocrx_word' id='word_1_213' title='bbox 1900 1643 2042 1709; x_wconf 89' lang='lat' dir='ltr'><strong>quod</strong></span> <span class='ocrx_word' id='word_1_214' title='bbox 2076 1643 2413 1710; x_wconf 76' lang='lat' dir='ltr'><strong>exquirentes</strong></span> <span class='ocrx_word' id='word_1_215' title='bbox 2471 1644 2537 1696; x_wconf 88' lang='lat' dir='ltr'><strong>ab</strong></span> <span class='ocrx_word' id='word_1_216' title='bbox 2593 1644 2846 1698; x_wconf 89' lang='lat' dir='ltr'><strong>omnibus</strong></span> <span class='ocrx_word' id='word_1_217' title='bbox 2885 1643 3089 1705; x_wconf 83' lang='lat' dir='ltr'><strong>laudes,</strong></span> <span class='ocrx_word' id='word_1_218' title='bbox 3120 1642 3172 1695; x_wconf 76' lang='lat' dir='ltr'><strong>lii</strong></span> <span class='ocrx_word' id='word_1_219' title='bbox 3205 1641 3454 1694; x_wconf 85' lang='lat' dir='ltr'><strong>omnibus</strong></span> 
     </span>
    </p>
   </div>
   <div class='ocr_carea' id='block_1_33' title="bbox 1902 1733 3455 1804">
    <p class='ocr_par' dir='ltr' id='par_1_33' title="bbox 1902 1733 3455 1804">
     <span class='ocr_line' id='line_1_33' title="bbox 1902 1733 3455 1804; baseline 0.002 -21"><span class='ocrx_word' id='word_1_220' title='bbox 1902 1735 2112 1800; x_wconf 75' lang='lat' dir='ltr'><strong>placere</strong></span> <span class='ocrx_word' id='word_1_221' title='bbox 2139 1735 2350 1787; x_wconf 83' lang='lat' dir='ltr'><strong>student</strong></span> <span class='ocrx_word' id='word_1_222' title='bbox 2385 1752 2398 1786; x_wconf 92' lang='lat'>:</span> <span class='ocrx_word' id='word_1_223' title='bbox 2439 1743 2493 1787; x_wconf 91' lang='lat' dir='ltr'><strong>ct</strong></span> <span class='ocrx_word' id='word_1_224' title='bbox 2517 1734 2660 1804; x_wconf 91' lang='lat' dir='ltr'><strong>quod</strong></span> <span class='ocrx_word' id='word_1_225' title='bbox 2705 1751 2765 1787; x_wconf 78' lang='lat' dir='ltr'><strong>ex</strong></span> <span class='ocrx_word' id='word_1_226' title='bbox 2815 1749 2878 1789; x_wconf 89' lang='lat' dir='ltr'><strong>eo</strong></span> <span class='ocrx_word' id='word_1_227' title='bbox 2913 1734 3258 1803; x_wconf 76' lang='lat' dir='ltr'><strong>cognoscitur</strong></span> <span class='ocrx_word' id='word_1_228' title='bbox 3289 1733 3455 1786; x_wconf 80' lang='lat' dir='ltr'><strong>falsus</strong></span> 
     </span>
    </p>
   </div>
   <div class='ocr_carea' id='block_1_34' title="bbox 243 1815 1813 1900">
    <p class='ocr_par' dir='ltr' id='par_1_34' title="bbox 243 1815 1794 1900">
     <span class='ocr_line' id='line_1_34' title="bbox 243 1815 1794 1900; baseline 0.012 -36"><span class='ocrx_word' id='word_1_229' title='bbox 243 1817 270 1865; x_wconf 74' lang='grc' dir='ltr'>ὁ</span> <span class='ocrx_word' id='word_1_230' title='bbox 305 1815 775 1882; x_wconf 62' lang='grc' dir='ltr'>ψευδοδιδάσκαλος</span> <span class='ocrx_word' id='word_1_231' title='bbox 801 1860 814 1881; x_wconf 89' lang='grc'><strong>,</strong></span> <span class='ocrx_word' id='word_1_232' title='bbox 843 1823 935 1873; x_wconf 78' lang='grc' dir='ltr'>καὶ</span> <span class='ocrx_word' id='word_1_233' title='bbox 967 1825 993 1874; x_wconf 85' lang='grc' dir='ltr'><strong>ό</strong></span> <span class='ocrx_word' id='word_1_234' title='bbox 1021 1823 1474 1894; x_wconf 69' lang='grc' dir='ltr'>ψευδοπροφήτης</span> <span class='ocrx_word' id='word_1_235' title='bbox 1505 1831 1568 1880; x_wconf 83' lang='grc' dir='ltr'>ὲκ</span> <span class='ocrx_word' id='word_1_236' title='bbox 1600 1830 1692 1882; x_wconf 87' lang='grc' dir='ltr'><strong>τοῦ</strong></span> <span class='ocrx_word' id='word_1_237' title='bbox 1722 1834 1794 1900; x_wconf 79' lang='grc' dir='ltr'>μὴ</span> 
     </span>
    </p>
   </div>
   <div class='ocr_carea' id='block_1_35' title="bbox 1895 1815 3460 1900">
    <p class='ocr_par' dir='ltr' id='par_1_35' title="bbox 1899 1822 3460 1893">
     <span class='ocr_line' id='line_1_35' title="bbox 1899 1822 3460 1893; baseline 0 -20"><span class='ocrx_word' id='word_1_238' title='bbox 1899 1823 2084 1874; x_wconf 88' lang='lat' dir='ltr'><strong>doctor</strong></span> <span class='ocrx_word' id='word_1_239' title='bbox 2122 1832 2175 1876; x_wconf 91' lang='lat' dir='ltr'><strong>et</strong></span> <span class='ocrx_word' id='word_1_240' title='bbox 2223 1822 2389 1877; x_wconf 78' lang='lat' dir='ltr'><strong>falsus</strong></span> <span class='ocrx_word' id='word_1_241' title='bbox 2418 1825 2696 1893; x_wconf 82' lang='lat' dir='ltr'><strong>praplieta,</strong></span> <span class='ocrx_word' id='word_1_242' title='bbox 2730 1839 2854 1877; x_wconf 86' lang='lat' dir='ltr'><strong>cum</strong></span> <span class='ocrx_word' id='word_1_243' title='bbox 2891 1840 2996 1877; x_wconf 91' lang='lat' dir='ltr'><strong>non</strong></span> <span class='ocrx_word' id='word_1_244' title='bbox 3024 1823 3217 1878; x_wconf 90' lang='lat' dir='ltr'><strong>doceat</strong></span> <span class='ocrx_word' id='word_1_245' title='bbox 3261 1838 3324 1876; x_wconf 80' lang='lat' dir='ltr'><strong>ex</strong></span> <span class='ocrx_word' id='word_1_246' title='bbox 3379 1822 3460 1875; x_wconf 88' lang='lat' dir='ltr'><strong>di-</strong></span> 
     </span>
    </p>
   </div>
   <div class='ocr_carea' id='block_1_36' title="bbox 242 1908 1798 1988">
    <p class='ocr_par' dir='ltr' id='par_1_36' title="bbox 242 1908 1798 1988">
     <span class='ocr_line' id='line_1_36' title="bbox 242 1908 1798 1988; baseline 0.012 -30"><span class='ocrx_word' id='word_1_247' title='bbox 242 1908 515 1961; x_wconf 73' lang='grc' dir='ltr'>διδάσκειν</span> <span class='ocrx_word' id='word_1_248' title='bbox 546 1912 607 1963; x_wconf 79' lang='grc' dir='ltr'>ὲκ</span> <span class='ocrx_word' id='word_1_249' title='bbox 647 1912 752 1964; x_wconf 85' lang='grc' dir='ltr'>τῶν</span> <span class='ocrx_word' id='word_1_250' title='bbox 783 1913 939 1967; x_wconf 86' lang='grc' dir='ltr'>οείων</span> <span class='ocrx_word' id='word_1_251' title='bbox 969 1916 1196 1984; x_wconf 80' lang='grc' dir='ltr'>Γραφῶν</span> <span class='ocrx_word' id='word_1_252' title='bbox 1219 1958 1232 1978; x_wconf 87' lang='grc'><strong>,</strong></span> <span class='ocrx_word' id='word_1_253' title='bbox 1270 1916 1381 1972; x_wconf 84' lang='grc' dir='ltr'>ἀλλ’</span> <span class='ocrx_word' id='word_1_254' title='bbox 1413 1920 1476 1972; x_wconf 82' lang='grc' dir='ltr'>ὲκ</span> <span class='ocrx_word' id='word_1_255' title='bbox 1506 1921 1604 1988; x_wconf 80' lang='grc' dir='ltr'>τῆς</span> <span class='ocrx_word' id='word_1_256' title='bbox 1634 1923 1798 1976; x_wconf 86' lang='grc' dir='ltr'>αὑτοῦ</span> 
     </span>
    </p>
   </div>
   <div class='ocr_carea' id='block_1_37' title="bbox 247 2000 1376 2078">
    <p class='ocr_par' dir='ltr' id='par_1_37' title="bbox 247 2000 1376 2078">
     <span class='ocr_line' id='line_1_37' title="bbox 247 2000 1376 2078; baseline 0.013 -29"><span class='ocrx_word' id='word_1_257' title='bbox 247 2000 470 2066; x_wconf 85' lang='grc' dir='ltr'>καρδίας</span> <span class='ocrx_word' id='word_1_258' title='bbox 507 2002 641 2070; x_wconf 83' lang='grc' dir='ltr'>πρὸς</span> <span class='ocrx_word' id='word_1_259' title='bbox 668 2004 764 2065; x_wconf 86' lang='grc' dir='ltr'>τὰς</span> <span class='ocrx_word' id='word_1_260' title='bbox 797 2006 1026 2058; x_wconf 77' lang='grc' dir='ltr'>ἑκάστου</span> <span class='ocrx_word' id='word_1_261' title='bbox 1063 2009 1376 2078; x_wconf 77' lang='grc' dir='ltr'>ἐπιθυμίας.</span> 
     </span>
    </p>
   </div>
   <div class='ocr_carea' id='block_1_38' title="bbox 314 2088 1800 2173">
    <p class='ocr_par' dir='ltr' id='par_1_38' title="bbox 314 2088 1800 2173">
     <span class='ocr_line' id='line_1_38' title="bbox 314 2088 1800 2173; baseline 0.01 -33"><span class='ocrx_word' id='word_1_262' title='bbox 314 2088 374 2141; x_wconf 88' lang='grc' dir='ltr'><strong>δ’.</strong></span> <span class='ocrx_word' id='word_1_263' title='bbox 414 2091 546 2160; x_wconf 79' lang='grc' dir='ltr'>Περὶ</span> <span class='ocrx_word' id='word_1_264' title='bbox 576 2094 875 2164; x_wconf 81' lang='grc' dir='ltr'>ἁποταγῆς·</span> <span class='ocrx_word' id='word_1_265' title='bbox 927 2098 1145 2170; x_wconf 44' lang='lat'><strong>9.0.1.61:</strong></span> <span class='ocrx_word' id='word_1_266' title='bbox 1198 2103 1364 2152; x_wconf 76' lang='grc' dir='ltr'>κακὸν</span> <span class='ocrx_word' id='word_1_267' title='bbox 1418 2105 1448 2171; x_wconf 79' lang='grc' dir='ltr'>ἡ</span> <span class='ocrx_word' id='word_1_268' title='bbox 1504 2104 1800 2173; x_wconf 76' lang='grc' dir='ltr'>ὲπιῦλαὸὴς</span> 
     </span>
    </p>
   </div>
   <div class='ocr_carea' id='block_1_39' title="bbox 243 2178 1798 2258">
    <p class='ocr_par' dir='ltr' id='par_1_39' title="bbox 243 2178 1798 2258">
     <span class='ocr_line' id='line_1_39' title="bbox 243 2178 1798 2258; baseline 0.013 -32"><span class='ocrx_word' id='word_1_269' title='bbox 243 2178 484 2243; x_wconf 52' lang='grc' dir='ltr'>ὁμόνοια,</span> <span class='ocrx_word' id='word_1_270' title='bbox 511 2180 603 2231; x_wconf 81' lang='grc' dir='ltr'>καὶ</span> <span class='ocrx_word' id='word_1_271' title='bbox 631 2185 881 2251; x_wconf 83' lang='grc' dir='ltr'>κρεῖσσόν</span> <span class='ocrx_word' id='word_1_272' title='bbox 910 2187 1022 2236; x_wconf 78' lang='grc' dir='ltr'>ἐστι</span> <span class='ocrx_word' id='word_1_273' title='bbox 1053 2188 1467 2258; x_wconf 74' lang='grc' dir='ltr'>διαχωρίζεσθαι</span> <span class='ocrx_word' id='word_1_274' title='bbox 1498 2194 1603 2244; x_wconf 82' lang='grc' dir='ltr'><strong>τῶν</strong></span> <span class='ocrx_word' id='word_1_275' title='bbox 1627 2196 1798 2245; x_wconf 78' lang='grc' dir='ltr'>τοιού-</span> 
     </span>
    </p>
   </div>
   <div class='ocr_carea' id='block_1_40' title="bbox 244 2269 1800 2348">
    <p class='ocr_par' dir='ltr' id='par_1_40' title="bbox 244 2269 1800 2348">
     <span class='ocr_line' id='line_1_40' title="bbox 244 2269 1800 2348; baseline 0.013 -34"><span class='ocrx_word' id='word_1_276' title='bbox 244 2282 354 2317; x_wconf 87' lang='grc' dir='ltr'>τιυν</span> <span class='ocrx_word' id='word_1_277' title='bbox 430 2269 521 2320; x_wconf 77' lang='grc' dir='ltr'>καὶ</span> <span class='ocrx_word' id='word_1_278' title='bbox 554 2271 632 2320; x_wconf 86' lang='grc' dir='ltr'><strong>ὅτι</strong></span> <span class='ocrx_word' id='word_1_279' title='bbox 685 2274 1022 2326; x_wconf 87' lang='grc' dir='ltr'>ἐπικίνδυνον</span> <span class='ocrx_word' id='word_1_280' title='bbox 1072 2278 1381 2346; x_wconf 81' lang='grc' dir='ltr'>ἀποκείρειν</span> <span class='ocrx_word' id='word_1_281' title='bbox 1414 2284 1534 2342; x_wconf 74' lang='grc' dir='ltr'>τοὺς</span> <span class='ocrx_word' id='word_1_282' title='bbox 1572 2287 1800 2348; x_wconf 80' lang='grc' dir='ltr'>γυναῖκα</span> 
     </span>
    </p>
   </div>
   <div class='ocr_carea' id='block_1_41' title="bbox 246 2357 1801 2441">
    <p class='ocr_par' dir='ltr' id='par_1_41' title="bbox 246 2357 1801 2441">
     <span class='ocr_line' id='line_1_41' title="bbox 246 2357 1801 2441; baseline 0.014 -37"><span class='ocrx_word' id='word_1_283' title='bbox 246 2357 340 2405; x_wconf 60' lang='grc' dir='ltr'><strong>καὶ</strong></span> <span class='ocrx_word' id='word_1_284' title='bbox 393 2357 552 2409; x_wconf 85' lang='grc' dir='ltr'>τέκνα</span> <span class='ocrx_word' id='word_1_285' title='bbox 591 2359 840 2427; x_wconf 72' lang='grc' dir='ltr'>ἔχοντας,</span> <span class='ocrx_word' id='word_1_286' title='bbox 889 2363 919 2428; x_wconf 84' lang='grc' dir='ltr'>ἢ</span> <span class='ocrx_word' id='word_1_287' title='bbox 952 2366 1124 2427; x_wconf 84' lang='grc' dir='ltr'>ἄλλως</span> <span class='ocrx_word' id='word_1_288' title='bbox 1158 2370 1271 2428; x_wconf 86' lang='grc' dir='ltr'>πῶς</span> <span class='ocrx_word' id='word_1_289' title='bbox 1306 2371 1613 2441; x_wconf 77' lang='grc' dir='ltr'>ἀδιαφόρως</span> <span class='ocrx_word' id='word_1_290' title='bbox 1645 2374 1801 2427; x_wconf 85' lang='grc' dir='ltr'>τοῦτο</span> 
     </span>
    </p>
   </div>
   <div class='ocr_carea' id='block_1_42' title="bbox 246 2449 1799 2534">
    <p class='ocr_par' dir='ltr' id='par_1_42' title="bbox 246 2449 1799 2534">
     <span class='ocr_line' id='line_1_42' title="bbox 246 2449 1799 2534; baseline 0.016 -40"><span class='ocrx_word' id='word_1_291' title='bbox 246 2449 440 2510; x_wconf 75' lang='grc' dir='ltr'>ποιεῖν,</span> <span class='ocrx_word' id='word_1_292' title='bbox 471 2450 562 2501; x_wconf 74' lang='grc' dir='ltr'><strong>καὶ</strong></span> <span class='ocrx_word' id='word_1_293' title='bbox 594 2452 708 2514; x_wconf 86' lang='grc' dir='ltr'>πῶς</span> <span class='ocrx_word' id='word_1_294' title='bbox 735 2455 839 2522; x_wconf 82' lang='grc' dir='ltr'>χρὴ</span> <span class='ocrx_word' id='word_1_295' title='bbox 871 2457 1076 2518; x_wconf 87' lang='grc' dir='ltr'>πάντας</span> <span class='ocrx_word' id='word_1_296' title='bbox 1101 2461 1222 2520; x_wconf 81' lang='grc' dir='ltr'>τοὺς</span> <span class='ocrx_word' id='word_1_297' title='bbox 1249 2463 1519 2525; x_wconf 80' lang='grc' dir='ltr'>τοιούτους</span> <span class='ocrx_word' id='word_1_298' title='bbox 1549 2465 1799 2534; x_wconf 77' lang='grc' dir='ltr'>δέχεσθαι</span> 
     </span>
    </p>
   </div>
   <div class='ocr_carea' id='block_1_43' title="bbox 245 2537 1800 2623">
    <p class='ocr_par' dir='ltr' id='par_1_43' title="bbox 245 2537 1800 2623">
     <span class='ocr_line' id='line_1_43' title="bbox 245 2537 1800 2623; baseline 0.016 -37"><span class='ocrx_word' id='word_1_299' title='bbox 245 2537 305 2586; x_wconf 68' lang='grc' dir='ltr'><strong>ὲ)</strong></span> <span class='ocrx_word' id='word_1_300' title='bbox 343 2542 740 2609; x_wconf 84' lang='grc' dir='ltr'>μοναστηρίοις’</span> <span class='ocrx_word' id='word_1_301' title='bbox 781 2546 873 2598; x_wconf 72' lang='grc' dir='ltr'><strong>καὶ</strong></span> <span class='ocrx_word' id='word_1_302' title='bbox 901 2547 979 2599; x_wconf 88' lang='grc' dir='ltr'><strong>ὄτι</strong></span> <span class='ocrx_word' id='word_1_303' title='bbox 1012 2549 1184 2617; x_wconf 74' lang='grc' dir='ltr'>μέγαν</span> <span class='ocrx_word' id='word_1_304' title='bbox 1214 2551 1454 2604; x_wconf 80' lang='grc' dir='ltr'>κίνδυνον</span> <span class='ocrx_word' id='word_1_305' title='bbox 1489 2557 1619 2623; x_wconf 79' lang='grc' dir='ltr'>ἔχει,</span> <span class='ocrx_word' id='word_1_306' title='bbox 1655 2560 1747 2609; x_wconf 74' lang='grc' dir='ltr'><strong>καὶ</strong></span> <span class='ocrx_word' id='word_1_307' title='bbox 1775 2562 1800 2611; x_wconf 88' lang='grc' dir='ltr'>ὁ</span> 
     </span>
    </p>
   </div>
   <div class='ocr_carea' id='block_1_44' title="bbox 245 2627 1800 2718">
    <p class='ocr_par' dir='ltr' id='par_1_44' title="bbox 245 2627 1800 2718">
     <span class='ocr_line' id='line_1_44' title="bbox 245 2627 1800 2718; baseline 0.016 -42"><span class='ocrx_word' id='word_1_308' title='bbox 245 2627 442 2692; x_wconf 74' lang='grc' dir='ltr'>διδους,</span> <span class='ocrx_word' id='word_1_309' title='bbox 477 2632 567 2683; x_wconf 79' lang='grc' dir='ltr'><strong>καὶ</strong></span> <span class='ocrx_word' id='word_1_310' title='bbox 596 2634 622 2682; x_wconf 85' lang='grc' dir='ltr'>ὁ</span> <span class='ocrx_word' id='word_1_311' title='bbox 649 2633 959 2702; x_wconf 78' lang='grc' dir='ltr'>λαμϐάνων,</span> <span class='ocrx_word' id='word_1_312' title='bbox 993 2640 1085 2691; x_wconf 76' lang='grc' dir='ltr'><strong>καί</strong></span> <span class='ocrx_word' id='word_1_313' title='bbox 1125 2643 1152 2693; x_wconf 84' lang='grc' dir='ltr'>ὁ</span> <span class='ocrx_word' id='word_1_314' title='bbox 1185 2644 1514 2696; x_wconf 77' lang='grc' dir='ltr'>συνευδοκῶν</span> <span class='ocrx_word' id='word_1_315' title='bbox 1541 2648 1628 2698; x_wconf 72' lang='grc' dir='ltr'>διὰ</span> <span class='ocrx_word' id='word_1_316' title='bbox 1666 2667 1800 2718; x_wconf 76' lang='grc' dir='ltr'>χρη-</span> 
     </span>
    </p>
   </div>
   <div class='ocr_carea' id='block_1_45' title="bbox 250 2720 1800 2804">
    <p class='ocr_par' dir='ltr' id='par_1_45' title="bbox 250 2720 1800 2804">
     <span class='ocr_line' id='line_1_45' title="bbox 250 2720 1800 2804; baseline 0.015 -36"><span class='ocrx_word' id='word_1_317' title='bbox 250 2720 435 2785; x_wconf 83' lang='grc' dir='ltr'>μάτων</span> <span class='ocrx_word' id='word_1_318' title='bbox 484 2723 580 2782; x_wconf 75' lang='grc' dir='ltr'><strong>τὰς</strong></span> <span class='ocrx_word' id='word_1_319' title='bbox 628 2725 872 2795; x_wconf 77' lang='grc' dir='ltr'>είσδοχὰς</span> <span class='ocrx_word' id='word_1_320' title='bbox 910 2728 1153 2788; x_wconf 71' lang='grc' dir='ltr'>γίνεσθαι</span> <span class='ocrx_word' id='word_1_321' title='bbox 1195 2735 1343 2802; x_wconf 72' lang='grc' dir='ltr'><strong>παρὰ</strong></span> <span class='ocrx_word' id='word_1_322' title='bbox 1379 2737 1436 2787; x_wconf 78' lang='grc' dir='ltr'><strong>τὸ</strong></span> <span class='ocrx_word' id='word_1_323' title='bbox 1469 2741 1584 2800; x_wconf 81' lang='grc' dir='ltr'>ταῖς</span> <span class='ocrx_word' id='word_1_324' title='bbox 1632 2740 1800 2804; x_wconf 65' lang='grc' dir='ltr'>(λείαις</span> 
     </span>
    </p>
   </div>
   <div class='ocr_carea' id='block_1_46' title="bbox 246 2809 1798 2897">
    <p class='ocr_par' dir='ltr' id='par_1_46' title="bbox 246 2809 1798 2897">
     <span class='ocr_line' id='line_1_46' title="bbox 246 2809 1798 2897; baseline 0.016 -38"><span class='ocrx_word' id='word_1_325' title='bbox 246 2809 436 2861; x_wconf 86' lang='grc' dir='ltr'>δοκοῦν</span> <span class='ocrx_word' id='word_1_326' title='bbox 468 2813 734 2881; x_wconf 81' lang='grc' dir='ltr'>Γραφαῖς⁶</span> <span class='ocrx_word' id='word_1_327' title='bbox 774 2820 866 2870; x_wconf 61' lang='grc' dir='ltr'><strong>καί⁵</strong></span> <span class='ocrx_word' id='word_1_328' title='bbox 893 2820 974 2871; x_wconf 84' lang='grc' dir='ltr'>ὅτι</span> <span class='ocrx_word' id='word_1_329' title='bbox 1011 2822 1107 2889; x_wconf 79' lang='grc' dir='ltr'><strong>τὴν</strong></span> <span class='ocrx_word' id='word_1_330' title='bbox 1164 2826 1454 2896; x_wconf 81' lang='grc' dir='ltr'>μοναδικὴν</span> <span class='ocrx_word' id='word_1_331' title='bbox 1491 2831 1762 2884; x_wconf 76' lang='grc' dir='ltr'>πολιτείαν</span> <span class='ocrx_word' id='word_1_332' title='bbox 1786 2875 1798 2897; x_wconf 92' lang='grc'><strong>,</strong></span> 
     </span>
    </p>
   </div>
   <div class='ocr_carea' id='block_1_47' title="bbox 247 2902 1803 2993">
    <p class='ocr_par' dir='ltr' id='par_1_47' title="bbox 247 2902 1803 2993">
     <span class='ocr_line' id='line_1_47' title="bbox 247 2902 1803 2993; baseline 0.014 -40"><span class='ocrx_word' id='word_1_333' title='bbox 247 2902 425 2964; x_wconf 74' lang='grc' dir='ltr'>ἄλλως</span> <span class='ocrx_word' id='word_1_334' title='bbox 455 2905 570 2968; x_wconf 82' lang='grc' dir='ltr'><strong>πῶς</strong></span> <span class='ocrx_word' id='word_1_335' title='bbox 604 2910 652 2959; x_wconf 88' lang='grc' dir='ltr'><strong>οί</strong></span> <span class='ocrx_word' id='word_1_336' title='bbox 693 2910 932 2980; x_wconf 84' lang='grc' dir='ltr'>Πατέρες</span> <span class='ocrx_word' id='word_1_337' title='bbox 970 2915 1028 2964; x_wconf 78' lang='grc' dir='ltr'>οὐ</span> <span class='ocrx_word' id='word_1_338' title='bbox 1060 2916 1332 2983; x_wconf 81' lang='grc' dir='ltr'>δέχονται,</span> <span class='ocrx_word' id='word_1_339' title='bbox 1363 2923 1408 2970; x_wconf 77' lang='grc' dir='ltr'><strong>εί</strong></span> <span class='ocrx_word' id='word_1_340' title='bbox 1437 2921 1508 2988; x_wconf 78' lang='grc' dir='ltr'>μὴ</span> <span class='ocrx_word' id='word_1_341' title='bbox 1539 2924 1676 2973; x_wconf 82' lang='grc' dir='ltr'>κατὰ</span> <span class='ocrx_word' id='word_1_342' title='bbox 1707 2925 1803 2993; x_wconf 81' lang='grc' dir='ltr'>τὴν</span> 
     </span>
    </p>
   </div>
   <div class='ocr_carea' id='block_1_48' title="bbox 248 2995 1797 3075">
    <p class='ocr_par' dir='ltr' id='par_1_48' title="bbox 248 2995 1797 3075">
     <span class='ocr_line' id='line_1_48' title="bbox 248 2995 1797 3075; baseline 0.014 -32"><span class='ocrx_word' id='word_1_343' title='bbox 248 2995 573 3060; x_wconf 64' lang='grc' dir='ltr'>νομοθεσίαν</span> <span class='ocrx_word' id='word_1_344' title='bbox 605 2999 711 3050; x_wconf 85' lang='grc' dir='ltr'><strong>τῶν</strong></span> <span class='ocrx_word' id='word_1_345' title='bbox 751 3001 1060 3069; x_wconf 79' lang='grc' dir='ltr'>ἀσκητικῶν</span> <span class='ocrx_word' id='word_1_346' title='bbox 1099 3008 1189 3058; x_wconf 86' lang='grc' dir='ltr'><strong>τοῦ</strong></span> <span class='ocrx_word' id='word_1_347' title='bbox 1233 3010 1464 3075; x_wconf 76' lang='grc' dir='ltr'>μεγάλου</span> <span class='ocrx_word' id='word_1_348' title='bbox 1503 3013 1797 3066; x_wconf 64' lang='grc' dir='ltr'>Ιῖασιλείου.</span> 
     </span>
    </p>
   </div>
   <div class='ocr_carea' id='block_1_49' title="bbox 1901 1915 3454 1986">
    <p class='ocr_par' dir='ltr' id='par_1_49' title="bbox 1901 1915 3454 1986">
     <span class='ocr_line' id='line_1_49' title="bbox 1901 1915 3454 1986; baseline 0.001 -19"><span class='ocrx_word' id='word_1_349' title='bbox 1901 1917 2038 1972; x_wconf 80' lang='lat' dir='ltr'><strong>vinis</strong></span> <span class='ocrx_word' id='word_1_350' title='bbox 2068 1915 2381 1984; x_wconf 86' lang='lat' dir='ltr'><strong>Scripturis,</strong></span> <span class='ocrx_word' id='word_1_351' title='bbox 2413 1918 2504 1970; x_wconf 88' lang='lat' dir='ltr'><strong>scd</strong></span> <span class='ocrx_word' id='word_1_352' title='bbox 2529 1934 2558 1971; x_wconf 92' lang='lat' dir='ltr'><strong>e</strong></span> <span class='ocrx_word' id='word_1_353' title='bbox 2582 1918 2798 1986; x_wconf 88' lang='lat' dir='ltr'><strong>pr0prio</strong></span> <span class='ocrx_word' id='word_1_354' title='bbox 2825 1934 2923 1972; x_wconf 92' lang='lat' dir='ltr'><strong>suo</strong></span> <span class='ocrx_word' id='word_1_355' title='bbox 2965 1919 3126 1972; x_wconf 91' lang='lat' dir='ltr'><strong>corde</strong></span> <span class='ocrx_word' id='word_1_356' title='bbox 3157 1917 3454 1972; x_wconf 88' lang='lat' dir='ltr'><strong>secundum</strong></span> 
     </span>
    </p>
   </div>
   <div class='ocr_carea' id='block_1_50' title="bbox 1901 2007 2510 2074">
    <p class='ocr_par' dir='ltr' id='par_1_50' title="bbox 1901 2007 2510 2074">
     <span class='ocr_line' id='line_1_50' title="bbox 1901 2007 2510 2074; baseline 0 -15"><span class='ocrx_word' id='word_1_357' title='bbox 1901 2007 2161 2074; x_wconf 85' lang='lat' dir='ltr'><strong>cujusque</strong></span> <span class='ocrx_word' id='word_1_358' title='bbox 2191 2007 2510 2060; x_wconf 76' lang='lat' dir='ltr'><strong>voluntates.</strong></span> 
     </span>
    </p>
   </div>
   <div class='ocr_carea' id='block_1_51' title="bbox 1970 2097 3458 2168">
    <p class='ocr_par' dir='ltr' id='par_1_51' title="bbox 1970 2097 3458 2168">
     <span class='ocr_line' id='line_1_51' title="bbox 1970 2097 3458 2168; baseline -0.001 -17"><span class='ocrx_word' id='word_1_359' title='bbox 1970 2100 2018 2151; x_wconf 63' lang='grc'><strong>4.</strong></span> <span class='ocrx_word' id='word_1_360' title='bbox 2056 2097 2126 2150; x_wconf 82' lang='lat' dir='ltr'><strong>De</strong></span> <span class='ocrx_word' id='word_1_361' title='bbox 2157 2098 2488 2164; x_wconf 70' lang='lat' dir='ltr'><strong>professione</strong></span> <span class='ocrx_word' id='word_1_362' title='bbox 2526 2100 2775 2168; x_wconf 81' lang='lat' dir='ltr'><strong>religiosa</strong></span> <span class='ocrx_word' id='word_1_363' title='bbox 2818 2121 2828 2152; x_wconf 90' lang='lat'><strong>:</strong></span> <span class='ocrx_word' id='word_1_364' title='bbox 2860 2109 2912 2153; x_wconf 89' lang='lat' dir='ltr'><strong>et</strong></span> <span class='ocrx_word' id='word_1_365' title='bbox 2940 2100 3082 2167; x_wconf 88' lang='lat' dir='ltr'><strong>quod</strong></span> <span class='ocrx_word' id='word_1_366' title='bbox 3128 2101 3326 2152; x_wconf 90' lang='lat' dir='ltr'><strong>malum</strong></span> <span class='ocrx_word' id='word_1_367' title='bbox 3374 2109 3458 2153; x_wconf 89' lang='lat' dir='ltr'><strong>est</strong></span> 
     </span>
    </p>
   </div>
   <div class='ocr_carea' id='block_1_52' title="bbox 1903 2188 3454 2256">
    <p class='ocr_par' dir='ltr' id='par_1_52' title="bbox 1903 2188 3454 2256">
     <span class='ocr_line' id='line_1_52' title="bbox 1903 2188 3454 2256; baseline 0 -17"><span class='ocrx_word' id='word_1_368' title='bbox 1903 2188 2054 2240; x_wconf 63' lang='lat' dir='ltr'><strong>noxia</strong></span> <span class='ocrx_word' id='word_1_369' title='bbox 2091 2189 2436 2250; x_wconf 80' lang='lat' dir='ltr'><strong>unanimitas,</strong></span> <span class='ocrx_word' id='word_1_370' title='bbox 2466 2200 2516 2242; x_wconf 92' lang='lat' dir='ltr'><strong>et</strong></span> <span class='ocrx_word' id='word_1_371' title='bbox 2562 2190 2752 2243; x_wconf 86' lang='lat' dir='ltr'><strong>melius</strong></span> <span class='ocrx_word' id='word_1_372' title='bbox 2779 2199 2859 2242; x_wconf 89' lang='lat' dir='ltr'><strong>est</strong></span> <span class='ocrx_word' id='word_1_373' title='bbox 2887 2205 2914 2242; x_wconf 90' lang='lat' dir='ltr'><strong>a</strong></span> <span class='ocrx_word' id='word_1_374' title='bbox 2948 2190 3143 2242; x_wconf 86' lang='lat' dir='ltr'><strong>talibus</strong></span> <span class='ocrx_word' id='word_1_375' title='bbox 3183 2190 3454 2256; x_wconf 87' lang='lat' dir='ltr'><strong>separari;</strong></span> 
     </span>
    </p>
   </div>
   <div class='ocr_carea' id='block_1_53' title="bbox 1901 2279 3453 2347">
    <p class='ocr_par' dir='ltr' id='par_1_53' title="bbox 1901 2279 3453 2347">
     <span class='ocr_line' id='line_1_53' title="bbox 1901 2279 3453 2347; baseline 0 -19"><span class='ocrx_word' id='word_1_376' title='bbox 1901 2288 1952 2330; x_wconf 91' lang='lat' dir='ltr'><strong>et</strong></span> <span class='ocrx_word' id='word_1_377' title='bbox 1994 2279 2131 2343; x_wconf 75' lang='lat' dir='ltr'><strong>quod</strong></span> <span class='ocrx_word' id='word_1_378' title='bbox 2181 2280 2535 2346; x_wconf 87' lang='lat' dir='ltr'><strong>periculosum</strong></span> <span class='ocrx_word' id='word_1_379' title='bbox 2588 2289 2671 2332; x_wconf 79' lang='lat' dir='ltr'><strong>est</strong></span> <span class='ocrx_word' id='word_1_380' title='bbox 2714 2281 2934 2333; x_wconf 80' lang='lat' dir='ltr'><strong>tondere</strong></span> <span class='ocrx_word' id='word_1_381' title='bbox 2980 2281 3076 2332; x_wconf 90' lang='lat' dir='ltr'><strong>hos</strong></span> <span class='ocrx_word' id='word_1_382' title='bbox 3111 2281 3199 2347; x_wconf 89' lang='lat' dir='ltr'><strong>qui</strong></span> <span class='ocrx_word' id='word_1_383' title='bbox 3236 2293 3453 2330; x_wconf 76' lang='lat' dir='ltr'><strong>uxorem</strong></span> 
     </span>
    </p>
   </div>
   <div class='ocr_carea' id='block_1_54' title="bbox 1901 2368 3448 2438">
    <p class='ocr_par' dir='ltr' id='par_1_54' title="bbox 1901 2368 3448 2438">
     <span class='ocr_line' id='line_1_54' title="bbox 1901 2368 3448 2438; baseline 0.001 -20"><span class='ocrx_word' id='word_1_384' title='bbox 1901 2378 1952 2420; x_wconf 79' lang='lat' dir='ltr'><strong>et</strong></span> <span class='ocrx_word' id='word_1_385' title='bbox 1984 2368 2176 2420; x_wconf 88' lang='lat' dir='ltr'><strong>liberos</strong></span> <span class='ocrx_word' id='word_1_386' title='bbox 2208 2368 2423 2429; x_wconf 84' lang='lat' dir='ltr'><strong>habent,</strong></span> <span class='ocrx_word' id='word_1_387' title='bbox 2461 2368 2537 2420; x_wconf 93' lang='lat' dir='ltr'><strong>vel</strong></span> <span class='ocrx_word' id='word_1_388' title='bbox 2571 2369 2727 2421; x_wconf 88' lang='lat' dir='ltr'><strong>aliter</strong></span> <span class='ocrx_word' id='word_1_389' title='bbox 2752 2385 2971 2438; x_wconf 88' lang='lat' dir='ltr'><strong>quoquo</strong></span> <span class='ocrx_word' id='word_1_390' title='bbox 3009 2371 3168 2421; x_wconf 91' lang='lat' dir='ltr'><strong>modo</strong></span> <span class='ocrx_word' id='word_1_391' title='bbox 3201 2369 3448 2422; x_wconf 87' lang='lat' dir='ltr'><strong>indiscri-</strong></span> 
     </span>
    </p>
   </div>
   <div class='ocr_carea' id='block_1_55' title="bbox 1903 2459 3457 2530">
    <p class='ocr_par' dir='ltr' id='par_1_55' title="bbox 1903 2459 3457 2530">
     <span class='ocr_line' id='line_1_55' title="bbox 1903 2459 3457 2530; baseline 0.003 -20"><span class='ocrx_word' id='word_1_392' title='bbox 1903 2459 2145 2510; x_wconf 89' lang='lat' dir='ltr'><strong>miuatim</strong></span> <span class='ocrx_word' id='word_1_393' title='bbox 2182 2459 2229 2511; x_wconf 93' lang='lat' dir='ltr'><strong>id</strong></span> <span class='ocrx_word' id='word_1_394' title='bbox 2263 2476 2438 2527; x_wconf 76' lang='lat' dir='ltr'><strong>agere,</strong></span> <span class='ocrx_word' id='word_1_395' title='bbox 2467 2472 2518 2515; x_wconf 88' lang='lat' dir='ltr'><strong>et</strong></span> <span class='ocrx_word' id='word_1_396' title='bbox 2547 2463 2820 2530; x_wconf 86' lang='lat' dir='ltr'><strong>quomodo</strong></span> <span class='ocrx_word' id='word_1_397' title='bbox 2864 2471 3071 2530; x_wconf 81' lang='lat' dir='ltr'><strong>oportet</strong></span> <span class='ocrx_word' id='word_1_398' title='bbox 3106 2477 3290 2514; x_wconf 88' lang='lat' dir='ltr'><strong>onmes</strong></span> <span class='ocrx_word' id='word_1_399' title='bbox 3325 2462 3457 2514; x_wconf 86' lang='lat' dir='ltr'><strong>tales</strong></span> 
     </span>
    </p>
   </div>
   <div class='ocr_carea' id='block_1_56' title="bbox 1905 2549 3456 2623">
    <p class='ocr_par' dir='ltr' id='par_1_56' title="bbox 1905 2549 3456 2623">
     <span class='ocr_line' id='line_1_56' title="bbox 1905 2549 3456 2623; baseline -0.002 -20"><span class='ocrx_word' id='word_1_400' title='bbox 1905 2551 2139 2616; x_wconf 87' lang='lat' dir='ltr'><strong>recipere</strong></span> <span class='ocrx_word' id='word_1_401' title='bbox 2181 2549 2232 2602; x_wconf 92' lang='lat' dir='ltr'><strong>in</strong></span> <span class='ocrx_word' id='word_1_402' title='bbox 2271 2553 2650 2618; x_wconf 86' lang='lat' dir='ltr'><strong>monasteriis;</strong></span> <span class='ocrx_word' id='word_1_403' title='bbox 2699 2562 2752 2608; x_wconf 87' lang='lat' dir='ltr'><strong>et</strong></span> <span class='ocrx_word' id='word_1_404' title='bbox 2809 2554 2948 2623; x_wconf 87' lang='lat' dir='ltr'><strong>quod</strong></span> <span class='ocrx_word' id='word_1_405' title='bbox 2994 2567 3190 2622; x_wconf 78' lang='lat' dir='ltr'><strong>magno</strong></span> <span class='ocrx_word' id='word_1_406' title='bbox 3220 2553 3456 2619; x_wconf 86' lang='lat' dir='ltr'><strong>periculo</strong></span> 
     </span>
    </p>
   </div>
   <div class='ocr_carea' id='block_1_57' title="bbox 1905 2643 3458 2714">
    <p class='ocr_par' dir='ltr' id='par_1_57' title="bbox 1905 2643 3458 2714">
     <span class='ocr_line' id='line_1_57' title="bbox 1905 2643 3458 2714; baseline 0.001 -20"><span class='ocrx_word' id='word_1_407' title='bbox 1905 2659 1962 2695; x_wconf 86' lang='lat' dir='ltr'><strong>se</strong></span> <span class='ocrx_word' id='word_1_408' title='bbox 2008 2644 2223 2709; x_wconf 78' lang='lat' dir='ltr'><strong>exponit</strong></span> <span class='ocrx_word' id='word_1_409' title='bbox 2270 2654 2322 2695; x_wconf 90' lang='lat' dir='ltr'><strong>et</strong></span> <span class='ocrx_word' id='word_1_410' title='bbox 2354 2643 2491 2699; x_wconf 88' lang='lat' dir='ltr'><strong>dans</strong></span> <span class='ocrx_word' id='word_1_411' title='bbox 2523 2652 2577 2697; x_wconf 90' lang='lat' dir='ltr'><strong>et</strong></span> <span class='ocrx_word' id='word_1_412' title='bbox 2618 2646 2886 2714; x_wconf 84' lang='lat' dir='ltr'><strong>recipiens</strong></span> <span class='ocrx_word' id='word_1_413' title='bbox 2933 2654 2984 2698; x_wconf 91' lang='lat' dir='ltr'><strong>et</strong></span> <span class='ocrx_word' id='word_1_414' title='bbox 3036 2645 3348 2713; x_wconf 82' lang='lat' dir='ltr'><strong>permittens</strong></span> <span class='ocrx_word' id='word_1_415' title='bbox 3387 2645 3458 2696; x_wconf 92' lang='lat' dir='ltr'><strong>ob</strong></span> 
     </span>
    </p>
   </div>
   <div class='ocr_carea' id='block_1_58' title="bbox 1903 2733 3454 2800">
    <p class='ocr_par' dir='ltr' id='par_1_58' title="bbox 1903 2733 3454 2800">
     <span class='ocr_line' id='line_1_58' title="bbox 1903 2733 3454 2800; baseline 0.003 -16"><span class='ocrx_word' id='word_1_416' title='bbox 1903 2733 2159 2800; x_wconf 79' lang='lat' dir='ltr'><strong>pecunias</strong></span> <span class='ocrx_word' id='word_1_417' title='bbox 2188 2734 2544 2790; x_wconf 86' lang='lat' dir='ltr'><strong>admissiones</strong></span> <span class='ocrx_word' id='word_1_418' title='bbox 2585 2737 2696 2791; x_wconf 75' lang='lat' dir='ltr'><strong>fieri</strong></span> <span class='ocrx_word' id='word_1_419' title='bbox 2733 2749 2923 2791; x_wconf 88' lang='lat' dir='ltr'><strong>contra</strong></span> <span class='ocrx_word' id='word_1_420' title='bbox 2969 2739 3269 2792; x_wconf 83' lang='lat' dir='ltr'><strong>divinarum</strong></span> <span class='ocrx_word' id='word_1_421' title='bbox 3307 2738 3454 2791; x_wconf 76' lang='grc' dir='ltr'>διιιοὶ-</span> 
     </span>
    </p>
   </div>
   <div class='ocr_carea' id='block_1_59' title="bbox 1907 2826 3457 2897">
    <p class='ocr_par' dir='ltr' id='par_1_59' title="bbox 1907 2826 3457 2897">
     <span class='ocr_line' id='line_1_59' title="bbox 1907 2826 3457 2897; baseline 0.003 -23"><span class='ocrx_word' id='word_1_422' title='bbox 1907 2833 2179 2890; x_wconf 87' lang='lat' dir='ltr'><strong>pturarum</strong></span> <span class='ocrx_word' id='word_1_423' title='bbox 2231 2826 2546 2879; x_wconf 68' lang='lat' dir='ltr'><strong>sententiam</strong></span> <span class='ocrx_word' id='word_1_424' title='bbox 2601 2845 2612 2879; x_wconf 91' lang='lat'><strong>:</strong></span> <span class='ocrx_word' id='word_1_425' title='bbox 2662 2838 2714 2882; x_wconf 91' lang='lat' dir='ltr'><strong>et</strong></span> <span class='ocrx_word' id='word_1_426' title='bbox 2763 2829 2905 2897; x_wconf 90' lang='lat' dir='ltr'><strong>quod</strong></span> <span class='ocrx_word' id='word_1_427' title='bbox 2965 2830 3275 2882; x_wconf 64' lang='lat' dir='ltr'><strong>monastieze</strong></span> <span class='ocrx_word' id='word_1_428' title='bbox 3339 2830 3457 2882; x_wconf 78' lang='lat' dir='ltr'><strong>vitze</strong></span> 
     </span>
    </p>
   </div>
   <div class='ocr_carea' id='block_1_60' title="bbox 1906 2919 3455 2990">
    <p class='ocr_par' dir='ltr' id='par_1_60' title="bbox 1906 2919 3455 2990">
     <span class='ocr_line' id='line_1_60' title="bbox 1906 2919 3455 2990; baseline 0.001 -20"><span class='ocrx_word' id='word_1_429' title='bbox 1906 2919 2191 2981; x_wconf 88' lang='lat' dir='ltr'><strong>rationem,</strong></span> <span class='ocrx_word' id='word_1_430' title='bbox 2247 2919 2391 2972; x_wconf 88' lang='lat' dir='ltr'><strong>nullo</strong></span> <span class='ocrx_word' id='word_1_431' title='bbox 2449 2921 2554 2975; x_wconf 89' lang='lat' dir='ltr'><strong>alio</strong></span> <span class='ocrx_word' id='word_1_432' title='bbox 2594 2921 2751 2974; x_wconf 90' lang='lat' dir='ltr'><strong>modo</strong></span> <span class='ocrx_word' id='word_1_433' title='bbox 2785 2921 2969 2976; x_wconf 78' lang='lat' dir='ltr'><strong>Patres</strong></span> <span class='ocrx_word' id='word_1_434' title='bbox 3008 2923 3302 2990; x_wconf 80' lang='lat' dir='ltr'><strong>arcipiuut,</strong></span> <span class='ocrx_word' id='word_1_435' title='bbox 3355 2921 3455 2974; x_wconf 81' lang='lat' dir='ltr'><strong>nisi</strong></span> 
     </span>
    </p>
   </div>
   <div class='ocr_carea' id='block_1_61' title="bbox 1905 3010 3383 3077">
    <p class='ocr_par' dir='ltr' id='par_1_61' title="bbox 1905 3010 3383 3077">
     <span class='ocr_line' id='line_1_61' title="bbox 1905 3010 3383 3077; baseline -0.001 -14"><span class='ocrx_word' id='word_1_436' title='bbox 1905 3010 2197 3063; x_wconf 88' lang='lat' dir='ltr'><strong>secundum</strong></span> <span class='ocrx_word' id='word_1_437' title='bbox 2226 3011 2639 3064; x_wconf 79' lang='lat' dir='ltr'><strong>constitutiones</strong></span> <span class='ocrx_word' id='word_1_438' title='bbox 2669 3011 2932 3064; x_wconf 78' lang='lat' dir='ltr'><strong>aseeticas</strong></span> <span class='ocrx_word' id='word_1_439' title='bbox 2958 3011 3134 3077; x_wconf 74' lang='lat' dir='ltr'><strong>magni</strong></span> <span class='ocrx_word' id='word_1_440' title='bbox 3177 3010 3383 3063; x_wconf 87' lang='lat' dir='ltr'><strong>Basilii.</strong></span> 
     </span>
    </p>
   </div>
   <div class='ocr_carea' id='block_1_62' title="bbox 325 3082 1813 3191">
    <p class='ocr_par' dir='ltr' id='par_1_62' title="bbox 325 3082 1803 3191">
     <span class='ocr_line' id='line_1_62' title="bbox 325 3082 1803 3166; baseline 0.014 -31"><span class='ocrx_word' id='word_1_441' title='bbox 325 3082 384 3137; x_wconf 86' lang='grc' dir='ltr'><strong>ε’.</strong></span> <span class='ocrx_word' id='word_1_442' title='bbox 417 3086 548 3154; x_wconf 76' lang='grc' dir='ltr'>Περὶ</span> <span class='ocrx_word' id='word_1_443' title='bbox 570 3089 850 3157; x_wconf 77' lang='grc' dir='ltr'>άποταγῆς</span> <span class='ocrx_word' id='word_1_444' title='bbox 872 3093 1089 3144; x_wconf 78' lang='grc' dir='ltr'>δουλων·</span> <span class='ocrx_word' id='word_1_445' title='bbox 1118 3098 1204 3146; x_wconf 70' lang='grc' dir='ltr'><strong>καί</strong></span> <span class='ocrx_word' id='word_1_446' title='bbox 1227 3099 1304 3148; x_wconf 77' lang='grc' dir='ltr'><strong>ὅτι</strong></span> <span class='ocrx_word' id='word_1_447' title='bbox 1323 3102 1369 3149; x_wconf 87' lang='grc' dir='ltr'>οἱ</span> <span class='ocrx_word' id='word_1_448' title='bbox 1395 3102 1516 3161; x_wconf 76' lang='grc' dir='ltr'>τοὺς</span> <span class='ocrx_word' id='word_1_449' title='bbox 1536 3101 1803 3166; x_wconf 73' lang='grc' dir='ltr'>τοιούτους</span> 
     </span>
     <span class='ocr_line' id='line_1_63' title="bbox 363 3172 1394 3191; baseline 0 0"><span class='ocrx_word' id='word_1_450' title='bbox 363 3175 376 3191; x_wconf 78' lang='grc' dir='ltr'><strong><em>Ι</em></strong></span> <span class='ocrx_word' id='word_1_451' title='bbox 577 3179 588 3191; x_wconf 67' lang='grc' dir='ltr'>ι</span> <span class='ocrx_word' id='word_1_452' title='bbox 607 3180 629 3191; x_wconf 56' lang='grc' dir='ltr'><strong>λ</strong></span> <span class='ocrx_word' id='word_1_453' title='bbox 769 3182 779 3191; x_wconf 75' lang='grc' dir='ltr'><strong><em>ι</em></strong></span> <span class='ocrx_word' id='word_1_454' title='bbox 1020 3186 1029 3191; x_wconf 80' lang='grc'><strong>-</strong></span> <span class='ocrx_word' id='word_1_455' title='bbox 1195 3188 1204 3191; x_wconf 63' lang='lat'><strong><em>_</em></strong></span> <span class='ocrx_word' id='word_1_456' title='bbox 1293 3189 1300 3191; x_wconf 96' lang='lat'>_</span> <span class='ocrx_word' id='word_1_457' title='bbox 1326 3172 1330 3176; x_wconf 92' lang='grc'><strong>’</strong></span> <span class='ocrx_word' id='word_1_458' title='bbox 1389 3190 1394 3191; x_wconf 61' lang='lat'><strong><em>,</em></strong></span> 
     </span>
    </p>
   </div>
   <div class='ocr_carea' id='block_1_63' title="bbox 1895 3082 3453 3191">
    <p class='ocr_par' dir='ltr' id='par_1_63' title="bbox 1977 3098 3453 3167">
     <span class='ocr_line' id='line_1_64' title="bbox 1977 3098 3453 3167; baseline -0.001 -14"><span class='ocrx_word' id='word_1_459' title='bbox 1977 3100 2026 3153; x_wconf 83' lang='grc'><strong>5.</strong></span> <span class='ocrx_word' id='word_1_460' title='bbox 2061 3099 2131 3151; x_wconf 91' lang='lat' dir='ltr'><strong>De</strong></span> <span class='ocrx_word' id='word_1_461' title='bbox 2165 3098 2495 3166; x_wconf 76' lang='lat' dir='ltr'><strong>professione</strong></span> <span class='ocrx_word' id='word_1_462' title='bbox 2541 3099 2787 3166; x_wconf 80' lang='lat' dir='ltr'><strong>religiosa</strong></span> <span class='ocrx_word' id='word_1_463' title='bbox 2839 3114 3115 3152; x_wconf 84' lang='lat' dir='ltr'><strong>servorum</strong></span> <span class='ocrx_word' id='word_1_464' title='bbox 3157 3118 3168 3151; x_wconf 93' lang='lat'><strong>:</strong></span> <span class='ocrx_word' id='word_1_465' title='bbox 3214 3111 3264 3151; x_wconf 87' lang='lat' dir='ltr'><strong>et</strong></span> <span class='ocrx_word' id='word_1_466' title='bbox 3314 3101 3453 3167; x_wconf 87' lang='lat' dir='ltr'><strong>quod</strong></span> 
     </span>
    </p>
   </div>
   <div class='ocr_carea' id='block_1_64' title="bbox 249 3172 1802 3261">
    <p class='ocr_par' dir='ltr' id='par_1_64' title="bbox 249 3172 1802 3261">
     <span class='ocr_line' id='line_1_65' title="bbox 249 3172 1802 3261; baseline 0.017 -41"><span class='ocrx_word' id='word_1_467' title='bbox 249 3172 531 3241; x_wconf 80' lang='grc' dir='ltr'>δεχόμενοι</span> <span class='ocrx_word' id='word_1_468' title='bbox 565 3179 908 3249; x_wconf 77' lang='grc' dir='ltr'>ἀδιακρίτως,</span> <span class='ocrx_word' id='word_1_469' title='bbox 949 3186 1039 3234; x_wconf 73' lang='grc' dir='ltr'>καὶ</span> <span class='ocrx_word' id='word_1_470' title='bbox 1073 3188 1217 3253; x_wconf 74' lang='grc' dir='ltr'>παρὰ</span> <span class='ocrx_word' id='word_1_471' title='bbox 1250 3172 1344 3249; x_wconf 65' lang='grc' dir='ltr'><strong>τὰς</strong></span> <span class='ocrx_word' id='word_1_472' title='bbox 1379 3190 1523 3252; x_wconf 82' lang='grc' dir='ltr'>Θείας</span> <span class='ocrx_word' id='word_1_473' title='bbox 1561 3194 1802 3261; x_wconf 73' lang='grc' dir='ltr'>Γραφὰς,</span> 
     </span>
    </p>
   </div>
   <div class='ocr_carea' id='block_1_65' title="bbox 251 3264 1802 3353">
    <p class='ocr_par' dir='ltr' id='par_1_65' title="bbox 251 3264 1802 3353">
     <span class='ocr_line' id='line_1_66' title="bbox 251 3264 1802 3353; baseline 0.015 -39"><span class='ocrx_word' id='word_1_474' title='bbox 251 3264 285 3330; x_wconf 80' lang='grc' dir='ltr'>ἦ</span> <span class='ocrx_word' id='word_1_475' title='bbox 323 3268 468 3333; x_wconf 72' lang='grc' dir='ltr'>παρὰ</span> <span class='ocrx_word' id='word_1_476' title='bbox 494 3270 716 3339; x_wconf 77' lang='grc' dir='ltr'>γνώμην</span> <span class='ocrx_word' id='word_1_477' title='bbox 749 3275 854 3324; x_wconf 80' lang='grc' dir='ltr'>τῶν</span> <span class='ocrx_word' id='word_1_478' title='bbox 890 3276 1030 3327; x_wconf 87' lang='grc' dir='ltr'>ίδίων</span> <span class='ocrx_word' id='word_1_479' title='bbox 1069 3279 1341 3330; x_wconf 75' lang='grc' dir='ltr'>δεσποτῶν</span> <span class='ocrx_word' id='word_1_480' title='bbox 1394 3283 1802 3353; x_wconf 80' lang='grc' dir='ltr'>ἀποκείροντες,</span> 
     </span>
    </p>
   </div>
   <div class='ocr_carea' id='block_1_66' title="bbox 251 3352 1808 3444">
    <p class='ocr_par' dir='ltr' id='par_1_66' title="bbox 251 3352 1808 3444">
     <span class='ocr_line' id='line_1_67' title="bbox 251 3352 1808 3444; baseline 0.017 -43"><span class='ocrx_word' id='word_1_481' title='bbox 251 3352 354 3418; x_wconf 80' lang='grc' dir='ltr'><strong>τῆς</strong></span> <span class='ocrx_word' id='word_1_482' title='bbox 379 3359 655 3419; x_wconf 86' lang='grc' dir='ltr'>κοινωνίας</span> <span class='ocrx_word' id='word_1_483' title='bbox 677 3361 1016 3428; x_wconf 75' lang='grc' dir='ltr'>χωρίζονται,</span> <span class='ocrx_word' id='word_1_484' title='bbox 1045 3369 1135 3417; x_wconf 72' lang='grc' dir='ltr'><strong>καί</strong></span> <span class='ocrx_word' id='word_1_485' title='bbox 1155 3369 1632 3438; x_wconf 74' lang='grc' dir='ltr'>ἀναθεματίζονται</span> <span class='ocrx_word' id='word_1_486' title='bbox 1658 3375 1808 3444; x_wconf 76' lang='grc' dir='ltr'>παρὰ</span> 
     </span>
    </p>
   </div>
   <div class='ocr_carea' id='block_1_67' title="bbox 251 3443 1807 3528">
    <p class='ocr_par' dir='ltr' id='par_1_67' title="bbox 251 3443 1807 3528">
     <span class='ocr_line' id='line_1_68' title="bbox 251 3443 1807 3528; baseline 0.017 -37"><span class='ocrx_word' id='word_1_487' title='bbox 251 3443 363 3492; x_wconf 85' lang='grc' dir='ltr'><strong>τῶν</strong></span> <span class='ocrx_word' id='word_1_488' title='bbox 397 3444 552 3498; x_wconf 85' lang='grc' dir='ltr'>Θείων</span> <span class='ocrx_word' id='word_1_489' title='bbox 598 3455 868 3515; x_wconf 83' lang='grc' dir='ltr'>κανόνων,</span> <span class='ocrx_word' id='word_1_490' title='bbox 898 3456 945 3505; x_wconf 81' lang='lat' dir='ltr'><strong>oi</strong></span> <span class='ocrx_word' id='word_1_491' title='bbox 976 3457 1029 3507; x_wconf 77' lang='grc' dir='ltr'>δὲ</span> <span class='ocrx_word' id='word_1_492' title='bbox 1077 3458 1248 3510; x_wconf 86' lang='grc' dir='ltr'>δοῦλοι</span> <span class='ocrx_word' id='word_1_493' title='bbox 1284 3462 1420 3512; x_wconf 80' lang='grc' dir='ltr'><strong>κατὰ</strong></span> <span class='ocrx_word' id='word_1_494' title='bbox 1450 3465 1572 3526; x_wconf 78' lang='grc' dir='ltr'>τοὺς</span> <span class='ocrx_word' id='word_1_495' title='bbox 1613 3465 1807 3528; x_wconf 76' lang='grc' dir='ltr'>ἔξωθεν</span> 
     </span>
    </p>
   </div>
   <div class='ocr_carea' id='block_1_68' title="bbox 251 3534 1808 3627">
    <p class='ocr_par' dir='ltr' id='par_1_68' title="bbox 251 3534 1808 3627">
     <span class='ocr_line' id='line_1_69' title="bbox 251 3534 1808 3627; baseline 0.018 -45"><span class='ocrx_word' id='word_1_496' title='bbox 251 3534 453 3600; x_wconf 72' lang='grc' dir='ltr'>νόμους</span> <span class='ocrx_word' id='word_1_497' title='bbox 486 3539 914 3608; x_wconf 81' lang='grc' dir='ltr'>άναδουλοῦνται,</span> <span class='ocrx_word' id='word_1_498' title='bbox 955 3549 1047 3599; x_wconf 61' lang='grc' dir='ltr'>ἐὰν</span> <span class='ocrx_word' id='word_1_499' title='bbox 1081 3552 1154 3616; x_wconf 74' lang='grc' dir='ltr'>μὴ</span> <span class='ocrx_word' id='word_1_500' title='bbox 1181 3552 1276 3619; x_wconf 79' lang='grc' dir='ltr'>τὴν</span> <span class='ocrx_word' id='word_1_501' title='bbox 1309 3552 1555 3622; x_wconf 81' lang='grc' dir='ltr'>ἄσκησιν,</span> <span class='ocrx_word' id='word_1_502' title='bbox 1587 3556 1679 3607; x_wconf 79' lang='grc' dir='ltr'><strong>καὶ</strong></span> <span class='ocrx_word' id='word_1_503' title='bbox 1711 3556 1808 3627; x_wconf 79' lang='grc' dir='ltr'>τὴν</span> 
     </span>
    </p>
   </div>
   <div class='ocr_carea' id='block_1_69' title="bbox 251 3625 1621 3711">
    <p class='ocr_par' dir='ltr' id='par_1_69' title="bbox 251 3625 1621 3711">
     <span class='ocr_line' id='line_1_70' title="bbox 251 3625 1621 3711; baseline 0.018 -36"><span class='ocrx_word' id='word_1_504' title='bbox 251 3625 490 3695; x_wconf 80' lang='grc' dir='ltr'>ἁκριὸὴν</span> <span class='ocrx_word' id='word_1_505' title='bbox 517 3633 786 3686; x_wconf 77' lang='grc' dir='ltr'>πολιτείαν</span> <span class='ocrx_word' id='word_1_506' title='bbox 813 3637 918 3686; x_wconf 84' lang='grc' dir='ltr'><strong>τῶν</strong></span> <span class='ocrx_word' id='word_1_507' title='bbox 953 3640 1120 3705; x_wconf 79' lang='grc' dir='ltr'>ἁγίων</span> <span class='ocrx_word' id='word_1_508' title='bbox 1152 3643 1525 3711; x_wconf 78' lang='grc' dir='ltr'>μετέρχονται.</span> <span class='ocrx_word' id='word_1_509' title='bbox 1615 3639 1621 3644; x_wconf 62' lang='grc'><em>’</em></span> 
     </span>
    </p>
   </div>
   <div class='ocr_carea' id='block_1_70' title="bbox 333 3809 1810 3892">
    <p class='ocr_par' dir='ltr' id='par_1_70' title="bbox 333 3809 1810 3892">
     <span class='ocr_line' id='line_1_71' title="bbox 333 3809 1810 3892; baseline 0.017 -38"><span class='ocrx_word' id='word_1_510' title='bbox 333 3813 405 3865; x_wconf 78' lang='grc' dir='ltr'>ς’.</span> <span class='ocrx_word' id='word_1_511' title='bbox 440 3809 568 3874; x_wconf 71' lang='grc' dir='ltr'>Περὶ</span> <span class='ocrx_word' id='word_1_512' title='bbox 598 3809 701 3860; x_wconf 84' lang='grc' dir='ltr'>τῶν</span> <span class='ocrx_word' id='word_1_513' title='bbox 732 3814 1155 3881; x_wconf 66' lang='grc' dir='ltr'>ἀναχωρούντων</span> <span class='ocrx_word' id='word_1_514' title='bbox 1183 3820 1289 3871; x_wconf 81' lang='grc' dir='ltr'>ἀπὸ</span> <span class='ocrx_word' id='word_1_515' title='bbox 1313 3822 1685 3892; x_wconf 79' lang='grc' dir='ltr'>άδελφότητος·</span> <span class='ocrx_word' id='word_1_516' title='bbox 1719 3830 1810 3879; x_wconf 78' lang='grc' dir='ltr'>καὶ</span> 
     </span>
    </p>
   </div>
   <div class='ocr_carea' id='block_1_71' title="bbox 253 3892 1809 3983">
    <p class='ocr_par' dir='ltr' id='par_1_71' title="bbox 253 3892 1809 3983">
     <span class='ocr_line' id='line_1_72' title="bbox 253 3892 1809 3983; baseline 0.013 -39"><span class='ocrx_word' id='word_1_517' title='bbox 253 3896 341 3944; x_wconf 76' lang='grc' dir='ltr'><strong>ὅτι</strong></span> <span class='ocrx_word' id='word_1_518' title='bbox 383 3897 410 3944; x_wconf 81' lang='grc' dir='ltr'>ὀ</span> <span class='ocrx_word' id='word_1_519' title='bbox 455 3895 539 3946; x_wconf 85' lang='grc' dir='ltr'>διὰ</span> <span class='ocrx_word' id='word_1_520' title='bbox 580 3892 865 3965; x_wconf 79' lang='grc' dir='ltr'>σαρκικὴν”</span> <span class='ocrx_word' id='word_1_521' title='bbox 893 3903 1227 3969; x_wconf 70' lang='grc' dir='ltr'>ἀνάπαυσιν,</span> <span class='ocrx_word' id='word_1_522' title='bbox 1287 3907 1317 3975; x_wconf 81' lang='grc' dir='ltr'>ἢ</span> <span class='ocrx_word' id='word_1_523' title='bbox 1379 3909 1464 3960; x_wconf 75' lang='grc' dir='ltr'><strong>διά</strong></span> <span class='ocrx_word' id='word_1_524' title='bbox 1529 3916 1809 3983; x_wconf 78' lang='grc' dir='ltr'>προκοπὴν</span> 
     </span>
    </p>
   </div>
   <div class='ocr_carea' id='block_1_72' title="bbox 257 3988 1811 4076">
    <p class='ocr_par' dir='ltr' id='par_1_72' title="bbox 257 3988 1811 4076">
     <span class='ocr_line' id='line_1_73' title="bbox 257 3988 1811 4076; baseline 0.015 -40"><span class='ocrx_word' id='word_1_525' title='bbox 257 3988 528 4054; x_wconf 77' lang='grc' dir='ltr'>κοσμικὴν</span> <span class='ocrx_word' id='word_1_526' title='bbox 559 3989 664 4039; x_wconf 74' lang='grc' dir='ltr'>ἀπὸ</span> <span class='ocrx_word' id='word_1_527' title='bbox 698 3992 1048 4062; x_wconf 64' lang='grc' dir='ltr'>άδελφότητος</span> <span class='ocrx_word' id='word_1_528' title='bbox 1083 4000 1395 4066; x_wconf 74' lang='grc' dir='ltr'>ἀναχωρῶν,</span> <span class='ocrx_word' id='word_1_529' title='bbox 1428 4003 1547 4055; x_wconf 87' lang='grc' dir='ltr'>λίαν</span> <span class='ocrx_word' id='word_1_530' title='bbox 1575 4007 1811 4076; x_wconf 80' lang='grc' dir='ltr'>ἀπόϐλη-</span> 
     </span>
    </p>
   </div>
   <div class='ocr_carea' id='block_1_73' title="bbox 253 4078 1806 4161">
    <p class='ocr_par' dir='ltr' id='par_1_73' title="bbox 253 4078 1806 4161">
     <span class='ocr_line' id='line_1_74' title="bbox 253 4078 1806 4161; baseline 0.034 -36"><span class='ocrx_word' id='word_1_531' title='bbox 253 4078 350 4138; x_wconf 62' lang='lat' dir='ltr'><strong>vi;</strong></span> <span class='ocrx_word' id='word_1_532' title='bbox 386 4079 498 4127; x_wconf 72' lang='grc' dir='ltr'>ἐστι</span> <span class='ocrx_word' id='word_1_533' title='bbox 527 4083 674 4146; x_wconf 72' lang='grc' dir='ltr'>παρὰ</span> <span class='ocrx_word' id='word_1_534' title='bbox 706 4081 780 4148; x_wconf 71' lang='grc' dir='ltr'><strong>τῷ</strong></span> <span class='ocrx_word' id='word_1_535' title='bbox 809 4082 944 4149; x_wconf 68' lang='grc' dir='ltr'>θεῷ,</span> <span class='ocrx_word' id='word_1_536' title='bbox 998 4087 1087 4136; x_wconf 70' lang='grc' dir='ltr'><strong>καί</strong></span> <span class='ocrx_word' id='word_1_537' title='bbox 1132 4089 1368 4157; x_wconf 76' lang='grc' dir='ltr'>ἀρνητὴς</span> <span class='ocrx_word' id='word_1_538' title='bbox 1411 4092 1502 4141; x_wconf 56' lang='grc' dir='ltr'><strong>τοῦ</strong></span> <span class='ocrx_word' id='word_1_539' title='bbox 1539 4094 1806 4161; x_wconf 62' lang='grc' dir='ltr'><strong>ἐπαγγέλ’</strong></span> 
     </span>
    </p>
   </div>
   <div class='ocr_carea' id='block_1_74' title="bbox 260 4160 1812 4247">
    <p class='ocr_par' dir='ltr' id='par_1_74' title="bbox 260 4171 1812 4247">
     <span class='ocr_line' id='line_1_75' title="bbox 260 4171 1812 4247; baseline 0.013 -29"><span class='ocrx_word' id='word_1_540' title='bbox 260 4187 462 4237; x_wconf 77' lang='grc' dir='ltr'>ματος·</span> <span class='ocrx_word' id='word_1_541' title='bbox 496 4174 587 4222; x_wconf 68' lang='grc' dir='ltr'><strong>καὶ</strong></span> <span class='ocrx_word' id='word_1_542' title='bbox 617 4171 695 4223; x_wconf 80' lang='grc' dir='ltr'><strong>ὅτι</strong></span> <span class='ocrx_word' id='word_1_543' title='bbox 734 4175 779 4223; x_wconf 82' lang='grc' dir='ltr'>οἱ</span> <span class='ocrx_word' id='word_1_544' title='bbox 807 4173 937 4226; x_wconf 80' lang='grc' dir='ltr'>Οεῖοι</span> <span class='ocrx_word' id='word_1_545' title='bbox 971 4180 1187 4239; x_wconf 86' lang='grc' dir='ltr'>κανόνες</span> <span class='ocrx_word' id='word_1_546' title='bbox 1224 4182 1344 4242; x_wconf 83' lang='grc' dir='ltr'>τοὺς</span> <span class='ocrx_word' id='word_1_547' title='bbox 1385 4184 1685 4247; x_wconf 74' lang='grc' dir='ltr'>τοιούτους,</span> <span class='ocrx_word' id='word_1_548' title='bbox 1721 4189 1812 4240; x_wconf 73' lang='grc' dir='ltr'><strong>καὶ</strong></span> 
     </span>
    </p>
   </div>
   <div class='ocr_carea' id='block_1_75' title="bbox 255 4261 1809 4343">
    <p class='ocr_par' dir='ltr' id='par_1_75' title="bbox 255 4261 1809 4343">
     <span class='ocr_line' id='line_1_76' title="bbox 255 4261 1809 4343; baseline 0.012 -34"><span class='ocrx_word' id='word_1_549' title='bbox 255 4261 386 4319; x_wconf 77' lang='grc' dir='ltr'>τοῦς</span> <span class='ocrx_word' id='word_1_550' title='bbox 408 4261 823 4329; x_wconf 76' lang='grc' dir='ltr'>ἀναδεχομένους</span> <span class='ocrx_word' id='word_1_551' title='bbox 847 4267 1060 4331; x_wconf 76' lang='grc' dir='ltr'>αὐτοὺς,</span> <span class='ocrx_word' id='word_1_552' title='bbox 1087 4269 1180 4337; x_wconf 76' lang='grc' dir='ltr'>τῆς</span> <span class='ocrx_word' id='word_1_553' title='bbox 1204 4273 1479 4334; x_wconf 82' lang='grc' dir='ltr'>κοινωνίας</span> <span class='ocrx_word' id='word_1_554' title='bbox 1504 4276 1809 4343; x_wconf 75' lang='grc' dir='ltr'>χωρίζουσιο</span> 
     </span>
    </p>
   </div>
   <div class='ocr_carea' id='block_1_76' title="bbox 263 4351 1809 4436">
    <p class='ocr_par' dir='ltr' id='par_1_76' title="bbox 263 4351 1809 4436">
     <span class='ocr_line' id='line_1_77' title="bbox 263 4351 1809 4436; baseline 0.013 -36"><span class='ocrx_word' id='word_1_555' title='bbox 263 4353 360 4400; x_wconf 67' lang='grc' dir='ltr'><strong>καί</strong></span> <span class='ocrx_word' id='word_1_556' title='bbox 410 4351 488 4402; x_wconf 85' lang='grc' dir='ltr'>ὅτι</span> <span class='ocrx_word' id='word_1_557' title='bbox 516 4355 563 4403; x_wconf 91' lang='grc' dir='ltr'><strong>οί</strong></span> <span class='ocrx_word' id='word_1_558' title='bbox 607 4353 693 4405; x_wconf 76' lang='grc' dir='ltr'><strong>διὰ</strong></span> <span class='ocrx_word' id='word_1_559' title='bbox 741 4356 832 4406; x_wconf 71' lang='grc' dir='ltr'><strong>τὸν</strong></span> <span class='ocrx_word' id='word_1_560' title='bbox 862 4357 992 4408; x_wconf 80' lang='grc' dir='ltr'>Θεὸν</span> <span class='ocrx_word' id='word_1_561' title='bbox 1027 4360 1211 4412; x_wconf 82' lang='grc' dir='ltr'>ἄλλοτε</span> <span class='ocrx_word' id='word_1_562' title='bbox 1245 4362 1473 4432; x_wconf 77' lang='grc' dir='ltr'>ἀλλαχοῦ</span> <span class='ocrx_word' id='word_1_563' title='bbox 1511 4367 1809 4436; x_wconf 81' lang='grc' dir='ltr'>ἑλκόμενοι,</span> 
     </span>
    </p>
   </div>
   <div class='ocr_carea' id='block_1_77' title="bbox 1908 3189 3458 3258">
    <p class='ocr_par' dir='ltr' id='par_1_77' title="bbox 1908 3189 3458 3258">
     <span class='ocr_line' id='line_1_78' title="bbox 1908 3189 3458 3258; baseline 0.001 -18"><span class='ocrx_word' id='word_1_564' title='bbox 1908 3189 1980 3240; x_wconf 92' lang='lat' dir='ltr'><strong>illi</strong></span> <span class='ocrx_word' id='word_1_565' title='bbox 2009 3191 2099 3258; x_wconf 87' lang='lat' dir='ltr'><strong>qui</strong></span> <span class='ocrx_word' id='word_1_566' title='bbox 2133 3190 2264 3242; x_wconf 89' lang='lat' dir='ltr'><strong>tales</strong></span> <span class='ocrx_word' id='word_1_567' title='bbox 2292 3190 2550 3257; x_wconf 83' lang='lat' dir='ltr'><strong>recipiunt</strong></span> <span class='ocrx_word' id='word_1_568' title='bbox 2583 3190 2911 3250; x_wconf 79' lang='lat' dir='ltr'><strong>indistincte,</strong></span> <span class='ocrx_word' id='word_1_569' title='bbox 2938 3199 2992 3242; x_wconf 88' lang='lat' dir='ltr'><strong>et</strong></span> <span class='ocrx_word' id='word_1_570' title='bbox 3024 3198 3207 3242; x_wconf 91' lang='lat' dir='ltr'><strong>contra</strong></span> <span class='ocrx_word' id='word_1_571' title='bbox 3245 3190 3458 3241; x_wconf 85' lang='lat' dir='ltr'><strong>divinas</strong></span> 
     </span>
    </p>
   </div>
   <div class='ocr_carea' id='block_1_78' title="bbox 1909 3279 3460 3348">
    <p class='ocr_par' dir='ltr' id='par_1_78' title="bbox 1909 3279 3460 3348">
     <span class='ocr_line' id='line_1_79' title="bbox 1909 3279 3460 3348; baseline 0.001 -17"><span class='ocrx_word' id='word_1_572' title='bbox 1909 3279 2228 3347; x_wconf 85' lang='lat' dir='ltr'><strong>Scripturas,</strong></span> <span class='ocrx_word' id='word_1_573' title='bbox 2264 3288 2315 3331; x_wconf 92' lang='lat' dir='ltr'><strong>et</strong></span> <span class='ocrx_word' id='word_1_574' title='bbox 2346 3289 2528 3332; x_wconf 82' lang='lat' dir='ltr'><strong>contra</strong></span> <span class='ocrx_word' id='word_1_575' title='bbox 2563 3283 2882 3332; x_wconf 87' lang='lat' dir='ltr'><strong>sententiam</strong></span> <span class='ocrx_word' id='word_1_576' title='bbox 2911 3281 3249 3348; x_wconf 89' lang='lat' dir='ltr'><strong>propriorum</strong></span> <span class='ocrx_word' id='word_1_577' title='bbox 3287 3279 3460 3332; x_wconf 84' lang='lat' dir='ltr'><strong>domi-</strong></span> 
     </span>
    </p>
   </div>
   <div class='ocr_carea' id='block_1_79' title="bbox 1908 3371 3461 3439">
    <p class='ocr_par' dir='ltr' id='par_1_79' title="bbox 1908 3371 3461 3439">
     <span class='ocr_line' id='line_1_80' title="bbox 1908 3371 3461 3439; baseline -0.001 -17"><span class='ocrx_word' id='word_1_578' title='bbox 1908 3385 2099 3423; x_wconf 88' lang='lat' dir='ltr'><strong>norum</strong></span> <span class='ocrx_word' id='word_1_579' title='bbox 2136 3371 2375 3430; x_wconf 88' lang='lat' dir='ltr'><strong>tondent,</strong></span> <span class='ocrx_word' id='word_1_580' title='bbox 2405 3385 2430 3420; x_wconf 89' lang='lat' dir='ltr'><strong>a</strong></span> <span class='ocrx_word' id='word_1_581' title='bbox 2467 3372 2852 3424; x_wconf 88' lang='lat' dir='ltr'><strong>communione</strong></span> <span class='ocrx_word' id='word_1_582' title='bbox 2892 3381 3213 3439; x_wconf 81' lang='lat' dir='ltr'><strong>separantur</strong></span> <span class='ocrx_word' id='word_1_583' title='bbox 3243 3379 3294 3423; x_wconf 90' lang='lat' dir='ltr'><strong>et</strong></span> <span class='ocrx_word' id='word_1_584' title='bbox 3327 3386 3461 3422; x_wconf 78' lang='lat' dir='ltr'><strong>ana-</strong></span> 
     </span>
    </p>
   </div>
   <div class='ocr_carea' id='block_1_80' title="bbox 1909 3450 3460 3529">
    <p class='ocr_par' dir='ltr' id='par_1_80' title="bbox 1909 3450 3460 3529">
     <span class='ocr_line' id='line_1_81' title="bbox 1909 3450 3460 3529; baseline 0.001 -16"><span class='ocrx_word' id='word_1_585' title='bbox 1909 3450 2326 3515; x_wconf 76' lang='lat' dir='ltr'><strong>tlicmatizantnr</strong></span> <span class='ocrx_word' id='word_1_586' title='bbox 2373 3463 2570 3517; x_wconf 87' lang='lat' dir='ltr'><strong>divinis</strong></span> <span class='ocrx_word' id='word_1_587' title='bbox 2621 3464 2939 3529; x_wconf 87' lang='lat' dir='ltr'><strong>canonibus,</strong></span> <span class='ocrx_word' id='word_1_588' title='bbox 2976 3463 3112 3516; x_wconf 87' lang='lat' dir='ltr'><strong>servi</strong></span> <span class='ocrx_word' id='word_1_589' title='bbox 3166 3472 3343 3515; x_wconf 88' lang='lat' dir='ltr'><strong>autem</strong></span> <span class='ocrx_word' id='word_1_590' title='bbox 3376 3477 3460 3515; x_wconf 88' lang='lat' dir='ltr'><strong>se-</strong></span> 
     </span>
    </p>
   </div>
   <div class='ocr_carea' id='block_1_81' title="bbox 1909 3554 3463 3623">
    <p class='ocr_par' dir='ltr' id='par_1_81' title="bbox 1909 3554 3463 3623">
     <span class='ocr_line' id='line_1_82' title="bbox 1909 3554 3463 3623; baseline -0.001 -17"><span class='ocrx_word' id='word_1_591' title='bbox 1909 3554 2143 3606; x_wconf 88' lang='lat' dir='ltr'><strong>cundum</strong></span> <span class='ocrx_word' id='word_1_592' title='bbox 2170 3563 2417 3608; x_wconf 79' lang='lat' dir='ltr'><strong>externas</strong></span> <span class='ocrx_word' id='word_1_593' title='bbox 2444 3555 2584 3623; x_wconf 80' lang='lat' dir='ltr'><strong>leges</strong></span> <span class='ocrx_word' id='word_1_594' title='bbox 2619 3571 2832 3609; x_wconf 87' lang='lat' dir='ltr'><strong>rursum</strong></span> <span class='ocrx_word' id='word_1_595' title='bbox 2865 3554 3109 3609; x_wconf 90' lang='lat' dir='ltr'><strong>servituti</strong></span> <span class='ocrx_word' id='word_1_596' title='bbox 3153 3555 3463 3621; x_wconf 79' lang='lat' dir='ltr'><strong>mancipau-</strong></span> 
     </span>
    </p>
   </div>
   <div class='ocr_carea' id='block_1_82' title="bbox 1911 3644 3463 3711">
    <p class='ocr_par' dir='ltr' id='par_1_82' title="bbox 1911 3644 3463 3711">
     <span class='ocr_line' id='line_1_83' title="bbox 1911 3644 3463 3711; baseline -0.001 -15"><span class='ocrx_word' id='word_1_597' title='bbox 1911 3651 2016 3703; x_wconf 88' lang='lat' dir='ltr'><strong>tur,</strong></span> <span class='ocrx_word' id='word_1_598' title='bbox 2044 3645 2143 3697; x_wconf 88' lang='lat' dir='ltr'><strong>nisi</strong></span> <span class='ocrx_word' id='word_1_599' title='bbox 2182 3645 2338 3699; x_wconf 83' lang='lat' dir='ltr'><strong>vitam</strong></span> <span class='ocrx_word' id='word_1_600' title='bbox 2365 3647 2672 3711; x_wconf 86' lang='lat' dir='ltr'><strong>ascetieam,</strong></span> <span class='ocrx_word' id='word_1_601' title='bbox 2691 3656 2743 3700; x_wconf 92' lang='lat' dir='ltr'><strong>et</strong></span> <span class='ocrx_word' id='word_1_602' title='bbox 2775 3655 2970 3700; x_wconf 87' lang='lat' dir='ltr'><strong>rectam</strong></span> <span class='ocrx_word' id='word_1_603' title='bbox 2998 3655 3305 3700; x_wconf 89' lang='lat' dir='ltr'><strong>sanctorum</strong></span> <span class='ocrx_word' id='word_1_604' title='bbox 3345 3644 3463 3697; x_wconf 70' lang='grc' dir='ltr'>γίιεο</span> 
     </span>
    </p>
   </div>
   <div class='ocr_carea' id='block_1_83' title="bbox 1913 3735 2610 3802">
    <p class='ocr_par' dir='ltr' id='par_1_83' title="bbox 1913 3735 2610 3802">
     <span class='ocr_line' id='line_1_84' title="bbox 1913 3735 2610 3802; baseline 0.004 -18"><span class='ocrx_word' id='word_1_605' title='bbox 1913 3735 2171 3786; x_wconf 88' lang='lat' dir='ltr'><strong>rationem</strong></span> <span class='ocrx_word' id='word_1_606' title='bbox 2200 3735 2610 3802; x_wconf 75' lang='lat' dir='ltr'><strong>amplectantur.</strong></span> 
     </span>
    </p>
   </div>
   <div class='ocr_carea' id='block_1_84' title="bbox 1980 3822 3466 3890">
    <p class='ocr_par' dir='ltr' id='par_1_84' title="bbox 1980 3822 3466 3890">
     <span class='ocr_line' id='line_1_85' title="bbox 1980 3822 3466 3890; baseline -0.001 -16"><span class='ocrx_word' id='word_1_607' title='bbox 1980 3825 2031 3875; x_wconf 85' lang='grc'><strong>6.</strong></span> <span class='ocrx_word' id='word_1_608' title='bbox 2062 3825 2131 3874; x_wconf 91' lang='lat' dir='ltr'><strong>De</strong></span> <span class='ocrx_word' id='word_1_609' title='bbox 2172 3823 2569 3876; x_wconf 82' lang='lat' dir='ltr'><strong>discedentibus</strong></span> <span class='ocrx_word' id='word_1_610' title='bbox 2613 3837 2640 3873; x_wconf 92' lang='lat' dir='ltr'><strong>a</strong></span> <span class='ocrx_word' id='word_1_611' title='bbox 2689 3822 3022 3876; x_wconf 79' lang='lat' dir='ltr'><strong>fraternitate</strong></span> <span class='ocrx_word' id='word_1_612' title='bbox 3055 3839 3067 3873; x_wconf 91' lang='lat'><strong>:</strong></span> <span class='ocrx_word' id='word_1_613' title='bbox 3104 3831 3154 3875; x_wconf 87' lang='lat' dir='ltr'><strong>et</strong></span> <span class='ocrx_word' id='word_1_614' title='bbox 3209 3823 3348 3890; x_wconf 90' lang='lat' dir='ltr'><strong>quod</strong></span> <span class='ocrx_word' id='word_1_615' title='bbox 3380 3823 3466 3873; x_wconf 85' lang='lat' dir='ltr'><strong>ille</strong></span> 
     </span>
    </p>
   </div>
   <div class='ocr_carea' id='block_1_85' title="bbox 1911 3913 3467 3980">
    <p class='ocr_par' dir='ltr' id='par_1_85' title="bbox 1911 3913 3467 3980">
     <span class='ocr_line' id='line_1_86' title="bbox 1911 3913 3467 3980; baseline 0.002 -19"><span class='ocrx_word' id='word_1_616' title='bbox 1911 3913 2000 3980; x_wconf 90' lang='lat' dir='ltr'><strong>qui</strong></span> <span class='ocrx_word' id='word_1_617' title='bbox 2029 3923 2244 3980; x_wconf 87' lang='lat' dir='ltr'><strong>propter</strong></span> <span class='ocrx_word' id='word_1_618' title='bbox 2279 3913 2546 3966; x_wconf 85' lang='lat' dir='ltr'><strong>carnalem</strong></span> <span class='ocrx_word' id='word_1_619' title='bbox 2576 3913 2831 3980; x_wconf 88' lang='lat' dir='ltr'><strong>quietem,</strong></span> <span class='ocrx_word' id='word_1_620' title='bbox 2858 3913 2938 3965; x_wconf 85' lang='lat' dir='ltr'><strong>vel</strong></span> <span class='ocrx_word' id='word_1_621' title='bbox 2967 3913 3291 3965; x_wconf 88' lang='lat' dir='ltr'><strong>mundanam</strong></span> <span class='ocrx_word' id='word_1_622' title='bbox 3325 3913 3467 3964; x_wconf 84' lang='lat' dir='ltr'><strong>utili-</strong></span> 
     </span>
    </p>
   </div>
   <div class='ocr_carea' id='block_1_86' title="bbox 1913 4002 3459 4071">
    <p class='ocr_par' dir='ltr' id='par_1_86' title="bbox 1913 4002 3459 4071">
     <span class='ocr_line' id='line_1_87' title="bbox 1913 4002 3459 4071; baseline -0.003 -14"><span class='ocrx_word' id='word_1_623' title='bbox 1913 4012 2073 4057; x_wconf 90' lang='lat' dir='ltr'><strong>tatem</strong></span> <span class='ocrx_word' id='word_1_624' title='bbox 2110 4018 2138 4055; x_wconf 89' lang='lat' dir='ltr'><strong>a</strong></span> <span class='ocrx_word' id='word_1_625' title='bbox 2189 4002 2519 4056; x_wconf 81' lang='lat' dir='ltr'><strong>fraternitate</strong></span> <span class='ocrx_word' id='word_1_626' title='bbox 2564 4004 2815 4065; x_wconf 85' lang='lat' dir='ltr'><strong>discedit,</strong></span> <span class='ocrx_word' id='word_1_627' title='bbox 2849 4004 3074 4055; x_wconf 90' lang='lat' dir='ltr'><strong>multum</strong></span> <span class='ocrx_word' id='word_1_628' title='bbox 3112 4002 3253 4071; x_wconf 88' lang='lat' dir='ltr'><strong>apud</strong></span> <span class='ocrx_word' id='word_1_629' title='bbox 3297 4002 3459 4055; x_wconf 86' lang='lat' dir='ltr'><strong>Denm</strong></span> 
     </span>
    </p>
   </div>
   <div class='ocr_carea' id='block_1_87' title="bbox 1912 4092 3457 4162">
    <p class='ocr_par' dir='ltr' id='par_1_87' title="bbox 1912 4092 3457 4162">
     <span class='ocr_line' id='line_1_88' title="bbox 1912 4092 3457 4162; baseline -0.002 -16"><span class='ocrx_word' id='word_1_630' title='bbox 1912 4093 2327 4161; x_wconf 78' lang='lat' dir='ltr'><strong>contemptibilis</strong></span> <span class='ocrx_word' id='word_1_631' title='bbox 2361 4103 2532 4154; x_wconf 84' lang='lat' dir='ltr'><strong>est,et</strong></span> <span class='ocrx_word' id='word_1_632' title='bbox 2557 4095 2913 4162; x_wconf 85' lang='lat' dir='ltr'><strong>promissione</strong></span> <span class='ocrx_word' id='word_1_633' title='bbox 2941 4094 3213 4161; x_wconf 87' lang='lat' dir='ltr'><strong>privatus;</strong></span> <span class='ocrx_word' id='word_1_634' title='bbox 3240 4092 3457 4160; x_wconf 87' lang='lat' dir='ltr'><strong>etquod</strong></span> 
     </span>
    </p>
   </div>
   <div class='ocr_carea' id='block_1_88' title="bbox 1913 4185 3467 4252">
    <p class='ocr_par' dir='ltr' id='par_1_88' title="bbox 1913 4185 3467 4252">
     <span class='ocr_line' id='line_1_89' title="bbox 1913 4185 3467 4252; baseline -0.002 -14"><span class='ocrx_word' id='word_1_635' title='bbox 1913 4185 2078 4238; x_wconf 87' lang='lat' dir='ltr'><strong>divini</strong></span> <span class='ocrx_word' id='word_1_636' title='bbox 2110 4199 2346 4238; x_wconf 85' lang='lat' dir='ltr'><strong>canones</strong></span> <span class='ocrx_word' id='word_1_637' title='bbox 2369 4185 2500 4239; x_wconf 88' lang='lat' dir='ltr'><strong>tales</strong></span> <span class='ocrx_word' id='word_1_638' title='bbox 2543 4185 2808 4250; x_wconf 81' lang='lat' dir='ltr'><strong>homines,</strong></span> <span class='ocrx_word' id='word_1_639' title='bbox 2835 4195 2886 4238; x_wconf 90' lang='lat' dir='ltr'><strong>et</strong></span> <span class='ocrx_word' id='word_1_640' title='bbox 2913 4201 3006 4238; x_wconf 90' lang='lat' dir='ltr'><strong>cos</strong></span> <span class='ocrx_word' id='word_1_641' title='bbox 3055 4185 3147 4252; x_wconf 89' lang='lat' dir='ltr'><strong>qui</strong></span> <span class='ocrx_word' id='word_1_642' title='bbox 3197 4185 3467 4252; x_wconf 90' lang='lat' dir='ltr'><strong>recipiunt</strong></span> 
     </span>
    </p>
   </div>
   <div class='ocr_carea' id='block_1_89' title="bbox 1915 4274 3468 4344">
    <p class='ocr_par' dir='ltr' id='par_1_89' title="bbox 1915 4274 3468 4344">
     <span class='ocr_line' id='line_1_90' title="bbox 1915 4274 3468 4344; baseline -0.001 -18"><span class='ocrx_word' id='word_1_643' title='bbox 1915 4276 2052 4339; x_wconf 90' lang='lat' dir='ltr'><strong>illos,</strong></span> <span class='ocrx_word' id='word_1_644' title='bbox 2100 4289 2128 4327; x_wconf 90' lang='lat' dir='ltr'><strong>a</strong></span> <span class='ocrx_word' id='word_1_645' title='bbox 2198 4277 2577 4329; x_wconf 88' lang='lat' dir='ltr'><strong>communione</strong></span> <span class='ocrx_word' id='word_1_646' title='bbox 2635 4286 2917 4344; x_wconf 85' lang='lat' dir='ltr'><strong>separant;</strong></span> <span class='ocrx_word' id='word_1_647' title='bbox 2962 4285 3014 4328; x_wconf 93' lang='lat' dir='ltr'><strong>et</strong></span> <span class='ocrx_word' id='word_1_648' title='bbox 3069 4274 3213 4343; x_wconf 88' lang='lat' dir='ltr'><strong>quod</strong></span> <span class='ocrx_word' id='word_1_649' title='bbox 3273 4275 3323 4327; x_wconf 79' lang='lat' dir='ltr'><strong>lii</strong></span> <span class='ocrx_word' id='word_1_650' title='bbox 3376 4277 3468 4342; x_wconf 87' lang='lat' dir='ltr'><strong>qui</strong></span> 
     </span>
    </p>
   </div>
   <div class='ocr_carea' id='block_1_90' title="bbox 1915 4363 3469 4432">
    <p class='ocr_par' dir='ltr' id='par_1_90' title="bbox 1915 4363 3469 4432">
     <span class='ocr_line' id='line_1_91' title="bbox 1915 4363 3469 4432; baseline 0 -16"><span class='ocrx_word' id='word_1_651' title='bbox 1915 4373 2128 4432; x_wconf 76' lang='lat' dir='ltr'><strong>propter</strong></span> <span class='ocrx_word' id='word_1_652' title='bbox 2162 4363 2324 4417; x_wconf 80' lang='lat' dir='ltr'><strong>Deum</strong></span> <span class='ocrx_word' id='word_1_653' title='bbox 2357 4365 2510 4417; x_wconf 89' lang='lat' dir='ltr'><strong>aliter</strong></span> <span class='ocrx_word' id='word_1_654' title='bbox 2552 4365 2658 4418; x_wconf 91' lang='lat' dir='ltr'><strong>alio</strong></span> <span class='ocrx_word' id='word_1_655' title='bbox 2697 4365 3002 4427; x_wconf 89' lang='lat' dir='ltr'><strong>tralnmtnr,</strong></span> <span class='ocrx_word' id='word_1_656' title='bbox 3045 4374 3098 4418; x_wconf 86' lang='lat' dir='ltr'><strong>et</strong></span> <span class='ocrx_word' id='word_1_657' title='bbox 3136 4364 3469 4418; x_wconf 86' lang='lat' dir='ltr'><strong>discedentes</strong></span> 
     </span>
    </p>
   </div>
   <div class='ocr_carea' id='block_1_91' title="bbox 255 4441 1813 4525">
    <p class='ocr_par' dir='ltr' id='par_1_91' title="bbox 255 4441 1813 4525">
     <span class='ocr_line' id='line_1_92' title="bbox 255 4441 1813 4525; baseline 0.012 -35"><span class='ocrx_word' id='word_1_658' title='bbox 255 4441 357 4490; x_wconf 73' lang='grc' dir='ltr'><strong>καὶ</strong></span> <span class='ocrx_word' id='word_1_659' title='bbox 385 4441 784 4509; x_wconf 76' lang='grc' dir='ltr'>ἀναχωροῦντες</span> <span class='ocrx_word' id='word_1_660' title='bbox 814 4446 1102 4508; x_wconf 74' lang='grc' dir='ltr'>ἐπαινετοὶ,</span> <span class='ocrx_word' id='word_1_661' title='bbox 1141 4451 1232 4500; x_wconf 76' lang='grc' dir='ltr'>καὶ</span> <span class='ocrx_word' id='word_1_662' title='bbox 1264 4453 1324 4502; x_wconf 77' lang='grc' dir='ltr'><strong>οὐ</strong></span> <span class='ocrx_word' id='word_1_663' title='bbox 1357 4454 1675 4521; x_wconf 82' lang='grc' dir='ltr'>χωρίζονται</span> <span class='ocrx_word' id='word_1_664' title='bbox 1714 4458 1813 4525; x_wconf 74' lang='grc' dir='ltr'>τῆς</span> 
     </span>
    </p>
   </div>
   <div class='ocr_carea' id='block_1_92' title="bbox 1895 4441 3466 4525">
    <p class='ocr_par' dir='ltr' id='par_1_92' title="bbox 1919 4452 3466 4522">
     <span class='ocr_line' id='line_1_93' title="bbox 1919 4452 3466 4522; baseline 0 -18"><span class='ocrx_word' id='word_1_665' title='bbox 1919 4452 2224 4514; x_wconf 87' lang='lat' dir='ltr'><strong>laudantur,</strong></span> <span class='ocrx_word' id='word_1_666' title='bbox 2272 4467 2444 4520; x_wconf 84' lang='lat' dir='ltr'><strong>neque</strong></span> <span class='ocrx_word' id='word_1_667' title='bbox 2485 4467 2513 4505; x_wconf 90' lang='lat' dir='ltr'><strong>a</strong></span> <span class='ocrx_word' id='word_1_668' title='bbox 2572 4453 2904 4507; x_wconf 78' lang='lat' dir='ltr'><strong>fraternitate</strong></span> <span class='ocrx_word' id='word_1_669' title='bbox 2961 4462 3297 4522; x_wconf 84' lang='lat' dir='ltr'><strong>separantur,</strong></span> <span class='ocrx_word' id='word_1_670' title='bbox 3343 4454 3466 4522; x_wconf 89' lang='lat' dir='ltr'><strong>quia</strong></span> 
     </span>
    </p>
   </div>
   <div class='ocr_carea' id='block_1_93' title="bbox 254 4529 1421 4607">
    <p class='ocr_par' dir='ltr' id='par_1_93' title="bbox 254 4529 1421 4607">
     <span class='ocr_line' id='line_1_94' title="bbox 254 4529 1421 4607; baseline 0.012 -27"><span class='ocrx_word' id='word_1_671' title='bbox 254 4529 635 4595; x_wconf 72' lang='grc' dir='ltr'>ἀδελφότητος,</span> <span class='ocrx_word' id='word_1_672' title='bbox 665 4535 743 4583; x_wconf 85' lang='grc' dir='ltr'><strong>δτι</strong></span> <span class='ocrx_word' id='word_1_673' title='bbox 772 4537 1079 4603; x_wconf 78' lang='grc' dir='ltr'>οίκονομίαν</span> <span class='ocrx_word' id='word_1_674' title='bbox 1111 4540 1421 4607; x_wconf 80' lang='grc' dir='ltr'>πληροῦσιν.</span> 
     </span>
    </p>
   </div>
   <div class='ocr_carea' id='block_1_94' title="bbox 337 4620 1814 4690">
    <p class='ocr_par' dir='ltr' id='par_1_94' title="bbox 337 4620 1814 4690">
     <span class='ocr_line' id='line_1_95' title="bbox 337 4620 1814 4690; baseline 0.015 -22"><span class='ocrx_word' id='word_1_675' title='bbox 337 4620 398 4683; x_wconf 78' lang='grc' dir='ltr'><strong>ζ’.</strong></span> <span class='ocrx_word' id='word_1_676' title='bbox 431 4621 561 4688; x_wconf 78' lang='grc' dir='ltr'>Περὶ</span> <span class='ocrx_word' id='word_1_677' title='bbox 582 4622 839 4688; x_wconf 72' lang='grc' dir='ltr'>διαφορᾶς</span> <span class='ocrx_word' id='word_1_678' title='bbox 866 4629 1186 4680; x_wconf 77' lang='grc' dir='ltr'>σκανδάλων·</span> <span class='ocrx_word' id='word_1_679' title='bbox 1217 4636 1304 4682; x_wconf 75' lang='grc' dir='ltr'><strong>καὶ</strong></span> <span class='ocrx_word' id='word_1_680' title='bbox 1331 4636 1410 4684; x_wconf 83' lang='grc' dir='ltr'><strong>ὅτι</strong></span> <span class='ocrx_word' id='word_1_681' title='bbox 1442 4638 1530 4687; x_wconf 77' lang='grc' dir='ltr'><strong>τὸν</strong></span> <span class='ocrx_word' id='word_1_682' title='bbox 1563 4638 1814 4690; x_wconf 86' lang='grc' dir='ltr'>ποιοῦντα</span> 
     </span>
    </p>
   </div>
   <div class='ocr_carea' id='block_1_95' title="bbox 262 4711 1813 4796">
    <p class='ocr_par' dir='ltr' id='par_1_95' title="bbox 262 4711 1813 4796">
     <span class='ocr_line' id='line_1_96' title="bbox 262 4711 1813 4796; baseline 0.012 -36"><span class='ocrx_word' id='word_1_683' title='bbox 262 4711 486 4778; x_wconf 80' lang='grc' dir='ltr'>ἐντολὴν</span> <span class='ocrx_word' id='word_1_684' title='bbox 510 4713 663 4772; x_wconf 77' lang='grc' dir='ltr'>θεοῦ,</span> <span class='ocrx_word' id='word_1_685' title='bbox 699 4715 727 4781; x_wconf 76' lang='grc' dir='ltr'><strong>ἦ</strong></span> <span class='ocrx_word' id='word_1_686' title='bbox 762 4718 1084 4780; x_wconf 78' lang='grc' dir='ltr'>παραδόσεις</span> <span class='ocrx_word' id='word_1_687' title='bbox 1118 4722 1284 4786; x_wconf 83' lang='grc' dir='ltr'>ἁγίων</span> <span class='ocrx_word' id='word_1_688' title='bbox 1321 4725 1596 4792; x_wconf 83' lang='grc' dir='ltr'>Πατέρων,</span> <span class='ocrx_word' id='word_1_689' title='bbox 1625 4730 1682 4778; x_wconf 74' lang='grc' dir='ltr'>οὐ</span> <span class='ocrx_word' id='word_1_690' title='bbox 1713 4731 1813 4796; x_wconf 74' lang='grc' dir='ltr'>χρὴ</span> 
     </span>
    </p>
   </div>
   <div class='ocr_carea' id='block_1_96' title="bbox 257 4805 1813 4883">
    <p class='ocr_par' dir='ltr' id='par_1_96' title="bbox 257 4805 1813 4883">
     <span class='ocr_line' id='line_1_97' title="bbox 257 4805 1813 4883; baseline 0.01 -32"><span class='ocrx_word' id='word_1_691' title='bbox 257 4805 365 4868; x_wconf 75' lang='grc' dir='ltr'>τὴν</span> <span class='ocrx_word' id='word_1_692' title='bbox 401 4805 593 4871; x_wconf 77' lang='grc' dir='ltr'>πρᾶξιν</span> <span class='ocrx_word' id='word_1_693' title='bbox 642 4806 1066 4874; x_wconf 80' lang='grc' dir='ltr'>καταλιμπάνειν</span> <span class='ocrx_word' id='word_1_694' title='bbox 1114 4811 1199 4860; x_wconf 70' lang='grc' dir='ltr'><strong>διὰ</strong></span> <span class='ocrx_word' id='word_1_695' title='bbox 1240 4817 1362 4874; x_wconf 72' lang='grc' dir='ltr'>τοὺς</span> <span class='ocrx_word' id='word_1_696' title='bbox 1395 4816 1813 4883; x_wconf 78' lang='grc' dir='ltr'>σκανδαλιζομέ-</span> 
     </span>
    </p>
   </div>
   <div class='ocr_carea' id='block_1_97' title="bbox 258 4895 1813 4972">
    <p class='ocr_par' dir='ltr' id='par_1_97' title="bbox 258 4895 1813 4972">
     <span class='ocr_line' id='line_1_98' title="bbox 258 4895 1813 4972; baseline 0.012 -33"><span class='ocrx_word' id='word_1_697' title='bbox 258 4909 411 4952; x_wconf 83' lang='grc' dir='ltr'>νους·</span> <span class='ocrx_word' id='word_1_698' title='bbox 441 4895 530 4945; x_wconf 72' lang='grc' dir='ltr'>καὶ</span> <span class='ocrx_word' id='word_1_699' title='bbox 560 4897 638 4945; x_wconf 87' lang='grc' dir='ltr'>ὅτι</span> <span class='ocrx_word' id='word_1_700' title='bbox 665 4899 694 4963; x_wconf 80' lang='grc' dir='ltr'>ἡ</span> <span class='ocrx_word' id='word_1_701' title='bbox 721 4899 907 4968; x_wconf 84' lang='grc' dir='ltr'>εἰρήνη</span> <span class='ocrx_word' id='word_1_702' title='bbox 933 4939 944 4960; x_wconf 92' lang='grc'><strong>,</strong></span> <span class='ocrx_word' id='word_1_703' title='bbox 977 4902 1066 4949; x_wconf 72' lang='grc' dir='ltr'><strong>καὶ</strong></span> <span class='ocrx_word' id='word_1_704' title='bbox 1100 4903 1127 4967; x_wconf 76' lang='grc' dir='ltr'>ἡ</span> <span class='ocrx_word' id='word_1_705' title='bbox 1159 4903 1286 4969; x_wconf 76' lang='grc' dir='ltr'>εὐχὴ</span> <span class='ocrx_word' id='word_1_706' title='bbox 1319 4903 1406 4953; x_wconf 80' lang='grc' dir='ltr'><strong>τὸν</strong></span> <span class='ocrx_word' id='word_1_707' title='bbox 1438 4904 1584 4966; x_wconf 77' lang='grc' dir='ltr'>ἄξιον</span> <span class='ocrx_word' id='word_1_708' title='bbox 1619 4907 1690 4972; x_wconf 82' lang='grc' dir='ltr'>μὴ</span> <span class='ocrx_word' id='word_1_709' title='bbox 1727 4908 1813 4956; x_wconf 81' lang='grc' dir='ltr'>εῦ-</span> 
     </span>
    </p>
   </div>
   <div class='ocr_carea' id='block_1_98' title="bbox 258 4982 1814 5060">
    <p class='ocr_par' dir='ltr' id='par_1_98' title="bbox 258 4982 1814 5060">
     <span class='ocr_line' id='line_1_99' title="bbox 258 4982 1814 5060; baseline 0.014 -33"><span class='ocrx_word' id='word_1_710' title='bbox 258 4982 455 5049; x_wconf 58' lang='grc' dir='ltr'>ρνῦσα,</span> <span class='ocrx_word' id='word_1_711' title='bbox 517 4987 830 5054; x_wconf 69' lang='grc' dir='ltr'>ἐπιστρέιρῖι</span> <span class='ocrx_word' id='word_1_712' title='bbox 887 4992 1045 5041; x_wconf 81' lang='grc' dir='ltr'>πάλιν</span> <span class='ocrx_word' id='word_1_713' title='bbox 1099 4994 1230 5060; x_wconf 63' lang='grc' dir='ltr'>πρδς</span> <span class='ocrx_word' id='word_1_714' title='bbox 1281 4994 1368 5044; x_wconf 69' lang='grc' dir='ltr'>τὸν</span> <span class='ocrx_word' id='word_1_715' title='bbox 1423 4995 1814 5049; x_wconf 78' lang='grc' dir='ltr'>ἀποστέλλοντα</span> 
     </span>
    </p>
   </div>
   <div class='ocr_carea' id='block_1_99' title="bbox 255 5071 1813 5152">
    <p class='ocr_par' dir='ltr' id='par_1_99' title="bbox 255 5071 1813 5152">
     <span class='ocr_line' id='line_1_100' title="bbox 255 5071 1813 5152; baseline 0.012 -31"><span class='ocrx_word' id='word_1_716' title='bbox 255 5071 459 5131; x_wconf 82' lang='grc' dir='ltr'>ταῦτα,</span> <span class='ocrx_word' id='word_1_717' title='bbox 491 5075 628 5125; x_wconf 82' lang='grc' dir='ltr'>οῦτω</span> <span class='ocrx_word' id='word_1_718' title='bbox 655 5080 744 5129; x_wconf 75' lang='grc' dir='ltr'><strong>καὶ</strong></span> <span class='ocrx_word' id='word_1_719' title='bbox 775 5083 804 5147; x_wconf 84' lang='grc' dir='ltr'>ἡ</span> <span class='ocrx_word' id='word_1_720' title='bbox 839 5084 1048 5149; x_wconf 73' lang='grc' dir='ltr'>κατάρα</span> <span class='ocrx_word' id='word_1_721' title='bbox 1076 5086 1392 5152; x_wconf 55' lang='grc' dir='ltr'>ἐπιστρέυει</span> <span class='ocrx_word' id='word_1_722' title='bbox 1423 5087 1581 5137; x_wconf 82' lang='grc' dir='ltr'>πάλιν</span> <span class='ocrx_word' id='word_1_723' title='bbox 1612 5089 1702 5138; x_wconf 74' lang='grc' dir='ltr'><strong>ἐπὶ</strong></span> <span class='ocrx_word' id='word_1_724' title='bbox 1727 5089 1813 5140; x_wconf 67' lang='grc' dir='ltr'><strong>τὸν</strong></span> 
     </span>
    </p>
   </div>
   <div class='ocr_carea' id='block_1_100' title="bbox 258 5165 1506 5244">
    <p class='ocr_par' dir='ltr' id='par_1_100' title="bbox 258 5165 1506 5244">
     <span class='ocr_line' id='line_1_101' title="bbox 258 5165 1506 5244; baseline 0.005 -22"><span class='ocrx_word' id='word_1_725' title='bbox 258 5165 466 5222; x_wconf 73' lang='grc' dir='ltr'>ἀδίκως</span> <span class='ocrx_word' id='word_1_726' title='bbox 501 5169 949 5224; x_wconf 73' lang='grc' dir='ltr'>σκανδαλιποέντα</span> <span class='ocrx_word' id='word_1_727' title='bbox 983 5178 1072 5226; x_wconf 81' lang='grc' dir='ltr'><strong>καὶ</strong></span> <span class='ocrx_word' id='word_1_728' title='bbox 1107 5177 1506 5244; x_wconf 80' lang='grc' dir='ltr'>καταρώμενον.</span> 
     </span>
    </p>
   </div>
   <div class='ocr_carea' id='block_1_101' title="bbox 339 5252 1814 5334">
    <p class='ocr_par' dir='ltr' id='par_1_101' title="bbox 339 5252 1814 5334">
     <span class='ocr_line' id='line_1_102' title="bbox 339 5252 1814 5334; baseline 0.009 -31"><span class='ocrx_word' id='word_1_729' title='bbox 339 5252 404 5320; x_wconf 86' lang='grc' dir='ltr'><strong>η’.</strong></span> <span class='ocrx_word' id='word_1_730' title='bbox 439 5255 568 5321; x_wconf 74' lang='grc' dir='ltr'>Περὶ</span> <span class='ocrx_word' id='word_1_731' title='bbox 599 5257 928 5311; x_wconf 75' lang='grc' dir='ltr'>διδασκάλων</span> <span class='ocrx_word' id='word_1_732' title='bbox 958 5265 1232 5334; x_wconf 61' lang='grc' dir='ltr'>διαςορᾶςο</span> <span class='ocrx_word' id='word_1_733' title='bbox 1272 5268 1361 5316; x_wconf 72' lang='grc' dir='ltr'><strong>καὶ</strong></span> <span class='ocrx_word' id='word_1_734' title='bbox 1395 5267 1473 5317; x_wconf 81' lang='grc' dir='ltr'>ὅτι</span> <span class='ocrx_word' id='word_1_735' title='bbox 1505 5266 1730 5334; x_wconf 63' lang='grc' dir='ltr'>φοϐερὸν</span> <span class='ocrx_word' id='word_1_736' title='bbox 1756 5269 1814 5317; x_wconf 73' lang='grc' dir='ltr'><strong>τὺ</strong></span> 
     </span>
    </p>
   </div>
   <div class='ocr_carea' id='block_1_102' title="bbox 257 5343 1812 5424">
    <p class='ocr_par' dir='ltr' id='par_1_102' title="bbox 257 5343 1812 5424">
     <span class='ocr_line' id='line_1_103' title="bbox 257 5343 1812 5424; baseline 0.008 -31"><span class='ocrx_word' id='word_1_737' title='bbox 257 5346 442 5410; x_wconf 74' lang='grc' dir='ltr'>κρῖμα</span> <span class='ocrx_word' id='word_1_738' title='bbox 487 5343 576 5392; x_wconf 85' lang='grc' dir='ltr'><strong>τοῦ</strong></span> <span class='ocrx_word' id='word_1_739' title='bbox 616 5345 961 5411; x_wconf 83' lang='grc' dir='ltr'>διδασκάλου,</span> <span class='ocrx_word' id='word_1_740' title='bbox 1009 5356 1100 5404; x_wconf 70' lang='grc' dir='ltr'><strong>ἐὰν</strong></span> <span class='ocrx_word' id='word_1_741' title='bbox 1134 5355 1281 5424; x_wconf 74' lang='grc' dir='ltr'>παρὰ</span> <span class='ocrx_word' id='word_1_742' title='bbox 1326 5357 1418 5416; x_wconf 73' lang='grc' dir='ltr'>τὰς</span> <span class='ocrx_word' id='word_1_743' title='bbox 1453 5355 1667 5414; x_wconf 72' lang='grc' dir='ltr'>ἐντολὰς</span> <span class='ocrx_word' id='word_1_744' title='bbox 1723 5355 1812 5405; x_wconf 83' lang='grc' dir='ltr'><strong>τοῦ</strong></span> 
     </span>
    </p>
   </div>
   <div class='ocr_carea' id='block_1_103' title="bbox 256 5433 1814 5506">
    <p class='ocr_par' dir='ltr' id='par_1_103' title="bbox 256 5433 1814 5506">
     <span class='ocr_line' id='line_1_104' title="bbox 256 5433 1814 5506; baseline 0.009 -26"><span class='ocrx_word' id='word_1_745' title='bbox 256 5433 400 5484; x_wconf 78' lang='grc' dir='ltr'>Ηεοῦ</span> <span class='ocrx_word' id='word_1_746' title='bbox 433 5433 674 5502; x_wconf 75' lang='grc' dir='ltr'>διδάσκῃ·</span> <span class='ocrx_word' id='word_1_747' title='bbox 716 5438 804 5487; x_wconf 73' lang='grc' dir='ltr'><strong>καί</strong></span> <span class='ocrx_word' id='word_1_748' title='bbox 850 5440 929 5489; x_wconf 75' lang='grc' dir='ltr'><strong>ὅτι</strong></span> <span class='ocrx_word' id='word_1_749' title='bbox 959 5443 1231 5496; x_wconf 70' lang='grc' dir='ltr'>πείθεσθαι</span> <span class='ocrx_word' id='word_1_750' title='bbox 1265 5446 1471 5506; x_wconf 81' lang='grc' dir='ltr'>τούτοις</span> <span class='ocrx_word' id='word_1_751' title='bbox 1509 5447 1586 5496; x_wconf 79' lang='grc' dir='ltr'><strong>δεῖ</strong></span> <span class='ocrx_word' id='word_1_752' title='bbox 1617 5448 1677 5495; x_wconf 74' lang='grc' dir='ltr'><strong>ἐκ</strong></span> <span class='ocrx_word' id='word_1_753' title='bbox 1709 5445 1814 5494; x_wconf 79' lang='grc' dir='ltr'><strong>τῶν</strong></span> 
     </span>
    </p>
   </div>
   <div class='ocr_carea' id='block_1_104' title="bbox 256 5521 1016 5589">
    <p class='ocr_par' dir='ltr' id='par_1_104' title="bbox 256 5521 1016 5589">
     <span class='ocr_line' id='line_1_105' title="bbox 256 5521 1016 5589; baseline 0.007 -16"><span class='ocrx_word' id='word_1_754' title='bbox 256 5521 426 5573; x_wconf 77' lang='grc' dir='ltr'>Οείων</span> <span class='ocrx_word' id='word_1_755' title='bbox 450 5521 673 5589; x_wconf 72' lang='grc' dir='ltr'>Γραφὼν</span> <span class='ocrx_word' id='word_1_756' title='bbox 689 5523 1016 5579; x_wconf 70' lang='grc' dir='ltr'>διδάσκουσιξ</span> 
     </span>
    </p>
   </div>
   <div class='ocr_carea' id='block_1_105' title="bbox 343 5610 1813 5689">
    <p class='ocr_par' dir='ltr' id='par_1_105' title="bbox 343 5610 1813 5689">
     <span class='ocr_line' id='line_1_106' title="bbox 343 5610 1813 5689; baseline 0.007 -27"><span class='ocrx_word' id='word_1_757' title='bbox 343 5611 404 5662; x_wconf 83' lang='grc' dir='ltr'><strong>θ’.</strong></span> <span class='ocrx_word' id='word_1_758' title='bbox 433 5610 561 5678; x_wconf 75' lang='grc' dir='ltr'>Περὶ</span> <span class='ocrx_word' id='word_1_759' title='bbox 587 5611 844 5679; x_wconf 75' lang='grc' dir='ltr'>διαφορᾶς</span> <span class='ocrx_word' id='word_1_760' title='bbox 871 5614 1054 5680; x_wconf 73' lang='grc' dir='ltr'>ὀργῆς,</span> <span class='ocrx_word' id='word_1_761' title='bbox 1085 5620 1172 5668; x_wconf 80' lang='grc' dir='ltr'><strong>καὶ</strong></span> <span class='ocrx_word' id='word_1_762' title='bbox 1199 5621 1368 5689; x_wconf 81' lang='grc' dir='ltr'>Θυμοῦ</span> <span class='ocrx_word' id='word_1_763' title='bbox 1394 5625 1610 5689; x_wconf 73' lang='grc' dir='ltr'>εὐλόγου</span> <span class='ocrx_word' id='word_1_764' title='bbox 1642 5640 1697 5673; x_wconf 87' lang='grc' dir='ltr'><strong>τε</strong></span> <span class='ocrx_word' id='word_1_765' title='bbox 1724 5623 1813 5674; x_wconf 73' lang='grc' dir='ltr'><strong>καὶ</strong></span> 
     </span>
    </p>
   </div>
   <div class='ocr_carea' id='block_1_106' title="bbox 259 5702 1813 5775">
    <p class='ocr_par' dir='ltr' id='par_1_106' title="bbox 259 5702 1813 5775">
     <span class='ocr_line' id='line_1_107' title="bbox 259 5702 1813 5775; baseline 0.011 -23"><span class='ocrx_word' id='word_1_766' title='bbox 259 5702 465 5766; x_wconf 70' lang='grc' dir='ltr'>ἀλόγου</span> <span class='ocrx_word' id='word_1_767' title='bbox 492 5717 506 5732; x_wconf 78' lang='grc' dir='ltr'><strong>ο</strong></span> <span class='ocrx_word' id='word_1_768' title='bbox 560 5702 648 5754; x_wconf 77' lang='grc' dir='ltr'><strong>καὶ</strong></span> <span class='ocrx_word' id='word_1_769' title='bbox 684 5702 760 5754; x_wconf 79' lang='grc' dir='ltr'>ὅτι</span> <span class='ocrx_word' id='word_1_770' title='bbox 804 5702 861 5753; x_wconf 73' lang='grc' dir='ltr'><strong>οῦ</strong></span> <span class='ocrx_word' id='word_1_771' title='bbox 896 5704 1119 5758; x_wconf 67' lang='grc' dir='ltr'>πάντοτε</span> <span class='ocrx_word' id='word_1_772' title='bbox 1159 5714 1421 5775; x_wconf 58' lang='grc' dir='ltr'>συμυὲοει</span> <span class='ocrx_word' id='word_1_773' title='bbox 1464 5715 1520 5766; x_wconf 62' lang='grc' dir='ltr'>τὸ</span> <span class='ocrx_word' id='word_1_774' title='bbox 1562 5716 1630 5766; x_wconf 56' lang='grc' dir='ltr'><strong>ατ</strong></span> <span class='ocrx_word' id='word_1_775' title='bbox 1668 5716 1813 5774; x_wconf 62' lang='grc' dir='ltr'>ὀρνί-</span> 
     </span>
    </p>
   </div>
   <div class='ocr_carea' id='block_1_107' title="bbox 1917 4542 2854 4611">
    <p class='ocr_par' dir='ltr' id='par_1_107' title="bbox 1917 4542 2854 4611">
     <span class='ocr_line' id='line_1_108' title="bbox 1917 4542 2854 4611; baseline 0.001 -18"><span class='ocrx_word' id='word_1_776' title='bbox 1917 4542 2156 4594; x_wconf 76' lang='lat' dir='ltr'><strong>divinum</strong></span> <span class='ocrx_word' id='word_1_777' title='bbox 2200 4544 2530 4609; x_wconf 85' lang='lat' dir='ltr'><strong>propositum</strong></span> <span class='ocrx_word' id='word_1_778' title='bbox 2561 4545 2854 4611; x_wconf 85' lang='lat' dir='ltr'><strong>complent.</strong></span> 
     </span>
    </p>
   </div>
   <div class='ocr_carea' id='block_1_108' title="bbox 1985 4631 3466 4700">
    <p class='ocr_par' dir='ltr' id='par_1_108' title="bbox 1985 4631 3466 4700">
     <span class='ocr_line' id='line_1_109' title="bbox 1985 4631 3466 4700; baseline 0 -18"><span class='ocrx_word' id='word_1_779' title='bbox 1985 4633 2035 4683; x_wconf 84' lang='lat'><strong>7.</strong></span> <span class='ocrx_word' id='word_1_780' title='bbox 2065 4631 2136 4681; x_wconf 85' lang='lat' dir='ltr'><strong>De</strong></span> <span class='ocrx_word' id='word_1_781' title='bbox 2176 4633 2472 4685; x_wconf 72' lang='lat' dir='ltr'><strong>dill‘erentia</strong></span> <span class='ocrx_word' id='word_1_782' title='bbox 2521 4635 2893 4687; x_wconf 83' lang='lat' dir='ltr'><strong>scaurlalornm</strong></span> <span class='ocrx_word' id='word_1_783' title='bbox 2934 4651 2947 4686; x_wconf 84' lang='lat'><strong>:</strong></span> <span class='ocrx_word' id='word_1_784' title='bbox 2988 4644 3038 4686; x_wconf 89' lang='lat' dir='ltr'><strong>et</strong></span> <span class='ocrx_word' id='word_1_785' title='bbox 3089 4634 3232 4700; x_wconf 90' lang='lat' dir='ltr'><strong>quod</strong></span> <span class='ocrx_word' id='word_1_786' title='bbox 3279 4635 3466 4686; x_wconf 90' lang='lat' dir='ltr'><strong>obser-</strong></span> 
     </span>
    </p>
   </div>
   <div class='ocr_carea' id='block_1_109' title="bbox 1918 4721 3462 4788">
    <p class='ocr_par' dir='ltr' id='par_1_109' title="bbox 1918 4721 3462 4788">
     <span class='ocr_line' id='line_1_110' title="bbox 1918 4721 3462 4788; baseline 0.003 -19"><span class='ocrx_word' id='word_1_787' title='bbox 1918 4731 2128 4772; x_wconf 84' lang='lat' dir='ltr'><strong>vantem</strong></span> <span class='ocrx_word' id='word_1_788' title='bbox 2161 4721 2247 4772; x_wconf 85' lang='lat' dir='ltr'><strong>Dei</strong></span> <span class='ocrx_word' id='word_1_789' title='bbox 2274 4723 2438 4788; x_wconf 78' lang='lat' dir='ltr'><strong>legem</strong></span> <span class='ocrx_word' id='word_1_790' title='bbox 2462 4733 2513 4775; x_wconf 89' lang='lat' dir='ltr'><strong>et</strong></span> <span class='ocrx_word' id='word_1_791' title='bbox 2544 4725 2860 4777; x_wconf 85' lang='lat' dir='ltr'><strong>traditiones</strong></span> <span class='ocrx_word' id='word_1_792' title='bbox 2885 4734 3190 4776; x_wconf 89' lang='lat' dir='ltr'><strong>sanctorum</strong></span> <span class='ocrx_word' id='word_1_793' title='bbox 3222 4725 3462 4786; x_wconf 84' lang='lat' dir='ltr'><strong>Patrum,</strong></span> 
     </span>
    </p>
   </div>
   <div class='ocr_carea' id='block_1_110' title="bbox 1918 4809 3464 4878">
    <p class='ocr_par' dir='ltr' id='par_1_110' title="bbox 1918 4809 3464 4878">
     <span class='ocr_line' id='line_1_111' title="bbox 1918 4809 3464 4878; baseline 0.008 -24"><span class='ocrx_word' id='word_1_794' title='bbox 1918 4821 2018 4856; x_wconf 89' lang='lat' dir='ltr'><strong>non</strong></span> <span class='ocrx_word' id='word_1_795' title='bbox 2055 4818 2261 4872; x_wconf 91' lang='lat' dir='ltr'><strong>oportet</strong></span> <span class='ocrx_word' id='word_1_796' title='bbox 2294 4809 2482 4871; x_wconf 67' lang='lat' dir='ltr'><strong>agendi</strong></span> <span class='ocrx_word' id='word_1_797' title='bbox 2519 4811 2780 4862; x_wconf 88' lang='lat' dir='ltr'><strong>rationem</strong></span> <span class='ocrx_word' id='word_1_798' title='bbox 2835 4811 3210 4878; x_wconf 87' lang='lat' dir='ltr'><strong>derelinquere</strong></span> <span class='ocrx_word' id='word_1_799' title='bbox 3245 4813 3311 4865; x_wconf 88' lang='lat' dir='ltr'><strong>ob</strong></span> <span class='ocrx_word' id='word_1_800' title='bbox 3344 4814 3464 4866; x_wconf 90' lang='lat' dir='ltr'><strong>illos</strong></span> 
     </span>
    </p>
   </div>
   <div class='ocr_carea' id='block_1_111' title="bbox 1915 4898 3460 4973">
    <p class='ocr_par' dir='ltr' id='par_1_111' title="bbox 1915 4898 3460 4973">
     <span class='ocr_line' id='line_1_112' title="bbox 1915 4898 3460 4973; baseline 0.008 -27"><span class='ocrx_word' id='word_1_801' title='bbox 1915 4898 2002 4962; x_wconf 86' lang='lat' dir='ltr'><strong>qui</strong></span> <span class='ocrx_word' id='word_1_802' title='bbox 2043 4899 2506 4962; x_wconf 84' lang='lat' dir='ltr'><strong>seamlalizantur;</strong></span> <span class='ocrx_word' id='word_1_803' title='bbox 2539 4909 2590 4951; x_wconf 92' lang='lat' dir='ltr'><strong>et</strong></span> <span class='ocrx_word' id='word_1_804' title='bbox 2630 4903 2771 4968; x_wconf 89' lang='lat' dir='ltr'><strong>quod</strong></span> <span class='ocrx_word' id='word_1_805' title='bbox 2800 4917 2924 4968; x_wconf 80' lang='lat' dir='ltr'><strong>pax,</strong></span> <span class='ocrx_word' id='word_1_806' title='bbox 2963 4911 3014 4954; x_wconf 89' lang='lat' dir='ltr'><strong>ct</strong></span> <span class='ocrx_word' id='word_1_807' title='bbox 3038 4905 3211 4956; x_wconf 88' lang='lat' dir='ltr'><strong>oratio</strong></span> <span class='ocrx_word' id='word_1_808' title='bbox 3242 4905 3460 4973; x_wconf 81' lang='lat' dir='ltr'><strong>dignum</strong></span> 
     </span>
    </p>
   </div>
   <div class='ocr_carea' id='block_1_112' title="bbox 1919 4989 3466 5062">
    <p class='ocr_par' dir='ltr' id='par_1_112' title="bbox 1919 4989 3466 5062">
     <span class='ocr_line' id='line_1_113' title="bbox 1919 4989 3466 5062; baseline 0.006 -25"><span class='ocrx_word' id='word_1_809' title='bbox 1919 5003 2020 5037; x_wconf 90' lang='lat' dir='ltr'><strong>non</strong></span> <span class='ocrx_word' id='word_1_810' title='bbox 2052 4989 2345 5050; x_wconf 65' lang='lat' dir='ltr'><strong>invenir-ns,</strong></span> <span class='ocrx_word' id='word_1_811' title='bbox 2386 5005 2597 5043; x_wconf 90' lang='lat' dir='ltr'><strong>rursum</strong></span> <span class='ocrx_word' id='word_1_812' title='bbox 2633 4993 2913 5045; x_wconf 88' lang='lat' dir='ltr'><strong>revertitur</strong></span> <span class='ocrx_word' id='word_1_813' title='bbox 2948 4993 3010 5045; x_wconf 90' lang='lat' dir='ltr'><strong>ad</strong></span> <span class='ocrx_word' id='word_1_814' title='bbox 3041 4994 3187 5047; x_wconf 91' lang='lat' dir='ltr'><strong>illum</strong></span> <span class='ocrx_word' id='word_1_815' title='bbox 3229 4998 3318 5062; x_wconf 90' lang='lat' dir='ltr'><strong>qui</strong></span> <span class='ocrx_word' id='word_1_816' title='bbox 3354 4997 3466 5047; x_wconf 69' lang='lat' dir='ltr'><strong>lucc</strong></span> 
     </span>
    </p>
   </div>
   <div class='ocr_carea' id='block_1_113' title="bbox 1915 5079 3466 5140">
    <p class='ocr_par' dir='ltr' id='par_1_113' title="bbox 1915 5079 3466 5140">
     <span class='ocr_line' id='line_1_114' title="bbox 1915 5079 3466 5140; baseline 0.006 -12"><span class='ocrx_word' id='word_1_817' title='bbox 1915 5079 2127 5138; x_wconf 84' lang='lat' dir='ltr'><strong>emittit,</strong></span> <span class='ocrx_word' id='word_1_818' title='bbox 2161 5082 2226 5133; x_wconf 91' lang='lat' dir='ltr'><strong>ita</strong></span> <span class='ocrx_word' id='word_1_819' title='bbox 2260 5091 2310 5133; x_wconf 91' lang='lat' dir='ltr'><strong>et</strong></span> <span class='ocrx_word' id='word_1_820' title='bbox 2344 5082 2648 5135; x_wconf 89' lang='lat' dir='ltr'><strong>maledictio</strong></span> <span class='ocrx_word' id='word_1_821' title='bbox 2679 5086 2965 5137; x_wconf 91' lang='lat' dir='ltr'><strong>revertitur</strong></span> <span class='ocrx_word' id='word_1_822' title='bbox 2997 5101 3188 5140; x_wconf 90' lang='lat' dir='ltr'><strong>rursus</strong></span> <span class='ocrx_word' id='word_1_823' title='bbox 3226 5087 3287 5137; x_wconf 86' lang='lat' dir='ltr'><strong>ad</strong></span> <span class='ocrx_word' id='word_1_824' title='bbox 3323 5085 3466 5137; x_wconf 87' lang='lat' dir='ltr'><strong>hunc</strong></span> 
     </span>
    </p>
   </div>
   <div class='ocr_carea' id='block_1_114' title="bbox 1916 5169 3064 5235">
    <p class='ocr_par' dir='ltr' id='par_1_114' title="bbox 1916 5169 3064 5235">
     <span class='ocr_line' id='line_1_115' title="bbox 1916 5169 3064 5235; baseline 0.007 -19"><span class='ocrx_word' id='word_1_825' title='bbox 1916 5169 2004 5234; x_wconf 83' lang='lat' dir='ltr'><strong>qui</strong></span> <span class='ocrx_word' id='word_1_826' title='bbox 2045 5170 2238 5235; x_wconf 89' lang='lat' dir='ltr'><strong>injuste</strong></span> <span class='ocrx_word' id='word_1_827' title='bbox 2270 5173 2666 5225; x_wconf 85' lang='lat' dir='ltr'><strong>scandalizatur</strong></span> <span class='ocrx_word' id='word_1_828' title='bbox 2695 5183 2746 5225; x_wconf 92' lang='lat' dir='ltr'><strong>ct</strong></span> <span class='ocrx_word' id='word_1_829' title='bbox 2779 5175 3064 5227; x_wconf 89' lang='lat' dir='ltr'><strong>maledicit.</strong></span> 
     </span>
    </p>
   </div>
   <div class='ocr_carea' id='block_1_115' title="bbox 1989 5255 3458 5328">
    <p class='ocr_par' dir='ltr' id='par_1_115' title="bbox 1989 5255 3458 5328">
     <span class='ocr_line' id='line_1_116' title="bbox 1989 5255 3458 5328; baseline 0.002 -21"><span class='ocrx_word' id='word_1_830' title='bbox 1989 5255 2037 5307; x_wconf 79' lang='lat'>&amp;</span> <span class='ocrx_word' id='word_1_831' title='bbox 2076 5258 2143 5308; x_wconf 74' lang='lat' dir='ltr'><strong>lle</strong></span> <span class='ocrx_word' id='word_1_832' title='bbox 2171 5259 2448 5310; x_wconf 89' lang='lat' dir='ltr'><strong>doctorum</strong></span> <span class='ocrx_word' id='word_1_833' title='bbox 2489 5258 2784 5312; x_wconf 72' lang='lat' dir='ltr'><strong>ditl‘erentia</strong></span> <span class='ocrx_word' id='word_1_834' title='bbox 2818 5276 2831 5313; x_wconf 89' lang='lat'>:</span> <span class='ocrx_word' id='word_1_835' title='bbox 2869 5271 2919 5314; x_wconf 91' lang='lat' dir='ltr'><strong>et</strong></span> <span class='ocrx_word' id='word_1_836' title='bbox 2945 5261 3084 5328; x_wconf 88' lang='lat' dir='ltr'><strong>quod</strong></span> <span class='ocrx_word' id='word_1_837' title='bbox 3123 5259 3458 5310; x_wconf 84' lang='lat' dir='ltr'><strong>tremendum</strong></span> 
     </span>
    </p>
   </div>
   <div class='ocr_carea' id='block_1_116' title="bbox 1918 5345 3460 5412">
    <p class='ocr_par' dir='ltr' id='par_1_116' title="bbox 1918 5345 3460 5412">
     <span class='ocr_line' id='line_1_117' title="bbox 1918 5345 3460 5412; baseline 0.003 -18"><span class='ocrx_word' id='word_1_838' title='bbox 1918 5354 1995 5395; x_wconf 89' lang='lat' dir='ltr'><strong>est</strong></span> <span class='ocrx_word' id='word_1_839' title='bbox 2028 5345 2261 5397; x_wconf 79' lang='lat' dir='ltr'><strong>tit)t&#39;l0llS</strong></span> <span class='ocrx_word' id='word_1_840' title='bbox 2291 5349 2573 5412; x_wconf 89' lang='lat' dir='ltr'><strong>judicium,</strong></span> <span class='ocrx_word' id='word_1_841' title='bbox 2608 5351 2650 5400; x_wconf 91' lang='lat' dir='ltr'><strong>si</strong></span> <span class='ocrx_word' id='word_1_842' title='bbox 2701 5361 2882 5401; x_wconf 88' lang='lat' dir='ltr'><strong>contra</strong></span> <span class='ocrx_word' id='word_1_843' title='bbox 2929 5349 3015 5400; x_wconf 86' lang='lat' dir='ltr'><strong>Dei</strong></span> <span class='ocrx_word' id='word_1_844' title='bbox 3061 5349 3201 5412; x_wconf 76' lang='lat' dir='ltr'><strong>leges</strong></span> <span class='ocrx_word' id='word_1_845' title='bbox 3237 5348 3460 5410; x_wconf 76' lang='lat' dir='ltr'><strong>deceat;</strong></span> 
     </span>
    </p>
   </div>
   <div class='ocr_carea' id='block_1_117' title="bbox 1918 5435 3464 5506">
    <p class='ocr_par' dir='ltr' id='par_1_117' title="bbox 1918 5435 3464 5506">
     <span class='ocr_line' id='line_1_118' title="bbox 1918 5435 3464 5506; baseline 0.004 -23"><span class='ocrx_word' id='word_1_846' title='bbox 1918 5445 1966 5484; x_wconf 84' lang='lat' dir='ltr'><strong>et</strong></span> <span class='ocrx_word' id='word_1_847' title='bbox 1994 5437 2131 5498; x_wconf 85' lang='lat' dir='ltr'><strong>quod</strong></span> <span class='ocrx_word' id='word_1_848' title='bbox 2166 5439 2382 5490; x_wconf 85' lang='lat' dir='ltr'><strong>obedire</strong></span> <span class='ocrx_word' id='word_1_849' title='bbox 2421 5439 2524 5490; x_wconf 89' lang='lat' dir='ltr'><strong>illis</strong></span> <span class='ocrx_word' id='word_1_850' title='bbox 2561 5450 2765 5506; x_wconf 79' lang='lat' dir='ltr'><strong>oportet</strong></span> <span class='ocrx_word' id='word_1_851' title='bbox 2806 5439 2894 5504; x_wconf 85' lang='lat' dir='ltr'><strong>qui</strong></span> <span class='ocrx_word' id='word_1_852' title='bbox 2928 5435 3224 5488; x_wconf 89' lang='lat' dir='ltr'><strong>secundum</strong></span> <span class='ocrx_word' id='word_1_853' title='bbox 3255 5437 3464 5489; x_wconf 82' lang='lat' dir='ltr'><strong>divinas</strong></span> 
     </span>
    </p>
   </div>
   <div class='ocr_carea' id='block_1_118' title="bbox 1919 5525 2462 5588">
    <p class='ocr_par' dir='ltr' id='par_1_118' title="bbox 1919 5525 2462 5588">
     <span class='ocr_line' id='line_1_119' title="bbox 1919 5525 2462 5588; baseline 0.009 -15"><span class='ocrx_word' id='word_1_854' title='bbox 1919 5525 2222 5588; x_wconf 81' lang='lat' dir='ltr'><strong>Scripturas</strong></span> <span class='ocrx_word' id='word_1_855' title='bbox 2253 5528 2462 5579; x_wconf 88' lang='lat' dir='ltr'><strong>docent.</strong></span> 
     </span>
    </p>
   </div>
   <div class='ocr_carea' id='block_1_119' title="bbox 1985 5614 3462 5679">
    <p class='ocr_par' dir='ltr' id='par_1_119' title="bbox 1985 5614 3462 5679">
     <span class='ocr_line' id='line_1_120' title="bbox 1985 5614 3462 5679; baseline 0.001 -15"><span class='ocrx_word' id='word_1_856' title='bbox 1985 5615 2033 5664; x_wconf 67' lang='grc'><strong>1).</strong></span> <span class='ocrx_word' id='word_1_857' title='bbox 2069 5614 2138 5666; x_wconf 73' lang='lat' dir='ltr'><strong>lle</strong></span> <span class='ocrx_word' id='word_1_858' title='bbox 2171 5617 2464 5669; x_wconf 67' lang='lat' dir='ltr'><strong>differentia</strong></span> <span class='ocrx_word' id='word_1_859' title='bbox 2493 5619 2601 5679; x_wconf 68' lang='lat' dir='ltr'><strong>ine,</strong></span> <span class='ocrx_word' id='word_1_860' title='bbox 2628 5616 2919 5666; x_wconf 82' lang='lat' dir='ltr'><strong>secundum</strong></span> <span class='ocrx_word' id='word_1_861' title='bbox 2950 5615 3208 5667; x_wconf 84' lang='lat' dir='ltr'><strong>rationem</strong></span> <span class='ocrx_word' id='word_1_862' title='bbox 3245 5625 3294 5666; x_wconf 88' lang='lat' dir='ltr'><strong>et</strong></span> <span class='ocrx_word' id='word_1_863' title='bbox 3329 5630 3462 5669; x_wconf 89' lang='lat' dir='ltr'><strong>con-</strong></span> 
     </span>
    </p>
   </div>
   <div class='ocr_carea' id='block_1_120' title="bbox 1923 5708 3463 5777">
    <p class='ocr_par' dir='ltr' id='par_1_120' title="bbox 1923 5708 3463 5777">
     <span class='ocr_line' id='line_1_121' title="bbox 1923 5708 3463 5777; baseline -0.001 -16"><span class='ocrx_word' id='word_1_864' title='bbox 1923 5718 1998 5761; x_wconf 83' lang='lat' dir='ltr'><strong>tra</strong></span> <span class='ocrx_word' id='word_1_865' title='bbox 2053 5709 2357 5763; x_wconf 84' lang='lat' dir='ltr'><strong>rationem:</strong></span> <span class='ocrx_word' id='word_1_866' title='bbox 2400 5719 2452 5763; x_wconf 88' lang='lat' dir='ltr'><strong>et</strong></span> <span class='ocrx_word' id='word_1_867' title='bbox 2512 5709 2652 5775; x_wconf 88' lang='lat' dir='ltr'><strong>quod</strong></span> <span class='ocrx_word' id='word_1_868' title='bbox 2718 5725 2821 5762; x_wconf 86' lang='lat' dir='ltr'><strong>non</strong></span> <span class='ocrx_word' id='word_1_869' title='bbox 2877 5724 3086 5777; x_wconf 83' lang='lat' dir='ltr'><strong>semper</strong></span> <span class='ocrx_word' id='word_1_870' title='bbox 3111 5708 3322 5777; x_wconf 77' lang='lat' dir='ltr'><strong>expedit</strong></span> <span class='ocrx_word' id='word_1_871' title='bbox 3360 5724 3463 5760; x_wconf 91' lang='lat' dir='ltr'><strong>nou</strong></span> 
     </span>
    </p>
   </div>
  </div>
