4156 6340
642 351 774 414 1375

1475 354 1853 415 OPUSCULA
1896 356 2228 415 MORALIA
2272 356 2612 417 ῙΝΟΕΒΤᾸΞ
2650 344 2955 415 ίΕΤΑΤίΞζ

3682 343 3824 406 1376

624 464 1092 527 derelictionibus;
1120 466 1329 531 etquod
1357 480 1460 519 non
1481 482 1543 519 ex
1566 467 1758 535 oblatis
1779 467 2172 521 eteonsecratis
2203 469 2244 525 Α

2203 469 2244 525 Α
2277 465 2366 517 καὶ
2403 467 2529 536 περὶ
2574 464 2831 533 διαφορᾶς
2858 462 3069 530 τρόπων
3100 455 3528 525 ἐγκαταλείψεως
3551 469 3565 485 ·
3619 456 3710 505 καὶ
3744 457 3828 505 ὅτι

625 553 723 605 sibi
758 555 1037 606 utilitatem
1067 556 1256 623 accipit
1284 555 1440 609 Deus.

694 727 781 778 49..
819 729 887 782 De
922 730 1114 785 divinis
1149 731 1363 797 judiciis
1406 742 1495 785 :et
1529 733 1673 800 quod
1709 734 1886 786 nullus
1939 747 2001 786 ea
2035 733 2170 785 elIu-

624 833 745 882 gere
779 829 966 883 potest,
1004 822 1147 892 sicut
1187 822 1447 876 Dominus
1483 824 1775 876 declaravit
1804 822 2169 889 dicens,quod

629 907 712 956 «lu
733 922 838 972 quo
865 907 1473 976 judiciojudieaveritis,
1491 911 1932 977 judicabiminip
1958 919 2009 963 et
2028 908 2170 979 quod

620 998 796 1047 omnia
830 996 967 1050 Deus
993 999 1258 1063 intuetur,
1289 1002 1385 1052 etsi
1420 1000 1667 1053 videatur
1692 1001 1757 1053 ad
1807 1010 2016 1068 tempus
2070 1015 2165 1068 pa-

623 1084 808 1135 tienter
839 1086 1106 1138 sustinere
1129 1126 1142 1149 ,
1175 1096 1228 1140 et
1259 1105 1363 1140 non
1405 1089 1612 1142 ulcisci.

687 1173 774 1226 43.
812 1175 885 1226 De
925 1175 1245 1230 facientibus
1293 1179 1467 1246 signa,
1517 1188 1568 1232 et
1610 1180 2076 1249 proplictantilms,
2113 1189 2164 1234 et

620 1264 851 1316 visiones
885 1267 1188 1320 videntibus
1233 1283 1326 1334 per
1374 1269 1465 1322 Dei
1516 1279 1702 1323 nutum
1742 1281 1840 1323 :et
1869 1271 2011 1336 quod
2063 1287 2165 1324 non

619 1355 905 1416 oportetin
939 1356 1064 1407 talia
1094 1357 1356 1423 aspicere,
1399 1368 1452 1410 et
1496 1374 1560 1411 ex
1609 1358 1673 1412 iis
1719 1367 1939 1412 sanctos
1969 1360 2166 1412 habere

618 1443 706 1505 qni
741 1451 923 1507 agunt,
969 1445 1058 1496 sed
1101 1446 1149 1496 in
1203 1446 1358 1498 tidem
1400 1457 1600 1499 rectam
1642 1458 1694 1500 et
1731 1447 2161 1500 observationem

622 1533 992 1584 mainlatorum
1039 1533 1158 1598 Dei;
1196 1545 1247 1588 et
1278 1536 1419 1603 quod
1456 1537 1608 1588 multi
1644 1538 1879 1589 lidelium
1914 1538 2162 1604 deplo:a-

623 1621 780 1669 bilem
813 1621 972 1673 vitam
1016 1623 1295 1685 habentes,
1345 1627 1494 1692 signa
1545 1635 1596 1677 et
1632 1626 1870 1692 prodigia
1923 1637 2166 1693 pati-ave-

622 1721 766 1770 rttnt,
802 1722 852 1761 et
886 1728 1026 1763 nunc
1067 1721 1299 1778 patrant,
1352 1724 1404 1764 et
1448 1714 1825 1776 revelationes,
1857 1724 1909 1767 et
1939 1717 2165 1784 prophe—

623 1799 722 1850 tias
753 1801 910 1852 locuti
937 1810 1080 1865 sunt,
1118 1803 1446 1869 decipientcs
1469 1813 1521 1856 et
1557 1805 1799 1872 decepti;
1837 1808 2166 1873 propositum

620 1891 761 1941 enim
797 1891 923 1944 illud
963 1901 1044 1945 est
1073 1894 1397 1955 daanwnum,
1434 1907 1487 1948 ut
1530 1911 1624 1964 per
1657 1898 1897 1964 prodigia
1929 1900 1979 1948 in
2015 1913 2168 1951 erro-

622 1993 729 2028 rem
762 1979 956 2032 multos
997 1980 1285 2044 adducant,
1331 1985 1602 2050 quomodo
1649 1985 1819 2037 malas
1856 2000 2044 2038 eorum
2078 2001 2169 2038 ac-

621 2069 794 2120 tiones
815 2069 1167 2134 comitentur;
1206 2080 1256 2123 et
1291 2072 1524 2126 lneretici
1553 2074 1750 2140 saepius
1786 2075 1974 2127 eodem
2007 2076 2168 2128 modo

620 2157 769 2224 signa
817 2161 1119 2226 perﬁciunt,
1153 2172 1404 2230 tanquam
1449 2181 1476 2216 a
1506 2165 1844 2219 demonibus
1885 2166 2053 2234 adjuti
2099 2167 2165 2219 ad

621 2248 992 2301 sustinendam
1046 2265 1194 2303 suam
1273 2253 1551 2319 hasresim;
1603 2256 1695 2309 sed
1754 2255 1877 2310 licet
1931 2257 2162 2317 ﬁdelem,

619 2337 697 2386 vel
719 2338 979 2391 inﬁdelem
1000 2341 1051 2392 in
1070 2342 1326 2395 exercitio
1354 2346 1596 2410 corporis
1614 2348 1829 2400 insolito
1849 2348 2162 2410 viderimus,

629 2427 711 2478 vel
743 2429 791 2496 in
822 2431 1033 2482 deserto
1064 2432 1403 2498 incolentem,
1426 2439 1504 2489 vel
1537 2435 1812 2505 Scriptura
1826 2454 1940 2489 l‘lllll
1974 2441 2163 2507 cogni-

621 2519 816 2569 tionem
844 2536 1087 2588 magnam
1126 2525 1429 2586 habentem,
1485 2528 1566 2580 vel
1597 2544 1663 2582 ex
1696 2529 1990 2597 improviso
2020 2531 2164 2583 Seri-

623 2617 808 2671 νῑιιιοηις)
852 2621 1225 2674 exponentem,
1276 2629 1410 2680 quas
1458 2628 1611 2669 antea
1643 2634 1748 2669 non
1797 2628 2036 2679 noverat,
2071 2621 2153 2672 νει

623 2711 816 2761 corpus
835 2698 1057 2765 alicujus
1077 2703 1303 2754 multum
1329 2707 1448 2770 post
1473 2715 1680 2774 tempus
1703 2722 1806 2760 non
1828 2718 2163 2776 corruptum,

621 2785 699 2832 \‘cl
736 2787 876 2836 aliud
915 2789 1038 2854 quid
1083 2792 1208 2853 tale,
1248 2808 1351 2844 non
1386 2795 1640 2848 debemus
1676 2797 1727 2848 in
1761 2812 2000 2850 errorem
2032 2798 2165 2851 inci-

621 2872 746 2925 dere
774 2886 823 2926 et
851 2892 942 2929 eos
975 2888 1189 2933 sanctos
1214 2893 1460 2949 reputare
1485 2903 1496 2948 ;
1529 2886 1572 2936 si
1604 2887 1744 2938 enim
1773 2902 1876 2938 non
1903 2889 2168 2942 exsistunt

624 2962 768 3025 prius
810 2963 858 3013 in
904 2965 1006 3017 illis
1037 2967 1307 3020 evidenter
1354 2971 1730 3023 mandatorum
1769 2971 1860 3026 Dei
1893 2977 2162 3041 operatio-

623 3064 736 3110 nes,
766 3063 816 3101 et
841 3051 980 3104 dona
1015 3052 1266 3120 Spiritus,
1308 3071 1426 3123 qnze
1455 3059 1520 3110 ab
1554 3061 1808 3126 Apostolo
1839 3077 2163 3122 enumeran-

2272 553 2388 605 οὐδέ
2419 553 2524 606 τῶν
2561 552 2739 621 αὑτοῦ,
2767 551 3098 618 ἀνακτόρων,
3138 546 3230 599 καὶ
3263 544 3623 612 ἀναθημάτων
3654 543 3834 610 φείδε-

2271 657 2359 692 ται
2392 642 2418 692 ό
2443 640 2592 701 Θεός.

2343 727 2448 796 μβ’.
2491 730 2622 798 Περὶ
2663 729 2819 782 θείων
2862 727 3139 797 κριμάτων
3167 741 3179 754 ο
3212 723 3305 778 καὶ
3333 724 3414 776 ὅτι
3448 723 3623 783 οὐδεὶς
3652 721 3833 773 ταῦτα

2270 818 2567 885 ἀποφυγεῖν
2594 819 2835 878 δύναται,
2873 817 3051 879 καθὼς
3079 819 3106 869 ό
3143 814 3346 882 Κύριος
3379 813 3696 878 ἀπεφήνατο
3732 811 3799 862 λέ
3819 841 3832 849 -

2271 926 2403 974 γων,
2428 910 2506 960 ὅτι
2545 927 2562 957 ‹
2586 908 2672 960 Ἐν
2697 901 2740 973 ᾧ
2778 907 3002 977 κρίματι
3034 907 3265 974 κρίνετε,
3293 901 3615 971 κριθήσεσθε
3641 917 3652 931 ·
3679 918 3695 949 ι
3730 901 3833 950 καὶ

2269 995 2348 1045 ὅτι
2370 994 2541 1046 πάντα
2568 997 2595 1046 ὁ
2615 994 2743 1055 Θεὸς
2766 993 3069 1063 ἑφορᾷ,κᾶν
3085 991 3209 1062 δόξῃ
3239 992 3369 1060 πρὸς
3400 990 3587 1057 καιρὸν
3616 1003 3831 1057 μακρο-

2271 1082 2477 1150 θυμεῖν,
2505 1085 2596 1134 καὶ
2624 1084 2697 1153 μὴ
2725 1082 3132 1153 ἐπεξέρχεσθαι.

2343 1173 2450 1239 μγ⁰.
2504 1175 2637 1242 Περὶ
2695 1173 2802 1226 τῶν
2861 1173 3151 1226 ποιοῦντων
3212 1175 3430 1242 σημεῖα,
3467 1171 3559 1224 καὶ
3604 1187 3826 1238 προφη-

2269 1264 2530 1315 τευόντων
2546 1265 2635 1315 καὶ
2653 1263 3115 1333 ἐνυπνιαζομένων
3136 1264 3276 1317 κατὰ
3291 1263 3635 1331 συγχώρησιν
3657 1260 3800 1312 Θεοῦ
3814 1276 3826 1286 ·

2269 1353 2359 1404 καὶ
2388 1354 2466 1405 ὅτι
2496 1355 2558 1403 οὺ
2594 1353 2672 1404 δεῖ
2700 1352 2936 1420 βλέπειν,
2966 1355 3044 1416 είς
3092 1354 3157 1407 τὰ
3189 1353 3436 1415 τοιαῦτα,
3467 1353 3559 1404 καὶ
3592 1353 3657 1403 ἐκ
3701 1351 3834 1402 τού-

2265 1458 2371 1493 των
2429 1443 2611 1509 ἁγίους
2665 1444 2807 1511 ἔχειν
2839 1445 2961 1507 τοὺς
2995 1443 3350 1508 πράσσοντας,
3385 1441 3497 1495 ἀλλ’
3533 1443 3612 1503 είς
3640 1441 3832 1493 πίστιν

2266 1529 2449 1598 ὀρθὴν,
2496 1531 2588 1581 καὶ
2637 1531 2895 1600 ἐργασίαν
2942 1531 3050 1584 τῶν
3081 1532 3306 1584 ἐντολῶν
3376 1530 3508 1583 Θεοῦ
3549 1548 3561 1561 ·
3595 1532 3689 1582 καὶ
3740 1531 3831 1580 ὅτι

2267 1618 2449 1671 πολλοὶ
2479 1621 2587 1671 τῶν
2640 1619 2845 1672 πιστῶν
2883 1620 3052 1690 ἐξώλη
3083 1621 3193 1688 βίον
3212 1621 3450 1689 ἔχοντες,
3497 1622 3698 1691 σημεῖα
3727 1621 3833 1672 καὶ

2267 1708 2462 1776 τέρατα
2502 1711 2774 1772 ἐτέλεσαν,
2807 1711 2900 1762 καὶ
2930 1711 3256 1772 ἐπιτελοῦσι,
3293 1713 3385 1763 καὶ
3435 1711 3822 1777 ἀποκαλύψεις

2202 1785 2240 1837 Β
2271 1799 2361 1847 καὶ
2419 1801 2746 1866 προφητείας
2778 1802 3065 1868 ἐλάλησαν,
3114 1800 3442 1862 πλανῶντες,
3475 1801 3566 1851 καὶ
3602 1800 3830 1852 πλανώο

2281 1900 2429 1950 μενοι
2460 1901 2471 1912 ·
2509 1887 2705 1945 σκοπὸς
2729 1887 2836 1955 γὰρ
2858 1890 3011 1939 τοῦτο
3031 1889 3136 1939 τῶν
3167 1887 3452 1954 δαιμόνων,
3480 1891 3563 1939 ἵνα
3593 1889 3678 1939 διὰ
3717 1889 3831 1938 τῶν

2278 1975 2515 2041 σημείων
2566 1976 2984 2046 ἀποπλανήσωσι
3031 1977 3276 2040 πολλοὺς,
3310 1980 3456 2040 ὅπως
3502 1980 3621 2038 ταῖς
3654 1995 3831 2045 πονη-

2275 2066 2390 2130 ραῖς
2417 2065 2590 2116 αὐτῶν
2608 2067 2869 2134 πράξεσιν
2893 2069 3318 2136 ἀκοΑουθήσωσι,
3346 2070 3439 2120 καὶ
3476 2071 3746 2136 αἱρετικοὶ
3767 2069 3828 2120 δὲ

2274 2155 2525 2215 πολλάκις
2555 2155 2631 2223 τῷ
2679 2157 2824 2226 αὐτῷ
2882 2158 3064 2226 τρόπῳ
3113 2163 3308 2226 σημεῖα
3358 2158 3713 2221 ἐπιτελοῦσιν,
3750 2158 3836 2218 ὡς

2272 2245 2418 2313 παρὰ
2464 2246 2567 2297 τῶν
2606 2247 2875 2316 δαιμόνων
2931 2248 3307 2317 ἐνεργούμενοι
3357 2249 3441 2300 διὰ
3468 2250 3525 2301 τὸ
3562 2249 3836 2311 συστῆσαι

2268 2334 2366 2400 τήν
2397 2334 2603 2386 ἑαυτῶν
2630 2337 2839 2404 αἵρεσιν
2867 2352 2878 2363 ·
2927 2337 3061 2390 ἀλλὰ
3096 2338 3196 2391 κᾶν
3226 2339 3411 2391 πιστὸν
3439 2341 3470 2408 ἢ
3497 2339 3723 2392 ἄπιστον
3769 2342 3836 2389 ἐν

2272 2422 2497 2490 ἀσκήσει
2527 2429 2804 2494 σωματικῇ
2865 2427 3265 2498 ὑπερϐαλλούσῃ
3305 2429 3575 2496 ίδωμεν,ἧ
3607 2429 3662 2480 ἐν
3697 2429 3836 2496 ἐρή-

2273 2525 2357 2576 μῳ
2381 2512 2798 2580 κατοικοῦντα,ῆ
2823 2515 3051 2582 Γραφῶν
3068 2517 3374 2586 ἐπιστήμην
3393 2517 3590 2587 πολλὴν
3605 2517 3800 2585 ἔχοντα
3813 2555 3830 2578 ,

2269 2597 2300 2665 ἢ
2329 2600 2675 2668 αὐτοσχεδίως
2710 2603 3060 2656 συντάττοντα
3084 2606 3180 2666 τὰς
3218 2608 3460 2676 Γραφὰς,
3496 2609 3568 2676 μὴ
3619 2608 3834 2665 ταύτας

2268 2685 2456 2755 πρώην
2473 2689 2718 2759 είδότα,ἢ
2753 2692 3060 2759 σῶμάτινος
3087 2696 3260 2764 χρόνῳ
3291 2697 3468 2765 πολλῷ
3500 2697 3574 2764 μὴ
3596 2696 3834 2763 διαφθα-

2274 2775 2382 2842 ρὲν,
2413 2775 2442 2844 ἢ
2483 2777 2665 2845 ἕτερόν
2697 2797 2745 2831 τι
2792 2781 3060 2846 τοσοῦτον,
3088 2785 3147 2835 οὑ
3200 2785 3302 2854 χρὴ
3330 2786 3676 2846 ·πλανᾶσοαι,
3730 2785 3834 2837 καὶ

2269 2862 2505 2930 νομίζειν
2532 2865 2747 2929 τούτους
2785 2869 2971 2935 ἁγίους
3001 2886 3013 2898 ·
3049 2872 3223 2939 εῐγὰρ
3258 2872 3334 2942 μὴ
3379 2877 3833 2943 προῦπάρχουσιν

2269 2954 2326 3004 ἐν
2359 2956 2540 3018 αὐτοῖς
2571 2957 2841 3027 ὁρώμεναι
2865 2962 2919 3012 al
2953 2960 3059 3012 τῶν
3085 2963 3307 3015 ἐντολῶν
3335 2963 3429 3016 τοῦ
3475 2946 3672 3034 Κυρίου
3729 2966 3834 3033 ἐρ-

2271 3044 2475 3110 γασίαι,
2508 3047 2599 3099 καὶ
2626 3050 2681 3099 at
2721 3049 2918 3119 δωρεαὶ
2948 3051 3040 3104 τοῦ
3096 3053 3407 3123 Πνεῦμα-ξος
3433 3057 3487 3108 αί
3527 3057 3674 3122 παρὰ
3726 3055 3830 3106 τοῦ

623 3144 727 3195 tur,
761 3143 810 3187 et
843 3153 946 3188 non
979 3138 1190 3193 oderint
1219 3157 1408 3195 vanam
1446 3144 1606 3213 hujus
1636 3147 1820 3200 mundi
1855 3149 2102 3216 gloriam,
2133 3166 2162 3204 a
2195 3112 2238 3170 ο

2195 3112 2238 3170 c
2284 3133 2598 3188 ’Δποστόλου
2617 3112 3082 3209 ἀπηριθμημέναι,
3099 3143 3188 3195 καὶ
3206 3112 3516 3197 παντάπασι
3533 3112 3831 3214 μισήσουσι

623 3223 953 3278 ιΙίιξιιιυηὶὺιιδ
1011 3228 1363 3296 inspirantur,
1412 3244 1464 3286 et
1508 3246 1853 3309 reservantur
1906 3240 1991 3293 his
2050 3257 2169 3309 qua:

626 3312 765 3362 Deus
792 3315 888 3365 scit
916 3316 1150 3381 judiciis.
1740 3306 1746 3313 ‘

695 3481 781 3530 44.
817 3481 967 3544 Quod
1000 3486 1194 3538 bonum
1229 3499 1309 3540 est
1345 3500 1395 3542 et
1427 3489 1535 3544 Deo
1585 3504 1863 3563 acceptum
1908 3500 2119 3565 operari
2153 3518 2165 3552 :

626 3579 678 3617 ct
711 3572 850 3634 quod
886 3589 913 3621 e
940 3586 1042 3622 non
1071 3575 1344 3640 operando
1370 3579 1521 3631 multi
1557 3581 1608 3632 in
1642 3592 1859 3650 peccata
1885 3585 2166 3642 innumera

627 3657 895 3708 declinant
927 3668 977 3709 et
1005 3657 1054 3710 in
1086 3661 1324 3716 diversas
1377 3667 1639 3732 haereses;
1673 3680 1726 3724 et
1777 3674 1916 3740 quod
1953 3655 2168 3744 oportet

626 3741 676 3790 id
692 3759 748 3791 ex
761 3745 930 3810 sequi,
949 3762 1013 3798 ne
1027 3747 1116 3799 liat
1134 3749 1289 3804 nobis
1311 3757 1510 3820 peccati
1535 3760 1767 3822 occasio,
1793 3776 1887 3827 per
1908 3741 2006 3817 hoc
2022 3766 2165 3834 quod

625 3837 917 3888 secundum
940 3838 1336 3909 Scripturarum
1361 3850 1678 3903 sententiam
1703 3854 1999 3921 accidit;et
2023 3859 2164 3925 quod

624 3929 713 3993 qui
741 3940 931 3995 potest,
959 3944 1007 3986 et
1035 3949 1141 3988 non
1167 3947 1439 4003 operatur,
1467 3948 1523 3992 ut
1553 3944 1872 4000 ambitiosus
1903 3963 1931 3999 a
1957 3947 2168 4018 Deoju-

624 4021 867 4085 dicatur;
912 4032 965 4076 et
1006 4028 1146 4094 quod
1201 4030 1451 4084 doctores
1496 4033 1679 4099 etiam,
1730 4045 1783 4088 et
1829 4041 2081 4104 praesules
2115 4049 2166 4094 et

624 4111 900 4172 pontilices
942 4114 1005 4162 ad
1040 4115 1327 4179 spirituale
1352 4129 1403 4168 et
1430 4119 1683 4174 sensibile
1716 4137 1850 4189 opus
1875 4127 2165 4182 admoven-

625 4205 710 4245 tur
739 4197 961 4248 tendens
996 4199 1044 4249 in
1080 4198 1167 4251 Dei
1199 4203 1434 4265 cultum;
1469 4205 1735 4272 siquidem
1769 4210 1963 4277 duplex
2001 4214 2163 4269 homo

625 4287 897 4337 sensibilis
942 4298 992 4337 et
1026 4289 1347 4356 intelligens,
1386 4302 1439 4344 et
1471 4304 1678 4360 oportet
1717 4298 1858 4351 illius
1890 4306 2165 4368 operatio-

622 4387 742 4424 nem
771 4373 1033 4440 duplicem
1069 4391 1207 4430 esse.

692 4656 778 4709 45.
823 4657 893 4712 De
945 4661 1150 4717 artibus
1186 4679 1304 4733 quae
1358 4671 1702 4735 promiSsioni
1767 4677 2160 4734 monachorum

623 4750 946 4802 Conveniunt
990 4763 1073 4805 :et
1112 4755 1252 4821 quod
1295 4756 1381 4810 illa
1425 4761 1576 4814 decet
1605 4767 1898 4820 monachos
1925 4772 2161 4836 Operari,

623 4850 739 4899 qua:
759 4852 929 4903 neque
949 4846 1271 4912 praescrime
1300 4848 1552 4903 horarum
1584 4856 1896 4920 psalmodiae
1929 4861 2006 4912 vel
2033 4875 2159 4913 ora-

624 4926 774 4986 tioni,
807 4945 977 4997 neque
999 4937 1217 4988 omnino
1250 4937 1336 4991 Dei
1369 4945 1535 4996 cultui
1565 4946 2003 5013 impedimentum
2034 4951 2162 5002 alre-

623 5025 762 5076 rant.
795 5020 1037 5074 ducendo
1081 5023 1132 5074 in
1178 5026 1391 5093 aliquod
1433 5033 1708 5097 spirituale
1753 5037 2159 5091 detrimentum.

695 5191 778 5243 56.
815 5192 1094 5255 Quomodo
1129 5204 1338 5262 oportet
1362 5199 1590 5264 aliquem
1626 5206 1850 5260 vendere
1879 5218 1932 5261 et
1962 5224 2158 5274 emere,

625 5298 690 5333 ne
724 5282 857 5336 Deus
886 5285 1184 5338 ollendatnr
1213 5303 1226 5338 :
1261 5295 1312 5340 et
1343 5291 1553 5356 quodgid
1581 5291 2008 5351 Christianorum
2040 5315 2160 5367 pro-

626 5373 796 5437 prium
829 5384 908 5426 est
936 5376 1049 5428 hodi
1083 5380 1258 5444 potius
1288 5395 1447 5447 quam
1480 5381 1666 5434 Ludere
1696 5386 1745 5435 in
1777 5390 2159 5455 negotiationi-

628 5463 755 5526 bus;
785 5473 835 5515 ct
862 5467 1001 5532 quod
1034 5467 1128 5519 hos
1158 5470 1246 5536 qui
1287 5471 1674 5538 negotiationes
1707 5475 1775 5525 in'
1804 5480 2044 5533 caelesiis
2077 5480 2160 5532 fa-

627 5551 792 5616 ciunt,
820 5555 929 5606 sive
966 5559 1273 5620 monachos,
1306 5561 1417 5614 sivc
1451 5561 1631 5624 laicos,
1664 5562 1827 5615 divini
1868 5582 2099 5622 canones
2131 5587 2158 5622 a

627 5644 1005 5697 communione
1027 5657 1294 5712 separant,
1325 5650 1772 5715 quemadmodum
1798 5663 1848 5707 et
1871 5665 2042 5710 cattus
2067 5659 2156 5723 qui

2268 3222 2362 3288 τὴν
2394 3224 2554 3294 κενὴν
2581 3225 2736 3289 δόξαν
2766 3228 2855 3280 τοῦ
2880 3229 3083 3297 κόσμου
3133 3230 3344 3294 τούτου,
3402 3233 3504 3283 ὑπὸ
3545 3231 3828 3298 δαιμόνων

2269 3299 2635 3380 ἐνεργοῦνται,
2657 3316 2689 3385 ἢ
2732 3318 3180 3386 παραχωροῦνται
3220 3315 3300 3382 οἷς
3323 3316 3430 3374 οἵδε
3452 3321 3582 3382 Θεὸς
3606 3321 3819 3388 κρίμα-

2271 3416 2372 3451 σιν.

2342 3491 2440 3556 μδθ.
2466 3492 2587 3542 Ὅτι
2618 3493 2794 3557 καλὸν,
2829 3496 2921 3546 καὶ
2945 3495 3298 3550 εὐαπόδεκτον
3324 3497 3399 3565 τῷ
3422 3496 3539 3565 Θεῷ
3565 3498 3623 3549 τὸ
3654 3499 3831 3566 ἐργά-

2270 3576 2451 3640 ζεσθαι
2487 3597 2498 3607 ·
2535 3584 2625 3634 καὶ
2657 3583 2736 3634 ὅτι
2785 3586 2847 3636 ἐκ
2881 3584 2974 3636 τοῦ
3010 3585 3082 3655 μὴ
3121 3586 3467 3655 ἐργάζεσθαι,
3499 3589 3681 3642 πολλοὶ
3739 3591 3828 3652 είς

2270 3666 2468 3736 πλῆθος
2497 3671 2910 3740 ἁμαρτημάτων
2948 3674 3272 3738 ἐκκλίνουσι,
3305 3679 3396 3728 καὶ
3425 3679 3503 3739 είς
3531 3677 3830 3748 διαφόρους

2268 3759 2502 3831 αἱρέσεις
2536 3777 2548 3790 ’
2578 3764 2669 3815 καὶ
2700 3765 2779 3816 ὅτι
2807 3764 2909 3834 χρὴ
2944 3765 3264 3836 ἐξακριϐοῦν
3293 3768 3471 3832 τοῦτο,
3508 3770 3699 3836 μήπως
3729 3770 3830 3834 γέ-

2267 3865 2421 3916 νηται
2439 3853 2571 3920 ἡμῖν
2593 3853 2860 3921 πρόφασις
2874 3855 3145 3924 ἁμαρτίας
3165 3856 3251 3908 διὰ
3267 3855 3325 3907 τὸ
3353 3857 3502 3926 παρὰ
3527 3857 3586 3909 τὺ
3605 3857 3828 3927 θέλημα

2266 3939 2372 3990 τῶν
2398 3941 2623 4010 Γραφῶν
2639 3943 2794 3997 τοῦτο
2829 3946 3179 4015 μετέρχεσθαι
3218 3965 3230 3976 ·
3273 3948 3364 3999 καὶ
3391 3949 3473 4000 ὅτι
3519 3951 3544 4001 ό
3588 3948 3830 4017 δυνάμεο

2267 4044 2373 4088 νος,
2402 4030 2493 4081 καὶ
2538 4031 2609 4100 μὴ
2655 4033 3038 4102 ἐργαζόμενος,
3071 4034 3146 4098 ὡς
3194 4037 3516 4104 πλεονέκτης
3571 4038 3827 4107 κρίνεται

2267 4120 2416 4187 παρὰ
2445 4120 2518 4188 τῷ
2551 4121 2664 4190 Θεῷ
2691 4138 2702 4148 ·
2736 4123 2828 4173 καὶ
2849 4124 2930 4174 ὃτι
2955 4125 3045 4175 καὶ
3071 4125 3118 4174 οί
3138 4123 3465 4188 διδάσκαλοι,
3498 4128 3589 4178 καὶ
3616 4129 3663 4178 ol
3686 4143 3829 4195 προ-

2270 4208 2531 4270 εστῶτες,
2560 4212 2649 4261 καὶ
2682 4211 2834 4263 αὐτοὶ
2861 4213 2909 4263 oi
2927 4212 3208 4280 ἀρχιερεῖς
3233 4215 3369 4278 μετὰ
3389 4214 3481 4264 τοῦ
3510 4231 3821 4281 πνευματι-

2269 4297 2363 4346 κοῦ
2396 4299 2574 4364 ἕργου,
2602 4299 2694 4350 καὶ
2744 4299 2998 4367 αἰσθητοῦ
3025 4300 3281 4352 ἅπτονται
3333 4301 3691 4362 συντείνοντος
3742 4303 3827 4364 εἰς

2197 4413 2242 4468 D
2271 4384 2595 4441 θεοσέῦειαν.
2648 4387 2908 4456 Ἐπείπερ
2939 4388 3155 4452 διπλοῦς
3183 4393 3210 4443 ό
3238 4390 3522 4460 ἄνθρωπος
3565 4392 3826 4460 αἰσθητός

2268 4490 2324 4523 τε
2373 4475 2463 4526 καὶ
2492 4477 2695 4543 νοητὸς,
2721 4478 2815 4529 καὶ
2844 4479 2948 4548 χρὴ
2997 4478 3092 4550 τὴν
3139 4481 3300 4534 αὐτοῦ
3353 4482 3612 4553 ἐργασίαν
3674 4480 3824 4537 εἶναι

2266 4563 2504 4618 διπλοῦν.

2336 4684 2435 4744 με’.
2474 4678 2624 4747 Περὶ,
2656 4673 2764 4732 οἶαι
2798 4680 2977 4751 τέχναι
3005 4683 3080 4753 τῷ
3113 4684 3486 4755 ἐπαγγέλματι
3519 4686 3625 4738 τῶν
3652 4703 3822 4753 μονα-

2266 4762 2372 4830 χῶν
2423 4765 2714 4833 άρμόζουσι
2745 4784 2758 4798 ·
2795 4770 2888 4822 καὶ
2917 4772 2997 4822 ὅτι
3041 4770 3211 4825 ταῦτα
3240 4773 3364 4835 τοὺς
3407 4776 3673 4843 μοναχοὺς
3717 4776 3821 4844 ἁρ-

2269 4854 2417 4920 μὸζει
2456 4856 2800 4924 ἐργάζεσθαι,
2834 4860 2930 4912 ὅσα
2989 4861 3121 4930 μήτε
3169 4863 3236 4931 τῇ
3297 4866 3655 4935 τετυπωμένῃ
3705 4867 3821 4916 τῶν

2266 4942 2418 5009 ὡρῶν
2459 4945 2824 5016 ψαλμῳδία,ῆ
2879 4951 2943 5016 τῇ
3003 4950 3153 5018 εὐχῇ,
3218 4950 3340 5017 μηθ’
3371 4950 3506 5012 ὅλως
3565 4956 3628 5020 τῇ
3673 4953 3824 5006 κατὰ

2265 5030 2393 5081 Θεὸν
2423 5033 2642 5104 λατρεία
2694 5036 3059 5104 ἐμποδίζουσι,
3091 5039 3394 5105 κατάγοντα
3419 5043 3498 5103 εἰς
3521 5041 3821 5112 ἐλάττωμα

2264 5139 2314 5173 τι
2343 5123 2584 5191 ψυχικόν.

2334 5221 2448 5281 μςν,
2479 5216 2596 5276 Πῶς
2645 5218 2746 5285 χρή
2813 5233 2931 5268 τινα
2981 5217 3176 5270 πωλεῖν
3227 5221 3317 5271 καὶ
3376 5221 3687 5289 ἀγοράζειν,
3727 5228 3819 5278 ἵνα

2269 5303 2340 5371 μὴ
2372 5307 2709 5376 προσκρούσῃ
2738 5306 2873 5374 Θεῷ’
2899 5308 2987 5358 καὶ
3014 5308 3094 5359 ὄτι
3117 5309 3268 5361 τοῦτο
3295 5311 3420 5363 ἴδιον
3449 5313 3817 5380 Χριστιανῶν,

2265 5394 2321 5444 τὸ
2362 5395 2677 5464 ζημιοῦσθαι
2727 5398 2944 5465 μᾶλλον,
2993 5399 3024 5467 ἢ
3056 5399 3281 5468 ζημιοῦν
3309 5405 3365 5453 ἐν
3397 5407 3516 5466 ταῖς
3554 5422 3822 5473 πραγμα-

2264 5485 2431 5545 τείαις
2465 5487 2592 5538 ’καὶ
2636 5489 2713 5538 ὅτι
2742 5488 2865 5546 τοὺς
2920 5489 2974 5538 ἐν
3032 5491 3146 5550 ταῖς
3194 5492 3509 5561 ἐκκλησίαις
3556 5511 3827 5561 πραγμα-

2264 5573 2406 5634 τείας
2447 5576 2816 5644 ποιοῦντας,ἢ
2876 5580 3219 5648 μοναχοὺς,ῆ
3278 5582 3514 5645 λαῖκοὺς,
3566 5583 3616 5632 ot
3678 5581 3824 5633 Θεῖοι

2270 5660 2486 5725 κανὸν;;
2519 5664 2615 5728 τῆς
2669 5664 2947 5727 κοινωνίας
3003 5667 3368 5736 ἀφορίζουσιν,
3399 5669 3651 5730 ὡσαύτως
3719 5670 3826 5721 καὶ
