4050 6624
1623 826 1794 873 ANNO
1839 827 2065 875 DOMINI
2106 830 2313 874 DCCCC.

1276 1063 2612 1279 JOSEPPUS

1641 1639 2252 1756 NOTITIA

1241 1913 1567 1979 (Bibliotheca
1586 1911 1921 1975 Gatlandiam'z,
1953 1918 2069 1964 tom.
2092 1912 2217 1972 XIV,
2250 1911 2448 1977 Proleg.
2473 1871 2528 1975 ip.
2564 1911 2656 1977 In.)

393 2294 442 2350 I.
466 2290 580 2348 Nec
607 2290 737 2364 quis
760 2290 946 2357 fuerit,
980 2306 1079 2348 nec
1107 2307 1216 2363 quo
1248 2293 1367 2349 loco
1386 2292 1469 2349 vel
1495 2303 1740 2366 tempore
1764 2293 1961 2352 vixerit
1984 2292 2279 2363 Ioseppus,
2305 2294 2421 2348 sive
2441 2290 2735 2363 Iosephus,
2769 2290 2891 2346 libri
2920 2289 3316 2363 hypomnestici
3356 2296 3574 2357 auctor,

322 2382 592 2438 convenit
625 2380 768 2437 inter
798 2381 1095 2454 scriptores
1131 2399 1145 2436 :
1180 2391 1238 2435 ut
1263 2381 1399 2436 nihil
1428 2382 1607 2441 dicam
1631 2383 1697 2440 de
1727 2382 1904 2439 Cavaei
1929 2383 2221 2449 sententia,
2254 2381 2623 2437 existimantis
2655 2396 2721 2435 ex
2745 2380 2906 2435 titulo
2930 2381 3130 2450 capitis
3150 2381 3315 2452 primi
3338 2379 3576 2436 fortasse

331 2470 399 2524 ad
438 2470 746 2540 marginem
790 2470 1043 2541 ascripti,
1082 2485 1191 2542 quo
1225 2468 1495 2541 Josephus
1525 2472 1789 2529 Ilebraeus
1831 2473 1977 2530 illius
2003 2471 2313 2543 argumenti
2339 2478 2603 2529 tractator
2638 2468 3006 2535 indicabatur,
3037 2467 3240 2523 factum
3272 2467 3444 2523 fuisse
3475 2468 3576 2522 ho-

326 2556 464 2611 mini
492 2554 717 2629 Josephi
756 2572 979 2622 nomen,
1029 2558 1117 2613 cui
1144 2566 1330 2627 postea
1364 2560 1429 2614 ad
1471 2560 1763 2617 discrimen
1798 2558 1969 2617 Judaei
2013 2561 2307 2619 adliaaserit
2338 2560 2634 2617 Christiani
2674 2560 2987 2631 appellatio.
3035 2556 3323 2614 Fabricius
3361 2558 3435 2630 (α)
3470 2574 3575 2613 non

327 2655 449 2699 ante
482 2644 664 2699 siccati
706 2660 760 2701 ιι
794 2645 996 2701 exitum
1024 2646 1227 2703 vixisse
1282 2648 1616 2717 suspicatur,
1647 2665 1711 2705 ex
1750 2665 1871 2720 cap.
1906 2649 2030 2713 156,
2066 2650 2119 2703 in
2151 2665 2259 2719 quo
2294 2647 2617 2721 Hippolytus
2650 2646 2947 2710 Thebanus
2974 2645 3218 2701 alfertur.
3245 2646 3473 2701 Cavaaus
3498 2646 3573 2715 (ὁ)

330 2732 496 2787 refert
523 2734 589 2789 ad
615 2750 820 2789 annum
856 2735 1063 2792 Christi
1095 2736 1224 2791 420.
1266 2736 1589 2794 Gallandius
1616 2751 1799 2795 noster
1835 2741 1889 2793 in
1929 2740 2044 2794 suis
2072 2737 2407 2792 adversariis
2444 2736 2789 2805 consignavit
2824 2735 2891 2789 ad
2922 2749 3125 2789 annum
3169 2733 3374 2790 Christi
3410 2733 3573 2787 I000.

326 2819 405 2873 Ex
433 2821 668 2878 Fabricii
708 2823 1024 2894 praefatione
1050 2836 1265 2881 constat
1298 2826 1573 2886 Oudinum
1602 2828 1916 2883 confudisse
1943 2842 2225 2898 perperam
2250 2825 2545 2895 Josephum
2590 2833 2836 2879 nostrum
2884 2840 3011 2880 cum
3041 2823 3335 2893 Gorjonide
3363 2840 3377 2877 :
3406 2822 3569 2877 Lam—

329 2908 541 2963 becium
586 2912 714 2966 item
760 2912 897 2978 falli,
939 2914 1033 2984 qui
1082 2915 1150 2970 ad
1193 2913 1492 2986 Josephum
1537 2916 1782 2972 Flavium
1824 2915 2100 2988 pertinere
2142 2922 2315 2985 putat.
2358 2913 2609 2979 Cavaaus,
2656 2913 2776 2969 loco
2814 2913 2926 2983 iam
2970 2913 3233 2975 excitato,
3280 2911 3575 2981 aliquando

329 2997 580 3051 eumdem
607 3013 731 3054 cum
772 2998 1011 3071 Iosepho
1036 3002 1362 3072 Tiberiensi,
1394 3006 1460 3060 ab
1496 3005 1801 3075 Epiphanio
1828 3013 2128 3059 memorato
2162 3004 2257 3075 (c).
2305 3002 2459 3057 illum
2500 3018 2559 3057 se
2598 3001 2794 3057 fecisse
2828 3000 3142 3057 conﬁtetur.
3177 2999 3354 3055 Tanta
3389 2999 3576 3053 erudi-

329 3092 511 3139 torum
544 3086 770 3145 dissidia
810 3091 967 3146 nobis
999 3108 1220 3163 quoque
1257 3094 1323 3149 de
1354 3095 1605 3161 veritate,
1641 3095 1686 3150 si
1746 3094 1862 3148 Iieri
1898 3102 2100 3163 potest.
2154 3091 2473 3162 inquirendi
2504 3089 2818 3146 facultatem
2856 3089 3121 3161 prabent.
3151 3088 3233 3143 Ex
3262 3088 3386 3160 ipso
3408 3088 3576 3158 igitur

320 3170 567 3245 Josepho
589 3190 703 3231 rem
728 3178 1031 3235 extundere
1061 3180 1324 3248 nitamur,
1355 3192 1414 3237 ut
1439 3182 1651 3254 aliquid
1684 3182 1878 3238 saltem
1908 3179 2259 3254 plausibilius
2286 3180 2470 3235 dicere
2498 3194 2789 3251 queamus.

402 3283 470 3339 Il.
502 3286 703 3342 Auctor
735 3288 918 3358 itaque
958 3300 1144 3346 noster
1186 3293 1363 3362 capite
1402 3292 1587 3348 statim
1633 3294 1810 3363 primo
1849 3292 1952 3349 sub
1990 3308 2145 3347 num.
2176 3292 2265 3359 I5,
2313 3291 2525 3353 scribit,
2558 3290 2627 3344 de
2655 3288 2857 3356 Phaleg
2900 3289 3131 3358 loquens
3165 3305 3179 3341 :
3228 3284 3575 3357 Πληροῦνται

326 3372 423 3423 ἐπ’
449 3373 611 3427 αὐτὸν
637 3375 748 3429 ἀπὸ
784 3376 957 3448 Ἀδὰμ
980 3377 1076 3451 ἔτη
1104 3396 1172 3452 ,γ’
1199 3378 1338 3434 ὥστε
1370 3375 1510 3437 εἶναι
1537 3379 1598 3433 τὸ
1626 3381 1801 3452 ἥμισυ
1836 3376 1929 3434 τοῦ
1959 3383 2152 3452 χρόνου
2187 3381 2287 3452 τῆς
2317 3379 2602 3451 παρούσης
2625 3381 2683 3433 ὲν
2703 3379 2852 3445 sese.
2878 3378 3131 3449 χιλιάδων
3158 3379 3573 3441 καταστάσεως.

323 3456 676 3530 Compleutur
695 3464 749 3518 in
780 3481 841 3519 eo
876 3465 941 3520 ab
980 3468 1148 3522 Adam
1192 3470 1324 3539 anui
1374 3468 1535 3530 5000.
1571 3470 1721 3524 itaut
1755 3469 1915 3539 fuerit
1956 3469 2241 3523 dimidium
2279 3468 2523 3536 (stuporis
2556 3467 2829 3535 presenti:
2863 3467 3093 3535 computi
3120 3466 3179 3520 in
3208 3467 3419 3521 senario
3454 3466 3579 3521 mil-

332 3544 684 3604 lenariorum.
722 3551 1011 3609 Scribebat
1063 3555 1228 3625 igitur
1254 3553 1530 3627 Iosephus
1576 3556 1721 3611 intra
1760 3565 1973 3612 sextum
2018 3557 2198 3613 adhuc
2235 3555 2627 3620 millenarium,
2674 3561 2839 3624 atque
2877 3562 2939 3608 ut
2988 3569 3112 3609 cum
3165 3554 3402 3609 maxime
3428 3570 3575 3619 sero,

328 3636 526 3693 ultimo
573 3638 749 3708 ipsius
799 3644 941 3700 sexti
987 3644 1280 3701 millenarii
1319 3659 1486 3700 anno.
1531 3644 1666 3700 Cum
1718 3661 1884 3715 porro
1911 3645 2085 3703 Graeci
2130 3660 2198 3700 ex
2232 3659 2342 3701 tera
2375 3658 2474 3699 sua
2515 3642 2799 3716 historica,
2842 3643 3002 3713 cujus
3026 3652 3220 3699 auctor
3253 3642 3575 3712 Africanus,

330 3725 566 3781 natalem
596 3729 797 3785 Christi
824 3719 1144 3801 consignent
1167 3733 1236 3788 ad
1269 3749 1473 3789 annum
1509 3734 1699 3790 mundi
1744 3734 1904 3799 5500,
1941 3749 2173 3805 eamque
2207 3734 2478 3804 epocham
2522 3732 2779 3789 octennio
2809 3732 3054 3803 vulgaris
3088 3748 3232 3802 pone
3265 3742 3572 3804 sequatur;

332 3815 479 3872 unde
521 3832 553 3870 a
586 3817 730 3873 civili
766 3822 1086 3877 eorumdetn
1116 3821 1432 3878 Gracorum
1466 3838 1574 3878 aera
1609 3822 1752 3879 idem
1797 3822 1995 3878 natalis
2031 3821 2237 3878 Christi
2284 3822 2403 3877 dies
2446 3821 2515 3876 ad
2554 3835 2759 3875 annum
2791 3820 3156 3891 consignatur
3192 3822 3382 3875 mundi
3414 3821 3577 3886 5508,

330 3904 697 3973 consequitur
725 3904 1026 3978 Josephum
1049 3910 1341 3980 scripsisse
1370 3910 1436 3966 ad
1465 3926 1743 3969 summum
1785 3926 1932 3967 anno
1954 3910 2159 3967 Christi
2186 3911 2314 3979 492,
2350 3920 2446 3966 aut
2476 3911 2521 3966 si
2544 3911 2720 3967 mavis
2748 3911 2904 3980 sequi
2936 3908 3213 3965 Panodori
3239 3924 3405 3964 seram
3432 3908 3583 3965 Grae-

325 4004 525 4047 corum
564 3994 1016 4062 ecclesiasticam,
1055 4013 1178 4067 quae
1214 4008 1404 4053 natum
1438 3999 1641 4055 asserit
1668 3998 1948 4056 Christum
1995 4015 2141 4055 anno
2183 4002 2373 4057 mundi
2405 4000 2568 4067 5494,
2599 4001 2882 4070 scripserit
2922 4000 3195 4071 losephus
3226 4010 3411 4057 noster
3436 4015 3581 4055 anno

322 4092 455 4132 ωιτη
484 4079 721 4148 vulgaris
749 4082 874 4148 507,
903 4083 1046 4141 sicut
1075 4099 1177 4141 suo
1201 4086 1322 4142 loco
1348 4086 1416 4141 ad
1441 4088 1649 4143 calcem
1676 4088 2083 4144 adnotavimus.
2114 4089 2186 4144 At
2208 4090 2356 4144 enim
2386 4103 2494 4143 non
2518 4089 2864 4158 cogimur,ex
2894 4089 3057 4144 modo
3080 4088 3335 4158 loquendi
3354 4087 3580 4157 Josepbi

330 4182 539 4221 annum
567 4170 801 4239 praecise
828 4173 1211 4240 determinare,
1246 4174 1529 4246 multoque
1560 4176 1742 4233 minus
1773 4192 1998 4233 necesse
2024 4175 2291 4231 habemus
2316 4175 2470 4230 illum
2506 4175 2826 4231 existimare
2857 4183 3200 4245 postremum
3232 4172 3405 4228 fuisse
3435 4174 3578 4228 sexti

329 4256 648 4314 milleuarii.
683 4259 828 4316 Satis
850 4272 937 4319 est
968 4263 1015 4321 si
1050 4264 1362 4323 necessario
1394 4280 1656 4335 cogamur
1688 4272 1910 4337 propter
1941 4264 2001 4317 τὸ
2027 4264 2310 4335 παρούσης
2338 4277 2603 4328 asserere,
2643 4262 2793 4316 illum
2825 4276 2931 4318 non
2974 4264 3117 4316 ultra
3157 4270 3370 4317 sextum
3402 4262 3582 4315 mille-

326 4346 551 4399 narium
586 4350 898 4418 ponendum
943 4366 1080 4409 esse.
1119 4350 1307 4408 Potest
1333 4368 1464 4423 ergo
1504 4352 1569 4408 ad
1618 4353 1892 4424 quintum,
1934 4348 2194 4423 quartum
2235 4351 2527 4406 tertiumve
2564 4349 2825 4404 saeculum
2872 4347 3149 4418 pertinere
3198 4363 3212 4400 :
3255 4362 3365 4401 non
3398 4357 3579 4401 tamen

338 4432 575 4490 ulterius
610 4444 744 4491 aetas
786 4438 935 4497 illius
968 4438 1187 4510 ﬁgenda
1230 4449 1331 4497 est.
1362 4438 1547 4498 Sensit
1577 4441 1742 4513 hujus
1782 4441 1892 4497 vim
1936 4439 2243 4511 argumenti
2276 4437 2525 4506 Cavaens,
2569 4437 2730 4508 cujus
2761 4436 2899 4493 alias
2935 4435 3024 4492 hic
3075 4435 3582 4492 animadversiones

329 4522 710 4588 subjiciemus.

410 4641 500 4696 III.
530 4641 786 4703 Ultimam
813 4664 979 4719 quam
1005 4662 1270 4707 memorat
1296 4654 1551 4709 haeresim
1577 4654 1872 4724 Iosephus,
1908 4660 1993 4709 est
2031 4648 2670 4721 Anthropomorphitiea.
2711 4646 2784 4702 Ea
2808 4662 2975 4717 porro
3008 4645 3173 4716 coepit
3202 4645 3347 4701 circa
3376 4657 3582 4697 annum

332 4730 539 4786 Christi
570 4733 694 4789 399.
737 4736 1015 4792 Pertineat
1040 4739 1207 4809 igitur
1244 4738 1516 4812 Iosephus
1546 4751 1729 4798 noster
1770 4743 1876 4797 hoc
1899 4741 2121 4812 quidem
2147 4748 2470 4809 argumento
2491 4739 2558 4793 ad
2580 4738 2738 4793 initia
2770 4737 2955 4793 saeculi
2998 4735 3202 4807 quinti.
3231 4732 3422 4789 Obviat
3456 4732 3585 4786 huic

332 4830 660 4889 argumento
682 4823 965 4881 Fabricius
983 4825 1084 4898 (tl),
1105 4827 1358 4899 inquiens
1375 4831 1620 4900 potuisse
1634 4830 1930 4902 Joseplmm
1949 4845 2055 4885 non
2081 4828 2219 4883 ultra
2254 4827 2542 4883 hteretieos
2572 4825 2945 4898 quartisaeculi
2961 4838 3270 4887 excurrere,
3297 4819 3442 4891 quod
3462 4817 3585 4889 Epi-

336 4908 602 4975 phanium
626 4911 697 4967 ob
715 4914 903 4968 oculos
927 4915 1204 4971 habuerit.
1239 4915 1344 4970 Sed
1373 4933 1535 4988 quam
1561 4918 1747 4989 jejuna
1777 4930 1831 4973 et
1866 4917 2062 4990 frigida
2097 4918 2212 4973 haec
2244 4918 2386 4972 ratio
2412 4918 2501 4983 sit,
2537 4930 2695 4970 nemo
2725 4931 2830 4969 non
2867 4913 3033 4970 sentit
3063 4914 3116 4967 in
3150 4911 3371 4966 homine
3390 4910 3575 4966 sreculi

338 4991 411 5044 XI
436 4992 549 5061 jam
592 5001 949 5063 senescentis.
984 5001 1142 5070 cujus
1174 5001 1486 5057 institutum
1522 5003 1593 5059 sit
1636 5003 1903 5067 libellum,
1934 5007 2052 5062 sive
2094 5006 2528 5077 promptuarium
2563 5005 2631 5060 ad
2668 5004 2989 5061 memoriam
3033 5016 3216 5057 rerum
3266 4999 3585 5070 hujusmodi

326 5083 708 5139 conscribere.
751 5087 834 5140 An
868 5103 942 5142 ιι.
976 5088 1040 5143 C.
1069 5087 1354 5145 Fabricius
1378 5090 1743 5162 Epiphanium
1775 5092 1880 5148 sibi
1920 5095 1991 5149 ob
2018 5096 2212 5151 octtlos
2244 5096 2626 5168 proposuisset
2670 5094 2774 5148 hac
2800 5102 2977 5159 aetate,
3026 5092 3073 5148 si
3117 5091 3360 5146 laborem
3411 5088 3584 5142 illius-

337 5171 485 5225 modi
524 5172 1220 5245 fuissetaggressus?Num
1248 5180 1411 5234 etiam
1446 5189 1607 5253 caput
1646 5181 2031 5249 conclusisset,
2071 5193 2133 5239 ut
2166 5182 2442 5255 Iosephus
2474 5183 2624 5249 facit,
2660 5183 2947 5254 inquiens:
2988 5180 3083 5235 Ha'
3114 5187 3238 5233 sunt
3264 5194 3387 5248 ergo
3413 5178 3580 5230 lucre-

334 5274 420 5311 σεε
453 5275 571 5329 qua:
599 5273 782 5316 contra
808 5274 1050 5319 sanctam
1084 5265 1379 5321 Ecclesium
1419 5278 1549 5322 orta:
1584 5280 1706 5322 sunt
1725 5270 1751 5323 ?
1784 5271 2029 5337 Accedit,
2062 5271 2206 5341 quod
2237 5268 2508 5342 Iosephus
2537 5270 2676 5326 duas
2712 5278 2918 5324 tantum
2950 5278 3004 5323 et
3034 5267 3316 5337 sexaginta
3356 5267 3588 5318 Innrescs

326 5359 756 5416 commemorat,
803 5352 1139 5423 Epiphanius
1175 5370 1304 5409 vero
1333 5356 1631 5427 octoginta.
1670 5356 2013 5429 Epiphanius
2069 5359 2393 5414 Ancoratum
2464 5375 2648 5422 suum,
2680 5368 2737 5414 ut
2764 5367 2912 5412 notat
2938 5357 3052 5427 ipse
3074 5355 3377 5416 Fabricius,
3412 5350 3586 5419 scrip-

332 5436 493 5488 sitA.
517 5434 578 5489 C.
609 5437 735 5505 573,
775 5440 1005 5511 ideoque
1031 5458 1166 5498 xxru
1194 5453 1245 5500 et
1284 5444 1429 5514 quod
1456 5446 1722 5511 excurrit,
1765 5461 1946 5504 annos
1987 5447 2297 5504 aute'ortos
2334 5446 2924 5518 Anthropomorphitas
2965 5460 3031 5500 ex
3075 5443 3253 5499 Cavzei
3295 5437 3584 5496 sententia.

330 5520 458 5578 Non
489 5526 666 5596 potuit
688 5544 819 5602 ergo
850 5530 921 5585 ob
950 5530 1140 5588 oculos
1174 5532 1373 5590 habere
1393 5534 1792 5607 Epiphaniam:
1827 5552 1929 5593 nec
1963 5536 2108 5592 ultra
2142 5550 2307 5605 quam
2332 5533 2401 5589 ad
2432 5533 2648 5588 initium
2689 5531 2878 5589 saeculi
2903 5530 3084 5602 quinti
3116 5528 3407 5599 pertinere.

414 5728 491 5806 (ᾳ)
720 5742 852 5785 tom.
880 5732 933 5806 ,Χ
967 5748 1089 5803 pag.
1123 5732 1239 5791 109.
1269 5745 1321 5791 ct
1356 5736 1409 5792 in
1439 5736 1575 5795 Cod.
1608 5736 1805 5795 Pseud.
1982 5792 1996 5805 _
2099 5735 2168 5806 (c)
2198 5734 2498 5806 II;cr.Axxx,
2535 5748 2686 5806 nunt.
2716 5732 2771 5795 4,
2804 5746 2954 5801 seqq.

406 5801 484 5868 (b)
522 5800 588 5854 Il.
620 5801 684 5857 L.
718 5818 840 5871 pug.
866 5800 992 5858 257’.
1041 5800 1049 5803 ⁷
1982 5800 1996 5805 ’
2102 5800 2179 5878 (tt)
2213 5807 2276 5859 Β.
2317 5804 2379 5859 (ἱ.
2414 5814 2545 5859 tutu.
2587 5802 2693 5872 VII,
2719 5819 2840 5875 pag.
2872 5800 2995 5858 42L

660 5899 919 5958 l’nnoc.
959 5901 1072 5961 tiu.
1109 5902 1262 5962 CVI.
3128 5896 3165 5957 1
