4050 6634
444 468 527 539 ’Π
1888 477 2268 540 IOSEPPUS
2281 521 2295 537 .
3652 476 3716 539 li.’

486 591 616 649 rtv.
659 591 1101 660 Addit‘Cavteus,
1144 593 1295 649 illum
1352 594 1603 666 nuspiam
1639 593 1975 651 Nestorianae
2009 596 2234 653 haeresis
2270 595 2604 652 mentionem
2630 593 2830 659 facere,
2862 609 2970 651 non
3002 593 3351 667 incatalogo,
3397 608 3505 651 non
3556 592 3711 652 alibi.

456 680 588 749 Quae
612 697 735 737 cum
764 692 881 736 orta
914 683 985 737 sit
1016 682 1085 736 A.
1124 681 1186 735 C.
1216 681 1343 748 418,
1369 684 1449 738 vel
1482 692 1538 737 ut
1563 683 1741 738 serius
1775 683 1902 747 M9,
1931 686 2181 756 cogimur
2212 684 2337 740 inde.
2356 693 2572 739 aetatem
2597 682 2747 739 illius
2768 683 2964 738 iterum
2986 698 3095 739 non
3118 683 3257 739 ultra
3292 682 3445 739 initia
3478 684 3662 739 saeculi
3682 701 3715 741 ν

452 770 767 825 detrudere.
806 770 1069 839 Equidem
1114 768 1393 824 fatendum
1426 770 1480 825 in
1515 770 1620 825 ﬂne
1658 785 1779 841 cap.
1817 772 1920 828 159
1955 773 2095 828 inter
2129 771 2420 828 haereticos
2443 770 2864 827 commemorari
2902 769 3294 836 Hominicolas,
3337 786 3445 840 quo
3491 771 3715 826 nomine

454 853 761 910 Nestoriani
794 856 1000 911 censeri
1034 867 1281 926 possunt.
1313 857 1418 913 Sed
1449 856 1763 928 ltujusmodi
1796 860 2113 928 appellatio,
2144 862 2271 931 quia
2312 868 2581 931 quantum
2627 858 2855 914 memini
2901 858 3006 913 nisi
3054 857 3203 927 apud
3238 856 3507 927 quosdam
3544 857 3715 914 medii

453 944 553 997 aevi
583 944 877 1013 scriptores
903 946 1163 1013 occurrit,
1190 947 1490 1003 assuntenti
1523 948 1809 1018 cujusdam
1842 962 1943 1004 nos
1968 947 2130 1007 facile
2164 952 2216 1005 in
2262 948 2634 1022 suspicionem
2662 946 2933 1003 adducere
2962 954 3163 1018 potest.
3202 942 3328 1001 Haec
3362 946 3710 1016 potissimum

455 1044 522 1084 ex
556 1030 773 1085 C'JV'lfO.

528 1136 594 1191 V.
632 1140 929 1195 Possumus
957 1149 1009 1196 et
1031 1140 1167 1196 alias
1197 1144 1489 1200 nonnullas
1518 1144 2029 1201 animadversiones
2053 1145 2349 1217 subjicere.
2378 1145 2571 1218 Capite
2588 1144 2661 1201 25
2697 1152 2946 1201 recenset
2976 1154 3171 1199 auctor
3199 1143 3375 1200 libros
3416 1144 3715 1200 canonicos

444 1227 523 1282 ’V.
565 1226 852 1300 T.eosque
886 1239 1173 1284 enumerat
1213 1246 1346 1297 xsn,
1384 1247 1491 1287 non
1528 1237 1816 1290 recensitis
1848 1234 2171 1289 nominatim
2213 1232 2673 1305 Paralipomenis,
2718 1233 2858 1289 forte
2887 1233 3016 1304 quia
3050 1233 3153 1287 sub
3184 1230 3425 1303 Regibus
3467 1248 3717 1303 compre-

456 1315 786 1370 hendantur.
829 1316 905 1370 Ea
935 1331 1099 1387 porro
1133 1320 1460 1374 numerandi
1507 1321 1653 1375 ratio
1676 1320 1939 1375 vetustior
1959 1334 2062 1387 est,
2093 1338 2258 1392 quant
2282 1324 2539 1379 steculum
2564 1340 2598 1378 ι
2631 1323 2713 1379 vel
2744 1337 2820 1387 ιι,
2858 1322 2969 1377 imo
2996 1321 3308 1377 communis
3349 1322 3405 1375 in
3440 1320 3716 1391 prioribus

414 1402 417 1407 “
456 1402 716 1457 Ecclesia:
742 1403 977 1469 saeculis,
1006 1412 1060 1458 et
1085 1406 1353 1461 vetustior
1380 1406 1557 1461 adhuc
1587 1422 1751 1469 penes
1779 1405 2055 1462 llebrmos.
2078 1408 2219 1463 Nam
2259 1426 2325 1465 ex
2373 1410 2611 1482 Joseplto
2656 1411 2735 1483 (a)
2781 1424 2847 1466 eo
2887 1423 3119 1464 numero
3160 1408 3285 1462 olim
3337 1409 3404 1462 ab
3450 1405 3715 1463 lsraelitis

420 1511 423 1514 ⁴
455 1490 841 1557 censebantur,
871 1507 968 1563 pro
991 1507 1217 1548 numero
1236 1492 1485 1548 videlicet
1514 1492 1843 1549 Litterarum
1866 1493 2253 1551 llebraiearum
2284 1515 2298 1552 :
2326 1499 2469 1567 quod
2493 1500 2653 1554 etiam
2683 1514 2749 1555 ex
2774 1496 3009 1569 Origene
3038 1495 3567 1551 autumatEusebius
3596 1495 3669 1561 (ιι)
3696 1512 3711 1548 :

430 1579 594 1634 ASnnt
653 1589 827 1634 autem
873 1597 983 1636 χιιι
1016 1581 1141 1635 libri
1168 1582 1328 1651 juxta
1365 1582 1638 1638 llcbrteos.
1678 1583 1874 1639 Postea
1900 1599 2029 1639 vero
2054 1584 2197 1654 apud
2226 1585 2489 1641 recutitos
2518 1586 2772 1652 obtinuit,
2800 1596 2860 1640 ut
2901 1601 2967 1642 ex
2993 1585 3222 1653 repetita
3255 1592 3335 1639 ter
3374 1585 3550 1639 littera
3583 1583 3711 1645 Jod.

459 1684 481 1719 κ
496 1668 649 1737 iginti
664 1678 900 1737 quatuor
920 1679 1362 1736 numerarentur,
1381 1686 1488 1739 quo
1507 1672 1668 1725 etiam
1688 1672 1903 1728 nomine
1920 1672 2058 1725 xar'i

2108 1671 2528 1742 Laxijvhodicque
2548 1680 2717 1726 totum
2738 1688 2935 1742 corpus
2956 1671 3211 1726 bililicum
3229 1686 3388 1726 suum
3403 1670 3707 1742 appellant:

422 1776 425 1777 '
456 1757 773 1811 sicutetiam
804 1758 1296 1827 apudChristianos
1320 1758 1585 1827 quosdam
1604 1759 1926 1829 interpretes
1953 1760 2265 1828 capiuntur,
2301 1760 2827 1830 exinterpretatione
2860 1776 2983 1813 xxrv
3012 1757 3291 1814 seniorum
3316 1758 3384 1813 de
3408 1759 3610 1828 quibus
3650 1758 3714 1811 fit

458 1843 660 1898 mentio
680 1842 734 1897 in
756 1842 1100 1915 Apocalypsi.
1122 1844 1341 1899 Accedit
1359 1845 1767 1900 uomenclatura
1790 1848 2105 1903 eorumdem
2123 1847 2384 1903 librorum
2406 1849 2548 1919 apud
2562 1847 2859 1918 Josepltum
2889 1856 3157 1912 nostrum,
3178 1861 3298 1917 qua:
3315 1843 3596 1916 Origenem
3616 1862 3714 1915 po-

445 1932 729 1987 tissimum
769 1932 1048 2003 exprimit,
1089 1945 1147 1989 ut
1192 1934 1362 2004 liquet
1380 1950 1443 1989 ex
1494 1950 1551 1989 η.
1606 1935 1693 2000 10,
1745 1936 1833 1991 ubi
1889 1936 2078 1993 tertius
2111 1944 2447 2007 quartusque
2482 1936 2690 2006 Regum
2736 1934 3078 2005 appellantur
3134 1934 3463 1990 Vammcleclt
3490 1932 3715 1989 David:

454 2023 601 2093 quod
643 2023 829 2078 itidem
872 2025 923 2079 in
965 2022 1086 2078 loco
1135 2023 1302 2079 citato
1333 2022 1553 2080 Eusebii
1583 2025 1843 2083 occurrit.

526 2139 617 2193 Vl.
649 2137 784 2192 Dum
820 2135 1090 2209 Josepltus
1119 2136 1444 2207 interpretes
1474 2138 1774 2210 Scriptura:
1796 2141 1955 2199 aﬂ‘ert
1992 2142 2086 2216 (c),
2126 2140 2425 2198 Lucianum
2452 2154 2560 2195 non
2596 2146 3010 2202 commemorat,
3042 2136 3199 2208 cujus
3228 2136 3409 2192 versio
3459 2135 3712 2192 Nicome-

455 2227 557 2283 diae
584 2227 725 2296 apud
749 2225 966 2281 Judaeos
991 2225 1092 2281 sub
1114 2225 1474 2280 Constantino
1506 2226 1575 2281 M.
1612 2240 1820 2298 reperta
1854 2240 1963 2297 est,
1992 2239 2119 2285 ante
2146 2245 2352 2285 annuat
2379 2226 2585 2283 Christi
2606 2226 2733 2292 557,
2765 2239 2875 2295 quo
2892 2224 3291 2280 Constantinus
3320 2222 3447 2280 fatis
3484 2238 3709 2279 conces-

430 2313 833 2387 "sithaporro
867 2314 1265 2384 interpretatio,
1293 2324 1430 2370 teste
1457 2314 1789 2388 llicronymo
1829 2316 1930 2388 (ιι),
1978 2319 2122 2388 apud
2164 2334 2339 2373 omnes
2385 2316 2688 2372 Orientales
2739 2311 3006 2368 Ecclesias
3056 2311 3121 2366 ab
3167 2312 3451 2366 Antiochia
3487 2310 3709 2366 CPolint

454 2420 614 2475 usque
638 2402 939 2457 obtinebat.
971 2400 1071 2455 Vix
1097 2417 1226 2471 ergo
1260 2403 1406 2458 credi
1449 2412 1625 2474 potest
1650 2404 1935 2475 ignorasse
1972 2404 2271 2475 Josepbum
2297 2405 2570 2460 celebrem
2592 2402 2727 2457 adeo
2752 2401 3137 2470 vulgatamque
3167 2398 3699 2470 interpretationem,

455 2492 538 2547 sin
570 2492 751 2546 minus
779 2490 963 2546 statim
996 2490 1065 2546 ab
1102 2489 1324 2545 inventu
1361 2491 1503 2561 ejus,
1539 2501 1685 2547 certe
1717 2502 2005 2563 postquam
2040 2501 2121 2549 tot
2154 2493 2425 2548 Ecclesiae
2454 2497 2797 2562 pervaserat,
2828 2489 2874 2544 si
2900 2494 3036 2543 adeo
3059 2487 3148 2541 ille
3175 2501 3298 2542 sero
3337 2486 3614 2541 ﬂoruisset
3650 2494 3713 2539 ut

439 2575 736 2636 'Fabricius
776 2580 880 2636 sibi
904 2580 1038 2636 velle
1071 2580 1303 2635 videtur.
1343 2581 1497 2636 Adde
1525 2582 1675 2636 illum
1702 2582 1863 2638 codd.
1890 2581 2189 2654 Scriptura:
2218 2595 2377 2636 usum
2401 2578 2573 2635 fuisse
2599 2577 2829 2632 nimium
2868 2574 3167 2645 corruptis,
3205 2574 3349 2643 quod
3378 2573 3569 2643 utique
3598 2587 3708 2627 non

426 2669 678 2724 iecisset
700 2666 1184 2740 post'Lucianeam
1233 2668 1551 2725 editionem.
1590 2667 1669 2723 Ex
1699 2671 1784 2726 liis
1810 2670 1955 2725 haud
1989 2670 2058 2725 ab
2103 2685 2163 2726 re
2186 2668 2441 2740 scriptori
2476 2675 2668 2722 nostro
2705 2664 2967 2722 saeculum
3016 2669 3274 2732 quartum
3319 2659 3709 2728 assignaveris.

529 2782 637 2836 VII.
676 2782 1049 2838 Cunlirmatur
1072 2782 1191 2838 haec
1224 2783 1401 2837 aetatis
1432 2782 1550 2853 ejus
1575 2784 1782 2854 epocba
1818 2800 1882 2839 ex
1920 2798 1988 2840 eo
2018 2782 2165 2855 quod
2192 2782 2371 2852 capite
2410 2780 2513 2835 l50
2548 2778 2795 2835 ultimam
2836 2774 3270 2848 persecutionem
3302 2770 3563 2828 Ecclesiae
3586 2770 3706 2824 illa-

444 2883 565 2927 tam
597 2880 994 2926 commemorat
1027 2871 1131 2926 sub
1156 2868 1380 2927 Juliano
1414 2872 1675 2941 Apostata
1708 2873 2028 2942 contigisse,
2052 2871 2307 2927 videlicet
2343 2869 2497 2924 circa
2530 2869 2598 2924 A.
2624 2865 2686 2922 C.
2716 2865 2843 2920 362.

529 2979 673 3036 VIII.
703 2978 959 3035 Nonnihil
987 2980 1151 3035 etiam
1188 2980 1475 3051 scriptoris
1515 2982 1687 3036 nostri
1718 2982 2027 3051 antiquitas
2053 2980 2491 3047 commendatur,
2524 2994 2589 3035 ex
2627 2993 2695 3033 eo
2725 2978 2871 3048 quod
2898 2991 3019 3047 cap.
3078 2974 3180 3031 I50
3213 2973 3491 3031 Christum
3519 2980 3709 3026 natum

454 3071 603 3125 dicat
629 3071 695 3123 A.
722 3068 791 3123 Μ.
816 3067 982 3134 5500,
1016 3083 1136 3138 qua:
1171 3068 1420 3123 videlicet
1446 3078 1533 3125 est
1553 3068 1866 3126 Graecorum
1893 3086 2003 3125 tera
2028 3069 2292 3127 historica
2319 3068 2589 3133 Africani,
2624 3068 2717 3139 qui
2753 3064 2941 3120 ﬂoruit
2972 3065 3120 3119 circa
3145 3063 3210 3116 A.
3246 3062 3309 3117 C.
3340 3061 3469 3123 220.
3492 3060 3711 3115 eadem-

455 3173 564 3229 que
594 3157 828 3211 maxime
857 3156 1002 3211 inter
1028 3155 1376 3212 Christianos
1401 3155 1619 3213 Graecos
1643 3158 1867 3227 antiqua
1900 3175 1913 3210 :
1946 3174 2110 3229 quam
2150 3166 2386 3213 exeunte
2424 3157 2645 3213 demum
2678 3154 2878 3211 sa‘culo
2915 3159 3111 3223 quarto
3134 3150 3235 3207 sub
3267 3148 3579 3206 Theodosio
3613 3149 3711 3202 ad-

445 3247 677 3303 modum
705 3242 1108 3315 lrcquentanda
1134 3244 1350 3315 excepit
1380 3259 1488 3299 aera
1513 3245 1689 3301 civilis
1709 3254 1934 3317 propter
1954 3245 2302 3303 indictiones.

526 3356 619 3414 IX.
654 3354 807 3411 Adde
828 3355 1066 3427 denique
1100 3370 1248 3424 eum,
1280 3357 1459 3427 capite
1488 3356 1612 3426 1M,
1657 3366 1738 3414 tot
1775 3357 1971 3415 aﬂ‘erre
2020 3362 2290 3431 μαντειῶν
2322 3361 2471 3417 varia
2502 3374 2700 3428 genera
2736 3373 2799 3413 ac
2839 3356 3086 3423 nomina,
3125 3363 3186 3410 ut
3226 3368 3348 3411 sese
3378 3336 3703 3422 scriptorem

442 3444 1125 3519 prodatmanifestissime
1154 3460 1218 3499 ea
1244 3454 1402 3500 aetate
1430 3445 1727 3512 viventem,
1748 3462 1856 3519 qua
1883 3449 2065 3505 adhuc
2087 3449 2450 3505 etbnicismus
2483 3450 2642 3519 longe
2674 3448 2885 3517 lateque
2911 3444 3291 3516 grassabatur,
3315 3451 3371 3498 et
3392 3439 3708 3512 superstitio

440 3537 662 3608 .passitn
690 3533 991 3590 obtinebat.
1026 3529 1141 3587 lloc
1166 3532 1236 3588 de
1274 3532 1543 3602 scriptore
1578 3536 1760 3606 quarti
1797 3551 1962 3607 quam
1990 3537 2261 3593 undecimi
2298 3536 2481 3593 saeculi
2506 3534 2844 3609 probabilius
2871 3534 3131 3590 allirmari
3156 3537 3355 3603 potest.

530 3646 598 3699 X.
630 3643 813 3700 Unum
851 3644 1046 3698 obesse
1067 3640 1302 3705 videtur,
1334 3643 1479 3713 quod
1512 3657 1631 3714 cap.
1678 3643 1801 3700 156.
1841 3645 2191 3718 Hippolytum
2219 3644 2542 3702 Thebanum
2574 3644 2769 3714 alleget
2801 3662 2815 3699 :
2850 3658 2917 3699 ex
2956 3656 3067 3714 quo
3115 3646 3374 3710 appareat
3406 3633 3705 3706 Josephum

458 3735 757 3790 inclinante
781 3731 982 3788 smculo
1023 3747 1075 3786 XI
1127 3730 1399 3786 ﬂoruisse.
1430 3732 1495 3785 Et
1524 3732 1640 3787 haec
1675 3746 1809 3787 sane
1844 3739 1985 3789 ratio
2009 3744 2114 3799 est,
2144 3751 2265 3807 qua:
2292 3734 2602 3792 Fabricium
2650 3749 2680 3789 a
2714 3732 2890 3789 Cavzei
2918 3732 3185 3786 sententla
3208 3726 3433 3783 divellit.
3466 3725 3537 3780 At
3568 3740 3708 3795 prte-

442 3838 708 3893 ‘tcrquam
738 3822 883 3893 quod
914 3821 1211 3877 Fabricius
1244 3821 1755 3891 ipsesubodoratus
1780 3834 1862 3880 est
1892 3827 1977 3895 (ε),
2006 3835 2173 3896 caput
2198 3825 2329 3880 illud
2364 3825 2597 3880 fortasse
2620 3820 3009 3878 assumendum
3036 3832 3158 3873 esse
3181 3816 3356 3871 aliena
3389 3828 3555 3868 manu
3577 3811 3704 3867 sub-

457 3915 708 3984 junctum
729 3951 744 3977 ,
777 3911 906 3965 dum
940 3910 1015 3964 ait
1044 3926 1057 3963 :
1087 3907 1146 3962 Si
1180 3917 1338 3977 caput
1370 3908 1474 3964 156
1508 3910 1573 3963 ab
1608 3910 1721 3979 ipso
1759 3922 1973 3966 auctore
2003 3924 2110 3979 est;
2141 3913 2243 3967 alia
2279 3912 2442 3968 etiam
2475 3912 2675 3966 fatetur
2700 3924 2820 3979 qua:
2848 3923 2911 3963 ex
2952 3921 3109 3976 aequo
3149 3902 3443 3959 illiusmodi
3479 3910 3701 3956 senten-

464 4003 595 4057 tiam
631 4010 685 4055 et
710 3998 1035 4071 ltypotltesin
1059 4006 1327 4052 evertant.
1371 3997 1449 4053 llli
1477 3998 1623 4055 enim
1660 4001 1887 4069 perinde
1910 4012 2075 4071 atque
2109 4003 2269 4057 nobis
2298 4002 2386 4056 via
2417 4000 2651 4055 ineunda
2682 4007 2850 4062 esset,
2882 4004 2941 4050 ut
2974 3996 3112 4050 ratio
3142 3992 3403 4049 reddatur
3428 3989 3705 4063 quomodo

461 4090 697 4163 potuerit
729 4087 1050 4142 Theodorus
1081 4084 1519 4152 Cantuariensis,
1557 4086 1650 4157 qui
1684 4087 1821 4142 obiit
1845 4104 1989 4144 anno
2007 4090 2136 4155 690,
2168 4090 2220 4144 in
2256 4089 2505 4160 Angliam
2542 4088 2753 4159 primus
2777 4083 3030 4140 attulisse
3058 4080 3435 4153 apagraphum
3456 4078 3704 4135 hominis

459 4182 551 4251 qui
580 4177 779 4234 saeculo
811 4191 863 4230 ιι
922 4173 1216 4229 inclinante
1247 4172 1494 4231 ﬂorebat.
1532 4175 1803 4248 Quidquid
1834 4177 1919 4232 ille
1950 4178 2316 4249 responderit,
2342 4192 2444 4232 nos
2484 4176 2768 4248 ltypotbcsl
2803 4180 3004 4228 nostra:
3031 4167 3595 4225 accommodaremus.

528 4288 624 4345 Xl.
660 4287 765 4343 Sed
798 4300 987 4342 revera
1025 4296 1187 4357 caput
1220 4285 1350 4340 illud
1384 4301 1505 4341 esse
1529 4302 1743 4342 merum
1774 4288 2207 4344 additamentum
2239 4288 2418 4344 aliena
2452 4302 2620 4342 manu
2654 4292 2905 4341 assutum
2931 4280 3127 4339 exinde
3153 4280 3341 4351 liquet,
3378 4279 3522 4349 quod
3552 4294 3706 4348 supe-

460 4378 589 4436 riori
617 4379 727 4449 jam
749 4391 874 4448 cap.
905 4375 1030 4430 155.
1057 4372 1323 4430 Joannem
1357 4386 1410 4430 et
1438 4374 1764 4430 Zachariam
1798 4391 1950 4430 more
1990 4392 2088 4431 suo
2119 4374 2631 4431 commemoraver'rt
2670 4392 2683 4427 :
2718 4370 3059 4428 brevissimis
3092 4383 3288 4439 nempe
3318 4368 3499 4423 verbis
3523 4377 3575 4422 ct
3609 4382 3705 4437 per

460 4465 984 4537 interrogationem;
1022 4463 1110 4517 bic
1141 4478 1271 4517 vero
1309 4470 1517 4517 mutata
1556 4463 1881 4534 epigrapltes
1918 4477 2081 4517 scena
2134 4471 2188 4518 et
2216 4463 2425 4518 ratione
2454 4458 3039 4524 dicendi,ltistoricum
3075 4455 3539 4526 apospasmatium
3575 4470 3702 4522 pro-

458 4557 584 4611 lixis
603 4554 689 4610 sui
720 4552 962 4608 auctoris
993 4550 1178 4606 verbis
1211 4549 1457 4605 aﬂ'ertur.
1485 4550 1598 4605 Hoc
1627 4550 1925 4606 discrimen
1957 4558 2336 4605 assumentum
2370 4548 2501 4604 illud
2522 4563 2644 4604 esse
2674 4547 2889 4603 abunde
2918 4544 3138 4614 prodit:
3165 4542 3440 4611 simulque
3467 4539 3703 4595 ostendit

459 4656 675 4712 tempus
703 4639 963 4709 descripti
1006 4638 1150 4694 illius
1181 4637 1408 4705 codicis,
1438 4645 1491 4693 et
1518 4637 1677 4708 cujus
1706 4638 1884 4693 aetatis
1917 4638 2133 4693 codices
2174 4637 2583 4709 suppeditarint
2613 4635 2973 4706 fragmentum
3020 4630 3149 4687 illud
3184 4628 3423 4700 Josepho
3471 4625 3704 4697 subjun-

454 4742 625 4799 cutm,
658 4728 837 4787 saeculi
871 4742 1064 4799 nempe
1101 4743 1136 4781 χ
1175 4736 1235 4782 ιιι
1258 4727 1551 4782 Βωτηετυε
1576 4728 1631 4781 in
1660 4728 1812 4797 przel‘.
1834 4742 1864 4782 a
1893 4725 2144 4782 Fabricio
2176 4727 2434 4797 allegatus
2465 4723 2733 4796 perbibet.

531 4841 643 4895 ΧΠ.
666 4839 742 4893 Es
757 4839 825 4895 iis
838 4854 959 4911 qua:
979 4839 1261 4893 attulimus
1280 4838 1850 4896 animadversionibus
1871 4837 2239 4903 cum‘uostris,
2265 4846 2376 4892 tum
2400 4837 2639 4891 virorum
2659 4833 3018 4897 eruditorum,
3036 4828 3239 4899 liquido
3264 4834 3508 4897 apparet.
3530 4842 3627 4881 "05
3648 4827 3699 4882 '"I

456 4947 574 4985 eam
605 4928 936 4983 sententiam
985 4942 1160 4997 prono
1205 4928 1388 4983 animo
1425 4927 1696 4993 inclinari,
1734 4941 1857 4997 quae
1901 4926 2201 4997 Josepltum
2234 4927 2378 4983 hunc
2423 4926 2799 4982 Christianum
2830 4921 3102 4977 mediante
3130 4918 3329 4973 szeculo
3362 4925 3560 4987 quarto
3598 4917 3700 4972 flo-

458 5019 635 5073 ruisse
663 5016 939 5086 o‘piuatur.
965 5016 1034 5070 At
1057 5016 1309 5086 quisnam
1347 5016 1392 5071 is
1420 5013 1607 5081 fuerit,
1636 5016 1794 5086 longe
1825 5015 2006 5073 adhuc
2028 5016 2299 5074 difficilior
2328 5028 2383 5073 et
2413 5016 2727 5087 impeditior
2756 5012 2987 5083 quaestio
3014 5019 3115 5066 est.
3150 5008 3371 5063 Cavaaus
3402 5008 3522 5063 loco
3544 5022 3702 5076 supc-

456 5112 568 5161 rius
584 5105 821 5160 excitato
838 5104 1055 5159 scribit:
1086 5102 1234 5175 Stepe
1257 5105 1380 5158 oliui
1397 5105 1698 5173 suspicatus
1721 5121 1835 5159 sum
1865 5104 2001 5159 hunc
2016 5121 2114 5159 non
2133 5106 2297 5159 alium
2317 5098 3134 5175 fuisse,qnamlosephumillum
3151 5096 3698 5166 Tiberiadensem,qui

453 5214 519 5251 es
546 5193 858 5249 Judworum
892 5194 1152 5264 apostolo,
1180 5210 1270 5248 seu
1304 5210 1565 5249 assessore
1588 5194 1975 5262 patriorchali,
2004 5195 2179 5263 factus
2210 5204 2288 5249 est
2323 5193 2691 5255 Christianus,
2731 5200 2782 5244 ct
2818 5207 2847 5242 η
2881 5187 3229 5243 Constantino
3278 5183 3355 5239 Μ.
3388 5184 3458 5237 ad
3488 5185 3695 5239 comitis

453 5284 765 5355 dignitatem
796 5290 1018 5336 evectus.
1052 5282 1130 5337 De
1156 5283 1308 5352 cujus
1339 5284 1670 5337 conversione
1700 5282 1755 5337 et
1786 5284 2005 5353 egregiis
2044 5301 2165 5355 erga
2207 5281 2501 5336 Ecclesium
2530 5280 2734 5334 meritis
2767 5278 2901 5330 mira
2928 5276 3104 5345 plane,
3142 5283 3299 5343 atque
3326 5274 3459 5327 satis
3490 5273 3695 5339 prolixe

452 5380 641 5427 narrat
673 5368 1005 5440 Epiphanius
1041 5370 1131 5441 (Γ).
1173 5372 1214 5424 A
1260 5386 1356 5427 sua
1388 5380 1569 5425 tamen
1606 5372 1874 5426 sententia
1911 5373 2136 5426 recessit
2168 5370 2230 5425 V.
2264 5369 2326 5424 C.
2364 5371 2463 5424 ltac
2496 5368 2750 5422 inductus
2775 5363 3212 5419 ratiocinatione.
3240 5358 3387 5417 Obiit
3420 5360 3694 5417 Constan-

455 5462 601 5515 tinus
625 5459 697 5514 Μ.
723 5474 867 5513 anno
904 5458 1030 5524 557,
1062 5468 1187 5512 ante
1210 5474 1368 5528 quem
1397 5468 1547 5513 certe
1571 5458 1637 5511 ad
1661 5459 1876 5513 comitis
1906 5458 2224 5529 dignitatem
2257 5458 2458 5527 Joseplt
2478 5458 2567 5511 ille
2590 5454 2926 5510 Tiberiensis
2956 5452 3111 5507 evelti
3139 5452 3345 5507 debuit.
3374 5451 3506 5505 Cum
3526 5462 3693 5519 porro

450 5548 545 5602 ille
585 5546 886 5616 peuultimo
923 5544 1041 5599 loco
1074 5544 1519 5601 Macedonianant
1568 5546 1817 5603 litercsim
1852 5557 2265 5613 commemoret,
2311 5546 2773 5615 Maccdoniusque
2826 5541 3023 5597 obierit
3060 5554 3152 5596 an.
3188 5539 3321 5604 560,
3362 5553 3425 5594 ac
3469 5534 3694 5592 haeresis

519 5780 597 5857 (ᾳ)
634 5780 813 5857 ψη,
841 5795 1021 5857 contr.
1049 5784 1271 5857 Appian.
2202 5786 2281 5857 (tl)
2320 5786 2379 5840 In
2406 5783 2558 5857 apol.
2586 5782 2707 5857 adv.
2744 5780 2925 5857 llulin.

523 5845 598 5923 (ὑ)
637 5851 709 5924 μ.
743 5845 929 5924 Εηιίι».
960 5872 1030 5919 vt,
1062 5845 1236 5909 ci'Qi.

2198 5845 2275 5924 (ω’
2300 5856 2359 5908 Β.
2392 5845 2465 5909 (ἐξ
2490 5866 2636 5924 lout.
2660 5852 2726 5917 Χ,
2753 5869 2873 5922 pag.
2906 5852 3022 5907 109.

520 5921 593 5995 (ε)
625 5922 752 5993 Cal“
782 5922 901 5977 19°3-
2199 5921 2266 5996 (f)
2299 5927 2377 5980 Ad
2408 5924 2600 5978 liliiou.
2628 5921 2763 5978 ltrer.
2796 5921 2925 5991 ω,
2956 5936 3105 5975 num.
3137 5921 3168 5975 4
3190 5934 3343 5989 seqq.
