4050 6632
387 499 453 566 13
1858 492 2190 553 NOTITIA.
3578 492 3642 557 tt

383 612 531 667 illius
557 608 823 665 damnata
855 607 1072 664 demum
1109 604 1272 662 fuerit
1305 620 1397 661 an.
1426 604 1631 674 381,in
1662 603 1872 676 synodo
1898 603 2240 660 oecumenica
2274 606 2511 660 secunda
2551 624 2563 660 :
2603 607 2687 662 vix
2717 608 2869 664 credi
2926 618 3106 681 potest
3134 609 3485 679 superstitem
3512 618 3644 667 tunc

384 699 563 754 adhuc
587 696 759 752 fuisse
798 693 1094 766 Josephum
1136 702 1411 759 nostrum,
1457 693 1551 764 qui
1587 707 1734 749 anno
1771 691 1884 763 jam
1930 691 2065 757 555,
2099 708 2207 763 quo
2243 691 2583 763 Epiphanius
2630 696 2773 751 aedes
2816 697 2964 753 illius
3011 698 3146 754 adiit
3191 699 3255 753 ad
3292 696 3642 753 invisendum

387 786 682 843 Eusebium
712 784 1118 841 Vercellensem
1150 782 1293 852 apud
1320 782 1472 837 illum
1496 781 1887 853 hospitantem,
1913 780 2185 851 decrepita
2211 781 2324 852 jam
2360 792 2477 837 erat
2502 793 2681 848 aetate,
2711 800 2885 842 annos
2911 796 3076 842 natus
3104 786 3324 842 circiter
3356 785 3446 841 70.
3486 784 3646 840 Fuis-

386 884 469 931 set
494 874 640 929 enim
670 873 891 944 quando
925 871 1218 926 damnatus
1248 879 1333 925 est
1368 868 1721 925 Macedonius
1750 882 2022 924 annorum
2060 870 2279 927 circiter
2316 869 2406 927 96.
2437 872 2590 928 Adde
2616 875 2892 930 recenseri
2923 875 2993 931 ab
3023 875 3117 930 illo
3146 876 3337 930 ultimo
3376 876 3496 931 loco
3528 875 3643 928 An-

391 960 904 1033 tltropomorphitas
934 958 1245 1024 haereticos,
1278 973 1513 1029 quorum
1544 956 1743 1028 placita
1776 958 1919 1012 inter
1953 958 2252 1014 monachos
2280 959 2469 1015 Nitriae
2493 959 2785 1017 fervebant
2819 962 3056 1018 maxime
3089 978 3233 1018 anno
3253 964 3376 1019 599.
3403 962 3532 1017 Haec
3565 977 3649 1017 ra-

390 1052 613 1107 tiocinia
658 1051 941 1106 hominem
984 1048 1260 1104 eruditum
1297 1047 1683 1102 deterruerunt
1711 1060 1741 1099 a
1782 1045 1955 1116 priori
1997 1047 2286 1112 sententia,
2325 1058 2731 1121 suaseruntque
2767 1058 3021 1123 reputare
3052 1048 3350 1122 Josephum
3385 1060 3635 1107 nostrum

386 1140 556 1195 alium
584 1155 617 1195 a
650 1138 958 1194 Tiberiensi
992 1136 1299 1208 Epiphanio
1328 1136 1431 1207 ipsi
1462 1142 1971 1191 commemoratum.

459 1250 602 1306 Xlll.
647 1248 779 1314 Sed,
815 1258 873 1305 ut
903 1249 1047 1319 quod
1079 1262 1193 1303 rem
1228 1261 1353 1303 esse
1389 1253 1542 1318 puto,
1576 1244 1735 1300 fateri
1764 1243 1925 1300 velim
1977 1244 2093 1302 bace
2130 1258 2450 1319 argumenta
2480 1251 2623 1320 apud
2657 1264 2742 1305 me
2771 1251 2905 1306 tanti
2942 1265 3051 1305 non
3084 1258 3233 1315 sunt,
3259 1258 3320 1305 ut
3346 1248 3646 1320 Josephum

387 1339 773 1395 Christianum
818 1353 848 1391 a
878 1335 1183 1392 Tiberiensi
1227 1350 1516 1391 secernere
1550 1348 1736 1402 cogar.
1780 1331 1979 1388 Fateor
2017 1346 2108 1391 an.
2152 1336 2375 1393 demum
2428 1339 2525 1394 581
2578 1341 2894 1394 damnatam
2929 1339 3546 1407 haeresim-Macedonii;
3579 1354 3647 1394 an

387 1428 617 1498 proinde
646 1435 774 1480 ante
796 1440 1001 1479 annum
1030 1424 1182 1479 illum
1216 1431 1471 1494 tanquam
1508 1420 1753 1477 haeretici
1786 1419 2017 1491 produci
2045 1435 2153 1475 non
2184 1431 2482 1492 potuerunt
2514 1439 2778 1494 sequaces
2803 1424 2986 1480 illius?
3013 1423 3266 1480 Concedo
3291 1424 3431 1480 inter
3460 1439 3647 1478 mona-

386 1518 524 1574 chos
547 1515 740 1570 Nitriae
766 1522 1095 1585 grassatam,
1132 1526 1279 1568 anno
1324 1506 1560 1566 maxime
1596 1509 1723 1572 599,
1773 1508 2449 1581 Anthropomorphiticam
2478 1513 2763 1581 haeresim;
2812 1529 2992 1569 annon
3064 1513 3295 1583 proinde
3330 1523 3458 1570 ante
3491 1514 3644 1569 illum

389 1620 594 1660 annum
634 1604 780 1659 inter
807 1602 1099 1658 haereticos
1139 1599 1350 1657 censeri
1393 1606 1716 1670 potuerunt,
1743 1613 1865 1654 cum
1904 1598 2208 1667 praesertim
2249 1599 2580 1656 haberentur
2605 1616 2703 1671 pro
2752 1602 2970 1657 sarculo
3012 1601 3455 1667 Maniclrworum,
3488 1610 3543 1657 et
3574 1605 3643 1657 ab

389 1694 713 1751 orthodoxis
737 1697 1079 1751 evitarentur
1100 1693 1285 1747 statim
1320 1690 1391 1746 ab
1425 1689 1600 1746 Audei
1633 1690 1811 1756 obitu,
1839 1689 1933 1758 qui
1962 1694 2213 1743 mortuus
2237 1694 2324 1742 est
2356 1702 2445 1742 an.
2475 1688 2622 1743 370?
2655 1689 2818 1755 Quid,
2847 1690 2994 1761 quod
3019 1690 3430 1747 Macedoniana:
3453 1700 3509 1745 et
3532 1692 3641 1755 An-

388 1782 929 1853 thr0p0morphiticae
966 1780 1196 1835 haeresis
1225 1778 1679 1833 commemoratio
1706 1777 2140 1833 additamentum
2171 1788 2293 1829 esse
2316 1784 2514 1843 potest,
2552 1777 2695 1845 quod
2730 1792 2798 1831 ex
2827 1778 3079 1849 margine
3116 1779 3169 1833 in
3213 1787 3422 1833 textum
3465 1779 3648 1833 immi-

390 1870 583 1940 grarit,
625 1870 771 1940 quod
804 1869 934 1924 item
959 1868 1025 1924 de
1058 1866 1252 1924 ltaaresi
1285 1865 1787 1937 Ἀνθρωπολατρῶν
1810 1863 2073 1935 judicium
2104 1861 2217 1919 ﬁeri
2256 1872 2455 1935 queat,
2503 1863 2548 1918 si
2590 1864 2808 1935 quidem
2846 1866 3038 1922 subeo
3068 1866 3292 1922 nomine
3334 1864 3649 1924 Nestoriani
3712 1902 3728 1939 κ

388 1959 654 2016 veniunt?

462 2066 604 2123 XIV.
630 2065 816 2138 Nequa
836 2066 1002 2121 etiam
1031 2065 1306 2121 hominem
1341 2064 1410 2121 ad
1442 2081 1536 2121 sex
1569 2072 1623 2119 et
1654 2062 1950 2134 nonaginta
1977 2061 2155 2117 aetatis
2177 2076 2350 2117 annos
2378 2077 2537 2132 posse
2560 2064 2843 2133 pervenire
2868 2066 3187 2124 incredibile
3210 2068 3503 2124 admodum
3530 2079 3612 2126 est
3636 2089 3650 2126 :

396 2156 698 2228 praesertim
729 2171 853 2210 eum
895 2154 1234 2224 Epiphanius
1262 2152 1409 2209 idem
1443 2153 1532 2208 ille
1560 2152 1678 2223 ipse
1709 2151 1918 2206 amicus
1939 2159 1995 2205 et
2029 2149 2230 2218 hospes
2260 2147 2481 2218 Josephi
2518 2148 2875 2219 Tiberiensis,
2905 2156 3127 2223 quando
3150 2156 3320 2212 cessit
3349 2156 3509 2212 CPoli
3552 2159 3654 2214 sub

391 2244 647 2310 Arcadio,
677 2253 840 2298 natus
873 2252 1025 2297 esset
1065 2256 1241 2297 annos
1276 2240 1376 2295 115
1417 2255 1484 2295 ac
1508 2255 1729 2295 menses
1765 2249 1900 2301 tres,
1948 2246 2007 2291 ut
2050 2246 2201 2293 notat
2231 2238 2371 2292 idem
2407 2237 2636 2293 Cavaeus
2678 2240 2733 2293 in
2768 2240 2859 2295 illo
2888 2241 2988 2313 (a).
3019 2242 3153 2299 Cum
3179 2260 3343 2315 porro
3372 2262 3477 2302 non
3511 2248 3655 2305 alius

394 2332 703 2388 innotescat
737 2346 834 2401 per
872 2345 936 2385 ea
965 2339 1209 2400 tempora
1260 2328 1347 2384 cui
1392 2328 1587 2384 melius
1613 2336 1880 2399 congruat
1904 2324 2393 2397 hypomnesticon,
2434 2342 2598 2396 quam
2632 2326 2910 2399 Josephus
2947 2332 3038 2387 ille
3073 2332 3435 2401 Tiberiensis,
3466 2351 3568 2393 ttos
3599 2337 3653 2391 in

393 2418 498 2475 hac
527 2430 685 2490 parte
714 2418 788 2480 Is.
815 2416 1072 2475 Vossium
1097 2416 1405 2488 sequimur,
1435 2416 1526 2487 qui
1557 2425 1801 2471 nostrum
1835 2413 2132 2485 Josephum
2162 2428 2193 2468 a
2228 2413 2536 2471 'l‘iberiensi
2575 2415 2662 2471 ille
2696 2432 2803 2472 non
2823 2417 3107 2476 discernit.

465 2530 584 2586 XV.
626 2530 782 2586 Hune
800 2531 902 2588 sub
938 2529 1162 2601 Iosephi
1201 2529 1421 2587 comitis
1447 2529 1667 2584 nomine
1692 2526 1853 2598 vulgo
1887 2526 2129 2599 agnosci,
2162 2537 2217 2581 et
2250 2527 2393 2581 inter
2412 2538 2631 2584 sanctos
2668 2529 2897 2586 relatum
2920 2547 3088 2588 essea
3112 2532 3316 2591 Grazcis
3342 2533 3660 2608 Latinisque

394 2629 633 2686 constat,
659 2619 818 2690 cujus
848 2617 1359 2675 commemorationi
1389 2619 1664 2687 assignata
1686 2616 1801 2671 dies
1824 2615 1896 2669 22
1949 2613 2080 2670 Julii
2113 2615 2208 2689 (b).
2249 2616 2322 2672 Ex
2356 2617 2592 2688 ipsomet
2612 2617 2853 2691 Josepho
2876 2621 3064 2677 didicit
3092 2622 3213 2693 ejus
3242 2626 3409 2680 vitam
3442 2624 3501 2681 S.
3526 2625 3660 2696 Epi-

395 2709 655 2780 phanius,
689 2720 744 2765 et
776 2711 829 2764 in
866 2724 967 2765 suo
1000 2708 1243 2763 Panario
1269 2706 1467 2773 refert,
1509 2721 1574 2762 ex
1610 2720 1723 2776 quo
1755 2705 1936 2761 caeteri
1961 2705 2291 2772 hauserunt,
2319 2704 2538 2778 Fleury,
2570 2706 2784 2773 Baillct,
2810 2717 2917 2765 etc.
2942 2710 3170 2766 Summa
3200 2727 3265 2767 eo
3293 2715 3454 2769 redit.
3486 2711 3660 2768 Natus

396 2809 480 2855 est
507 2797 774 2868 JOSCPIIUS
802 2800 869 2853 A.
895 2798 959 2855 C.
989 2797 1120 2863 286,
1144 2797 1436 2854 Tiberiade
1472 2796 1695 2851 civitate
1720 2794 2044 2858 Paltestinze,
2081 2809 2147 2849 ex
2178 2793 2378 2848 illustri
2422 2795 2565 2850 inter
2599 2794 2819 2853 Judaeos
2865 2797 3106 2864 familia,
3147 2801 3493 2873 apostolique
3515 2804 3658 2874 apud

396 2903 587 2943 eorum
636 2888 1003 2957 patriarcham
1043 2885 1293 2942 llillelem
1338 2899 1552 2940 munus
1605 2884 1811 2940 obibat.
1849 2883 1983 2939 Cum
2020 2884 2073 2937 in
2121 2882 2507 2952 gravissimum
2542 2884 2795 2940 morbum
2841 2887 3123 2945 incidisset
3152 2888 3334 2957 llillel,
3368 2890 3661 2948 accersivit

401 2977 642 3033 vicinum
674 2975 983 3032 Tiberiadis
1014 2975 1353 3045 episcopum,
1383 2989 1413 3028 a
1441 2987 1549 3044 quo
1578 2972 1829 3027 sanitatis
1861 2971 2088 3027 obtentu
2125 2972 2455 3041 baptismum
2490 2975 2717 3047 recepit.
2754 2975 2810 3033 id
2846 2978 2984 3033 clam
3015 2980 3330 3036 observavit
3358 2981 3658 3053 Josephus,

400 3068 495 3136 qui
522 3066 689 3122 etiam
726 3066 862 3122 vidit
895 3065 1052 3123 llillel
1089 3064 1234 3121 haud
1263 3080 1486 3136 parvam
1518 3062 1641 3118 auri
1682 3063 1789 3116 vim
1834 3062 2050 3117 dedisse
2078 3062 2357 3131 episeopo,
2402 3072 2461 3116 ut
2505 3077 2604 3131 pro
2636 3079 2695 3119 se
2731 3065 3062 3123 oblationem
3103 3068 3326 3125 faceret.
3362 3069 3535 3128 Biduo
3566 3074 3663 3128 tri-

400 3159 579 3212 duove
610 3166 757 3228 post,
785 3160 893 3212 vita
917 3154 1336 3221 lunctollillele,
1367 3164 1651 3226 parentem
1689 3151 1838 3206 illum
1874 3150 2112 3206 suumin
2148 3148 2497 3219 patriarchali
2534 3150 2801 3222 dignitate
2836 3151 3006 3209 Judas
3040 3154 3185 3210 ﬁlius
3220 3156 3664 3216 adolescentulus

400 3246 633 3317 excepit.
663 3245 871 3301 Interea
900 3243 1103 3315 Joseph
1126 3254 1180 3300 et
1205 3243 1427 3299 tutelam
1456 3244 1610 3313 pueri
1650 3250 1704 3296 et
1730 3238 2267 3295 administrationem
2308 3238 2756 3307 patriarchalium
2801 3257 3087 3297 munerum
3128 3244 3334 3301 obibat.
3379 3244 3455 3300 Ex
3483 3263 3550 3301 eo
3576 3247 3663 3302 fa-

401 3340 545 3387 ctum
569 3342 673 3396 est,
712 3342 772 3387 ut
813 3348 909 3402 spe
943 3331 1288 3387 invenienda:
1326 3344 1542 3403 magna:
1586 3328 1829 3397 pecuniae
1868 3326 2313 3398 gazOphylacium
2351 3325 2669 3382 Tiberiense
2708 3329 2965 3399 aperiret,
3010 3345 3109 3385 nec
3141 3339 3326 3387 tamen
3357 3334 3463 3389 nisi
3492 3335 3662 3391 libros

401 3422 666 3491 repererit
695 3440 709 3476 :
744 3421 886 3475 inter
918 3435 1057 3491 quos
1087 3418 1314 3474 Joannis
1346 3416 1701 3490 Evangelium
1739 3424 1794 3472 et
1832 3415 1967 3470 Acta
1999 3415 2378 3482 apostolorum
2419 3412 2687 3471 Hebraice
2728 3416 3023 3488 descripta.
3048 3419 3183 3475 Cum
3220 3421 3388 3477 Judas
3416 3423 3468 3477 in
3500 3439 3663 3479 omne

404 3508 617 3566 facinus
640 3509 980 3581 proﬂigatus,
1001 3509 1237 3565 evidenti
1260 3508 1348 3564 Dei
1372 3508 1615 3579 potentia
1639 3506 1782 3578 turpi
1806 3504 2223 3577 spececidisset,
2242 3498 2465 3572 Joscphi
2484 3502 2729 3557 animum
2750 3520 2838 3559 res
2866 3504 2957 3559 illa
2980 3521 3151 3577 usque
3169 3508 3305 3562 adeo
3323 3509 3575 3579 perculit,
3606 3521 3667 3565 ut

403 3599 627 3670 quietus
680 3614 958 3668 nunquam
992 3598 1338 3653 consisteret.
1370 3597 1463 3651 Dei
1494 3597 1656 3651 etiam
1682 3596 1894 3650 monitu
1915 3593 2116 3665 saepius
2140 3599 2371 3647 vocatus
2402 3601 2460 3645 ut
2487 3591 2543 3646 in
2566 3591 2845 3648 Christum
2882 3595 3156 3664 crederet;
3193 3597 3410 3652 tandem
3442 3614 3667 3669 asperso

401 3701 769 3757 cnergumeno
806 3701 947 3757 aqua
967 3683 1121 3757 signo
1145 3685 1326 3741 crucis
1359 3701 1389 3740 a
1426 3700 1485 3740 se
1518 3684 1804 3740 benedicta
1835 3683 1902 3738 ad
1947 3680 2251 3753 perieulum
2288 3679 2410 3733 ﬁdei
2443 3680 2796 3750 capiendum,
2822 3684 2892 3738 ab
2922 3699 3100 3754 eoque
3124 3685 3372 3741 daemone
3404 3688 3658 3759 expulso,

400 3775 728 3846 vulgataque
751 3790 849 3845 per
874 3773 1063 3830 urbem
1093 3773 1397 3841 miraculo;
1440 3774 1586 3844 quod
1628 3782 1811 3827 tamen
1850 3770 2023 3826 Judaei
2066 3776 2327 3840 putarunt
2358 3767 2510 3823 illum
2555 3778 2906 3841 perpetrasse
2941 3789 3007 3828 ex
3050 3776 3503 3843 pronuntiatione
3534 3787 3588 3833 et
3618 3779 3669 3832 vi

402 3862 641 3918 nominis
668 3860 1133 3932 tetragrammati;
1158 3859 1395 3931 Spiritus
1417 3860 1591 3916 sancti
1621 3860 1858 3931 impulsu
1875 3857 2102 3930 pronius
2118 3857 2185 3913 ad
2204 3857 2365 3913 [idem
2381 3857 2630 3914 animum
2651 3859 2977 3917 inclinavit:
3006 3878 3105 3920 nec
3120 3874 3299 3921 tamen
3324 3866 3430 3923 nisi
3462 3867 3673 3939 aliquot

400 3960 527 4020 post
555 3966 728 4006 annos
757 3949 1025 4021 baptizari
1060 3964 1179 4005 sese
1206 3964 1401 4017 passus
1425 3958 1530 4004 est.

470 4066 839 4122 XVlJntcrea
861 4081 986 4122 cum
1016 4065 1069 4120 in
1101 4064 1345 4121 Ciliciam
1372 4064 1613 4121 venisset
1638 4079 1706 4120 ex
1725 4078 1949 4121 munere
1979 4064 2062 4120 sui
2102 4062 2315 4121 Judaici
2336 4065 2703 4138 apestolatus,
2723 4067 2792 4123 ab
2820 4067 3079 4139 episeopo
3111 4067 3349 4125 civitatis
3384 4069 3671 4140 cujusdam

400 4154 695 4226 Evangelia
727 4154 952 4226 legenda
976 4154 1208 4224 accepit.
1236 4151 1482 4209 Vexatus
1509 4168 1541 4207 a
1568 4153 1683 4210 suis
1718 4153 1785 4206 ad
1828 4152 2251 4207 Constantinum
2281 4154 2352 4209 M.
2385 4170 2443 4210 se
2467 4157 2696 4227 recepit,
2719 4172 2749 4211 a
2771 4172 2882 4228 quo
2915 4156 3136 4212 comitis
3165 4158 3488 4229 dignitatem
3516 4160 3665 4213 obti-

400 4247 545 4312 nuit,
573 4262 638 4302 ae
668 4248 879 4303 veniam
905 4256 1167 4316 praeterea
1208 4243 1654 4300 aadilicandorum
1682 4243 2036 4312 templorum.
2069 4243 2228 4297 Anno
2251 4243 2359 4297 555'
2394 4243 2693 4300 Eusebium
2714 4245 3124 4300 Vercellenscm
3153 4246 3350 4300 exsilio
3374 4246 3671 4317 profugum

402 4332 459 4390 in
483 4338 625 4391 aedes
657 4352 784 4391 snas
810 4336 1034 4406 recepit,
1061 4334 1127 4389 ad
1155 4348 1319 4404 quem
1348 4332 1691 4388 invisendum
1720 4330 1968 4402 sequenti
1994 4345 2141 4385 anno
2176 4329 2282 4385 556
2317 4331 2607 4386 ventitavit
2647 4329 2705 4385 S.
2736 4331 3100 4401 Epiphanius.
3123 4333 3254 4387 Erat
3288 4341 3418 4387 tunc
3443 4331 3669 4401 Josepli,

402 4425 577 4479 relatu
609 4423 668 4480 S.
701 4423 971 4488 Doctoris,
996 4438 1171 4479 annos
1230 4431 1395 4477 natus
1428 4421 1524 4488 70;
1558 4435 1729 4491 quare
1764 4429 1819 4475 ct
1843 4418 2077 4475 natalem
2118 4417 2240 4488 ejus
2277 4418 2343 4472 ad
2378 4434 2583 4473 annum
2616 4418 3065 4490 consignavimus
3100 4418 3232 4474 286.
3264 4419 3430 4474 Beato
3452 4422 3673 4476 tandem

403 4514 513 4569 line
539 4513 820 4585 quievisse
844 4529 910 4568 ex
938 4526 1003 4568 eo
1039 4511 1344 4577 erudimur,
1367 4511 1511 4582 quod
1543 4510 1684 4565 inter
1712 4518 1933 4564 sanctos
1958 4507 2026 4562 ab
2045 4508 2286 4564 Ecclesia
2317 4509 2507 4565 referri
2534 4509 2806 4565 videatur.

478 4618 639 4675 XVII.
663 4620 851 4675 Editus
879 4629 963 4675 est
989 4619 1225 4690 primum
1252 4615 1472 4689 Josephi
1491 4616 1725 4671 Libellus
1754 4615 2073 4670 memorialis
2096 4632 2125 4670 a
2150 4616 2403 4674 Fabricio
2436 4619 2488 4672 in
2524 4617 2656 4673 Cod.
2688 4617 2949 4689 Pseudep.
2991 4618 3190 4676 Veteris
3222 4620 3539 4675 Testamenli
3562 4621 3632 4692 (ε)
3659 4643 3673 4676 :

401 4710 550 4765 unde
590 4718 644 4765 et
680 4725 780 4764 nos
812 4710 1151 4780 accepimus.
1175 4707 1494 4764 Vcrsionem
1522 4717 1705 4762 tamen
1736 4715 1979 4761 nostram
2000 4705 2397 4761 adornavimus
2422 4706 2493 4761 ob
2526 4706 2796 4765 rationem
2818 4708 2946 4762 alibi
2977 4723 3120 4778 Saepe
3144 4713 3676 4764 commemoratam:

401 4808 569 4868 atque
600 4798 680 4853 sic
714 4805 921 4853 textum
964 4797 1113 4852 illius
1144 4795 1546 4859 ordinavimus,
1581 4803 1639 4849 ut
1666 4795 1931 4850 lectorum
1969 4793 2265 4849 commodo
2297 4792 2534 4847 maxime
2578 4793 2997 4850 inserviremus.
3034 4795 3082 4850 Is
3110 4796 3427 4867 quicunque
3450 4798 3672 4853 demunt

401 4884 594 4951 fuerit,
621 4894 717 4940 aut
742 4899 1074 4955 quacunque
1096 4884 1313 4939 tandem
1342 4892 1501 4939 aetate
1523 4883 1743 4946 vixerit,
1773 4882 1990 4938 erudita
2026 4882 2198 4936 multa
2228 4882 2387 4937 nobis
2418 4882 2731 4952 suppeditat
2752 4882 2881 4938 alibi
2910 4883 3144 4940 fortasse
3175 4901 3286 4941 non
3322 4884 3676 4941 invenienda.

405 4971 629 5028 Utinam
664 4974 730 5029 ad
760 4989 861 5029 nos
897 4974 1110 5043 integer
1144 4971 1515 5042 pervenisset!
1551 4969 1862 5041 autaliquis
1891 4970 1976 5025 vir
2003 4969 2197 5027 doctus
2239 4980 2293 5024 et
2323 4968 2528 5027 laboris
2555 4972 2768 5042 patiens
2791 4972 2962 5028 simili
2992 4984 3191 5030 conatu
3217 4974 3490 5045 jacturam
3518 4975 3681 5032 nobis

411 5063 731 5118 resarciret.

483 5259 535 5319 (τι
590 5258 716 5329 Pag.
750 5256 874 5313 H7.

483 5259 563 5402 (si
602 5328 814 5385 Baillct.

2163 5254 2235 5328 (ε)
2260 5253 2388 5329 Pag.
2419 5256 2544 5311 537.

646 5345 814 5385 ειιιιυι.
2174 5365 2181 5371 -
