4050 6622
431 501 505 564 18
1914 507 2213 570 ΙΟεΕΡῙἾ
3622 509 3688 576 16

1597 821 2536 956 ΙΩΣΗΠΠΟΥ

1051 1065 2318 1188 ΥΠΟΜΝΗΣΤΙΚΟΝ
2392 1063 3069 1189 ΒΙΒΛΙΟΝ.

1769 1458 2338 1576 JOSEPPI

1155 1699 2084 1796 MEMORIALIS
2174 1699 2935 1797 LIBELLUS.

399 2049 575 2108 ὋᾹΡ.
602 2049 644 2106 1.
680 2079 748 2090 -
781 2043 921 2114 Quot
947 2045 1148 2117 fuerint
1175 2047 1240 2101 ab
1263 2046 1436 2100 Adam
1473 2046 1708 2118 adusque
1741 2046 1988 2102 Salvato-

2092 2047 2344 2118 ΚΕΦΑᾼ.
2380 2047 2558 2118 A'.-—-
2589 2046 2770 2118 ’ρσιιι
2827 2045 3152 2118 γεγόνασιν
3195 2042 3316 2099 ἀπὸ
3352 2041 3459 2118 τοῦ
3511 2044 3688 2117 Ἀδὰμ

813 2121 887 2174 ris
915 2119 1196 2174 adventum
1224 2119 1606 2189 generationes.

491 2239 516 2293 1
559 2236 756 2300 Adam,
784 2233 820 2289 2
862 2231 1019 2301 Setli,
1041 2234 1075 2289 3
1104 2231 1270 2300 Enos,
1309 2232 1343 2288 4
1370 2230 1628 2299 Kaiuam,
1661 2232 1692 2286 5
1723 2229 1994 2300 Malaleel,

413 2331 662 2394 (Hared,
716 2330 747 2383 7
813 2327 1020 2384 Enocb.
1087 2326 1189 2383 Iste
1258 2325 1558 2381 translatus
1611 2336 1695 2381 est
1743 2325 1996 2396 quamvis

416 2426 598 2482 adhuc
648 2425 804 2478 vivus
849 2431 902 2477 et
952 2430 1198 2493 vegetus,
1239 2421 1274 2474 8
1302 2417 1633 2484 Mathusala,
1664 2420 1697 2475 9
1731 2417 1994 2475 Lamecli.

487 2514 556 2571 10
603 2509 737 2569 Noe.
807 2512 912 2568 Iste
965 2527 995 2567 a
1036 2511 1244 2566 diluvio
1299 2520 1550 2566 servatur
1606 2510 1660 2565 in
1709 2523 1837 2565 arca
1869 2524 1993 2566 cum

414 2610 579 2666 domo
607 2611 742 2664 tota.
768 2606 908 2662 Tres
948 2621 1114 2677 porro
1156 2606 1349 2661 habuit
1384 2605 1608 2672 liberos,
1639 2603 1790 2672 Sem,
1818 2603 1992 2659 Cham

383 2702 632 2773 -.Japbet.
681 2702 748 2755 At
804 2697 1122 2769 genealogia
1151 2711 1273 2769 qua:
1308 2699 1362 2753 iu
1392 2697 1679 2753 Hebraeum
1713 2696 1995 2752 derivatur

388 2808 611 2866 genus,
643 2807 674 2848 a
708 2792 832 2848 Seni
869 2789 1252 2856 constituitur,
1291 2790 1348 2844 11
1396 2788 1645 2854 Sem,12
1672 2783 1989 2860 Arpliaxad,

415 2887 485 2943 13
524 2884 674 2949 Sala.
711 2884 778 2940 14
810 2882 975 2948 Eber,
1022 2880 1090 2936 15
1124 2879 1346 2946 Pbalcc,
1383 2881 1488 2937 sub
1537 2895 1651 2952 quo
1699 2879 1877 2936 divisa
1907 2887 1994 2935 est

413 2991 585 3037 terra.
621 2977 920 3049 Explentur
953 2991 1082 3032 vero
1117 2974 1172 3030 iu
1225 2987 1351 3031 eum
1396 2975 1465 3030 ab
1495 2973 1670 3031 Adam
1695 2973 1820 3028 anni
1852 2987 1989 3028 ιιιιιι.

415 3073 567 3129 Adeo
595 3079 656 3126 ut
687 3068 855 3124 fuerit
889 3067 1180 3123 dimidium
1217 3067 1480 3138 temporis
1515 3063 1804 3134 praesentis
1833 3076 1990 3118 com-

405 3165 531 3237 puli
565 3165 620 3220 in
661 3162 879 3218 senario
928 3160 1385 3226 millcuariorum,
1439 3157 1506 3213 16
1534 3157 1746 3226 ltagau,
1781 3155 1844 3211 l7
1886 3156 1988 3213 Se-

399 3256 574 3328 -l'llCll,
609 3255 677 3313 18
713 3254 950 3321 Nachor,
994 3253 1061 3310 19
1087 3251 1360 3308 'l‘liarrlna.

470 3436 551 3492 '20
587 3433 888 3502 Abraham,
923 3431 1017 3505 qui
1049 3449 1079 3488 a
1112 3431 1366 3490 Clialdma
1415 3433 1470 3488 in
1512 3431 1876 3488 Cliauanacam
1905 3431 1988 3488 di-
2017 3421 2064 3485 Β

395 3531 538 3587 "vino
566 3527 900 3585 transfertur
927 3525 1210 3583 mandato.

478 3624 541 3678 2|
580 3624 751 3678 Isaac.

481 3717 550 3770 22
577 3715 767 3771 Jacob.
810 3713 912 3770 Iste
946 3713 1136 3786 genuit
1169 3712 1461 3769 duodecim
1495 3714 1672 3785 capita
1721 3711 1986 3775 tribuum,

407 3825 476 3865 ex
502 3807 704 3878 quibus
752 3807 1070 3862 coalescunt
1109 3805 1403 3863 duodecim
1438 3805 1618 3862 tribus
1661 3805 1847 3862 Israel.
1878 3804 1987 3860 Sed

407 3905 478 3958 ab
508 3899 671 3965 Juda,
706 3901 800 3971 qui
822 3907 1050 3971 quartus
1087 3909 1206 3956 erat
1234 3901 1353 3968 ejus
1372 3899 1538 3966 ﬁlius,
1571 3901 1860 3958 deducitur
1889 3921 1987 3976 gev-

412 4010 515 4049 uus
538 3993 774 4065 regium,
829 3993 900 4048 2'5
950 3990 1161 4060 Iudas,
1219 3992 1291 4048 24
1346 3991 1574 4059 Phares,
1628 3995 1701 4058 25
1753 3993 1983 4063 Esrom,

405 4083 477 4141 26
503 4084 693 4154 Aram,
728 4085 797 4140 27
835 4083 1163 4141 Aminadab.
1201 4083 1315 4141 Sub
1344 4086 1448 4142 hoc
1472 4087 1704 4156 contigit
1739 4090 1986 4159 egressio

402 4177 596 4249 populi
630 4175 697 4233 de
732 4173 990 4250 Egypto,
1037 4178 1176 4234 duce
1201 4176 1386 4250 Moyse
1425 4179 1463 4245 ¹,
1499 4177 1570 4234 28
1595 4178 1866 4247 Naassou,
1915 4181 1984 4238 29

401 4271 655 4328 Salmou.
681 4269 782 4327 Hic
815 4271 969 4327 duxit
992 4287 1218 4328 uxorem
1243 4273 1417 4340 Raab,
1453 4289 1575 4345 qua:
1606 4276 1982 4347 exploratores

401 4369 776 4424 occultaverat
808 4370 850 4434 ⁸,
899 4367 970 4422 50
1027 4366 1190 4423 ΒΟΟΖ.
1233 4367 1338 4424 Iste
1367 4367 1524 4424 duxit
1555 4367 1702 4424 Ruth
1732 4369 1985 4427 Μοιιιιὶιῑτ

405 4458 554 4525 dem,
587 4458 679 4526 qui
712 4457 960 4512 decimus
989 4466 1108 4512 erat
1144 4457 1215 4513 ab
1242 4458 1517 4513 Abraham
1556 4477 1570 4514 :
1603 4459 1981 4531 impleturque

396 4551 460 4605 in
489 4549 630 4604 Ruth
667 4549 814 4619 quod
873 4551 1192 4620 praedictum
1228 4549 1405 4606 fuerat
1443 4567 1475 4606 a
1506 4549 1690 4623 Moyse
1724 4571 1738 4608 :
1773 4551 1982 4608 Moabi-

392 4644 510 4696 ιίεα
540 4659 643 4697 non
668 4643 990 4714 ingredietur
1035 4644 1090 4698 in
1125 4639 1418 4698 Ecclesium
1453 4660 1618 4716 usque
1662 4645 1732 4700 ad
1763 4661 1976 4716 genera-

396 4734 598 4787 tionem
632 4733 893 4789 decimam
925 4734 968 4801 ⁸,
1003 4733 1066 4789 51
1095 4731 1269 4801 Obcd,
1299 4733 1369 4789 52
1395 4729 1584 4791 Jessae.

469 4917 540 4972 5⁸5
567 4916 760 4986 David,
791 4919 885 4991 qui
913 4920 1143 4990 ungitur
1174 4920 1360 4991 populi
1414 4936 1532 4988 rex,
1589 4928 1818 4992 propter
1851 4936 1980 4992 sua-

400 5026 496 5066 ves
524 5026 707 5067 mores
732 5013 938 5069 electus
965 5027 992 5067 a
1030 5014 1160 5077 Deo,
1195 5025 1254 5067 ut
1287 5024 1498 5085 regeret
1525 5016 1810 5084 populum.

467 5104 537 5158 54
591 5102 875 5168 Solomon,
941 5107 1033 5174 qui
1094 5107 1363 5176 templum
1415 5105 1972 5180 Hierosolymitanum

2103 2117 2216 2186 ἕως
2239 2117 2352 2188 τῆς
2379 2117 2486 2173 τοῦ
2509 2116 2783 2187 Σωτῆρος
2809 2115 3146 2186 παρουσίας
3165 2117 3369 2184 γενεαί
3385 2115 3484 2187 (l).

2174 2229 2222 2286 α’
2266 2231 2463 2302 Ἀδάμ,
2496 2229 2540 2302 β’
2575 2230 2706 2304 Σὴθ,
2731 2237 2782 2301 γ’
2839 2228 3030 2296 Ἐνὼς,
3057 2228 3103 2283 δ’
3144 2230 3380 2295 Καῖνᾶν,
3414 2236 3454 2283 ε’
3489 2230 3687 2285 Μαλα-

2103 2325 2252 2398 λεὴλ,
2302 2324 2356 2392 ς’
2399 2325 2595 2398 Ἰάρεδ,
2653 2323 2699 2391 ς’
2743 2323 2936 2397 Ἑνώχ.
2969 2317 3144 2389 οὗτος
3175 2323 3442 2396 μετετέθη
3475 2323 3684 2396 καίπερ

2103 2422 2183 2475 ἔτι
2212 2417 2320 2486 ζῶν
2344 2421 2438 2476 καὶ
2465 2419 2895 2492 φυλαττόμενος,
2922 2423 2974 2492 η’
3003 2419 3362 2484 Μαθουσάλα,
3391 2415 3436 2472 θ’
3460 2418 3680 2490 Λάμεχ.

2175 2513 2204 2568 ι’
2239 2514 2385 2570 Νῶε.
2418 2505 2588 2576 Οὗτος
2618 2515 2684 2568 ὲκ
2708 2511 2803 2567 τοῦ
2844 2509 3234 2582 κατακλυσμοῦ
3256 2508 3582 2575 διασώζεται
3615 2509 3677 2562 ὲν

2101 2608 2335 2680 λάρνακι
2385 2608 2502 2680 μετ’
2529 2610 2680 2663 οίκου
2710 2606 2933 2672 παντός.
2971 2606 3133 2678 Τρεῖς
3165 2605 3210 2660 δ’
3242 2604 3391 2676 αὒτῷ
3418 2603 3683 2674 γεγόνασι

2101 2702 2312 2767 παῖδες,
2345 2700 2488 2772 Σὴμ,
2513 2701 2664 2771 Χὰμ,
2718 2698 2926 2770 Ἰάφεθ.
2967 2698 3034 2753 Ἠ
3059 2698 3117 2752 δὲ
3150 2697 3476 2766 γενεαλογία
3509 2698 3590 2760 είς
3619 2696 3682 2750 τὸ

2112 2793 2381 2868 Ἐϐραίων
2417 2794 2686 2866 ἐρχομένη
2711 2793 2889 2863 γένος,
2929 2793 3038 2849 ἀπὸ
3064 2792 3158 2848 τοῦ
3181 2792 3302 2864 Σὴμ
3334 2792 3678 2856 συνίσταται,

2102 2888 2170 2942 ια’
2201 2888 2340 2959 Σὴμ,
2378 2886 2444 2959 ιβ’
2492 2881 2794 2960 Ἀρφαξάδ,
2834 2883 2902 2954 ιγ’
2928 2883 3096 2952 Σάλα,
3131 2885 3192 2938 ιδ’
3229 2883 3423 2956 Ἔϐερ,
3475 2889 3536 2938 ιε’
3565 2883 3681 2936 Φα-

2098 2980 2214 3036 λέκ.
2265 2980 2388 3034 Ἐπὶ
2418 2980 2610 3035 τούτου
2649 2975 2916 3051 ἐμερίσθη
2956 2978 2989 3050 ἡ
3043 2979 3139 3050 γῆ.
3189 2977 3530 3050 Πληροῦνται
3565 2977 3682 3047 γὰρ

2097 3075 2185 3127 ἐπ’
2203 3074 2368 3128 αὐτὸν
2395 3072 2504 3128 ἀπὸ
2539 3072 2710 3144 ’Δδᾶμ
2733 3071 2829 3143 ἐτη
2857 3086 2926 3146 ,γ’
2952 3069 3094 3125 ὥστε
3126 3064 3266 3124 εἶναι
3295 3067 3355 3124 τὸ
3381 3068 3550 3143 1ἥμισυ
3580 3068 3680 3124 τοῦ

2095 3168 2292 3241 χρόνου
2319 3166 2756 3240 τῆς,παρούσης
2791 3167 2850 3220 ὲν
2889 3165 3040 3232 sese:
3091 3165 3346 3236 χιλιάδων
3399 3163 3682 3218 καταστά-

2098 3279 2238 3326 σεως
2297 3260 2397 3333 (9),
2455 3259 2533 3326 ις’
2593 3256 2826 3330 Ῥαγαῦ,
2889 3256 2955 3322 ιζ’
3021 3257 3248 3330 Σεροὺχ.
3309 3263 3377 3328 ιη’
3443 3253 3675 3329 Ναχὼρν

2099 3353 2161 3408 ιϐ’
2184 3355 2396 3426 uappa.

2165 3445 2213 3500 κ’
2269 3446 2542 3518 Ἀϐραάμ,
2568 3447 2628 3510 ὃς
2660 3446 2768 3500 ἀπὸ
2804 3443 2902 3517 τῆς
2923 3441 3202 3510 Χαλδαίας
3240 3445 3321 3510 είς
3355 3444 3453 3518 τὴν
3484 3444 3677 3499 Χανα-

2093 3539 2248 3593 ναίαν
2282 3538 2412 3608 Θείῳ
2447 3537 2817 3611 μετοικίζεται
2847 3537 3255 3610 προστάγματι.

2159 3636 2247 3686 κα¹
2279 3629 2486 3686 Ἰσαάκ.

2159 3722 2240 3794 κβ¹
2259 3724 2474 3778 Ἰακώϐ.
2497 3717 2664 3788 Οὗτος
2687 3723 2946 3796 ἐγέννησε
2963 3722 3088 3786 τοὺς
3105 3721 3314 3777 δώδεκα
3335 3720 3672 3793 φυλάρχους,

2087 3817 2147 3883 ἐξ
2209 3811 2285 3872 ὧν
2333 3816 2396 3872 τὸ
2454 3815 2835 3886 δωδεκάφυλον
2891 3814 2988 3869 τοῦ
3059 3813 3278 3885 Ἰσραὴλ
3323 3814 3671 3869 συνίσταται.

2101 3906 2237 3960 Ἀπὸ
2275 3906 2333 3960 δὲ
2365 3907 2460 3960 τοῦ
2504 3905 2701 3973 Ἰούδα,
2734 3905 2792 3971 ὃς
2817 3900 2886 3977 ἦν
2915 3904 3174 3975 τέταρτος
3207 3902 3356 3974 αὐτῷ
3393 3904 3572 3971 γόνος,
3609 3905 3674 3958 τὸ

2087 3997 2367 4069 βασιλικὸν
2404 3997 2712 4069 παράγεται
2740 3997 2932 4069 γένος,
2965 3994 3052 4066 κγ’
3093 3995 3325 4062 Ἰούδας,
3363 3994 3440 4050 κδ’
3466 3995 3672 4067 Φαρὲς,

2086 4087 2164 4143 κε’
2202 4089 2446 4161 Ἐσρὼμ,
2472 4095 2564 4156 κς¹
2604 4089 2804 4162 Ἀρὰμ,
2829 4087 2912 4154 κζ’
2950 4083 3266 4158 Ἀμιναδάϐ.
3318 4085 3440 4139 Ἐπὶ
3470 4086 3671 4142 τούτου

2085 4185 2118 4257 ἡ
2151 4183 2212 4248 ἐξ
2239 4183 2518 4252 Αίγύπτου
2543 4181 2722 4248 ἔξοδος
2741 4180 2838 4236 τοῦ
2859 4175 3012 4245 λαοῦ,
3036 4178 3317 4241 Μωῦσέως
3334 4179 3668 4251 ἡγουμένου,

2083 4276 2397 4346 γεγένηται,
2429 4275 2516 4348 κη’
2568 4273 2862 4340 Ναασσὼν,
2908 4274 2990 4327 κθ¹
3035 4271 3282 4345 Σαλμών.
3331 4267 3497 4336 Οὗτος
3526 4273 3672 4342 ἠγά-

2082 4385 2208 4437 γετο
2238 4369 2336 4438 τὴν
2381 4367 2576 4433 Ῥαὰϐ,
2607 4366 2708 4436 τὴν
2730 4364 2856 4428 τοὺς
2883 4364 3268 4430 κατασκόπους
3302 4361 3667 4434 κατακρύψα-

2083 4475 2203 4524 σαν,
2234 4457 2276 4513 λ’
2315 4457 2470 4524 Βοόζ.
2522 4452 2692 4521 Οὗτος
2719 4457 2820 4528 τὴν
2853 4457 3135 4512 Μωαϐῖτιν
3201 4455 3360 4511 Ῥοὺθ
3395 4455 3664 4527 ἠγάγετο,

2080 4550 2231 4614 ὅστις
2273 4550 2502 4614 δέκατος
2557 4550 2668 4604 άπὸ
2725 4549 3000 4620 Ἀϐραάμ.
3056 4550 3166 4604 Καὶ
3221 4548 3526 4620 πληροῦται
3568 4549 3669 4602 ἐπὶ

2097 4640 2254 4698 Ῥοὺο
2290 4644 2352 4697 τὸ
2394 4643 2711 4717 προρρηθὲν
2743 4644 2850 4697 ὑπὸ
2886 4643 3168 4707 Μωῡσέως
3188 4658 3205 4675 ⁸
3231 4642 3524 4709 Μωαϐῖτις
3551 4643 3666 4697 οὐκ

2006 4774 2049 4834 c
2081 4738 2496 4834 810:818250‘8tat
2518 4739 2606 4804 εὶς
2629 4736 2745 4806 τὴν
2765 4737 3106 4804 ἐκκλησίαν
3120 4736 3344 4806 Κυρίου
3359 4734 3538 4808 μέχρι
3565 4753 3667 4806 τε-

2080 4826 2222 4896 νεᾶς
2253 4829 2529 4900 δεκάτης,
2556 4829 2638 4884 λα’
2683 4829 2867 4903 Ὠϐὴδ,
2903 4828 2984 4900 λβ¹
3027 4830 3250 4884 Ἰεσσαί.

2147 4920 2230 4990 λγ¹
2274 4920 2459 4991 Δαϐὶδ,
2486 4921 2545 4987 ὃς
2583 4921 2797 4995 χρίεται
2830 4922 2925 4976 τοῦ
2947 4921 3080 4977 λαοῦ
3113 4922 3392 4994 βασιλεὺς,
3427 4922 3494 4976 δι’
3523 4924 3656 4976 ἐπι-

2071 5013 2282 5067 είκειαν
2316 5013 2563 5085 εὑρεθεὶς
2595 5013 2670 5085 (3)
2701 5013 2810 5068 ἀπὸ
2835 5013 2972 5068 Θεοῦ
3004 5013 3196 5085 ἄρχειν
3225 5012 3320 5067 τοῦ
3360 5013 3512 5069 λαοῦ.

2141 5102 2214 5156 λδ¹
2252 5103 2523 5175 Σολομὼν,
2573 5103 2632 5168 ὃς
2680 5105 2770 5158 τὸν
2813 5105 2961 5170 ναὸν,
2998 5107 3089 5158 τὸν
3144 5106 3202 5159 ὲν
3260 5103 3662 5175 Ἰεροσολύμοις

395 5191 706 5255 :mlilicav—it,
739 5192 810 5246 55
868 5193 1137 5260 Robuatu,
1193 5195 1296 5250 sub
1328 5210 1436 5265 quo
1463 5210 1688 5266 regnum
1751 5197 1970 5252 Davidis

2091 5195 2350 5267 ἐδείματο,
2390 5196 2462 5250 λε’
2503 5197 2759 5268 Ῥοϐοάμ,
2808 5197 2893 5267 ἐφ’
2919 5197 2978 5252 δν
3029 5200 3061 5268 ὴ
3094 5196 3339 5268 βασιλεία
3361 5196 3456 5251 τοῦ
3489 5196 3664 5252 Δαϐὶδ

394 5284 632 5340 divisum
659 5294 745 5341 est
780 5304 794 5340 :
833 5301 896 5342 ac
920 5285 1271 5342 Jerobamum
1299 5288 1466 5343 Israel
1495 5305 1672 5360 regem
1705 5291 1808 5344 sibi
1835 5306 1968 5346 cuu-

2091 5287 2300 5358 ῑιῃρέθη
2321 5303 2336 5318 ’
2363 5289 2454 5343 καὶ
2472 5289 2562 5343 τὸν
2599 5290 2885 5360 ’Ῑεροϐοὰμ
2901 5293 2928 5344 ὁ
2967 5290 3186 5362 Ἰσραὴλ
3215 5290 3444 5362 ἔστησεν
3467 5291 3655 5362 ἑαυτῷ

392 5379 590 5443 stituit,
650 5380 740 5434 ubi
791 5396 822 5434 a
885 5379 1025 5435 Juda
1092 5381 1341 5448 descivit,
1379 5381 1450 5438 56
1498 5382 1658 5450 Abia,
1716 5384 1782 5437 57
1833 5384 1962 5447 Asa.

2091 5378 2319 5447 Βασιλέα,
2394 5382 2677 5454 μερισθεὶς
2733 5383 2844 5436 ἀπὸ
2902 5381 2999 5436 τοῦ
3075 5383 3266 5450 Ἰούδα,
3317 5382 3405 5450 λς’
3471 5382 3654 5449 Ἀϐιά,

388 5469 458 5526 53
512 5471 795 5543 Josaphat,
863 5472 931 5528 '59
987 5470 1196 5540 Joram,
1248 5472 1320 5528 40
1365 5472 1658 5542 Ocltozias,
1706 5475 1768 5530 41
1811 5474 1962 5542 Joas,

2091 5472 2150 5538 ιζ’
2197 5475 2352 5544 Ἀσὰ,
2405 5476 2486 5548 λη’
2529 5475 2823 5546 Ἰωσαφὰθ,
2870 5474 2951 5530 λθ¹
2999 5476 3229 5548 Ἰωρὰμ,
3273 5474 3325 5548 μ’
3377 5474 3655 5547 Ὀχοζίας,

460 5629 476 5658 ¹
515 5627 684 5683 Exod.
717 5644 792 5694 Vl,
828 5629 920 5685 23.
998 5630 1019 5660 ²
1048 5628 1241 5688 Matth.
1285 5648 1324 5697 ι,
1359 5630 1412 5686 5.
1489 5631 1510 5664 ³
1537 5631 1758 5688 Deuter.
1792 5649 1954 5698 xxiii,
1987 5633 2042 5690 5.

387 5846 427 5908 ι’
459 5774 767 5901 spis-outer
798 5774 816 5829 Ι
851 5776 1038 5832 Paral.
1073 5780 1124 5835 1.
1179 5779 1336 5836 Luae
1392 5779 1484 5845 lll,
1535 5781 1726 5838 23-58.
1757 5780 1954 5835 Matth.

457 5918 532 5988 (2)
582 5916 846 5993 S‘imiliter
877 5921 1174 5993 Procopius
1198 5921 1264 5977 ad
1297 5921 1423 5977 Gen.
1471 5941 1546 5978 xi.
1591 5924 1674 5979 l8.
1732 5923 1955 5993 aliique.

387 5986 524 6045 Hinc
579 5989 751 6046 \ideri
791 5993 965 6063 possit
1003 5986 1273 6064 .Iu'srppus
1317 6003 1503 6049 noster
1553 5997 1694 6050 intra
1740 5986 1954 6050 sextum

2067 5782 2435 5906 milllggarium
2469 5781 2778 5853 scripsisse,
2810 5780 2868 5838 h.
2903 5795 2954 5838 e.
2990 5795 3096 5838 non
3124 5779 3265 5836 ultra
3290 5793 3492 5836 annum
3518 5779 3650 5835 492.

2069 5869 2135 5906 ve
2295 5897 2306 5906 .

2069 5856 2155 5910 vel
2181 5855 2306 5910 507.

2142 5928 2218 5998 (5)
2251 5927 2409 5982 Forte
2434 5923 2698 5998 αἱρεθείς.
