4032 6642
392 457 462 524 2'7
1881 460 2001 523 JOS

2141 455 2185 518 »Ι
3577 447 3648 512 28

396 580 600 646 thelici,
627 580 1076 651 eversionemque
1127 579 1440 651 reipublicae
1475 581 1790 639 Israeliticae
1843 598 2001 653 pro-4

2141 579 2170 633 ὖ
2206 580 2263 633 ἐν
2297 577 2470 645 Βεθὴλ
2504 574 2912 646 θυσιαστηρίου,
2947 572 3041 628 καὶ
3058 571 3156 644 τὴν
3198 568 3519 642 καθαίρεσιν
3546 570 3650 638 τῆς

400 673 663 741 phetavit.
715 674 775 727 In
841 673 1075 727 adventu
1156 684 1337 728 autem
1406 673 1622 729 Domini
1688 673 1970 730 fuerunt:

2141 672 2170 726 ὖ
2216 670 2432 741 Ἰσραὴλ
2462 668 2735 731 πολιτείας
2780 664 3187 739 προφητεύσας.
3246 662 3357 716 Καὶ
3411 661 3503 715 ἐπὶ
3551 662 3651 732 τῆς

400 764 470 818 25
492 762 813 830 Zacharias,
848 762 1075 819 Joannis
1128 764 1373 834 baptista:
1412 774 1581 834 pater,
1611 765 1681 819 24
1712 763 1971 837 Symeon,

2141 764 2379 837 ιρουσίας
2399 761 2492 815 τοῦ
2524 760 2753 831 Κυρίου,
2787 756 2871 826 κγ’
2908 754 3201 843 Ζαχαρίας,
3227 755 3254 807 6
3300 753 3394 806 τοῦ
3441 753 3648 804 Βαπτι-

392 856 463 910 25
507 853 743 911 Joannes
774 856 1029 924 baptista,
1080 857 1151 912 26
1196 858 1416 926 Agabus
1434 859 1500 913 “.
1552 857 1658 911 Alii
1692 856 1854 911 etiam
1916 856 1971 910 in

2141 856 2201 913 οὗ
2250 856 2499 910 Ἰωάννου
2539 853 2747 922 πατήρο
2779 848 2856 905 κδ’
2898 847 3149 920 Συμεὼν,
3210 844 3289 901 κε’
3330 844 3588 914 Ἰωάννης
3622 844 3653 895 6

395 948 561 1004 Israel
618 949 839 1005 fuerunt
887 953 1181 1022 prophetae,
1223 953 1291 1006 27
1321 952 1450 1008 Aias
1476 953 1543 1019 “,
1583 951 1654 1006 28
1687 948 1786 1007 Jeu
1829 949 1973 1005 ﬁlius

2141 949 2408 1020 ιπτιστής,
2449 944 2540 1010 κς¹
2586 943 2848 1013 Ἀγαϐος.
2885 942 2995 995 Καὶ
3048 940 3196 995 ἄλλοι
3255 938 3365 1009 (26)
3400 937 3493 990 ἐπὶ
3552 934 3651 988 τοῦ

394 1040 596 1097 Anaui.
2085 1041 2304 1114 Ἰσραὴλ
2316 1039 2569 1110 γεγόνασι
2593 1036 2892 1111 προφῆται.
2915 1034 2997 1100 κζ’
3025 1034 3200 1098 ’Δίας,
3218 1038 3303 1104 κη’
3324 1028 3486 1103 [Ἰηοῦ
3512 1026 3655 1102 (27)}

2075 1137 2190 1201 υίὸς
2233 1133 2436 1189 Ἀνανί.

395 1239 546 1297 CAP.
590 1240 730 1297 XVI.
767 1273 839 1283 —
873 1242 1133 1367 Quaenam.
1180 1243 1393 1311 fuerunt
1444 1241 1815 1311 prophetautes
1853 1234 1973 1294 nia?-

1116 1330 1269 1367 teres.

2141 1249 2326 1303 ΕΦΑΛ.
2379 1247 2498 1315 Iq'.
2528 1273 2598 1286 -
2650 1244 2818 1385 Τίς-ἒς
2836 1239 3214 1368 ἔὲοερήτιδες
3248 1239 3533 1311 γυναῖκες
3559 1258 3655 1312 γε-

2798 1331 2835 1368 ν
2922 1330 3003 1367 ιν.

1116 1330 1269 1367 881³⁸88.
2725 1329 3003 1368 γονασιν.

469 1427 494 1480 1
535 1424 771 1491 Sarrha,
826 1426 861 1479 2
908 1426 1176 1491 Rebecca,
1226 1425 1261 1478 5
1302 1421 1468 1477 Maria
1526 1421 1729 1493 Moysis
1791 1437 1967 1487 soror,

2148 1430 2196 1486 α’
2226 1431 2435 1503 Σάρρᾳ,
2466 1427 2511 1500 β’
2569 1426 2857 1491 Ῥεϐέκκα,
2888 1423 2937 1495 γ’
2964 1425 3213 1495 Μαρίαή
3250 1424 3345 1478 τοῦ
3375 1424 3654 1488 Μωῢσὲως

396 1518 432 1572 4
469 1519 751 1588 Sepphora
784 1518 984 1589 Moysis
1020 1532 1179 1580 uxor.
1208 1515 1241 1571 5
1276 1515 1580 1579 Deborrha,
1640 1530 1762 1585 quae
1805 1514 1977 1569 Bara-

2141 1523 2306 1594 ῖελφὴ,
2328 1522 2370 1575 δ’
2390 1519 2645 1590 Σεπφόρα
2664 1521 2697 1589 ἠ
2721 1518 2814 1572 τοῦ
2836 1518 3114 1581 Μωῦσέως
3140 1518 3301 1587 γυνὴ,
3330 1523 3370 1569 ε’
3387 1516 3653 1589 Δεϐόρρα,

397 1618 523 1659 cum
557 1605 624 1660 ad
673 1605 874 1660 bellum
910 1605 1081 1671 misit,
1138 1605 1171 1660 6
1215 1606 1369 1671 Ulda,
1398 1606 1430 1658 7
1484 1604 1642 1659 Anna
1699 1603 1976 1661 Samuelis

2145 1613 2235 1666 τὸν
2267 1611 2454 1683 Βαρὰκ
2484 1610 2578 1663 ἐπὶ
2632 1611 2726 1663 τὸν
2776 1608 3017 1678 πόλεμον
3054 1608 3337 1671 στείλασα,
3373 1606 3427 1672 ς’
3471 1607 3654 1672 ὐλδᾶ,

400 1705 592 1751 mater.
623 1696 688 1752 Et
719 1698 772 1752 in
808 1698 1043 1753 adventu
1074 1696 1291 1752 Domini
1343 1698 1563 1753 luerunt
1589 1715 1602 1750 :
1642 1698 1675 1753 8
1706 1696 1972 1763 Elisabct,

2154 1703 2384 1774 Ἀνναή
2419 1703 2514 1757 τοῦ
2548 1702 2804 1773 Σαμουὴλ
2834 1702 3044 1772 μήτηρ.
3089 1700 3199 1753 Καὶ
3252 1700 3347 1752 ἐπὶ
3395 1699 3497 1765 τῆς
3550 1716 3656 1753 πα-

397 1798 452 1844 et
475 1788 644 1845 Maria
675 1790 928 1861 Dcipara,
960 1800 1015 1846 et
1041 1793 1198 1847 Anna
1228 1789 1523 1847 Phanuelis
1573 1790 1681 1846 lilia
1712 1791 1779 1846 de
1833 1791 1975 1845 tribu

2141 1805 2301 1869 ιυσίας
2330 1804 2424 1859 τοῦ
2454 1804 2688 1875 Κυρίουο
2748 1800 2798 1875 η’
2865 1799 3191 1866 Ἐλισὰϐετ,
3244 1798 3339 1851 καὶ
3388 1792 3574 1865 Μαρία
3617 1792 3658 1861 ἠ

401 1882 560 1938 Aser.
2011 1895 2366 1992 ΒΘεοτόκος,
2422 1894 2519 1948 καὶ
2557 1894 2730 1948 ΙἈννα
2785 1891 3033 1961 θυγάτηρ
3080 1886 3327 1957 Φανουὴλ
3377 1886 3440 1938 ὲκ
3485 1880 3659 1952 φυλῆς

2097 1988 2288 2041 Ἀσήρ.

574 2089 731 2148 CAP.
756 2090 925 2147 XVII.
956 2122 1026 2134 -
1050 2088 1093 2146 ι.
1130 2089 1235 2156 Qui
1263 2106 1407 2160 reges
1449 2089 1524 2158 pii
1560 2088 1801 2157 fuerunt.

2141 1988 2288 2058 ισήρ.

2141 2097 2338 2152 ΕΦΑΛ.
2376 2095 2639 2153 IZ'.-A'.
2675 2098 2839 2222 Tia-£5
2871 2092 3144 2176 εὐσεϐεῖς
3172 2091 3454 2163 γεγόνασι
3474 2086 3661 2151 ,Βασι-

2842 2184 2948 2222 εις.

2842 2184 2948 2233 εις.

473 2267 499 2320 1
538 2266 728 2332 David,
760 2267 796 2321 2
818 2266 947 2334 Asa,
976 2267 1010 2322 3
1039 2266 1322 2337 Josaphat,
1354 2266 1386 2320 4
1418 2264 1667 2333 Ezekias,
1711 2267 1744 2322 5
1771 2264 1978 2322 Josias.

2158 2280 2205 2337 α’
2259 2281 2443 2349 Δαϐὶδ,
2500 2279 2547 2352 β’
2607 2278 2764 2345 ’Λσὰ,
2822 2285 2871 2348 γ’
2937 2272 3230 2344 Ἰωσαφὰτ,
3286 2268 3327 2324 δ’
3390 2265 3673 2333 Ἐζεκίας..

405 2359 665 2415 Salomon
695 2374 827 2415 vero
860 2368 913 2415 et
935 2357 1098 2415 Ozias
1133 2359 1188 2413 in
1222 2367 1506 2414 senectute
1542 2357 1637 2412 Dei
1691 2358 1818 2421 iura
1848 2373 1983 2412 con-

2162 2373 2394 2438 Ἰωσίας.
2452 2370 2706 2442 Σολομὼν
2751 2370 2807 2424 δὲ
2842 2370 2933 2423 καὶ
2994 2366 3177 2432 Ὀζίας
3215 2363 3351 2436 πρὸς
3382 2361 3444 2415 τὸ
3486 2360 3663 2430 γῆρας

407 2460 774 2525 tempserunt,
802 2452 934 2509 dum
958 2454 1112 2524 prior
1136 2451 1459 2507 mulieribus
1487 2450 1722 2506 ethnicis
1740 2449 1986 2506 emanci-

2141 2466 2477 2538 λιγώρησαν,
2507 2467 2535 2518 6
2575 2463 2674 2535 μὲν
2699 2461 2944 2532 γυναιξὶν
2994 2459 3233 2522 ἐθνικαῖς
3291 2452 3577 2525 ὑπαχθεὶς,
3635 2451 3665 2504 6

405 2553 570 2615 patus
589 2555 695 2611 est,
726 2546 864 2602 alter
897 2544 1241 2601 sacerdotale
1271 2559 1473 2600 munus
1498 2543 1653 2599 obire
1678 2557 1847 2599 ausus
1878 2552 1983 2598 est.

2141 2581 2145 2611 ι
2175 2557 2596 2631 ίερατεύσασθαι
2628 2553 3084 2625 ὑπερηφανήσας.

714 2661 777 2718 II.
816 2661 1047 2728 Quinam
1083 2678 1225 2733 reges
1252 2662 1413 2731 impie
1437 2669 1679 2731 egerunt.

2334 2670 2413 2731 B'.
2443 2672 2608 2739 Τίνες
2642 2667 2927 2736 βασιλεῖς
2958 2664 3411 2732 ἐδυσσέϐησαν.

480 2779 505 2834 1
540 2778 750 2847 Ioram,
797 2778 832 2833 2
867 2778 1160 2843 Ochoeias,
1193 2778 1226 2833 5
1256 2776 1404 2842 Joas,
1433 2776 1467 2829 4
1490 2773 1763 2840 Amasias,
1793 2775 1826 2829 5
1860 2772 1989 2829 Joa-

2164 2787 2213 2841 α’
2251 2786 2477 2860 Ἰωρὰμ,
2520 2784 2562 2857 β’
2631 2783 2901 2856 Ὀχοζίας,
2952 2788 3001 2852 γ’
3059 2780 3234 2845 Ἰωάς,
3290 2776 3329 2830 δ’
3377 2772 3668 2846 Ἀμασίας,

408 2872 583 2940 tham,
616 2873 649 2927 6
694 2873 898 2937 Achaz,
949 2872 979 2925 7
1023 2871 1327 2953 Manasses,
1379 2871 1411 2926 8
1450 2870 1653 2933 Amon,
1690 2868 1722 2924 9
1761 2865 1986 2935 Jachas,

2183 2879 2439 2951 Ἰωάθαμ,
2492 2884 2544 2945 ς’
2608 2876 2806 2948 Ἀχαζ,
2854 2873 2899 2941 ζ’
2952 2873 3275 2942 Μανασσῆς,
3336 2873 3386 2941 η’
3459 2864 3673 2936 ’Δμὼν,·

410 2964 478 3020 10
499 2964 783 3023 Sedccias.
822 2965 952 3020 Saul
987 2979 1153 3035 porro
1179 2964 1269 3035 qui
1292 2963 1503 3034 primus
1535 2960 1802 3032 regnavit.
1860 2960 1989 3014 dum

2196 2970 2401 3042 Ἰάχας,
2459 2969 2491 3023 ι’
2522 2968 2799 3031 Σεδεκίας.
2853 2964 3025 3019 Σαοὺλ
3049 2963 3105 3017 δὲ
3157 2963 3185 3015 6
3234 2961 3335 3032 τῆς
3384 2955 3675 3030 βασιλείας

410 3059 612 3115 invidia
647 3060 701 3114 in
737 3058 905 3115 David
928 3066 1200 3122 movetur,
1226 3072 1255 3111 a
1290 3057 1495 3127 pietate
1515 3053 1740 3118 excidit,
1769 3053 1991 3123 Deoque

2141 3064 2482 3136 ραρξάμενος,
2516 3060 2727 3133 φθονῶν
2770 3058 2849 3131 τῷ
2893 3057 3057 3112 Δαϐὶδ
3088 3056 3317 3121 ἐξέπεσε
3350 3051 3451 3124 τῆς
3511 3050 3667 3103 εὐοῖ-

411 3149 737 3206 iuobediens
760 3150 897 3205 fuit:
932 3163 995 3205 ac
1015 3148 1235 3204 tandem
1292 3149 1360 3203 ad
1394 3146 1801 3217 ventriloquam
1853 3160 1991 3201 con-

2141 3158 2267 3223 είας,
2294 3156 2388 3211 καὶ
2413 3154 2547 3209 Θεοῦ
2592 3151 2990 3224 ἁνηκούστησε,
3034 3150 3129 3202 καὶ
3175 3145 3332 3208 τέλος
3377 3144 3674 3210 ἐγγαστρι-

412 3242 574 3312 fugit.
1390 3318 1401 3325 ἢ

2143 3248 2254 3320 ύθῳ
2283 3247 2695 3319 προσπέφευγε.

411 3356 564 3414 CAP.
593 3357 783 3415 XVIII.
811 3390 881 3401 —
910 3360 1231 3483 Quinamhittt
1260 3341 1452 3431 populo
1475 3360 1686 3429 [uerunt
1712 3357 1839 3428 falsi
1858 3374 1987 3426 pro-

1100 3447 1133 3498 p
1172 3447 1199 3485 e
1226 3447 1291 3484 ω.

2141 3365 2348 3420 ΕΦΑΛ.
2390 3362 2497 3418 IH’.
2522 3392 2592 3404 -
2622 3361 2788 3425 Τίνες
2836 3351 3329 3427 ψευδοπροφῆται
3350 3350 3419 3405 ἐν
3441 3345 3521 3414 τῷ
3548 3341 3686 3409 λαῷ

2726 3430 3032 3499 γεγόνασι.

490 3537 513 3591 1
550 3536 811 3594 Sedecias
835 3539 981 3596 Illius
1015 3539 1230 3606 Chana,
1254 3539 1349 3609 qui
1402 3555 1528 3594 cum
1566 3539 1995 3610 quadringentis

2166 3555 2215 3602 α’
2250 3548 2361 3619 (28)
2423 3547 2680 3611 Σεδεκίας
2715 3546 2829 3609 υίὸς
2877 3542 3050 3606 Χανὰ,
3079 3542 3107 3595 6
3143 3537 3281 3611 μετὰ
3327 3534 3435 3590 τῶν
3486 3547 3676 3600 τετρα-

416 3628 697 3698 prophetis
718 3628 990 3686 Jezabelis
1018 3629 1304 3685 Achabum
1354 3630 1635 3700 decipiens
1685 3629 1899 3685 induxit
1929 3629 1995 3685 ad

2141 3638 2810 3711 οσίων,ψευδοπροφητῶν
2855 3637 2955 3708 τῆς
3020 3631 3262 3698 Ἰεζάϐελ
3312 3627 3539 3684 ἀπατῶν
3586 3624 3679 3678 τὸν

415 3721 822 3794 expeditionem
843 3732 1035 3779 contra
1075 3722 1308 3778 Remoth
1332 3723 1520 3778 urbem
1547 3722 1753 3779 Galaad
1775 3724 1843 3776 “.

2141 3734 2319 3807 Axa6t6
2346 3737 2425 3799 είς
2458 3735 2558 3807 τὴν
2606 3732 2842 3806 Ῥεμὼθ,
2893 3729 3050 3785 πόλιν
3080 3724 3175 3781 τοῦ
3209 3721 3445 3787 Γαλαὰδ,
3501 3718 3679 3790 παρά-

486 3901 523 3955 2
545 3899 824 3971 Propheta:
848 3899 1114 3957 Jesabelis
1141 3916 1286 3957 cccc.
1315 3916 1455 3973 quos
1481 3900 1664 3957 Helias
1686 3900 1995 3968 convictos,

2141 3829 2330 3992 ηέωὸῖ
2369 3926 2410 3974 υ⁹
2477 3921 2578 3991 τῆς
2614 3918 2854 3984 Ἰεζάϐελ
2886 3916 3185 3988 προφῆται,
3224 3913 3319 3977 οὓς
3364 3910 3550 3974 Ἠλίας
3576 3907 3682 3962 ἀπ-

418 4008 517 4065 per
534 4008 760 4048 manum
778 3993 967 4064 populi
999 3992 1299 4049 interfecit.

489 4084 814 4151 3Paschor,
869 4085 963 4156 qui
996 4084 1294 4141 Jeremiam
1352 4084 1581 4141 inclusit
1633 4085 1687 4139 in
1746 4099 1996 4150 carcere,

420 4182 684 4245 tanquam
724 4174 818 4246 qui
871 4175 941 4231 ad
1000 4174 1520 4232 Nabuchodonosor
1578 4174 1742 4231 vellet
1802 4172 2001 4230 confu—

459 4281 550 4322 ere
575 4266 642 4321 “.

459 4282 550 4322 ere
575 4282 642 4321 νυ.

423 4282 456 4337 8
493 4357 529 4412 4
565 4359 812 4417 Ananias
839 4358 986 4417 ﬁlius
1011 4360 1192 4427 Alom,
1224 4360 1316 4430 qui
1363 4357 1617 4417 Ieremia
1652 4360 1830 4429 lignea
1864 4359 1998 4429 juga

2174 4375 2215 4428 δ’
2245 4374 2497 4435 Ἀνανίας
2553 4372 2667 4435 υίὸς
2722 4370 2932 4441 Ἀλὼμ,
2963 4372 2991 4424 6
3020 4368 3088 4423 τὰ
3129 4365 3224 4421 τοῦ
3279 4359 3544 4434 Ἰερεμίου
3596 4355 3685 4422 ξύ-

422 4451 694 4524 confregit
742 4454 811 4509 ad
854 4454 1149 4525 imaginem
1190 4453 1391 4508 futurae
1452 4452 1738 4522 Babylonii
1791 4451 2001 4508 contri-

2143 4484 2229 4519 ινα
2260 4464 2417 4519 κλοιὰ
2452 4462 2771 4535 συντρίψας,
2806 4464 2865 4516 ὲν
2895 4459 3253 4530 ὑποδείγματι
3301 4452 3396 4508 τοῦ
3450 4450 3540 4503 τὸν
3572 4445 3678 4500 Βα-

424 4542 593 4597 tionis
621 4543 689 4596 ⁸⁷.
2041 4625 2063 4627 _
2112 4556 2373 4611 ϐυλώνιον
2408 4554 2813 4627 συντρίϐεσθαι.

496 4635 532 4689 5
562 4632 803 4691 Samaeas
831 4635 1110 4707 Babylone
1151 4634 1421 4706 captivus,
1457 4634 1549 4704 qui
1581 4632 1744 4689 etiam
1781 4633 2001 4704 scripsit

2184 4648 2225 4705 ε’
2255 4625 2554 4721 Σαμαίας(
2577 4650 2605 4702 6
2626 4648 2683 4702 ὲν
2706 4646 2987 4701 Βαϐυλῶνι
3011 4645 3378 4717 αίχμὰλωτος,
3397 4643 3427 4695 6
3461 4641 3555 4697 καὶ
3587 4642 3692 4693 Σοι

428 4723 823 4798 Jerosolymam
855 4730 920 4784 ad
966 4728 1304 4798 Sophoniam
1338 4727 1680 4783 sacerdotem
1729 4736 1788 4780 ut
1842 4726 2001 4797 puni-

2141 4745 2274 4817 >ονίᾳ
2302 4743 2382 4816 τῷ
2408 4744 2545 4814 ίερεϊ
2575 4742 2803 4814 γράφων
2835 4742 2892 4795 ὲν
2914 4745 2979 4812 τῇ
3020 4738 3399 4810 Ἰερουσαλὴμ,
3430 4737 3689 4806 τιμωρείο

427 4826 581 4874 t'etur
610 4817 896 4887 Jeremias,
936 4832 1197 4892 tanquam
1237 4821 1329 4890 qui
1364 4819 1630 4877 scriberet
1654 4819 1721 4874 ad
1752 4819 2001 4890 degentes

2141 4838 2240 4892 ῖθαι
2273 4836 2365 4891 τὸν
2405 4835 2701 4906 Ἰερεμίαν,
2738 4833 2813 4898 ὡς
2845 4836 2954 4897 τοῖς
2983 4835 3041 4887 ὲν
3072 4830 3352 4886 Βαϐυλῶνι
3383 4827 3698 4899 γράφοντα,

433 4908 728 4980 Babylone,
788 4914 882 4969 diu
920 4912 1521 4985 comperendinandam
1557 4927 1679 4969 esse
1722 4912 2001 4983 captivita-

2141 4929 2213 5003 ῖὴν
2246 4927 2625 5001 αἰχμαλωσίαν
2662 4924 2998 4982 ἀποτείνειν.

433 5013 543 5060 tem
562 5005 631 5060 “.

2105 4014 2346 4080 ελέγξας,
2377 4013 2465 4067 διὰ
2490 4013 2584 4067 τοῦ
2615 4012 2746 4064 λαοῦ
2771 4010 3155 4081 διεχειρίσατο.

2141 4130 2143 4133 τ
2174 4114 2222 4177 γ’
2252 4105 2509 4177 Πασχὼρ,
2546 4107 2575 4158 6
2630 4102 3009 4175 τδνἹερεμίαν
3026 4099 3314 4170 ἐγκλείσας
3346 4097 3403 4150 ἐν
3443 4094 3679 4166 φυλακῇ»

2102 4197 2179 4263 ὡς
2207 4197 2343 4269 πρὸς
2368 4197 2459 4252 τὸν
2488 4193 2967 4266 Ναϐουχοδονόσορ
2998 4187 3438 4261 καταφεῦγοντα.

505 5098 543 5156 6
564 5100 753 5157 Achab
788 5101 929 5158 ﬁlius
950 5102 1123 5159 Kulia‘.
1144 5105 1209 5160 ".

2190 5108 2244 5175 ς’
2290 5108 2455 5179 Ἀχὰϐ
2488 5108 2600 5170 υἱὸς
2622 5106 2872 5162 Κουλίου.

512 5194 543 5245 7
575 5192 642 5249 Ει
669 5194 928 5253 Sedekias
952 5198 1095 5255 [ilius
1124 5198 1364 5265 Maasiae,
1397 5200 1790 5272 prophetatttes
1820 5207 2001 5256 contra

2192 5200 2236 5266 ζ’
2267 5202 2375 5255 Καὶ
2398 5198 2652 5263 Σεδεκίας
2684 5198 2932 5254 Μαασίου
2956 5196 3100 5253 κατὰ
3122 5196 3213 5250 τοῦ
3232 5191 3497 5266 Ἰερεμίου
3562 5204 3701 5261 προ·-

435 5286 729 5347 Jeremiam
749 5291 815 5344 ⁷ο.

2141 5290 2477 5364 ρητεύοντες.

512 5456 695 5513 “Act.
746 5470 821 5517 χι,
852 5455 945 5510 28.
1025 5452 1071 5484 ⁸⁸
1098 5453 1185 5508 111.
1226 5452 1355 5519 Reg.
1409 5470 1516 5516 XIV,
1548 5454 1633 5507 18.
1710 5450 1843 5504 "Ill
1892 5450 2022 5522 Reg.
2067 5450 2312 5519 xxu,l2.
2406 5448 3079 5515 “Jeretn.xxxvttt,l,6.
3196 5443 3459 5501 "Jerem.
3495 5456 3689 5503 xxvnt,

445 5524 613 5585 2.10.
690 5528 735 5560 ⁸⁸
763 5524 963 5582 Jerent.
1000 5541 1148 5591 xxtx,
1172 5524 1262 5578 24.
1302 5525 1347 5556 ‘9
1376 5524 1508 5580 ibid.
1548 5524 1644 5579 2|.
1690 5522 1888 5578 "ibid.

519 5702 634 5784 (26)
674 5705 863 5761 Aliena
896 5706 1013 5762 haec
1034 5703 1279 5777 margine
1308 5703 1362 5757 in
1394 5711 1601 5757 textum
1629 5701 1883 5758 videntur
1915 5700 2001 5755 im‘

519 5789 738 5824 turztsse.

2141 5699 2271 5768 tpud
2302 5696 2568 5751 Clement.
2594 5690 2794 5746 Strom.
2826 5705 2865 5755 1,
2890 5704 2942 5759 p.
2975 5686 3101 5752 326,
3134 5682 3255 5748 Ἰοῦ,
3285 5680 3400 5744 υίὸς
3428 5677 3697 5743 Ἀνανίου,

2141 5768 2189 5822 ἴα
2221 5767 2367 5824 ﬁlius
2388 5766 2631 5818 Ananiae.

510 5775 738 5829 iuraSSR.
1164 5775 1176 5777 ’

2141 5775 2189 5822 lu
2219 5775 2367 5829 ﬁlius
2388 5775 2631 5818 Anamw.

486 5790 619 5836 nuru
658 5790 738 5829 se.

452 5791 487 5830 ῃ
522 5789 655 5916 (27)s
675 5846 788 5901 Hoc
810 5860 1003 5899 nomen
1037 5847 1186 5901 deest
1206 5846 1261 5900 in
1283 5844 1471 5900 Graec
1501 5841 1996 5916 Fabricii,occurri

2141 5769 2189 5822 ἴα
2219 5769 2367 5834 ﬁlius
2388 5769 2631 5818 Ananiw.

2195 5838 2306 5907 (28)
2341 5837 2440 5916 llic
2491 5828 3034 5916 iurGrrcco'numcri
3087 5825 3498 5885 desiderantur,
3559 5833 3705 5891 quos

454 5904 542 5971 in‘
568 5904 837 5971 versione.
873 5916 1053 5981 Quare
1089 5916 1302 5973 videatu
1381 5934 1410 5971 ιι
1463 5925 1675 5986 typogr.
1726 5904 2020 5968 amissum.
2127 5904 2402 5966 commodi
2435 5904 2609 5975 gratia
2643 5904 2966 5973 adjecitnus.
