  <div class='ocr_page' id='page_1' title='image "/cluster/home/n/w/nwhite01/storage/ocr_20150623/106/hvd.32044051727071/030.png"; bbox 0 0 4050 6600; ppageno 0'>
   <div class='ocr_carea' id='block_1_1' title="bbox 322 435 392 499">
    <p class='ocr_par' dir='ltr' id='par_1_1' title="bbox 322 435 392 499">
     <span class='ocr_line' id='line_1_1' title="bbox 322 435 392 499; baseline 0.014 -1"><span class='ocrx_word' id='word_1_1' title='bbox 322 435 392 499; x_wconf 78' lang='grc' dir='ltr'><strong>3Ἰ</strong></span> 
     </span>
    </p>
   </div>
   <div class='ocr_carea' id='block_1_2' title="bbox 1505 429 2413 496">
    <p class='ocr_par' dir='ltr' id='par_1_2' title="bbox 1505 429 2413 496">
     <span class='ocr_line' id='line_1_2' title="bbox 1505 429 2413 496; baseline 0.006 -5"><span class='ocrx_word' id='word_1_2' title='bbox 1505 429 1875 492; x_wconf 87' lang='lat' dir='ltr'><strong>LIBELLUS</strong></span> <span class='ocrx_word' id='word_1_3' title='bbox 1910 431 2413 496; x_wconf 78' lang='lat' dir='ltr'><strong>MEMORIALIS.</strong></span> 
     </span>
    </p>
   </div>
   <div class='ocr_carea' id='block_1_3' title="bbox 3510 443 3584 509">
    <p class='ocr_par' dir='ltr' id='par_1_3' title="bbox 3510 443 3584 509">
     <span class='ocr_line' id='line_1_3' title="bbox 3510 443 3584 509; baseline 0 0"><span class='ocrx_word' id='word_1_4' title='bbox 3510 443 3584 509; x_wconf 77' lang='grc'><strong>38</strong></span> 
     </span>
    </p>
   </div>
   <div class='ocr_carea' id='block_1_4' title="bbox 322 539 1896 621">
    <p class='ocr_par' dir='ltr' id='par_1_4' title="bbox 322 539 1896 615">
     <span class='ocr_line' id='line_1_4' title="bbox 322 539 1896 615; baseline -0.003 -16"><span class='ocrx_word' id='word_1_5' title='bbox 322 540 575 615; x_wconf 75' lang='grc' dir='ltr'><strong>ποταμοῦ</strong></span> <span class='ocrx_word' id='word_1_6' title='bbox 619 539 1026 614; x_wconf 73' lang='grc' dir='ltr'>μέχριΓαὸαὼ,</span> <span class='ocrx_word' id='word_1_7' title='bbox 1072 539 1313 602; x_wconf 80' lang='grc' dir='ltr'>Εὐαίων,</span> <span class='ocrx_word' id='word_1_8' title='bbox 1370 539 1719 612; x_wconf 75' lang='grc' dir='ltr'>Ἀμορραίων</span> <span class='ocrx_word' id='word_1_9' title='bbox 1770 542 1896 614; x_wconf 63' lang='grc' dir='ltr'>περὶ</span> 
     </span>
    </p>
   </div>
   <div class='ocr_carea' id='block_1_5' title="bbox 2003 539 3583 621">
    <p class='ocr_par' dir='ltr' id='par_1_5' title="bbox 2006 544 3583 621">
     <span class='ocr_line' id='line_1_5' title="bbox 2006 544 3583 621; baseline 0.011 -23"><span class='ocrx_word' id='word_1_10' title='bbox 2006 545 2257 616; x_wconf 82' lang='lat' dir='ltr'><strong>pertingit</strong></span> <span class='ocrx_word' id='word_1_11' title='bbox 2291 546 2360 601; x_wconf 85' lang='lat' dir='ltr'><strong>ab</strong></span> <span class='ocrx_word' id='word_1_12' title='bbox 2390 544 2630 603; x_wconf 88' lang='lat' dir='ltr'><strong>Iordane</strong></span> <span class='ocrx_word' id='word_1_13' title='bbox 2668 546 2832 606; x_wconf 81' lang='lat' dir='ltr'><strong>ﬂuvio</strong></span> <span class='ocrx_word' id='word_1_14' title='bbox 2864 564 3039 621; x_wconf 88' lang='lat' dir='ltr'><strong>usque</strong></span> <span class='ocrx_word' id='word_1_15' title='bbox 3065 551 3130 607; x_wconf 86' lang='lat' dir='ltr'><strong>ad</strong></span> <span class='ocrx_word' id='word_1_16' title='bbox 3162 553 3368 621; x_wconf 84' lang='lat' dir='ltr'><strong>Gabao,</strong></span> <span class='ocrx_word' id='word_1_17' title='bbox 3390 555 3583 615; x_wconf 71' lang='lat' dir='ltr'><strong>Evaeo-</strong></span> 
     </span>
    </p>
   </div>
   <div class='ocr_carea' id='block_1_6' title="bbox 321 632 1473 710">
    <p class='ocr_par' dir='ltr' id='par_1_6' title="bbox 321 632 1473 710">
     <span class='ocr_line' id='line_1_6' title="bbox 321 632 1473 710; baseline -0.002 -20"><span class='ocrx_word' id='word_1_18' title='bbox 321 635 519 710; x_wconf 63' lang='lat' dir='ltr'><strong>Bebipt,</strong></span> <span class='ocrx_word' id='word_1_19' title='bbox 554 633 897 689; x_wconf 78' lang='grc' dir='ltr'>Ἰεϐουσαίων</span> <span class='ocrx_word' id='word_1_20' title='bbox 924 634 1052 705; x_wconf 69' lang='grc' dir='ltr'>περὶ</span> <span class='ocrx_word' id='word_1_21' title='bbox 1073 632 1473 705; x_wconf 64' lang='grc' dir='ltr'>Ἰερουσαλήμ.</span> 
     </span>
    </p>
   </div>
   <div class='ocr_carea' id='block_1_7' title="bbox 298 815 1896 894">
    <p class='ocr_par' dir='ltr' id='par_1_7' title="bbox 298 815 1896 894">
     <span class='ocr_line' id='line_1_7' title="bbox 298 815 1896 894; baseline 0.002 -18"><span class='ocrx_word' id='word_1_22' title='bbox 298 815 305 857; x_wconf 67' lang='grc' dir='ltr'>ῖ</span> <span class='ocrx_word' id='word_1_23' title='bbox 392 822 563 891; x_wconf 80' lang='grc' dir='ltr'><strong>Φυλὴ</strong></span> <span class='ocrx_word' id='word_1_24' title='bbox 603 821 878 891; x_wconf 76' lang='grc' dir='ltr'>Ἐφραὶμ,</span> <span class='ocrx_word' id='word_1_25' title='bbox 932 819 1042 875; x_wconf 83' lang='grc' dir='ltr'>ἀπὸ</span> <span class='ocrx_word' id='word_1_26' title='bbox 1077 820 1253 892; x_wconf 80' lang='grc' dir='ltr'>Βεθὴλ</span> <span class='ocrx_word' id='word_1_27' title='bbox 1284 821 1377 875; x_wconf 73' lang='grc' dir='ltr'><strong>ἐπὶ</strong></span> <span class='ocrx_word' id='word_1_28' title='bbox 1406 820 1469 875; x_wconf 85' lang='grc' dir='ltr'>τὸ</span> <span class='ocrx_word' id='word_1_29' title='bbox 1516 820 1661 894; x_wconf 79' lang='grc' dir='ltr'>μέγα</span> <span class='ocrx_word' id='word_1_30' title='bbox 1696 824 1896 893; x_wconf 79' lang='grc' dir='ltr'><strong>πεδίον,</strong></span> 
     </span>
    </p>
   </div>
   <div class='ocr_carea' id='block_1_8' title="bbox 298 1052 308 1121">
    <p class='ocr_par' dir='ltr' id='par_1_8' title="bbox 298 1052 308 1121">
     <span class='ocr_line' id='line_1_8' title="bbox 298 1052 308 1121; baseline 0 0"><span class='ocrx_word' id='word_1_31' title='bbox 298 1052 308 1121; x_wconf 81' lang='lat' dir='ltr'><strong>l</strong></span> 
     </span>
    </p>
   </div>
   <div class='ocr_carea' id='block_1_9' title="bbox 328 912 1896 988">
    <p class='ocr_par' dir='ltr' id='par_1_9' title="bbox 328 912 1896 988">
     <span class='ocr_line' id='line_1_9' title="bbox 328 912 1896 988; baseline 0.001 -20"><span class='ocrx_word' id='word_1_32' title='bbox 328 916 488 988; x_wconf 74' lang='grc' dir='ltr'>μέχρι</span> <span class='ocrx_word' id='word_1_33' title='bbox 544 912 845 985; x_wconf 78' lang='grc' dir='ltr'><strong>Γαζάρων,</strong></span> <span class='ocrx_word' id='word_1_34' title='bbox 896 912 1004 966; x_wconf 85' lang='grc' dir='ltr'>ἀπὸ</span> <span class='ocrx_word' id='word_1_35' title='bbox 1062 912 1157 966; x_wconf 78' lang='grc' dir='ltr'><strong>τοῦ</strong></span> <span class='ocrx_word' id='word_1_36' title='bbox 1226 913 1515 983; x_wconf 76' lang='grc' dir='ltr'><strong>Ἰορδάνου,</strong></span> <span class='ocrx_word' id='word_1_37' title='bbox 1565 915 1896 987; x_wconf 78' lang='grc' dir='ltr'>Φερεζαίων,</span> 
     </span>
    </p>
   </div>
   <div class='ocr_carea' id='block_1_10' title="bbox 336 1002 1262 1078">
    <p class='ocr_par' dir='ltr' id='par_1_10' title="bbox 336 1002 1262 1078">
     <span class='ocr_line' id='line_1_10' title="bbox 336 1002 1262 1078; baseline -0.003 -17"><span class='ocrx_word' id='word_1_38' title='bbox 336 1005 707 1078; x_wconf 80' lang='grc' dir='ltr'>Ἀμορῤαίων,</span> <span class='ocrx_word' id='word_1_39' title='bbox 740 1004 1100 1076; x_wconf 76' lang='grc' dir='ltr'>Σαμορῤαίων</span> <span class='ocrx_word' id='word_1_40' title='bbox 1127 1002 1262 1076; x_wconf 73' lang='grc' dir='ltr'>(ιι).</span> 
     </span>
    </p>
   </div>
   <div class='ocr_carea' id='block_1_11' title="bbox 392 1096 1897 1169">
    <p class='ocr_par' dir='ltr' id='par_1_11' title="bbox 392 1096 1897 1169">
     <span class='ocr_line' id='line_1_11' title="bbox 392 1096 1897 1169; baseline -0.002 -15"><span class='ocrx_word' id='word_1_41' title='bbox 392 1099 566 1167; x_wconf 71' lang='grc' dir='ltr'>Φυλὴ</span> <span class='ocrx_word' id='word_1_42' title='bbox 612 1096 928 1167; x_wconf 80' lang='grc' dir='ltr'>Ἰσσὰχαρ,</span> <span class='ocrx_word' id='word_1_43' title='bbox 970 1097 1270 1168; x_wconf 84' lang='grc' dir='ltr'>Κάρμηλον</span> <span class='ocrx_word' id='word_1_44' title='bbox 1314 1097 1374 1150; x_wconf 81' lang='grc' dir='ltr'>τὸ</span> <span class='ocrx_word' id='word_1_45' title='bbox 1394 1098 1522 1169; x_wconf 77' lang='grc' dir='ltr'>ὄρος</span> <span class='ocrx_word' id='word_1_46' title='bbox 1561 1097 1657 1153; x_wconf 76' lang='grc' dir='ltr'><strong>καὶ</strong></span> <span class='ocrx_word' id='word_1_47' title='bbox 1690 1098 1897 1151; x_wconf 75' lang='grc' dir='ltr'><strong>Ἰταϐύ-</strong></span> 
     </span>
    </p>
   </div>
   <div class='ocr_carea' id='block_1_12' title="bbox 326 1190 1897 1264">
    <p class='ocr_par' dir='ltr' id='par_1_12' title="bbox 326 1190 1897 1264">
     <span class='ocr_line' id='line_1_12' title="bbox 326 1190 1897 1264; baseline -0.002 -18"><span class='ocrx_word' id='word_1_48' title='bbox 326 1211 440 1264; x_wconf 83' lang='grc' dir='ltr'>ριον</span> <span class='ocrx_word' id='word_1_49' title='bbox 469 1193 744 1264; x_wconf 71' lang='grc' dir='ltr'>(48)δρος,</span> <span class='ocrx_word' id='word_1_50' title='bbox 783 1191 1024 1263; x_wconf 79' lang='grc' dir='ltr'><strong>τέρμονα</strong></span> <span class='ocrx_word' id='word_1_51' title='bbox 1042 1191 1135 1244; x_wconf 85' lang='grc' dir='ltr'>τὸν</span> <span class='ocrx_word' id='word_1_52' title='bbox 1162 1190 1409 1262; x_wconf 84' lang='grc' dir='ltr'>ποταμὸν</span> <span class='ocrx_word' id='word_1_53' title='bbox 1446 1190 1682 1261; x_wconf 75' lang='grc' dir='ltr'>ἔχοντες.</span> <span class='ocrx_word' id='word_1_54' title='bbox 1727 1191 1897 1263; x_wconf 81' lang='grc' dir='ltr'>Φερε-</span> 
     </span>
    </p>
   </div>
   <div class='ocr_carea' id='block_1_13' title="bbox 324 1283 1050 1355">
    <p class='ocr_par' dir='ltr' id='par_1_13' title="bbox 324 1283 1050 1355">
     <span class='ocr_line' id='line_1_13' title="bbox 324 1283 1050 1355; baseline -0.003 -17"><span class='ocrx_word' id='word_1_55' title='bbox 324 1285 493 1351; x_wconf 80' lang='grc' dir='ltr'>ζαίων</span> <span class='ocrx_word' id='word_1_56' title='bbox 528 1286 623 1337; x_wconf 72' lang='grc' dir='ltr'><strong>καὶ</strong></span> <span class='ocrx_word' id='word_1_57' title='bbox 650 1284 786 1355; x_wconf 73' lang='grc' dir='ltr'><strong>αὕτη</strong></span> <span class='ocrx_word' id='word_1_58' title='bbox 812 1286 845 1353; x_wconf 83' lang='grc' dir='ltr'><strong>ἡ</strong></span> <span class='ocrx_word' id='word_1_59' title='bbox 876 1283 1050 1355; x_wconf 85' lang='grc' dir='ltr'>χώρα.</span> 
     </span>
    </p>
   </div>
   <div class='ocr_carea' id='block_1_14' title="bbox 395 1372 1901 1444">
    <p class='ocr_par' dir='ltr' id='par_1_14' title="bbox 395 1372 1901 1444">
     <span class='ocr_line' id='line_1_14' title="bbox 395 1372 1901 1444; baseline -0.001 -17"><span class='ocrx_word' id='word_1_60' title='bbox 395 1375 566 1443; x_wconf 56' lang='lat' dir='ltr'><strong>«ivli;</strong></span> <span class='ocrx_word' id='word_1_61' title='bbox 616 1372 960 1439; x_wconf 77' lang='grc' dir='ltr'>Ζαϐουλὼν,</span> <span class='ocrx_word' id='word_1_62' title='bbox 1006 1372 1115 1427; x_wconf 82' lang='grc' dir='ltr'>ἀπὸ</span> <span class='ocrx_word' id='word_1_63' title='bbox 1158 1372 1250 1427; x_wconf 76' lang='grc' dir='ltr'><strong>τοῦ</strong></span> <span class='ocrx_word' id='word_1_64' title='bbox 1305 1372 1545 1443; x_wconf 74' lang='grc' dir='ltr'>ποταμοῦ</span> <span class='ocrx_word' id='word_1_65' title='bbox 1591 1372 1753 1444; x_wconf 78' lang='grc' dir='ltr'>μέχρι</span> <span class='ocrx_word' id='word_1_66' title='bbox 1800 1372 1901 1442; x_wconf 78' lang='grc' dir='ltr'>τῆς</span> 
     </span>
    </p>
   </div>
   <div class='ocr_carea' id='block_1_15' title="bbox 323 1463 1903 1537">
    <p class='ocr_par' dir='ltr' id='par_1_15' title="bbox 323 1463 1903 1537">
     <span class='ocr_line' id='line_1_15' title="bbox 323 1463 1903 1537; baseline -0.002 -18"><span class='ocrx_word' id='word_1_67' title='bbox 323 1464 775 1537; x_wconf 78' lang='grc' dir='ltr'>Γεννησαρίτιδος</span> <span class='ocrx_word' id='word_1_68' title='bbox 809 1464 1029 1535; x_wconf 74' lang='grc' dir='ltr'>λίμνης,</span> <span class='ocrx_word' id='word_1_69' title='bbox 1065 1464 1161 1519; x_wconf 80' lang='grc' dir='ltr'><strong>καὶ</strong></span> <span class='ocrx_word' id='word_1_70' title='bbox 1208 1463 1305 1535; x_wconf 79' lang='grc' dir='ltr'><strong>τὴν</strong></span> <span class='ocrx_word' id='word_1_71' title='bbox 1355 1463 1579 1518; x_wconf 83' lang='grc' dir='ltr'>κοιλάδα</span> <span class='ocrx_word' id='word_1_72' title='bbox 1633 1463 1903 1534; x_wconf 77' lang='grc' dir='ltr'>καλουμέ-</span> 
     </span>
    </p>
   </div>
   <div class='ocr_carea' id='block_1_16' title="bbox 324 1555 1294 1627">
    <p class='ocr_par' dir='ltr' id='par_1_16' title="bbox 324 1555 1294 1627">
     <span class='ocr_line' id='line_1_16' title="bbox 324 1555 1294 1627; baseline 0 -18"><span class='ocrx_word' id='word_1_73' title='bbox 324 1572 445 1626; x_wconf 87' lang='grc' dir='ltr'>νην.</span> <span class='ocrx_word' id='word_1_74' title='bbox 470 1555 780 1627; x_wconf 79' lang='grc' dir='ltr'>Φερεζαίων</span> <span class='ocrx_word' id='word_1_75' title='bbox 808 1556 903 1608; x_wconf 75' lang='grc' dir='ltr'><strong>καὶ</strong></span> <span class='ocrx_word' id='word_1_76' title='bbox 928 1556 1012 1608; x_wconf 85' lang='grc' dir='ltr'>ὅδε</span> <span class='ocrx_word' id='word_1_77' title='bbox 1047 1557 1075 1608; x_wconf 79' lang='grc' dir='ltr'><strong>ὁ</strong></span> <span class='ocrx_word' id='word_1_78' title='bbox 1099 1555 1294 1627; x_wconf 86' lang='grc' dir='ltr'>χῶρος.</span> 
     </span>
    </p>
   </div>
   <div class='ocr_carea' id='block_1_17' title="bbox 398 1645 1902 1719">
    <p class='ocr_par' dir='ltr' id='par_1_17' title="bbox 398 1645 1902 1719">
     <span class='ocr_line' id='line_1_17' title="bbox 398 1645 1902 1719; baseline -0.001 -18"><span class='ocrx_word' id='word_1_79' title='bbox 398 1646 569 1714; x_wconf 78' lang='grc' dir='ltr'><strong>Φυλὴ</strong></span> <span class='ocrx_word' id='word_1_80' title='bbox 619 1645 828 1715; x_wconf 76' lang='grc' dir='ltr'>Ἀσὴρ,</span> <span class='ocrx_word' id='word_1_81' title='bbox 858 1645 930 1699; x_wconf 74' lang='grc' dir='ltr'>τά</span> <span class='ocrx_word' id='word_1_82' title='bbox 974 1648 1104 1719; x_wconf 78' lang='grc' dir='ltr'>περὶ</span> <span class='ocrx_word' id='word_1_83' title='bbox 1156 1646 1363 1701; x_wconf 83' lang='grc' dir='ltr'>Σιδῶνα</span> <span class='ocrx_word' id='word_1_84' title='bbox 1413 1646 1794 1719; x_wconf 78' lang='grc' dir='ltr'><strong>τετραμμένα,</strong></span> <span class='ocrx_word' id='word_1_85' title='bbox 1843 1648 1902 1700; x_wconf 76' lang='grc' dir='ltr'>ἐν</span> 
     </span>
    </p>
   </div>
   <div class='ocr_carea' id='block_1_18' title="bbox 322 1732 1793 1811">
    <p class='ocr_par' dir='ltr' id='par_1_18' title="bbox 322 1732 1793 1811">
     <span class='ocr_line' id='line_1_18' title="bbox 322 1732 1793 1811; baseline 0.001 -20"><span class='ocrx_word' id='word_1_86' title='bbox 322 1732 404 1802; x_wconf 74' lang='grc' dir='ltr'>οἷς</span> <span class='ocrx_word' id='word_1_87' title='bbox 430 1739 527 1792; x_wconf 69' lang='grc' dir='ltr'><strong>καὶ</strong></span> <span class='ocrx_word' id='word_1_88' title='bbox 556 1738 710 1802; x_wconf 83' lang='grc' dir='ltr'>πόλις</span> <span class='ocrx_word' id='word_1_89' title='bbox 746 1739 978 1810; x_wconf 72' lang='grc' dir='ltr'><strong>ΙἌρκης.</strong></span> <span class='ocrx_word' id='word_1_90' title='bbox 1012 1738 1335 1793; x_wconf 80' lang='grc' dir='ltr'><strong>Χαναναίων</strong></span> <span class='ocrx_word' id='word_1_91' title='bbox 1363 1740 1396 1810; x_wconf 78' lang='grc' dir='ltr'><strong>ἡ</strong></span> <span class='ocrx_word' id='word_1_92' title='bbox 1426 1738 1601 1811; x_wconf 86' lang='grc' dir='ltr'>χώρα.</span> <span class='ocrx_word' id='word_1_93' title='bbox 1787 1785 1793 1792; x_wconf 91' lang='grc'><strong>.</strong></span> 
     </span>
    </p>
   </div>
   <div class='ocr_carea' id='block_1_19' title="bbox 394 1828 1902 1900">
    <p class='ocr_par' dir='ltr' id='par_1_19' title="bbox 394 1828 1902 1900">
     <span class='ocr_line' id='line_1_19' title="bbox 394 1828 1902 1900; baseline 0.001 -17"><span class='ocrx_word' id='word_1_94' title='bbox 394 1828 566 1898; x_wconf 71' lang='grc' dir='ltr'>Φυλή</span> <span class='ocrx_word' id='word_1_95' title='bbox 596 1829 958 1899; x_wconf 64' lang='grc' dir='ltr'>Νεφθαλείμ,</span> <span class='ocrx_word' id='word_1_96' title='bbox 1001 1829 1068 1883; x_wconf 82' lang='grc' dir='ltr'>τὰ</span> <span class='ocrx_word' id='word_1_97' title='bbox 1102 1828 1229 1899; x_wconf 71' lang='grc' dir='ltr'>περὶ</span> <span class='ocrx_word' id='word_1_98' title='bbox 1257 1830 1569 1900; x_wconf 84' lang='grc' dir='ltr'>Δαμασκὸν,</span> <span class='ocrx_word' id='word_1_99' title='bbox 1613 1830 1902 1896; x_wconf 81' lang='grc' dir='ltr'>Γαλιλαίας</span> 
     </span>
    </p>
   </div>
   <div class='ocr_carea' id='block_1_20' title="bbox 2004 639 3586 715">
    <p class='ocr_par' dir='ltr' id='par_1_20' title="bbox 2004 639 3586 715">
     <span class='ocr_line' id='line_1_20' title="bbox 2004 639 3586 715; baseline 0.012 -24"><span class='ocrx_word' id='word_1_100' title='bbox 2004 653 2125 692; x_wconf 91' lang='lat' dir='ltr'><strong>rum</strong></span> <span class='ocrx_word' id='word_1_101' title='bbox 2159 639 2334 705; x_wconf 82' lang='lat' dir='ltr'><strong>sedes,</strong></span> <span class='ocrx_word' id='word_1_102' title='bbox 2375 641 2820 697; x_wconf 72' lang='lat' dir='ltr'><strong>Amorrbseorum</strong></span> <span class='ocrx_word' id='word_1_103' title='bbox 2852 644 2996 699; x_wconf 88' lang='lat' dir='ltr'><strong>circa</strong></span> <span class='ocrx_word' id='word_1_104' title='bbox 3036 643 3255 715; x_wconf 82' lang='lat' dir='ltr'><strong>Bethel;</strong></span> <span class='ocrx_word' id='word_1_105' title='bbox 3307 646 3586 709; x_wconf 66' lang='lat' dir='ltr'><strong>Iebusazo-</strong></span> 
     </span>
    </p>
   </div>
   <div class='ocr_carea' id='block_1_21' title="bbox 2004 730 3261 804">
    <p class='ocr_par' dir='ltr' id='par_1_21' title="bbox 2004 730 3261 804">
     <span class='ocr_line' id='line_1_21' title="bbox 2004 730 3261 804; baseline 0.006 -20"><span class='ocrx_word' id='word_1_106' title='bbox 2004 746 2125 784; x_wconf 90' lang='lat' dir='ltr'><strong>rum</strong></span> <span class='ocrx_word' id='word_1_107' title='bbox 2159 732 2303 786; x_wconf 88' lang='lat' dir='ltr'><strong>circa</strong></span> <span class='ocrx_word' id='word_1_108' title='bbox 2336 730 2730 804; x_wconf 87' lang='lat' dir='ltr'><strong>Hierosolyma.</strong></span> <span class='ocrx_word' id='word_1_109' title='bbox 3253 753 3261 759; x_wconf 75' lang='lat'><strong>&#39;</strong></span> 
     </span>
    </p>
   </div>
   <div class='ocr_carea' id='block_1_22' title="bbox 2078 822 3573 908">
    <p class='ocr_par' dir='ltr' id='par_1_22' title="bbox 2078 822 3573 908">
     <span class='ocr_line' id='line_1_22' title="bbox 2078 822 3573 908; baseline 0.013 -34"><span class='ocrx_word' id='word_1_110' title='bbox 2078 822 2267 877; x_wconf 82' lang='lat' dir='ltr'><strong>Tribus</strong></span> <span class='ocrx_word' id='word_1_111' title='bbox 2299 823 2541 891; x_wconf 74' lang='lat' dir='ltr'><strong>Epltrwm</strong></span> <span class='ocrx_word' id='word_1_112' title='bbox 2578 842 2597 879; x_wconf 89' lang='lat'><strong><em>:</em></strong></span> <span class='ocrx_word' id='word_1_113' title='bbox 2626 841 2655 880; x_wconf 68' lang='grc' dir='ltr'><strong>δ</strong></span> <span class='ocrx_word' id='word_1_114' title='bbox 2696 825 2880 884; x_wconf 80' lang='lat' dir='ltr'><strong>Bethel</strong></span> <span class='ocrx_word' id='word_1_115' title='bbox 2913 846 3080 903; x_wconf 86' lang='lat' dir='ltr'><strong>prope</strong></span> <span class='ocrx_word' id='word_1_116' title='bbox 3107 850 3359 908; x_wconf 86' lang='lat' dir='ltr'><strong>magnam</strong></span> <span class='ocrx_word' id='word_1_117' title='bbox 3395 839 3573 908; x_wconf 88' lang='lat' dir='ltr'><strong>plani-</strong></span> 
     </span>
    </p>
   </div>
   <div class='ocr_carea' id='block_1_23' title="bbox 2005 910 3579 990">
    <p class='ocr_par' dir='ltr' id='par_1_23' title="bbox 2005 910 3579 990">
     <span class='ocr_line' id='line_1_23' title="bbox 2005 910 3579 990; baseline 0.014 -26"><span class='ocrx_word' id='word_1_118' title='bbox 2005 910 2131 965; x_wconf 90' lang='lat' dir='ltr'><strong>tiem</strong></span> <span class='ocrx_word' id='word_1_119' title='bbox 2171 928 2343 983; x_wconf 81' lang='lat' dir='ltr'><strong>usque</strong></span> <span class='ocrx_word' id='word_1_120' title='bbox 2391 914 2457 967; x_wconf 87' lang='lat' dir='ltr'><strong>ad</strong></span> <span class='ocrx_word' id='word_1_121' title='bbox 2496 913 2725 971; x_wconf 87' lang='lat' dir='ltr'><strong>Gazara.</strong></span> <span class='ocrx_word' id='word_1_122' title='bbox 2764 919 2847 974; x_wconf 87' lang='lat' dir='ltr'><strong>Ab</strong></span> <span class='ocrx_word' id='word_1_123' title='bbox 2882 918 3141 990; x_wconf 84' lang='lat' dir='ltr'><strong>Iordane,</strong></span> <span class='ocrx_word' id='word_1_124' title='bbox 3190 928 3346 983; x_wconf 85' lang='lat' dir='ltr'><strong>sedes</strong></span> <span class='ocrx_word' id='word_1_125' title='bbox 3374 926 3579 985; x_wconf 82' lang='lat' dir='ltr'><strong>Phere-</strong></span> 
     </span>
    </p>
   </div>
   <div class='ocr_carea' id='block_1_24' title="bbox 2003 1005 3287 1076">
    <p class='ocr_par' dir='ltr' id='par_1_24' title="bbox 2003 1005 3287 1076">
     <span class='ocr_line' id='line_1_24' title="bbox 2003 1005 3287 1076; baseline 0.012 -20"><span class='ocrx_word' id='word_1_126' title='bbox 2003 1017 2263 1071; x_wconf 63' lang='grc' dir='ltr'>πίθοι-ωτι,</span> <span class='ocrx_word' id='word_1_127' title='bbox 2289 1005 2757 1076; x_wconf 72' lang='lat' dir='ltr'><strong>Amorrbaeorum,</strong></span> <span class='ocrx_word' id='word_1_128' title='bbox 2795 1010 3287 1071; x_wconf 67' lang='lat' dir='ltr'><strong>Samorrhaaorum.</strong></span> 
     </span>
    </p>
   </div>
   <div class='ocr_carea' id='block_1_25' title="bbox 2076 1094 3580 1183">
    <p class='ocr_par' dir='ltr' id='par_1_25' title="bbox 2076 1094 3580 1183">
     <span class='ocr_line' id='line_1_25' title="bbox 2076 1094 3580 1183; baseline 0.014 -37"><span class='ocrx_word' id='word_1_129' title='bbox 2076 1094 2266 1150; x_wconf 79' lang='lat' dir='ltr'><strong>Tribus</strong></span> <span class='ocrx_word' id='word_1_130' title='bbox 2321 1096 2573 1151; x_wconf 79' lang='lat' dir='ltr'><strong>lssacltar</strong></span> <span class='ocrx_word' id='word_1_131' title='bbox 2601 1116 2620 1153; x_wconf 89' lang='lat'><strong><em>:</em></strong></span> <span class='ocrx_word' id='word_1_132' title='bbox 2660 1100 2969 1159; x_wconf 88' lang='lat' dir='ltr'><strong>Carmelum</strong></span> <span class='ocrx_word' id='word_1_133' title='bbox 3013 1116 3254 1165; x_wconf 87' lang='lat' dir='ltr'><strong>montem</strong></span> <span class='ocrx_word' id='word_1_134' title='bbox 3296 1118 3351 1165; x_wconf 90' lang='lat' dir='ltr'><strong>et</strong></span> <span class='ocrx_word' id='word_1_135' title='bbox 3398 1111 3580 1183; x_wconf 83' lang='lat' dir='ltr'><strong>ltahy-</strong></span> 
     </span>
    </p>
   </div>
   <div class='ocr_carea' id='block_1_26' title="bbox 2003 1186 3582 1266">
    <p class='ocr_par' dir='ltr' id='par_1_26' title="bbox 2003 1186 3582 1266">
     <span class='ocr_line' id='line_1_26' title="bbox 2003 1186 3582 1266; baseline 0.012 -25"><span class='ocrx_word' id='word_1_136' title='bbox 2003 1186 2148 1242; x_wconf 87' lang='lat' dir='ltr'><strong>rium</strong></span> <span class='ocrx_word' id='word_1_137' title='bbox 2199 1190 2329 1244; x_wconf 83' lang='lat' dir='ltr'><strong>item</strong></span> <span class='ocrx_word' id='word_1_138' title='bbox 2382 1202 2642 1258; x_wconf 79' lang='lat' dir='ltr'><strong>montem,</strong></span> <span class='ocrx_word' id='word_1_139' title='bbox 2678 1198 2876 1266; x_wconf 89' lang='lat' dir='ltr'><strong>quibus</strong></span> <span class='ocrx_word' id='word_1_140' title='bbox 2921 1198 3121 1256; x_wconf 82' lang='lat' dir='ltr'><strong>ﬂumen</strong></span> <span class='ocrx_word' id='word_1_141' title='bbox 3164 1202 3365 1261; x_wconf 81' lang='lat' dir='ltr'><strong>limites</strong></span> <span class='ocrx_word' id='word_1_142' title='bbox 3404 1213 3582 1261; x_wconf 87' lang='lat' dir='ltr'><strong>erant.</strong></span> 
     </span>
    </p>
   </div>
   <div class='ocr_carea' id='block_1_27' title="bbox 2004 1278 3191 1354">
    <p class='ocr_par' dir='ltr' id='par_1_27' title="bbox 2004 1278 3191 1354">
     <span class='ocr_line' id='line_1_27' title="bbox 2004 1278 3191 1354; baseline 0.013 -21"><span class='ocrx_word' id='word_1_143' title='bbox 2004 1278 2103 1336; x_wconf 78' lang='lat' dir='ltr'><strong>llic</strong></span> <span class='ocrx_word' id='word_1_144' title='bbox 2138 1297 2357 1354; x_wconf 88' lang='lat' dir='ltr'><strong>quoque</strong></span> <span class='ocrx_word' id='word_1_145' title='bbox 2385 1294 2592 1343; x_wconf 88' lang='lat' dir='ltr'><strong>tractus</strong></span> <span class='ocrx_word' id='word_1_146' title='bbox 2627 1285 3039 1347; x_wconf 64' lang='lat' dir='ltr'><strong>Pherezazorum</strong></span> <span class='ocrx_word' id='word_1_147' title='bbox 3073 1293 3191 1349; x_wconf 81' lang='lat' dir='ltr'><strong>fuit.</strong></span> 
     </span>
    </p>
   </div>
   <div class='ocr_carea' id='block_1_28' title="bbox 2076 1371 3583 1454">
    <p class='ocr_par' dir='ltr' id='par_1_28' title="bbox 2076 1371 3583 1454">
     <span class='ocr_line' id='line_1_28' title="bbox 2076 1371 3583 1454; baseline 0.013 -29"><span class='ocrx_word' id='word_1_148' title='bbox 2076 1371 2263 1428; x_wconf 78' lang='lat' dir='ltr'><strong>Tribus</strong></span> <span class='ocrx_word' id='word_1_149' title='bbox 2291 1375 2531 1431; x_wconf 81' lang='lat' dir='ltr'><strong>Zabulou</strong></span> <span class='ocrx_word' id='word_1_150' title='bbox 2562 1395 2581 1432; x_wconf 88' lang='lat'><strong><em>:</em></strong></span> <span class='ocrx_word' id='word_1_151' title='bbox 2622 1395 2651 1434; x_wconf 84' lang='lat' dir='ltr'><strong>a</strong></span> <span class='ocrx_word' id='word_1_152' title='bbox 2688 1379 2911 1438; x_wconf 82' lang='lat' dir='ltr'><strong>ﬂumine</strong></span> <span class='ocrx_word' id='word_1_153' title='bbox 2942 1399 3117 1454; x_wconf 84' lang='lat' dir='ltr'><strong>usque</strong></span> <span class='ocrx_word' id='word_1_154' title='bbox 3147 1385 3211 1441; x_wconf 89' lang='lat' dir='ltr'><strong>ad</strong></span> <span class='ocrx_word' id='word_1_155' title='bbox 3242 1386 3416 1443; x_wconf 87' lang='lat' dir='ltr'><strong>lacum</strong></span> <span class='ocrx_word' id='word_1_156' title='bbox 3438 1388 3583 1444; x_wconf 50' lang='lat' dir='ltr'><strong>Gen-</strong></span> 
     </span>
    </p>
   </div>
   <div class='ocr_carea' id='block_1_29' title="bbox 2004 1467 3582 1546">
    <p class='ocr_par' dir='ltr' id='par_1_29' title="bbox 2004 1467 3582 1546">
     <span class='ocr_line' id='line_1_29' title="bbox 2004 1467 3582 1546; baseline 0.012 -30"><span class='ocrx_word' id='word_1_157' title='bbox 2004 1467 2366 1523; x_wconf 80' lang='lat' dir='ltr'><strong>uezaretidos.</strong></span> <span class='ocrx_word' id='word_1_158' title='bbox 2430 1469 2563 1525; x_wconf 88' lang='lat' dir='ltr'><strong>Item</strong></span> <span class='ocrx_word' id='word_1_159' title='bbox 2614 1480 2845 1529; x_wconf 90' lang='lat' dir='ltr'><strong>tractum</strong></span> <span class='ocrx_word' id='word_1_160' title='bbox 2893 1476 2988 1546; x_wconf 88' lang='lat' dir='ltr'><strong>qui</strong></span> <span class='ocrx_word' id='word_1_161' title='bbox 3031 1476 3203 1535; x_wconf 84' lang='lat' dir='ltr'><strong>Vallis</strong></span> <span class='ocrx_word' id='word_1_162' title='bbox 3273 1478 3582 1537; x_wconf 85' lang='lat' dir='ltr'><strong>dicebatur.</strong></span> 
     </span>
    </p>
   </div>
   <div class='ocr_carea' id='block_1_30' title="bbox 2000 1556 3135 1634">
    <p class='ocr_par' dir='ltr' id='par_1_30' title="bbox 2000 1556 3135 1634">
     <span class='ocr_line' id='line_1_30' title="bbox 2000 1556 3135 1634; baseline 0.015 -23"><span class='ocrx_word' id='word_1_163' title='bbox 2000 1556 2109 1613; x_wconf 88' lang='lat' dir='ltr'><strong>Ista</strong></span> <span class='ocrx_word' id='word_1_164' title='bbox 2144 1575 2363 1631; x_wconf 89' lang='lat' dir='ltr'><strong>quoque</strong></span> <span class='ocrx_word' id='word_1_165' title='bbox 2392 1566 2542 1634; x_wconf 83' lang='lat' dir='ltr'><strong>regio</strong></span> <span class='ocrx_word' id='word_1_166' title='bbox 2569 1564 2979 1625; x_wconf 73' lang='lat' dir='ltr'><strong>Pberczzeorum</strong></span> <span class='ocrx_word' id='word_1_167' title='bbox 3010 1571 3135 1628; x_wconf 83' lang='lat' dir='ltr'><strong>fuit.</strong></span> 
     </span>
    </p>
   </div>
   <div class='ocr_carea' id='block_1_31' title="bbox 2077 1650 3581 1735">
    <p class='ocr_par' dir='ltr' id='par_1_31' title="bbox 2077 1650 3581 1735">
     <span class='ocr_line' id='line_1_31' title="bbox 2077 1650 3581 1735; baseline 0.013 -32"><span class='ocrx_word' id='word_1_168' title='bbox 2077 1650 2264 1706; x_wconf 80' lang='lat' dir='ltr'><strong>Tribus</strong></span> <span class='ocrx_word' id='word_1_169' title='bbox 2293 1654 2463 1709; x_wconf 84' lang='lat' dir='ltr'><strong>Aser:</strong></span> <span class='ocrx_word' id='word_1_170' title='bbox 2496 1658 2773 1727; x_wconf 76' lang='lat' dir='ltr'><strong>regionem</strong></span> <span class='ocrx_word' id='word_1_171' title='bbox 2813 1676 2935 1731; x_wconf 60' lang='lat' dir='ltr'><strong>qua!</strong></span> <span class='ocrx_word' id='word_1_172' title='bbox 2963 1665 3140 1735; x_wconf 83' lang='lat' dir='ltr'><strong>vergit</strong></span> <span class='ocrx_word' id='word_1_173' title='bbox 3173 1666 3241 1722; x_wconf 88' lang='lat' dir='ltr'><strong>ad</strong></span> <span class='ocrx_word' id='word_1_174' title='bbox 3277 1665 3535 1723; x_wconf 90' lang='lat' dir='ltr'><strong>Sidonem</strong></span> <span class='ocrx_word' id='word_1_175' title='bbox 3565 1707 3581 1735; x_wconf 90' lang='lat'><strong>,</strong></span> 
     </span>
    </p>
   </div>
   <div class='ocr_carea' id='block_1_32' title="bbox 2002 1743 3239 1815">
    <p class='ocr_par' dir='ltr' id='par_1_32' title="bbox 2002 1743 3239 1815">
     <span class='ocr_line' id='line_1_32' title="bbox 2002 1743 3239 1815; baseline 0.015 -18"><span class='ocrx_word' id='word_1_176' title='bbox 2002 1743 2095 1798; x_wconf 91' lang='lat' dir='ltr'><strong>ubi</strong></span> <span class='ocrx_word' id='word_1_177' title='bbox 2132 1754 2186 1799; x_wconf 90' lang='lat' dir='ltr'><strong>et</strong></span> <span class='ocrx_word' id='word_1_178' title='bbox 2218 1747 2409 1803; x_wconf 78' lang='lat' dir='ltr'><strong>civitas</strong></span> <span class='ocrx_word' id='word_1_179' title='bbox 2444 1748 2635 1805; x_wconf 84' lang='lat' dir='ltr'><strong>Arces.</strong></span> <span class='ocrx_word' id='word_1_180' title='bbox 2658 1750 3088 1812; x_wconf 72' lang='lat' dir='ltr'><strong>Chananzeorum</strong></span> <span class='ocrx_word' id='word_1_181' title='bbox 3114 1758 3239 1815; x_wconf 80' lang='lat' dir='ltr'><strong>fuit.</strong></span> 
     </span>
    </p>
   </div>
   <div class='ocr_carea' id='block_1_33' title="bbox 2079 1836 3581 1916">
    <p class='ocr_par' dir='ltr' id='par_1_33' title="bbox 2079 1836 3581 1916">
     <span class='ocr_line' id='line_1_33' title="bbox 2079 1836 3581 1916; baseline 0.014 -27"><span class='ocrx_word' id='word_1_182' title='bbox 2079 1836 2268 1892; x_wconf 77' lang='lat' dir='ltr'><strong>Tribus</strong></span> <span class='ocrx_word' id='word_1_183' title='bbox 2317 1838 2659 1910; x_wconf 78' lang='lat' dir='ltr'><strong>Nepltt/talim</strong></span> <span class='ocrx_word' id='word_1_184' title='bbox 2695 1861 2714 1898; x_wconf 88' lang='lat'><em>:</em></span> <span class='ocrx_word' id='word_1_185' title='bbox 2750 1847 3024 1916; x_wconf 84' lang='lat' dir='ltr'><strong>regionem</strong></span> <span class='ocrx_word' id='word_1_186' title='bbox 3074 1851 3217 1906; x_wconf 86' lang='lat' dir='ltr'><strong>circa</strong></span> <span class='ocrx_word' id='word_1_187' title='bbox 3254 1851 3581 1909; x_wconf 85' lang='lat' dir='ltr'><strong>Damascum</strong></span> 
     </span>
    </p>
   </div>
   <div class='ocr_carea' id='block_1_34' title="bbox 323 1903 1896 2014">
    <p class='ocr_par' dir='ltr' id='par_1_34' title="bbox 323 1920 1896 1995">
     <span class='ocr_line' id='line_1_34' title="bbox 323 1920 1896 1995; baseline 0.003 -22"><span class='ocrx_word' id='word_1_188' title='bbox 323 1920 671 1992; x_wconf 82' lang='grc' dir='ltr'><strong>καθύπερθεν</strong></span> <span class='ocrx_word' id='word_1_189' title='bbox 701 1922 796 1974; x_wconf 75' lang='grc' dir='ltr'><strong>καὶ</strong></span> <span class='ocrx_word' id='word_1_190' title='bbox 824 1920 934 1974; x_wconf 85' lang='grc' dir='ltr'>τῶν</span> <span class='ocrx_word' id='word_1_191' title='bbox 976 1921 1243 1992; x_wconf 79' lang='grc' dir='ltr'>Ἰορδάνου</span> <span class='ocrx_word' id='word_1_192' title='bbox 1272 1921 1489 1992; x_wconf 83' lang='grc' dir='ltr'>πηγῶν,</span> <span class='ocrx_word' id='word_1_193' title='bbox 1534 1922 1592 1978; x_wconf 86' lang='grc' dir='ltr'>αῖ</span> <span class='ocrx_word' id='word_1_194' title='bbox 1618 1922 1676 1977; x_wconf 87' lang='grc' dir='ltr'>τὸ</span> <span class='ocrx_word' id='word_1_195' title='bbox 1698 1924 1815 1995; x_wconf 83' lang='grc' dir='ltr'><strong>ρεῑν</strong></span> <span class='ocrx_word' id='word_1_196' title='bbox 1838 1924 1896 1977; x_wconf 81' lang='grc' dir='ltr'>ἐκ</span> 
     </span>
    </p>
   </div>
   <div class='ocr_carea' id='block_1_35' title="bbox 2003 1903 3586 2014">
    <p class='ocr_par' dir='ltr' id='par_1_35' title="bbox 2011 1903 3586 2014">
     <span class='ocr_line' id='line_1_35' title="bbox 2011 1903 3586 2014; baseline 0.013 -31"><span class='ocrx_word' id='word_1_197' title='bbox 2011 1929 2150 1984; x_wconf 89' lang='lat' dir='ltr'><strong>ultra</strong></span> <span class='ocrx_word' id='word_1_198' title='bbox 2197 1929 2475 1987; x_wconf 65' lang='lat' dir='ltr'><strong>Galila&#39;am</strong></span> <span class='ocrx_word' id='word_1_199' title='bbox 2525 1944 2581 1989; x_wconf 94' lang='lat' dir='ltr'><strong>et</strong></span> <span class='ocrx_word' id='word_1_200' title='bbox 2638 1903 2840 1993; x_wconf 64' lang='lat' dir='ltr'><strong>fonte;</strong></span> <span class='ocrx_word' id='word_1_201' title='bbox 2864 1938 3142 2011; x_wconf 79' lang='lat' dir='ltr'><strong>Iordanis,</strong></span> <span class='ocrx_word' id='word_1_202' title='bbox 3178 1945 3270 2014; x_wconf 88' lang='lat' dir='ltr'><strong>qui</strong></span> <span class='ocrx_word' id='word_1_203' title='bbox 3302 1946 3356 2001; x_wconf 91' lang='lat' dir='ltr'><strong>in</strong></span> <span class='ocrx_word' id='word_1_204' title='bbox 3401 1956 3586 2003; x_wconf 89' lang='lat' dir='ltr'><strong>monte</strong></span> 
     </span>
    </p>
   </div>
   <div class='ocr_carea' id='block_1_36' title="bbox 323 2009 1596 2084">
    <p class='ocr_par' dir='ltr' id='par_1_36' title="bbox 323 2009 1596 2084">
     <span class='ocr_line' id='line_1_36' title="bbox 323 2009 1596 2084; baseline 0.003 -22"><span class='ocrx_word' id='word_1_205' title='bbox 323 2009 418 2062; x_wconf 78' lang='grc' dir='ltr'><strong>τοῦ</strong></span> <span class='ocrx_word' id='word_1_206' title='bbox 453 2009 614 2081; x_wconf 81' lang='grc' dir='ltr'>ὅρους</span> <span class='ocrx_word' id='word_1_207' title='bbox 651 2009 855 2081; x_wconf 83' lang='grc' dir='ltr'>ἔχουσι.</span> <span class='ocrx_word' id='word_1_208' title='bbox 891 2009 1062 2064; x_wconf 79' lang='grc' dir='ltr'>Τοῦτο</span> <span class='ocrx_word' id='word_1_209' title='bbox 1090 2011 1332 2066; x_wconf 85' lang='grc' dir='ltr'>Κιναίων</span> <span class='ocrx_word' id='word_1_210' title='bbox 1361 2013 1392 2083; x_wconf 80' lang='grc' dir='ltr'>ἡ</span> <span class='ocrx_word' id='word_1_211' title='bbox 1422 2011 1596 2084; x_wconf 81' lang='grc' dir='ltr'>χώρα.</span> 
     </span>
    </p>
   </div>
   <div class='ocr_carea' id='block_1_37' title="bbox 398 2098 1900 2171">
    <p class='ocr_par' dir='ltr' id='par_1_37' title="bbox 398 2098 1900 2171">
     <span class='ocr_line' id='line_1_37' title="bbox 398 2098 1900 2171; baseline 0.003 -20"><span class='ocrx_word' id='word_1_212' title='bbox 398 2098 569 2165; x_wconf 61' lang='lat' dir='ltr'><strong>(buli)</strong></span> <span class='ocrx_word' id='word_1_213' title='bbox 602 2098 744 2162; x_wconf 78' lang='grc' dir='ltr'><strong>Δὰν,</strong></span> <span class='ocrx_word' id='word_1_214' title='bbox 775 2099 843 2153; x_wconf 80' lang='grc' dir='ltr'><strong>τὰ</strong></span> <span class='ocrx_word' id='word_1_215' title='bbox 887 2100 1013 2168; x_wconf 78' lang='grc' dir='ltr'>περὶ</span> <span class='ocrx_word' id='word_1_216' title='bbox 1051 2100 1312 2166; x_wconf 72' lang='grc' dir='ltr'>Ἄζωτον,</span> <span class='ocrx_word' id='word_1_217' title='bbox 1354 2102 1597 2171; x_wconf 88' lang='grc' dir='ltr'>Ἰαμνίαν</span> <span class='ocrx_word' id='word_1_218' title='bbox 1644 2102 1737 2155; x_wconf 73' lang='grc' dir='ltr'>καὶ</span> <span class='ocrx_word' id='word_1_219' title='bbox 1772 2103 1900 2155; x_wconf 88' lang='grc' dir='ltr'><strong>Γίτ-</strong></span> 
     </span>
    </p>
   </div>
   <div class='ocr_carea' id='block_1_38' title="bbox 322 2189 1900 2266">
    <p class='ocr_par' dir='ltr' id='par_1_38' title="bbox 322 2189 1900 2266">
     <span class='ocr_line' id='line_1_38' title="bbox 322 2189 1900 2266; baseline -0.004 -22"><span class='ocrx_word' id='word_1_220' title='bbox 322 2208 444 2256; x_wconf 81' lang='grc' dir='ltr'>ταν,</span> <span class='ocrx_word' id='word_1_221' title='bbox 479 2191 585 2245; x_wconf 74' lang='grc' dir='ltr'><strong>άπὸ</strong></span> <span class='ocrx_word' id='word_1_222' title='bbox 624 2191 969 2262; x_wconf 72' lang='grc' dir='ltr'>’Δκκάρωνος</span> <span class='ocrx_word' id='word_1_223' title='bbox 999 2193 1105 2255; x_wconf 73' lang='grc' dir='ltr'>ἕως</span> <span class='ocrx_word' id='word_1_224' title='bbox 1137 2193 1319 2263; x_wconf 75' lang='grc' dir='ltr'>ὅρους,</span> <span class='ocrx_word' id='word_1_225' title='bbox 1343 2193 1402 2258; x_wconf 71' lang='grc' dir='ltr'><strong>ἐξ</strong></span> <span class='ocrx_word' id='word_1_226' title='bbox 1433 2189 1493 2248; x_wconf 73' lang='grc' dir='ltr'><strong>οὗ</strong></span> <span class='ocrx_word' id='word_1_227' title='bbox 1524 2195 1556 2266; x_wconf 84' lang='grc' dir='ltr'><strong>ή</strong></span> <span class='ocrx_word' id='word_1_228' title='bbox 1602 2195 1771 2248; x_wconf 82' lang='grc' dir='ltr'>Ἰούδα</span> <span class='ocrx_word' id='word_1_229' title='bbox 1796 2191 1900 2266; x_wconf 79' lang='grc' dir='ltr'><strong>ἦρ-</strong></span> 
     </span>
    </p>
   </div>
   <div class='ocr_carea' id='block_1_39' title="bbox 324 2280 1899 2356">
    <p class='ocr_par' dir='ltr' id='par_1_39' title="bbox 324 2280 1899 2356">
     <span class='ocr_line' id='line_1_39' title="bbox 324 2280 1899 2356; baseline 0.003 -22"><span class='ocrx_word' id='word_1_230' title='bbox 324 2297 452 2335; x_wconf 83' lang='grc' dir='ltr'>κται</span> <span class='ocrx_word' id='word_1_231' title='bbox 483 2280 649 2352; x_wconf 84' lang='grc' dir='ltr'>φυλή.</span> <span class='ocrx_word' id='word_1_232' title='bbox 686 2283 755 2335; x_wconf 77' lang='lat' dir='ltr'><strong>Ai</strong></span> <span class='ocrx_word' id='word_1_233' title='bbox 783 2283 839 2336; x_wconf 84' lang='grc' dir='ltr'>δὲ</span> <span class='ocrx_word' id='word_1_234' title='bbox 868 2282 1188 2353; x_wconf 79' lang='grc' dir='ltr'>κληρουχίαι</span> <span class='ocrx_word' id='word_1_235' title='bbox 1234 2285 1428 2350; x_wconf 80' lang='grc' dir='ltr'>πᾶσαι,</span> <span class='ocrx_word' id='word_1_236' title='bbox 1479 2285 1587 2338; x_wconf 84' lang='grc' dir='ltr'><strong>άπὸ</strong></span> <span class='ocrx_word' id='word_1_237' title='bbox 1634 2285 1899 2356; x_wconf 81' lang='grc' dir='ltr'>ἀνατολῆς</span> 
     </span>
    </p>
   </div>
   <div class='ocr_carea' id='block_1_40' title="bbox 322 2372 1897 2449">
    <p class='ocr_par' dir='ltr' id='par_1_40' title="bbox 322 2372 1897 2449">
     <span class='ocr_line' id='line_1_40' title="bbox 322 2372 1897 2449; baseline 0.004 -24"><span class='ocrx_word' id='word_1_238' title='bbox 322 2373 416 2426; x_wconf 68' lang='grc' dir='ltr'><strong>ἐπὶ</strong></span> <span class='ocrx_word' id='word_1_239' title='bbox 440 2372 594 2428; x_wconf 85' lang='grc' dir='ltr'>δύσιν</span> <span class='ocrx_word' id='word_1_240' title='bbox 616 2375 863 2443; x_wconf 80' lang='grc' dir='ltr'>ἐγένοντο</span> <span class='ocrx_word' id='word_1_241' title='bbox 884 2374 993 2428; x_wconf 87' lang='grc' dir='ltr'>τῶν</span> <span class='ocrx_word' id='word_1_242' title='bbox 1018 2375 1208 2429; x_wconf 84' lang='grc' dir='ltr'>πασῶν</span> <span class='ocrx_word' id='word_1_243' title='bbox 1238 2375 1441 2443; x_wconf 86' lang='grc' dir='ltr'>φυλῶν,</span> <span class='ocrx_word' id='word_1_244' title='bbox 1471 2376 1567 2431; x_wconf 75' lang='grc' dir='ltr'><strong>καὶ</strong></span> <span class='ocrx_word' id='word_1_245' title='bbox 1588 2376 1686 2449; x_wconf 79' lang='grc' dir='ltr'><strong>τὴν</strong></span> <span class='ocrx_word' id='word_1_246' title='bbox 1716 2378 1897 2448; x_wconf 84' lang='grc' dir='ltr'>παρά-</span> 
     </span>
    </p>
   </div>
   <div class='ocr_carea' id='block_1_41' title="bbox 322 2466 1645 2543">
    <p class='ocr_par' dir='ltr' id='par_1_41' title="bbox 322 2466 1645 2543">
     <span class='ocr_line' id='line_1_41' title="bbox 322 2466 1645 2543; baseline 0.006 -24"><span class='ocrx_word' id='word_1_247' title='bbox 322 2466 435 2520; x_wconf 86' lang='grc' dir='ltr'>λιον</span> <span class='ocrx_word' id='word_1_248' title='bbox 464 2467 812 2539; x_wconf 81' lang='grc' dir='ltr'>νειμαμένων</span> <span class='ocrx_word' id='word_1_249' title='bbox 845 2467 1213 2541; x_wconf 79' lang='grc' dir='ltr'>Παλαιστίνης</span> <span class='ocrx_word' id='word_1_250' title='bbox 1248 2470 1341 2525; x_wconf 78' lang='grc' dir='ltr'><strong>καὶ</strong></span> <span class='ocrx_word' id='word_1_251' title='bbox 1370 2472 1645 2543; x_wconf 76' lang='grc' dir='ltr'>Φοινίκης.</span> 
     </span>
    </p>
   </div>
   <div class='ocr_carea' id='block_1_42' title="bbox 326 2674 1899 2775">
    <p class='ocr_par' dir='ltr' id='par_1_42' title="bbox 326 2674 1899 2775">
     <span class='ocr_line' id='line_1_42' title="bbox 326 2674 1899 2775; baseline 0.008 -26"><span class='ocrx_word' id='word_1_252' title='bbox 326 2696 577 2775; x_wconf 52' lang='grc' dir='ltr'><strong>ΚΕΦΑΛ.</strong></span> <span class='ocrx_word' id='word_1_253' title='bbox 626 2699 748 2775; x_wconf 68' lang='lat' dir='ltr'><strong>AB’.</strong></span> <span class='ocrx_word' id='word_1_254' title='bbox 780 2729 852 2775; x_wconf 66' lang='grc' dir='ltr'><strong>τ-</strong></span> <span class='ocrx_word' id='word_1_255' title='bbox 906 2700 1072 2775; x_wconf 67' lang='grc' dir='ltr'><strong>Τὶνξς</strong></span> <span class='ocrx_word' id='word_1_256' title='bbox 1122 2702 1282 2757; x_wconf 72' lang='grc' dir='ltr'>εἰσιν</span> <span class='ocrx_word' id='word_1_257' title='bbox 1330 2704 1391 2757; x_wconf 81' lang='grc' dir='ltr'>αἱ</span> <span class='ocrx_word' id='word_1_258' title='bbox 1438 2704 1899 2775; x_wconf 58' lang='lat' dir='ltr'><strong>sam-absumpta</strong></span> 
     </span>
    </p>
   </div>
   <div class='ocr_carea' id='block_1_43' title="bbox 398 2768 1900 2846">
    <p class='ocr_par' dir='ltr' id='par_1_43' title="bbox 398 2768 1900 2846">
     <span class='ocr_line' id='line_1_43' title="bbox 398 2768 1900 2846; baseline 0.008 -26"><span class='ocrx_word' id='word_1_259' title='bbox 398 2768 743 2846; x_wconf 51' lang='grc' dir='ltr'>πόθειωεὶς</span> <span class='ocrx_word' id='word_1_260' title='bbox 774 2768 849 2837; x_wconf 80' lang='grc' dir='ltr'>ἂς</span> <span class='ocrx_word' id='word_1_261' title='bbox 889 2771 1258 2843; x_wconf 66' lang='grc' dir='ltr'><strong>κατέφευγον</strong></span> <span class='ocrx_word' id='word_1_262' title='bbox 1287 2777 1341 2828; x_wconf 83' lang='grc' dir='ltr'>οι</span> <span class='ocrx_word' id='word_1_263' title='bbox 1385 2768 1677 2831; x_wconf 63' lang='grc' dir='ltr'>ἀπὶοῦσιον</span> <span class='ocrx_word' id='word_1_264' title='bbox 1708 2768 1900 2846; x_wconf 61' lang='lat' dir='ltr'><strong>socii-or</strong></span> 
     </span>
    </p>
   </div>
   <div class='ocr_carea' id='block_1_44' title="bbox 398 2837 770 2907">
    <p class='ocr_par' dir='ltr' id='par_1_44' title="bbox 398 2837 770 2907">
     <span class='ocr_line' id='line_1_44' title="bbox 398 2837 770 2907; baseline 0.011 -18"><span class='ocrx_word' id='word_1_265' title='bbox 398 2837 770 2907; x_wconf 71' lang='grc' dir='ltr'>δεδρακότες.</span> 
     </span>
    </p>
   </div>
   <div class='ocr_carea' id='block_1_45' title="bbox 407 2976 1897 3059">
    <p class='ocr_par' dir='ltr' id='par_1_45' title="bbox 407 2976 1897 3059">
     <span class='ocr_line' id='line_1_45' title="bbox 407 2976 1897 3059; baseline 0.006 -30"><span class='ocrx_word' id='word_1_266' title='bbox 407 2976 497 3029; x_wconf 81' lang='grc' dir='ltr'>Ἐν</span> <span class='ocrx_word' id='word_1_267' title='bbox 534 2977 633 3047; x_wconf 82' lang='grc' dir='ltr'>μὲν</span> <span class='ocrx_word' id='word_1_268' title='bbox 670 2977 749 3049; x_wconf 78' lang='grc' dir='ltr'><strong>τῷ</strong></span> <span class='ocrx_word' id='word_1_269' title='bbox 782 2978 955 3050; x_wconf 82' lang='grc' dir='ltr'>πέραν</span> <span class='ocrx_word' id='word_1_270' title='bbox 997 2979 1089 3033; x_wconf 80' lang='grc' dir='ltr'><strong>τοῦ</strong></span> <span class='ocrx_word' id='word_1_271' title='bbox 1126 2980 1395 3053; x_wconf 83' lang='grc' dir='ltr'>Ἰορδάνου</span> <span class='ocrx_word' id='word_1_272' title='bbox 1434 2982 1492 3035; x_wconf 83' lang='grc' dir='ltr'>ἐν</span> <span class='ocrx_word' id='word_1_273' title='bbox 1522 2983 1691 3056; x_wconf 84' lang='grc' dir='ltr'>πεδίῳ</span> <span class='ocrx_word' id='word_1_274' title='bbox 1721 2985 1897 3059; x_wconf 81' lang='grc' dir='ltr'>φυλῆς</span> 
     </span>
    </p>
   </div>
   <div class='ocr_carea' id='block_1_46' title="bbox 337 3065 1517 3145">
    <p class='ocr_par' dir='ltr' id='par_1_46' title="bbox 337 3065 1517 3145">
     <span class='ocr_line' id='line_1_46' title="bbox 337 3065 1517 3145; baseline 0.007 -24"><span class='ocrx_word' id='word_1_275' title='bbox 337 3065 565 3139; x_wconf 82' lang='grc' dir='ltr'>Ῥουὸίμ</span> <span class='ocrx_word' id='word_1_276' title='bbox 586 3085 602 3101; x_wconf 76' lang='grc'><strong><em>⁸</em></strong></span> <span class='ocrx_word' id='word_1_277' title='bbox 630 3071 868 3139; x_wconf 84' lang='grc' dir='ltr'>Βοσορὴ</span> <span class='ocrx_word' id='word_1_278' title='bbox 901 3070 1035 3143; x_wconf 77' lang='grc' dir='ltr'>πρὸς</span> <span class='ocrx_word' id='word_1_279' title='bbox 1063 3070 1174 3143; x_wconf 71' lang='grc'><strong>(49)</strong></span> <span class='ocrx_word' id='word_1_280' title='bbox 1210 3076 1274 3144; x_wconf 83' lang='grc' dir='ltr'><strong>τῇ</strong></span> <span class='ocrx_word' id='word_1_281' title='bbox 1305 3075 1517 3145; x_wconf 77' lang='grc' dir='ltr'>ἐρήμῳ.</span> 
     </span>
    </p>
   </div>
   <div class='ocr_carea' id='block_1_47' title="bbox 410 3158 1897 3239">
    <p class='ocr_par' dir='ltr' id='par_1_47' title="bbox 410 3158 1897 3239">
     <span class='ocr_line' id='line_1_47' title="bbox 410 3158 1897 3239; baseline 0.008 -29"><span class='ocrx_word' id='word_1_282' title='bbox 410 3158 496 3211; x_wconf 83' lang='grc' dir='ltr'>Ἐν</span> <span class='ocrx_word' id='word_1_283' title='bbox 525 3159 581 3212; x_wconf 84' lang='grc' dir='ltr'>δὲ</span> <span class='ocrx_word' id='word_1_284' title='bbox 618 3162 679 3232; x_wconf 82' lang='grc' dir='ltr'><strong>τῇ</strong></span> <span class='ocrx_word' id='word_1_285' title='bbox 727 3159 865 3230; x_wconf 82' lang='grc' dir='ltr'>φυλῇ</span> <span class='ocrx_word' id='word_1_286' title='bbox 897 3160 937 3213; x_wconf 88' lang='grc' dir='ltr'><strong><em>Γ</em></strong></span> <span class='ocrx_word' id='word_1_287' title='bbox 941 3160 1004 3213; x_wconf 90' lang='grc' dir='ltr'><strong>άδ</strong></span> <span class='ocrx_word' id='word_1_288' title='bbox 1026 3176 1041 3192; x_wconf 78' lang='lat'>&#39;</span> <span class='ocrx_word' id='word_1_289' title='bbox 1093 3162 1194 3233; x_wconf 78' lang='grc' dir='ltr'><strong>τὴν</strong></span> <span class='ocrx_word' id='word_1_290' title='bbox 1238 3162 1487 3234; x_wconf 80' lang='grc' dir='ltr'>Ῥαμὼθ,</span> <span class='ocrx_word' id='word_1_291' title='bbox 1534 3166 1669 3239; x_wconf 88' lang='grc' dir='ltr'>πρὸς</span> <span class='ocrx_word' id='word_1_292' title='bbox 1696 3170 1761 3239; x_wconf 81' lang='grc' dir='ltr'><strong>τῇ</strong></span> <span class='ocrx_word' id='word_1_293' title='bbox 1796 3168 1897 3221; x_wconf 84' lang='grc' dir='ltr'><strong>Γα-</strong></span> 
     </span>
    </p>
   </div>
   <div class='ocr_carea' id='block_1_48' title="bbox 325 3243 733 3321">
    <p class='ocr_par' dir='ltr' id='par_1_48' title="bbox 325 3243 733 3321">
     <span class='ocr_line' id='line_1_48' title="bbox 325 3243 733 3321; baseline 0.022 -23"><span class='ocrx_word' id='word_1_294' title='bbox 325 3243 460 3301; x_wconf 73' lang='grc' dir='ltr'>λαὰδ</span> <span class='ocrx_word' id='word_1_295' title='bbox 492 3247 665 3321; x_wconf 83' lang='grc' dir='ltr'>χώρᾳ.</span> <span class='ocrx_word' id='word_1_296' title='bbox 698 3258 706 3265; x_wconf 85' lang='grc'><em>’</em></span> <span class='ocrx_word' id='word_1_297' title='bbox 730 3304 733 3307; x_wconf 72' lang='lat'><strong>,</strong></span> 
     </span>
    </p>
   </div>
   <div class='ocr_carea' id='block_1_49' title="bbox 410 3341 1901 3420">
    <p class='ocr_par' dir='ltr' id='par_1_49' title="bbox 410 3341 1901 3420">
     <span class='ocr_line' id='line_1_49' title="bbox 410 3341 1901 3420; baseline 0.006 -27"><span class='ocrx_word' id='word_1_298' title='bbox 410 3341 497 3393; x_wconf 86' lang='grc' dir='ltr'>Ἐν</span> <span class='ocrx_word' id='word_1_299' title='bbox 527 3346 594 3413; x_wconf 82' lang='grc' dir='ltr'><strong>τῇ</strong></span> <span class='ocrx_word' id='word_1_300' title='bbox 636 3342 775 3415; x_wconf 78' lang='grc' dir='ltr'>φυλῇ</span> <span class='ocrx_word' id='word_1_301' title='bbox 826 3345 1127 3419; x_wconf 75' lang='grc' dir='ltr'>Μανασσῇ·</span> <span class='ocrx_word' id='word_1_302' title='bbox 1175 3346 1274 3420; x_wconf 80' lang='grc' dir='ltr'><strong>τὴν</strong></span> <span class='ocrx_word' id='word_1_303' title='bbox 1314 3347 1582 3415; x_wconf 76' lang='grc' dir='ltr'>Γαῦλον,</span> <span class='ocrx_word' id='word_1_304' title='bbox 1618 3349 1755 3420; x_wconf 85' lang='grc' dir='ltr'>πρὸς</span> <span class='ocrx_word' id='word_1_305' title='bbox 1802 3348 1901 3420; x_wconf 69' lang='grc' dir='ltr'>τὴν</span> 
     </span>
    </p>
   </div>
   <div class='ocr_carea' id='block_1_50' title="bbox 330 3429 737 3504">
    <p class='ocr_par' dir='ltr' id='par_1_50' title="bbox 330 3429 737 3504">
     <span class='ocr_line' id='line_1_50' title="bbox 330 3429 737 3504; baseline 0.015 -23"><span class='ocrx_word' id='word_1_306' title='bbox 330 3429 508 3483; x_wconf 71' lang='grc' dir='ltr'>Βασὰν</span> <span class='ocrx_word' id='word_1_307' title='bbox 532 3431 737 3504; x_wconf 81' lang='grc' dir='ltr'>χώραν.</span> 
     </span>
    </p>
   </div>
   <div class='ocr_carea' id='block_1_51' title="bbox 410 3522 1900 3602">
    <p class='ocr_par' dir='ltr' id='par_1_51' title="bbox 410 3522 1900 3602">
     <span class='ocr_line' id='line_1_51' title="bbox 410 3522 1900 3602; baseline 0.004 -27"><span class='ocrx_word' id='word_1_308' title='bbox 410 3522 496 3576; x_wconf 87' lang='grc' dir='ltr'>Ἐν</span> <span class='ocrx_word' id='word_1_309' title='bbox 531 3523 588 3576; x_wconf 85' lang='grc' dir='ltr'>δὲ</span> <span class='ocrx_word' id='word_1_310' title='bbox 630 3527 751 3591; x_wconf 82' lang='grc' dir='ltr'>ταῖς</span> <span class='ocrx_word' id='word_1_311' title='bbox 796 3526 954 3582; x_wconf 81' lang='grc' dir='ltr'>ἐννέα</span> <span class='ocrx_word' id='word_1_312' title='bbox 985 3527 1179 3598; x_wconf 85' lang='grc' dir='ltr'>φυλαῖς</span> <span class='ocrx_word' id='word_1_313' title='bbox 1221 3527 1318 3582; x_wconf 74' lang='grc' dir='ltr'><strong>καὶ</strong></span> <span class='ocrx_word' id='word_1_314' title='bbox 1346 3530 1575 3602; x_wconf 74' lang='grc' dir='ltr'>ἡμισείᾳ</span> <span class='ocrx_word' id='word_1_315' title='bbox 1599 3546 1613 3559; x_wconf 85' lang='grc'><strong>·</strong></span> <span class='ocrx_word' id='word_1_316' title='bbox 1648 3530 1818 3594; x_wconf 83' lang='grc' dir='ltr'>Κεδὲς</span> <span class='ocrx_word' id='word_1_317' title='bbox 1843 3531 1900 3584; x_wconf 81' lang='grc' dir='ltr'>ἐν</span> 
     </span>
    </p>
   </div>
   <div class='ocr_carea' id='block_1_52' title="bbox 328 3616 1898 3694">
    <p class='ocr_par' dir='ltr' id='par_1_52' title="bbox 328 3616 1898 3694">
     <span class='ocr_line' id='line_1_52' title="bbox 328 3616 1898 3694; baseline 0.005 -26"><span class='ocrx_word' id='word_1_318' title='bbox 328 3618 399 3687; x_wconf 78' lang='grc' dir='ltr'><strong>τῇ</strong></span> <span class='ocrx_word' id='word_1_319' title='bbox 424 3616 704 3691; x_wconf 77' lang='grc' dir='ltr'>Γαλιλαίᾳ,</span> <span class='ocrx_word' id='word_1_320' title='bbox 742 3621 802 3674; x_wconf 80' lang='grc' dir='ltr'>ἑν</span> <span class='ocrx_word' id='word_1_321' title='bbox 842 3620 958 3692; x_wconf 74' lang='grc' dir='ltr'>ὄρει</span> <span class='ocrx_word' id='word_1_322' title='bbox 989 3621 1310 3693; x_wconf 78' lang='grc' dir='ltr'>Νεφθαλείμ</span> <span class='ocrx_word' id='word_1_323' title='bbox 1333 3639 1348 3655; x_wconf 87' lang='grc'><strong>·</strong></span> <span class='ocrx_word' id='word_1_324' title='bbox 1393 3622 1489 3677; x_wconf 71' lang='grc' dir='ltr'><strong>καὶ</strong></span> <span class='ocrx_word' id='word_1_325' title='bbox 1531 3623 1630 3693; x_wconf 79' lang='grc' dir='ltr'><strong>τὴν</strong></span> <span class='ocrx_word' id='word_1_326' title='bbox 1668 3624 1898 3694; x_wconf 74' lang='grc' dir='ltr'>Συχεὶμ,</span> 
     </span>
    </p>
   </div>
   <div class='ocr_carea' id='block_1_53' title="bbox 326 3709 1897 3788">
    <p class='ocr_par' dir='ltr' id='par_1_53' title="bbox 326 3709 1897 3788">
     <span class='ocr_line' id='line_1_53' title="bbox 326 3709 1897 3788; baseline 0.006 -27"><span class='ocrx_word' id='word_1_327' title='bbox 326 3711 384 3761; x_wconf 83' lang='grc' dir='ltr'>ὲν</span> <span class='ocrx_word' id='word_1_328' title='bbox 412 3709 529 3780; x_wconf 76' lang='grc' dir='ltr'>ὄρει</span> <span class='ocrx_word' id='word_1_329' title='bbox 568 3712 845 3785; x_wconf 87' lang='grc' dir='ltr'>Ἐφραίμ·</span> <span class='ocrx_word' id='word_1_330' title='bbox 892 3716 987 3769; x_wconf 75' lang='grc' dir='ltr'><strong>καὶ</strong></span> <span class='ocrx_word' id='word_1_331' title='bbox 1024 3715 1125 3788; x_wconf 78' lang='grc' dir='ltr'><strong>τὴν</strong></span> <span class='ocrx_word' id='word_1_332' title='bbox 1166 3714 1421 3785; x_wconf 78' lang='grc' dir='ltr'>Χεϐρὼν,</span> <span class='ocrx_word' id='word_1_333' title='bbox 1464 3717 1522 3769; x_wconf 82' lang='grc' dir='ltr'>ὲν</span> <span class='ocrx_word' id='word_1_334' title='bbox 1548 3716 1664 3787; x_wconf 77' lang='grc' dir='ltr'>ὄρει</span> <span class='ocrx_word' id='word_1_335' title='bbox 1706 3717 1897 3770; x_wconf 80' lang='grc' dir='ltr'>Ἰούδα.</span> 
     </span>
    </p>
   </div>
   <div class='ocr_carea' id='block_1_54' title="bbox 326 3793 1729 3880">
    <p class='ocr_par' dir='ltr' id='par_1_54' title="bbox 326 3793 1729 3880">
     <span class='ocr_line' id='line_1_54' title="bbox 326 3793 1729 3880; baseline 0.008 -27"><span class='ocrx_word' id='word_1_336' title='bbox 326 3793 497 3856; x_wconf 60' lang='lat' dir='ltr'><strong>Abeat</strong></span> <span class='ocrx_word' id='word_1_337' title='bbox 535 3803 721 3869; x_wconf 83' lang='grc' dir='ltr'>πόλεις</span> <span class='ocrx_word' id='word_1_338' title='bbox 746 3804 834 3872; x_wconf 76' lang='grc' dir='ltr'><strong>ἓξ,</strong></span> <span class='ocrx_word' id='word_1_339' title='bbox 863 3806 1007 3877; x_wconf 76' lang='grc' dir='ltr'>ἀμφὶ</span> <span class='ocrx_word' id='word_1_340' title='bbox 1027 3806 1119 3862; x_wconf 86' lang='grc' dir='ltr'>τὸν</span> <span class='ocrx_word' id='word_1_341' title='bbox 1158 3808 1428 3880; x_wconf 82' lang='grc' dir='ltr'>Ἰορδάνην</span> <span class='ocrx_word' id='word_1_342' title='bbox 1456 3809 1729 3879; x_wconf 79' lang='grc' dir='ltr'>κείμεναι.</span> 
     </span>
    </p>
   </div>
   <div class='ocr_carea' id='block_1_55' title="bbox 328 3938 1901 4016">
    <p class='ocr_par' dir='ltr' id='par_1_55' title="bbox 328 3938 1901 4016">
     <span class='ocr_line' id='line_1_55' title="bbox 328 3938 1901 4016; baseline 0.015 -27"><span class='ocrx_word' id='word_1_343' title='bbox 328 3938 580 3994; x_wconf 77' lang='grc' dir='ltr'><strong>ΚΕΦΑΛ.</strong></span> <span class='ocrx_word' id='word_1_344' title='bbox 612 3938 734 3997; x_wconf 79' lang='lat' dir='ltr'><strong>AI&quot;.</strong></span> <span class='ocrx_word' id='word_1_345' title='bbox 775 3972 848 3984; x_wconf 96' lang='lat'><strong><em>—</em></strong></span> <span class='ocrx_word' id='word_1_346' title='bbox 877 3943 1057 4016; x_wconf 74' lang='lat' dir='ltr'><strong>_T[rsc</strong></span> <span class='ocrx_word' id='word_1_347' title='bbox 1102 3946 1162 3998; x_wconf 79' lang='lat' dir='ltr'><strong>ai</strong></span> <span class='ocrx_word' id='word_1_348' title='bbox 1204 3947 1626 4014; x_wconf 76' lang='grc' dir='ltr'>μητροπόλεις,</span> <span class='ocrx_word' id='word_1_349' title='bbox 1667 3949 1724 4000; x_wconf 77' lang='grc' dir='ltr'>αἱ</span> <span class='ocrx_word' id='word_1_350' title='bbox 1752 3945 1901 4016; x_wconf 77' lang='grc' dir='ltr'>,τοῖς</span> 
     </span>
    </p>
   </div>
   <div class='ocr_carea' id='block_1_56' title="bbox 738 4014 1483 4084">
    <p class='ocr_par' dir='ltr' id='par_1_56' title="bbox 738 4014 1483 4084">
     <span class='ocr_line' id='line_1_56' title="bbox 738 4014 1483 4084; baseline 0.004 -17"><span class='ocrx_word' id='word_1_351' title='bbox 738 4014 1014 4082; x_wconf 81' lang='grc' dir='ltr'>Λευΐταις</span> <span class='ocrx_word' id='word_1_352' title='bbox 1046 4016 1483 4084; x_wconf 68' lang='grc' dir='ltr'>ἀφορισθεῖσαι.</span> 
     </span>
    </p>
   </div>
   <div class='ocr_carea' id='block_1_57' title="bbox 409 4146 1900 4221">
    <p class='ocr_par' dir='ltr' id='par_1_57' title="bbox 409 4146 1900 4221">
     <span class='ocr_line' id='line_1_57' title="bbox 409 4146 1900 4221; baseline 0.003 -22"><span class='ocrx_word' id='word_1_353' title='bbox 409 4146 543 4199; x_wconf 84' lang='grc' dir='ltr'>Ἀπὸ</span> <span class='ocrx_word' id='word_1_354' title='bbox 594 4146 765 4215; x_wconf 83' lang='grc' dir='ltr'>φυλῆς</span> <span class='ocrx_word' id='word_1_355' title='bbox 809 4148 1016 4215; x_wconf 84' lang='grc' dir='ltr'>Ἰούδα,</span> <span class='ocrx_word' id='word_1_356' title='bbox 1060 4150 1155 4204; x_wconf 80' lang='grc' dir='ltr'><strong>καὶ</strong></span> <span class='ocrx_word' id='word_1_357' title='bbox 1201 4150 1374 4221; x_wconf 80' lang='grc' dir='ltr'>φυλῆς</span> <span class='ocrx_word' id='word_1_358' title='bbox 1415 4151 1691 4221; x_wconf 80' lang='grc' dir='ltr'>Συμεών’</span> <span class='ocrx_word' id='word_1_359' title='bbox 1744 4152 1900 4214; x_wconf 77' lang='grc' dir='ltr'>πόλις</span> 
     </span>
    </p>
   </div>
   <div class='ocr_carea' id='block_1_58' title="bbox 328 4238 1900 4316">
    <p class='ocr_par' dir='ltr' id='par_1_58' title="bbox 328 4238 1900 4316">
     <span class='ocr_line' id='line_1_58' title="bbox 328 4238 1900 4316; baseline 0.004 -25"><span class='ocrx_word' id='word_1_360' title='bbox 328 4238 740 4310; x_wconf 78' lang='grc' dir='ltr'>Καριαθαρὸὸκ,</span> <span class='ocrx_word' id='word_1_361' title='bbox 773 4240 940 4312; x_wconf 82' lang='grc' dir='ltr'>ἤὲστι</span> <span class='ocrx_word' id='word_1_362' title='bbox 966 4242 1191 4313; x_wconf 79' lang='grc' dir='ltr'>Χεϐρών</span> <span class='ocrx_word' id='word_1_363' title='bbox 1212 4258 1225 4273; x_wconf 90' lang='grc'><strong>·</strong></span> <span class='ocrx_word' id='word_1_364' title='bbox 1250 4242 1402 4307; x_wconf 84' lang='grc' dir='ltr'>πόλις</span> <span class='ocrx_word' id='word_1_365' title='bbox 1440 4243 1637 4315; x_wconf 84' lang='grc' dir='ltr'>Ἐλώμ.</span> <span class='ocrx_word' id='word_1_366' title='bbox 1670 4245 1777 4297; x_wconf 71' lang='grc' dir='ltr'><strong>Καὶ</strong></span> <span class='ocrx_word' id='word_1_367' title='bbox 1804 4245 1900 4316; x_wconf 79' lang='grc' dir='ltr'><strong>τὴν</strong></span> 
     </span>
    </p>
   </div>
   <div class='ocr_carea' id='block_1_59' title="bbox 328 4330 1900 4409">
    <p class='ocr_par' dir='ltr' id='par_1_59' title="bbox 328 4330 1900 4409">
     <span class='ocr_line' id='line_1_59' title="bbox 328 4330 1900 4409; baseline 0.004 -28"><span class='ocrx_word' id='word_1_368' title='bbox 328 4330 586 4396; x_wconf 79' lang='grc' dir='ltr'>Τεέλλαν,</span> <span class='ocrx_word' id='word_1_369' title='bbox 626 4333 722 4385; x_wconf 79' lang='grc' dir='ltr'><strong>καὶ</strong></span> <span class='ocrx_word' id='word_1_370' title='bbox 760 4332 861 4402; x_wconf 80' lang='grc' dir='ltr'><strong>τὴν</strong></span> <span class='ocrx_word' id='word_1_371' title='bbox 904 4334 1106 4405; x_wconf 76' lang='grc' dir='ltr'>Δαὸὴρ,</span> <span class='ocrx_word' id='word_1_372' title='bbox 1152 4335 1246 4387; x_wconf 77' lang='grc' dir='ltr'><strong>καὶ</strong></span> <span class='ocrx_word' id='word_1_373' title='bbox 1290 4335 1389 4406; x_wconf 82' lang='grc' dir='ltr'><strong>τὴν</strong></span> <span class='ocrx_word' id='word_1_374' title='bbox 1415 4336 1606 4400; x_wconf 82' lang='grc' dir='ltr'>Ἀσαν,</span> <span class='ocrx_word' id='word_1_375' title='bbox 1656 4336 1751 4389; x_wconf 75' lang='grc' dir='ltr'><strong>καὶ</strong></span> <span class='ocrx_word' id='word_1_376' title='bbox 1803 4337 1900 4409; x_wconf 80' lang='grc' dir='ltr'><strong>τὴν</strong></span> 
     </span>
    </p>
   </div>
   <div class='ocr_carea' id='block_1_60' title="bbox 342 4422 1900 4499">
    <p class='ocr_par' dir='ltr' id='par_1_60' title="bbox 342 4422 1900 4499">
     <span class='ocr_line' id='line_1_60' title="bbox 342 4422 1900 4499; baseline 0.004 -24"><span class='ocrx_word' id='word_1_377' title='bbox 342 4423 519 4493; x_wconf 75' lang='grc' dir='ltr'>’Δχὰν,</span> <span class='ocrx_word' id='word_1_378' title='bbox 557 4427 653 4477; x_wconf 78' lang='grc' dir='ltr'><strong>καὶ</strong></span> <span class='ocrx_word' id='word_1_379' title='bbox 693 4422 792 4496; x_wconf 79' lang='grc' dir='ltr'><strong>τὴν</strong></span> <span class='ocrx_word' id='word_1_380' title='bbox 824 4424 1121 4496; x_wconf 76' lang='grc' dir='ltr'>Βεθσαμὶς,</span> <span class='ocrx_word' id='word_1_381' title='bbox 1171 4428 1265 4482; x_wconf 74' lang='grc' dir='ltr'><strong>καὶ</strong></span> <span class='ocrx_word' id='word_1_382' title='bbox 1315 4428 1419 4499; x_wconf 81' lang='grc' dir='ltr'><strong>τὴν</strong></span> <span class='ocrx_word' id='word_1_383' title='bbox 1454 4426 1639 4496; x_wconf 72' lang='grc' dir='ltr'>Ἐλϐά,</span> <span class='ocrx_word' id='word_1_384' title='bbox 1675 4428 1769 4482; x_wconf 75' lang='grc' dir='ltr'><strong>καὶ</strong></span> <span class='ocrx_word' id='word_1_385' title='bbox 1802 4433 1900 4499; x_wconf 68' lang='grc' dir='ltr'><strong>τὴν</strong></span> 
     </span>
    </p>
   </div>
   <div class='ocr_carea' id='block_1_61' title="bbox 331 4514 553 4586">
    <p class='ocr_par' dir='ltr' id='par_1_61' title="bbox 331 4514 553 4586">
     <span class='ocr_line' id='line_1_61' title="bbox 331 4514 553 4586; baseline 0.023 -21"><span class='ocrx_word' id='word_1_386' title='bbox 331 4514 553 4586; x_wconf 83' lang='grc' dir='ltr'>Βεθούρ.</span> 
     </span>
    </p>
   </div>
   <div class='ocr_carea' id='block_1_62' title="bbox 2007 2024 3365 2109">
    <p class='ocr_par' dir='ltr' id='par_1_62' title="bbox 2007 2024 3365 2109">
     <span class='ocr_line' id='line_1_62' title="bbox 2007 2024 3365 2109; baseline 0.013 -32"><span class='ocrx_word' id='word_1_387' title='bbox 2007 2024 2270 2093; x_wconf 81' lang='lat' dir='ltr'><strong>originem</strong></span> <span class='ocrx_word' id='word_1_388' title='bbox 2294 2026 2515 2082; x_wconf 82' lang='lat' dir='ltr'><strong>habent.</strong></span> <span class='ocrx_word' id='word_1_389' title='bbox 2547 2027 2677 2085; x_wconf 82' lang='lat' dir='ltr'><strong>Erat</strong></span> <span class='ocrx_word' id='word_1_390' title='bbox 2711 2031 2826 2088; x_wconf 61' lang='lat' dir='ltr'><strong>hac</strong></span> <span class='ocrx_word' id='word_1_391' title='bbox 2852 2034 3159 2092; x_wconf 69' lang='lat' dir='ltr'><strong>(linteorum</strong></span> <span class='ocrx_word' id='word_1_392' title='bbox 3196 2040 3365 2109; x_wconf 82' lang='lat' dir='ltr'><strong>regio.</strong></span> 
     </span>
    </p>
   </div>
   <div class='ocr_carea' id='block_1_63' title="bbox 2082 2114 3583 2197">
    <p class='ocr_par' dir='ltr' id='par_1_63' title="bbox 2082 2114 3583 2197">
     <span class='ocr_line' id='line_1_63' title="bbox 2082 2114 3583 2197; baseline 0.015 -30"><span class='ocrx_word' id='word_1_393' title='bbox 2082 2114 2269 2170; x_wconf 80' lang='lat' dir='ltr'><strong>Tribus</strong></span> <span class='ocrx_word' id='word_1_394' title='bbox 2298 2118 2416 2172; x_wconf 84' lang='lat' dir='ltr'><strong>Dan</strong></span> <span class='ocrx_word' id='word_1_395' title='bbox 2439 2134 2460 2174; x_wconf 92' lang='lat'><strong><em>:</em></strong></span> <span class='ocrx_word' id='word_1_396' title='bbox 2496 2130 2704 2179; x_wconf 86' lang='lat' dir='ltr'><strong>tractus</strong></span> <span class='ocrx_word' id='word_1_397' title='bbox 2742 2125 2888 2182; x_wconf 87' lang='lat' dir='ltr'><strong>circa</strong></span> <span class='ocrx_word' id='word_1_398' title='bbox 2924 2129 3182 2197; x_wconf 86' lang='lat' dir='ltr'><strong>Azotum,</strong></span> <span class='ocrx_word' id='word_1_399' title='bbox 3221 2131 3490 2190; x_wconf 84' lang='lat' dir='ltr'><strong>Iamniam</strong></span> <span class='ocrx_word' id='word_1_400' title='bbox 3530 2142 3583 2190; x_wconf 87' lang='lat' dir='ltr'><strong>et</strong></span> 
     </span>
    </p>
   </div>
   <div class='ocr_carea' id='block_1_64' title="bbox 2006 2205 3575 2290">
    <p class='ocr_par' dir='ltr' id='par_1_64' title="bbox 2006 2205 3575 2290">
     <span class='ocr_line' id='line_1_64' title="bbox 2006 2205 3575 2290; baseline 0.016 -31"><span class='ocrx_word' id='word_1_401' title='bbox 2006 2205 2212 2271; x_wconf 84' lang='lat' dir='ltr'><strong>Gittan,</strong></span> <span class='ocrx_word' id='word_1_402' title='bbox 2255 2208 2324 2263; x_wconf 90' lang='lat' dir='ltr'><strong>ab</strong></span> <span class='ocrx_word' id='word_1_403' title='bbox 2362 2211 2641 2271; x_wconf 82' lang='lat' dir='ltr'><strong>Accarone</strong></span> <span class='ocrx_word' id='word_1_404' title='bbox 2687 2232 2861 2288; x_wconf 85' lang='lat' dir='ltr'><strong>usque</strong></span> <span class='ocrx_word' id='word_1_405' title='bbox 2892 2221 2958 2274; x_wconf 87' lang='lat' dir='ltr'><strong>ad</strong></span> <span class='ocrx_word' id='word_1_406' title='bbox 3009 2234 3273 2290; x_wconf 85' lang='lat' dir='ltr'><strong>montem.</strong></span> <span class='ocrx_word' id='word_1_407' title='bbox 3307 2227 3455 2283; x_wconf 91' lang='lat' dir='ltr'><strong>unde</strong></span> <span class='ocrx_word' id='word_1_408' title='bbox 3493 2228 3575 2283; x_wconf 86' lang='lat' dir='ltr'><strong>in-</strong></span> 
     </span>
    </p>
   </div>
   <div class='ocr_carea' id='block_1_65' title="bbox 2005 2489 3584 2571">
    <p class='ocr_par' dir='ltr' id='par_1_65' title="bbox 2005 2489 3584 2571">
     <span class='ocr_line' id='line_1_65' title="bbox 2005 2489 3584 2571; baseline 0.016 -35"><span class='ocrx_word' id='word_1_409' title='bbox 2005 2498 2224 2553; x_wconf 87' lang='lat' dir='ltr'><strong>quoque</strong></span> <span class='ocrx_word' id='word_1_410' title='bbox 2244 2501 2368 2556; x_wconf 68' lang='lat' dir='ltr'><strong>qua:</strong></span> <span class='ocrx_word' id='word_1_411' title='bbox 2397 2489 2728 2546; x_wconf 84' lang='lat' dir='ltr'><strong>maritimam</strong></span> <span class='ocrx_word' id='word_1_412' title='bbox 2755 2495 3029 2565; x_wconf 78' lang='lat' dir='ltr'><strong>regionem</strong></span> <span class='ocrx_word' id='word_1_413' title='bbox 3054 2513 3312 2571; x_wconf 88' lang='lat' dir='ltr'><strong>accepere</strong></span> <span class='ocrx_word' id='word_1_414' title='bbox 3336 2501 3584 2560; x_wconf 67' lang='lat' dir='ltr'><strong>Palaesti-</strong></span> 
     </span>
    </p>
   </div>
   <div class='ocr_carea' id='block_1_66' title="bbox 2004 2575 2500 2637">
    <p class='ocr_par' dir='ltr' id='par_1_66' title="bbox 2004 2575 2500 2637">
     <span class='ocr_line' id='line_1_66' title="bbox 2004 2575 2500 2637; baseline 0.012 -8"><span class='ocrx_word' id='word_1_415' title='bbox 2004 2590 2089 2630; x_wconf 70' lang='lat' dir='ltr'><strong>nae</strong></span> <span class='ocrx_word' id='word_1_416' title='bbox 2110 2587 2163 2631; x_wconf 89' lang='lat' dir='ltr'><strong>et</strong></span> <span class='ocrx_word' id='word_1_417' title='bbox 2188 2575 2500 2637; x_wconf 67' lang='lat' dir='ltr'><strong>Phoenices.</strong></span> 
     </span>
    </p>
   </div>
   <div class='ocr_carea' id='block_1_67' title="bbox 2005 2712 3581 2797">
    <p class='ocr_par' dir='ltr' id='par_1_67' title="bbox 2005 2712 3581 2797">
     <span class='ocr_line' id='line_1_67' title="bbox 2005 2712 3581 2797; baseline 0.012 -29"><span class='ocrx_word' id='word_1_418' title='bbox 2005 2712 2160 2768; x_wconf 91' lang='lat' dir='ltr'><strong>CAP.</strong></span> <span class='ocrx_word' id='word_1_419' title='bbox 2191 2712 2409 2797; x_wconf 50' lang='grc' dir='ltr'><strong>ΧΧῘΞΙΙἶ</strong></span> <span class='ocrx_word' id='word_1_420' title='bbox 2444 2748 2513 2797; x_wconf 65' lang='grc' dir='ltr'><strong>τ-</strong></span> <span class='ocrx_word' id='word_1_421' title='bbox 2543 2716 2797 2783; x_wconf 74' lang='lat' dir='ltr'><strong>Quwnam</strong></span> <span class='ocrx_word' id='word_1_422' title='bbox 2827 2733 2947 2797; x_wconf 79' lang='lat' dir='ltr'><strong>sunt</strong></span> <span class='ocrx_word' id='word_1_423' title='bbox 2986 2726 3179 2797; x_wconf 80' lang='lat' dir='ltr'><strong>refugii</strong></span> <span class='ocrx_word' id='word_1_424' title='bbox 3215 2729 3473 2793; x_wconf 73' lang='lat' dir='ltr'><strong>civitates,</strong></span> <span class='ocrx_word' id='word_1_425' title='bbox 3511 2735 3581 2786; x_wconf 66' lang='lat' dir='ltr'><strong>at!</strong></span> 
     </span>
    </p>
   </div>
   <div class='ocr_carea' id='block_1_68' title="bbox 2075 2786 3579 2869">
    <p class='ocr_par' dir='ltr' id='par_1_68' title="bbox 2075 2786 3579 2869">
     <span class='ocr_line' id='line_1_68' title="bbox 2075 2786 3579 2869; baseline 0.016 -35"><span class='ocrx_word' id='word_1_426' title='bbox 2075 2800 2205 2869; x_wconf 54' lang='lat' dir='ltr'><strong>quas</strong></span> <span class='ocrx_word' id='word_1_427' title='bbox 2239 2786 2566 2855; x_wconf 78' lang='lat' dir='ltr'><strong>refugiebant</strong></span> <span class='ocrx_word' id='word_1_428' title='bbox 2609 2801 2860 2869; x_wconf 65' lang='lat' dir='ltr'><strong>quotquot</strong></span> <span class='ocrx_word' id='word_1_429' title='bbox 2895 2786 3308 2853; x_wconf 45' lang='lat' dir='ltr'><strong>involuti-iuriam</strong></span> <span class='ocrx_word' id='word_1_430' title='bbox 3351 2786 3579 2859; x_wconf 73' lang='lat' dir='ltr'><strong>huntici-</strong></span> 
     </span>
    </p>
   </div>
   <div class='ocr_carea' id='block_1_69' title="bbox 2075 2855 2655 2927">
    <p class='ocr_par' dir='ltr' id='par_1_69' title="bbox 2075 2855 2655 2927">
     <span class='ocr_line' id='line_1_69' title="bbox 2075 2855 2655 2927; baseline 0.016 -21"><span class='ocrx_word' id='word_1_431' title='bbox 2075 2855 2225 2908; x_wconf 85' lang='lat' dir='ltr'><strong>dium</strong></span> <span class='ocrx_word' id='word_1_432' title='bbox 2248 2855 2655 2927; x_wconf 72' lang='lat' dir='ltr'><strong>perpetrassent.</strong></span> 
     </span>
    </p>
   </div>
   <div class='ocr_carea' id='block_1_70' title="bbox 2077 2993 3577 3068">
    <p class='ocr_par' dir='ltr' id='par_1_70' title="bbox 2077 2993 3577 3068">
     <span class='ocr_line' id='line_1_70' title="bbox 2077 2993 3577 3068; baseline 0.013 -20"><span class='ocrx_word' id='word_1_433' title='bbox 2077 2993 2133 3049; x_wconf 91' lang='lat' dir='ltr'><strong>In</strong></span> <span class='ocrx_word' id='word_1_434' title='bbox 2176 2999 2649 3068; x_wconf 87' lang='lat' dir='ltr'><strong>transjordauicis,</strong></span> <span class='ocrx_word' id='word_1_435' title='bbox 2701 3004 2755 3059; x_wconf 89' lang='lat' dir='ltr'><strong>in</strong></span> <span class='ocrx_word' id='word_1_436' title='bbox 2802 3006 3079 3064; x_wconf 90' lang='lat' dir='ltr'><strong>territorio</strong></span> <span class='ocrx_word' id='word_1_437' title='bbox 3137 3008 3311 3065; x_wconf 91' lang='lat' dir='ltr'><strong>tribus</strong></span> <span class='ocrx_word' id='word_1_438' title='bbox 3356 3010 3577 3067; x_wconf 85' lang='lat' dir='ltr'><strong>Rubin:</strong></span> 
     </span>
    </p>
   </div>
   <div class='ocr_carea' id='block_1_71' title="bbox 2004 3083 2597 3147">
    <p class='ocr_par' dir='ltr' id='par_1_71' title="bbox 2004 3083 2597 3147">
     <span class='ocr_line' id='line_1_71' title="bbox 2004 3083 2597 3147; baseline 0.013 -9"><span class='ocrx_word' id='word_1_439' title='bbox 2004 3083 2174 3139; x_wconf 84' lang='lat' dir='ltr'><strong>Bosor</strong></span> <span class='ocrx_word' id='word_1_440' title='bbox 2203 3088 2267 3141; x_wconf 89' lang='lat' dir='ltr'><strong>ad</strong></span> <span class='ocrx_word' id='word_1_441' title='bbox 2298 3087 2597 3147; x_wconf 88' lang='lat' dir='ltr'><strong>desertum.</strong></span> 
     </span>
    </p>
   </div>
   <div class='ocr_carea' id='block_1_72' title="bbox 2077 3177 3347 3263">
    <p class='ocr_par' dir='ltr' id='par_1_72' title="bbox 2077 3177 3347 3263">
     <span class='ocr_line' id='line_1_72' title="bbox 2077 3177 3347 3263; baseline 0.015 -30"><span class='ocrx_word' id='word_1_442' title='bbox 2077 3177 2132 3233; x_wconf 88' lang='lat' dir='ltr'><strong>in</strong></span> <span class='ocrx_word' id='word_1_443' title='bbox 2170 3180 2313 3235; x_wconf 84' lang='lat' dir='ltr'><strong>tribu</strong></span> <span class='ocrx_word' id='word_1_444' title='bbox 2343 3180 2497 3237; x_wconf 88' lang='lat' dir='ltr'><strong>Gad:</strong></span> <span class='ocrx_word' id='word_1_445' title='bbox 2533 3185 2757 3241; x_wconf 79' lang='lat' dir='ltr'><strong>Rantotlt</strong></span> <span class='ocrx_word' id='word_1_446' title='bbox 2784 3188 2837 3244; x_wconf 91' lang='lat' dir='ltr'><strong>in</strong></span> <span class='ocrx_word' id='word_1_447' title='bbox 2869 3191 3088 3263; x_wconf 78' lang='lat' dir='ltr'><strong>regione</strong></span> <span class='ocrx_word' id='word_1_448' title='bbox 3124 3193 3347 3251; x_wconf 87' lang='lat' dir='ltr'><strong>Galaad.</strong></span> 
     </span>
    </p>
   </div>
   <div class='ocr_carea' id='block_1_73' title="bbox 2073 3364 3325 3440">
    <p class='ocr_par' dir='ltr' id='par_1_73' title="bbox 2073 3364 3325 3440">
     <span class='ocr_line' id='line_1_73' title="bbox 2073 3364 3325 3440; baseline 0.018 -22"><span class='ocrx_word' id='word_1_449' title='bbox 2073 3364 2130 3419; x_wconf 90' lang='lat' dir='ltr'><strong>In</strong></span> <span class='ocrx_word' id='word_1_450' title='bbox 2164 3367 2305 3422; x_wconf 80' lang='lat' dir='ltr'><strong>tribu</strong></span> <span class='ocrx_word' id='word_1_451' title='bbox 2334 3368 2587 3428; x_wconf 84' lang='lat' dir='ltr'><strong>Manasse</strong></span> <span class='ocrx_word' id='word_1_452' title='bbox 2625 3391 2639 3429; x_wconf 86' lang='lat'><strong>:</strong></span> <span class='ocrx_word' id='word_1_453' title='bbox 2675 3373 2884 3432; x_wconf 82' lang='lat' dir='ltr'><strong>Gaulon</strong></span> <span class='ocrx_word' id='word_1_454' title='bbox 2919 3379 2973 3434; x_wconf 91' lang='lat' dir='ltr'><strong>in</strong></span> <span class='ocrx_word' id='word_1_455' title='bbox 2998 3379 3325 3440; x_wconf 85' lang='lat' dir='ltr'><strong>Basanitide.</strong></span> 
     </span>
    </p>
   </div>
   <div class='ocr_carea' id='block_1_74' title="bbox 2074 3548 3575 3629">
    <p class='ocr_par' dir='ltr' id='par_1_74' title="bbox 2074 3548 3575 3629">
     <span class='ocr_line' id='line_1_74' title="bbox 2074 3548 3575 3629; baseline 0.019 -27"><span class='ocrx_word' id='word_1_456' title='bbox 2074 3548 2130 3604; x_wconf 86' lang='grc' dir='ltr'><strong>1η</strong></span> <span class='ocrx_word' id='word_1_457' title='bbox 2164 3552 2385 3623; x_wconf 76' lang='lat' dir='ltr'><strong>reliquis</strong></span> <span class='ocrx_word' id='word_1_458' title='bbox 2418 3570 2609 3610; x_wconf 83' lang='lat' dir='ltr'><strong>novem</strong></span> <span class='ocrx_word' id='word_1_459' title='bbox 2640 3560 2893 3618; x_wconf 80' lang='lat' dir='ltr'><strong>tribubus</strong></span> <span class='ocrx_word' id='word_1_460' title='bbox 2929 3579 3051 3620; x_wconf 90' lang='lat' dir='ltr'><strong>cum</strong></span> <span class='ocrx_word' id='word_1_461' title='bbox 3099 3566 3324 3626; x_wconf 82' lang='lat' dir='ltr'><strong>dimidia</strong></span> <span class='ocrx_word' id='word_1_462' title='bbox 3359 3589 3374 3626; x_wconf 89' lang='lat'><strong>:</strong></span> <span class='ocrx_word' id='word_1_463' title='bbox 3414 3572 3575 3629; x_wconf 69' lang='lat' dir='ltr'><strong>Cedas</strong></span> 
     </span>
    </p>
   </div>
   <div class='ocr_carea' id='block_1_75' title="bbox 2002 3640 3576 3732">
    <p class='ocr_par' dir='ltr' id='par_1_75' title="bbox 2002 3640 3576 3732">
     <span class='ocr_line' id='line_1_75' title="bbox 2002 3640 3576 3732; baseline 0.017 -38"><span class='ocrx_word' id='word_1_464' title='bbox 2002 3640 2057 3695; x_wconf 88' lang='lat' dir='ltr'><strong>in</strong></span> <span class='ocrx_word' id='word_1_465' title='bbox 2090 3641 2346 3711; x_wconf 67' lang='lat' dir='ltr'><strong>Caliluea,</strong></span> <span class='ocrx_word' id='word_1_466' title='bbox 2392 3648 2444 3700; x_wconf 88' lang='lat' dir='ltr'><strong>in</strong></span> <span class='ocrx_word' id='word_1_467' title='bbox 2496 3659 2679 3703; x_wconf 87' lang='lat' dir='ltr'><strong>monte</strong></span> <span class='ocrx_word' id='word_1_468' title='bbox 2729 3651 3075 3722; x_wconf 82' lang='lat' dir='ltr'><strong>Neplttbalim</strong></span> <span class='ocrx_word' id='word_1_469' title='bbox 3117 3676 3131 3714; x_wconf 92' lang='lat'><strong>:</strong></span> <span class='ocrx_word' id='word_1_470' title='bbox 3174 3668 3228 3714; x_wconf 86' lang='lat' dir='ltr'><strong>et</strong></span> <span class='ocrx_word' id='word_1_471' title='bbox 3272 3659 3482 3732; x_wconf 83' lang='lat' dir='ltr'><strong>Sychim</strong></span> <span class='ocrx_word' id='word_1_472' title='bbox 3522 3667 3576 3721; x_wconf 91' lang='lat' dir='ltr'><strong>iu</strong></span> 
     </span>
    </p>
   </div>
   <div class='ocr_carea' id='block_1_76' title="bbox 2002 3735 3581 3814">
    <p class='ocr_par' dir='ltr' id='par_1_76' title="bbox 2002 3735 3581 3814">
     <span class='ocr_line' id='line_1_76' title="bbox 2002 3735 3581 3814; baseline 0.018 -28"><span class='ocrx_word' id='word_1_473' title='bbox 2002 3747 2186 3791; x_wconf 89' lang='lat' dir='ltr'><strong>monte</strong></span> <span class='ocrx_word' id='word_1_474' title='bbox 2221 3735 2467 3807; x_wconf 74' lang='lat' dir='ltr'><strong>prraem</strong></span> <span class='ocrx_word' id='word_1_475' title='bbox 2504 3749 2557 3795; x_wconf 91' lang='lat' dir='ltr'><strong>et</strong></span> <span class='ocrx_word' id='word_1_476' title='bbox 2601 3740 2836 3798; x_wconf 84' lang='lat' dir='ltr'><strong>Chebron</strong></span> <span class='ocrx_word' id='word_1_477' title='bbox 2868 3745 2920 3800; x_wconf 93' lang='lat' dir='ltr'><strong>in</strong></span> <span class='ocrx_word' id='word_1_478' title='bbox 2973 3759 3153 3805; x_wconf 87' lang='lat' dir='ltr'><strong>monte</strong></span> <span class='ocrx_word' id='word_1_479' title='bbox 3182 3749 3344 3809; x_wconf 87' lang='lat' dir='ltr'><strong>Iuda.</strong></span> <span class='ocrx_word' id='word_1_480' title='bbox 3378 3754 3472 3812; x_wconf 70' lang='lat' dir='ltr'><strong>&quot;te</strong></span> <span class='ocrx_word' id='word_1_481' title='bbox 3500 3759 3581 3814; x_wconf 88' lang='lat' dir='ltr'><strong>ci-</strong></span> 
     </span>
    </p>
   </div>
   <div class='ocr_carea' id='block_1_77' title="bbox 2001 3826 3242 3911">
    <p class='ocr_par' dir='ltr' id='par_1_77' title="bbox 2001 3826 3242 3911">
     <span class='ocr_line' id='line_1_77' title="bbox 2001 3826 3242 3911; baseline 0.015 -31"><span class='ocrx_word' id='word_1_482' title='bbox 2001 3826 2195 3883; x_wconf 86' lang='lat' dir='ltr'><strong>vitates</strong></span> <span class='ocrx_word' id='word_1_483' title='bbox 2229 3840 2357 3886; x_wconf 86' lang='lat' dir='ltr'><strong>sunt</strong></span> <span class='ocrx_word' id='word_1_484' title='bbox 2384 3846 2502 3899; x_wconf 78' lang='lat' dir='ltr'><strong>sex,</strong></span> <span class='ocrx_word' id='word_1_485' title='bbox 2532 3833 2679 3889; x_wconf 88' lang='lat' dir='ltr'><strong>circa</strong></span> <span class='ocrx_word' id='word_1_486' title='bbox 2706 3833 3001 3893; x_wconf 88' lang='lat' dir='ltr'><strong>Iordanem</strong></span> <span class='ocrx_word' id='word_1_487' title='bbox 3033 3843 3242 3911; x_wconf 65' lang='lat' dir='ltr'><strong>positae.</strong></span> 
     </span>
    </p>
   </div>
   <div class='ocr_carea' id='block_1_78' title="bbox 2000 3959 3579 4047">
    <p class='ocr_par' dir='ltr' id='par_1_78' title="bbox 2000 3959 3579 4047">
     <span class='ocr_line' id='line_1_78' title="bbox 2000 3959 3579 4047; baseline 0.014 -32"><span class='ocrx_word' id='word_1_488' title='bbox 2000 3959 2151 4016; x_wconf 78' lang='lat' dir='ltr'><strong>CAP.</strong></span> <span class='ocrx_word' id='word_1_489' title='bbox 2192 3960 2432 4018; x_wconf 79' lang='lat' dir='ltr'><strong>XXXIII.</strong></span> <span class='ocrx_word' id='word_1_490' title='bbox 2461 3994 2534 4005; x_wconf 95' lang='lat'><strong><em>—</em></strong></span> <span class='ocrx_word' id='word_1_491' title='bbox 2564 3965 2696 4031; x_wconf 73' lang='lat' dir='ltr'><strong>Qua:</strong></span> <span class='ocrx_word' id='word_1_492' title='bbox 2735 3979 2857 4023; x_wconf 87' lang='lat' dir='ltr'><strong>sunt</strong></span> <span class='ocrx_word' id='word_1_493' title='bbox 2902 3974 3209 4044; x_wconf 83' lang='lat' dir='ltr'><strong>melropoles</strong></span> <span class='ocrx_word' id='word_1_494' title='bbox 3242 3994 3338 4047; x_wconf 85' lang='lat' dir='ltr'><strong>pro</strong></span> <span class='ocrx_word' id='word_1_495' title='bbox 3384 3979 3579 4037; x_wconf 76' lang='lat' dir='ltr'><strong>Levitis</strong></span> 
     </span>
    </p>
   </div>
   <div class='ocr_carea' id='block_1_79' title="bbox 2656 4056 2938 4110">
    <p class='ocr_par' dir='ltr' id='par_1_79' title="bbox 2656 4056 2938 4110">
     <span class='ocr_line' id='line_1_79' title="bbox 2656 4056 2938 4110; baseline 0.014 -18"><span class='ocrx_word' id='word_1_496' title='bbox 2656 4056 2938 4110; x_wconf 69' lang='lat' dir='ltr'><strong>separatae.</strong></span> 
     </span>
    </p>
   </div>
   <div class='ocr_carea' id='block_1_80' title="bbox 2072 4163 3580 4241">
    <p class='ocr_par' dir='ltr' id='par_1_80' title="bbox 2072 4163 3580 4241">
     <span class='ocr_line' id='line_1_80' title="bbox 2072 4163 3580 4241; baseline 0.016 -25"><span class='ocrx_word' id='word_1_497' title='bbox 2072 4163 2148 4217; x_wconf 81' lang='lat' dir='ltr'><strong>Ex</strong></span> <span class='ocrx_word' id='word_1_498' title='bbox 2170 4166 2315 4221; x_wconf 89' lang='lat' dir='ltr'><strong>tribu</strong></span> <span class='ocrx_word' id='word_1_499' title='bbox 2334 4167 2480 4221; x_wconf 76' lang='lat' dir='ltr'><strong>Iuda</strong></span> <span class='ocrx_word' id='word_1_500' title='bbox 2499 4177 2557 4223; x_wconf 93' lang='lat' dir='ltr'><strong>et</strong></span> <span class='ocrx_word' id='word_1_501' title='bbox 2580 4169 2722 4225; x_wconf 90' lang='lat' dir='ltr'><strong>tribu</strong></span> <span class='ocrx_word' id='word_1_502' title='bbox 2747 4170 2971 4241; x_wconf 80' lang='lat' dir='ltr'><strong>Symeon</strong></span> <span class='ocrx_word' id='word_1_503' title='bbox 2997 4190 3016 4228; x_wconf 91' lang='lat'><strong><em>:</em></strong></span> <span class='ocrx_word' id='word_1_504' title='bbox 3039 4176 3246 4234; x_wconf 86' lang='lat' dir='ltr'><strong>Civitas</strong></span> <span class='ocrx_word' id='word_1_505' title='bbox 3261 4180 3580 4240; x_wconf 73' lang='lat' dir='ltr'><strong>Kariathar~</strong></span> 
     </span>
    </p>
   </div>
   <div class='ocr_carea' id='block_1_81' title="bbox 2001 4252 3580 4342">
    <p class='ocr_par' dir='ltr' id='par_1_81' title="bbox 2001 4252 3580 4342">
     <span class='ocr_line' id='line_1_81' title="bbox 2001 4252 3580 4342; baseline 0.015 -35"><span class='ocrx_word' id='word_1_506' title='bbox 2001 4252 2127 4318; x_wconf 78' lang='lat' dir='ltr'><strong>hoc,</strong></span> <span class='ocrx_word' id='word_1_507' title='bbox 2180 4255 2293 4310; x_wconf 85' lang='lat' dir='ltr'><strong>sive</strong></span> <span class='ocrx_word' id='word_1_508' title='bbox 2335 4257 2614 4326; x_wconf 87' lang='lat' dir='ltr'><strong>Chebron,</strong></span> <span class='ocrx_word' id='word_1_509' title='bbox 2665 4271 2720 4316; x_wconf 91' lang='lat' dir='ltr'><strong>et</strong></span> <span class='ocrx_word' id='word_1_510' title='bbox 2771 4262 2966 4321; x_wconf 83' lang='lat' dir='ltr'><strong>civitas</strong></span> <span class='ocrx_word' id='word_1_511' title='bbox 3016 4268 3192 4322; x_wconf 81' lang='lat' dir='ltr'><strong>Elom.</strong></span> <span class='ocrx_word' id='word_1_512' title='bbox 3234 4273 3580 4342; x_wconf 82' lang='lat' dir='ltr'><strong>Acceperunt</strong></span> 
     </span>
    </p>
   </div>
   <div class='ocr_carea' id='block_1_82' title="bbox 2001 4346 3579 4430">
    <p class='ocr_par' dir='ltr' id='par_1_82' title="bbox 2001 4346 3579 4430">
     <span class='ocr_line' id='line_1_82' title="bbox 2001 4346 3579 4430; baseline 0.015 -31"><span class='ocrx_word' id='word_1_513' title='bbox 2001 4346 2168 4400; x_wconf 89' lang='lat' dir='ltr'><strong>etiam</strong></span> <span class='ocrx_word' id='word_1_514' title='bbox 2223 4347 2484 4415; x_wconf 89' lang='lat' dir='ltr'><strong>Teellam,</strong></span> <span class='ocrx_word' id='word_1_515' title='bbox 2536 4362 2593 4406; x_wconf 92' lang='lat' dir='ltr'><strong>et</strong></span> <span class='ocrx_word' id='word_1_516' title='bbox 2641 4352 2838 4420; x_wconf 84' lang='lat' dir='ltr'><strong>Daber,</strong></span> <span class='ocrx_word' id='word_1_517' title='bbox 2880 4366 2936 4412; x_wconf 93' lang='lat' dir='ltr'><strong>et</strong></span> <span class='ocrx_word' id='word_1_518' title='bbox 2982 4358 3149 4427; x_wconf 88' lang='lat' dir='ltr'><strong>Asan,</strong></span> <span class='ocrx_word' id='word_1_519' title='bbox 3189 4370 3245 4416; x_wconf 93' lang='lat' dir='ltr'><strong>et</strong></span> <span class='ocrx_word' id='word_1_520' title='bbox 3281 4363 3493 4430; x_wconf 86' lang='lat' dir='ltr'><strong>Achan,</strong></span> <span class='ocrx_word' id='word_1_521' title='bbox 3522 4377 3579 4422; x_wconf 92' lang='lat' dir='ltr'><strong>et</strong></span> 
     </span>
    </p>
   </div>
   <div class='ocr_carea' id='block_1_83' title="bbox 2003 4436 2933 4510">
    <p class='ocr_par' dir='ltr' id='par_1_83' title="bbox 2003 4436 2933 4510">
     <span class='ocr_line' id='line_1_83' title="bbox 2003 4436 2933 4510; baseline 0.013 -21"><span class='ocrx_word' id='word_1_522' title='bbox 2003 4436 2333 4505; x_wconf 70' lang='lat' dir='ltr'><strong>lietbsatnis,</strong></span> <span class='ocrx_word' id='word_1_523' title='bbox 2365 4451 2421 4494; x_wconf 90' lang='lat' dir='ltr'><strong>et</strong></span> <span class='ocrx_word' id='word_1_524' title='bbox 2447 4440 2596 4510; x_wconf 68' lang='lat' dir='ltr'><strong>lilba,</strong></span> <span class='ocrx_word' id='word_1_525' title='bbox 2627 4452 2682 4498; x_wconf 90' lang='lat' dir='ltr'><strong>et</strong></span> <span class='ocrx_word' id='word_1_526' title='bbox 2707 4445 2933 4502; x_wconf 88' lang='lat' dir='ltr'><strong>Bethur.</strong></span> 
     </span>
    </p>
   </div>
   <div class='ocr_carea' id='block_1_84' title="bbox 411 4609 1896 4709">
    <p class='ocr_par' dir='ltr' id='par_1_84' title="bbox 411 4609 1896 4709">
     <span class='ocr_line' id='line_1_84' title="bbox 411 4609 1896 4709; baseline 0.004 -48"><span class='ocrx_word' id='word_1_527' title='bbox 411 4609 542 4662; x_wconf 81' lang='grc' dir='ltr'>’Δπὸ</span> <span class='ocrx_word' id='word_1_528' title='bbox 598 4610 773 4682; x_wconf 85' lang='grc' dir='ltr'>φυλῆς</span> <span class='ocrx_word' id='word_1_529' title='bbox 826 4613 1145 4684; x_wconf 75' lang='grc' dir='ltr'>Βενιαμίνο</span> <span class='ocrx_word' id='word_1_530' title='bbox 1206 4614 1306 4685; x_wconf 79' lang='grc' dir='ltr'><strong>τὴν</strong></span> <span class='ocrx_word' id='word_1_531' title='bbox 1352 4615 1619 4683; x_wconf 81' lang='grc' dir='ltr'>Γαϐαὼν,</span> <span class='ocrx_word' id='word_1_532' title='bbox 1673 4614 1896 4709; x_wconf 38' lang='grc' dir='ltr'><strong>καὶῌτὴν</strong></span> 
     </span>
    </p>
   </div>
   <div class='ocr_carea' id='block_1_85' title="bbox 2003 4609 3579 4709">
    <p class='ocr_par' dir='ltr' id='par_1_85' title="bbox 2086 4622 3579 4709">
     <span class='ocr_line' id='line_1_85' title="bbox 2086 4622 3579 4709; baseline 0.015 -34"><span class='ocrx_word' id='word_1_533' title='bbox 2086 4622 2160 4677; x_wconf 76' lang='lat' dir='ltr'><strong>Ex</strong></span> <span class='ocrx_word' id='word_1_534' title='bbox 2188 4623 2333 4678; x_wconf 86' lang='lat' dir='ltr'><strong>tribu</strong></span> <span class='ocrx_word' id='word_1_535' title='bbox 2357 4623 2672 4694; x_wconf 79' lang='lat' dir='ltr'><strong>Beujamin:</strong></span> <span class='ocrx_word' id='word_1_536' title='bbox 2705 4628 2949 4697; x_wconf 84' lang='lat' dir='ltr'><strong>Gabaon,</strong></span> <span class='ocrx_word' id='word_1_537' title='bbox 2983 4642 3037 4688; x_wconf 90' lang='lat' dir='ltr'><strong>et</strong></span> <span class='ocrx_word' id='word_1_538' title='bbox 3065 4633 3265 4704; x_wconf 85' lang='lat' dir='ltr'><strong>Gabee,</strong></span> <span class='ocrx_word' id='word_1_539' title='bbox 3291 4648 3345 4693; x_wconf 88' lang='lat' dir='ltr'><strong>et</strong></span> <span class='ocrx_word' id='word_1_540' title='bbox 3365 4638 3579 4709; x_wconf 86' lang='lat' dir='ltr'><strong>Anach,</strong></span> 
     </span>
    </p>
   </div>
   <div class='ocr_carea' id='block_1_86' title="bbox 331 4702 1902 4782">
    <p class='ocr_par' dir='ltr' id='par_1_86' title="bbox 331 4702 1902 4782">
     <span class='ocr_line' id='line_1_86' title="bbox 331 4702 1902 4782; baseline 0.005 -29"><span class='ocrx_word' id='word_1_541' title='bbox 331 4702 498 4756; x_wconf 85' lang='grc' dir='ltr'>Γα6εὲ</span> <span class='ocrx_word' id='word_1_542' title='bbox 522 4703 657 4776; x_wconf 81' lang='grc'>(50),</span> <span class='ocrx_word' id='word_1_543' title='bbox 684 4706 779 4759; x_wconf 75' lang='grc' dir='ltr'><strong>καὶ</strong></span> <span class='ocrx_word' id='word_1_544' title='bbox 806 4704 905 4778; x_wconf 74' lang='grc' dir='ltr'><strong>τὴν</strong></span> <span class='ocrx_word' id='word_1_545' title='bbox 948 4706 1133 4779; x_wconf 75' lang='grc' dir='ltr'>’Δνὰχ,</span> <span class='ocrx_word' id='word_1_546' title='bbox 1165 4708 1262 4762; x_wconf 62' lang='grc' dir='ltr'><strong>καὶ⁵</strong></span> <span class='ocrx_word' id='word_1_547' title='bbox 1289 4707 1387 4781; x_wconf 77' lang='grc' dir='ltr'><strong>τὴν</strong></span> <span class='ocrx_word' id='word_1_548' title='bbox 1418 4709 1701 4782; x_wconf 86' lang='grc' dir='ltr'>Γαλαμάθ.</span> <span class='ocrx_word' id='word_1_549' title='bbox 1730 4703 1902 4764; x_wconf 74' lang='grc' dir='ltr'>Λῦται</span> 
     </span>
    </p>
   </div>
   <div class='ocr_carea' id='block_1_87' title="bbox 333 4793 639 4864">
    <p class='ocr_par' dir='ltr' id='par_1_87' title="bbox 333 4793 639 4864">
     <span class='ocr_line' id='line_1_87' title="bbox 333 4793 639 4864; baseline 0.016 -17"><span class='ocrx_word' id='word_1_550' title='bbox 333 4794 509 4859; x_wconf 79' lang='grc' dir='ltr'>πόλεις</span> <span class='ocrx_word' id='word_1_551' title='bbox 551 4793 639 4864; x_wconf 85' lang='grc' dir='ltr'>ιγ’.</span> 
     </span>
    </p>
   </div>
   <div class='ocr_carea' id='block_1_88' title="bbox 414 4887 1898 4967">
    <p class='ocr_par' dir='ltr' id='par_1_88' title="bbox 414 4887 1898 4967">
     <span class='ocr_line' id='line_1_88' title="bbox 414 4887 1898 4967; baseline 0.005 -26"><span class='ocrx_word' id='word_1_552' title='bbox 414 4887 546 4942; x_wconf 77' lang='grc' dir='ltr'>’Δπὸ</span> <span class='ocrx_word' id='word_1_553' title='bbox 567 4890 742 4961; x_wconf 84' lang='grc' dir='ltr'>φυλῆς</span> <span class='ocrx_word' id='word_1_554' title='bbox 778 4892 1027 4963; x_wconf 71' lang='grc' dir='ltr'>Ἐφραίμ</span> <span class='ocrx_word' id='word_1_555' title='bbox 1046 4910 1062 4926; x_wconf 79' lang='grc' dir='ltr'><strong><em>ο</em></strong></span> <span class='ocrx_word' id='word_1_556' title='bbox 1101 4892 1201 4965; x_wconf 82' lang='grc' dir='ltr'><strong>τὴν</strong></span> <span class='ocrx_word' id='word_1_557' title='bbox 1230 4894 1433 4966; x_wconf 81' lang='grc' dir='ltr'>Συχὲμ,</span> <span class='ocrx_word' id='word_1_558' title='bbox 1461 4894 1555 4950; x_wconf 68' lang='grc' dir='ltr'><strong>καὶ</strong></span> <span class='ocrx_word' id='word_1_559' title='bbox 1577 4895 1675 4966; x_wconf 73' lang='grc' dir='ltr'><strong>τὴν</strong></span> <span class='ocrx_word' id='word_1_560' title='bbox 1701 4894 1898 4967; x_wconf 78' lang='grc' dir='ltr'>Γαζὲρ,</span> 
     </span>
    </p>
   </div>
   <div class='ocr_carea' id='block_1_89' title="bbox 332 4979 1860 5056">
    <p class='ocr_par' dir='ltr' id='par_1_89' title="bbox 332 4979 1860 5056">
     <span class='ocr_line' id='line_1_89' title="bbox 332 4979 1860 5056; baseline 0.007 -24"><span class='ocrx_word' id='word_1_561' title='bbox 332 4979 425 5032; x_wconf 76' lang='grc' dir='ltr'><strong>καὶ</strong></span> <span class='ocrx_word' id='word_1_562' title='bbox 454 4979 552 5050; x_wconf 74' lang='grc' dir='ltr'><strong>τὴν</strong></span> <span class='ocrx_word' id='word_1_563' title='bbox 578 4980 806 5051; x_wconf 79' lang='grc' dir='ltr'>Γαϐαῒν,</span> <span class='ocrx_word' id='word_1_564' title='bbox 837 4985 934 5038; x_wconf 78' lang='grc' dir='ltr'><strong>καὶ</strong></span> <span class='ocrx_word' id='word_1_565' title='bbox 956 4984 1056 5054; x_wconf 79' lang='grc' dir='ltr'><strong>τὴν</strong></span> <span class='ocrx_word' id='word_1_566' title='bbox 1086 4984 1352 5056; x_wconf 83' lang='grc' dir='ltr'>Βεοορὼν.</span> <span class='ocrx_word' id='word_1_567' title='bbox 1388 4981 1555 5041; x_wconf 78' lang='grc' dir='ltr'>Λῦται</span> <span class='ocrx_word' id='word_1_568' title='bbox 1584 4986 1766 5051; x_wconf 75' lang='grc' dir='ltr'>πόλεις</span> <span class='ocrx_word' id='word_1_569' title='bbox 1798 4985 1860 5043; x_wconf 83' lang='grc' dir='ltr'>δ’.</span> 
     </span>
    </p>
   </div>
   <div class='ocr_carea' id='block_1_90' title="bbox 414 5072 1899 5150">
    <p class='ocr_par' dir='ltr' id='par_1_90' title="bbox 414 5072 1899 5150">
     <span class='ocr_line' id='line_1_90' title="bbox 414 5072 1899 5150; baseline 0.005 -25"><span class='ocrx_word' id='word_1_570' title='bbox 414 5072 546 5126; x_wconf 82' lang='grc' dir='ltr'>Ἀπὸ</span> <span class='ocrx_word' id='word_1_571' title='bbox 596 5074 769 5144; x_wconf 83' lang='grc' dir='ltr'>φυλῆς</span> <span class='ocrx_word' id='word_1_572' title='bbox 813 5077 968 5129; x_wconf 82' lang='grc' dir='ltr'><strong>Δάν·</strong></span> <span class='ocrx_word' id='word_1_573' title='bbox 1015 5077 1115 5149; x_wconf 79' lang='grc' dir='ltr'><strong>τὴν</strong></span> <span class='ocrx_word' id='word_1_574' title='bbox 1164 5076 1461 5145; x_wconf 77' lang='grc' dir='ltr'>Ἐλθακὼλ,</span> <span class='ocrx_word' id='word_1_575' title='bbox 1512 5080 1609 5133; x_wconf 61' lang='grc' dir='ltr'><strong>καὶ⁷</strong></span> <span class='ocrx_word' id='word_1_576' title='bbox 1653 5080 1753 5150; x_wconf 81' lang='grc' dir='ltr'><strong>τὴν</strong></span> <span class='ocrx_word' id='word_1_577' title='bbox 1800 5081 1899 5133; x_wconf 88' lang='grc' dir='ltr'><strong>Γε-</strong></span> 
     </span>
    </p>
   </div>
   <div class='ocr_carea' id='block_1_91' title="bbox 333 5164 1901 5243">
    <p class='ocr_par' dir='ltr' id='par_1_91' title="bbox 333 5164 1901 5243">
     <span class='ocr_line' id='line_1_91' title="bbox 333 5164 1901 5243; baseline 0.006 -26"><span class='ocrx_word' id='word_1_578' title='bbox 333 5164 501 5228; x_wconf 75' lang='grc' dir='ltr'>ϐαὼν,</span> <span class='ocrx_word' id='word_1_579' title='bbox 532 5167 629 5220; x_wconf 78' lang='grc' dir='ltr'><strong>καὶ</strong></span> <span class='ocrx_word' id='word_1_580' title='bbox 669 5166 870 5239; x_wconf 81' lang='grc' dir='ltr'>Ἕδὼμ,</span> <span class='ocrx_word' id='word_1_581' title='bbox 913 5168 1010 5224; x_wconf 77' lang='grc' dir='ltr'><strong>καὶ</strong></span> <span class='ocrx_word' id='word_1_582' title='bbox 1048 5170 1147 5241; x_wconf 76' lang='grc' dir='ltr'><strong>τὴν</strong></span> <span class='ocrx_word' id='word_1_583' title='bbox 1194 5170 1435 5243; x_wconf 83' lang='grc' dir='ltr'>Γεερέμ·</span> <span class='ocrx_word' id='word_1_584' title='bbox 1467 5172 1561 5226; x_wconf 76' lang='grc' dir='ltr'><strong>καὶ</strong></span> <span class='ocrx_word' id='word_1_585' title='bbox 1590 5165 1751 5227; x_wconf 74' lang='grc' dir='ltr'>αὗται</span> <span class='ocrx_word' id='word_1_586' title='bbox 1800 5174 1901 5226; x_wconf 80' lang='grc' dir='ltr'><strong>πό-</strong></span> 
     </span>
    </p>
   </div>
   <div class='ocr_carea' id='block_1_92' title="bbox 331 5258 532 5321">
    <p class='ocr_par' dir='ltr' id='par_1_92' title="bbox 331 5258 532 5321">
     <span class='ocr_line' id='line_1_92' title="bbox 331 5258 532 5321; baseline 0.02 -12"><span class='ocrx_word' id='word_1_587' title='bbox 331 5258 443 5321; x_wconf 86' lang='grc' dir='ltr'>λεις</span> <span class='ocrx_word' id='word_1_588' title='bbox 471 5258 532 5314; x_wconf 79' lang='grc' dir='ltr'>δ’.</span> 
     </span>
    </p>
   </div>
   <div class='ocr_carea' id='block_1_93' title="bbox 415 5352 1899 5431">
    <p class='ocr_par' dir='ltr' id='par_1_93' title="bbox 415 5352 1899 5431">
     <span class='ocr_line' id='line_1_93' title="bbox 415 5352 1899 5431; baseline 0.013 -27"><span class='ocrx_word' id='word_1_589' title='bbox 415 5352 546 5407; x_wconf 82' lang='grc' dir='ltr'><strong>Ἀπὸ</strong></span> <span class='ocrx_word' id='word_1_590' title='bbox 575 5353 806 5425; x_wconf 69' lang='grc' dir='ltr'>ἡμίσους</span> <span class='ocrx_word' id='word_1_591' title='bbox 856 5356 1031 5428; x_wconf 88' lang='grc' dir='ltr'>φυλῆς</span> <span class='ocrx_word' id='word_1_592' title='bbox 1062 5357 1438 5427; x_wconf 71' lang='grc' dir='ltr'>Μανασσῆς*</span> <span class='ocrx_word' id='word_1_593' title='bbox 1494 5357 1590 5431; x_wconf 80' lang='grc' dir='ltr'><strong>τὴν</strong></span> <span class='ocrx_word' id='word_1_594' title='bbox 1652 5358 1899 5431; x_wconf 70' lang='grc' dir='ltr'>Καναχὴ,</span> 
     </span>
    </p>
   </div>
   <div class='ocr_carea' id='block_1_94' title="bbox 332 5443 1308 5521">
    <p class='ocr_par' dir='ltr' id='par_1_94' title="bbox 332 5443 1308 5521">
     <span class='ocr_line' id='line_1_94' title="bbox 332 5443 1308 5521; baseline 0.009 -25"><span class='ocrx_word' id='word_1_595' title='bbox 332 5444 428 5498; x_wconf 76' lang='grc' dir='ltr'><strong>καὶ</strong></span> <span class='ocrx_word' id='word_1_596' title='bbox 457 5446 555 5517; x_wconf 82' lang='grc' dir='ltr'><strong>τὴν</strong></span> <span class='ocrx_word' id='word_1_597' title='bbox 585 5447 809 5504; x_wconf 87' lang='grc' dir='ltr'>Βετσάν.</span> <span class='ocrx_word' id='word_1_598' title='bbox 844 5443 1013 5504; x_wconf 77' lang='grc' dir='ltr'>Αὗται</span> <span class='ocrx_word' id='word_1_599' title='bbox 1037 5449 1220 5515; x_wconf 74' lang='grc' dir='ltr'>πόλεις</span> <span class='ocrx_word' id='word_1_600' title='bbox 1243 5449 1308 5521; x_wconf 86' lang='grc' dir='ltr'><strong>β’.</strong></span> 
     </span>
    </p>
   </div>
   <div class='ocr_carea' id='block_1_95' title="bbox 417 5537 1901 5619">
    <p class='ocr_par' dir='ltr' id='par_1_95' title="bbox 417 5537 1901 5619">
     <span class='ocr_line' id='line_1_95' title="bbox 417 5537 1901 5619; baseline 0.007 -28"><span class='ocrx_word' id='word_1_601' title='bbox 417 5537 549 5592; x_wconf 84' lang='grc' dir='ltr'>Ἀπὸ</span> <span class='ocrx_word' id='word_1_602' title='bbox 572 5540 760 5611; x_wconf 79' lang='grc' dir='ltr'>ἐτέρου</span> <span class='ocrx_word' id='word_1_603' title='bbox 788 5543 1018 5613; x_wconf 77' lang='grc' dir='ltr'>ἡμίσους</span> <span class='ocrx_word' id='word_1_604' title='bbox 1038 5543 1210 5615; x_wconf 83' lang='grc' dir='ltr'>φυλῆς</span> <span class='ocrx_word' id='word_1_605' title='bbox 1235 5545 1576 5615; x_wconf 82' lang='grc' dir='ltr'>Μανασσῆς</span> <span class='ocrx_word' id='word_1_606' title='bbox 1598 5563 1612 5576; x_wconf 78' lang='grc'><strong>⁸</strong></span> <span class='ocrx_word' id='word_1_607' title='bbox 1631 5547 1730 5619; x_wconf 78' lang='grc' dir='ltr'><strong>τὴν</strong></span> <span class='ocrx_word' id='word_1_608' title='bbox 1759 5546 1901 5604; x_wconf 80' lang='grc' dir='ltr'><strong>Γαῦ-</strong></span> 
     </span>
    </p>
   </div>
   <div class='ocr_carea' id='block_1_96' title="bbox 323 5630 1647 5710">
    <p class='ocr_par' dir='ltr' id='par_1_96' title="bbox 323 5630 1647 5710">
     <span class='ocr_line' id='line_1_96' title="bbox 323 5630 1647 5710; baseline 0.008 -28"><span class='ocrx_word' id='word_1_609' title='bbox 323 5633 443 5697; x_wconf 64' lang='grc' dir='ltr'>Ἀσν,</span> <span class='ocrx_word' id='word_1_610' title='bbox 471 5632 566 5685; x_wconf 67' lang='grc' dir='ltr'>καὶ</span> <span class='ocrx_word' id='word_1_611' title='bbox 597 5634 694 5704; x_wconf 80' lang='grc' dir='ltr'><strong>τὴν</strong></span> <span class='ocrx_word' id='word_1_612' title='bbox 724 5635 1013 5707; x_wconf 70' lang='grc' dir='ltr'>Βοσσόρον.</span> <span class='ocrx_word' id='word_1_613' title='bbox 1045 5635 1157 5692; x_wconf 72' lang='grc' dir='ltr'><strong>Καὶ</strong></span> <span class='ocrx_word' id='word_1_614' title='bbox 1184 5630 1343 5692; x_wconf 76' lang='grc' dir='ltr'>αὗται</span> <span class='ocrx_word' id='word_1_615' title='bbox 1372 5637 1555 5703; x_wconf 85' lang='grc' dir='ltr'>πόλεις</span> <span class='ocrx_word' id='word_1_616' title='bbox 1582 5638 1647 5710; x_wconf 82' lang='grc' dir='ltr'><strong>β’.</strong></span> 
     </span>
    </p>
   </div>
   <div class='ocr_carea' id='block_1_97' title="bbox 406 5828 1066 5898">
    <p class='ocr_par' dir='ltr' id='par_1_97' title="bbox 406 5828 1066 5898">
     <span class='ocr_line' id='line_1_97' title="bbox 406 5828 1066 5898; baseline 0.006 -15"><span class='ocrx_word' id='word_1_617' title='bbox 406 5828 515 5898; x_wconf 66' lang='grc'><strong>(47)</strong></span> <span class='ocrx_word' id='word_1_618' title='bbox 544 5830 702 5885; x_wconf 77' lang='lat' dir='ltr'><strong>Forte</strong></span> <span class='ocrx_word' id='word_1_619' title='bbox 726 5833 1066 5888; x_wconf 82' lang='grc' dir='ltr'>Χαναναίων.</span> 
     </span>
    </p>
   </div>
   <div class='ocr_carea' id='block_1_98' title="bbox 406 5902 1026 5974">
    <p class='ocr_par' dir='ltr' id='par_1_98' title="bbox 406 5902 1026 5974">
     <span class='ocr_line' id='line_1_98' title="bbox 406 5902 1026 5974; baseline 0.006 -21"><span class='ocrx_word' id='word_1_620' title='bbox 406 5902 514 5972; x_wconf 71' lang='grc'><strong>(48)</strong></span> <span class='ocrx_word' id='word_1_621' title='bbox 548 5903 653 5956; x_wconf 78' lang='lat' dir='ltr'><strong>Ms.</strong></span> <span class='ocrx_word' id='word_1_622' title='bbox 702 5902 1026 5974; x_wconf 76' lang='grc' dir='ltr'>Ἰλαμύριον.</span> 
     </span>
    </p>
   </div>
   <div class='ocr_carea' id='block_1_99' title="bbox 2005 4714 2933 4777">
    <p class='ocr_par' dir='ltr' id='par_1_99' title="bbox 2005 4714 2933 4777">
     <span class='ocr_line' id='line_1_99' title="bbox 2005 4714 2933 4777; baseline 0.009 -9"><span class='ocrx_word' id='word_1_623' title='bbox 2005 4720 2061 4769; x_wconf 82' lang='grc' dir='ltr'><strong>ει</strong></span> <span class='ocrx_word' id='word_1_624' title='bbox 2085 4714 2393 4770; x_wconf 84' lang='lat' dir='ltr'><strong>Galamatb.</strong></span> <span class='ocrx_word' id='word_1_625' title='bbox 2422 4714 2514 4772; x_wconf 66' lang='lat' dir='ltr'><strong>lite</strong></span> <span class='ocrx_word' id='word_1_626' title='bbox 2543 4715 2792 4774; x_wconf 76' lang='lat' dir='ltr'><strong>civitates</strong></span> <span class='ocrx_word' id='word_1_627' title='bbox 2816 4735 2933 4777; x_wconf 85' lang='lat' dir='ltr'><strong>xm.</strong></span> 
     </span>
    </p>
   </div>
   <div class='ocr_carea' id='block_1_100' title="bbox 2077 4900 3579 4990">
    <p class='ocr_par' dir='ltr' id='par_1_100' title="bbox 2077 4900 3579 4990">
     <span class='ocr_line' id='line_1_100' title="bbox 2077 4900 3579 4990; baseline 0.015 -35"><span class='ocrx_word' id='word_1_628' title='bbox 2077 4900 2153 4955; x_wconf 80' lang='lat' dir='ltr'><strong>Ex</strong></span> <span class='ocrx_word' id='word_1_629' title='bbox 2190 4902 2339 4958; x_wconf 85' lang='lat' dir='ltr'><strong>tribu</strong></span> <span class='ocrx_word' id='word_1_630' title='bbox 2362 4902 2646 4973; x_wconf 67' lang='lat' dir='ltr'><strong>Ephrarm:</strong></span> <span class='ocrx_word' id='word_1_631' title='bbox 2677 4905 2932 4980; x_wconf 82' lang='lat' dir='ltr'><strong>Sycbem,</strong></span> <span class='ocrx_word' id='word_1_632' title='bbox 2960 4918 3017 4965; x_wconf 88' lang='lat' dir='ltr'><strong>ct</strong></span> <span class='ocrx_word' id='word_1_633' title='bbox 3049 4910 3243 4980; x_wconf 87' lang='lat' dir='ltr'><strong>Gazer,</strong></span> <span class='ocrx_word' id='word_1_634' title='bbox 3265 4924 3319 4972; x_wconf 91' lang='lat' dir='ltr'><strong>et</strong></span> <span class='ocrx_word' id='word_1_635' title='bbox 3345 4919 3579 4990; x_wconf 85' lang='lat' dir='ltr'><strong>Gabain,</strong></span> 
     </span>
    </p>
   </div>
   <div class='ocr_carea' id='block_1_101' title="bbox 1964 4984 2714 5055">
    <p class='ocr_par' dir='ltr' id='par_1_101' title="bbox 1964 4984 2714 5055">
     <span class='ocr_line' id='line_1_101' title="bbox 1964 4984 2714 5055; baseline 0.008 -6"><span class='ocrx_word' id='word_1_636' title='bbox 1964 4984 1978 4996; x_wconf 78' lang='grc'><strong>’</strong></span> <span class='ocrx_word' id='word_1_637' title='bbox 2006 4995 2305 5052; x_wconf 87' lang='lat' dir='ltr'><strong>Betboron.</strong></span> <span class='ocrx_word' id='word_1_638' title='bbox 2343 4996 2608 5054; x_wconf 79' lang='lat' dir='ltr'><strong>Civitates</strong></span> <span class='ocrx_word' id='word_1_639' title='bbox 2642 5016 2714 5055; x_wconf 87' lang='lat' dir='ltr'><strong>tv.</strong></span> 
     </span>
    </p>
   </div>
   <div class='ocr_carea' id='block_1_102' title="bbox 2080 5083 3578 5170">
    <p class='ocr_par' dir='ltr' id='par_1_102' title="bbox 2080 5083 3578 5170">
     <span class='ocr_line' id='line_1_102' title="bbox 2080 5083 3578 5170; baseline 0.017 -33"><span class='ocrx_word' id='word_1_640' title='bbox 2080 5083 2153 5138; x_wconf 79' lang='lat' dir='ltr'><strong>Ex</strong></span> <span class='ocrx_word' id='word_1_641' title='bbox 2192 5087 2336 5141; x_wconf 89' lang='lat' dir='ltr'><strong>tribu</strong></span> <span class='ocrx_word' id='word_1_642' title='bbox 2369 5087 2532 5146; x_wconf 85' lang='lat' dir='ltr'><strong><em>Dan:</em></strong></span> <span class='ocrx_word' id='word_1_643' title='bbox 2565 5090 2829 5158; x_wconf 84' lang='lat' dir='ltr'><strong>Elthacol.</strong></span> <span class='ocrx_word' id='word_1_644' title='bbox 2864 5103 2917 5150; x_wconf 91' lang='lat' dir='ltr'><strong>et</strong></span> <span class='ocrx_word' id='word_1_645' title='bbox 2950 5094 3172 5153; x_wconf 88' lang='lat' dir='ltr'><strong>Gebaon</strong></span> <span class='ocrx_word' id='word_1_646' title='bbox 3193 5141 3207 5164; x_wconf 91' lang='lat'><strong>,</strong></span> <span class='ocrx_word' id='word_1_647' title='bbox 3241 5110 3293 5157; x_wconf 89' lang='lat' dir='ltr'><strong>et</strong></span> <span class='ocrx_word' id='word_1_648' title='bbox 3321 5101 3491 5170; x_wconf 83' lang='lat' dir='ltr'><strong>Edon,</strong></span> <span class='ocrx_word' id='word_1_649' title='bbox 3524 5117 3578 5162; x_wconf 85' lang='lat' dir='ltr'><strong>et</strong></span> 
     </span>
    </p>
   </div>
   <div class='ocr_carea' id='block_1_103' title="bbox 2008 5174 2645 5238">
    <p class='ocr_par' dir='ltr' id='par_1_103' title="bbox 2008 5174 2645 5238">
     <span class='ocr_line' id='line_1_103' title="bbox 2008 5174 2645 5238; baseline 0.013 -8"><span class='ocrx_word' id='word_1_650' title='bbox 2008 5174 2254 5231; x_wconf 75' lang='lat' dir='ltr'><strong>Geel-eiu.</strong></span> <span class='ocrx_word' id='word_1_651' title='bbox 2288 5178 2547 5236; x_wconf 83' lang='lat' dir='ltr'><strong>Civitates</strong></span> <span class='ocrx_word' id='word_1_652' title='bbox 2572 5198 2645 5238; x_wconf 85' lang='lat' dir='ltr'><strong>tv.</strong></span> 
     </span>
    </p>
   </div>
   <div class='ocr_carea' id='block_1_104' title="bbox 2080 5361 3576 5441">
    <p class='ocr_par' dir='ltr' id='par_1_104' title="bbox 2080 5361 3576 5441">
     <span class='ocr_line' id='line_1_104' title="bbox 2080 5361 3576 5441; baseline 0.012 -26"><span class='ocrx_word' id='word_1_653' title='bbox 2080 5361 2154 5415; x_wconf 78' lang='lat' dir='ltr'><strong>Es</strong></span> <span class='ocrx_word' id='word_1_654' title='bbox 2193 5362 2420 5420; x_wconf 89' lang='lat' dir='ltr'><strong>dimidia</strong></span> <span class='ocrx_word' id='word_1_655' title='bbox 2465 5366 2608 5422; x_wconf 88' lang='lat' dir='ltr'><strong>tribu</strong></span> <span class='ocrx_word' id='word_1_656' title='bbox 2636 5367 2882 5426; x_wconf 81' lang='lat' dir='ltr'><strong>Manasse</strong></span> <span class='ocrx_word' id='word_1_657' title='bbox 2914 5387 2933 5425; x_wconf 90' lang='lat'><strong><em>:</em></strong></span> <span class='ocrx_word' id='word_1_658' title='bbox 2972 5371 3244 5441; x_wconf 86' lang='lat' dir='ltr'><strong>Canache,</strong></span> <span class='ocrx_word' id='word_1_659' title='bbox 3280 5383 3332 5430; x_wconf 93' lang='lat' dir='ltr'><strong>et</strong></span> <span class='ocrx_word' id='word_1_660' title='bbox 3357 5374 3576 5434; x_wconf 80' lang='lat' dir='ltr'><strong>Bctsan.</strong></span> 
     </span>
    </p>
   </div>
   <div class='ocr_carea' id='block_1_105' title="bbox 2005 5454 2355 5511">
    <p class='ocr_par' dir='ltr' id='par_1_105' title="bbox 2005 5454 2355 5511">
     <span class='ocr_line' id='line_1_105' title="bbox 2005 5454 2355 5511; baseline 0.003 -1"><span class='ocrx_word' id='word_1_661' title='bbox 2005 5454 2266 5511; x_wconf 78' lang='lat' dir='ltr'><strong>Civitates</strong></span> <span class='ocrx_word' id='word_1_662' title='bbox 2296 5471 2355 5511; x_wconf 93' lang='grc' dir='ltr'><strong>ιι.</strong></span> 
     </span>
    </p>
   </div>
   <div class='ocr_carea' id='block_1_106' title="bbox 2079 5547 3580 5628">
    <p class='ocr_par' dir='ltr' id='par_1_106' title="bbox 2079 5547 3580 5628">
     <span class='ocr_line' id='line_1_106' title="bbox 2079 5547 3580 5628; baseline 0.012 -26"><span class='ocrx_word' id='word_1_663' title='bbox 2079 5547 2156 5604; x_wconf 81' lang='lat' dir='ltr'><strong>Ex</strong></span> <span class='ocrx_word' id='word_1_664' title='bbox 2208 5550 2376 5606; x_wconf 89' lang='lat' dir='ltr'><strong>altera</strong></span> <span class='ocrx_word' id='word_1_665' title='bbox 2430 5552 2655 5609; x_wconf 87' lang='lat' dir='ltr'><strong>dimidia</strong></span> <span class='ocrx_word' id='word_1_666' title='bbox 2710 5556 2850 5611; x_wconf 90' lang='lat' dir='ltr'><strong>tribu</strong></span> <span class='ocrx_word' id='word_1_667' title='bbox 2898 5556 3151 5611; x_wconf 76' lang='lat' dir='ltr'><strong>Manasse</strong></span> <span class='ocrx_word' id='word_1_668' title='bbox 3188 5573 3207 5613; x_wconf 91' lang='lat'><strong><em>:</em></strong></span> <span class='ocrx_word' id='word_1_669' title='bbox 3239 5556 3470 5628; x_wconf 85' lang='lat' dir='ltr'><strong>Gaulon,</strong></span> <span class='ocrx_word' id='word_1_670' title='bbox 3524 5570 3580 5620; x_wconf 84' lang='lat' dir='ltr'><strong>ct</strong></span> 
     </span>
    </p>
   </div>
   <div class='ocr_carea' id='block_1_107' title="bbox 2008 5641 3057 5717">
    <p class='ocr_par' dir='ltr' id='par_1_107' title="bbox 2008 5641 3057 5717">
     <span class='ocr_line' id='line_1_107' title="bbox 2008 5641 3057 5717; baseline 0.005 -21"><span class='ocrx_word' id='word_1_671' title='bbox 2008 5641 2304 5699; x_wconf 89' lang='lat' dir='ltr'><strong>Bossorou.</strong></span> <span class='ocrx_word' id='word_1_672' title='bbox 2334 5642 2455 5699; x_wconf 71' lang='lat' dir='ltr'><strong>ista:</strong></span> <span class='ocrx_word' id='word_1_673' title='bbox 2480 5661 2701 5717; x_wconf 89' lang='lat' dir='ltr'><strong>quoque</strong></span> <span class='ocrx_word' id='word_1_674' title='bbox 2725 5648 2967 5703; x_wconf 85' lang='lat' dir='ltr'><strong>civitates</strong></span> <span class='ocrx_word' id='word_1_675' title='bbox 2997 5662 3057 5702; x_wconf 92' lang='grc' dir='ltr'><strong>ιι.</strong></span> 
     </span>
    </p>
   </div>
   <div class='ocr_carea' id='block_1_108' title="bbox 2080 5835 2879 5911">
    <p class='ocr_par' dir='ltr' id='par_1_108' title="bbox 2080 5835 2879 5911">
     <span class='ocr_line' id='line_1_108' title="bbox 2080 5835 2879 5911; baseline -0.001 -16"><span class='ocrx_word' id='word_1_676' title='bbox 2080 5835 2190 5911; x_wconf 49' lang='lat' dir='ltr'><strong>(iii)</strong></span> <span class='ocrx_word' id='word_1_677' title='bbox 2219 5835 2412 5911; x_wconf 70' lang='lat' dir='ltr'><strong>Putem</strong></span> <span class='ocrx_word' id='word_1_678' title='bbox 2444 5838 2633 5911; x_wconf 83' lang='grc' dir='ltr'>Βοσὸρ,</span> <span class='ocrx_word' id='word_1_679' title='bbox 2659 5841 2690 5909; x_wconf 81' lang='grc' dir='ltr'><strong>ή</strong></span> <span class='ocrx_word' id='word_1_680' title='bbox 2722 5841 2879 5911; x_wconf 86' lang='grc' dir='ltr'>πρός.</span> 
     </span>
    </p>
   </div>
   <div class='ocr_carea' id='block_1_109' title="bbox 2083 5907 3479 5986">
    <p class='ocr_par' dir='ltr' id='par_1_109' title="bbox 2083 5907 3479 5986">
     <span class='ocr_line' id='line_1_109' title="bbox 2083 5907 3479 5986; baseline 0.012 -27"><span class='ocrx_word' id='word_1_681' title='bbox 2083 5907 2195 5976; x_wconf 75' lang='grc'><strong>(50)</strong></span> <span class='ocrx_word' id='word_1_682' title='bbox 2226 5907 2297 5963; x_wconf 83' lang='lat' dir='ltr'><strong>la</strong></span> <span class='ocrx_word' id='word_1_683' title='bbox 2333 5910 2552 5980; x_wconf 85' lang='lat' dir='ltr'><strong>quidam</strong></span> <span class='ocrx_word' id='word_1_684' title='bbox 2582 5907 2742 5966; x_wconf 78' lang='lat' dir='ltr'><strong>codd.</strong></span> <span class='ocrx_word' id='word_1_685' title='bbox 2768 5907 2888 5969; x_wconf 43' lang='lat' dir='ltr'><strong>&#39;Ios.</strong></span> <span class='ocrx_word' id='word_1_686' title='bbox 2915 5930 3027 5986; x_wconf 74' lang='lat' dir='ltr'><strong>tm,</strong></span> <span class='ocrx_word' id='word_1_687' title='bbox 3059 5918 3148 5985; x_wconf 79' lang='grc'><strong>17,</strong></span> <span class='ocrx_word' id='word_1_688' title='bbox 3184 5919 3254 5974; x_wconf 86' lang='lat' dir='ltr'><strong>al.</strong></span> <span class='ocrx_word' id='word_1_689' title='bbox 3283 5918 3479 5976; x_wconf 71' lang='grc' dir='ltr'>Γαϋέϐ.</span> 
     </span>
    </p>
   </div>
  </div>
