4032 6590
398 463 470 525 39
1880 450 2008 511 JOS

2108 449 2181 508 PI
3466 439 3475 447 ’
3584 431 3654 494 ιθ

470 576 550 631 Ex
578 573 720 630 tribu
755 566 1054 625 Issuchar:
1094 567 1273 634 Cisso,
1314 576 1369 623 et
1408 565 1702 633 Rhamath,
1741 573 1794 620 et
1830 562 1969 619 Deh-
2000 571 2045 624 Α

400 671 584 733 batha,
618 674 671 724 et
700 666 871 720 IleIie.
901 663 1165 718 Civitates
1193 678 1268 716 ιν.

472 852 548 905 Ex
579 850 720 905 tribu
758 848 923 902 Aser:
947 845 1172 913 MaSaIa,
1204 853 1257 900 et
1281 842 1521 907 Abdoth,
1545 851 1599 897 ct
1619 838 1901 904 Chelcath,
1927 849 1980 895 et

401 944 574 997 Raab.
603 940 861 998 Civitates
894 955 967 995 IV.

474 1122 551 1176 Ex
578 1122 718 1177 tribu
751 1120 1093 1191 Nephthalim
1120 1118 1329 1175 :Cedes
1348 1118 1401 1173 in
1422 1115 1665 1182 Galilaea,
1685 1125 1738 1171 et
1761 1114 1979 1181 Emath,

405 1224 459 1269 et
481 1215 696 1270 Car-ein.
737 1214 993 1270 Civitates
1024 1229 1108 1269 ιιι.

477 1402 559 1457 Ex
597 1402 744 1458 tribu
790 1400 1030 1455 Zabulon
1055 1413 1075 1453 :
1106 1396 1343 1463 Jeccom,
1372 1402 1428 1451 et
1450 1392 1660 1461 Cassir,
1700 1404 1754 1451 et
1784 1393 1986 1450 Rhem-

408 1510 556 1559 mon,
586 1503 639 1549 et
660 1493 836 1549 Ellan.
864 1492 1127 1548 Civitates
1158 1504 1232 1546 iv.

482 1677 561 1731 Ex
591 1675 732 1730 tribu
766 1673 953 1728 Rubim
981 1692 1000 1733 :
1039 1687 1188 1729 trans
1214 1672 1544 1739 Iordanem,
1581 1671 1776 1738 Rosor,
1811 1682 1866 1728 ct
1894 1670 1986 1727 Ja-

412 1768 513 1836 zir,
538 1766 896 1831 ctCedmoth,
925 1772 980 1820 et
1017 1763 1288 1835 Aphaath.
1330 1762 1595 1818 Civitates
1630 1778 1702 1818 IV.

485 1941 561 1994 Ex
585 1940 727 1995 tribu
755 1939 911 1995 Gad:
937 1939 1190 2005 Ramoth,
1221 1946 1275 1993 et
1304 1937 1640 2004 Matthanen,
1674 1947 1726 1994 et
1750 1937 1989 2004 Esebon,
2026 1912 2068 1968 Β

411 2041 468 2088 et
494 2033 639 2088 Azir.
676 2032 771 2088 liae
794 2048 1014 2104 quoque
1046 2032 1293 2087 civitates
1325 2047 1398 2086 IV.

410 2232 561 2290 CAP.
617 2233 858 2291 XXXIV.
912 2264 981 2306 -έ-
1025 2234 1296 2302 Quasnam
1341 2245 1589 2306 ceperunt
1641 2234 1881 2291 civitates
1942 2246 1992 2292 et

733 2323 874 2377 reges
895 2348 910 2371 ,
935 2305 1090 2361 Jews
1121 2316 1169 2361 et
1200 2307 1396 2376 Caleph
1419 2306 1601 2377 ﬁdeles
1634 2308 1673 2361 ί.

485 2400 513 2455 1
548 2399 746 2470 Regem
770 2398 1009 2462 Jericho,
1042 2400 1077 2453 2
1123 2408 1177 2455 et
1204 2415 1383 2471 regem
1409 2399 1528 2466 Gai,
1563 2415 1682 2469 quae
1708 2396 1808 2455 fuit
1830 2414 1999 2471 prope

418 2492 624 2559 Rethel,
658 2493 694 2547 3
745 2492 943 2561 Regem
992 2490 1318 2559 Jerusalem,
1372 2495 1406 2548 4
1456 2491 1659 2563 Regem
1714 2492 1993 2557 Chebron,

418 2582 453 2637 ὅ
480 2583 679 2653 Regem
716 2582 936 2649 Lachis,
979 2583 1010 2638 6
1046 2585 1244 2655 Regem
1273 2582 1569 2651 Jerimuth,
1599 2584 1629 2636 7
1664 2583 1866 2655 Regem
1894 2582 1999 2641 Ga-

418 2692 531 2742 ler,
564 2678 595 2733 8
632 2676 830 2747 Regem
866 2676 1103 2747 Eglom,
1135 2678 1167 2733 9
1196 2679 1399 2748 Regem
1427 2677 1595 2733 Ader.

464 2840 559 2915 ἰο
593 2863 791 2933 Regem
822 2861 1017 2929 Daber,
1063 2864 1118 2917 ιιι
1163 2847 1362 2934 Ιίὀεοηι
1398 2862 1669 2929 OdoIIam,
1704 2864 1772 2919 ιε
1798 2863 1999 2937 Regem

418 2953 641 3020 Herma,
694 2956 759 3010 15
807 2955 1012 3027 Regem
1065 2957 1356 3028 Thappbu,
1412 2958 1481 3014 14
1532 2957 1737 3030 Regem
1790 2958 1998 3027 Lebna,

422 3045 489 3102 15
526 3045 727 3117 Regem
762 3047 887 3115 Bec,
917 3048 984 3103 16
1014 3049 1214 3120 Regem
1246 3050 1487 3117 Macella,
1521 3052 1587 3106 I7
1617 3051 1820 3123 Regem
1845 3053 2003 3111 Sam-

420 3153 546 3202 ron,
576 3140 637 3194 IS
662 3138 859 3211 Regem
884 3141 1087 3213 Opher,
1131 3144 1199 3198 19
1229 3143 1428 3214 Regem
1454 3143 1730 3216 Acbsaph.

2157 562 2294 615 Ἀπὸ
2361 558 2541 629 φυλῆς
2609 555 2940 624 Ἰσσάχαρο
2989 552 3087 622 τὴν
3149 547 3359 612 Κισσὼ,
3413 547 3508 600 καὶ
3555 547 3655 612 τὴν

2089 652 2327 723 Ῥαμὰθ,
2362 651 2457 704 καὶ
2482 649 2580 721 τὴν
2614 645 2883 713 Δεὸἦαοὰ,
2904 647 2998 699 xei.
3023 643 3120 716 τὴν
3167 642 3335 696 Ἦλίν.
3370 634 3539 696 Abeat
3563 640 3658 692 πό-

2080 745 2297 890 λειῗΛῗτέ
2346 836 2517 907 φυλῆς
2556 834 2773 901 ’Δσὴρ·
2804 830 2904 903 τὴν
2950 826 3206 892 Μασαλὰ,
3261 825 3355 879 καὶ
3391 823 3490 894 τὴν
3532 821 3659 875 ‘A6-

2081 931 2211 996 δὼθ,
2246 930 2345 985 καὶ
2387 929 2488 999 τὴν
2532 926 2771 991 Χελκὰθ,
2821 922 2916 977 καὶ
2961 920 3063 993 τὴν
3107 916 3301 973 Ῥαάσ.
3352 908 3524 971 Δῦται
3556 918 3656 967 πο-

2167 1118 2300 1171 Ἀπὸ
2342 1114 2513 1185 φυλῆς
2542 1109 2882 1181 Νεφθαλείμ
2903 1123 2919 1139 ⁸
2953 1108 3053 1180 τὴν
3087 1105 3255 1169 xeat;
3303 1106 3361 1158 ὲν
3400 1105 3468 1173 τῇ
3504 1100 3660 1156 Γαλι-

2083 1211 2233 1282 λαίᾳ,
2286 1210 2385 1265 καὶ
2430 1207 2531 1279 τὴν
2562 1204 2761 1278 Ἔμὰθ,
2806 1202 2902 1257 καὶ
2931 1200 3028 1273 τὴν
3062 1200 3290 1271 Καρεΐν.
3342 1190 3514 1251 Δῦται
3565 1194 3660 1247 πό-

2085 1306 2195 1368 λεις
2217 1303 2284 1373 γ’.

2171 1397 2304 1451 Ἀπὸ
2331 1396 2506 1467 φυλῆς
2550 1391 2910 1449 Ζαϐουλὼν·
2959 1390 3060 1460 τὴν
3111 1383 3371 1453 Ίεκκὼμ,
3420 1380 3514 1437 καὶ
3542 1379 3662 1467 fetv

2087 1465 2353 1561 Kaccaip,
2389 1465 2484 1542 acati.
2525 1487 2623 1559 τὴν
2663 1482 2943 1556 Ῥεμμὼν,
2983 1480 3078 1534 καὶ
3108 1477 3207 1550 τὴν
3250 1474 3461 1529 Ἐλλάν.
3493 1465 3664 1526 Abeat

2089 1582 2271 1645 πόλεις
2296 1580 2357 1634 δ’.

2170 1672 2303 1728 Ἀπὸ
2352 1670 2523 1742 φυλῆς
2563 1668 2838 1738 Ῥουὸἰμ·
2895 1665 3070 1735 πέραν
3106 1660 3202 1715 τοῦ
3244 1657 3533 1730 Ἰορδάνου,
3567 1653 3666 1724 τὴν

2092 1765 2283 1836 Βόσορ,
2314 1763 2409 1817 καὶ
2430 1761 2528 1833 τὴν
2565 1758 2894 1830 Ἰαζεὶρ,καὶ
2914 1755 3014 1826 τὴν
3032 1750 3286 1823 Κεδμὼθ,
3311 1749 3407 1804 καὶ
3432 1744 3663 1816 Ἀφαάθ.

2093 1851 2263 1912 Λῦται
2293 1856 2477 1918 πόλεις
2505 1852 2569 1909 δ’.

2175 1947 2308 2001 Ἀπὸ
2334 1945 2507 2017 φυλῆς
2554 1943 2719 1999 Γάδο
2775 1942 2875 2014 τὴν
2920 1938 3164 2012 Ῥαμὼθ,
3207 1938 3302 1990 καὶ
3351 1931 3665 2002 Ματθανὴν,

2096 2041 2191 2093 καὶ¹
2228 2041 2325 2111 τὴν
2373 2036 2630 2105 Ἐσεϐὦν,
2686 2035 2780 2090 καὶ
2826 2034 2926 2104 τὴν
2962 2030 3166 2101 Ἀζεὶρ.
3214 2029 3326 2082 Καὶ
3374 2018 3536 2081 αὗται
3570 2023 3670 2077 πό-

2095 2133 2209 2197 λεις
2243 2130 2305 2186 δ’.

2098 2246 2352 2298 ΚΕΦΑΛ.
2384 2242 2504 2298 ΛΔ’.
2538 2273 2609 2282 -
2653 2244 2825 2307 Τίνας
2861 2238 3152 2307 εἰλήφασι
3196 2234 3403 2307 πόλεις
3427 2230 3531 2307 εισι
3556 2230 3675 2297 ,Βα-

2213 2314 2431 2381 σιλεῐς,
2476 2312 2708 2382 Ἰησοῦς
2744 2303 2841 2366 καὶ
2873 2303 3077 2378 Kal}?
3105 2310 3158 2361 οὶ
3187 2306 3391 2360 πιστοί
3416 2303 3551 2375 (Si).

2170 2438 2218 2485 α’
2253 2430 2364 2500 (52)
2418 2430 2523 2483 Τὸν
2558 2428 2786 2500 βασιλέα
2833 2424 3067 2498 Ἰεριχὼ,
3113 2422 3157 2495 β’
3188 2422 3406 2477 καὶτὸν
3452 2418 3677 2490 βασιλέα

2098 2524 2195 2594 τῆς
2225 2521 2346 2584 Fati,
2377 2520 2411 2591 ἧ
2446 2523 2561 2573 ἐστι
2584 2518 2811 2588 πλησίον
2842 2515 3037 2588 Βεθὴλ,
3067 2521 3117 2583 γ’
3142 2511 3369 2585 βασιλέα
3402 2511 3672 2580 Ἰερουσα-

2098 2614 2239 2685 λὴμ,¹
2267 2611 2308 2666 δ’
2343 2612 2568 2683 βασιλέα
2588 2609 2838 2679 Χεϐρῶν,
2870 2615 2910 2661 ε’
2945 2606 3177 2678 βασιλέα
3212 2602 3402 2672 Δάχις,
3436 2599 3488 2665 ς’
3518 2599 3678 2670 βασι-

2100 2707 2197 2760 λέα
2230 2704 2527 2778 Ίεριμοὺθ,
2552 2702 2596 2769 ζ’
2625 2702 2851 2774 βασιλέα
2879 2702 2919 2754 Γ
2923 2699 3078 2772 αζὲρ,
3098 2697 3154 2771 η’
3176 2694 3402 2769 βασιλέα
3428 2691 3675 2763 Αἱγλὼμ,

2102 2797 2145 2852 0'
2180 2797 2407 2869 βασιλέα
2447 2795 2623 2868 ’Δδέρ.

2175 2887 2204 2941 ι’
2239 2886 2475 2942 Βασιλέα
2504 2886 2710 2957 Δαὸὴρ,
2746 2884 2814 2940 ια’
2846 2883 3067 2955 βασιλέα
3118 2879 3400 2951 Ὀδολλὰμ,
3430 2878 3495 2949 ιβ’
3526 2878 3681 2949 βασι-

2101 2981 2197 3037 λέα
2235 2981 2434 3051 Ἑρμᾶ,
2474 2986 2542 3047 ιγ’
2570 2978 2801 3049 βασιλέα
2831 2976 3085 3047 Θαπφοῦ,
3115 2973 3176 3031 ιδ’
3206 2974 3432 3046 βασιλέα
3474 2971 3677 3035 Λεὸνᾶ,

2107 3080 2163 3126 ιε’
2198 3071 2422 3141 βασιλέα
2467 3069 2596 3133 Βὲκ,
2652 3068 2726 3133 ις’
2771 3068 2997 3137 βασιλέα
3039 3067 3297 3136 Μακηδὰ,
3347 3065 3411 3131 ιζ’
3454 3062 3681 3135 βασιλέα

2105 3169 2358 3241 Σαμρῶν,
2398 3174 2467 3238 ιη’
2501 3165 2724 3238 βασιλέα
2760 3162 2950 3234 Ὀφὲρ,
2988 3160 3053 3216 ιθ¹
3089 3161 3312 3232 βασιλέα
3354 3158 3585 3230 Ἀχσάφ.

491 3231 563 3287 20
606 3230 809 3305 Regem
851 3235 1012 3303 Asor,
1060 3235 1125 3290 2|
1175 3235 1377 3307 Regem
1427 3235 1667 3304 Meidon,
1695 3237 1767 3291 22
1798 3237 1997 3309 Regem

2177 3230 2513 3315 2"Baetké'a'
2532 3256 2730 3329 Ἀσὼρ,
2764 3230 2848 3311 διαὲ
2882 3230 3110 3327 βασιλέα
3138 3253 3382 3318 Μελδὼν,
3410 3249 3492 3322 κβ¹
3524 3252 3681 3323 βασι-

423 3325 707 3393 Marrhon,
753 3328 824 3383 23
864 3328 1066 3400 Regem
1121 3327 1319 3395 Cedes,
1370 3328 1441 3384 21
1495 3328 1698 3402 Regem
1758 3331 2003 3397 'l‘banae,

423 3416 496 3470 25
527 3419 729 3489 Regem
768 3418 1029 3475 Jeconam
1070 3420 1395 3489 Charmeiis,
1430 3421 1502 3477 26
1538 3423 1737 3495 Regem
1780 3424 1905 3490 Dor,
1937 3425 2006 3479 27

428 3507 629 3580 Regem
652 3509 866 3581 Naplter
901 3511 1030 3581 Dor,
1071 3513 1141 3567 28
1175 3512 1380 3585 Regem
1412 3514 1551 3572 Goin
1577 3515 1768 3590 Gogel,
1801 3516 1871 3574 29
1902 3517 2010 3575 Re-

427 3619 548 3672 gem
589 3604 816 3659 Thersa.

500 3693 703 3751 Omnes
726 3697 838 3763 iSti,
869 3714 1024 3771 reges
1070 3716 1200 3755 xxix
1252 3717 1392 3773 quos
1425 3704 1648 3760 sustulit
1688 3704 1849 3763 Iesus
1880 3722 2006 3763 cum

426 3786 742 3846 civitatibus
777 3807 987 3860 eorum,
1032 3810 1171 3865 quas
1207 3795 1349 3853 forte
1383 3797 1666 3853 distribuit
1698 3799 1752 3856 in
1784 3800 2009 3857 haeredi-

428 3888 593 3936 tatem
626 3883 751 3939 ﬁliis
774 3885 969 3943 Israel.

427 3990 584 4048 CAP.
612 3995 929 4074 XXXV._—-
950 4000 1181 4066 Quinam
1207 4021 1346 4074 rcges
1372 4016 1719 4061 convenerunt
1747 4007 1801 4060 in
1820 4007 2008 4064 vallem

760 4068 983 4137 salsam,
1008 4088 1135 4142 quos
1160 4068 1345 4129 cecidit
1378 4077 1668 4130 Abraham.

501 4180 745 4251 Marphal
792 4198 885 4239 rex
927 4184 1214 4242 Sennaar:
1254 4188 1457 4246 Arioch
1494 4203 1589 4245 rex
1620 4189 1772 4246 Ellaa
1810 4209 1821 4244 :
1864 4193 2011 4250 Cho-

426 4272 774 4346 dollogomor
800 4292 897 4332 rex
932 4277 1084 4334 Eiam
1112 4298 1128 4334 :
1164 4280 1412 4353 Tbargar
1436 4295 1532 4337 rex
1564 4284 1831 4354 gentium.

426 4482 583 4540 CAP.
624 4484 862 4541 XXXVI.
904 4518 976 4528 —
1029 4486 1295 4560 Quisunt
1340 4505 1503 4560 reges,
1556 4507 1687 4560 quos
1741 4490 2011 4544 Abraham

956 4559 1179 4612 servavit
1205 4575 1322 4611 cum
1360 4558 1478 4613 Lol.

502 4690 676 4744 Ellam
723 4707 902 4763 regem
954 4693 1316 4752 Sodomorum
1360 4713 1373 4752 :
1426 4697 1779 4767 Mcgabersan
1824 4714 2005 4767 regem

427 4782 790 4839 Gomorrhaz:
826 4785 1071 4843 Sennaar
1108 4803 1286 4861 regem
1322 4790 1655 4846 Adamorum
1690 4809 1703 4845 :
1742 4791 2012 4848 Somobor

434 4890 614 4944 regem
645 4876 877 4933 Seboem
907 4898 920 4933 :
954 4878 1116 4936 Balac
1144 4897 1322 4950 regem
1364 4880 1559 4953 Segor.
1592 4883 1703 4940 ﬂos
1734 4884 2008 4939 Abraham

434 4969 720 5027 insecutus
760 4973 1106 5045 eripiensque
1132 4991 1163 5031 a
1191 4976 1505 5046 captivitate
1553 4977 1859 5033 incolumes
1898 4994 2008 5034 scr-

434 5068 601 5134 vavit,
662 5072 891 5126 armatis
936 5072 988 5126 in
1029 5073 1257 5141 gratiam
1306 5087 1497 5127 eorum
1550 5075 1725 5129 servis
1750 5074 1886 5140 suis,
1916 5074 2011 5144 qui

430 5170 592 5215 erant
621 5177 850 5217 numero
875 5179 1124 5218 CCCXVIII.

430 5274 587 5331 CAP.
611 5275 948 5331 XXXVII.—
976 5279 1207 5343 Quinam
1228 5278 1435 5333 Ilebrazi
1453 5296 1570 5333 cum
1588 5288 1757 5334 essent
1779 5279 2010 5334 ethnicus

970 5365 1161 5404 uxores
1191 5357 1478 5405 duxerunt.

504 5457 677 5512 ludas
706 5460 865 5515 duxit
912 5460 1043 5528 Sua,
1075 5479 1143 5518 ex
1174 5480 1281 5533 qua
1317 5464 1507 5518 habuit
1536 5465 1676 5521 Iilios
1701 5466 1788 5520 Sir
1819 5474 1875 5521 et
1898 5466 2011 5520 Au-

436 5565 505 5603 na
529 5559 584 5605 et
608 5550 800 5607 Silom.
830 5553 1049 5623 Accepit
1070 5569 1234 5624 porro
1256 5572 1481 5612 uxorem
1507 5558 1747 5613 Thamar
1775 5559 1886 5614 lilio
1912 5575 2012 5615 suo

431 5642 522 5698 Sir
545 5661 562 5710 ;
592 5660 701 5714 quo
725 5656 965 5714 mortuo,
990 5646 1140 5704 dedit
1163 5663 1282 5703 cam
1307 5649 1360 5703 in
1383 5651 1791 5708 matrimonium
1820 5650 2008 5708 Anna).

508 5823 621 5893 (51)
647 5823 849 5879 Conier
886 5826 1000 5881 Jos.
1033 5843 1131 5891 xu,
1162 5828 1317 5883 9-24.

512 5895 625 5965 (52)
656 5894 773 5965 Ipse
796 5912 1053 5953 numeros
1083 5904 1329 5971 θυρωροί.

2039 4603 2088 4662 D

2107 3356 2203 3410 λέα
2248 3353 2514 3425 Μαρρὼν,
2553 3360 2635 3421 κγ’
2669 3350 2892 3421 βασιλέα
2938 3349 3138 3413 Κέδες,
3191 3346 3267 3401 κδ’
3305 3345 3529 3417 βασιλέα
3572 3343 3683 3397 Θα-

2108 3447 2233 3512 vix,
2268 3444 2345 3499 κε’
2378 3444 2602 3515 βασιλέα
2649 3440 2897 3511 Ἰεκονὰμ
2926 3441 3020 3494 τοῦ
3057 3438 3295 3511 Χερμὲλ,
3331 3442 3421 3503 κς¹
3455 3435 3684 3507 βασιλέα

2107 3540 2262 3609 Δῶρ,
2314 3534 2398 3603 κζ’
2446 3536 2675 3609 βασιλέα
2725 3533 2823 3588 τοῦ
2873 3533 3063 3603 Ναφὲρ
3117 3532 3261 3601 Δῶρ,
3316 3535 3401 3601 κη’
3457 3528 3687 3599 βασιλέα

2109 3631 2264 3703 Γωῒμ
2284 3630 2397 3705 (55)
2419 3632 2517 3704 τῆς
2549 3628 2737 3698 Γογὲλ,
2767 3628 2848 3681 κθθ
2881 3627 3101 3699 βασιλέα
3124 3624 3328 3696 Θερσά.

2179 3725 2384 3789 Πάντες
2417 3717 2563 3777 οὗτοι
2595 3722 2834 3794 βασιλεῖς
2862 3720 2942 3774 κθ⁹
2973 3718 3066 3783 οὒς
3094 3718 3305 3771 ἀνεῖλεν
3352 3714 3556 3787 Ἰησοῦς
3585 3713 3686 3766 σὺν

2108 3822 2231 3883 ταῖς
2271 3818 2493 3873 πόλεσιν
2540 3814 2744 3883 αὐτῶν,
2778 3815 2872 3869 καὶ
2909 3810 3336 3883 ὲςιληροδότησεν
3370 3808 3539 3871 αὑτὰς
3573 3808 3689 3870 τοῖς

2110 3912 2247 3975 υἱοῖς
2292 3908 2531 3981 Ἰσραήλ.

2110 4023 2363 4077 ΚΕΦΑᾹ.
2395 4023 2519 4076 AE'.
2559 4053 2631 4064 —
2664 4021 2828 4087 Τίνες
2851 4022 2903 4074 οἱ
2927 4016 3212 4084 βασιλεῖς
3234 4015 3593 4087 eameam;
3614 4009 3688 4081 τῇ

2261 4092 2466 4163 datum?
2494 4091 2729 4147 πεδιάδι
2763 4084 2870 4157 οὓς
2903 4089 3201 4153 ἐπάταξεν
3250 4084 3526 4155 Ἀϐραάμ.

2182 4208 2445 4281 Μαρφὰλ,
2506 4206 2761 4279 βασιλεὺς
2814 4205 3090 4275 Σενναάρ·
3159 4202 3380 4274 ’Δριὼχ,
3436 4196 3690 4269 βασιλεὺς

2124 4303 2354 4358 Ἐλλαά·
2393 4299 2824 4370 Χοδολλογόμορ,
2871 4296 3127 4367 βασιλεὺς
3183 4295 3386 4366 Ἐλάμ·
3436 4291 3688 4364 Θαργάρ,

2114 4394 2368 4465 βασιλεὺς
2401 4393 2591 4447 ἐθνῶν.

2114 4508 2363 4562 ΚΕΦΑΛ.
2394 4504 2535 4575 Acr.
2565 4537 2636 4546 —
2658 4486 2830 4569 ‘rzrsc
2851 4506 2903 4558 οι
2925 4502 3231 4575 βασιλεῖςη
3258 4501 3367 4570 οὓς
3396 4501 3691 4556 διέσωσεν

2549 4577 2804 4646 Ἀϐραὰμ
2825 4574 2977 4646 μετὰ
3010 4575 3117 4629 τοῦ
3148 4572 3298 4630 Λώτ.

2200 4710 2427 4783 Ἐλλὰμ,
2465 4709 2692 4781 βασιλέα
2723 4708 2998 4780 Σοδόμωνο
3036 4707 3415 4780 Μεγαόερσᾶν,
3466 4707 3694 4778 βασιλέα

2117 4803 2444 4874 Γομόρρας·
2508 4803 2770 4873 Σενναὰρ,
2816 4801 3039 4872 βασιλέα
3086 4800 3370 4870 Ἀδαμῶν·
3426 4799 3691 4871 Σομοόὸρ,

2119 4894 2346 4964 βασιλέα
2396 4893 2669 4965 Σεῦώημ⁹
2707 4894 2908 4960 Βαλὰκ,
2950 4892 3175 4963 βασιλέα
3223 4892 3415 4963 Σεγόρ.
3459 4892 3695 4956 Τούτους

2133 4987 2389 5060 Ἀϐραὰμ
2423 4986 2719 5053 ἐπιδιώξας
2750 4986 2845 5040 καὶ
2868 4984 3077 5041 ἀνελὼν
3118 4985 3187 5038 ὲκ
3212 4984 3313 5054 τῆς
3362 4985 3691 5054 ἀπαγωγῆς,

2119 5080 2462 5147 ὑπεξειλατο,
2491 5079 2920 5151 ἐπιστρατεύσας
2947 5080 3132 5142 αὐτοῖς
3173 5079 3300 5143 τοὺς
3338 5076 3533 5137 ἑαυτοῦ
3568 5079 3696 5130 παῖ-

2116 5173 2232 5239 δας,
2262 5173 2429 5237 ὕντας
2464 5171 2554 5225 τὸν
2590 5172 2824 5244 ἀριθμὸν
2851 5172 2978 5247 τιη’.

2118 5286 2370 5341 ΚΕΦΑΛ.
2405 5284 2525 5340 ΛΖ’.
2581 5318 2652 5328 -
2706 5288 2873 5360 Τίνες
2915 5289 3172 5360 Ἑϐραῖοι
3214 5287 3507 5360 γυναῖκας
3540 5287 3697 5343 Mrt-

2680 5357 2792 5424 κάς
2810 5357 3126 5430 ἠγάγοντοο

2203 5470 2427 5539 Ἰούδας
2458 5471 2557 5543 τὴν
2594 5471 2757 5537 Σουὰ,
2794 5472 2852 5538 ἐξ
2896 5467 2965 5546 ῆς
3006 5473 3166 5545 ἔσχεν
3217 5473 3389 5537 υἱοὺς,
3415 5471 3506 5527 τὸν
3544 5470 3694 5540 Σεὶρ,
3778 5459 3793 5487 ⁸

2120 5566 2217 5619 καὶ
2255 5564 2347 5618 τὸν
2397 5566 2567 5632 Αὐνᾶ,
2614 5566 2709 5618 καὶ
2750 5563 2842 5617 τὸν
2878 5564 3083 5636 Σιλώμ.
3126 5565 3327 5619 Ἔλασε
3373 5565 3429 5619 δὲ
3462 5563 3700 5634 γυναῖκα

2121 5656 2219 5727 τὴν
2246 5657 2444 5728 Θάμαρ
2475 5658 2552 5729 τῷ
2599 5657 2701 5729 υἱῷ
2742 5658 2907 5712 αὑτοῦ
2944 5660 3089 5731 Σεὶρ,
3125 5660 3221 5715 καὶ
3267 5658 3458 5713 τούτου
3491 5654 3701 5710 amo»

2194 5834 2306 5906 ’53)
2344 5833 2383 5887 I.
2406 5852 2453 5889 ο.
2488 5836 2719 5892 Caiila‘te
2749 5838 3007 5907 gentium.
