4050 6682
329 537 403 605 45
1503 533 1881 599 LIBELLUS
1919 532 2415 596 MEMORIALIS.
3518 531 3590 598 ιδ

328 653 578 723 τείχους,
636 648 782 705 κατά
835 647 930 705 τοῦ
986 646 1222 722 κράνους
1281 647 1446 703 αὐτοῦ
1505 649 1901 722 ἀπορριφέντι,

2010 658 2194 703 mento
2243 648 2312 703 de
2349 661 2507 703 muro
2557 648 2612 702 in
2647 656 2809 719 caput
2859 645 2982 717 ejus
3016 646 3298 719 proiecto,
3331 662 3360 703 e
3408 649 3590 704 medio

328 742 615 798 ἀνελοῦσα.

2013 739 2251 794 sustulit.

400 836 510 888 Kal.
536 836 570 907 ή
612 834 704 888 τὸν
738 832 923 889 Σαόεὲ
953 833 1034 897 δὲ,
1065 830 1157 887 τὸν
1185 831 1279 885 τοῦ
1306 831 1518 903 Βοχορὶ,
1546 830 1911 901 προκατειλη-

2085 831 2216 885 Item
2242 846 2365 901 qua:
2386 829 2547 885 Sabee
2578 831 2749 886 tilium
2784 831 3040 898 Bochori,
3063 836 3155 903 qui
3176 833 3289 903 jam
3316 847 3593 903 prteoccu-

330 929 469 996 φότα
488 929 588 999 τὴν
618 927 789 981 ’Ἅϐελ
811 927 1160 999 καλουμένην
1187 926 1362 992 πόλιν,
1393 926 1500 979 ἀπὸ
1524 926 1618 980 τοῦ
1646 925 1911 996 βασιλέως

2014 932 2237 994 paverat
2264 925 2538 979 civitatem
2573 925 2797 980 nomine
2823 925 2977 991 Abel,
3009 926 3390 997 defeceratqne
3423 943 3453 982 a
3489 928 3592 982 Da-

328 1022 644 1077 ἀποστάντα
676 1020 840 1077 Δαΰὶδ
878 1020 1269 1084 ἀποκτείνασα,
1296 1021 1394 1074 καὶ
1417 1020 1513 1091 τὴν
1538 1020 1783 1090 κεφαλὴν
1810 1025 1912 1074 αὐ·

2015 1016 2137 1071 vide
2162 1030 2303 1087 rege,
2331 1014 2624 1079 interfecit,
2648 1025 2703 1071 et
2723 1027 2886 1087 caput
2911 1017 3033 1087 ejus
3055 1033 3151 1089 per
3180 1034 3395 1073 murum
3418 1017 3592 1072 Joabo

330 1116 423 1169 τοῦ
450 1115 541 1169 διὰ
564 1113 658 1169 τοῦ
681 1114 897 1185 τείχους
928 1114 1007 1185 τῷ
1052 1113 1208 1168 Ἰωάδ
1236 1113 1471 1185 ῥίψασα,
1507 1111 1670 1166 καλὸν
1699 1114 1793 1167 καὶ
1823 1130 1911 1166 σο-

2015 1107 2247 1177 projecit
2279 1125 2293 1161 :
2320 1123 2432 1179 quo
2462 1118 2772 1179 perpetrato
2812 1110 3045 1179 pulchro
3072 1125 3137 1166 ac
3181 1111 3415 1179 sapienti
3459 1108 3592 1164 faci-

330 1208 425 1276 φὺν
455 1207 621 1279 ἔργον
648 1206 992 1273 ἀπεδείξατο,
1034 1206 1163 1278 ὃλην
1195 1206 1349 1260 πόλιν
1382 1206 1699 1276 πολιορκίας
1743 1208 1912 1277 ῥυσα-

2020 1216 2179 1267 nore,
2217 1199 2406 1256 urbem
2445 1209 2614 1257 totam
2647 1201 2717 1257 ab
2750 1202 3038 1258 obsidione
3062 1203 3340 1258 liberavit.
3546 1220 3547 1225 π
3610 1210 3619 1273 ί

331 1301 465 1372 μένη
475 1342 490 1356 .

397 1392 545 1463 Σοφή
572 1392 629 1444 δὲ
671 1392 766 1445 καὶ
794 1393 827 1464 ή
860 1391 1196 1458 Θεκουῗτις,
1227 1392 1261 1461 ἡ
1292 1391 1385 1446 τὸν
1429 1390 1789 1463 Ἀὁεσσαλὼμη
1812 1393 1910 1463 τῆς

2089 1380 2353 1436 Thecuitis
2383 1392 2438 1437 et
2473 1383 2588 1453 ipsa
2619 1384 2839 1455 sapiens
2861 1424 2876 1448 ,
2910 1400 3033 1455 qua:
3063 1386 3390 1443 adhortante
3420 1387 3594 1444 Joabo

328 1486 508 1554 φυγῆς
548 1483 654 1537 ὑπὸ
695 1482 789 1536 τοῦ
828 1483 1034 1555 πατρὸς
1072 1482 1338 1555 κληθῆναι
1369 1483 1714 1555 ποιησαμένη
1739 1523 1754 1549 ,
1789 1484 1911 1547 ταῖς

2013 1472 2212 1540 eiii-cit,
2251 1484 2309 1528 ut
2339 1475 2598 1531 Absalom
2635 1478 2704 1532 ab
2746 1477 2942 1533 exsilio
2973 1493 3003 1531 a
3040 1487 3193 1548 patre
3220 1492 3591 1538 revocaretur.

328 1575 423 1628 τοῦ
462 1574 635 1642 Ἰωάϐθ
651 1575 972 1646 ὑποθήκαις.

748 1575 972 1646 »θήκαις.
2345 1592 2347 1594 ·

399 1668 562 1721 Σαϐὰ
608 1666 666 1721 δὲ
713 1669 745 1738 ὴ
804 1667 913 1721 τῶν
959 1667 1231 1723 Αἰθιόπων
1282 1668 1492 1739 βασιλὶς
1542 1671 1645 1740 τῆς
1716 1668 1911 1739 σοφίας
1990 1704 1995 1707 τ

2085 1665 2230 1721 Saba
2262 1680 2481 1737 quoque
2513 1666 2696 1737 regina
2730 1666 3073 1739 A'Jthiopuin,
3100 1684 3220 1739 qua:
3247 1669 3317 1726 oh
3343 1668 3595 1726 Salomo-

328 1758 494 1812 ἒνεκα
541 1752 859 1830 Σολομῶνος
897 1761 977 1825 είς
1030 1760 1130 1832 τὴν
1187 1761 1448 1816 Ἰουδαίαν
1479 1762 1770 1827 σταλεῖσα,
1819 1762 1912 1815 ἐπὶ

2057 1763 2102 1815 is
2133 1759 2458 1830 sapientiam
2490 1760 2593 1816 iter
2621 1760 2675 1815 in
2726 1760 2962 1819 {adeam
2992 1763 3261 1822 instituit.
3294 1780 3359 1819 ac
3402 1766 3473 1819 ob
3508 1780 3600 1820 sa-
3632 1758 3656 1783 ⁴

331 1850 493 1920 σοφία
525 1852 622 1904 καὶ
647 1849 785 1920 αὑτὴ
811 1851 1027 1907 δικαίαν
1055 1853 1396 1923 ἀπενείματο
1425 1854 1611 1924 τιμήν.

2015 1852 2277 1922 pientiam
2330 1852 2447 1923 ipsa
2489 1852 2742 1909 similiter
2770 1856 3128 1924 promeritum
3162 1853 3425 1914 honore'm
3464 1872 3597 1913 con-

2022 1949 2214 1996 secuta
2237 1950 2345 1997 est.

410 2037 483 2091 'II
508 2038 698 2107 χήρα,
733 2038 772 2107 ἡ
814 2039 885 2093 ἐν
921 2040 1249 2110 Σαρέφθοις
1290 2041 1383 2096 τὸν
1434 2041 1621 2097 Ἠλίαν
1651 2041 1906 2110 δεξιωσα-
1947 2005 1987 2061 Β

2102 2031 2270 2087 Vidua
2307 2032 2698 2104 Sarephtliana,
2752 2051 2875 2107 qua
2905 2036 3076 2093 Eliam
3110 2040 3324 2112 excepit
3360 2039 3599 2112 hospitio

332 2127 495 2201 μένη,
534 2129 633 2182 ἐπὶ
665 2132 797 2201 τιμῇ
830 2132 894 2201 τῇ
935 2131 1086 2201 παρά
1118 2130 1274 2186 Θεοῦ.

1079 2149 1086 2184 ι
1118 2130 1274 2186 Θεοῦ.
2016 2127 2087 2183 ob
2115 2127 2359 2183 divinum
2394 2128 2678 2184 honorem.

412 2220 476 2274 Ἦ
510 2221 650 2293 γυνὴ
695 2223 727 2292 ή
763 2224 1136 2294 Σουναμῐτις,
1185 2225 1218 2296 ή
1248 2223 1338 2279 τὸν
1373 2223 1678 2281 Ἐλισσαῖον
1707 2224 1914 2291 δεξιου-

2090 2219 2287 2275 Mulier
2331 2220 2662 2288 Sunamitis,
2697 2237 2820 2293 quae
2847 2224 3064 2295 excepit
3103 2224 3389 2291 Elismum,
3418 2235 3471 2282 et
3499 2228 3597 2283 ha-

332 2310 491 2382 μένη,
522 2313 616 2366 καὶ
646 2309 794 2367 οἶκον
820 2314 969 2385 αὐτῷ
1001 2315 1249 2386 σχολαῖον
1278 2317 1669 2387 εύτρεπίσασα,
1704 2317 1915 2388 μεγάλα

2016 2311 2315 2368 bitaculum
2346 2314 2449 2384 ipsi
2482 2325 2765 2371 vacantem
2789 2318 3137 2387 prmparavit,
3168 2334 3275 2389 quo
3302 2319 3596 2389 plurimum

330 2400 428 2455 καὶ
454 2402 545 2454 τὸν
573 2403 744 2476 ἄνδρα
777 2406 872 2459 καὶ
904 2406 995 2459 τὸν
1025 2407 1224 2478 ἑαυτῆς
1251 2404 1400 2462 οἷκον
1431 2407 1660 2480 ὤνησεν.
1697 2410 1825 2465 Υίόν
1854 2429 1914 2465 τε

2010 2406 2154 2476 juvit
2184 2416 2239 2463 et
2266 2408 2521 2462 maritum
2555 2424 2714 2464 suum
2737 2419 2791 2464 et
2813 2410 3037 2465 domum
3064 2427 3217 2466 suam
3250 2412 3599 2468 totam.Cum

331 2493 440 2565 γὰρ
478 2494 540 2547 ού
583 2497 848 2569 πρότερον
883 2498 1013 2553 ὄντα
1057 2500 1196 2572 αὐτῇ
1246 2500 1536 2572 ἐκτήσατο,
1585 2502 1681 2556 καὶ
1725 2503 1915 2559 τοῦτον

2014 2497 2159 2553 enim
2210 2509 2371 2556 antea
2416 2500 2605 2556 liberis
2632 2510 2876 2565 careret,
2917 2502 3087 2556 lilium
3123 2505 3343 2573 genuit,
3376 2504 3600 2560 ethunc

330 2585 697 2653 ἀποθανόντα,
732 2590 912 2656 ζῶντα
942 2591 1255 2663 ἀπειλήφει.

2014 2589 2268 2644 eumdem
2298 2590 2404 2644 vita
2434 2590 2705 2657 functum,
2735 2592 2930 2646 iterum
2967 2593 3147 2647 vivum
3180 2595 3401 2664 recepit.

412 2680 503 2733 Ἐν
528 2680 585 2734 δὲ
608 2683 673 2753 τῇ
704 2682 888 2753 χάριτι
918 2686 983 2754 τῇ
1015 2685 1154 2737 κατά
1178 2684 1433 2756 Χριστὸν,
1455 2684 1552 2756 τὴν
1582 2685 1676 2740 τοῦ
1707 2685 1913 2757 κόσμου

2087 2680 2352 2752 Tempore
2393 2683 2580 2751 gratiae
2625 2682 2864 2749 Christi,
2918 2683 3094 2738 Maria
3138 2687 3328 2741 mundi
3361 2685 3593 2743 salutem

330 2772 610 2842 σωτηρίαν
675 2774 874 2842 Μαρία
937 2774 1333 2845 διηκονήσατο,
1404 2778 1716 2849 γεννήσασα
1780 2780 1914 2850 ήμϊν

2016 2771 2369 2836 ministravit,
2398 2789 2520 2843 qua!
2547 2773 2704 2829 uobis
2719 2789 2883 2829 carne
2906 2776 3096 2845 genuit
3129 2777 3470 2847 unigenitum
3504 2777 3599 2834 Dei

330 2863 496 2933 σαρκὶ
523 2863 615 2916 τὸν
649 2867 911 2935 μονογενῆ
942 2865 1071 2919 Υίδν
1094 2864 1187 2919 τοῦ
1214 2865 1373 2933 Θεοῦ,
1404 2865 1497 2920 τὸν
1522 2868 1725 2937 Κύριον
1756 2868 1914 2939 ήμῶν

1784 2868 1914 2939 ιμῶν
2017 2863 2552 2933 Εὶιὶυω,,1)οιιιίιιιιω
2584 2873 2831 2922 nostrum
2860 2865 3047 2923 Jesum
3086 2868 3383 2925 Christum.

342 2954 554 3024 Ἰησοῦν
582 2955 840 3025 Χριστόν.
2284 2978 2285 2981 ‘

415 3047 725 3103 Ἐλισάϐετ
744 3090 759 3115 ,
796 3051 829 3121 ὴ
858 3049 949 3105 τοῦ
976 3050 1249 3123 Ζαχαρίου
1277 3055 1436 3123 γυνὴ,
1467 3054 1558 3106 τὸν
1606 3052 1914 3124 πρόδρομον

2088 3049 2382 3115 Etisabetlt,
2425 3066 2563 3106 uxor
2588 3050 2890 3118 Zachariaé,
2927 3068 3321 3118 praecursorem
3381 3054 3598 3112 Domini

328 3135 425 3191 τοῦ
480 3138 688 3209 Κυρίου
736 3140 991 3211 Ἰωάννην
1033 3143 1125 3196 τὸν
1172 3142 1477 3215 βαπτιστήν
1533 3143 1909 3210 συλλαϐοῦσα,

2012 3139 2278 3197 Joannem
2308 3142 2604 3213 Baptistam
2642 3145 2925 3214 concepit,
2956 3156 3120 3217 atque
3150 3148 3448 3205 uronhetia:
3478 3164 3601 3204 mu-

328 3229 426 3283 καὶ
455 3230 827 3301 προφητεύειν
860 3231 1109 3300 ἠξίωται.

934 3233 1109 3289 ίωται.
2014 3248 2145 3289 nere
2172 3235 2392 3303 dignata
2426 3243 2530 3289 est.

401 3322 514 3395 Τήν
552 3340 614 3376 τε
656 3323 951 3378 ἀνάστασιν
993 3326 1087 3379 τοῦ
1136 3325 1343 3397 Κυρίου
1382 3327 1441 3379 αἱ
1494 3326 1648 3394 τρεῖς
1696 3327 1913 3395 Μαρίαι
1941 3347 1991 3412 c

2098 3323 2570 3380 Resurrectionem
2627 3340 2847 3395 quoque
2900 3326 3111 3383 Domini
3139 3329 3187 3363 ⁸⁸
3246 3339 3352 3385 tres
3408 3330 3599 3386 Maria

328 3414 547 3485 πρῶται
578 3414 933 3489 θεασάμεναι,
961 3420 1074 3482 τοῖς
1097 3418 1370 3490 μαθηταῖς
1404 3419 1773 3491 ἀπήγγειλαν.

2018 3433 2140 3488 quae
2173 3418 2360 3488 prima:
2387 3417 2660 3485 viderunt,
2701 3418 2967 3489 apostolis
3002 3422 3419 3478 annuntiarunt.

414 3506 579 3560 Ἀλλά
636 3508 733 3562 καὶ
790 3508 1041 3563 Ἰωάννα
1086 3510 1119 3580 ἡ
1171 3509 1267 3562 τοῦ
1326 3511 1623 3580 ἐπιτρόπου
1675 3511 1915 3583 Ἡρώδου

2086 3506 2301 3562 Joanna
2326 3509 2491 3563 etiam
2522 3509 2568 3541 9°
2601 3524 2738 3563 uxor
2769 3508 3005 3580 (Chusw)
3030 3513 3399 3580 procuratoris
3426 3511 3598 3570 Hero-

332 3598 491 3669 γυνὴ,
525 3602 665 3671 μετά
698 3602 791 3655 καὶ
818 3602 992 3657 ἄλλων
1021 3602 1361 3656 πιστοτάτων
1390 3603 1666 3672 γυναικῶν
1692 3604 1919 3658 ἀκολου-

2019 3598 2125 3665 dis,
2151 3614 2275 3654 cum
2309 3597 2435 3653 aliis
2468 3598 2799 3654 ﬁdelissimis
2829 3598 3152 3654 mulieribus
3182 3600 3473 3657 Dominum
3511 3618 3599 3659 se-

334 3691 502 3747 θοῦσα
531 3694 611 3764 τῷ
647 3695 858 3767 Κυρίῳ,
888 3698 957 3751 τὰ
996 3697 1251 3768 χρήματα
1279 3697 1650 3767 ἐπιφερομένη
1684 3684 1918 3767 κατηνά-

2018 3698 2178 3751 cuta,
2228 3703 2467 3757 opesque
2521 3703 2705 3742 secum
2744 3685 2978 3742 aﬂerens
3025 3688 3371 3758 impendebat
3403 3694 3456 3746 in
3498 3693 3602 3748 mi-

331 3784 430 3837 λου
462 3787 541 3850 είς
576 3786 676 3858 τὴν
707 3787 983 3844 διακονίαν
1012 3788 1123 3843 τῶν
1155 3789 1439 3861 ἑπομένων
1468 3790 1544 3861 τῷ
1574 3791 1808 3862 Σωτῆρι.

2019 3785 2306 3841 nisteriutn
2329 3799 2542 3849 eorum,
2570 3784 2665 3855 qui
2695 3782 2991 3839 Dominum
3033 3786 3456 3843 comitabantur.

334 3943 588 3999 ΚΕΦΔΔ.
632 3944 769 4000 MA'.
799 3978 871 3987 —
922 3947 1089 4013 Τίνες
1136 3947 1354 4015 ἄνδρες
1403 3948 1504 4003 ἐπὶ
1546 3949 1732 4018 σοφίᾳ
1774 3952 1916 4004 θαυ-

2018 3944 2172 4001 CAP.
2213 3943 2350 3999 XLI.
2383 3976 2455 4017 -τ
2497 3944 2863 4018 ριιὶηαηιᾲυίνὶ
2912 3943 2973 3998 ob
3011 3945 3325 4016 sapientiam
3366 3946 3603 4003 admira-

848 4018 1070 4087 μαστοὶ
1098 4021 1403 4089 γεγόνασι.
1628 4016 1641 4018 ⁷
1704 4016 1711 4017 ί

1628 4016 1641 4018 ⁷
1704 4016 1711 4017 “
2446 4016 2451 4017 ⁷
2616 4016 2746 4069 tiont’
2773 4016 3008 4085 fuerunt.

406 4174 538 4245 Σὴμ
571 4176 666 4230 καὶ
722 4175 945 4246 Ἰάερεθ,
980 4177 1367 4249 ὀπισθοφανεῖς
1412 4178 1780 4243 ἐπιϐαίνοντες
1818 4177 1917 4249 τήν

2090 4172 2211 4227 Sem
2240 4183 2294 4227 ct
2324 4171 2571 4241 Japheth.
2604 4174 2695 4241 qui
2730 4182 2876 4243 terga
2912 4181 3182 4228 vertentes
3207 4184 3598 4239 accesserunt,

336 4268 433 4323 τοῦ
466 4270 674 4343 πατρὸς
708 4270 1091 4342 κατακαλύψαι
1120 4273 1457 4344 γυμνότητα.

2018 4274 2129 4330 quo
2153 4260 2324 4329 patris
2358 4260 2659 4313 nuditatem
2693 4261 3061 4329 coOperirent.

420 4363 645 4433 Ἰωσὴφ
665 4404 680 4429 ,
716 4364 815 4428 τάς
849 4363 971 4418 καθ’
1016 4366 1207 4419 ἑαυτὸν
1241 4364 1531 4438 ὑποφέρων
1563 4364 1743 4433 σοφῶς
1774 4381 1916 4434 συμ·

2090 4350 2285 4420 Ioseph
2344 4365 2475 4408 suas
2550 4351 2893 4406 calamitates
2951 4349 3225 4419 sapienter
3280 4350 3600 4414 sustinens,
3658 4426 3662 4431 ο

339 4457 531 4528 φορὰς,
561 4456 659 4511 καὶ
686 4457 754 4510 τά
782 4456 1036 4527 ὀνείρατα
1066 4458 1318 4524 διαλύων,
1350 4458 1445 4514 καὶ
1477 4457 1568 4512 τὸν
1592 4457 1781 4529 καιρὸν
1808 4457 1919 4511 τῶν

2020 4445 2234 4502 somnia
2266 4443 2395 4511 item
2434 4444 2799 4513 interpretans
2821 4482 2837 4505 ,
2870 4450 3195 4512 tempusque
3225 4442 3519 4499 fertilitatis
3546 4455 3603 4498 et

339 4545 609 4617 εὐφοριῶν
640 4549 734 4603 καὶ
765 4548 859 4603 τοῦ
889 4548 1049 4620 λιμοῦ
1085 4551 1378 4619 πανσόφως
1416 4550 1739 4621 οἰκονομῶν.

1416 4550 1739 4621 οἰκονομῶν,
2027 4539 2193 4595 famis
2215 4538 2622 4609 sapientissime
2650 4538 2997 4608 dispensans.

410 4640 769 4708 Βεσσελεὴλ
792 4643 820 4695 ὁ
846 4639 942 4695 τοῦ
978 4642 1117 4714 Ὀρὶ,
1151 4642 1244 4696 καὶ
1276 4642 1484 4697 Ἐλιὰϐ
1508 4643 1537 4695 ό
1560 4642 1655 4696 τοῦ
1695 4643 1917 4713 Ἀχισα-
1952 4693 1994 4714 ,ι

2094 4636 2376 4703 Besseleel,
2419 4635 2565 4689 illius
2605 4631 2721 4697 Ori,
2761 4643 2823 4689 et.
2847 4632 3027 4698 Eliab,
3057 4632 3200 4689 [ilius
3220 4634 3599 4702 Achisamach,

343 4732 473 4802 μὰχ.
503 4735 551 4787 οἱ
578 4733 679 4804 τὴν
708 4733 859 4804 ίεράν
887 4733 1090 4805 σκηνήν
1124 4734 1513 4805 ἐργασάμενοι.

1952 4726 1995 4748 ν
2024 4730 2116 4801 qui
2145 4745 2362 4783 sacrum
2392 4726 2822 4781 Tabernaculum
2856 4735 3302 4782 construxerunt.

410 4826 625 4894 Χουσὶ,
657 4830 685 4881 ὁ
709 4826 800 4881 τοῦ
835 4826 1001 4880 Δαὸὶδ
1025 4825 1088 4880 σύ
1097 4827 1346 4898 μὸουλος,
1374 4827 1473 4899 τὴν
1503 4827 1598 4882 τοῦ
1642 4826 1923 4897 ’Δχιτόφελ

2094 4819 2276 4885 Cltusi,
2305 4818 2524 4874 Davidis
2558 4818 2939 4886 consiliarius,
2985 4819 3077 4889 qui
3117 4818 3339 4875 dextere
3376 4819 3604 4875 Achito-

344 4921 535 4989 σοφίαν
559 4921 1108 4991 μεταχειρισάμενος.

2024 4911 2201 4983 phelis
2229 4910 2552 4981 sapientiam
2578 4912 2791 4966 evertit.

318 5048 333 5082 δ
410 5012 716 5083 Σολομὼν,
748 5012 890 5082 ὁτῆς
921 5013 1115 5081 σοφίας
1146 5013 1393 5084 χάρισμα
1418 5010 1805 5082 κομισάμενος.

2095 5003 2371 5069 Salomon,
2408 5003 2501 5074 qni
2533 5004 2813 5073 sapientiae
2845 5002 3118 5059 charisma
3148 5014 3481 5060 consecutus
3500 5015 3603 5061 est.

326 5112 333 5121 ‘
415 5102 477 5154 Οί
508 5102 624 5155 υἱοὶ
658 5100 868 5155 Μαοὺλ
889 5141 904 5166 ,
931 5100 1098 5156 Ᾱίθάν
1129 5103 1222 5156 καὶ
1261 5102 1455 5172 Ἐσρᾶν
1489 5103 1584 5155 καὶ
1619 5101 1796 5171 Ἡμᾶν
1828 5101 1924 5154 καὶ

2098 5095 2233 5151 Filii
2264 5097 2437 5161 Mani,
2474 5095 2681 5151 IEthan
2710 5106 2763 5151 et
2794 5096 2988 5160 Esran,
3023 5105 3078 5151 et
3106 5095 3333 5164 lleman,
3358 5107 3412 5152 et
3441 5099 3604 5153 Chal-

345 5190 562 5261 Χαλχάλ
614 5191 710 5245 καὶ
742 5192 971 5264 Δαρδᾶν.
1020 5194 1155 5265 Περὶ
1201 5186 1276 5246 ὧν
1306 5193 1400 5247 καὶ
1437 5195 1485 5247 οἱ
1524 5195 1581 5246 ὲν
1614 5197 1731 5256 ταῖς
1760 5193 1919 5247 Βασι-

2025 5190 2170 5255 chal,
2202 5200 2254 5244 et
2288 5188 2525 5243 Dardan.
2557 5188 2629 5243 De
2652 5188 2855 5255 quibus
2874 5188 3037 5243 etiam
3064 5187 3116 5241 in
3139 5188 3289 5243 libris
3313 5187 3517 5258 Regum
3536 5190 3602 5255 ",

344 5284 532 5350 λείαις,
554 5287 631 5350 ὡς
651 5286 854 5355 σοφῶν,
872 5286 1015 5341 κατά
1037 5286 1148 5360 (59)
1177 5288 1245 5342 τὰ
1263 5286 1356 5341 τοῦ
1380 5286 1711 5358 Σολομῶνος,
1728 5288 1918 5359 μνήμη

1863 5305 1918 5358 ιη
2027 5300 2123 5340 ceu
2154 5294 2275 5355 post
2307 5283 2652 5338 Salomonem
2685 5283 3128 5353 sapientissimis,
3156 5283 3213 5338 ﬁt
3242 5285 3462 5339 mentio.

344 5376 570 5445 γίνεται.

428 5470 627 5526 ’Ῑωδαὲ
656 5473 683 5527 ὁ
722 5472 1031 5544 ἀρχιερεὺς,
1077 5474 1106 5527 ὁ
1134 5472 1233 5543 τήν
1271 5472 1541 5527 Γοθολίαν
1571 5474 1922 5540 ἀποκτείνας,

2094 5469 2266 5524 Jodae
2294 5467 2556 5539 pontifex,
2585 5471 2674 5538 qni
2704 5467 3015 5529 Gotholiam
3048 5467 3353 5530 mterl'ecit,
3386 5474 3441 5522 et
3472 5464 3602 5522 Joas

341 5561 560 5616 καὶτὸν
602 5565 667 5617 ὲκ
712 5563 807 5618 τοῦ
849 5563 1137 5619 Δαϐιδικοῦ
1170 5564 1359 5635 γένους
1412 5564 1567 5631 Ἰωάς
1613 5566 1790 5636 σοφῶς
1844 5567 1922 5631 είς

2024 5578 2091 5618 ex
2119 5562 2375 5617 Davidico
2398 5576 2593 5631 genere
2616 5569 2804 5617 natum
2833 5562 3107 5631 sapienter
3137 5559 3202 5616 ad
3227 5572 3453 5631 regnum
3473 5572 3603 5634 pro-

340 5652 621 5724 βασιλείαν
648 5656 1003 5727 προαγαγὼν.

594 5673 621 5708 ν
648 5656 1003 5727 προαγαγὼν.
2027 5655 2191 5711 vexit.

420 5828 466 5865 ³⁹
501 5829 694 5888 Matth.
728 5848 901 5901 xxvn,
934 5833 1041 5901 56;
1083 5832 1248 5892 Marc.
1290 5850 1401 5903 tm,
1429 5835 1481 5891 l.
1588 5834 1634 5868 ’°
1677 5832 1811 5890 Luc.
1867 5850 1987 5902 vm,
2023 5834 2076 5891 ὅ.
2182 5834 2224 5868 ’³
2264 5833 2329 5891 lll
2378 5834 2514 5909 Reg.
2570 5851 2643 5903 tv,
2701 5835 2793 5894 3i.

428 5994 533 6065 (59)
562 5995 723 6052 Forte
753 5995 910 6063 μετά.
