4050 6614
446 475 514 542 51
1936 458 2241 522 JOSEPPI
3639 437 3708 500 52

507 582 664 644 CAP.
694 579 924 637 XLVIII.
957 610 1022 619 η-
1060 577 1289 645 Quinam
1340 576 1555 646 [uerunt
1583 571 1903 645 fratricida'.

510 699 646 757 Cain
675 696 877 754 occidit
907 692 1157 748 Abelum.
1196 689 1519 755 Abimelech,
1560 687 1703 743 tilius
1743 682 2017 741 Gedeonis

2043 574 2091 629 Α
2188 566 2439 623 ΚΕΦΔΔ.
2463 564 2606 621 MH'.
2631 594 2699 604 —
2733 561 2896 627 Τίνες
2921 557 3221 629 ἀδελφοὺς
3248 554 3630 639 ἀπέκτειναν.

2191 681 2344 738 Κάϊν
2391 680 2484 734 τὸν
2524 677 2712 735 Ἀδελ.
2747 676 3050 746 Ἀϐιμέλεχ
3100 675 3129 727 ὁ
3176 673 3269 727 τοῦ
3323 670 3530 725 Γεδεὼν
3581 670 3696 734 υίὸς

442 809 549 850 cxx
616 791 816 847 fratres
860 803 1012 842 suos.
1073 783 1328 838 Absalom
1378 782 1706 837 Amnonem.
1755 777 2016 833 Salomon

2121 776 2243 839 τοὺς
2274 776 2350 829 0'.
2413 769 2802 838 Ἀὄεσσαλὼμ
2851 769 2943 821 τὸν
2998 764 3231 836 Ἀμνὼν.
3282 761 3564 828 Σολομὼν
3614 761 3707 815 τὸν

441 881 730 939 Adoniam.
765 878 954 934 .Ioram
980 876 1124 933 ﬁlius
1147 873 1408 946 Josaphat
1446 871 1485 928 V
1523 870 1721 927 fratres
1766 884 1898 926 suos
1929 868 2016 922 in-

441 973 658 1030 terfecit
686 974 756 1027 "'.

439 1091 592 1147 CAP.
624 1087 813 1144 XLIX.
837 1118 907 1128 —
939 1087 1170 1151 Quinam
1201 1081 1562 1138 misericordia
1598 1080 1682 1133 usi
1707 1086 1893 1132 contra
1922 1076 2017 1130 Dei

672 1168 1014 1222 uoluntatem,
1044 1165 1319 1225 propterea
1351 1152 1615 1220 interfecti
1644 1159 1789 1204 sunt.

512 1274 668 1341 Saul,
702 1275 795 1345 qui
823 1288 931 1327 non
962 1270 1161 1326 occidit
1198 1268 1346 1339 Agag
1382 1281 1563 1337 regem
1600 1264 1856 1327 Amalec,
1891 1277 2017 1317 cum

433 1368 625 1437 jussus
667 1366 861 1422 fuisset
901 1380 1024 1419 cum
1067 1358 1421 1417 internecioni
1454 1359 1620 1420 dare,
1657 1356 1750 1411 sed
1781 1356 2022 1425 pepercit

439 1460 486 1513 ei
523 1469 714 1516 contra
764 1457 1009 1511 divinum
1066 1452 1305 1515 Numen,
1344 1451 1637 1505 damnatur
1680 1463 1710 1503 a
1754 1445 2020 1517 propheta

441 1550 664 1609 Samuel
695 1550 762 1606 ad
802 1548 949 1620 regni
980 1545 1359 1602 amissionem.

508 1732 689 1786 Achab
722 1746 844 1786 cum
877 1729 1178 1799 accepisset
1207 1726 1402 1781 Aderis
1430 1724 1598 1779 illium
1637 1720 1808 1794 Syria!
1836 1734 2019 1791 regem

439 1824 822 1889 occidendum,
858 1832 1050 1878 contra
1106 1830 1270 1891 atque
1325 1818 1469 1874 Deus
1513 1817 1747 1882 volebat,
1782 1815 2024 1886 pepercit

2133 869 2410 923 Ἀδωνίαν.
2450 860 2657 936 Ἰωρὰμ
2678 867 2706 919 ὁ
2739 863 2833 919 τοῦ
2876 861 3147 932 Ἰωσάφατ
3170 860 3283 923 υίὸς
3316 859 3442 920 τοὺς
3472 864 3513 911 ε’
3544 856 3703 911 ἁδελ-

2121 962 2255 1032 (pob;
2292 960 2480 1015 αὐτοῦ.

2122 1073 2373 1130 ΚΕΦΑΔ.
2407 1072 2543 1129 MB'.
2586 1102 2650 1112 -υ
2706 1069 2874 1134 Τίνες
2912 1065 3073 1133 παρὰ
3111 1065 3176 1119 τὸ
3216 1063 3441 1118 δοκοῦν
3467 1060 3548 1125 τῷ
3584 1058 3709 1126 Θεῷ

2437 1139 2956 1213 χρηστευσάμενοι
2980 1136 3389 1205 ἀναιροῦνται.

2196 1255 2395 1313 Σαοὺλ
2450 1256 2526 1327 μὴ
2570 1254 2901 1316 ἀποκτείνας
2939 1253 3121 1320 Ἀγαγ
3156 1249 3249 1302 τὸν
3293 1246 3389 1301 τοῦ
3455 1244 3707 1315 ’Λμαλὴκ

2126 1350 2375 1422 βασιλέα,
2406 1345 2773 1421 προσταχθεὶς
2806 1344 3153 1415 πανώλεθρον
3191 1340 3355 1395 αὐτὸν
3373 1339 3705 1408 διαφθεῖραι,

2123 1443 2260 1499 ἀλλὰ
2310 1443 2641 1513 φεισάμενος
2686 1438 2854 1493 αὐτοῦ
2909 1437 3060 1507 παρὰ
3110 1435 3172 1489 ab
3215 1433 3408 1488 δοκοῦν
3440 1432 3518 1504 τῷ
3563 1431 3704 1500 Θεῷ,

2124 1535 2516 1607 κατακρίνεται
2555 1534 2661 1586 ὑπὸ
2693 1531 2787 1586 τοῦ
2826 1531 3105 1603 προφήτου
3142 1526 3397 1599 Σαμουὴλ
3432 1525 3532 1595 τὴν
3571 1523 3708 1578 καθ-

2123 1630 2338 1700 αίρεσιν
2363 1629 2462 1697 τῆς
2492 1626 2791 1697 βασιλείας.

2207 1721 2433 1789 Ἀχαὰό
2468 1718 2798 1790 παραλαϐὼν
2838 1716 2928 1771 τὸν
2959 1714 3055 1768 τοῦ
3109 1714 3272 1783 Ἄδερ
3321 1712 3438 1765 υἱὸν
3485 1710 3709 1781 βασιλέα

2125 1813 2322 1885 Συρίας
2363 1814 2443 1875 είς
2486 1813 2786 1881 ἀναίρεσιν,
2828 1808 2982 1879 παρὰ
3035 1807 3134 1878 τὴν
3179 1805 3273 1861 τοῦ
3329 1804 3466 1859 Θεοῦ
3510 1802 3708 1875 βουλὴν

440 1917 642 1973 tradito
671 1916 776 1972 sibi
835 1914 889 1969 in
945 1928 1158 1978 necem,
1188 1912 1281 1983 qui
1333 1921 1677 1981 contemptor
1713 1909 1890 1965 fuerat
1926 1910 2019 1966 Dei

2124 1906 2265 1961 ἐλεεῖ
2300 1905 2391 1959 τὸν
2424 1904 2713 1959 ἐκδοθέντα
2746 1902 2896 1972 αὑτῴ
2944 1902 3023 1965 είς
3060 1900 3312 1959 θάνατον.
3358 1913 3715 1968 καταφρονηέ

439 2008 625 2065 Israel.
653 2006 1017 2075 Quamobrem
1047 2004 1275 2076 ipsemet
1301 2003 1632 2059 omnimodae
1659 2002 2019 2059 internecioni

438 2101 670 2156 traditus
693 2109 797 2154 est.

510 2188 613 2254 Qui
636 2188 825 2257 jussus
865 2186 1043 2256 fuerat
1074 2201 1103 2240 a
1135 2186 1398 2257 propheta
1437 2195 1721 2257 percutere
1751 2186 1926 2256 ipsum
1964 2185 2018 2240 in

436 2281 742 2335 evidentem
769 2277 1057 2349 imaginem
1099 2278 1455 2349 benignitatis
1490 2276 1586 2332 Dei
1617 2293 1742 2348 erga
1776 2278 2021 2332 immori-

439 2385 630 2439 gerum
652 2368 859 2433 Achab,
888 2368 1039 2423 audit
1073 2368 1174 2423 sibi
1207 2383 1567 2424 occursurum
1592 2368 1805 2423 leonem
1839 2367 2017 2424 ferum

440 2471 664 2534 propter
693 2460 1139 2515 inobedientlam.
1169 2458 1235 2513 Et
1263 2474 1395 2515 sane
1426 2460 1478 2514 in
1513 2475 1639 2514 eum
1675 2460 1923 2515 incidens
1951 2476 2017 2516 ex

439 2553 655 2618 itinere,
688 2552 756 2607 ab
785 2552 877 2607 illo
902 2551 1221 2607 interfectus
1251 2561 1334 2607 est
1362 2553 1431 2608 ⁹⁹.

514 2641 776 2713 Propheta
820 2643 923 2698 sub
962 2640 1294 2697 Jeroboamo
1335 2643 1537 2699 missus
1580 2641 1633 2696 in
1680 2641 1905 2705 Bethel,
1965 2652 2023 2697 ut

441 2736 759 2806 praediceret
804 2735 1406 2806 psetrIOpropltetarttm
1464 2735 1708 2790 futuram
1760 2735 1813 2789 in
1862 2736 2019 2791 altari

440 2829 875 2885 combustionem
902 2869 918 2895 ,
951 2828 1252 2899 jussusque
1282 2844 1350 2883 ne
1379 2828 1435 2883 in
1472 2830 1696 2898 regione
1726 2828 1889 2885 Israel
1925 2845 2017 2884 eo-

442 2921 684 2977 mederet
714 2922 1010 2985 hiberetve,
1040 2935 1166 2975 cum
1208 2920 1356 2975 dicto
1386 2920 1616 2978 audiens
1657 2936 1764 2976 non
1798 2920 2018 2985 fuisset,

438 3030 468 3066 a
501 3014 617 3070 fero
636 3013 801 3071 leone
832 3028 898 3071 ex
925 3012 1119 3068 itinere
1141 3011 1413 3068 occiditur
1449 3013 1489 3067 ¹.

437 3217 589 3301 CA_P.
627 3215 689 3273 L.
723 3249 792 3259 —
826 3215 1057 3284 Quinam
1083 3216 1314 3302 iustitia:
1341 3218 1767 3315 tute-mercedem
1798 3226 2017 3301 mortem
2046 3254 2091 3315 ϐ

506 3290 679 3358 ipsam
701 3298 1047 3357 receperunt:
1088 3298 1136 3343 et
1166 3291 1381 3343 auinam
1407 3288 1470 3343 ob
1500 3290 1826 3359 impietatem
1856 3290 2019 3344 vitam

506 3360 892 3429 produxerunt.

508 3469 823 3527 Jeroboami
868 3473 1011 3543 regis
1056 3473 1221 3538 illius,
1264 3488 1388 3527 cum
1424 3472 1839 3528 adolescentior
1872 3482 2020 3527 esset

440 3559 696 3624 moritur,
722 3561 976 3630 quoniam
1015 3562 1278 3615 inuentum
1308 3571 1385 3615 est
1414 3562 1623 3615 uerbum
1649 3563 1843 3616 bonum
1875 3562 1931 3615 in
1960 3578 2021 3615 eo

438 3653 745 3719 aDomino,
785 3664 847 3709 ut
894 3654 1033 3709 dixit
1084 3656 1281 3709 Achias
1325 3656 1586 3725 propheta
1630 3656 1696 3711 ad
1742 3656 1862 3710 Ano
1906 3671 2023 3709 ma-

439 3756 577 3800 trem
613 3745 734 3817 ejus
769 3748 837 3801 de
866 3746 1015 3802 illius
1047 3748 1156 3802 vita
1199 3746 1572 3802 sciscitantem
1606 3750 1647 3801 '.

507 3836 689 3895 Josias
711 3839 1084 3908 pientissimus
1104 3854 1201 3896 rex
1229 3839 1299 3894 oh
1317 3839 1588 3910 justitiam
1615 3840 1868 3906 moritur,
1894 3858 2019 3897 cum

438 3930 685 3987 audisset
720 3932 791 3986 ab
824 3931 960 3986 Olda
994 3932 1313 4002 prophetide
1344 3952 1358 3987 :
1401 3930 1530 3987 Ilwc
1563 3933 1695 3987 dicit
1730 3932 2023 3988 Dominus:

442 4021 577 4077 Ecce
614 4040 708 4094 ego
741 4040 967 4095 aggrego
998 4036 1046 4079 te
1074 4022 1143 4078 ad
1169 4036 1344 4093 patres
1378 4036 1515 4086 tuos.
1554 4026 2022 4097 aggregaberisque

439 4115 496 4169 in
520 4129 668 4183 pace,
695 4126 753 4169 ut
780 4132 844 4170 ne
864 4116 1072 4171 uideant
1104 4116 1246 4171 oculi
1269 4118 1345 4171 tui
1369 4118 1546 4172 omnia
1578 4120 1745 4183 mala,
1785 4134 1903 4189 qua:
1927 4135 2019 4188 ego

435 4208 626 4262 induco
647 4224 804 4279 super
820 4209 957 4265 hunc
985 4210 1182 4276 locum,
1212 4210 1563 4282 populumque
1585 4211 1880 4265 universum
1905 4211 1947 4264 ³.

508 4477 573 4534 II.
616 4476 788 4541 Cain,
836 4487 895 4533 ut
941 4480 994 4533 in
1045 4480 1333 4548 septimam
1380 4480 1787 4550 generationem
1839 4494 2019 4547 paena:

2121 2001 2224 2066 τὴν
2247 1998 2511 2068 γεγονότα
2556 1996 2653 2050 τοῦ
2700 1994 2836 2049 Θεοῦ
2882 1993 3117 2065 Ἰσραήλ.
3152 1993 3353 2063 Διόπερ
3404 1991 3566 2056 αὐτὸς
3609 1990 3703 2058 ἐξ·

2124 2090 2281 2161 εδόθη
2320 2092 2386 2160 τῇ
2416 2089 2681 2156 παγγενεϊ
2711 2086 2999 2157 διαφθορᾷ.

2205 2185 2269 2239 '0
2309 2181 2663 2249 κελευσθείς
2693 2180 2801 2235 ὑπὸ
2841 2179 2937 2233 τοῦ
2970 2179 3253 2250 προφήτου
3283 2177 3583 2231 πατάσσειν
3611 2176 3708 2228 αὐ-

2122 2277 2235 2340 τὸν,
2280 2276 2357 2338 είς
2392 2275 2614 2344 ἔλεγχον
2645 2272 2747 2342 τῆς
2793 2270 2888 2325 τοῦ
2929 2270 3132 2340 Ἀχαὰϐ
3173 2269 3405 2339 ἁνηκόου
3439 2267 3534 2322 τοῦ
3569 2265 3707 2320 Θεοῦ

2125 2365 2539 2439 φιλανθρωπίας
2560 2406 2575 2429 ,
2602 2364 2700 2419 καὶ
2733 2363 2807 2435 μή
2848 2362 3119 2427 πατάξας,
3149 2360 3325 2414 λέοντι
3356 2359 3713 2431 περιπίπτειν

2123 2458 2314 2515 ἀκούει
2341 2456 2429 2511 διὰ
2453 2456 2550 2525 τὴν
2580 2457 2866 2527 παρακοήν
2895 2453 2974 2525 τῷ
3014 2453 3210 2524 θηρίῳ.
3257 2452 3365 2505 Kal.
3392 2449 3569 2520 τούτῳ
3607 2467 3708 2503 πε-

2129 2550 2369 2622 ριπεσὼν
2406 2549 2548 2603 κατὰ
2582 2549 2681 2617 τὴν
2714 2547 2855 2611 ὁδὸν,
2900 2547 2991 2601 ὑπ’
3022 2545 3189 2600 αὐτοῦ
3240 2547 3333 2599 καὶ
3371 2544 3703 2615 ἀναιρεῖται.

2211 2646 2273 2699 '0
2310 2642 2623 2714 προφήτης
2668 2642 2774 2696 ὑπὸ
2804 2640 2901 2695 τοῦ
2953 2640 3238 2712 Ἰεροϐοὰμ
3270 2640 3351 2703 είς
3378 2639 3479 2707 τήν
3529 2635 3705 2707 Βεθὴλ

2125 2735 2474 2802 ἀποσταλεὶς,
2507 2733 2798 2804 προλέγειν
2824 2731 2921 2804 τὴν
2949 2731 3059 2785 τῶν
3086 2729 3547 2801 ψευδοπροφητῶν
3578 2729 3702 2782 ἐσοι-

2127 2831 2297 2903 μένην
2344 2831 2439 2886 ἐπὶ
2484 2828 2577 2883 τοῦ
2626 2827 3016 2899 θυσιαστηρίου
3056 2826 3418 2887 κατάκαυσιν,
3466 2824 3561 2878 καὶ
3611 2841 3705 2877 κε·-

2124 2922 2371 2986 λευσθεὶς
2401 2923 2480 2986 εἰς
2514 2922 2614 2991 τὴν
2645 2919 2741 2975 τοῦ
2793 2920 3012 2992 Ἰσραὴλ
3042 2919 3116 2991 μὴ
3144 2918 3464 2988 ἑστιαθῆναι
3493 2915 3702 2987 χώραν,

2126 3013 2556 3086 παρακουσθεὶς,
2599 3011 2705 3065 ὑπὸ
2741 3010 2957 3076 λέοντος
3008 3010 3197 3083 θηρίου
3244 3008 3389 3063 κατὰ
3436 3007 3537 3079 τὴν
3584 3005 3705 3061 ὁδον

2124 3107 2432 3179 ἐφονεύετο.

2126 3223 2375 3278 ΚΕΦᾹΛ.
2429 3223 2511 3276 N'.
2560 3252 2631 3262 —
2691 3222 2857 3286 Τίνες
2920 3217 3142 3287 μισθὸν
3191 3215 3584 3287 δικαιοσύνης
3622 3213 3707 3287 ,τὸ

2195 3293 2522 3348 ἀποθανεῖν
2558 3286 2943 3363 ἐκομίσαντοο
2977 3290 3076 3343 καί
3111 3288 3273 3353 τίνες
3310 3286 3384 3341 δι’
3419 3286 3707 3351 ἀσεϐείας

2196 3364 2554 3417 ἐπεϐίωσαν.

2208 3473 2268 3526 '0
2294 3472 2386 3526 τοῦ
2428 3472 2705 3543 Ἰεροδοὰμ
2738 3471 3009 3543 βασιλέως
3040 3470 3178 3535 υἱὸς,
3216 3469 3335 3533 νέος
3365 3469 3441 3523 ῶν
3466 3467 3706 3539 ἀποθνή-

2126 3582 2269 3628 σκει,
2334 3565 2543 3632 ἐπειδὴ
2583 3565 2797 3633 εὑρέθη
2824 3566 2989 3635 ῥῆμα
3019 3564 3245 3634 ἀγαθὸν
3267 3564 3336 3616 ἐν
3356 3560 3518 3628 αὐτῷ
3546 3561 3708 3630 παρὰ

2124 3658 2369 3725 Κυρίου,
2405 3657 2480 3720 ὡς
2517 3658 2705 3727 Ἀχίας
2734 3659 2761 3711 ὁ
2792 3659 3079 3729 προφήτης
3110 3658 3247 3728 πρὸς
3290 3655 3428 3708 Ἀνῶ
3457 3653 3555 3723 τὴν
3602 3669 3707 3726 μη-

2122 3747 2258 3818 τέρα
2289 3746 2476 3810 αὑτοῦ,
2509 3748 2638 3818 περὶ
2667 3747 2767 3817 τῆς
2800 3746 2947 3816 ζωῆς
2977 3747 3142 3801 αὑτοῦ
3180 3745 3495 3816 ἐρωτῶσαν,
3533 3744 3660 3814 ἔφη.

2206 3839 2419 3904 Ἰωσίας
2470 3840 2776 3909 εὐσεϐήσας
2824 3842 2852 3894 ὁ
2903 3840 3192 3909 βασιλεὺς,
3248 3840 3341 3891 ἐπὶ
3384 3837 3702 3910 δικαιοσύνῃ

2123 3931 2480 4002 ἀποθνήσκει,
2513 3932 2755 3995 ἀκούσας
2782 3932 2934 4002 παρὰ
2969 3932 3068 3997 τῆς
3109 3931 3447 4001 προφήτιδος
3493 3929 3701 4000 Ὀλδῆς-

2128 4022 2273 4076 Τάδε
2296 4022 2458 4091 λέγει
2485 4023 2719 4091 Κύριος*
2759 4022 2906 4077 Ἰδοὺ
2932 4024 3046 4092 crio
3067 4022 3435 4091 προστίθημί
3457 4032 3533 4075 σε
3554 4020 3707 4090 πρὸς

2120 4112 2264 4179 τοὺς
2310 4113 2572 4181 πατέρας
2613 4130 2750 4179 σου,
2791 4113 2890 4167 καί
2938 4112 3327 4183 προστεθήση
3364 4113 3435 4167 ἐν
3468 4112 3703 4181 sipara,

2122 4206 2222 4259 ἵνα
2248 4205 2333 4275 μὴ
2366 4204 2579 4260 ἴδωσιν
2606 4209 2661 4261 oi
2717 4206 3015 4277 ὀφθαλμοί
3052 4222 3170 4261 σου
3198 4205 3396 4259 πάντα
3426 4204 3499 4259 τὰ
3523 4208 3701 4269 κακὰ,

2123 4298 2162 4352 ἂ
2207 4299 2322 4367 ἐγὼ
2350 4298 2552 4369 ἐπάγω
2600 4297 2699 4352 ἐπὶ
2734 4298 2842 4352 τὸν
2879 4300 3067 4353 τόπον
3104 4297 3344 4363 τοῦτον,
3374 4296 3473 4351 καί
3507 4295 3705 4350 πάντα

2124 4391 2232 4444 τὸν
2257 4393 2433 4445 λαόν.

2197 4484 2358 4549 Κάῖν,
2390 4484 2480 4538 ἵνα
2509 4486 2588 4545 είς
2620 4484 2854 4554 ἑϐδόμην
2893 4484 3228 4553 γενεὰν......
3258 4483 3359 4555 τήν
3396 4484 3496 4554 τῆς
3537 4480 3699 4536 ἀδελο

436 4570 600 4625 lueret
622 4569 644 4601 ’⁵
684 4569 993 4625 fratricidii.
1027 4570 1350 4627 Chanantetc
1396 4571 1524 4627 item
1559 4580 1770 4642 gentes,
1802 4578 1861 4625 ut
1896 4586 2020 4640 pec-

2130 4575 2435 4645 φοκτονίας.
2472 4576 2582 4630 Καὶ
2609 4576 2676 4630 τὰ
2707 4575 3031 4631 Χαναναίων
3053 4576 3205 4647 ἔθνη,
3232 4576 3318 4630 ἵνα
3339 4573 3704 4645 πληρωθῶσιν

385 4738 389 4742 ἢ
435 4671 557 4717 cata
583 4678 769 4717 earum
802 4664 1184 4733 implerentur.

434 4774 588 4831 CAP.
618 4774 707 4831 LI.
734 4805 806 4817 -—
843 4775 1077 4842 Quinam
1111 4779 1255 4861 ,ἰυρεί
1288 4788 1413 4833 sunt
1453 4794 1558 4833 non
1585 4786 1902 4849 aegrotantes
1933 4778 2020 4833 de-

1138 4864 1185 4903 tu
1192 4866 1324 4904 vere.

506 4960 687 5017 Aaron
714 5001 730 5027 ,
762 4965 855 5032 qui
891 4962 1085 5032 jussus
1122 4974 1203 5019 est
1241 4963 1295 5018 in
1332 4975 1577 5019 montem
1612 4961 1929 5027 ascendere,
1957 4972 2016 5019 ut

433 5063 739 5107 moreretur
764 5053 809 5105 ⁵.

504 5144 721 5217 Moyses
746 5146 841 5216 qui
872 5149 1047 5203 audiit
1072 5167 1085 5202 :
1114 5150 1347 5206 Ascende
1376 5154 1432 5205 in
1458 5162 1684 5209 montem
1717 5154 1937 5223 Nabau,
1962 5167 2011 5212 et

432 5254 641 5293 morere
674 5240 717 5292 ⁸.

506 5329 716 5392 Daniel.
746 5332 838 5400 qui
876 5333 945 5387 ab
976 5337 1171 5404 angelo
1199 5336 1371 5390 audiit.
1402 5354 1415 5390 :
1452 5335 1529 5391 Tu
1565 5354 1684 5392 vero
1714 5340 1932 5395 ambula
1960 5352 2010 5397 et

432 5423 716 5491 requiesce.
744 5422 810 5478 Et
846 5428 1133 5496 requiesce:
1167 5444 1503 5498 resurgesque
1525 5429 1579 5482 in
1612 5428 1843 5500 gloriam
1866 5443 2015 5487 tuam

433 5514 488 5567 in
516 5515 603 5569 die
628 5517 915 5572 constituta
947 5518 990 5572 '.

501 5605 746 5664 Joannes
775 5611 1106 5682 evangelista
1141 5613 1183 5667 ⁸.

502 5747 548 5823 ξ’
578 5747 620 5805 II
650 5748 827 5805 Paral.
854 5769 966 5815 xxx,
998 5754 1048 5808 4.
1125 5753 1169 5785 ⁹⁹
1205 5753 1271 5809 Ill
1306 5753 1434 5823 Reg.
1468 5773 1557 5817 xx,
1586 5756 1674 5809 '55.

2125 4669 2305 4723 αὐτῶν
2333 4670 2388 4723 αἱ
2422 4669 2710 4741 ἁμαρτίαι.

2124 4785 2377 4840 ΚΕΦΑΛ.
2410 4784 2539 4840 NA'.
2586 4816 2656 4826 ——
2695 4784 2863 4850 Τίνες
2909 4787 2981 4839 οὐ
3011 4786 3388 4853 νοσήσαντες
3434 4781 3704 4851 ἀποθνή-

2612 4873 2786 4909 σκειν
2815 4857 3193 4910 ἐκελεύοντο.

2207 4968 2442 5041 Ἀαρὼν,
2490 4972 2569 5032 είς
2614 4969 2676 5022 τὸ
2706 4969 2832 5041 ὅρος
2876 4968 3122 5023 ἀνελθεῖν
3174 4967 3555 5039 κελευόμενος,
3610 4967 3701 5022 ἵνα

2120 5060 2389 5132 ἀποθάνῃ.

2193 5152 2457 5223 Μωῦσῆς,
2507 5152 2773 5220 ’ἀνάϐηθι
2817 5154 2903 5219 εἰς
2934 5155 2998 5207 τὸ
3030 5153 3160 5221 ὄρος
3206 5154 3412 5209 Ναόαῦ
3451 5155 3553 5209 καί
3606 5172 3700 5210 τε·

2118 5246 2325 5306 λεύτα,
2359 5244 2595 5300 ἁκούων.

2196 5336 2395 5409 Δανιὴλ
2438 5336 2653 5390 ἁκούων
2692 5337 2844 5408 παρὰ
2885 5338 2978 5391 τοῦ
3025 5338 3284 5407 ἀγγέλου’
3318 5337 3428 5392 Καὶ
3467 5337 3550 5393 σὺ
3583 5337 3700 5403 ,ϐά-

2118 5428 2256 5494 διζῖε,
2289 5428 2387 5482 καί
2411 5427 2748 5484 ἀναπαύου.
2776 5428 2883 5483 Καὶ
2906 5429 3231 5499 ἀναπαύσῃ
3256 5429 3353 5483 καί
3373 5429 3702 5501 ἀναστήσῃ

2116 5525 2203 5588 εἰς
2237 5520 2351 5588 τὴν
2381 5520 2570 5587 δόξαν
2598 5536 2735 5589 σου,
2760 5525 2846 5590 είς
2873 5512 3243 5593 προθεσμίαν
3271 5521 3530 5593 ἡμερῶν.

2200 5612 2452 5684 Ἰωάννης
2477 5616 2506 5667 ὁ
2538 5615 2930 5685 εὐαγγελιστής
2959 5614 3093 5685 (61).

1754 5757 1768 5787 ¹
1805 5754 1869 5810 IIl
1901 5754 2023 5822 Reg.

2121 5772 2237 5828 illi,
2262 5755 2308 5819 l,
2346 5755 2430 5809 18.
2509 5758 2528 5787 ²
2560 5755 2626 5809 lll
2662 5755 2791 5828 Reg.
2827 5755 3050 5822 xlv,15.
3131 5755 3151 5787 ³
3180 5753 3247 5811 IV
3274 5753 3406 5826 Reg,
3433 5771 3569 5823 χχιι,
3598 5755 3690 5813 20.

430 5816 452 5852 ⁸
478 5818 615 5876 Gen.
640 5837 714 5889 ιν,
750 5823 832 5878 15.
906 5825 928 5855 ⁵
962 5823 1120 5905 Num.
1150 5841 1242 5888 xx.
1271 5826 1364 5889 25,
1386 5816 1489 5881 ἐξ).
1546 5816 1585 5857 ί⁶
1615 5827 1768 5880 Deut.
1798 5816 2023 5890 xxxltfi

2168 5828 2186 5858 ⁷
2216 5816 2359 5885 om.
2388 5843 2484 5892 xu,
2521 5828 2602 5883 15.

506 5935 620 6010 (61)
646 5935 776 5996 Vide
798 5938 933 5998 Cod.
962 5942 1257 6013 apocryph.
1289 5938 1424 5997 Novi
1456 5939 1723 6006 TtStaun,
1748 5955 1871 6011 pag.
1902 5939 2029 6002 589.
