4050 6606
292 515 362 581 53
1477 524 1852 587 LIRELLUS
1894 492 2405 588 MEMORIALIS.
3490 540 3561 602 st

293 630 543 684 ΚΕΨΔᾹ.
578 628 702 706 NP'.
741 661 809 674 —-
857 633 1018 698 Τίνες
1067 632 1184 706 τῶν
1235 633 1440 706 uritur,
1494 636 1712 704 τυφλοὶ
1763 637 1871 706 τὴν

1992 638 2132 693 CAI'.
2170 638 2274 694 LII.
2316 669 2379 682 -—
2420 640 2652 706 Quinam
2685 658 2751 696 ατ
2794 645 2992 698 sanctis
3039 645 3236 698 amissa
3287 647 3593 705 oculorum‘

618 700 835 768 ὅρασιν
868 705 1198 773 γεγονότες,
1223 704 1550 759 ἀπέθανον.

375 815 581 881 Ἰσαὰκ,
627 817 846 882 Ἰακὼϐ,
881 818 1034 872 Ἡλεῖ
1061 821 1089 874 ὁ
1135 820 1341 891 ἱερεὺς,
1393 821 1576 891 ’Λχίας
1609 824 1636 876 ὁ
1665 823 1878 894 προφή·

293 925 392 977 της
423 911 451 962 ό
481 908 806 982 Σιλωνίτης.

295 1045 544 1100 ΚΕΦΑΛ.
594 1047 719 1102 NI".
754 1079 824 1088 —
867 1050 1032 1116 Τίνες
1077 1050 1405 1118 διέμειναν,
1455 1051 1552 1106 καὶ
1593 1053 1704 1106 οὐκ
1763 1052 1879 1107 ἀπ-

955 1139 1196 1194 ἐθανον.

373 1278 543 1349 Ἑνὼχ
576 1279 635 1332 ὲν
658 1279 860 1352 ἑϐδόμῃ
905 1283 1068 1352 γενεᾷ
1113 1285 1180 1354 τῇ
1223 1283 1332 1337 ἀπὸ
1381 1281 1477 1337 τοῦ
1528 1282 1698 1350 ’Δδὰμ
1747 1299 1878 1353 μετ-

292 1369 454 1440 ετέθη
480 1412 496 1434 ,
528 1372 624 1425 καὶ
647 1371 746 1442 οὐχ
779 1373 1086 1440 εὑρίσκετο.

375 1462 558 1527 Ἠλίας
591 1465 652 1517 ἐν
694 1463 904 1535 ἅρματι
953 1465 1125 1536 πυρός
1162 1466 1500 1538 ἀναληφθεὶς
1537 1467 1615 1532 ὡς
1656 1469 1738 1532 εἰς
1787 1467 1877 1522 τὸν

289 1555 352 1607 οὗ
363 1555 544 1623 ρανόν.

362 1645 467 1698 Τοῦ
503 1647 560 1699 δὲ
607 1645 942 1718 Μελχισεδὲκ
982 1647 1212 1708 Θάνατος
1257 1648 1318 1702 οὐ
1369 1648 1716 1720 γέγραπται,
1753 1651 1876 1706 ἐπεὶ

291 1739 426 1807 μηδὲ
453 1739 729 1810 γέννησις.
758 1739 1000 1810 Τέθνηκε
1024 1739 1154 1807 γοῦν
1180 1741 1369 1810 ἐπειδὴ
1401 1743 1498 1794 καὶ
1521 1742 1871 1814 γεγέννηται,

283 1830 376 1885 διὰ
400 1832 457 1884 δὲ
487 1833 549 1885 τὸ
605 1832 778 1887 τὺπην
807 1832 972 1886 αὐτὸν
1006 1828 1146 1886 εἶναι
1175 1833 1272 1904 τῆς
1302 1833 1701 1907 ἀρχιεροσύνης
1736 1837 1874 1906 Χρι-

288 1924 439 1990 στοῦ,
469 1925 572 1979 οὐκ
600 1925 1044 1996 ἀναγέγραπται.
1821 1940 1824 1942 '

318 2054 570 2109 ΚΕΦΛΛ.
606 2053 730 2109 NA'.
761 2082 827 2094 -ν
864 2055 1028 2122 Τίνες
1062 2055 1476 2122 ἀποθανόντες
1513 2055 1834 2126 ἀνέζήσαν.

364 2188 423 2241 ‘0
451 2188 554 2258 τῆς
578 2190 753 2260 χήρας
775 2191 874 2262 τῆς
897 2189 1253 2261 Σαραφθινῆς
1287 2191 1400 2255 υἱὸς
1427 2190 1532 2246 ὑπὸ
1569 2192 1752 2248 Ἠλίου
1777 2194 1874 2248 τοῦ

287 2283 598 2354 προφήτου.

367 2373 424 2426 '0
477 2375 577 2445 τῆς
642 2374 1029 2446 Σουναμίτιδος
1079 2376 1230 2440 υίὸς,
1298 2375 1360 2429 ὃν
1425 2375 1730 2442 Ἐλισσαῖος
1775 2379 1875 2434 άν-

280 2465 542 2536 ἔστησεν.

361 2557 422 2612 '0
464 2559 913 2629 ἐκκομιζόμενος,
964 2561 1060 2614 καὶ
1101 2561 1189 2614 διὰ
1243 2561 1342 2632 τὴν
1389 2560 1579 2630 ἔφοδον
1623 2561 1735 2615 τῶν
1775 2561 1874 2635 λῃ-

283 2649 448 2714 στῶν,
494 2651 792 2705 δεισάντων
819 2652 931 2706 τῶν
971 2651 1402 2724 ὲκκομιξόντων,
1437 2654 1749 2725 ἐπιρῤιφεὶς
1794 2652 1872 2724 τῷ

281 2743 379 2796 τοῦ
443 2744 753 2798 Ἐλισσαίου
809 2745 1086 2815 μνήματι.
1139 2745 1383 2809 ἀναστὰς
1435 2745 1531 2800 καὶ
1583 2743 1872 2816 πεφευγὼς

287 2837 430 2907 μετὰ
460 2837 570 2890 τῶν
601 2838 1062 2909 καταρῥιψάντων
1091 2837 1280 2893 αὐτόν.

365 2932 504 2985 Ὑπὸ
533 2932 592 2986 δὲ
625 2931 722 2985 τοῦ
755 2933 1014 3005 Σωτῆρος
1037 2933 1190 3002 τρεῖς
1223 2931 1533 3002 ἀνέστησαν
1559 2929 1762 3001 νεκροί.
1806 2929 1867 2985 Ἡ

283 3022 382 3077 τοῦ
427 3024 645 3096 ’Ῑαήρου
693 3023 944 3094 Θυγάτηρ
973 3023 1006 3094 ή
1040 3023 1399 3094 δωδεκαετής.
1461 3024 1522 3075 '0
1566 3024 1665 3093 τῆς
1692 3023 1870 3094 χήρας

289 3115 585 3188 μονογενὴς
618 3116 754 3179 υἱὸς,
779 3114 1208 3186 ἐκκομιζόμενος
1234 3115 1370 3184 πρὸς
1400 3115 1534 3168 αὐτὸ
1559 3115 1621 3168 τὸ
1654 3117 1864 3186 μνῆμα.

284 3207 535 3278 Λάζαρος
578 3209 961 3281 τετραήμερος
999 3208 1235 3272 ὀδωδὼς.
1287 3209 1396 3262 ἀπὸ
1444 3208 1540 3262 τοῦ
1583 3210 1868 3280 μνήματος

289 3300 531 3373 κληθείς.
559 3301 723 3374 Τρεῖς
750 3303 809 3356 ὲν
844 3304 912 3374 τῇ
948 3301 1185 3374 Παλαιᾷ,
1218 3303 1368 3372 τρεῖς
1399 3302 1458 3355 ἐν
1483 3304 1550 3373 τῇ
1584 3302 1724 3374 Νέᾳ..

361 3475 472 3531 Καὶ
499 3476 588 3530 διὰ
620 3477 729 3532 τῶν
756 3478 1093 3533 ἀποστόλων
1128 3479 1162 3549 ἡ
1198 3476 1411 3547 Δορκὰς
1439 3478 1498 3531 ὲν
1542 3477 1734 3549 Ἰόππῃ
1764 3476 1872 3532 ὑπὸ

290 3568 496 3639 Πέτρου
519 3587 531 3600 ·
566 3568 802 3641 Εὔτυχος
833 3570 942 3623 ὑπὸ
972 3568 1186 3624 Παύλου
1216 3570 1275 3623 ὲν
1308 3569 1548 3641 Τρωάδι.

392 3702 643 3758 ΚΕΦΑΛ.
677 3703 804 3759 NE'.
838 3737 906 3749 -—
945 3705 1110 3772 Τίνες
1143 3705 1373 3774 στεῖραι
1402 3706 1742 3760 τετόκασιν.

361 3843 547 3914 Eappa
571 3844 606 3915 ή
629 3843 723 3897 τοῦ
761 3843 1015 3915 Ἀϐραὰμ
1034 3844 1171 3914 γυνὴ
1194 3844 1287 3897 τὸν
1327 3843 1513 3896 Ἰσαάκ
1536 3841 1870 3912 γεννήσασα.

371 3935 642 3990 Ῥεϐέκκα
667 3936 701 4008 ἡ
724 3935 819 3989 τοῦ
851 3938 1037 3992 Ἰσαὰκ
1090 3936 1228 4007 γυνὴ
1284 3936 1410 3999 τοὺς
1446 3935 1702 4004 διδύμους
1724 3974 1741 4000 ,
1776 3933 1870 3988 τὸν

303 4026 472 4081 Ἦσαῦ
498 4028 706 4083 καὶτὸν
749 4029 943 4082 Ἰακὼϐ
972 4029 1304 4099 γεννήσασα.

368 4119 571 4190 Ῥαχὴλ
607 4119 642 4189 ή
673 4120 770 4189 τοῦ
816 4120 1036 4183 Ίακὼῦ,
1062 4122 1096 4190 ἡ
1129 4120 1220 4176 τὸν
1259 4117 1454 4191 Ἰωσὴφ
1481 4118 1577 4172 καὶ
1613 4117 1705 4172 τὸν
1734 4118 1867 4172 Βεν-

293 4212 440 4281 ιαμὶν
470 4213 804 4282 γεννήσασα.

364 4305 530 4358 ’Δννα
562 4305 596 4376 ή
629 4303 724 4357 τοῦ
785 4303 1042 4370 Ἐλκανᾶ,
1073 4305 1107 4376 ή
1157 4303 1252 4358 τὸν
1302 4303 1587 4374 προφήτην
1615 4301 1870 4373 Σαμουὴλ

292 4395 597 4464 γεννήσασα
609 4435 625 4450 .

369 4487 433 4541 Ἦ
473 4490 819 4559 Σουναμῖτις,
853 4490 887 4558 ὴ
934 4488 1087 4560 παρὰ
1119 4487 1213 4541 τοῦ
1265 4486 1570 4541 Ἐλισσαίου
1628 4486 1870 4542 λαϐοῦσα

293 4580 380 4633 τὸν
412 4580 548 4646 υἱὸν,
580 4581 674 4635 xui.
709 4581 1055 4637 ἀποθανόντα
1083 4577 1240 4644 αὖθις
1269 4580 1535 4635 λαϐοῦσα.

2514 714 2625 766 acie
2660 716 2852 768 mortui
2874 725 3028 770 sunt.

2052 824 2220 890 Isaac,
2249 823 2442 893 Jacob,‘
2461 824 2578 880 Heli
2601 829 2880 897 sacerdos,
2925 832 3127 889 Achias
3149 834 3410 893 Silouitcs
3435 853 3562 909 pro-

1980 915 2143 984 pheta
2172 919 2213 972 τ’.

1979 1053 2132 1110 CAP.
2191 1055 2323 1112 ιλιι.
2353 1088 2423 1098 -
2460 1059 2694 1126 Quinam
2733 1068 3040 1144 superstites
3085 1081 3426 1140 manserunt,
3469 1091 3564 1130 nec

2577 1143 2770 1187 mortut
2806 1148 2952 1187 sunt.

2577 1148 2770 1187 mortua
2806 1148 2952 1194 sunt.

2051 1259 2236 1318 Enoch
2280 1262 2332 1316 in
2370 1265 2601 1334 septima
2646 1269 2716 1323 ah
2748 1269 2958 1327 Adamo
2984 1278 3338 1346 generatione
3369 1286 3557 1335 trans-

1979 1350 2123 1406 latus
2152 1363 2258 1419 est,
2290 1367 2345 1410 et
2379 1371 2486 1411 non
2515 1357 2920 1420 inveniebatur.

2051 1439 2236 1500 Helias
2256 1443 2314 1499 in
2337 1460 2502 1504 curru
2528 1448 2687 1520 igneo
2711 1449 3030 1527 assumptus
3059 1459 3218 1529 quasi
3249 1459 3304 1515 in
3331 1463 3555 1517 coelum.

2047 1624 2443 1686 Melchisedech
2463 1647 2592 1689 vero
2609 1650 2756 1693 mors
2787 1655 2896 1693 non
2927 1649 3010 1696 est
3038 1643 3266 1714 scripta,
3297 1646 3559 1715 quoniam

1977 1735 2079 1777 nec
2101 1720 2222 1791 ejus
2253 1723 2528 1783 nativitas.
2552 1727 2798 1785 Mortuus
2827 1747 2962 1788 sane
2993 1745 3078 1791 est
3099 1737 3546 1808 quandoquidem

1975 1817 2030 1865 et
2060 1819 2221 1868 natus
2252 1830 2266 1869 :
2295 1814 2391 1870 sed
2431 1818 2560 1887 quia
2592 1827 2751 1891 typus
2788 1834 2908 1878 erat
2937 1827 3290 1895 pontiﬁcatus
3325 1828 3556 1897 Christi,

1976 1916 2085 1959 non
2111 1902 2213 1961 fuit
2237 1907 2512 1980 descripta
2545 1911 2690 1970 illius
2713 1931 2884 1972 mors.

2145 2043 2298 2100 CAP.
2326 2044 2460 2100 LIV.
2491 2079 2560 2089 —
2588 2048 2817 2114 Quinam
2848 2056 3046 2110 mortui
3075 2058 3396 2115 reuixerunt.

2052 2179 2221 2236 Filius
2252 2181 2430 2239 viduae
2460 2183 2865 2256 Saraphthinte,
2897 2191 2967 2247 ab
2997 2190 3114 2248 Elia
3157 2193 3422 2264 praphcta
3474 2207 3559 2252 rc-

1975 2272 2298 2328 suscitatus.

2046 2362 2405 2423 Sunamitidis
2435 2366 2602 2435 (ilius,
2627 2384 2790 2440 quem
2818 2372 3168 2428 resuscitavit
3200 2373 3449 2431 Eliswus.

2047 2541 2295 2600 Mortuus
2329 2545 2418 2602 ille
2446 2546 2542 2618 qui
2587 2547 2935 2615 etierebatur,
2968 2560 3026 2607 et
3075 2563 3298 2623 propter
3338 2554 3560 2611 latroci-

1975 2636 2220 2714 nautium
2253 2637 2649 2702 incursionem.
2677 2645 3054 2700 metuentibus
3074 2646 3402 2713 elatoribus,
3431 2665 3558 2719 pro-

1967 2728 2147 2797 jectus
2177 2730 2230 2784 in
2265 2730 2443 2787 Elisaai
2481 2745 2897 2793 monumentum
2938 2738 3081 2802 fuit:
3121 2742 3216 2812 qui
3267 2759 3588 2815 resurgens

1972 2822 2137 2877 etiam
2167 2825 2398 2894 aufugit,
2446 2842 2574 2884 cum
2603 2829 2670 2884 iis
2694 2832 2787 2901 qui
2814 2847 2875 2887 se
2906 2833 3274 2905 proiecerant.

2042 2915 2309 2990 Tempore
2351 2935 2463 2991 quo
2507 2921 2761 2978 Salvator
2802 2924 2856 2978 in
2913 2926 3078 2983 terris
3121 2927 3390 2997 degebat.
3445 2941 3560 2988 tres

1974 3010 2174 3066 mortui
2215 3023 2653 3070 rosum-exerunt.
2695 3001 2829 3071 Filia
2861 3014 3009 3073 Jaeri
3051 3019 3340 3076 duodecim
3380 3038 3572 3078 annos

1973 3112 2098 3157 nata
2136 3121 2149 3158 :
2192 3105 2335 3160 filius
2373 3107 2550 3162 viduae
2581 3108 2920 3179 unigenitus,
2966 3111 3096 3166 Ilum
3126 3112 3457 3170 eﬂerebatur
3487 3117 3565 3172 ad:

1975 3204 2386 3249 monumentum
2417 3214 2429 3249 :
2459 3195 2700 3253 Lazarus
2729 3200 3134 3267 quatriduanus
3173 3202 3372 3267 fetens,
3401 3220 3432 3260 ο
3469 3221 3557 3261 sc-

1974 3284 2165 3353 pulcro
2203 3298 2487 3344 evocatus.
2527 3289 2663 3345 Tres
2704 3306 2841 3362 ergo
2890 3291 2945 3348 in
2995 3291 3198 3360 Veteri,
3235 3304 3454 3367 tresque
3499 3297 3566 3353 in

1973 3375 2123 3432 Novo
2154 3378 2530 3436 Testamento.

2043 3469 2145 3525 Per
2175 3472 2468 3541 Apostolos
2516 3490 2531 3526 :
2586 3475 2791 3532 Dorcas
2847 3477 2902 3532 in
2938 3477 3111 3550 Joppe
3161 3495 3256 3551 per
3294 3481 3561 3552 Petrum;

1974 3560 2256 3634 Eutychus
2283 3579 2380 3635 per
2403 3563 2633 3622 Paulum
2670 3566 2725 3621 in
2753 3565 2988 3624 Troade.

2131 3699 2284 3755 CAP.
2312 3699 2420 3754 LV.
2451 3733 2516 3743 —
2550 3700 2804 3767 Quanam
2835 3703 3041 3758 steriles
3070 3717 3397 3774 pepererunt.

2043 3834 2245 3889 Sarrha
2275 3849 2416 3889 uxor
2437 3835 2691 3901 Abrahae,
2727 3851 2850 3907 quae
2889 3835 3135 3893 lsaacum
3168 3840 3378 3910 genuit.

2042 3928 2290 3984 Rebecca
2323 3927 2494 3984 lsaaci
2528 3944 2688 3996 uxor,
2720 3946 2844 4001 quae
2868 3931 3078 4002 peperit
3110 3933 3373 4000 gemellos
3413 3935 3554 3990 Esau

1975 4031 2029 4078 ct
2058 4021 2250 4078 Jacob.

2045 4115 2248 4172 Rachel
2273 4133 2410 4174 uxor
2427 4118 2640 4186 Jacobi,
2669 4134 2792 4191 quae
2811 4118 2982 4175 edidit
3009 4116 3310 4191 Joscphum
3336 4131 3393 4177 et
3414 4120 3554 4178 Ben-

1969 4223 2165 4276 lamin.

2043 4300 2200 4356 Anna
2232 4318 2368 4358 uxor
2415 4302 2653 4369 Eleanze,
2699 4317 2822 4374 qua:
2869 4304 3194 4375 prophetam
3238 4304 3561 4361 Samuelcm-

2079 4391 2204 4448 erit.

2079 4409 2156 4445 erI
2190 4435 2204 4447 .

1973 4408 2370 4553 pcgunamitis,
2414 4503 2536 4558 quae
2591 4503 2686 4558 per
2740 4486 2996 4543 Elisatum
3049 4488 3296 4559 suscepit
3347 4488 3550 4554 ﬁlium,

1970 4594 2207 4649 cumque
2238 4590 2517 4635 mortuum
2542 4581 2912 4652 recuperavit.

369 4673 649 4729 Ἐλισάὸετ
701 4676 735 4746 ὴ
793 4674 1066 4748 Ζαχαρίου
1121 4673 1282 4746 γυνὴ,
1334 4675 1368 4745 ἡ
1417 4674 1508 4728 τὸν
1559 4673 1864 4746 βαπτιστήν

2037 4671 2278 4730 Elisahet
2318 4672 2600 4730 Zachariae
2643 4690 2804 4740 uxor,
2826 4691 2946 4746 qua:
2962 4675 3262 4747 Baptistam
3285 4673 3562 4730 Joannem

307 4764 552 4835 Ἰωάννην
582 4766 920 4838 γεννήσασα.

381 4901 632 4956 ΚΕΦΔΛ.
673 4901 817 4969 NCT.
862 4928 923 4940 -
958 4899 1132 4967 Τίνες
1171 4898 1433 4968 πατέρας
1458 4900 1789 4969 ἠτίμασαν.

357 5039 483 5108 Χὰμ
514 5038 626 5092 τῶν
659 5038 804 5106 Νῶε,
837 5038 936 5110 τὴν
967 5039 1250 5110 γύμνωσιν
1279 5038 1446 5093 αὐτοῦ
1476 5039 1589 5103 τοῖς
1613 5038 1865 5110 ἀδελφοῖς

292 5131 629 5200 ἐξαγγείλας.

371 5223 563 5290 Ἠσαῦ,
610 5223 763 5295 παρὰ
800 5223 898 5296 τὴν
935 5222 1033 5278 τοῦ
1081 5223 1286 5297 πατρὸς
1328 5223 1554 5296 γνώμην
1602 5223 1866 5295 γυναῖκας

295 5315 601 5382 Χαναναίας
629 5317 990 5388 ἀγαγόμενος.

374 5409 747 5480 Ἀϐεσσαλὼμ,
782 5409 1042 5481 ἐπαρθεὶς
1074 5410 1216 5466 κατὰ
1247 5410 1343 5464 τοῦ
1377 5410 1541 5464 Δαϐὶδ
1574 5409 1671 5464 καὶ
1706 5409 1862 5464 πολε-

301 5501 408 5572 μῶν
435 5502 607 5574 αὐτῷ,
638 5503 733 5557 καὶ
763 5502 862 5567 τὰς
884 5505 1146 5573 γυναῖκας
1174 5502 1340 5558 αὐτοῦ
1377 5504 1598 5575 μιάνας.

362 5595 640 5660 ’Δδωνίας,
670 5595 1177 5668 αὐτοχειροτόνητον
1202 5594 1393 5652 ἑαυτὸν
1430 5597 1682 5667 βασιλέα,
1712 5597 1867 5668 παρὰ
1913 5663 1916 5666 ξ

298 5689 386 5762 τὴν
409 5691 498 5746 τοῦ
529 5690 736 5762 πατρὸς
766 5692 1013 5764 γνώμην,
1043 5691 1320 5759 ἀναδεῖξαι
1350 5690 1660 5762 πειραθείς.

1975 4768 2181 4834 genuit.

2079 4901 2226 4960 CAP.
2267 4903 2401 4960 LV‘I.
2433 4935 2502 4947 —
2533 4903 2764 4971 Quinam
2793 4911 3000 4974 patrem
3031 4903 3442 4958 inhonorarunt.

2036 5041 2279 5101 Chamus
2305 5043 2613 5110 Noachum,
2637 5043 2764 5100 dum
2789 5043 2936 5100 illius
2959 5041 3259 5098 nuditatem
3287 5040 3554 5097 fratribus

1974 5134 2112 5194 foris
2143 5139 2379 5195 nuntiat.

2049 5234 2229 5296 Esau,
2287 5233 2382 5304 qui
2431 5240 2620 5287 contra
2673 5229 2912 5301 parentis
2967 5226 3294 5284 sententiam
3351 5238 3552 5281 uxores

1972 5329 2315 5385 CIIananwas
2345 5325 2500 5382 duxit
2534 5325 2599 5379 '°.

2043 5420 2388 5480 Abessalom,
2413 5416 2504 5487 qui
2531 5415 2796 5472 adversus
2821 5414 2986 5470 David
3002 5415 3247 5470 elevatus
3267 5418 3368 5472 est.
3394 5407 3553 5476 eique

1974 5513 2180 5572 bellum
2208 5510 2414 5574 intulit,
2443 5523 2508 5564 ac
2537 5522 2738 5563 uxores
2770 5507 2918 5560 illius
2943 5505 3158 5576 polluit.

2042 5605 2304 5668 Adonias,
2331 5601 2428 5673 qui
2457 5601 2696 5672 seipsum
2723 5615 2904 5672 regem
2947 5597 3162 5667 prapria
3198 5611 3300 5652 sua
3333 5592 3547 5648 consti-

1975 5709 2151 5755 tutum
2184 5697 2465 5751 voluntate
2489 5702 2679 5750 contra
2707 5693 2876 5764 patris
2906 5688 3234 5747 sententiam
3271 5701 3437 5741 ausus
3467 5691 3554 5740 cst

1974 5790 2274 5849 venditare.

365 5977 385 6010 ⁵
409 5977 542 6036 Gen.
573 5994 743 6047 xxvu,
783 5980 830 6046 l;
869 5991 1058 6047 XLVIII,
1105 5978 1246 6045 10,1
1276 5977 1386 6049 Reg
1443 5991 1518 6045 Iv,
1553 5975 1648 6042 iii;
1689 5974 1750 6031 lll
1807 5974 1943 6046 Reg.
1981 5987 2090 6043 xw,
2117 5972 2169 6028 4.
2253 5971 2292 6002 ⁸ο
2325 5970 2462 6025 Gen.
2498 5984 2644 6034 xm,
2675 5967 2765 6022 55.
