4032 6612
335 532 411 596 63
1828 525 2130 588 JOSEPPI
3538 528 3610 591 64

410 653 636 709 Decima
670 650 724 706 in
750 650 914 706 aliam
950 648 1113 705 Elim.
1955 669 1964 705 Α

2101 641 2131 697 ι’
2162 644 2251 709 Εἰς
2284 644 2453 715 ἄλλην
2496 643 2703 716 Ἐλείμ.

405 743 707 801 Undecima
733 744 786 798 in
820 742 1132 814 Raphidim,
1156 740 1245 797 ubi
1271 739 1493 795 Amalec
1527 750 1820 809 aggressus
1842 742 1926 789 est

2102 745 2170 792 ta.’
2217 740 2312 803 Εἰς
2353 738 2664 809 Ῥαφιδεὶμ,
2699 738 2836 793 ὅπου
2888 735 3129 807 ἐπῆλθεν
3156 735 3189 790 ὁ
3232 733 3481 816 ’Δμαλὴκ
3531 735 3611 804 τῷ

342 834 601 905 populum
661 835 759 890 sed
790 834 1021 890 sublatis
1045 849 1075 888 a
1106 831 1292 904 Moyse
1324 831 1579 887 manibus
1604 827 1927 900 proﬂigatus

2066 829 2163 901 σιῷ,
2192 832 2288 886 καὶ
2317 833 2438 895 ταῖς
2485 831 2753 903 ἐπάρσεσι
2782 829 2892 886 τῶν
2931 828 3214 895 Μωῦσέως
3248 828 3449 901 χειρῶν
3485 845 3639 882 κατ-δ

341 936 445 982 881.

2066 922 2254 995 mon.

417 1018 747 1076 Duodecima
779 1019 836 1074 in
852 1017 1127 1076 desertqu
1156 1017 1312 1073 Sina.

2104 1012 2169 1086 ιβ’
2208 1014 2297 1068 Ἐν
2326 1017 2396 1085 τῇ
2434 1015 2627 1085 ἐρήμῳ
2660 1013 2811 1084 Σινᾷ.

417 1112 635 1168 Decima
675 1113 834 1169 tertia
866 1112 921 1167 in
958 1114 1272 1183 sepulcrum
1326 1109 1802 1181 concupiscentia,
1838 1110 1930 1167 ubi

2106 1106 2172 1178 ιγ’
2239 1108 2326 1161 Ἐν
2358 1107 2601 1177 μνήματι
2631 1105 2732 1175 τῆς
2767 1104 3088 1175 ἐπιθυμίας,
3129 1102 3260 1157 ἔνθα
3288 1102 3459 1156 πολλὰ
3482 1120 3613 1171 γογο

344 1207 581 1261 multum
614 1216 1041 1271 murmurantes,
1071 1205 1271 1277 quiain
1302 1204 1625 1259 memoriam
1669 1214 1929 1262 venerunt

2066 1202 2324 1269 ’ὑσαντες,
2368 1201 2600 1272 ἐπείπερ
2648 1202 2726 1265 εἰς
2758 1201 3065 1269 ἀνάμνησιν
3102 1193 3269 1269 ἦλθον
3319 1190 3395 1250 ὧν
3423 1197 3613 1266 ἢσθιον

346 1299 506 1371 panis
537 1299 902 1370 carniumque
957 1314 1095 1369 quas
1152 1298 1205 1352 in
1245 1296 1481 1368 [Egypto
1531 1296 1924 1364 eomedebant,

2066 1313 2217 1366 ,ρτων
2248 1296 2306 1348 ἐν
2334 1293 2599 1363 Αἰγύπτῳ
2649 1293 2745 1346 καὶ
2767 1292 2969 1361 κρεῶν,
2997 1290 3275 1344 κατεϐόων
3309 1292 3406 1343 τοῦ
3443 1293 3613 1344 Maii)-

348 1389 723 1445 clamaverunt
750 1398 941 1445 contra
967 1387 1231 1459 Moysem,
1253 1396 1308 1443 et
1329 1386 1755 1458 promissionem
1776 1403 1934 1442 acce-

2066 1391 2199 1455 ’ἑως,
2225 1386 2320 1442 τοῦ
2362 1388 2538 1458 μάννα
2576 1384 2671 1441 τοῦ
2709 1385 2769 1452 ἐξ
2800 1383 3036 1455 οὐρανοῦ
3062 1383 3355 1453 νιφομένου
3384 1381 3614 1452 βρῶμα-

348 1491 549 1552 perunt
580 1499 813 1545 manum.
847 1482 953 1538 cibi
998 1481 1306 1538 videlicete
1365 1481 1506 1537 cmlo
1552 1480 1847 1551 ningentis.
1889 1480 1933 1535 A

2068 1498 2125 1547 ος
2151 1480 2252 1551 τὴν
2280 1480 2573 1549 ὑπόσχεσιν
2610 1478 2957 1546 ἐκομίσαντο.
3002 1476 3135 1531 Ἀπὸ
3161 1476 3255 1531 τοῦ
3289 1476 3385 1522 τῖ’
3431 1474 3616 1517 δ’νησσ-

350 1576 606 1646 sepulcro
632 1575 1115 1647 concupiscentiae,

2066 1578 2169 1641 ιίας
2201 1577 2505 1647 μνήματος,

421 1667 643 1723 Decima
701 1678 894 1739 quarta
975 1668 1213 1724 statione
1269 1675 1539 1724 venerunt
1564 1667 1619 1723 in
1678 1667 1932 1725 Aseroth.

2110 1670 2170 1727 ιδ’
2199 1669 2443 1739 Σταθμὺν
2472 1664 2635 1741 ἦλθον
2657 1671 2737 1734 εἰς
2778 1665 3050 1740 ’Λσηρὼ0.

420 1755 643 1814 Decima
675 1759 868 1830 quinta
899 1758 953 1814 in
983 1757 1274 1814 Ilamatba.

2113 1762 2173 1819 ιε’
2202 1765 2292 1828 Εἰς
2340 1763 2609 1833 Ῥαμαθάη

421 1850 640 1907 Decima
666 1863 818 1908 sexta
851 1853 905 1908 in
938 1852 1395 1923 Remmopheres.

2113 1865 2189 1922 ις’
2220 1858 2312 1922 Ei;
2354 1854 2770 1926 Ῥεμμωφερὲς.

424 1943 646 2003 Decima
677 1949 906 2019 septima
936 1948 990 2002 in
1016 1946 1247 2004 Elbona.

2118 1950 2186 2016 ιζ’
2209 1951 2303 2015 EI;
2347 1949 2612 2003 Ἐλόὦνα.

300 2081 311 2090 .
426 2037 647 2095 Decima
673 2052 865 2097 octava
902 2043 955 2097 in
990 2043 1263 2098 Deseleth.

425 2128 646 2185 Decima
672 2148 817 2188 nona
837 2133 890 2187 in
923 2133 1272 2190 Ismaeelatb.

429 2220 700 2279 Vicesima
727 2224 780 2281 in
817 2224 1051 2296 Saphar.

428 2313 703 2373 Vicesima
727 2321 902 2391 prima
944 2323 998 2377 in
1027 2322 1360 2383 Cliaradatb.

429 2403 701 2463 Vieesima
725 2411 965 2466 secunda
997 2412 1053 2467 in
1091 2412 1379 2472 Maceletll.

431 2495 704 2555 Vicesima
737 2503 893 2557 tertia
921 2502 975 2558 in
1001 2503 1323 2563 Cbattoatb.

441 2591 704 2648 vicesima
734 2604 931 2665 quarta
973 2597 1025 2653 in
1060 2598 1284 2657 Tarath.

436 2679 707 2739 Vicesima
733 2688 928 2757 quinta
954 2689 1007 2744 in
1049 2688 1313 2762 Matgeca.

436 2769 710 2831 Vicesima
742 2788 893 2834 sexta
931 2781 985 2835 in
1017 2781 1295 2841 Selmona.

438 2862 708 2922 Vicesima
736 2871 969 2940 septima
1002 2873 1056 2929 in
1080 2876 1395 2934 Masurutb.

444 2960 712 3021 Vieesima
740 2976 934 3025 octava
966 2970 1019 3025 in
1054 2970 1280 3027 Babeth.

440 3053 714 3113 Vicesima
748 3074 891 3117 nona
921 3061 975 3117 in
1000 3076 1238 3120 montem
1268 3066 1493 3124 Galaad.

439 3145 740 3208 Tricesima
774 3153 830 3208 in
860 3153 1195 3213 Senabatba.

437 3236 738 3298 Tricesima
762 3245 939 3315 prima
980 3248 1033 3303 in
1064 3247 1335 3306 Scrbona.

439 3331 741 3394 Tricesima
769 3340 1010 3396 secunda
1041 3340 1095 3395 in
1127 3341 1328 3399 Gesion
1359 3346 1547 3417 gaber.
1973 3350 2019 3409 C

441 3445 741 3504 Trieesima
773 3453 955 3518 tertia,
989 3452 1044 3508 in
1096 3470 1284 3512 mense
1307 3459 1469 3515 tertio
1537 3459 1605 3516 ab
1671 3463 1842 3528 exitu,
1895 3481 1951 3519 III

370 3539 650 3596 desertum
689 3540 845 3598 Sina.
876 3542 977 3599 llic
1031 3544 1226 3603 Jothor
1262 3564 1420 3605 socer
1455 3552 1656 3626 Moysis
1694 3556 1842 3611 venit
1886 3557 1953 3613 ad

373 3645 521 3697 eum,
562 3633 841 3691 adducens
870 3635 920 3691 ei
973 3653 1202 3694 uxorem
1234 3649 1289 3696 et
1322 3642 1545 3701 liberos.
1600 3644 1702 3703 IIic
1753 3648 1951 3720 obtigit

375 3726 645 3795 apparitio
664 3726 758 3784 Dei
791 3728 934 3785 facta
967 3730 1161 3804 Moysi,
1181 3743 1235 3790 et
1262 3735 1653 3795 documentum
1675 3748 1730 3796 et
1758 3742 1955 3798 admo-

376 3819 512 3873 nitio
547 3821 612 3875 ad
633 3825 916 3893 populum,
952 3826 1136 3896 populi
1192 3844 1415 3901 quoque
1467 3833 1721 3901 impietas
1762 3835 1835 3891 ob
1879 3835 1959 3889 vi-

376 3911 495 3967 tulo
523 3913 737 3971 oblatas
787 3917 1060 3974 victimas.
1121 3918 1351 3991 Propter
1397 3923 1565 3994 impia
1629 3940 1764 3981 vero
1786 3928 1959 3983 scele-

378 4019 439 4058 ra
472 4004 696 4073 punitus
725 4010 981 4079 populus,
1005 4020 1193 4069 utnon
1222 4012 1363 4071 foret
1419 4016 1773 4088 ingressurus
1844 4029 1959 4075 ter-

378 4110 496 4151 ram
524 4099 926 4171 promissionis,
951 4104 1308 4165 excidebatur
1327 4108 1675 4167 errabundus
1716 4126 1813 4181 per
1861 4112 1959 4168 de-

378 4201 607 4247 sertum.
634 4194 703 4252 Et

2119 2044 2186 2116 ιη’
2223 2045 2313 2107 Εἰς
2350 2040 2601 2095 Δεσελέο.

2117 2140 2182 2194 ιθ¹
2216 2136 2309 2201 Ei;
2343 2133 2717 2208 Είσμακελὰθ.

2114 2233 2164 2291 κ’
2194 2236 2286 2298 Εἰς
2312 2233 2526 2302 Σαφίῳ.

2115 2326 2202 2383 κα’
2230 2329 2324 2389 Εἰς
2354 2322 2638 2393 Χαραδάθ.

2117 2419 2203 2490 κβ⁸
2234 2420 2328 2481 Ei;
2353 2411 2649 2471 Μακελώθ.

2117 2509 2203 2579 κγ’
2240 2510 2328 2571 Εἰς
2354 2504 2627 2561 Χαττοάθ.

2116 2601 2199 2657 κδ’
2231 2603 2326 2665 Εἰς
2349 2598 2561 2671 Ταρὰθ.

2119 2694 2196 2750 κε’
2229 2694 2323 2757 Εἰς
2352 2691 2641 2759 Ματγεκά.

2117 2785 2211 2853 κς⁹
2240 2787 2336 2851 Εἰς
2357 2785 2640 2857 Σελμῶνα.

2120 2881 2203 2946 κζ’
2231 2881 2326 2944 Εἰς
2354 2878 2702 2951 Μασουρούθ.

2123 2973 2209 3046 κη’
2241 2976 2335 3039 EI;
2367 2974 2564 3029 Βάσεθ.

2127 3068 2210 3123 κθ¹
2239 3070 2331 3133 Εἰς
2358 3068 2418 3122 τὸ
2446 3068 2575 3140 ὅρος
2604 3065 2839 3120 Γαλαὰδ.

2121 3161 2165 3218 λ’
2190 3164 2283 3227 EI;
2310 3160 2612 3215 Σεναϐαθά.

2125 3256 2205 3310 λα’
2232 3256 2324 3315 EI;
2355 3250 2633 3324 Σεόρωνά.

2120 3349 2199 3421 λβ’
2227 3350 2321 3408 El:
2358 3344 2567 3400 Γεσιῶν
2594 3342 2792 3415 γαϐἐρ.

2126 3461 2208 3533 λγ¹
2244 3463 2331 3517 Ἐν
2360 3461 2491 3532 μηνὶ
2537 3457 2707 3531 τρίτῳ
2733 3456 2843 3511 ἀπὸ
2876 3458 2975 3526 τῆς
3018 3453 3222 3523 ἐξόδου,
3249 3455 3307 3509 ἐν
3338 3454 3403 3525 τῇ
3437 3453 3632 3523 ἐρήμῳ

2056 3554 2209 3626 Σινᾷ.
2267 3550 2534 3606 Ἐνταῦθα
2592 3548 2764 3620 Ὶοθὸρ
2813 3548 2843 3601 ὁ
2886 3545 3170 3609 Μωῦσέως
3218 3544 3468 3617 γαμὸρὸς
3523 3562 3624 3598 1:1-

2061 3648 2340 3721 ραγίνεται
2372 3645 2508 3715 πρὸς
2545 3641 2731 3708 αὐτὸν,
2773 3640 2925 3709 ἄγων
2957 3639 3105 3710 αὐτῷ
3141 3640 3243 3709 τὴν
3270 3640 3503 3707 γυναῖκα
3537 3638 3635 3691 καὶ

2055 3741 2184 3799 τοὺς
2211 3736 2380 3800 υἱούς.
2427 3732 2697 3789 Ἐνταῦθα
2727 3731 2864 3786 Θεοῦ
2888 3731 3179 3801 ἐπιφάνεια
3207 3731 3344 3802 πρὸς
3368 3729 3633 3797 Μωῦσῆν.

2058 3832 2155 3887 καὶ
2182 3828 2501 3885 διδασκαλία
2527 3825 2664 3899 πρὸς
2696 3825 2790 3879 τὸν
2822 3824 2952 3879 λαδν
2981 3822 3075 3877 καὶ
3102 3822 3375 3885 νουθεσία,
3415 3822 3511 3885 καὶ
3539 3822 3636 3876 τοῦ

2058 3923 2190 3979 λαοῦ
2223 3921 2512 3977 δυσσέϐεια
2551 3919 2647 3973 ἐπὶ
2686 3920 2753 3990 τῇ
2801 3915 3157 3989 μοσχοθυσίᾳ.
3222 3913 3378 4001 Ἐτξεὶ
3419 3913 3533 3985 (66)
3577 3914 3637 3968 δὲ

2058 4014 2399 4077 δυσσεϐείαις
2423 4010 2835 4083 τιμωρούμενος
2863 4009 2895 4061 ὁ
2918 4007 3047 4071 λαὸς
3072 4006 3208 4078 πρὸς
3243 4006 3306 4059 τὸ
3333 4006 3408 4076 μὴ
3441 4006 3637 4075 ἐπιϐῆ-

2058 4129 2146 4166 ναι
2192 4110 2260 4180 τῇ
2307 4109 2379 4177 γῇ
2428 4106 2529 4176 τῆς
2577 4100 2932 4172 ἐπαγγελίας,
2985 4098 3295 4172 περιείλετο
3339 4099 3484 4153 κατὰ
3540 4098 3641 4169 τὴν

2062 4204 2270 4277 ἔρημον
2292 4198 2666 4269 πλανώμενος,
2694 4197 2792 4251 καὶ

449 4307 746 4366 Tricesima
778 4324 972 4383 quarta
1008 4316 1296 4373 mansione
1318 4316 1537 4375 deducti
1563 4329 1695 4377 sunt
1750 4320 1804 4378 in
1859 4321 1957 4379 de-

377 4407 583 4455 sertum
613 4401 855 4474 Pbagan,
890 4420 1012 4476 qua:
1039 4416 1123 4462 est
1152 4409 1349 4465 Cades.

2066 4410 2243 4478 Φαγᾶν
2271 4408 2563 4477 κατήγετο,
2598 4406 2633 4476 ἦ
2664 4406 2783 4458 ἐστι
2812 4402 3013 4467 Κάδες.

451 4489 750 4548 Trieesima
786 4495 975 4565 quinta
1008 4512 1037 4551 a
1066 4496 1243 4553 Cades
1276 4498 1328 4551 in
1383 4506 1625 4554 montem
1682 4499 1957 4556 Idumaeze.

2131 4500 2206 4556 λε’
2246 4500 2378 4554 Ἀπὸ
2438 4499 2648 4569 Κάδης,
2701 4498 2781 4562 εἰς
2828 4496 2892 4551 τὸ
2947 4497 3073 4569 ὄρος
3124 4496 3224 4568 τῆς
3265 4495 3463 4568 Ἐδὼμ.
3512 4488 3642 4550 Ὧδε

380 4582 481 4641 Hic
535 4587 765 4642 moritur
811 4588 1030 4656 Aaron,
1085 4604 1232 4644 anno
1287 4590 1710 4661 quadragesimo
1771 4593 1957 4647 exitus

2066 4592 2396 4663 ἀποθνήσκει
2438 4590 2670 4661 Ἀαρὼν,
2723 4589 2783 4643 ἐν
2825 4587 2937 4643 ἔτει
2975 4587 3403 4660 τεσσαρακοστῷ
3431 4587 3528 4658 τῆς
3555 4585 3645 4651 ἐξ·

2131 4316 2203 4370 λδ¹
2229 4314 2565 4386 Τριακοστὸν
2615 4311 2877 4382 τέταρτον
2912 4308 3154 4381 σταθμὸν
3175 4308 3258 4373 είς
3302 4306 3400 4391 τὴν
3432 4306 3641 4379 ἔρημον

378 4677 563 4747 populi
582 4678 649 4733 de
672 4678 930 4751 Egypto,
966 4695 1156 4736 mense
1207 4681 1419 4752 quinto,
1454 4682 1549 4753 qui
1580 4682 1722 4753 apud
1774 4681 1954 4739 Mace-

2066 4682 2180 4737 όδου
2216 4680 2324 4735 ἀπὸ
2366 4678 2644 4748 Αἰγύπτου
2674 4678 2767 4732 τοῦ
2801 4678 2956 4743 λαοῦ,
2997 4678 3077 4751 τῷ
3112 4678 3353 4749 πέμπτῳ
3393 4677 3545 4747 μηνὶ,
3582 4678 3641 4740 ὃς

378 4769 555 4825 donas
582 4778 665 4827 est
694 4771 860 4839 Lous,
891 4773 1136 4829 calendis
1170 4774 1397 4840 mensis,
1430 4789 1555 4830 cum
1582 4783 1735 4831 esset
1783 4790 1960 4830 anno-

379 4879 501 4927 rum
530 4864 766 4924 CXXIII.

449 4959 750 5017 Tricesima
781 4967 934 5016 sexta
969 4960 1255 5017 mansione
1308 4962 1378 5019 ab
1410 4959 1486 5020 οι·
1544 4971 1731 5020 monte
1785 4978 1954 5019 vene-

380 5061 506 5106 runt
530 5051 583 5105 in
620 5051 870 5107 Elmona.

449 5142 749 5200 Trieesima
783 5145 1011 5215 septima
1044 5146 1097 5200 in
1123 5146 1319 5202 Phino.

451 5233 752 5303 Tricesima
791 5243 982 5291 octava
1004 5238 1056 5290 in
1090 5235 1290 5292 Oboth.

451 5326 751 5382 Tricesima
784 5343 923 5382 nona
954 5328 1006 5383 in
1022 5327 1205 5396 Gae,in
1221 5328 1418 5385 ﬁnibus
1443 5327 1621 5384 Moab.
1653 5325 1710 5381 In
1738 5326 1823 5383 his
1844 5326 1966 5381 ﬁni-

2059 4779 2177 4832 ἐστι
2201 4772 2349 4846 παρὰ
2363 4772 2637 4827 Μακεδόσι
2661 4771 2819 4839 λῶος,
2856 4773 2955 4844 μιᾷ
2977 4772 3069 4825 τοῦ
3096 4771 3289 4843 μηνὸς,
3319 4767 3387 4843 ἦν
3415 4771 3471 4824 δὲ
3503 4771 3643 4824 ἐτῶν

2066 4874 2207 4941 ρκγ’.

2131 4959 2242 5032 (67)
2269 4958 2359 5025 λς’
2404 4956 2538 5012 Ἀπὸ
2568 4958 2668 5029 Ὢρ
2712 4956 2807 5011 τοῦ
2862 4956 3045 5029 ὅρους,
3094 4956 3425 5030 τριακοστὸν
3481 4957 3647 5013 ἕκτον

2067 5054 2327 5125 σταθμὸν,
2360 5048 2526 5125 ἦλθον
2556 5053 2635 5117 είς
2670 5051 2945 5125 Ἐλμῶνα.

2141 5146 2217 5211 λζ’
2246 5149 2339 5212 EI;
2367 5145 2528 5201 Φινὼ.

2139 5238 2222 5309 λη’
2255 5241 2348 5303 Et;
2389 5238 2581 5294 eaeo.

2141 5332 2220 5389 λθ⁹
2252 5334 2346 5395 El;
2366 5331 2485 5393 Γαὶ,
2513 5330 2607 5384 ἐπὶ
2632 5329 2738 5383 τῶν
2760 5329 2925 5402 ὁρίων
2952 5329 3146 5385 Μωάσ.
3186 5331 3275 5385 Ἐν
3297 5331 3507 5396 τούτοις
3533 5336 3647 5397 τοῖς

383 5421 487 5481 bus
521 5438 612 5477 rex
654 5420 1013 5477 Moabitarum
1061 5423 1293 5494 advocat
1354 5437 1573 5494 magum
1631 5420 1870 5486 Balaam,
1901 5428 1964 5474 ut

2066 5426 2236 5499 ὁρίοις
2262 5426 2291 5480 ὁ
2322 5422 2576 5495 βασιλεὺς
2626 5421 2737 5476 τῶν
2768 5420 3075 5475 Μωαϐιτῶν
3123 5421 3280 5476 καλεῖ
3323 5424 3416 5478 τὸν
3470 5426 3647 5496 μάγον

384 5515 674 5571 maledieat
706 5516 930 5587 populo.

454 5625 889 5698 Quadragesima
910 5627 1168 5693 statione.
1215 5642 1247 5683 a
1278 5628 1459 5694 Moab,
1479 5626 1701 5699 punitus
1732 5624 1966 5698 populus

389 5726 672 5788 propterea
702 5721 847 5789 quod
878 5722 1077 5780 initiati
1102 5722 1338 5781 fuissent
1368 5723 1759 5796 Beelphegoro,
1795 5737 1963 5780 vene-

390 5821 518 5868 runt
540 5811 594 5866 in
619 5812 837 5869 Zaretb.

461 6018 577 6096 (66)
615 6018 775 6076 Forte
804 6018 918 6088 ἐπί,
947 6028 1000 6079 et
1035 6038 1156 6079 mox
1183 6022 1383 6095 Φαρᾶν.

2072 5518 2163 5574 τὸν
2196 5514 2446 5585 Βαλαὰμ,
2481 5511 2895 5584 καταράσασθαι
2928 5512 3019 5566 τὸν
3047 5513 3196 5568 λαόν.

2145 5629 2197 5702 μ’
2231 5627 2502 5700 Σταθμδν,
2549 5625 2660 5681 ἀπὸ
2699 5624 2793 5679 τοῦ
2827 5626 3025 5692 Μωὰό,
3071 5629 3407 5701 τιμωρηθεὶς
3448 5633 3542 5686 ἐπὶ
3572 5632 3654 5705 τῷ

2073 5722 2388 5792 τελεσθῆναι
2418 5718 2496 5791 τῷ
2520 5718 2865 5791 Βεελφεγὼρ,
2895 5715 3059 5792 ἦλθον
3090 5722 3169 5787 είς
3200 5722 3400 5794 Ζαρέθ.

2158 6023 2264 6094 (67)
2294 6025 2449 6083 Deest
2481 6022 2595 6077 bmc
2646 6025 2775 6073 nota
2799 6013 2852 6074 iu
2870 6012 3015 6072 edito
3058 6010 3308 6068 Fabricii.
