4050 6616
360 366 428 430 67
1844 361 2147 422 JUSEI’PI
3549 364 3619 422 σε

360 474 737 532 conﬂcicntem
798 489 1137 547 quaecunque
1173 474 1275 529 sub
1323 474 1412 528 diu
1456 473 1758 546 deprendit.
1807 472 1920 527 Fne

2059 473 2287 525 Ἔπειτα
2324 470 2559 543 ἀκρίδων
2584 469 2743 541 νέφη,
2766 470 2889 535 τοὺς
2934 473 3176 541 καρποὺς
3204 472 3448 534 ἅπαντας
3492 488 3621 523 κατ·

359 578 486 623 ruttt
516 578 697 638 postea
723 566 1054 622 locustarum
1090 566 1280 631 nubes,
1311 580 1433 635 qua:
1482 573 1941 634 consumpserunt

359 660 544 729 fruges
594 660 926 723 universas;
993 657 1230 711 tenebrae
1286 657 1413 710 item
1447 657 1594 711 solos
1658 654 1939 726 Aigyptitts

358 751 670 817 obrucntes,
699 751 791 804 sed
824 749 955 803 nihil
982 748 1333 806 obscuritatis
1370 747 1608 802 llehrazis
1633 746 1935 801 aﬂ‘erentes.

360 843 632 897 Decimam
663 857 893 913 eamque
946 856 1253 913 supremam
1282 842 1416 913 ipsis
1464 841 1675 911 plagam
1721 838 1937 904 inﬂixit,

362 935 856 1005 primogenitorum
911 945 1164 1001 mortem,
1210 950 1330 1006 quze
1388 936 1678 989 confertim
1741 933 1938 988 actidit

362 1043 475 1082 uno
504 1028 805 1097 eodemque
832 1027 1092 1097 temporis
1117 1036 1413 1081 momento.

430 1119 554 1175 Post
608 1135 884 1189 egressum
948 1120 1131 1189 populi
1172 1135 1236 1173 ex
1302 1118 1572 1189 IEgypto,
1622 1116 1939 1187 insequente

355 1227 479 1265 eum
512 1208 892 1283 Aigyptiorum
933 1210 1195 1274 exercitu,
1233 1208 1574 1279 Erythrmum
1611 1223 1763 1262 mare
1802 1208 1941 1261 divi—

354 1302 426 1355 sit
459 1311 519 1354 ut
547 1303 775 1371 populus
801 1300 1189 1371 pertransiret:
1232 1299 1540 1368 iterumque
1564 1298 1693 1352 illud
1730 1300 1943 1353 reduxit

355 1406 523 1460 super
558 1392 933 1460 insequentem
964 1403 1165 1457 regem,
1219 1402 1380 1457 quem
1436 1390 1621 1442 obruit
1671 1389 1941 1458 profundo

359 1484 548 1548 maris,
585 1485 729 1554 quod
756 1484 902 1554 virga
930 1481 1218 1552 percussit,
1239 1481 1698 1551 quemadmodum
1718 1482 1846 1536 illud
1872 1481 1941 1536 ad

354 1577 643 1630 transitum
672 1576 852 1645 populi
907 1575 1071 1629 etiam
1102 1583 1258 1629 antea
1294 1583 1659 1644 percusserat.

421 1752 832 1807 Amarulentam
866 1767 1065 1823 aquam
1111 1750 1341 1807 Merrltze
1372 1752 1541 1808 fontis
1567 1754 1620 1808 in
1677 1753 1938 1809 ﬂuentum

2048 563 2416 617 αναλώσασαι.
2456 565 2653 625 Σκότος
2699 580 2755 616 τε
2788 564 2985 632 μόνους
3030 563 3276 628 σκοτίζον
3304 563 3428 626 τοὺς
3458 564 3621 631 Λίγυ-

2047 659 2259 721 πτίους,
2302 658 2409 719 τοῖς
2452 655 2723 726 Ἑϐραίοις
2752 654 2813 706 ού
2853 655 3257 725 μελαινόμενον.
3289 655 3532 724 Δεκάτην
3561 654 3621 705 δὲ

2048 752 2142 805 καὶ
2186 749 2501 803 τελευταίαν
2556 747 2853 819 ἐπέρριψεν
2884 746 3064 809 αὐτοῖς
3113 746 3350 818 πληγὴν,
3389 746 3478 799 τὸν
3508 743 3619 797 τῶν

2048 842 2431 915 πρωτοτόκων,
2470 841 2679 912 ’ἀθρόον
2730 840 2833 895 ύπδ
2891 840 3022 912 μίαν
3073 830 3263 911 καῖροῦ
3317 837 3493 910 ῥοπὴν
3521 836 3619 891 θά-

2046 950 2227 989 νατον.

2117 1116 2271 1169 Μετά
2301 1114 2356 1167 δὲ
2400 1113 2498 1184 τὴν
2532 1111 2708 1180 ἔξοδον
2735 1111 2828 1165 τοῦ
2877 1110 3009 1164 λαοῦ
3057 1110 3155 1180 τὴν
3196 1109 3291 1163 ἀπ’
3316 1108 3617 1178 Αἰγύπτου,

2047 1207 2425 1270 ἐπιδιώκοντος
2457 1205 2616 1258 αὑτὸν
2638 1203 2731 1257 τοῦ
2760 1203 3054 1271 Αἰγυπτίου
3075 1201 3325 1272 στρατοῦ,
3343 1200 3441 1272 τὴν
3471 1201 3622 1270 Ἐρυ-

2049 1301 2184 1370 θρὰν
2218 1299 2410 1351 διεῖλεν
2443 1298 2717 1352 θάλασσαν
2754 1298 2833 1359 εἰς
2871 1295 3043 1349 δίοδον
3070 1295 3164 1348 τοῦ
3194 1294 3345 1360 λαοῦ,
3378 1296 3470 1347 καὶ
3512 1296 3620 1348 πά·

2048 1389 2133 1443 λιν
2160 1391 2437 1459 ἐπήγαγεν
2468 1386 2673 1457 ταύτην
2705 1388 2845 1440 κατά
2873 1386 2968 1439 τοῦ
3001 1385 3285 1449 διώκοντος
3332 1384 3617 1455 βασιλέως,

2047 1480 2455 1549 δνοὲπεκάλυψε
2488 1480 2567 1551 τῷ
2614 1480 2711 1550 τῆς
2746 1478 3019 1549 θαλάσσης
3070 1478 3236 1549 βυθῷ,
3271 1478 3478 1548 πλήξας
3519 1478 3619 1549 τὴν

2048 1569 2325 1624 θάλασσαν
2375 1568 2573 1641 ῥάϐδῳ,
2606 1568 2797 1640 ὥσπερ
2852 1569 3020 1640 αὐτὴν
3065 1571 3145 1632 εἰς
3198 1568 3295 1641 τὴν
3338 1569 3435 1623 τού
3486 1568 3615 1623 λαοῦ

2048 1662 2219 1717 δίοδον
2253 1665 2347 1715 καὶ
2381 1662 2646 1732 πρότερον
2672 1662 2892 1727 ἔπληξε.

2121 1752 2193 1806 Τὸ
2221 1752 2413 1823 πικρὸν
2438 1751 2581 1823 ὕδωρ
2612 1753 2835 1824 Μερρἄς
2860 1752 2962 1822 τῆς
2987 1752 3169 1823 πηγῆς
3192 1754 3271 1816 είς
3303 1752 3451 1822 νᾶμα
3486 1768 3619 1821 μετ-

353 1844 626 1896 convertit
656 1843 911 1912 potabile,
948 1844 1208 1899 immerso
1235 1844 1287 1897 in
1338 1860 1459 1899 eam
1530 1847 1698 1916 ligno.
1742 1863 1929 1916 quern-

2044 1845 2203 1899 έϐαλε
2232 1813 2483 1914 πότιμον,
2521 1813 2680 1912 ξύλον
2700 1813 2882 1915 ’βάψας
3200 1813 3390 1915 ὥσπε
3418 1813 3498 1914 δὴ.
3522 1843 3617 1895 καὶ

354 1936 647 1991 admodum
677 1937 885 1991 scilicet
914 1937 1173 2005 etjussus
1204 1936 1402 1990 fuerat.
1456 1936 1649 1992 Manna
1693 1939 1943 2008 praedixit

354 2029 653 2098 pluiturum
690 2029 856 2084 Deum
896 2030 947 2082 in
978 2028 1194 2083 deserto
1221 2028 1287 2082 ad
1329 2030 1508 2099 populi
1563 2031 1937 2097 ttutritionem,

355 2128 518 2190 atque
546 2121 617 2173 ita
652 2119 852 2174 evenit.
880 2116 1319 2189 Ortygometram
1374 2120 1747 2175 devolaturam
1797 2135 1940 2189 pra:-

353 2212 561 2277 dicens,
587 2214 1004 2281 concupiscente
1033 2214 1233 2282 populo
1259 2213 1590 2267 manducare
1618 2227 1833 2277 carnes,
1863 2213 1938 2267 ita

350 2294 409 2358 't'n
445 2304 538 2359 Dei
564 2305 928 2375 cognitionem
952 2305 1249 2374 ipsummet
1276 2306 1537 2375 pupulum
1565 2306 1825 2361 erudivit.
1859 2305 1938 2359 Ex

354 2395 507 2450 arida
542 2406 692 2465 petra
730 2395 929 2451 baculo
976 2410 1262 2466 percussa,
1321 2396 1619 2452 ﬂuvialium
1674 2412 1938 2468 aquarum

355 2488 634 2557 cupiosum
660 2488 862 2543 ﬂuxum
886 2488 1173 2546 derivavit.
1199 2489 1455 2546 Manuum
1474 2490 1791 2546 extensione
1812 2490 1936 2545 belli

356 2580 644 2635 victoriam
678 2580 942 2636 adversus
974 2580 1271 2637 irruentem
1300 2581 1723 2647 Amaleciwum
1781 2596 1938 2637 exer-

355 2674 526 2728 citum
597 2674 798 2745 populo
822 2677 1173 2746 comparavit.

430 2765 626 2836 Legem
661 2782 693 2821 a
724 2767 834 2823 Deo
876 2770 1087 2839 accepit
1129 2771 1184 2825 in
1241 2770 1445 2843 duplici
1496 2771 1677 2827 tabula
1728 2771 1939 2828 deseri-

354 2865 526 2926 ptatn,
552 2864 843 2926 postquam
873 2858 1236 2928 quadraginta
1257 2859 1564 2929 jejunasset
1586 2859 1704 2916 dies
1733 2878 1746 2915 :
1771 2869 1937 2931 atque

355 2962 575 3001 rursum
610 2958 829 3019 propter
858 2949 1041 3020 populi
1079 2951 1434 3022 impietatem,
1472 2951 1662 3008 fractis
1702 2952 1810 3008 illis
1850 2953 1936 3007 di-

2042 1938 2345 1993 ἐκελεύετο.
2373 1940 2563 1993 Μάννα
2588 1940 2814 2009 προεῖπε
2836 1937 2950 1992 ὕειν
2971 1938 3061 1992 τὸν
3088 1937 3221 1990 Θεὸν
3248 1940 3307 1991 ἐν
3328 1940 3395 2010 τῇ
3422 1936 3616 2006 ἐρήμῳ

2041 2034 2121 2097 είς
2171 2031 2271 2102 τὴν
2316 2030 2413 2085 τοῦ
2459 2031 2592 2085 λαοῦ
2643 2030 2961 2102 διατροφὴν,
3022 2032 3117 2084 καὶ
3157 2029 3328 2092 οὕτως
3383 2030 3613 2097 ἐγίνετο.

2051 2123 2500 2196 Ὀρτυγομήτραν
2525 2122 2894 2177 καθίπτασθαι
2917 2119 3212 2193 προειπὼν,
3239 2119 3615 2190 ἐπιθυμήσαν-

2039 2233 2129 2279 τος
2157 2216 2296 2285 κρέα
2326 2218 2522 2283 φαγεῖν
2553 2214 2647 2268 τοῦ
2677 2213 2832 2277 λαοῦ,
2866 2214 2946 2277 είς
2986 2213 3313 2280 θεογνωσίαν
3361 2211 3452 2264 τὸν
3484 2210 3613 2264 λαὸν

2040 2305 2433 2375 ἐπαιδαγώγει.
2472 2307 2565 2360 Ἐκ
2592 2305 2764 2377 ξηρᾶς
2801 2307 3007 2377 πέτρας
3057 2305 3239 2377 ῥάϐδῳ
3288 2304 3612 2375 πληγείσης.

2041 2400 2321 2469 ποταμίων
2362 2399 2572 2455 ὑδάτων
2616 2399 2811 2471 ἀθρόον
2868 2398 3025 2470 ῥύσιν
3058 2401 3358 2469 προήκατο.
3396 2396 3611 2467 Χειρῶν

2039 2492 2259 2546 ἐκτάσει
2284 2492 2523 2562 πολέμου
2546 2491 2730 2561 νίκην.
2761 2491 2905 2545 κατὰ
2925 2491 3017 2547 τοῦ
3038 2492 3356 2555 ἐπελθόντος
3375 2491 3610 2561 στρατοῦ

2038 2583 2134 2638 τοῦ
2186 2583 2455 2656 Ἀμαλὴκ,
2488 2585 2564 2654 τῷ
2597 2583 2712 2655 λαῷ
2736 2584 3055 2655 εἰργάσατο.

2107 2763 2292 2835 Νόμον
2345 2762 2564 2829 ἐδέξατο
2591 2762 2740 2834 παρὰ
2765 2762 2901 2816 Θεοῦ
2954 2762 3011 2816 ὲν
3040 2760 3286 2833 διπτύχῳ
3330 2760 3609 2832 γραφέντα

2038 2857 2209 2912 πλακὶ
2238 2857 2651 2927 τεσσαράκοντα
2700 2855 3003 2928 νηστεύσας
3048 2856 3285 2926 ἡμέρας,
3317 2857 3409 2908 καὶ
3450 2854 3609 2907 πάλιν

2034 2951 2125 3006 διὰ
2151 2951 2253 3021 τὴν
2284 2950 2379 3004 τοῦ
2405 2950 2533 3003 λαοῦ
2561 2950 2905 3015 δυσσέϐειαν,
2938 2950 3037 3014 τὰς
3080 2950 3450 3019 θεογράπτους
3482 2964 3609 3002 συν-

356 3039 556 3097 vinitus
586 3041 872 3113 descriptis
904 3043 1121 3106 tabulis,
1150 3043 1347 3099 iterum
1375 3045 1677 3101 ascendens
1705 3045 1757 3099 in
1779 3059 1929 3100 mon-

2035 3042 2234 3113 τρίψας
2285 3040 2518 3107 πλάκας,
2554 3040 2804 3111 δεύτερον
2834 3039 3031 3104 ἐπιϐάς
3074 3040 3151 3109 τῷ
3176 3041 3307 3111 Σινᾷ
3343 3039 3481 3111 ὄρει,
3515 3038 3609 3094 καὶ

354 3140 459 3187 tem
490 3132 643 3200 Sina,
675 3150 799 3190 cum
822 3135 1075 3192 similiter
1092 3135 1395 3208 jejunasset
1455 3137 1591 3193 alios
1627 3139 1743 3194 dies
1799 3153 1929 3208 qua-

2035 3133 2338 3205 νηστεύσας
2363 3134 2564 3204 ὁμοίιος
2597 3134 2763 3197 ἄλλας
2802 3134 3014 3205 ἡμέρας
3044 3133 3474 3203 τεσσαράκοντα,
3515 3133 3608 3186 τὸν

352 3225 622 3296 draginta,
646 3226 818 3298 legem
842 3229 1039 3283 iterum
1072 3232 1366 3300 reportavit
1384 3229 1437 3285 in
1468 3230 1536 3287 iis
1562 3230 1781 3295 tabulis,
1799 3245 1929 3301 quas

2045 3230 2211 3300 νόμον
2226 3231 2283 3282 ὲν
2303 3223 2389 3292 αἷς
2413 3228 2706 3299 ἀνεκόμισε
2726 3226 2992 3293 λαξεύσας
3012 3225 3226 3292 πλαξὶν,
3249 3226 3604 3280 ἀνενεώσατο.

351 3331 415 3371 ex
448 3317 622 3387 lapide
653 3319 867 3375 excisas
899 3335 1087 3376 secum
1127 3322 1448 3378 adduxerat.
1483 3322 1779 3378 Descendit
1811 3323 1929 3392 glo-

2036 3322 2109 3376 Τὸ
2156 3323 2447 3391 πρόσωπον
2503 3322 2707 3392 κατέϐη
2752 3321 3153 3391 δεδοξασμένος,
3200 3320 3275 3383 ὡς
3323 3321 3461 3389 μήτε
3514 3319 3607 3371 τὶν

355 3407 598 3463 t-iticatus
641 3407 780 3465 facie
807 3411 963 3478 adeo,
1007 3420 1067 3466 ut
1094 3428 1162 3467 ne
1189 3416 1422 3485 populus
1474 3415 1694 3484 quidem
1753 3423 1929 3484 posset

2034 3416 2162 3469 λαὸν
2193 3416 2384 3484 ὲνορᾷν
2417 3413 2564 3484 αύτῷ
2588 3413 2873 3466 δύνασθαι.
2909 3414 3016 3467 Καὶ
3034 3413 3195 3477 αὐτὸς
3220 3413 3277 3466 δὲ
3310 3412 3606 3482 νομοθέτης

356 3494 410 3548 in
440 3512 563 3550 eum
591 3497 765 3551 aciem
791 3499 1091 3554 intendere.
1134 3499 1252 3570 Ipse
1280 3505 1443 3558 etiam
1488 3504 1765 3574 legislator
1836 3504 1929 3559 fuit

2034 3507 2120 3560 ἐπὶ
2157 3509 2292 3560 πᾶσι
2316 3508 2427 3570 τοῖς
2455 3504 2790 3575 δικαιώμασι
2819 3504 2912 3558 τοῦ
2939 3504 3069 3559 λαοῦ
3095 3505 3410 3577 γεγένηται.
3444 3505 3606 3568 Θείας

356 3589 604 3641 omnium
627 3587 833 3656 jurium
862 3590 1070 3661 populi.
1129 3592 1353 3649 Divinas
1402 3595 1639 3651 visiones
1684 3596 1929 3666 accipere

2033 3601 2297 3665 ὀπτασίας
2326 3602 2476 3671 παρά
2508 3600 2717 3664 πάντας
2746 3601 2874 3664 τοὺς
2894 3602 3178 3671 προφήτας
3211 3601 3459 3669 ἠξίωται.
3492 3600 3605 3670 Τῆς

353 3693 465 3748 pra:
494 3678 761 3735 universis
789 3681 1069 3751 prophetis
1101 3683 1357 3754 dignatus
1392 3697 1497 3742 est.
1544 3686 1928 3744 Intellectualis

2033 3695 2226 3762 νοερᾶς
2282 3693 2469 3755 οὐσίας
2516 3693 2862 3762 θαυμαστοὺς
2903 3693 3263 3763 χαρακτῆρας
3316 3694 3603 3759 ἐθεάσατο,

352 3767 672 3823 substantia:
688 3769 1040 3828 admirandos
1072 3772 1418 3832 characteres
1445 3778 1799 3847 conspicatus
1825 3789 1928 3845 est,

2033 3785 2169 3857 πρὸς
2193 3783 2286 3848 οὒς
2308 3785 2406 3855 τὴν
2437 3785 2589 3855 ἱεράν
2610 3784 2814 3855 σκηνὴν
2840 3784 3271 3849 κατασκευάζειν
3300 3782 3600 3839 ἐκελεύετο.

353 3858 423 3915 ad
453 3874 690 3930 quorum
746 3862 1015 3918 rationem
1053 3879 1273 3921 sacrum
1321 3868 1733 3925 tabernaculum
1795 3885 1930 3926 con-

351 3962 564 4008 Struere
586 3951 777 4023 jussus
807 3955 930 4009 fuit.

425 4045 659 4103 Sacrum
724 4050 1138 4108 tabernaculum
1186 4054 1349 4110 veluti
1410 4054 1643 4109 formam
1706 4054 1927 4110 intelle-

351 4138 553 4195 ctualis
590 4140 843 4197 essentia:
902 4142 1207 4201 fabricavit.
1238 4144 1468 4201 Sacrum
1521 4146 1782 4210 chrisma,
1832 4162 1927 4216 per

350 4231 499 4300 quod
562 4234 925 4291 sacerdotium
981 4238 1236 4305 initiavit,
1280 4239 1610 4308 composuit.
1663 4238 1922 4295 Summas

355 4324 667 4381 sacerdotes
700 4329 1206 4387 creavitAaronem
1236 4331 1461 4386 fratrem
1512 4330 1740 4402 ejusque
1790 4332 1923 4387 libe-

348 4430 464 4482 ros,
511 4433 607 4487 per
638 4419 769 4474 illud
800 4420 1042 4477 chrisma
1103 4424 1249 4493 quod
1303 4422 1638 4479 confecerat.
1687 4424 1922 4479 Sacrum

2102 4045 2216 4116 Τὴν
2266 4045 2420 4115 ἱεράν
2483 4041 2689 4115 σκηνὴν
2742 4042 3035 4109 ἀντίτυπον
3083 4039 3182 4109 τῆς
3238 4042 3429 4114 νοερᾶς
3476 4058 3601 4094 κατ-

2026 4140 2322 4194 εσκεύασεν
2344 4139 2549 4201 ούσίας.
2580 4137 2651 4191 Τὸ
2690 4139 2832 4209 ἱερὸν
2863 4138 3092 4208 χρίσμα,
3150 4137 3208 4188 ἐν
3238 4129 3281 4206 ᾧ
3321 4137 3418 4205 τὴν
3445 4139 3602 4208 ἱερω-

2028 4233 2194 4303 σύνην
2230 4233 2518 4295 καθεσθεὶς
2575 4231 2724 4304 [sic],
2763 4231 3081 4301 συνέθηκεν.
3128 4230 3442 4300 Ἀρχιερέας
3489 4231 3596 4281 ἁπ-

2026 4327 2194 4391 έδειξε
2228 4328 2316 4379 τὸν
2347 4326 2574 4393 ἀδελφὸν
2615 4323 2823 4394 Ἀαρὼν
2863 4324 2957 4377 κο.)⁸
3002 4323 3128 4385 τοὺς
3159 4322 3347 4376 τούτου
3382 4323 3596 4388 παῖδας,

2027 4419 2097 4473 δι’
2140 4414 2202 4471 οὗ
2230 4417 2603 4471 κατεσκεύασε
2658 4416 2982 4487 χρίσματος.
3014 4416 3126 4486 Τὴν
3188 4414 3336 4484 ἱερὰν
3393 4416 3598 4486 σκηνὴν

350 4506 763 4561 tabernaculum
791 4517 845 4563 et
868 4524 1210 4581 quacunque
1262 4512 1318 4567 in
1359 4514 1479 4584 ipso
1521 4523 1680 4568 erant
1730 4522 1920 4569 sancto

2033 4513 2120 4566 καὶ
2160 4511 2337 4565 πάντα
2391 4512 2459 4564 τά
2512 4514 2569 4565 ἐν
2617 4512 2755 4582 αὐτῇ
2788 4510 2865 4582 τῷ
2894 4508 3036 4580 ἁγίῳ
3094 4507 3356 4579 χρίσματι
3402 4509 3598 4579 χρίσας

347 4597 643 4655 chrismate
667 4614 876 4670 ungens
899 4603 1278 4659 sanctiﬁcavit.

416 4688 716 4744 Sabbatum
772 4692 889 4762 ipse
923 4694 1134 4763 primus
1189 4696 1477 4764 stabilivit,
1534 4697 1920 4756 demonstrans

345 4778 477 4835 illud
510 4794 607 4851 per
648 4782 921 4854 duplicem
952 4802 1166 4843 manna:
1196 4792 1595 4859 collectionem,
1652 4802 1707 4847 et
1741 4794 1923 4849 incoro

344 4882 559 4941 ruptam
595 4875 717 4945 ejus
754 4882 1249 4947 conservationem,
1280 4899 1403 4939 cum
1454 4895 1613 4940 antea
1671 4885 1917 4956 ignotum

342 4976 508 5021 esset.
546 4965 682 5024 Tres
715 4969 833 5041 lege
877 4983 1050 5029 statas
1110 4976 1483 5032 sulemnitates
1527 4978 1725 5048 populo
1782 4994 1918 5048 prae-

341 5060 566 5131 scripsit
604 5064 901 5131 quotannis
931 5066 1305 5124 celebrandas.
1343 5067 1398 5122 In
1437 5084 1531 5125 eos
1563 5072 1656 5142 qui
1687 5072 1912 5127 vitulum

293 5191 303 5231 .l
341 5153 718 5210 conﬂaverant
752 5156 1140 5213 animadvertit
1171 5176 1266 5231 per
1292 5172 1641 5219 accurrentes
1671 5164 1796 5231 sibi,
1828 5165 1913 5220 in-

343 5246 586 5302 terfectis
627 5249 801 5305 tribus
834 5251 1243 5307 obstinatorum
1294 5255 1556 5313 millibus.

410 5335 620 5407 Populo
658 5339 803 5409 leges
864 5342 1007 5397 tulit.
1069 5342 1385 5399 Numeravit
1418 5346 1580 5401 etiam
1623 5345 1838 5403 Levitas
1881 5362 1913 5403 a

295 5430 307 5519 ς
339 5430 538 5500 populo
570 5446 885 5489 secernens.
930 5435 1003 5491 De
1029 5438 1313 5494 sacrificiis
1340 5439 1612 5511 agitandis
1636 5441 1745 5496 illis
1782 5456 1915 5513 prae-

341 5531 501 5591 cepta
542 5523 713 5588 dedit,
751 5534 805 5580 et
834 5526 900 5581 de
931 5530 1232 5598 gestatione
1258 5533 1399 5586 sacri
1437 5533 1798 5596 tabernaculi,
1860 5540 1914 5587 et

339 5614 408 5669 de
440 5614 581 5671 bene
603 5617 853 5673 ordinata
877 5620 1235 5688 profectione.
1278 5624 1459 5694 Ignem
1492 5640 1659 5694 super
1714 5624 1907 5689 altare,

341 5706 432 5760 ubi
458 5708 691 5777 primum
720 5711 859 5765 ritus
892 5713 1168 5782 religionis
1192 5730 1536 5779 processere,
1561 5716 1782 5769 cmlitus
1815 5714 1913 5768 de-

339 5800 685 5856 scendentem
721 5804 980 5870 ostendit,
1007 5806 1097 5875 qui
1135 5814 1189 5861 et
1228 5806 1585 5862 inexstinctus
1616 5805 1905 5860 remansit.

2025 4608 2243 4680 ἡγίασε.

2094 4699 2370 4753 Σάϐϐατον
2424 4698 2588 4762 αὐτὸς
2643 4696 2858 4769 πρῶτος
2912 4697 3173 4767 ὡρίσατο,
3225 4695 3399 4762 δείξας
3440 4696 3593 4761 αὐτὸ,

2021 4791 2108 4845 διὰ
2142 4792 2241 4861 τῆς
2276 4790 2469 4860 διπλῆς
2513 4790 2745 4860 ἐκλογῆς
2778 4789 2873 4843 τοῦ
2932 4790 3130 4859 μάννα,
3186 4788 3277 4841 καί
3320 4791 3414 4857 τῆς
3464 4792 3597 4859 ἀσή-

2021 4900 2158 4936 πτου
2218 4883 2480 4954 διαμονῆς
2531 4880 2723 4947 αὑτοῦ,
2780 4882 2842 4934 ού
2899 4880 3169 4953 πρότερον
3228 4881 3591 4951 ἐγνωσμένον.

2021 4976 2184 5046 Τρεῖς
2242 4976 2512 5045 νομίμους
2584 4975 2775 5045 ἑορτὰς
2836 4972 2915 5043 τῷ
2972 4973 3084 5042 λαῴ
3141 4973 3428 5044 παρέδωκε
3498 4974 3592 5028 τοῦ

2019 5069 2270 5126 ἐνιαυτοῦ
2302 5069 2602 5141 ἑορτάζειν.
2639 5068 2779 5131 Τοὺς
2830 5068 3335 5138 μοσχοποιησαντας
3384 5070 3591 5137 ὲτιμω·

2019 5165 2224 5236 ρήσατο
2252 5164 2340 5216 διὰ
2368 5164 2476 5214 τῶν
2526 5160 3089 5232 προσδεδραμηκότων
3141 5160 3309 5232 αὐτῷ,
3374 5177 3591 5233 τρισχι-

2017 5255 2167 5319 λίους
2196 5257 2324 5317 τοὺς
2348 5254 2819 5325 ἀνεπιστρέπτους
2846 5252 3200 5316 ἀποκτείνας.

2087 5346 2193 5399 Τὸν
2226 5345 2354 5398 λαὸν
2409 5344 2823 5415 ἐνομοθέτησεν.
2891 5344 3269 5417 ’Ᾱπηρίθμησε
3313 5346 3408 5399 καὶ
3461 5345 3589 5409 τοὺς

2016 5437 2250 5497 Λευῖτας
2298 5435 2393 5489 ἀπ’
2424 5436 2603 5490 αὐτῶν
2647 5434 2857 5492 διελών.
2890 5437 3024 5508 Περὶ
3055 5436 3258 5491 θυσιῶν
3287 5438 3468 5501 αὐτοῖς
3502 5436 3587 5489 δι-

2016 5526 2266 5592 ετάξατο,
2285 5528 2377 5579 καὶ
2397 5527 2690 5599 ἀπάρσεως
2706 5528 2804 5599 τῆς
2830 5528 2980 5598 ίερᾶς
3004 5527 3230 5599 σκηνῆς,
3244 5530 3337 5581 καὶ
3361 5528 3588 5598 πορείας

2016 5619 2302 5673 εὐτάκτου.
2341 5620 2461 5693 Πύρ
2482 5621 2576 5674 ἐπὶ
2596 5621 2657 5674 τὸ
2688 5620 3097 5692 θυσιαστήριον,
3132 5625 3273 5675 κατὰ
3301 5624 3399 5692 τὴν
3429 5620 3585 5691 πρώο

2012 5728 2113 5781 την
2140 5713 2367 5784 πρόοδον
2409 5715 2469 5780 ἐξ
2525 5715 2758 5786 ούρανοῦ
2813 5715 3314 5786 καταϐιϐαζόμενον
3361 5714 3581 5780 ἔδειξεν,

2011 5805 2041 5859 ὃ
2072 5807 2166 5862 καὶ
2196 5807 2467 5880 διέμεινεν
2502 5810 2790 5867 ἄσϐεστον.
2824 5810 2965 5876 Τοὺς
2994 5812 3445 5881 προσαγαγόντας
3481 5811 3581 5864 οὐκ
