4050 6584
300 348 420 408 πιθε)

1520 348 1894 407 LIBEL[.US
1932 346 2432 407 MEMORIALIS.

3527 343 3602 407 70

351 464 417 519 ἐκ
452 458 643 514 τούτου
686 459 887 529 πυρὸς,
925 458 1113 512 Ναδὰϐ
1169 460 1261 512 καὶ
1305 457 1519 512 Ἀϐιοὺδ
1556 460 1683 520 τοὺς
1742 458 1925 529 ἀρχιεο

2036 454 2332 512 Οίῐυτοιιιεε
2362 472 2428 511 ex
2456 471 2562 511 non
2600 454 2707 511 isto
2736 454 2857 526 igne
2892 453 3078 511 Nadab
3110 463 3164 511 et
3197 454 3375 509 Abiud
3410 469 3598 511 sacer-

350 554 485 619 ρεῖς,
514 548 765 621 θεηλάτῳ
791 550 976 621 πληγῇ
1001 551 1413 613 καταπεσόντας
1443 549 1716 613 ἀπέδειξε.

418 730 696 802 Καθαρῶν
720 732 817 787 καὶ
848 731 925 801 μὴ
957 729 1217 801 καθαρῶν
1248 729 1401 794 ζώων
1433 728 1707 802 διάκρισιν
1734 728 1924 799 ἐποιή-

352 842 499 880 σατο.
548 824 722 894 ’Υπὲρ
787 825 1075 895 ἁμαρτιῶν
1128 822 1337 887 λύσεως
1383 822 1484 885 τὰς
1535 822 1929 892 ἀφωρισμένας

354 918 541 980 Θυσίας
572 917 804 981 ἐπέταξε
835 917 946 969 δεῖν
979 914 1375 986 προσάγεσθαι.
1406 914 1641 985 Λεπρῶν
1675 915 1769 967 καὶ
1802 916 1931 967 ἀνα-

355 1013 544 1081 πήρων
598 1010 902 1081 διακρίσεις
952 1009 1062 1063 ἀπὸ
1120 1008 1222 1079 τῆς
1255 1009 1409 1079 ἱερᾶς
1448 1009 1776 1076 συναγωγῆς
1826 1006 1930 1058 ὑπ-

340 1104 551 1169 έδειξε,
572 1102 667 1156 καὶ
688 1102 818 1173 περὶ
846 1101 1168 1172 καθάρσεως
1195 1100 1373 1154 αὐτῶν
1407 1099 1529 1153 τίνα
1558 1097 1930 1169 προσάγεσθαι

337 1197 447 1249 ικαὶ
478 1197 629 1257 ὅπως
681 1192 787 1264 χρὴ
834 1192 1140 1257 διετάξατο.
1190 1192 1329 1255 Τοὺς
1368 1190 1738 1262 Ἀμορραίους
1771 1190 1929 1242 ἀναι-

356 1291 497 1357 μωτὶ
529 1285 833 1348 κατελθὼν,
858 1285 956 1354 τὴν
981 1287 1085 1355 γῆν
1108 1285 1289 1338 αὐτῶν
1318 1286 1438 1347 ταῖς
1472 1284 1566 1337 δύο
1603 1281 1799 1352 φυλαῖς
1833 1280 1928 1335 τοῦ

370 1380 589 1432 Ῥουϐὶν
607 1380 700 1433 καὶ
722 1377 816 1432 τοῦ
848 1379 954 1432 Γὰδ
980 1377 1278 1447 ἀπένειμεν
1306 1378 1382 1438 είς
1407 1375 1664 1446 κλήρους.
1692 1374 1794 1427 Τὸν
1822 1373 1930 1428 τῶν

352 1472 703 1529 Μαδιανιτῶν
739 1472 919 1525 ἀνεῖλε
962 1470 1208 1541 βασιλέα,
1241 1471 1337 1523 καὶ
1357 1470 1449 1522 τὸν
1475 1471 1670 1541 μάντιν
1697 1468 1931 1540 Βαλαὰμ

354 1563 806 1635 κακοσύμϐουλον
861 1562 1011 1633 αὐτῷ
1076 1563 1218 1616 κατὰ
1270 1560 1366 1615 τοῦ
1415 1561 1548 1615 λαοῦ
1615 1562 1930 1632 γενόμενον.

354 1656 496 1719 Τοὺς
549 1653 908 1717 τελεσθέντας
940 1653 1020 1723 τῷ
1058 1652 1385 1725 Βεελφεγὼρ
1409 1655 1475 1706 ἐκ
1506 1652 1597 1706 τοῦ
1645 1652 1775 1705 λαοῦ
1819 1651 1934 1705 δισ-

365 1751 594 1822 μυρίους
648 1748 1116 1819 τετρακισχιλίους
1132 1746 1661 1820 ἀναιρεθησομένους
1680 1746 1929 1815 προεῖπε.

426 1924 659 1995 Σημεῖον
685 1925 781 1978 καὶ
802 1922 973 1976 τύπον
1000 1920 1100 1976 τοῦ
1130 1920 1399 1994 σωτηρίου
1426 1921 1659 1992 σταυροῦ
1697 1921 1755 1972 ἐν
1778 1912 1932 1990 ᾧπερ

356 2017 654 2087 ἀνέστησεν
683 2016 805 2086 ὄφει
828 2014 1014 2086 χαλκῷ
1042 2014 1509 2088 προκατεϐάλετο,
1546 2009 1590 2082 ᾧ
1640 2013 1934 2085 προσέχον-

355 2125 444 2173 τες
466 2110 513 2161 oi
542 2108 865 2179 δακνόμενοι
898 2108 1003 2161 ὑπὸ
1027 2107 1136 2161 τῶν
1161 2107 1339 2177 ὄφεων
1365 2107 1464 2161 οὐκ
1486 2105 1827 2161 ἀπώλλυντο.

428 2293 598 2346 Πέντε
640 2291 859 2362 βίϐλους
888 2290 966 2362 τῷ
1009 2289 1125 2362 λαῷ
1155 2288 1463 2357 συνέταξεν,
1487 2289 1565 2352 εἷς
1604 2306 1664 2343 τε
1696 2288 1927 2359 μελέτην

354 2385 577 2455 διηνεκῆ
624 2384 720 2439 καὶ
745 2383 1101 2437 διδασκαλίαν
1127 2382 1304 2451 λόγων
1350 2383 1535 2454 ἱερῶν,
1577 2383 1671 2436 καὶ
1711 2385 1933 2454 μνήμην

355 2477 461 2530 τῶν
493 2476 635 2547 ὑπὲρ
667 2475 850 2531 αὐτῶν
882 2475 975 2529 καὶ
1021 2476 1099 2541 είς
1138 2475 1335 2539 αὐτοὺς
1377 2474 1786 2545 γεγενημένων,
1839 2474 1934 2527 καὶ

362 2568 700 2639 προφητείαν
719 2566 829 2619 τῶν
863 2565 1123 2619 ἐπιόντων
1154 2566 1337 2628 αὐτοῖς
1359 2563 1567 2629 δεινῶν,
1594 2563 1839 2635 ῥᾳθυμίᾳ
1870 2580 1929 2616 τε

357 2659 465 2713 ἀπὸ
491 2659 588 2729 τῆς
607 2658 915 2725 εὐσεϐείας,
944 2658 1040 2710 καὶ
1064 2656 1352 2711 ἀποκλίσει
1373 2659 1439 2727 τῇ
1465 2656 1559 2709 ἐπὶ
1588 2656 1931 2720 δυσσέϐειαν,

360 2754 670 2806 κατέλιπεν.
727 2750 886 2805 Ἀλλὰ
934 2752 1029 2805 καὶ
1083 2749 1226 2821 ᾠδὴν
1258 2749 1465 2812 αὐτοῖς,
1524 2749 1661 2819 μετα
1702 2748 1800 2819 τὴν
1842 2749 1931 2800 ἐπὶ

357 2846 452 2915 τὴν
475 2844 564 2899 διὰ
597 2844 873 2916 θαλάσσης
906 2843 1181 2913 σωτηρίαν
1230 2840 1680 2911 καταλεχθεῖσαν,
1735 2840 1931 2909 ἑτέραν

355 2935 504 3011 ᾖσεν,
551 2937 627 3002 ὡς
656 2937 725 2990 τὰ
753 2936 880 3006 ἔθνη
926 2935 1397 3007 προτιμηθήσεται
1427 2933 1609 2986 αὐτῶν
1659 2934 1928 3002 δυσσεϐη-

360 3030 589 3094 σάντων,
621 3030 689 3082 τὰ
718 3029 959 3100 πρότερα
1012 3026 1271 3092 ἀσύνετα,
1304 3028 1398 3079 καὶ
1430 3027 1535 3079 ὑπὸ
1565 3025 1700 3078 Θεοῦ
1760 3042 1932 3095 προσ-

2028 552 2206 615 dotes,
2237 548 2500 605 divinitus
2549 548 2798 606 immisso
2832 549 3057 604 vulnere
3101 547 3488 604 occumbentes
3517 563 3606 603 os-

2030 640 2223 696 tendit.

2098 731 2427 786 lliundorum
2457 739 2512 787 et
2537 746 2645 786 non
2681 728 3011 785 mundorum
3047 731 3370 786 animalium
3408 729 3604 785 discri-

2028 842 2152 881 men
2181 825 2379 881 ellecit.
2413 824 2519 879 Pro
2546 832 2894 894 peccatorum
2943 823 3264 878 remissione
3306 824 3605 878 constituta

2032 918 2302 974 sacriﬁcia
2344 918 2597 995 prmcepit
2626 916 2808 970 oll‘erri
2845 926 3120 985 oportere.
3152 914 3514 985 Leprosorum
3541 928 3607 970 ac

2031 1013 2244 1068 defectu
2271 1012 2636 1067 laborantium
2678 1010 3014 1066 secretiones
3063 1024 3094 1062 a
3127 1023 3288 1062 sacro
3316 1017 3459 1063 coetu
3502 1009 3602 1063 ob-

2032 1104 2330 1161 servandas
2351 1103 2541 1167 edixit,
2568 1111 2731 1173 atque
2763 1116 2862 1172 pro
2883 1100 3196 1155 eorumdem
3227 1099 3606 1169 puritieatione

2032 1211 2154 1267 qua:
2209 1204 2265 1251 et
2328 1196 2606 1266 quomodo
2665 1193 2942 1249 oil‘erenda
3001 1201 3186 1247 essent
3250 1190 3604 1262 prmscripsit.

2030 1288 2363 1344 Amorrbazis
2386 1288 2505 1343 sine
2532 1302 2758 1342 suorum
2782 1287 3049 1357 sanguine
3080 1284 3346 1350 subactis,
3405 1294 3604 1338 terram

2036 1382 2256 1436 illorum
2292 1380 2508 1435 duabus
2537 1379 2787 1435 tribubus
2810 1378 3001 1433 Ruben
3035 1386 3091 1432 et
3166 1377 3281 1432 Gad
3326 1377 3378 1430 in
3424 1384 3604 1430 sortes

2032 1473 2339 1531 distribuit.
2378 1473 2793 1528 Madianitarum
2825 1486 3003 1541 regem
3046 1468 3286 1532 sustulit,
3316 1476 3607 1534 vatemque

2034 1566 2253 1622 Balaam
2286 1566 2507 1636 pessimi
2543 1566 2683 1636 apud
2710 1580 2832 1618 eum
2865 1574 3143 1618 auctorem
3170 1559 3385 1615 consilii
3411 1558 3606 1612 adver-

2034 1675 2131 1714 sus
2156 1659 2441 1729 populum.
2469 1656 2717 1712 Initiatos
2748 1655 3110 1725 lieelpbegoro
3139 1668 3205 1706 ex
3235 1651 3453 1722 populo,
3510 1650 3605 1721 qni

2035 1752 2101 1807 ad
2132 1751 2323 1822 viginti
2354 1758 2589 1822 quatuor
2614 1748 2782 1803 millia
2811 1756 2987 1813 erant,
3014 1744 3369 1801 internecioni
3399 1743 3609 1820 dandos

2032 1845 2307 1918 praedixit.

2109 1938 2333 2010 Signum
2366 1952 2431 1993 ac
2463 1946 2649 2008 typum
2699 1931 2995 1990 salutifera:
3020 1931 3202 1986 crucis
3257 1931 3312 1984 in
3346 1937 3600 1984 anteces-

2038 2048 2161 2089 sum
2192 2030 2441 2086 exltibuit
2472 2030 2524 2083 in
2550 2044 2615 2083 eo
2650 2041 2811 2097 quem
2843 2024 3017 2081 erexit
3069 2039 3221 2078 mneo
3272 2029 3523 2091 serpente
3588 2034 3605 2073 :

2035 2126 2090 2179 in
2125 2139 2287 2194 quem
2322 2122 2665 2178 intendentes
2710 2118 2804 2189 qni
2842 2132 2873 2171 a
2897 2104 3241 2186 serpentibus
3288 2113 3457 2168 morsi
3491 2110 3608 2167 fuc-

2034 2224 2179 2278 rant,
2211 2229 2316 2269 non
2360 2212 2678 2265 interibant.

2106 2306 2361 2373 Quinque
2400 2305 2569 2358 libros
2601 2302 2801 2372 populo
2830 2300 3157 2371 composuit,
3191 2313 3328 2367 quos
3389 2296 3469 2350 eis
3519 2310 3605 2349 re-

2034 2399 2195 2470 liquit
2232 2399 2296 2452 ad
2326 2397 2511 2468 jugem
2564 2392 2971 2449 meditationem
3003 2406 3066 2445 ac
3118 2388 3462 2459 disciplinam
3520 2402 3609 2441 sa-

2035 2507 2257 2547 crorum
2287 2502 2626 2551 sermonum,
2657 2485 2724 2541 ad
2754 2484 3074 2539 memoriam
3110 2483 3239 2537 item
3266 2495 3456 2535 eorum
3486 2493 3609 2549 quae

2034 2600 2133 2655 pro
2179 2582 2311 2652 ipsis
2355 2581 2437 2636 vel
2496 2589 2687 2634 contra
2738 2578 2887 2649 ipsos
2927 2576 3065 2630 facta
3100 2584 3246 2640 sunt,
3283 2572 3336 2627 in
3375 2571 3609 2642 prOplte-

2035 2675 2164 2729 tiam
2194 2688 2409 2742 quoque
2430 2671 2858 2726 obventurorum
2884 2666 3016 2737 ipsis
3045 2664 3335 2729 malorum,
3368 2662 3484 2717 sive
3537 2659 3609 2715 ob

2035 2766 2349 2823 socordiam
2382 2764 2436 2819 in
2465 2765 2626 2818 rebus
2657 2761 2957 2833 religionis,
3000 2760 3115 2815 sive
3169 2757 3241 2812 ob
3283 2753 3610 2828 propensio-

2036 2876 2158 2914 nem
2194 2859 2247 2913 in
2281 2857 2634 2928 impietatem.
2669 2856 2809 2922 Quin
2841 2853 3005 2909 etiam
3033 2866 3252 2908 carmen
3286 2850 3415 2917 illis,
3463 2863 3603 2919 pra:-

2037 2959 2118 3006 tcr
2148 2949 2274 3003 illud
2308 2947 2454 3019 quod
2490 2948 2777 3002 recitatum
2840 2942 3021 2998 fuerat
3050 2942 3120 2996 ob
3143 2938 3454 2993 erasionem
3515 2949 3610 3005 per

2037 3042 2278 3097 medium
2316 3056 2487 3102 mare,
2535 3039 2682 3092 aliud
2712 3036 2936 3095 cecinit.
2986 3035 3140 3088 aiens
3178 3038 3365 3102 gentes
3416 3029 3610 3099 praela-

357 3122 699 3192 ληφθήσεται
725 3120 860 3193 πρὸς
896 3119 1283 3191 παροργισμὸν
1310 3118 1509 3183 αὐτῶν,
1545 3120 1653 3170 τῶν
1695 3120 1788 3172 ἐπὶ
1812 3119 1929 3179 ταῖς

2038 3147 2153 3192 tum
2184 3136 2250 3189 iri
2287 3134 2422 3204 ipsis
2454 3134 2617 3202 impie
2656 3130 2971 3200 agentibus,
3007 3142 3129 3197 qua).
3162 3124 3313 3195 prius
3342 3120 3610 3191 insipien-

359 3213 580 3275 πολλαῖς
639 3212 1107 3284 εἰδωλολατρείαις
1141 3212 1598 3282 παροργισὰντων
1644 3210 1735 3263 τὸν
1777 3210 1928 3262 Θεόν.

362 3306 519 3358 Ἐστι
552 3305 706 3359 δὲτά
740 3306 901 3359 πέντε
952 3302 1118 3359 αὐτοῦ
1170 3303 1350 3375 βιϐλία
1401 3305 1638 3370 Γένεσις,
1690 3302 1928 3371 Ἐξοδος,

359 3396 661 3465 Λευῖτικδν,
706 3395 977 3468 Ἀριθμοὶ,
1019 3393 1465 3466 Δευτερονόμιον.

361 3732 604 3788 ΚΕΦΑΔ.
633 3730 711 3788 0'.
764 3760 833 3772 —-
868 3732 1005 3788 Τίνα
1044 3731 1117 3787 τὰ
1169 3730 1269 3787 διὰ
1349 3731 1553 3801 Ἰησοῦ
1598 3731 1707 3787 τοῦ
1759 3730 1930 3802 Nam";

428 3804 893 3859 ἐπιτελεσθέντα
941 3804 1182 3874 σημεῖα,
1220 3803 1319 3857 καὶ
1349 3804 1422 3858 δι’
1455 3805 1644 3859 αὐτοῦ
1699 3803 1778 3871 τῷ
1807 3805 1933 3872 λαῷ

430 3874 917 3945 κατεργασθέντα
951 3876 1243 3945 θαύματα.

429 4037 535 4089 Τὸν
578 4036 852 4107 Ἰορδάνην
880 4035 1148 4107 ποταμὸν,
1174 4036 1253 4099 είς
1276 4036 1338 4089 τὸ
1373 4035 1661 4107 παρελθεῖν
1694 4036 1786 4089 τὸν
1808 4036 1933 4090 λα’,ν

366 4130 458 4181 ἐπὶ
488 4128 586 4195 τὴν
613 4129 713 4197 τῆς
749 4129 1089 4196 ἐπαγγελίας
1123 4128 1249 4198 γῆν,
1274 4127 1459 4180 διεῖλε.
1490 4126 1705 4179 Δώδεκα
1729 4126 1932 4191 λίθους,

364 4222 507 4275 κατὰ
546 4220 778 4290 ἀριθμὸν
805 4220 912 4272 τῶν
945 4220 1153 4273 δώδεκα
1192 4218 1397 4288 φυλῶν,
1443 4220 1509 4271 ἐκ
1541 4217 1636 4270 τοῦ
1685 4217 1934 4289 ποταμοῦ

364 4311 799 4383 ἀνακομισθῆναι
835 4311 1128 4382 μεγάλους,
1163 4312 1243 4375 είς
1278 4310 1622 4382 μνημόσυνον
1648 4310 1935 4364 ἀποτεθει-

365 4408 558 4476 μένους
588 4405 665 4477 τῷ
692 4404 806 4476 λαῴ
838 4404 938 4475 τῆς
966 4404 1193 4477 πορείας
1231 4404 1421 4469 αὑτοῦ,
1447 4404 1546 4474 τῆς
1571 4402 1659 4457 διὰ
1681 4402 1777 4457 τοῦ
1837 4403 1936 4473 ξη-

2036 3241 2116 3287 tes
2148 3240 2325 3295 erant,
2373 3244 2601 3299 quasque
2629 3244 2656 3281 a
2694 3228 2801 3280 Deo
2831 3233 3184 3278 assumentur
3224 3220 3291 3274 ad
3344 3217 3607 3273 irritatio-

2034 3338 2159 3379 nem
2192 3323 2457 3393 ipsornm,
2490 3321 2686 3388 quippe
2730 3317 2822 3385 qui
2858 3314 3044 3369 multis
3105 3311 3428 3368 idololatriis
3474 3324 3605 3364 exa-

2034 3415 2377 3472 cerbaverint
2409 3412 2600 3466 lieum.
2658 3410 2799 3463 Sunt
2829 3423 2992 3477 porro
3043 3405 3285 3474 quinque
3308 3402 3430 3456 libri
3488 3399 3607 3469 ejus

2035 3507 2284 3569 Genesis,
2339 3506 2579 3569 Exodus,
2613 3502 2907 3562 Leviticus,
2958 3497 3200 3561 Numeri,
3269 3493 3610 3549 Deuterono—

2035 3603 2228 3659 mium.

2034 3754 2190 3813 CAP.
2226 3752 2394 3808 LXX.
2422 3781 2490 3791 --
2527 3750 2658 3816 Qua:
2685 3756 2805 3803 sunt
2852 3745 3121 3819 prodigia_
3152 3743 3216 3796 ab
3258 3740 3398 3819 gem
3459 3735 3609 3819 Nare

2105 3835 2424 3951 μοῖραι-αλιι,
2491 3813 2559 3879 (ι’
2592 3838 2684 3893 per
2740 3813 2905 3890 ipsum
2961 3813 3153 3887 populo
3213 3813 3400 3881 e/fccta
3439 3813 3607 3862 mira-

2103 3916 2165 3953 cu
2193 3917 2247 3953 ιι.

2105 4051 2393 4106 Jordanem
2436 4049 2656 4104 ﬂuvium
2689 4044 2890 4107 divisit,
2926 4052 2983 4096 ιιι
3012 4040 3244 4111 pOpulus
3268 4033 3524 4091 transiret
3553 4032 3607 4087 in

2039 4152 2241 4198 terram
2302 4141 2705 4212 promissionis.
2788 4135 3079 4190 Duodecim
3145 4130 3376 4200 lapides,
3446 4127 3604 4195 juxta

2036 4250 2324 4289 numerum
2360 4231 2646 4287 duodecim
2698 4230 2964 4290 tribuum,
3015 4238 3242 4293 magnos
3276 4236 3341 4274 ex
3388 4216 3611 4271 ﬂutttine

2039 4324 2221 4379 afferri
2278 4323 2464 4393 jussit,
2499 4320 2805 4390 deponique
2839 4333 2870 4372 a
2920 4315 3119 4387 populo
3177 4313 3231 4366 in
3285 4306 3607 4364 memoriam

2040 4416 2253 4471 itineris
2283 4417 2390 4481 sui,
2428 4415 2573 4485 quod
2605 4412 2912 4469 confecerat
2958 4424 3053 4479 per
3108 4404 3348 4461 medium
3425 4396 3608 4455 arefa-

366 4498 459 4568 ροῦ
496 4499 796 4569 γενομένου
829 4497 1102 4567 ποταμοῦ,
1132 4494 1487 4569 προσέταξεν.
1526 4497 1638 4559 Τὰς
1667 4496 1932 4567 ἐξήκοντα

2038 4520 2183 4567 ctum
2215 4510 2435 4563 ﬂumen.
2465 4508 2727 4563 Sexcenta
2760 4505 2929 4560 millia
2953 4500 3136 4573 p0puli
3168 4494 3394 4566 lapideis
3412 4489 3608 4563 gladiis

365 4592 631 4662 μυριάδας
662 4592 757 4644 τοῦ
802 4590 933 4645 λαοῦ
980 4589 1260 4661 πετρίναις
1282 4591 1577 4660 περιέτεμε
1611 4590 1929 4661 μαχαίραις.

359 4684 439 4737 Τὰ
474 4685 530 4736 ἐν
576 4682 788 4755 Ἰεριχὼ
823 4683 978 4753 τείχη
1018 4681 1334 4750 σαλπίγγων
1364 4684 1468 4754 ἠχῇ
1510 4682 1931 4752 κατεστρέψατο.

360 4776 464 4829 Τὸν
497 4777 926 4845 ἱεροσυλήσαντα
963 4775 1276 4844 Ἀχαραῖον,
1316 4774 1383 4827 δι’
1417 4775 1476 4827 ὃν
1502 4777 1530 4828 ὁ
1560 4773 1688 4838 λαδς
1713 4777 1931 4845 ἡττᾶτο,

361 4868 640 4939 κληρωτὸν
710 4869 1004 4940 ἀνεύρηκε,
1070 4867 1165 4919 καὶ
1217 4866 1554 4920 λιθόλευστον
1588 4869 1788 4923 ἀνεῖλε.
1825 4868 1936 4931 Τὰς

362 4962 545 5022 πόλεις
569 4959 677 5013 τῶν
703 4959 894 5024 ἐθνῶν,
927 4965 1021 5013 καὶ
1043 4960 1170 5022 τοὺς
1190 4958 1428 5028 βασιλεῖς
1460 4958 1639 5011 αὐτῶν
1665 4958 1936 5029 ἀναιμωτὶ

326 5054 723 5126 ὑπαρείληφεν.
792 5052 855 5105 Τ
860 5053 961 5125 πὲρ
1010 5052 1395 5118 Γαϐαωνιτῶν,
1456 5052 1563 5104 τῶν
1621 5051 1937 5121 αὐτομόλων

328 5128 337 5167 ι

324 5175 335 5231 l

322 5234 335 5325 ι

320 5332 334 5389 l

362 5146 437 5218 τῷ
457 5146 573 5217 λαῷ
604 5146 930 5215 γεγονότων,
966 5146 1241 5217 πολεμῶν,
1276 5148 1355 5209 είς
1388 5146 1601 5200 τελείαν
1645 5144 1803 5216 νίκην
1838 5145 1938 5217 τὴν

364 5238 503 5309 ὑπὲρ
530 5236 712 5291 αὐτῶν
736 5237 827 5290 τὸν
849 5236 1005 5307 ἡλίου
1027 5238 1227 5309 δρόμον
1254 5235 1475 5309 ἔστησε.

433 5330 567 5393 Ταῖς
622 5329 819 5399 φυλαῖς
876 5329 1017 5383 κατὰ
1071 5328 1308 5400 κλήρους
1342 5329 1522 5383 αὐτῶν
1572 5329 1670 5401 τὴν
1703 5331 1829 5401 γῆν,
1871 5332 1939 5401 ἦν

367 5422 688 5492 παρειλήφει
718 5422 869 5493 παρά
887 5422 995 5477 τῶν
1020 5421 1212 5485 ἐθνῶν,
1241 5422 1549 5492 κατένειμε.
1600 5422 1691 5493 Τῷ
1748 5440 1939 5477 πιστοο

364 5517 506 5587 τάτῳ
531 5516 709 5570 Χαλέϐ
744 5516 822 5587 τῷ
849 5516 943 5571 τοῦ
989 5518 1232 5589 Ἰεφωνῆ,
1266 5518 1357 5572 τὸν
1390 5517 1538 5584 ἄξιον
1589 5517 1754 5570 αὑτοῦ
1804 5518 1940 5590 κλῆο

369 5625 457 5677 ρον
490 5609 774 5680 ἀπένειμε.
803 5608 914 5680 Τὴν
947 5610 1135 5674 Ῥαὰϐ,
1168 5612 1267 5679 τὴν
1295 5613 1418 5690 robe;
1447 5611 1822 5669 κατασκόπους
1853 5611 1936 5664 δε-

369 5702 627 5772 ξαμένην,
682 5703 930 5774 ἐτίμησε,
986 5702 1064 5773 τῷ
1114 5702 1229 5775 λαῷ
1288 5704 1699 5772 συγκατατὰξας
1745 5707 1938 5776 αὐτὴν.

367 5794 489 5858 Τοῖς
522 5795 728 5865 ἱερεῦσι
780 5798 872 5851 καὶ
920 5797 1033 5860 τοῖς
1077 5796 1331 5862 Λευῖταις
1359 5797 1456 5861 τὰς
1488 5796 1672 5860 πόλεις
1730 5800 1824 5853 καὶ
1872 5801 1938 5853 τὰ

2040 4599 2403 4655 circumcidit.
2419 4595 2753 4653 Jericbuutis
2773 4608 2958 4649 muros
2975 4592 3226 4645 tubarum
3246 4598 3381 4640 sono
3394 4579 3607 4635 evertit.

2036 4693 2359 4748 Acbaraeum
2393 4690 2570 4747 iurem
2606 4688 2955 4760 sacrilegum,
2985 4692 3205 4757 propter
3236 4692 3397 4749 quem
3429 4688 3608 4744 p0pu‘

2039 4789 2125 4841 lns
2158 4786 2411 4841 hostibus
2444 4785 2829 4847 succubuerat,
2862 4796 2957 4852 per
2987 4787 3163 4834 sortes
3193 4770 3423 4834 invenit,
3457 4775 3509 4820 et
3532 4765 3612 4818 la-

2039 4881 2281 4951 pidatum
2318 4879 2435 4932 neci
2465 4878 2633 4931 dedit.
2663 4874 2920 4930 Gentium
2986 4871 3168 4933 urbes,
3226 4874 3280 4921 et
3316 4875 3469 4931 reges
3519 4872 3614 4951 eae

2040 4949 2161 5026 rum
2221 4972 2359 5024 citra
2418 4970 2738 5036 sanguinem
2781 4968 2943 5037 cepit.
2983 4964 3088 5018 Pro
3120 4957 3462 5018 Gabaonitis,
3516 4949 3609 5020 qui

2040 5079 2158 5119 st'se
2187 5073 2380 5133 sponte
2430 5064 2692 5117 dederant
2752 5058 2971 5130 populo,
3027 5056 3224 5110 bellum
3272 5064 3485 5122 gerens,
3540 5043 3609 5097 ad

2044 5152 2339 5225 perlectam
2366 5156 2649 5207 victoriam
2677 5166 2775 5224 pro
2794 5151 2898 5204 illis
2932 5145 3296 5206 referendam,
3327 5139 3461 5196 solis
3486 5150 3609 5189 cur-

2043 5262 2164 5301 sum
2200 5247 2358 5300 stitit.

2113 5337 2388 5393 Tribubus
2458 5352 2553 5408 per
2593 5346 2768 5392 sortes
2799 5350 2990 5391 earum
3059 5344 3281 5394 terram,
3336 5340 3497 5397 quam
3545 5320 3613 5375 de

2042 5432 2296 5504 gentibus
2335 5440 2642 5502 acceperat,
2691 5429 2989 5485 distribuit.
3042 5426 3336 5481 Fidissimo
3404 5414 3612 5474 Cbaleb

2040 5522 2301 5592 Jepbonis
2328 5522 2461 5589 tilio,
2501 5522 2720 5591 dignam
2767 5520 2860 5574 illo
2893 5518 3259 5573 bmt'editatem
3291 5507 3615 5581 assignavit.

2048 5614 2221 5679 Raab,
2286 5628 2409 5683 qua:
2467 5615 2843 5681 exploratores
2900 5618 3239 5677 susceperat,
3302 5604 3613 5668 honoravit,

2043 5722 2167 5761 eam
2197 5708 2381 5777 populi
2409 5706 2631 5762 civitate
2659 5705 2935 5761 donando.
2975 5700 3368 5758 Sacerdotibus
3411 5710 3476 5752 ac
3508 5694 3611 5749 Le-

2047 5801 2169 5857 vitis
2212 5803 2374 5860 nrbcs
2407 5813 2569 5874 atque
2601 5802 2860 5860 suburbia
2893 5797 3214 5871 assignavit.
3256 5797 3363 5853 Sex
3420 5788 3613 5861 relngii
