4050 6602
416 346 480 416 ἠ
1893 350 2002 411 1οξ

2106 347 2193 409 ῬΙ
3601 348 3673 411 ἠ

417 459 667 517 civitates
689 456 994 523 constituit.
1025 457 1280 514 universa
1312 467 1569 529 operatus
1594 456 1660 513 ad
1722 459 1987 513 amussim

2106 456 2393 526 προάστεια
2410 455 2734 510 ἀποδέδωκε.
2779 453 2889 520 Τὰς
2907 455 3369 527 φυγαδευτηρίους
3399 456 3459 525 ἐξ
3491 458 3680 525 πόλεις

419 553 787 608 Mnsaicarum
834 552 1314 607 constitutionem.
1356 550 1493 604 llum
1556 549 1855 605 dimitteret
1888 564 1987 620 po-

420 648 608 716 pulum
663 646 730 700 ad
786 644 1131 699 hereditates
1177 659 1314 715 quas
1359 644 1582 714 ipsemet
1612 642 1985 708 distribuerat,

423 738 654 808 lapidem
684 735 856 791 erexit
884 735 939 789 in
997 735 1372 790 testimonium
1421 749 1637 800 eorum,
1688 747 1811 804 quas
1867 733 2000 803 ipsis

423 830 565 883 dicta
599 825 836 892 fuerant,
868 824 1015 897 quod
1074 840 1199 881 vera
1229 834 1430 881 essent.
1466 824 1541 878 Ea
1601 838 1765 894 porro
1826 823 1996 888 fuere,

423 920 566 991 quod
610 928 730 991 post
776 917 983 973 obitum
1035 917 1181 973 illius
1219 916 1533 972 derelicturi
1596 925 1781 970 essent
1834 913 2000 967 Deum

425 1010 750 1065 salvatorem
850 1016 1013 1073 atque
1095 1006 1449 1076 praepositum
1531 1017 1692 1060 suum
1790 1014 2001 1056 necnon

427 1101 697 1156 adlimsnri
733 1100 973 1169 gentium
1007 1100 1215 1154 idolis:
1272 1098 1629 1168 quamobrem
1696 1104 1751 1151 et
1807 1095 1907 1163 ipsi
1970 1106 2001 1147 α

440 1195 553 1250 Deo
579 1192 846 1257 derelicti.
878 1192 1220 1247 daemonibus
1272 1204 1409 1261 quos
1440 1190 1719 1260 elegerunt
1752 1188 2001 1243 tradendi

429 1297 633 1351 essent,
692 1302 756 1341 ac
814 1296 938 1357 post
999 1286 1197 1339 multas
1251 1283 1777 1349 animadversiones,
1859 1295 2002 1351 quas

427 1384 590 1435 etiam
646 1382 700 1434 in
732 1379 974 1449 paternis
1027 1376 1436 1432 hmreditatibus
1470 1376 1725 1444 degentes
1768 1371 2001 1429 subituri

427 1482 577 1540 sunt,
614 1473 936 1542 ejectionem
993 1470 1061 1524 de
1127 1478 1271 1524 terra
1318 1469 1433 1531 illa,
1500 1467 2004 1538 dispersionemque

426 1565 569 1621 inter
606 1572 791 1635 gentes
826 1562 1248 1633 ignominiosam
1279 1560 1385 1617 sibi
1412 1560 1774 1615 obventuram
1805 1559 2001 1614 scient.

425 1722 581 1780 CAP.
632 1721 817 1779 LXXI.
870 1748 946 1764 -ο
996 1721 1256 1862 ριῖωιὶιιηι
1302 1720 1572 1844 mirabilia
1624 1734 1720 1789 per
1783 1717 2001 1775 ludios:

1087 1809 1147 1845 ac
1175 1810 1207 1845 a
1232 1809 1328 1845 sun
1360 1829 1377 1847 .

1087 1809 1207 1845 αεια
1232 1809 1377 1847 sum.

498 1952 933 2010 Adonibezecum
964 1967 1141 2025 regem
1189 1949 1620 2015 Pliilistinorum,
1650 1948 1745 2020 qui
1785 1946 2005 2019 regibus

429 2047 771 2119 septuaginta
800 2056 1039 2100 extrema
1067 2044 1434 2098 membrorum
1458 2048 1826 2107 trnncaverat,
1878 2040 2004 2093 vin-

427 2151 614 2196 centes
646 2138 808 2204 bello,
867 2138 988 2206 ejus
1033 2135 1199 2206 pedes
1255 2148 1561 2205 manusque
1625 2133 2000 2198 succiderunt,

426 2233 804 2307 plurimosque
839 2230 1042 2287 milites
1066 2230 1214 2284 illius
1246 2243 1341 2301 per
1376 2228 1578 2282 tribum
1638 2223 1775 2282 Juda
1836 2225 2006 2280 inter-

430 2322 645 2377 necioni
681 2321 970 2375 dederunt.
986 2347 992 2354 -

505 2413 708 2485 Regem
746 2411 1106 2465 Moabitarum
1141 2408 1233 2479 qni
1256 2409 1311 2462 in
1351 2409 1673 2463 servitutem
1743 2406 2002 2479 populum

430 2507 751 2576 redegerat;
788 2501 935 2557 Edon
970 2498 1185 2575 [Eglon]
1210 2500 1324 2570 ipse
1356 2502 1691 2567 vocabatur;
1728 2501 1844 2555 Aod
1907 2500 2001 2570 ju-

429 2595 535 2649 dex
578 2592 891 2654 adveniens,
940 2602 1200 2660 tanquam
1239 2590 1331 2660 qui
1386 2590 1681 2646 benevolus
1726 2590 1828 2660 ipsi
1880 2604 2005 2661 pzo-

429 2694 551 2756 pter
587 2683 908 2755 obsequium
937 2683 1151 2739 futurus
1182 2693 1348 2746 esset,
1382 2698 1717 2755 muneraque
1747 2684 2003 2747 allereus,

430 2779 556 2830 dolo
592 2774 882 2830 interiecit.
916 2774 1051 2829 Cum
1080 2775 1225 2829 enim
1280 2775 1635 2831 ainbidexter
1666 2785 1813 2831 esset
1861 2776 2002 2839 Aod,

431 2869 590 2945 quasi
617 2868 778 2923 vellet
824 2868 899 2922 illi
955 2866 1209 2940 privatim
1259 2868 1417 2924 utilia
1452 2869 1699 2941 quaedam
1751 2884 1999 2935 narrare,

430 2962 654 3018 sinistra
691 2977 877 3029 manu,
906 2962 1124 3017 nemine
1151 2970 1438 3033 praesente,
1473 2961 1527 3019 in
1580 2962 1836 3018 cubiculo
1876 2975 2002 3018 eum

429 3056 698 3111 confodit.

1998 1896 2003 1899 Α
2029 1823 2078 1883 Β

2101 549 2374 616 ἀπέδειξε,
2436 549 2613 602 πάντα
2670 548 3031 619 κατορθώσας
3083 548 3227 603 κατά
3279 549 3381 614 τὰς
3432 550 3680 616 Μωσέως

2102 642 2406 713 ὑποθήκας.
2478 641 2755 695 ’Δπολύων
2799 641 2893 695 τὸν
2926 640 3056 697 λαὸν
3106 642 3201 695 ἐπὶ
3224 642 3352 705 τοὺς
3420 642 3680 715 κλήρους,

2100 733 2195 798 οὓς
2234 733 2559 804 κατένειμεν
2608 733 2794 797 αὐτὸς,
2831 732 2980 787 λίθον
3007 734 3235 805 ἔστησεν
3263 734 3345 798 είς
3379 733 3682 805 μαρτύριον

2101 827 2210 881 τῶν
2240 826 2334 880 ὑπ’
2394 825 2563 881 αύτοῦ
2591 826 2904 898 λεγομένων
2964 826 3170 892 αὐτοῖς,
3212 824 3288 891 ὡς
3351 827 3529 898 ἀληθῆ
3569 828 3678 897 εἴη.

2107 920 2175 975 Ἀ
2207 919 2263 975 δὲ
2317 916 2409 993 ἦν,
2454 920 2531 984 ὡς
2571 922 2687 992 μετ’
2713 920 2878 976 αὐτὸν
2898 920 3291 990 καταλείψουσι
3322 920 3421 974 τὸν
3464 920 3681 991 σωτῆρα

2105 1014 2200 1065 καὶ
2233 1012 2547 1084 προστάτην
2588 1012 2769 1068 αὐτῶν
2790 1013 3083 1084 γενόμενον
3111 1013 3268 1079 Θεὸν,
3313 1017 3408 1067 καὶ
3436 1016 3551 1077 τοῖς
3572 1012 3682 1066 τῶν

2104 1101 2276 1158 ἐθνῶν
2307 1102 2550 1169 εἰδώλοις
2580 1106 3068 1178 προστεθήσονται,
3093 1105 3217 1160 ὅθεν
3250 1105 3344 1159 καὶ
3377 1105 3538 1158 αὐτοὶ
3574 1123 3682 1158 πα-

2107 1193 2487 1266 ραλειφθέντες
2540 1196 2647 1250 ὑπὸ
2700 1195 2857 1259 Θεοῦ,
2902 1194 3160 1264 δαίμοσιν
3217 1191 3415 1266 οἷσπερ
3471 1195 3682 1249 εἵλαντο

2104 1286 2505 1358 ἐκδοθήσονται,
2568 1289 2661 1341 καὶ
2694 1287 2834 1359 μετὰ
2885 1287 3088 1351 πολλάς
3144 1287 3438 1359 τιμωρίας,
3472 1286 3539 1350 ἃς
3586 1288 3683 1343 καὶ

2104 1384 2162 1438 ἐν
2196 1388 2311 1450 τοῖς
2344 1385 2624 1458 πατρῴοις
2664 1385 2888 1458 κλήροις
2912 1380 3331 1456 ὑποστήσονται,
3360 1383 3460 1456 τὴν
3521 1382 3680 1438 ἐκϐο-

2103 1474 2223 1548 λὴν,
2248 1477 2349 1549 τὴν
2376 1478 2484 1531 ἀπὸ
2504 1477 2604 1549 τῆς
2628 1478 2757 1550 γῆς,
2781 1479 2875 1532 καὶ
2897 1479 2978 1543 εις
3000 1476 3070 1531 τά
3091 1477 3220 1548 ἐθνη
3245 1475 3551 1548 διασπορὰν
3585 1491 3681 1546 γε·

2102 1568 2411 1641 νησομένην
2446 1567 2626 1623 αὐτῶν
2653 1568 2851 1639 άτιμον
2887 1568 3303 1639 ἐπιγνώσονται.

2108 1723 2357 1779 ΚΕΦΔΔ.
2397 1727 2523 1783 OA'.
2547 1758 2616 1769 —
2652 1728 2791 1782 Τίνα
2820 1727 2894 1781 τὰ
2923 1726 3021 1782 διὰ
3048 1725 3169 1783 τῶν
3194 1723 3412 1795 κριτῶν
3452 1724 3683 1795 θαυμά-

2664 1813 2769 1852 σια
2807 1798 3119 1868 γενόμενα.

2180 1954 2286 2009 Τὸν
2326 1952 2684 2013 ’Λδωνιϐεζέκ
2713 1949 2938 2023 βασιλέα
2964 1949 3072 2007 τῶν
3111 1950 3476 2025 ’Δλλοφύλων,
3530 1951 3683 2005 ἐϐδο-

2109 2042 2359 2118 μήκοντα
2395 2045 2636 2117 βασιλεῖς
2692 2045 3213 2117 ἀκρωτηριάσαντα,
3266 2043 3684 2118 πολεμήσαντες

2106 2135 2285 2192 ποδῶν
2334 2136 2430 2191 καλ⁸
2455 2134 2658 2208 χειρῶν
2719 2136 2997 2206 ἐξέτεμον,
3056 2134 3151 2187 καὶ
3220 2133 3451 2205 μυρίους
3511 2130 3683 2186 αὐτοῦ

2106 2230 2447 2304 στρατιώτας
2473 2230 2562 2284 διὰ
2581 2231 2679 2301 τῆς
2700 2228 2795 2283 τοῦ
2840 2227 3014 2283 ’ἰούδα
3041 2226 3214 2299 φυλῆς
3246 2225 3474 2281 ἀνεῖλον.

2176 2414 2281 2468 Τὸν
2308 2409 2535 2485 βασιλέα
2599 2409 2909 2466 Μωαϐιτῶν
2936 2406 3383 2478 δουλαγωγοῦντα
3414 2405 3506 2460 τὸν
3528 2404 3683 2469 λαὸν,

2117 2503 2281 2557 Ἐδὼν
2310 2499 2574 2576 [Ἐγλὼν]
2621 2501 2678 2555 δέ
2700 2496 2851 2566 οὗτος
2900 2500 3167 2563 ἐκαλεῖτο,
3228 2498 3365 2553 Ἀὼδ
3415 2501 3444 2553 ό
3489 2498 3686 2573 κριτὴς

2106 2594 2370 2661 ἐπελθὼν,
2402 2594 2480 2660 ὡς
2510 2592 2697 2659 εὖνους
2722 2592 2873 2665 αύτῷ
2904 2592 3032 2663 περὶ
3062 2592 3158 2663 τὴν
3204 2592 3450 2665 ὑπακοὴν
3485 2592 3683 2663 ἐσόμε-

2104 2704 2216 2752 νος,
2245 2687 2337 2740 καὶ
2366 2686 2767 2760 δωροδοκήσας,
2794 2685 2972 2740 ἀνεῖλε
3005 2684 3163 2757 δόλῳ.
3206 2684 3687 2756 Ἀμφοτεροδέξιος

2104 2780 2211 2853 γὰρ
2233 2778 2308 2834 ῶν
2333 2782 2361 2834 ό
2402 2779 2564 2847 Ἀὼδ,
2591 2780 2666 2844 ὼς
2698 2778 3026 2850 βουλόμενος
3053 2779 3202 2850 αύτῷ
3244 2778 3349 2850 ἰδίᾳ
3403 2796 3456 2832 τι
3503 2777 3685 2843 λέγειν

2104 2871 2215 2925 τῶν
2268 2871 2679 2944 συμφερόντων,
2746 2872 2812 2943 τῇ
2868 2870 3138 2942 εὐωνύμῳ
3191 2872 3357 2943 χειρὶ,
3414 2870 3684 2943 παρόντος

2104 2962 2347 3030 οὐθενὸς,
2371 2965 2451 3030 είς
2481 2964 2572 3018 τὸν
2603 2963 2840 3018 κοιτῶνα
2874 2964 3037 3018 αὐτὸν
3062 2964 3444 3037 διεχειρίσατο.

498 3146 741 3203 Sisaram
809 3164 1048 3219 quoque,
1086 3147 1522 3204 Cliananarorum
1583 3148 1991 3219 imperatorem,

2175 3144 2283 3199 Τὸν
2310 3142 2517 3216 Σισάρα
2554 3143 2718 3200 πάλιν
2746 3141 2973 3217 βασιλέα
3011 3145 3122 3199 τῶν
3158 3145 3481 3201 Χαναναίων
3540 3163 3680 3220 κρα-

427 3241 521 3307 qui
565 3242 764 3312 p0pulo
792 3242 1180 3296 dominabatur
1209 3252 1430 3312 propter
1482 3241 1600 3314 ejus
1653 3243 1825 3313 impia
1875 3241 2006 3298 faci-

433 3348 584 3397 nora,
621 3332 819 3386 mulier
866 3332 1115 3402 quaedam
1170 3330 1442 3397 Debbora,
1488 3332 1711 3388 mittens
1736 3332 2003 3386 Baracum

429 3419 709 3473 hominem
761 3422 828 3474 (le
876 3421 1029 3482 tribu
1085 3420 1455 3491 Neplitbalim,
1507 3421 1655 3476 hunc
1697 3422 2005 3483 debellavit,

433 3518 597 3578 atque
628 3509 826 3568 milites
855 3509 1074 3578 quidem
1124 3511 1243 3578 ejus
1300 3523 1540 3581 quatuor
1578 3512 1749 3565 millia
1774 3511 2002 3578 cecidit;

435 3601 613 3667 ipsum
658 3615 788 3655 Vero
822 3600 1064 3656 Sisaram
1117 3602 1293 3657 solent
1328 3602 1697 3672 aulugientem
1759 3619 1789 3659 e
1841 3604 2004 3670 bello,

431 3690 587 3746 Jazel
627 3692 876 3763 quaedam
909 3694 1099 3748 animo
1145 3695 1384 3765 gestiens
1419 3695 1617 3751 mulier
1666 3696 1720 3751 in
1777 3698 2005 3752 domum

441 3799 598 3838 suam
630 3784 1033 3855 contugientem
1085 3786 1251 3842 veluti
1299 3786 1353 3842 in
1409 3788 1622 3859 asylum
1682 3788 2005 3858 suscipiens,

436 3877 577 3931 lacte
611 3886 765 3946 potat
796 3878 1097 3943 sitientem,
1119 3888 1173 3933 et
1222 3878 1373 3934 humi
1405 3879 1545 3950 sopit
1573 3895 1589 3946 ;
1646 3878 2006 3936 dormientem

434 3976 618 4022 autem
652 3968 853 4038 ipsum,
886 3969 1039 4024 clavo
1069 3985 1166 4042 per
1214 3979 1458 4041 tempora
1505 3969 1720 4037 adacto,
1748 3971 2005 4027 confecit.

437 4055 643 4112 Baraco
665 4074 789 4113 eum
864 4073 1057 4129 capere
1115 4060 1407 4131 quierenti,
1465 4059 1613 4115 Jazel
1660 4062 1897 4118 ostendit
1947 4063 2002 4117 in

434 4159 579 4204 terra
606 4152 947 4205 transﬁxum.

504 4241 692 4298 Itidem
722 4244 1057 4301 instantibus
1110 4245 1309 4316 populo
1348 4242 1681 4313 Madianitis,
1713 4254 2005 4317 propterea

431 4334 576 4405 quod
606 4352 634 4390 ιι
679 4335 787 4390 Deo
813 4337 883 4392 ob
946 4338 1253 4409 impietates
1308 4338 1488 4394 fuerat
1535 4339 1849 4405 derelictus,
1900 4338 2006 4395 Ge-

432 4427 573 4483 deon
629 4445 725 4500 per
770 4430 1020 4501 angelum
1075 4432 1239 4501 jndex
1300 4431 1643 4502 proponitur.
1684 4429 1797 4486 lste
1840 4444 2006 4501 porro

2103 3236 2301 3292 τοῦντα
2355 3235 2451 3291 τοῦ
2505 3235 2638 3292 λαοῦ
2672 3236 2760 3292 διὰ
2810 3236 2871 3291 τὸ
2922 3235 3203 3291 δυσσεϐεῖν
3230 3278 3247 3305 ,
3308 3238 3554 3312 Δεϐόρῤα
3598 3256 3684 3306 τις

2106 3331 2264 3400 γυνὴ,
2310 3331 2569 3385 στείλασα
2596 3332 2687 3386 τὸν
2709 3331 2921 3402 Βαράκ,
2950 3330 3041 3384 τὸν
3061 3331 3124 3385 ἐκ
3148 3330 3318 3404 φυλῆς
3340 3331 3680 3404 Νεφθαλεὶμ,

2108 3422 2301 3477 τοῦτον
2328 3421 2763 3493 κατεπολέμησε,
2796 3422 2890 3475 καὶ
2920 3423 3392 3495 τετρακισχιλίους
3452 3424 3550 3497 μέν
3584 3426 3685 3479 αύ-

2106 3514 2202 3567 τοῦ
2235 3514 2573 3585 στρατιώτας
2598 3515 2835 3587 ἀναιρεῖ,
2861 3516 3023 3570 αὐτὸν
3045 3517 3101 3571 δὲ
3126 3517 3216 3571 τὸν
3258 3518 3470 3589 Σισάρα
3522 3520 3684 3590 μόνον

2107 3605 2424 3676 ἀποδράντα
2444 3606 2536 3660 τοῦ
2567 3606 2833 3677 πολέμου,
2874 3606 3055 3679 Ἰαζήλ
3082 3625 3167 3675 τις
3200 3611 3502 3682 μαινομένη
3547 3612 3684 3684 γυνὴ

2108 3697 2381 3769 φεύγοντα
2412 3698 2549 3768 πρὸς
2577 3699 2676 3769 τὴν
2706 3699 2907 3769 ἑαυτῆς
2938 3700 3141 3767 οίκίαν,
3180 3701 3256 3764 ὡς
3308 3702 3388 3766 είς
3433 3720 3683 3775 καταφυ-

2106 3792 2212 3862 γὴν
2254 3790 2678 3862 προσηκαμένη,
2735 3792 2946 3856 ποτίζει
2978 3792 3212 3862 γάλακτι
3266 3792 3528 3865 διψῶντα,
3587 3800 3685 3852 καὶ

2108 3883 2492 3955 κατακοιμίζει
2538 3883 2665 3957 τρὸς
2725 3884 2802 3957 τῷ
2857 3885 3065 3956 ἐδάφει.
3137 3887 3685 3960 Ἀποκαθευδήσαντα

2107 3974 2166 4029 δὲ
2200 3974 2384 4039 αὐτὸν,
2418 3975 2697 4030 πάσσαλον
2734 3976 2822 4032 διὰ
2848 3977 2943 4032 τοῦ
2970 3979 3205 4052 κράνους
3235 3979 3548 4052 περάσασα,
3569 3982 3685 4037 διαρ

2108 4068 2338 4141 χρᾶται⁶
2382 4066 2636 4139 ζητοῦντι
2661 4067 2717 4124 δέ
2756 4068 2920 4124 αὑτὸν
2961 4070 3293 4125 καταλαϐεῖν
3341 4071 3419 4149 τῷ
3471 4074 3681 4146 Βαράκ,

2105 4160 2380 4215 δείκνυσιν
2424 4160 2605 4233 Ἰαζὴλ
2631 4163 2689 4215 ἐν
2718 4166 2784 4234 τῇ
2816 4166 2885 4235 γῇ
2917 4164 3435 4236 καταπεπαρμένον.

2179 4255 2349 4309 Πάλιν
2380 4256 2696 4311 Μαδιναίων
2726 4258 3096 4328 ἐπικειμένων
3120 4258 3199 4330 τῷ
3227 4258 3364 4331 λαῷ,
3389 4260 3476 4313 διά
3505 4260 3567 4314 τὸ
3590 4260 3683 4314 ἐπὶ

2107 4348 2230 4409 ταῖς
2263 4346 2613 4411 δυσσεϐείαις
2635 4348 2742 4403 ὑπὸ
2773 4348 2909 4403 Θεοῦ
2940 4350 3445 4422 ἐγκαταλελεῖφθαι,
3478 4352 3683 4408 Γεδεὼν

2110 4436 2177 4491 δι’
2206 4438 2441 4508 ἀγγέλου
2473 4441 2833 4511 προϐάλλεται
2864 4442 3082 4513 κριτής.
3113 4444 3221 4497 Καὶ
3248 4448 3474 4515 σημεῖον
3527 4438 3683 4512 οὗτος

433 4521 650 4591 signum
706 4522 1283 4594 postnlatlinjusmodi
1324 4523 1428 4580 sibi
1488 4523 1629 4586 darl,
1686 4523 1730 4577 si
1782 4522 2000 4593 quidem

2108 4532 2271 4597 αἰτεῖ,
2315 4533 2364 4585 εί
2394 4535 2700 4604 προστῆναι
2730 4527 2840 4601 οἷός
2878 4553 2937 4589 τε
2989 4536 3074 4607 εἴη
3127 4538 3222 4591 τοῦ
3256 4538 3409 4604 λαοῦ,
3443 4540 3685 4597 τοιοῦτον

434 4624 671 4678 ρταιεδεο
696 4611 895 4680 populo
929 4626 1027 4682 par
1050 4622 1217 4669 esset.
1286 4611 1491 4668 Lanam
1551 4612 1607 4667 in
1664 4621 1805 4667 terra
1837 4613 2005 4682 depo-

434 4712 591 4760 .iens,
630 4715 750 4753 eam
783 4703 1078 4771 postulavit
1106 4704 1276 4760 imbui
1309 4718 1454 4768 rore,
1510 4711 1655 4759 terra
1691 4717 1813 4775 quae
1855 4703 2001 4758 circa

432 4789 606 4844 vellus
630 4801 797 4854 esset.
822 4793 957 4848 nihil
996 4797 1219 4850 omnino
1255 4796 1500 4853 humoris
1529 4795 1842 4867 recipiente.
1900 4794 2003 4852 Ubi

432 4896 562 4936 vero
588 4881 729 4937 istud
759 4884 965 4951 evenit,
994 4885 1191 4941 iterum
1222 4887 1542 4958 postulavit,
1585 4899 1645 4943 ut
1674 4888 1834 4945 tellus
1882 4904 2005 4960 qua:

431 4972 576 5028 circa
610 4973 792 5030 lanam
839 4985 958 5031 erat
990 4977 1225 5034 humore
1274 4979 1633 5045 madesceret,
1695 4979 1818 5034 lana
1882 4995 2008 5035 vero

431 5062 695 5133 impluvia
725 5074 987 5122 maneret.
1021 5067 1157 5123 Cum
1209 5083 1373 5139 porro
1415 5070 1641 5125 vidisset
1688 5070 1770 5125 sic
1834 5070 2007 5127 conti-

430 5156 577 5224 gisse
612 5159 1070 5226 quemadmodum
1105 5160 1496 5230 postulaverat,
1532 5177 1653 5233 quae
1697 5161 1801 5218 sibi
1850 5179 2005 5217 man-

429 5249 555 5303 data
605 5248 821 5305 fuerant
869 5253 1204 5322 aggreditur.
1258 5254 1536 5309 Convocat
1585 5255 1765 5325 igitur,
1812 5264 1870 5310 ut
1902 5256 2005 5311 sibi

429 5357 588 5411 opem
617 5344 791 5399 ferant
822 5356 1095 5416 quotquot
1127 5362 1192 5402 ex
1226 5354 1424 5419 popqu
1479 5349 1529 5405 id
1580 5362 1837 5423 praestare
1888 5354 2005 5408 vel-

428 5432 565 5496 lent,
604 5430 656 5488 in
710 5433 851 5490 bello
892 5438 1153 5495 adversus
1202 5441 1387 5497 hostes
1436 5443 1804 5515 suscipiendo.
1865 5443 1995 5499 Con-

427 5526 656 5581 veniunt
699 5528 809 5584 duo
847 5538 901 5586 et
936 5532 1125 5601 viginti
1165 5533 1357 5591 millia.
1396 5535 1592 5592 Multos
1652 5551 1819 5606 porro
1877 5553 2003 5593 cum

428 5616 663 5673 dixisset
692 5621 741 5675 ei
776 5622 920 5678 Deus
949 5640 1075 5681 esse
1098 5640 1194 5682 eos
1218 5631 1308 5697 qui
1341 5640 1737 5695 convenerant,
1776 5631 2006 5685 metien-

428 5709 579 5766 losos
611 5713 963 5772 dimittendos
991 5719 1234 5775 mandat.
1274 5718 1370 5776 llis
1412 5721 1656 5789 dimissis
1722 5732 2006 5777 remanent

432 5802 617 5860 decem
657 5807 845 5862 millia.
879 5808 1129 5881 Cumque
1161 5814 1320 5870 vellet
1355 5812 1498 5869 Deus
1558 5815 1633 5869 illi
1689 5814 2001 5883 ostendere,

2106 4624 2257 4695 αύτῷ
2284 4623 2522 4696 δοθῆναι.
2580 4627 2755 4681 Πόκον
2798 4628 3135 4701 ἀποθέμενος
3161 4632 3217 4684 ἐν
3264 4634 3332 4703 τῇ
3364 4634 3459 4707 γῇ,
3493 4633 3684 4690 τοῦτον

2107 4716 2227 4788 first
2249 4717 2425 4790 δρόσῳ
2456 4718 2813 4790 πληροῦσθαι,
2849 4721 2947 4791 τῆς
2976 4739 3041 4775 πε
3052 4722 3104 4793 pl.
3117 4722 3209 4777 τὸν
3232 4725 3398 4779 πόκον
3418 4728 3522 4797 γῆς
3547 4726 3683 4798 μηδ-

2104 4807 2247 4871 όλως
2311 4810 2734 4882 ὑγραινομένης.
2777 4812 2865 4875 Ὠς
2912 4812 2968 4866 δὲ
3000 4811 3175 4879 οὕτως
3226 4816 3459 4886 ἐγίνετο,
3518 4819 3685 4875 πάλιν

2108 4899 2251 4971 ᾔτει,
2283 4901 2344 4956 τὸ
2375 4903 2477 4973 μὲν
2504 4906 2637 4976 περὶ
2659 4905 2750 4959 τὸν
2780 4905 2948 4960 πόκον
2974 4904 3167 4977 ἔδαφος
3190 4909 3568 4982 ὑγραίνεσθαι,
3592 4912 3684 4968 τὸν

2104 4992 2162 5046 δὲ
2194 4994 2361 5048 πόκον
2389 4996 2583 5050 άθετον
2620 4997 2827 5067 μένειν.
2866 4998 2956 5064 Ὠς
2983 5000 3042 5054 δέ
3077 4998 3183 5055 εἶδε
3218 5001 3361 5057 οὕτω
3390 5006 3687 5076 γενόμενον

2106 5083 2183 5147 ὡς
2209 5086 2424 5158 ᾐτήκει,
2459 5086 2719 5158 ἐνεχείρει
2764 5090 2878 5155 τοῖς
2932 5091 3451 5164 προστεταγμένοις.
3504 5096 3690 5150 Καλεί

2107 5174 2241 5244 γοῦν
2267 5175 2609 5247 συνάρασθαι
2647 5178 2797 5251 αύτῷ
2830 5180 2957 5245 τοὺς
3015 5178 3375 5253 βουλομένους
3407 5183 3503 5237 τοῦ
3552 5185 3684 5240 λαοῦ

2108 5268 2201 5321 ἐπὶ
2232 5269 2322 5323 τὸν
2353 5267 2564 5340 ἐχθρῶν
2592 5271 2849 5343 πόλεμον.
2883 5274 2991 5328 Καὶ
3045 5273 3403 5348 συνέρχονται
3434 5276 3687 5348 δισχίλιοι

2107 5360 2203 5413 καὶ
2254 5358 2554 5432 δισμύριοι.
2609 5362 2844 5428 Πολλοὺς
2891 5365 2950 5419 δὲ
2996 5364 3152 5439 αύτῷ
3213 5366 3341 5431 τοὺς
3392 5369 3687 5442 συνεληλυ-

2108 5449 2267 5514 θότας
2314 5451 2343 5503 ὁ
2399 5451 2532 5517 Θεὸς
2577 5452 2746 5507 είπὼν
2779 5449 2940 5523 εἶναι,
2994 5457 3350 5529 ἀποπέμπειν
3400 5456 3686 5515 ἐκελεύετο

2107 5541 2235 5604 τοὺς
2258 5541 2487 5606 δειλούς.
2523 5544 2759 5599 Μένουσι
2809 5545 2896 5619 δὴ,
2928 5546 3134 5603 τούτων
3186 5549 3679 5621 ἀποπεμφθέντων,

2111 5632 2316 5704 μύριοι.
2374 5635 2711 5710 Βουλόμενος
2757 5637 2814 5693 δέ
2841 5643 2869 5694 ὁ
2898 5640 3030 5705 Θεὸς
3092 5641 3243 5712 αὐτῷ
3284 5642 3572 5710 δεικνύειν,
3603 5643 3681 5709 ὡς

2105 5724 2166 5778 ού
2220 5726 2603 5798 πολεμούντων
2660 5731 2859 5803 πλήθει
2901 5733 3187 5805 περιέσται
3241 5732 3350 5788 τῶν
3398 5734 3675 5805 πολεμίων

2108 5816 2352 5890 ἀπείρων
2381 5820 2572 5892 ὄντων,
2603 5822 2739 5878 ἀλλά
2766 5823 2887 5897 θείᾳ
2908 5825 3076 5897 χειρὶ,
3102 5824 3264 5881 πάλιν
3284 5824 3431 5898 αὐτῷ
3464 5826 3677 5886 κελεύει
