4050 6584
278 452 347 513 73
1450 452 1822 514 LIBELLUS
1858 448 2362 513 MEMORIALIS.
3440 440 3538 510 Ἴθι

277 567 525 623 κατιέναι
583 568 719 639 πρὸς
768 569 847 640 τῷ
880 568 1272 642 παρακειμένῳ
1333 570 1587 640 ποταμῷ.
1638 571 1860 624 κάκεῖσε

1970 567 2111 638 quod
2184 577 2527 636 nequaquam
2599 565 2669 616 ob
2735 560 3061 616 bellatorum
3133 558 3538 615 multitudinem

270 658 510 712 δεικνύει
541 660 671 722 τοὺς
732 658 1220 729 συνελευσομένους
1255 660 1313 711 ἐν
1348 660 1414 729 τῇ
1448 659 1617 731 μάχῃ.
1656 657 1743 719 Ὠς
1800 657 1855 711 δὲ

276 753 356 812 εἰς
393 748 539 819 ὕδωρ
575 752 718 802 πιεῖν
745 751 795 804 οἱ
862 750 1047 822 μύριοι
1084 749 1419 820 κατέϐησαν,
1477 748 1857 820 ὲπιτηρείσθαι

275 841 567 895 κελεύεται
616 842 687 895 τά
738 842 985 913 στόματα
1024 845 1135 906 τοῖς
1190 842 1342 895 ὕδασι
1396 842 1858 905 καταϐάλλοντας,

277 933 849 1002 κατακαμπτομένους
896 935 953 987 ἐν
989 934 1067 1002 τῷ
1118 934 1313 996 πίνειν,
1370 934 1464 986 καὶ
1496 935 1625 997 τοὺς
1674 936 1860 1004 χερσὶν

276 1026 655 1094 ἀνιμωμένους
691 1027 749 1078 τὸ
790 1025 979 1089 ποτὸν,
1011 1027 1106 1079 xal
1138 1025 1441 1087 λάπτοντας
1471 1025 1603 1078 ὼσεὶ
1667 1025 1847 1085 κύνες.

278 1108 438 1168 Οὗτοι
477 1116 533 1169 δὲ
566 1115 830 1185 ὤφθησαν
860 1119 1013 1178 ὄντες
1042 1117 1196 1186 μόνοι
1226 1118 1555 1185 τριακόσιοι.
1591 1117 1700 1169 Kal
1753 1116 1855 1169 πά-

276 1204 361 1257 λιν
424 1205 650 1274 πέμψας
735 1207 1102 1267 ἑπτακοσίους
1184 1207 1279 1257 καὶ
1352 1206 1853 1276 ἐννεακισχιλίους,

276 1296 469 1348 ἀκούει
537 1296 612 1359 ὠς
660 1296 747 1348 διὰ
812 1296 921 1348 τῶν
981 1296 1316 1366 τριακοσίων
1380 1297 1508 1362 τοὺς
1564 1297 1858 1367 πολεμίους

279 1383 532 1455 ἀμαχητὶ
562 1384 929 1453 τροπώσεται.
972 1383 1189 1452 Ὕδρίας
1215 1381 1307 1437 οὖν
1358 1386 1540 1449 αὺτοῖς
1601 1386 1859 1457 ἐπιφέρε-

281 1477 406 1529 σθαι
442 1478 538 1529 καὶ
587 1476 876 1546 λαμπάδας
926 1476 983 1529 ἐν
1040 1479 1106 1546 τῇ
1154 1476 1418 1545 εὐωνύμῳ
1449 1479 1592 1548 χειρὶ
1626 1480 1857 1544 κελεύει,

280 1572 375 1623 καὶ
404 1570 711 1637 σάλπιγγας
736 1570 795 1621 ἐν
818 1571 884 1638 τῇ
908 1567 1059 1639 δεξιᾷ
1078 1587 1090 1599 ·
1126 1564 1246 1622 εἶτα
1293 1569 1705 1642 ἀπορρίψαντας
1761 1572 1860 1635 τὰς

277 1661 490 1731 ὑδρίας,
530 1661 814 1725 σαλπίζειν
843 1660 935 1713 καὶ
974 1659 1202 1730 ἐπιϐοᾷν
1231 1676 1243 1689 ·
1293 1660 1583 1730 Ῥομφαία
1609 1659 1689 1726 τῷ
1739 1660 1861 1727 Θεῷ

275 1755 376 1809 καὶ
416 1752 498 1819 τῷ
529 1753 786 1808 Γεδεών.
853 1753 1070 1807 Τούτων
1116 1754 1173 1807 δέ
1222 1752 1365 1807 οὕτω
1404 1755 1762 1825 τελουμένων,
1809 1757 1858 1807 οί

279 1846 536 1916 πολέμιοι
573 1846 640 1899 δι’
663 1846 874 1900 ἑαυτῶν
898 1846 1216 1911 ἐκόπτοντο,
1246 1846 1452 1917 πλῆθος
1502 1846 1655 1912 ὄντες
1697 1847 1857 1902 ἄπει-

1966 663 2137 715 victor
2166 668 2312 714 esset
2342 656 2581 723 futurus,
2614 656 2866 726 quamvis
2899 655 3094 709 inﬁniti
3116 664 3299 710 essent
3323 654 3539 717 hostes,

1962 753 2055 807 sed
2096 751 2165 806 ob
2192 752 2437 805 divinum
2476 748 2741 802 auxilium
2773 767 2785 802 :
2838 748 3033 802 iterum
3066 748 3114 802 ei
3168 745 3441 816 praecipit,
3479 754 3543 799 ut

1963 850 2027 901 ad
2063 863 2227 917 prope
2258 846 2498 915 positum
2524 844 2722 898 ﬂumen
2773 843 3086 907 descendat,
3124 842 3307 912 ibique
3338 841 3413 896 illi
3448 855 3537 896 os-

1964 941 2134 994 tendit
2169 939 2260 1010 qui
2295 954 2419 992 eum
2455 938 2547 991 illo
2578 936 2643 989 ad
2674 951 2911 1006 pugnam
2960 943 3146 990 essent
3178 934 3327 988 ituri.
3361 933 3539 1000 Quum

1964 1030 2108 1085 enim
2145 1031 2332 1085 decem
2364 1029 2568 1083 milleni
2605 1028 2679 1081 illi
2732 1028 2796 1081 ad
2849 1027 3136 1081 bibendam
3186 1041 3382 1095 aquam
3440 1027 3539 1080 de—

1965 1122 2329 1188 scendissent,
2362 1120 2731 1177 observandos
2783 1120 2948 1175 edicit
2987 1120 3257 1185 homines,
3297 1119 3391 1189 qui
3444 1135 3539 1173 ora

1966 1218 2126 1288 aquis
2177 1217 2551 1287 imprimerent
2610 1215 3031 1284 procumbentes
3090 1212 3155 1267 ad
3223 1212 3538 1279 bibendum,

1961 1326 2056 1364 eos
2087 1310 2215 1364 item
2261 1313 2355 1379 qui
2410 1309 2609 1379 palmis
2658 1309 2913 1362 haustum
2965 1306 3263 1373 traherent,
3327 1306 3539 1360 lambe-

1966 1410 2195 1471 rentque
2241 1410 2300 1456 ut
2349 1416 2531 1456 canes.
2583 1400 2695 1455 Visi
2732 1410 2859 1455 sunt
2914 1400 3230 1468 huiusmodi
3288 1400 3538 1455 homines

1964 1492 2251 1547 dumtaxat
2277 1493 2529 1548 trecenti.
2563 1493 2761 1547 lterum
2797 1508 2926 1563 ergo
2958 1492 3081 1547 data
3114 1492 3349 1547 abeundi
3380 1491 3536 1546 venia

1964 1594 2157 1634 novem
2193 1580 2301 1634 illis
2343 1581 2587 1636 millibus
2610 1590 2665 1636 et
2689 1583 3065 1652 septingentis,
3094 1582 3244 1637 audit
3271 1581 3537 1645 futurum,

1964 1680 2022 1724 ut
2068 1686 2169 1739 ope
2213 1680 2576 1727 trecentorum
2633 1688 2823 1728 eorum
2880 1674 3224 1730 adversarios
3260 1690 3369 1729 non
3409 1690 3541 1731 eon-

1964 1774 2109 1818 serta
2145 1766 2261 1819 acie
2291 1766 2344 1819 in
2370 1765 2554 1836 fugam
2588 1776 2782 1822 vertat.
2811 1766 2973 1822 Jubet
3026 1782 3158 1836 ergo
3209 1776 3266 1821 ut
3320 1767 3541 1837 lagenas

1970 1856 2075 1910 sibi
2127 1856 2357 1911 alierant
2413 1860 2800 1928 lampadasque
2860 1859 2913 1913 in
2955 1858 3179 1913 sinistra
3240 1872 3429 1918 manu,
3479 1872 3543 1909 ac

281 1957 396 2010 ρον,
434 1939 530 1993 καὶ
558 1940 832 2011 τέσσαρας
865 1938 1106 2008 βασιλεῖς
1136 1943 1263 2004 τοὺς
1318 1940 1613 2009 πολεμίους
1659 1958 1855 2012 χειρω-

1970 1952 2117 2006 tubas
2147 1952 2201 2005 in
2235 1954 2481 2006 dextera.
2523 1953 2730 2007 Deinde
2762 1964 2819 2007 ut
2841 1952 3073 2022 abjectis
3116 1952 3349 2023 lagenis,
3382 1952 3537 2007 elan-

282 2033 520 2102 σάμενος
549 2032 847 2097 πελεκίζει,
882 2033 973 2085 τὸν
1008 2031 1193 2103 Ὡρὴϐ,
1224 2034 1320 2087 καὶ
1353 2033 1445 2086 τὸν
1478 2033 1615 2103 Ζὴφ,
1653 2035 1857 2088 καὶτὸν

278 2125 467 2191 Ζεϐεὲ,
508 2126 603 2177 καὶ
642 2124 922 2196 Σαλμανᾶ,
948 2125 1295 2179 Μαδιανιτῶν
1347 2128 1443 2179 καὶ
1480 2125 1858 2198 Ἀμαληκιτῶν

277 2218 407 2279 τοὺς
436 2216 716 2287 βασιλέας.

1967 2051 2097 2111 gant
2123 2052 2176 2097 et
2209 2045 2548 2113 obstrepant,
2589 2044 2811 2100 Gladius
2863 2045 2968 2099 Deo
3002 2055 3051 2099 et
3100 2044 3350 2098 Gedeom'.
3411 2043 3544 2110 Qua:

1966 2154 2090 2191 eum
2115 2139 2189 2192 ita
2256 2149 2472 2208 peracta
2527 2139 2780 2205 fuissent,
2824 2141 3012 2196 hostes
3074 2155 3170 2209 per
3196 2155 3260 2195 se
3303 2140 3538 2194 invicem

1968 2227 2374 2299 feriuntur,’qui
2420 2232 2768 2286 multitudine
2794 2240 2952 2287 erant
2989 2231 3211 2297 inﬁniti,
3270 2240 3537 2302 quatuor-

281 2324 388 2377 que
409 2325 565 2381 reges
599 2311 943 2368 adversarios
972 2312 1188 2384 subegit
1232 2321 1286 2368 et
1334 2314 1513 2369 securi
1566 2317 1862 2388 percussit,
1898 2318 2041 2377 Oreb
2088 2333 2143 2378 et
2196 2323 2363 2393 Zeph,
2403 2334 2455 2379 ct
2486 2322 2663 2379 Zebee
2684 2334 2739 2379 et
2784 2324 3065 2387 Salmana,
3127 2324 3221 2394 qui
3277 2322 3541 2377 Madiani-

283 2411 463 2457 tarum
487 2404 984 2459 Amaleeitarumve
1025 2421 1179 2477 reges
1205 2416 1382 2465 erant.

351 2495 511 2549 Μετὰ
565 2498 619 2549 δὲ
681 2498 858 2552 ταῦτα
914 2498 1077 2551 πάλιν
1134 2501 1437 2571 ἁμαρτόντι
1489 2503 1569 2572 τῷ
1604 2503 1718 2574 λαῷ
1768 2510 1863 2563 καὶ

276 2585 651 2650 δυσσεϐοὖντι,
692 2589 1010 2659 ἐπικρατεῖς
1040 2592 1089 2643 οἱ
1122 2593 1373 2664 πολέμιοι
1403 2593 1671 2663 γίνονται.
1717 2601 1854 2671 Κρι-

278 2680 382 2751 τὴς
426 2680 635 2749 Ἰεφθάε
666 2682 694 2735 ὁ
720 2682 759 2734 Γ
762 2682 1058 2755 αλααδίτης
1083 2685 1469 2756 προϐάλλεται.
1506 2689 1566 2753 ὃς
1611 2692 1864 2762 πολεμῶν

280 2773 345 2824 τὸ
374 2773 484 2827 τῶν
529 2775 881 2845 Ἀμμανιτῶν
912 2778 1088 2843 ἔθνος,
1123 2778 1396 2850 ἐπηύξατο
1421 2782 1557 2853 πρὸς
1600 2788 1668 2855 τῇ
1718 2786 1860 2858 νίκῃ,

278 2864 374 2917 τὸν
398 2865 728 2921 ἀπαντῶντα
774 2868 923 2941 αὐτῷ
955 2871 1160 2924 ἀνιόντι
1192 2872 1255 2925 ἐκ
1288 2873 1388 2941 τῆς
1418 2874 1614 2928 ἐαυτοῦ
1638 2876 1857 2948 πρῶτον

280 2956 465 3021 οἰκίας
514 2962 889 3029 προσαγαγεῖν
948 2962 1091 3033 ὑπὲρ
1149 2962 1251 3033 τῆς
1300 2964 1459 3031 νίκης
1501 2967 1581 3030 είς
1645 2968 1857 3023 θυσίαν.

295 3049 547 3125 Ἀπαντᾷ
574 3052 706 3120 γοῦν
736 3054 884 3124 αύτῷ
930 3056 1228 3127 μονογενὴς
1275 3056 1568 3127 παρθένος,
1610 3060 1678 3131 ἢν
1720 3058 1859 3132 εἶχε,

283 3140 556 3215 θυγάτηρ,
591 3143 688 3199 καὶ
729 3148 1048 3218 προσήγαγε
1077 3148 1305 3218 ταύτην,
1336 3150 1629 3223 ἐπιδούσης
1660 3155 1861 3226 ἑαυτὴν

284 3236 381 3286 καὶ
406 3235 505 3305 τῆς
534 3235 723 3307 κόρης.

356 3326 528 3381 Πάλιν
557 3328 613 3381 δὲ
639 3328 746 3382 ἀπὸ
776 3329 877 3399 τῆς
907 3330 1194 3397 εὐσεϐείας
1224 3333 1755 3405 ἀπορῤᾳθυμήσαντι
1781 3337 1858 3409 τῷ

282 3417 398 3489 λαῷ
429 3420 523 3472 καὶ
552 3424 1034 3494 καταπατουμένῳ
1056 3424 1191 3493 πρὸς
1220 3425 1571 3492 Φιλισθαίων,
1602 3429 1698 3481 καὶ
1720 3429 1857 3501 θρη-

282 3513 463 3567 νοῦντι
496 3514 597 3586 τὴν
624 3515 950 3586 ἐπάχθειαν,
984 3518 1225 3590 Σαμψὼν
1274 3519 1591 3590 Ναζηραῖος
1617 3525 1684 3593 τῇ
1727 3524 1859 3577 ἀνα-

286 3608 493 3678 στροφῇ
516 3606 728 3675 γίνεται
757 3608 971 3680 κριτὴς,
1005 3610 1063 3673 ὃς
1102 3612 1159 3663 ἐν
1183 3614 1301 3675 ταῖς
1359 3612 1536 3685 θριξὶν
1584 3610 1699 3685 εἶχε
1757 3616 1855 3687 τὴν

286 3698 541 3768 δύναμιν.
576 3701 688 3753 Kal
722 3700 939 3770 πρῶτον
994 3703 1094 3771 μὲν
1145 3703 1335 3757 λέοντα
1398 3706 1540 3760 κατὰ
1602 3707 1701 3778 τὴν
1745 3709 1861 3762 όδδν

284 3790 432 3859 αύτῷ
457 3793 927 3863 περιτετυχηκότα
962 3794 1195 3859 ἔκτεινε,
1232 3798 1354 3860 ταῖς
1386 3799 1545 3868 χερσὶ
1590 3800 1859 3871 περιδρα-

288 3880 543 3953 ξάμενος.
572 3883 805 3939 Ἔπειτα
834 3884 1093 3938 εἰσελθὼν
1127 3889 1205 3949 είς
1226 3888 1353 3942 θέαν
1380 3890 1472 3942 τοῦ
1499 3891 1695 3962 νεκροῦ
1723 3893 1863 3946 λέον-

286 3990 398 4038 τος,
427 3975 526 4027 καὶ
548 3974 728 4046 εὑρὼν
759 3977 926 4047 ἐσμὸν
964 3978 1235 4048 μελισσῶν
1263 3981 1727 4053 ἐπικαθεζόμενον
1759 3988 1859 4039 αύ-

288 4066 381 4119 τοῦ
412 4066 494 4137 τῷ
544 4068 776 4139 κρανίῳ,
818 4069 940 4140 μέλι
987 4070 1169 4125 λαϐὼν
1225 4072 1282 4137 ἐξ
1331 4074 1497 4127 αὑτοῦ
1558 4076 1854 4146 βέϐρωκεν.

299 4160 692 4233 Ἀθετούμενος
740 4166 828 4217 διὰ
859 4169 1114 4233 γυναῖκα,
1144 4168 1212 4238 ἢν
1248 4169 1465 4241 ἐθνικὴν
1514 4169 1678 4223 οὖσαν
1719 4171 1860 4241 ἠγά-

288 4267 438 4319 γετο,
487 4254 640 4326 παρά
684 4255 780 4308 τοῦ
844 4256 1049 4327 πατρὸς
1123 4260 1314 4329 αὐτῆς,
1361 4263 1688 4329 τιμωρεῖται
1737 4263 1861 4325 τοὺς

293 4347 613 4416 συμφύλους
669 4348 834 4401 αὑτοῦ
892 4350 1086 4422 ταύτῃ.
1154 4352 1511 4422 Τριακοσίους
1569 4352 1863 4417 ἀλώπεκας

293 4439 717 4511 συλλαϐόμενος,
756 4442 1019 4497 καὶκατὰ
1047 4443 1141 4496 δύο
1183 4446 1500 4515 προσδήσας
1542 4445 1725 4499 αὐτῶν
1764 4448 1865 4509 τὰς

293 4530 530 4600 κέρκους
586 4532 869 4602 λαμπάσιν
921 4534 1280 4605 ἐξημμέναις,
1332 4538 1472 4590 κατά
1522 4537 1623 4601 τὰς
1678 4538 1864 4609 χώρας

2037 2512 2166 2567 Post
2196 2512 2310 2568 haec
2340 2528 2532 2568 rursus
2560 2512 2838 2582 peccantis
2864 2512 3051 2583 populi
3096 2520 3153 2569 et
3178 2512 3342 2582 impie
3378 2527 3542 2582 agen-

1965 2605 2033 2658 tis
2055 2604 2257 2659 domini
2287 2605 2526 2659 evadunt
2564 2608 2769 2662 hostes.
2829 2604 3006 2662 Judex
3037 2606 3332 2677 praeﬁcitur
3375 2605 3543 2677 Jeph-

1965 2698 2088 2753 thae
2116 2697 2447 2765 Galaadites,
2488 2700 2580 2768 qui
2606 2714 2729 2755 cum
2762 2709 2920 2769 gente
2942 2700 3309 2755 Ammanitiea
3338 2701 3539 2756 bellum

1965 2788 2368 2845 commissurus
2395 2790 2545 2843 vovit
2601 2804 2700 2860 pro
2738 2790 2990 2854 victoria,
3046 2790 3361 2845 oblaturum
3386 2806 3446 2846 se
3487 2792 3541 2846 in

1968 2881 2299 2936 sacrificium
2337 2898 2435 2952 pro
2483 2882 2709 2938 victoria
2759 2897 3143 2955 quemcunque
3187 2885 3427 2954 primum
3476 2884 3544 2939 de

1964 2972 2127 3027 domo
2154 2987 2252 3027 sua
2290 2974 2579 3029 revertenti
2629 2984 3008 3031 occurrentem
3078 2976 3411 3033 olfendisset.
3441 2975 3545 3032 Oe-

1963 3066 2133 3119 currit
2166 3080 2291 3120 vero
2323 3066 2372 3120 ei
2411 3066 2688 3134 unigenita
2720 3067 2872 3137 virgo
2899 3068 3029 3133 ﬁlia,
3052 3084 3217 3137 quam
3251 3070 3489 3124 habebat
3525 3088 3538 3124 :

1964 3170 2129 3225 quam
2179 3157 2343 3211 etiam
2402 3157 2618 3223 obtulit,
2654 3158 2836 3226 puella
2870 3160 3135 3228 seipsam
3183 3176 3403 3230 quoque
3462 3162 3541 3212 nl-

1854 3293 1867 3305 ,
1891 3246 1936 3305 C
1971 3252 2055 3299 tro
2083 3243 2366 3299 olferente.

2041 3333 2237 3390 lterum
2276 3336 2330 3390 in
2363 3336 2558 3406 pietate
2589 3336 2975 3408 refrigescente
3005 3338 3227 3407 populo,
3260 3339 3544 3394 comulca-

1971 3433 2135 3494 toque
2190 3441 2221 3479 a
2284 3426 2639 3489 Philisthmis,
2678 3442 2801 3481 cum
2834 3426 3200 3481 calamitatem
3252 3441 3547 3497 conquere-

1971 3525 2140 3583 retur,
2176 3515 2235 3571 ﬁt
2277 3516 2445 3587 judex
2501 3518 2733 3572 Samson
2770 3515 3049 3572 Nazirzeus
3101 3518 3543 3581 conversatione.

1968 3606 2064 3677 qui
2104 3607 2157 3661 in
2190 3609 2401 3678 capillis
2432 3624 2561 3663 suas
2586 3610 2730 3664 vires
2770 3609 3023 3665 habebat.
3064 3610 3147 3665 Ae
3197 3611 3376 3680 primo
3426 3612 3548 3681 qui-

1968 3700 2091 3755 dem
2128 3700 2338 3756 leonem
2368 3701 2586 3755 obvium
2624 3700 2726 3756 sibi
2752 3718 2817 3757 ex
2847 3698 3042 3757 itinere
3074 3702 3347 3758 interfecit
3371 3703 3548 3758 mani-

1969 3797 2073 3855 bus
2105 3799 2508 3869 apprehensum
2568 3817 2582 3853 :
2635 3798 2829 3854 deinde
2874 3813 3152 3869 regressus
3206 3800 3273 3853 ad
3323 3800 3547 3869 conspi-

1969 3892 2224 3947 ciendum
2258 3902 2534 3947 mortuum
2571 3892 2723 3947 illum
2748 3892 2959 3947 leonem
2988 3931 3003 3957 ,
3044 3907 3167 3947 eum
3203 3908 3366 3962 apum
3417 3909 3549 3947 exa-

1973 3999 2093 4037 men
2131 3983 2432 4039 invenisset
2462 3984 2703 4039 insidens
2756 3984 2811 4037 in
2850 3985 2969 4054 ejus
3014 3984 3271 4049 calvaria,
3330 3994 3549 4054 arrepto

1971 4077 2157 4139 melle,
2220 4093 2285 4131 cx
2322 4077 2413 4130 illo
2439 4077 2696 4130 comedit.
2758 4076 3119 4146 Repudiatus,
3192 4094 3260 4131 ne
3319 4092 3547 4132 uxorem

1973 4168 2197 4221 haberet
2226 4168 2505 4220 mulierem
2552 4168 2849 4231 etlmieam,
2890 4183 3053 4236 quam
3082 4169 3283 4223 dueere
3310 4170 3547 4234 volebat,

1972 4255 2039 4307 ab
2066 4255 2180 4321 ejus
2234 4264 2402 4323 patre,
2440 4252 2774 4307 eontribules
2810 4252 2956 4307 illius
3004 4264 3285 4322 propterea
3329 4255 3409 4310 sic
3468 4257 3551 4309 nl-

1974 4354 2061 4398 tns
2091 4355 2197 4397 est.
2255 4343 2440 4412 Captis
2472 4343 2726 4398 trecentis
2760 4342 3036 4412 vulpibus,
3075 4342 3329 4411 binisque
3352 4359 3544 4400 earum

1974 4436 2166 4489 caudis
2226 4434 2499 4505 colligatis
2565 4449 2690 4488 cum
2751 4432 3000 4489 accensis
3076 4433 3439 4504 lampadibus,
3492 4435 3546 4491 in

1975 4544 2135 4596 agros
2164 4529 2407 4582 dimittit.
2438 4526 2553 4582 [loc
2582 4526 2747 4597 igitur
2784 4527 2946 4580 modo
2975 4526 3153 4597 fruges
3180 4541 3368 4580 eorum
3424 4528 3548 4582 uni-

289 4618 581 4675 ἀπέλυσεν.
609 4620 766 4675 Οὕτω
796 4622 928 4690 γοῦν
951 4624 1133 4676 αὐτῶν
1157 4623 1401 4689 ἅπαντας
1432 4626 1557 4689 τοὺς
1617 4624 1862 4697 καρπούς

1979 4638 2163 4676 versas
2200 4622 2353 4692 (erat
2383 4635 2621 4690 namque
2652 4619 2847 4675 messis
2910 4619 3162 4691 tempus)
3222 4621 3545 4679 combussit.

293 4712 405 4779 (καὶ
435 4712 545 4783 γάρ
566 4707 635 4783 ἦν
663 4714 874 4785 ἀμητοῦ
900 4715 1112 4785 καιρὸς)
1163 4718 1482 4787 ἐνέπρησεν.
1507 4719 1736 4771 Ἔπειτα
1770 4735 1867 4770 πο-

296 4803 526 4874 λεμοῦσι
558 4809 674 4870 τοῖς
714 4808 1060 4874 Ἀλλοφύλοις
1091 4810 1182 4861 τὶν
1206 4810 1336 4863 λαὸν
1369 4810 1456 4863 διὰ
1484 4812 1583 4880 τὴν
1607 4811 1868 4883 τοιαύτην

296 4901 389 4951 τοῦ
424 4898 669 4967 Σαμψὼν
706 4900 944 4964 ἀδικίαν,
997 4899 1147 4962 λύσις
1180 4900 1524 4970 ὁμολογεῖται
1564 4902 1657 4956 τοῦ
1709 4904 1869 4958 πολέ-

299 5006 399 5059 μου
432 4991 706 5059 γενέσθαι,
739 4992 787 5044 εί
819 4993 909 5045 τὸν
944 4991 1181 5063 Σαμψὼν
1222 4993 1441 5063 δέσμιον
1476 4996 1659 5059 αὐτοῖς
1690 5015 1869 5067 παρα-

306 5082 463 5153 δῷεν.
495 5085 606 5137 Kal
633 5084 896 5153 δήσαντες
927 5085 1121 5138 ἐκόντα
1165 5086 1213 5136 οἱ
1261 5088 1633 5155 προσήκοντες
1692 5088 1871 5142 καλω·

295 5175 448 5241 δίοις,
485 5177 790 5247 παρέδοσαν
817 5179 929 5241 τοῖς
979 5177 1347 5244 Ἀλλοφύλοις.
1388 5179 1445 5231 '0
1479 5179 1533 5232 δὲ
1559 5182 1871 5251 παραυτίκα

298 5271 366 5323 τὰ
394 5269 572 5340 δεσμά
599 5269 923 5340 διαρρήξας,
952 5270 1046 5321 καὶ
1103 5270 1350 5337 σιαγόνος
1398 5272 1588 5324 ὀστέου
1649 5289 1875 5343 περιτυ-

302 5363 408 5433 χὼν
430 5362 580 5429 ϐνου,
612 5361 821 5432 χιλίους
855 5361 1036 5414 αὐτῶν
1063 5363 1119 5413 ἐν
1143 5362 1290 5431 αύτῷ
1315 5361 1489 5415 παίων
1528 5364 1870 5421 ἀπέκτεινεν.

316 5457 406 5509 Ἐκ
436 5456 492 5509 δὲ
517 5455 612 5508 τοῦ
643 5456 812 5508 κόπου
838 5454 937 5525 τῆς
969 5455 1305 5524 ἀναιρέσεως
1336 5455 1515 5508 αὐτῶν
1561 5456 1704 5526 δίψει
1747 5458 1876 5527 φλε-

307 5552 555 5617 γόμενος,
592 5547 897 5602 ἀπώλλυτο.
931 5548 1041 5600 Kal
1074 5547 1232 5600 πάλιν
1279 5546 1572 5601 ἀπολαϐὼν
1612 5549 1711 5619 τὴν
1756 5568 1875 5603 σια-

307 5643 457 5708 γόνα,
488 5641 637 5712 ὓδωρ
666 5640 816 5711 αὐτῷ
850 5640 1095 5711 ρύσασαν
1123 5642 1245 5693 ὅσον
1276 5642 1531 5696 ἰάσασθαι
1579 5644 1677 5715 τὴν
1718 5644 1875 5713 δίψαν

310 5735 556 5803 ἠδύνατο,
596 5732 817 5806 εὕρατο.
888 5733 1111 5786 ’Λλλοτε
1163 5734 1219 5787 δὲ
1272 5735 1598 5806 προσϐαλὼν
1652 5740 1718 5808 τῇ
1772 5738 1810 5789 Γ
1813 5756 1876 5791 α-

313 5829 473 5891 ζαίων
540 5826 729 5892 πόλει,
786 5826 881 5879 καὶ
942 5826 1289 5897 καθεσθήσας
1367 5830 1516 5899 παρα
1596 5847 1700 5883 τινι
1782 5848 1878 5900 γυ-

317 5920 473 5989 ναικὶ,
503 5920 832 5991 ἐφυλάττετο
857 5921 1005 5989 παρά
1024 5920 1131 5972 τῶν
1160 5919 1390 5975 πολιτῶν
1423 5922 1555 5993 πρὸς
1576 5922 1876 5992 ἀναίρεσιν*

626 6014 895 6076 ΡΑΤιιοῐ..
941 6016 1055 6076 Ga.
1103 6016 1253 6077 CVI.

1977 4710 2222 4765 Subinde
2257 4708 2588 4764 bellantibus
2622 4707 2956 4763 Philisthaeis
2989 4724 3115 4762 eum
3158 4710 3356 4779 populo
3383 4726 3539 4781 prep-

1974 4816 2056 4858 ter
2089 4806 2227 4859 hanc
2255 4802 2540 4858 Samsonis
2574 4818 2794 4866 noxam,
2824 4803 3148 4857 convenitur
3179 4803 3543 4861 dirimendum

1975 4899 2197 4961 bellum,
2219 4900 2263 4952 si
2281 4896 2496 4967 quidem
2522 4894 2845 4950 Samsonem
2866 4896 2975 4950 illis
2996 4896 3235 4951 vinctum
3254 4898 3547 4953 traderent.

1978 4989 2289 5045 Vineientes
2322 5003 2452 5059 ergo
2500 4986 2586 5042 sui
2645 4986 2921 5042 hominem
2960 4988 3011 5040 id
3086 4988 3229 5042 ultro
3282 4986 3547 5045 ferentem

1976 5081 2236 5145 restibus,
2264 5081 2605 5134 tradiderunt
2630 5078 2984 5134 Philistha-is.
3008 5078 3076 5133 At
3102 5079 3190 5134 ille
3220 5080 3404 5134 statim
3432 5080 3551 5135 vin-

1977 5175 2099 5228 rula
2125 5175 2464 5243 dirumpeus,
2498 5174 2828 5241 inventoque
2850 5190 2973 5227 nsse
3016 5174 3252 5227 maxilla:
3298 5174 3459 5239 asini,
3486 5190 3550 5229 eo

1978 5269 2229 5322 millenos
2251 5282 2442 5323 eorum
2477 5268 2690 5322 exedens
2720 5265 3011 5321 interfecit.
3045 5266 3126 5321 Ob
3156 5266 3395 5321 laborem
3423 5281 3550 5321 vero

1980 5362 2372 5418 internecionis
2407 5362 2624 5416 illorum
2661 5361 2749 5417 siti
2793 5361 3011 5425 ardens,
3055 5362 3277 5429 jamjam
3325 5360 3555 5415 deﬁcere

1979 5455 2285 5511 videbatur.
2348 5456 2548 5509 lterum
2614 5455 2779 5525 igitur
2851 5466 3066 5523 arrepta
3133 5453 3392 5519 maxilla,
3447 5453 3554 5507 sibi

1979 5564 2178 5619 aquam
2211 5548 2599 5603 seaturientcm
2628 5549 2849 5617 reperit,
2879 5558 3081 5617 quanta
3114 5547 3202 5601 siti
3235 5548 3437 5602 mederi
3464 5563 3557 5617 po-

1982 5653 2139 5699 terat.
2171 5644 2478 5714 Aliquando
2502 5646 2765 5700 aceedcns
2803 5642 2869 5696 ad
2904 5642 3221 5696 Gazzeorum
3255 5641 3556 5708 civitatem,

1984 5737 2401 5807 hospitatusque
2431 5751 2594 5807 penes
2627 5735 2919 5806 quamdam
2954 5734 3258 5800 mulierem,
3294 5736 3554 5790 observa-

1983 5830 2112 5883 bant
2142 5844 2266 5884 eum
2301 5829 2670 5893 civitatenses,
2709 5837 2764 5880 ut
2794 5841 2824 5879 e
2855 5824 3033 5879 medio
3066 5825 3335 5880 tollerent.
3371 5825 3438 5879 At
3469 5827 3558 5880 ille

1985 5931 2149 5976 noctu
2229 5929 2603 5989 experrectus,
2670 5919 3132 5989 conspicatusquc
3187 5916 3444 5973 custodes
3500 5916 3552 5970 in

3164 6014 3200 6072 3
