4032 6594
491 444 564 508 75
1967 445 2264 508 JOSEPB:
3681 448 3753 509 76

494 556 667 627 portis
718 555 1075 621 dormientes,
1128 568 1292 626 super
1352 554 1600 611 humeris
1648 568 1771 610 cum
1820 556 2062 625 postibus

2175 560 2204 610 ὁ
2235 556 2292 609 δὲ
2327 556 2544 628 νύκτωρ
2596 558 2862 629 ἐγερθεὶς,
2910 559 3005 613 καὶ
3056 558 3185 623 τοὺς
3223 556 3471 628 φύλακας
3518 555 3578 610 ὲν
3630 558 3753 618 ταῖς

491 650 845 719 vectibusquc
876 648 1010 718 ipsis
1043 658 1097 703 et
1124 648 1405 719 apsidibus
1432 659 1621 719 portas
1652 648 1970 713 sustollens,
2008 649 2061 703 in

490 744 743 814 opposito
770 742 977 799 civitati
1016 742 1159 799 clivo
1195 740 1472 812 deposuit,
1501 742 1595 812 qui
1630 742 1816 797 decem
1872 740 2064 797 stadiis

489 836 697 901 aberat.

562 1015 747 1070 Victus
779 1029 997 1086 quoque
1051 1022 1238 1085 postea
1267 1011 1499 1068 ethnicae
1525 1010 1860 1066 mulierculae
1913 1008 2058 1064 desi-

487 1108 663 1174 derio,
712 1123 837 1162 cum
886 1107 1077 1164 fuisset
1110 1106 1517 1163 circumventus
1588 1112 1645 1157 ut
1693 1102 1949 1166 ediceret,
2008 1101 2061 1155 in

488 1215 725 1270 quanam
762 1214 818 1253 re
849 1206 1060 1254 tantum
1117 1199 1286 1253 robur
1316 1195 1639 1267 possideret,
1675 1194 1927 1250 hostibus
1966 1192 2063 1247 de-

487 1295 635 1348 ditus
669 1302 772 1348 est.
803 1293 1101 1363 Postquam
1134 1292 1280 1345 enim
1326 1290 1476 1345 novit
1517 1287 1839 1343 muliercula
1897 1287 2067 1341 robur

486 1385 540 1439 in
579 1386 826 1440 crinibus
863 1385 983 1454 ejus
1018 1384 1253 1454 positum
1282 1397 1423 1444 esse,
1458 1381 1730 1447 imbellem
1785 1395 1910 1435 cum
1941 1378 2064 1433 red-

485 1478 622 1533 didit
665 1478 846 1534 crines
901 1476 1212 1533 attondens.
1270 1474 1615 1544 Aceipientes
1665 1473 1830 1542 igitur
1886 1472 2061 1536 illum,

485 1573 757 1640 captivum
815 1571 1054 1625 habuere
1088 1570 1299 1635 hostes,
1358 1569 1767 1637 illudebantque
1820 1566 1869 1621 ei
1922 1562 2064 1634 apud

488 1666 620 1721 deos
650 1680 782 1720 suos
812 1664 1191 1725 convivantes.
1225 1663 1557 1731 cmcalisquc
1594 1660 1769 1716 oculis
1815 1673 1938 1713 eum
1987 1656 2066 1712 sic

485 1758 812 1813 multarunt.
850 1758 920 1812 At
950 1756 1047 1811 ubi
1073 1756 1249 1819 sensit
1283 1756 1509 1825 capillos
1533 1770 1665 1810 suos
1700 1754 2063 1815 succrevisse,

484 1866 549 1905 ac
591 1851 757 1908 robur
789 1850 969 1907 inesse
1008 1849 1144 1915 sibi,
1177 1857 1299 1903 orat
1339 1847 1534 1913 Deum,
1568 1856 1623 1901 ut
1651 1847 1945 1902 vindictam
1978 1844 2062 1900 sui

484 1941 676 1999 faciat.
718 1942 856 2009 Cum
890 1956 1020 2011 ergo
1053 1940 1475 1996 convivantibus
1506 1939 1758 1995 hostibus
1784 1938 1927 2008 apud
1972 1953 2062 1993 eo-

2172 1937 2464 1992 ποιεϊσθαι.
2523 1938 2636 1991 Καὶ
2704 1937 2963 2009 βληθεὶς,

484 2052 606 2099 rum
642 2036 797 2103 deos,
831 2035 1103 2099 adductus
1129 2031 1324 2088 fuisset
1366 2040 1427 2086 ut
1462 2032 1816 2097 itluderetur;
1871 2034 2063 2085 ducem

481 2132 832 2199 precabatur,
873 2136 1015 2182 utsc
1039 2126 1105 2179 ad
1145 2124 1432 2180 columnas
1460 2122 1706 2187 duceret,
1767 2137 1885 2192 qua:
1922 2130 2062 2177 tem-

484 2222 630 2291 plum
656 2220 1020 2276 sustinebant.
1052 2217 1157 2279 Ubi
1181 2216 1270 2272 ille
1295 2231 1395 2273 nec
1416 2216 1687 2271 videntem
1712 2230 1777 2272 eo
1804 2214 2058 2277 adduxit,

486 2313 900 2385 apprehendens
953 2311 1207 2377 manibus
1262 2309 1453 2365 ambas
1495 2309 1802 2372 columnas.
1866 2324 2063 2379 magna

486 2424 616 2462 voce
649 2406 893 2461 clamans
941 2403 1006 2458 ad
1041 2403 1233 2469 Deum,
1261 2402 1313 2455 in
1364 2400 1641 2455 interitum
1664 2400 1748 2454 sui
1770 2400 2067 2470 populique

487 2499 581 2570 qui
613 2504 944 2552 convenerat
972 2494 1035 2549 ad
1072 2492 1519 2563 conspiciendum
1569 2508 1695 2547 eum
1746 2508 1812 2548 ex
1871 2500 2065 2548 conlu-

488 2588 674 2653 mclia,
711 2588 972 2657 templum
1002 2584 1224 2640 evulsit.
1254 2580 1370 2647 Hoc
1420 2582 1584 2654 igitur
1612 2580 1776 2639 modo
1828 2590 1883 2636 et
1928 2588 2066 2636 tem-

489 2682 638 2753 plum
670 2680 963 2741 convulsit.
996 2687 1053 2739 et
1087 2677 1327 2747 seipsum
1393 2691 1516 2732 eum
1564 2690 1761 2746 magna
1827 2674 2066 2731 civitatis

489 2773 841 2829 multitudine
874 2789 903 2828 e
929 2771 1108 2837 medio
1143 2770 1386 2835 sustulit,
1427 2769 1589 2839 longe
1617 2767 1799 2838 plures
1859 2765 2066 2823 interﬁ-

490 2869 644 2924 eieus
671 2868 800 2924 dum
827 2866 1079 2931 moritur,
1105 2879 1267 2936 quam
1304 2879 1445 2934 quos
1471 2863 1627 2919 vivus
1659 2860 1957 2918 occiderat.

592 3002 744 3059 CAP.
778 3000 986 3056 LXXII.
1017 3031 1083 3043 --
1120 3000 1251 3067 Quae
1277 2999 1414 3053 mira
1446 2998 1679 3069 patravit
1718 2996 1959 3055 Samuel.

552 3186 689 3240 Cum
726 3184 905 3238 adhuc
940 3182 1153 3253 puellus
1179 3188 1348 3245 esset,
1376 3180 1615 3234 divinam
1649 3178 1823 3233 audiit
1873 3192 2065 3233 vocem

2174 648 2375 713 πύλαις
2410 649 2774 714 καθεύδοντας
2836 650 3199 722 θεασάμενος,
3262 650 3352 704 ἐπ’
3403 649 3569 719 ὤμων
3616 649 3757 719 μετά

2172 741 2283 795 τῶν
2334 743 2724 813 παραστάδων,
2786 744 3005 814 μοχλοῖς
3074 744 3258 806 αὐτοῖς
3289 744 3383 796 καὶ
3429 740 3606 811 ἀψίσι,
3658 742 3755 803 τὰς

2173 833 2349 896 πύλας
2383 835 2683 905 ἀράμενος,
2737 835 2818 898 είς
2852 836 2942 888 τὸν
2997 836 3339 905 κατάντικρυ
3384 835 3482 904 τῆς
3545 833 3755 897 πόλεως

2174 923 2363 994 βουνὸν
2391 926 2649 990 ἀπέθετο,
2682 926 2812 979 δέκα
2846 927 3094 991 σταδίους
3127 926 3416 995 ἀπέχοντα.

2254 1015 2535 1087 Ἠττηθεὶς
2584 1016 2629 1070 δ’
2686 1019 2765 1080 είς
2818 1016 3045 1089 ὕστερον
3084 1016 3402 1079 ἀλλοεθνοῦς
3450 1014 3601 1085 πόθῳ
3654 1032 3755 1084 γυο

2171 1108 2378 1173 ναικὸς,
2415 1109 2511 1161 καὶ
2535 1110 2635 1179 τὴν
2677 1109 2851 1180 ἀλκὴν
2880 1110 2937 1163 ἐν
2975 1111 3081 1163 τίνι
3118 1109 3382 1178 κέκτηται
3416 1108 3755 1179 βιασαμένης

2172 1199 2333 1253 αὑτὸν
2366 1199 2627 1266 ἐξειπεῖν,
2683 1199 2954 1271 προύδὸοη
2986 1203 3097 1264 τοῖς
3130 1199 3430 1270 πολεμίοις.
3475 1198 3624 1250 Ἐπεὶ
3644 1196 3755 1267 γὰρ

2172 1292 2313 1360 ἐγνω
2335 1293 2394 1345 τὸ
2421 1292 2639 1359 γύναιον
2659 1292 2758 1363 τὴν
2778 1293 2948 1363 ἀλκὴν
2977 1295 3035 1346 ἐν
3061 1296 3181 1356 ταῖς
3201 1294 3375 1364 θριξὶν
3392 1292 3541 1361 αύτῷ
3566 1294 3758 1363 παροί-

2172 1402 2281 1445 ναι,
2310 1383 2519 1454 ἀναλκῆ
2546 1384 2801 1449 διέδειξεν
2834 1384 3021 1438 τοῦτον
3050 1385 3463 1456 ἀποξυράσασα.
3485 1385 3757 1445 Λασόντες

2171 1476 2228 1529 δὲ
2252 1477 2434 1540 αὑτὸν,
2465 1476 2816 1546 αἰχμάλωτον
2844 1473 2989 1547 εἶχον
3007 1479 3056 1529 οἱ
3077 1478 3345 1548 πολέμιοι,
3378 1478 3470 1531 καὶ
3486 1475 3756 1530 κατέπαιο

2173 1568 2265 1634 ζον
2290 1569 2455 1622 αὑτοῦ
2490 1571 2638 1639 παρὰ
2664 1570 2793 1633 τοὺς
2820 1570 3026 1622 ἑαυτῶν
3057 1569 3212 1633 θεοὺς
3243 1570 3631 1639 εὐωχούμενοι,
3658 1568 3755 1619 καὶ

2173 1663 2288 1723 τοῖς
2322 1660 2567 1732 ὄμμασιν
2619 1662 2783 1716 αὐτὸν
2839 1663 3195 1733 πηρὼσαντες
3246 1662 3526 1725 ἐκόλαζον.
3570 1659 3659 1723 Ὠς
3694 1658 3753 1710 δὲ

2172 1753 2393 1821 ἐπέγνω
2422 1755 2522 1817 τὰς
2580 1754 2774 1827 τρίχας
2806 1755 2970 1808 αὑτοῦ
2998 1755 3273 1824 προϊέναι,
3309 1756 3403 1807 καί
3436 1752 3535 1823 τὴν
3582 1749 3754 1821 ἀλκὴν

2175 1843 2513 1913 ἐγγίνεσθαι,
2546 1845 2839 1917 ἐπεύχεται
2876 1846 2952 1917 τῷ
2979 1846 3099 1916 Θεῷ
3128 1846 3226 1916 τὴν
3271 1846 3551 1915 ἐκδίκησιν
3583 1842 3755 1897 αὐτοῦ

3026 1937 3419 2008 εὐωχουμένων
3492 1935 3599 1988 τῶν
3664 1936 3758 2005 ἐχ-

2168 2029 2313 2100 θρῶν
2342 2029 2498 2100 παρὰ
2536 2031 2660 2093 τοὺς
2685 2031 2915 2083 ἐκείνων
2947 2030 3122 2095 θεοὺς,
3172 2031 3253 2093 είς
3311 2028 3372 2082 τὸ
3419 2026 3757 2091 καταπαὶζε-

2168 2120 2311 2187 σθαι,
2347 2121 2502 2190 ἠξίου
2562 2122 2652 2175 τὸν
2708 2121 2919 2191 ὁδηγὸν,
2965 2121 3118 2193 παρά
3142 2121 3271 2183 τοὺς
3323 2121 3510 2181 κίονας
3568 2118 3752 2187 ἄγειν,

2166 2216 2293 2277 τοὺς
2354 2214 2446 2267 τὸν
2498 2214 2625 2268 ναὸν
2694 2214 3097 2285 ὑποφέροντας.
3167 2214 3258 2277 Ὠς
3333 2213 3392 2267 δὲ
3461 2207 3597 2283 ἦγεν
3654 2210 3757 2280 οὐχ

2165 2308 2401 2379 ὁρῶντα,
2441 2309 2779 2380 δραξάμενος
2809 2311 2917 2365 τῶν
2966 2310 3058 2365 δύο
3085 2311 3298 2375 κιόνων,
3333 2309 3429 2363 καὶ
3457 2310 3598 2380 μέγα
3631 2309 3761 2381 βοή-

2171 2418 2269 2465 σας
2302 2402 2439 2472 πρὸς
2470 2402 2564 2455 τὸν
2596 2402 2750 2469 Θεὸν,
2779 2402 2901 2456 καθ’
2943 2402 3138 2457 ἐαυτοῦ
3199 2404 3295 2456 καὶ
3346 2401 3443 2456 τοῦ
3499 2404 3753 2455 συναυλι-

2168 2494 2392 2558 σθέντος
2453 2496 2533 2559 είς
2579 2495 2678 2566 τὴν
2728 2496 2817 2565 ἐφ’
2870 2495 3029 2566 ὓϐριν
3081 2495 3211 2549 θέαν
3246 2495 3414 2550 αὐτοῦ
3475 2493 3629 2562 λαοῦ,
3660 2494 3754 2547 τὸν

2167 2587 2295 2641 ναὸν
2323 2587 2690 2643 ἐπεσπάσατο.
2713 2587 2871 2643 Οὔτω
2898 2588 3028 2657 γοῦν
3074 2588 3166 2642 τόν
3206 2605 3267 2641 τε
3299 2586 3427 2642 ναὸν
3470 2588 3752 2641 κατέσπα-

2171 2697 2284 2744 σεν,
2345 2681 2440 2734 καὶ
2500 2681 2695 2734 ἑαυτὸν
2745 2680 2887 2751 μετά
2930 2680 3026 2734 τοῦ
3085 2680 3187 2751 τῆς
3253 2681 3462 2745 πόλεως
3513 2679 3754 2751 πλήθους

2168 2772 2372 2837 ἀνεῖλε,
2411 2771 2634 2836 πλείους
2678 2772 3006 2837 ἀποκτείνας
3073 2774 3131 2828 ἐν
3157 2772 3235 2845 τῷ
3276 2773 3558 2845 θνήσκειν,
3602 2773 3751 2844 ἢπερ

2169 2861 2280 2927 ζῶν
2313 2865 2661 2919 ἀπέκτεινεν.

2170 2998 2421 3053 ΚΕΦᾹΛ.
2459 3000 2577 3053 OB'.
2606 3029 2675 3041 —
2715 3000 2852 3054 Τίνα
2886 3000 3017 3071 ἐστὶ
3050 3000 3123 3055 τὰ
3152 3000 3250 3055 διὰ
3304 2999 3591 3071 Σαμουὴλ
3619 2999 3752 3059 δια-

2593 3069 2979 3141 πεπραγμένα
3032 3074 3323 3140 θαύματα.

2242 3205 2547 3276 Μειράκιον
2606 3205 2680 3259 ῶν
2712 3206 2814 3271 ἐτι,
2866 3206 3015 3271 θείας
3042 3207 3207 3279 ήκουε
3234 3207 3425 3278 φωνῆς⁸
3443 3207 3502 3260 ἐν
3530 3209 3605 3279 τῇ
3629 3208 3753 3280 ἱερᾷ

490 3280 755 3335 educatus
787 3278 842 3332 in
874 3292 1031 3333 sacro
1064 3275 1440 3338 tabernaculo,
1478 3274 1722 3328 futurum
1753 3272 1961 3327 scilicet
2010 3280 2062 3326 ut

2170 3272 2736 3371 ’σκηνῇ-τρεφόμενος,
2767 3300 2842 3364 ὼς
2886 3300 3036 3354 Ἠλεὶ
3126 3272 3425 3373 ἀρχιερεύς⁷
3460 3272 3754 3365 novistis};

490 3372 603 3427 Heli
636 3388 759 3426 cum
790 3380 903 3425 tota
935 3370 1102 3424 domo
1156 3367 1400 3439 pontifex
1431 3382 1460 3421 a
1492 3366 1771 3436 pontificio
1800 3363 2060 3419 detrude-

488 3474 661 3519 retur.
695 3463 823 3517 Fuit
851 3462 1107 3518 sacerdos
1139 3462 1303 3515 simul
1352 3470 1406 3515 et
1463 3459 1725 3530 propheta
1786 3466 1840 3512 et
1895 3457 2065 3527 judex

488 3556 694 3627 populi,
732 3567 894 3626 atque
927 3555 980 3609 in
1009 3554 1355 3610 aristocratia
1389 3553 1606 3607 clavum
1641 3552 1959 3621 reipublicae
1988 3561 2067 3605 te-

488 3664 624 3703 nens
656 3648 889 3717 insignis
933 3645 1034 3702 fuit
1069 3661 1163 3715 per
1202 3645 1407 3699 omnia.
1442 3646 1710 3715 Populum
1743 3644 1962 3698 edocuit
1988 3643 2065 3696 le-

486 3755 613 3809 gum
653 3736 1027 3792 observationi
1057 3751 1280 3807 operam
1318 3736 1477 3802 dare;
1517 3746 1576 3790 ut
1630 3742 1896 3805 pugnaret
1939 3747 2064 3787 cum

485 3831 878 3887 Pliilistlneis'o
914 3830 1176 3885 doctrinae
1222 3838 1465 3898 tempore
1497 3827 1901 3899 ingruentibus,
1945 3825 2065 3880 ani-

485 3938 607 3979 mos
639 3922 872 3987 suffecit,
905 3922 1033 3977 dum
1064 3922 1321 3976 admonet
1344 3937 1411 3976 ne
1438 3928 1742 3975 metuerent
1767 3920 2066 3989 aggressio-

496 4032 616 4072 nem
656 4017 1024 4071 multitudinis
1070 4016 1532 4071 adversariorum.
1568 4014 1760 4070 Statim
1821 4014 1985 4085 igitur
2033 4027 2063 4066 a

486 4107 886 4177 supplicatione
930 4115 1152 4178 peracto
1184 4107 1480 4173 sacrificio,
1542 4107 1729 4162 hostes
1776 4104 1829 4159 in
1880 4103 2062 4175 fugam

485 4200 665 4261 vertit,
697 4213 763 4253 ac
786 4199 1073 4253 victoriam
1103 4198 1169 4253 de
1205 4198 1312 4253 illis
1367 4197 1571 4267 populo
1627 4196 1874 4261 tradidit,
1924 4209 2065 4265 quos

484 4292 681 4346 divites
738 4291 1009 4347 effecitex
1065 4292 1281 4361 spoliis,
1311 4306 1431 4360 quae
1494 4290 1859 4351 abstulerunt,
1916 4297 2066 4358 post-

482 4400 647 4454 quam
683 4398 779 4441 eos
840 4385 1187 4441 interfecere.
1241 4383 1452 4452 Populo
1500 4382 1814 4452 postulante
1863 4389 1922 4434 ut
1966 4396 2064 4434 ceu

482 4479 706 4546 reliquae
738 4486 931 4546 gentes
964 4492 993 4529 a
1021 4492 1146 4546 rege
1176 4476 1598 4544 gubernaretur,
1640 4472 1862 4527 Saulem
1888 4473 2062 4538 unxit,

481 4572 643 4639 eique
707 4578 871 4623 uncto
938 4568 1188 4636 praedixit
1254 4581 1504 4635 quamam
1570 4564 1769 4620 indicia
1833 4582 1897 4620 ex
1970 4566 2063 4619 iti-

484 4675 612 4712 nere
679 4658 897 4712 abeunti
956 4665 1311 4712 occurrerent
1364 4669 1532 4722 regno
1564 4655 1708 4709 illius
1765 4654 1923 4709 fidem
1978 4653 2060 4711 fa-

483 4752 701 4805 cicutia.

555 4841 747 4896 llahita
781 4842 922 4912 apud
964 4841 1229 4912 populum
1284 4839 1547 4896 concione
1606 4841 1672 4896 de
1722 4843 1926 4912 optima
1973 4841 2057 4898 sui

486 4936 755 5004 superiori
791 4945 1034 5004 tempore
1089 4935 1477 5003 rempublicam
1516 4936 1935 4992 administrandi
1970 4952 2059 4990 ra-

484 5027 653 5091 tione,
686 5026 906 5080 edocuit
931 5035 981 5081 ct
1038 5035 1094 5081 ut
1130 5025 1343 5095 legibus
1376 5026 1703 5084 adhaereret.
1736 5034 1790 5081 et
1822 5041 1944 5097 qua:
1970 5042 2060 5080 cs-

482 5128 564 5175 set
594 5118 743 5186 regni
775 5126 1050 5186 potestas;
1082 5133 1257 5187 neque
1280 5120 1424 5173 enim
1460 5127 1662 5190 quanta
1691 5130 1836 5175 esset
1896 5134 2060 5175 nove-

483 5224 627 5269 rant.
673 5212 922 5268 Ostendit
973 5211 1107 5282 ipsis
1144 5212 1429 5267 inunctum
1490 5230 1697 5285 regem.
1751 5213 1872 5281 Quo
1931 5229 2060 5270 vero

483 5306 641 5359 fidem
697 5303 1015 5359 conciliaret
1072 5303 1377 5360 verissimis
1438 5306 1619 5363 verbis
1676 5309 1793 5363 suis
1842 5308 2060 5378 Deoque

481 5396 743 5465 acceptis,
779 5393 949 5447 Deum
982 5394 1198 5465 rogavit
1232 5403 1288 5449 ut
1316 5395 1532 5465 pluvias
1565 5398 1872 5454 exhiberet.
1935 5397 2059 5452 Sta-

479 5488 689 5558 timque
717 5486 1032 5543 tonitrubus
1063 5502 1126 5543 ac
1152 5488 1417 5547 divinitus
1452 5489 1719 5555 immissis
1748 5491 1920 5561 signis
1961 5492 2059 5547 ob-

480 5581 847 5647 venientibus,
884 5595 1057 5651 usque
1090 5582 1225 5638 adeo
1259 5582 1401 5639 Deus
1424 5584 1581 5654 pluit,
1607 5593 1667 5639 ut
1708 5585 1915 5641 veritus
1962 5601 2059 5655 po-

481 5671 642 5741 pulus
681 5673 876 5745 pluvia:
904 5674 1035 5740 vim,
1068 5676 1421 5732 confiteretur
1470 5691 1584 5732 rem
1645 5678 1748 5734 sibi
1778 5678 2058 5749 {divinitus

483 5764 826 5820 manifestam
859 5781 1001 5845 esse,
1034 5779 1323 5841 oraretque
1370 5771 1637 5841 propheta
1699 5771 1890 5840 Deum,
1951 5790 2059 5845 quo

551 5919 597 5951 ¹⁰
626 5920 643 5975 ι
670 5920 797 5991 lleg.
828 5939 923 5979 VII.

2170 3392 2278 3447 ἀπὸ
2310 3392 2409 3462 τῆς
2458 3392 2856 3463 ἀρχιεροσύνης
2916 3393 3286 3464 καθαιρεῑται.
3357 3393 3558 3465 Ἱερεύς
3613 3394 3755 3465 ὁμοῦ

2170 3486 2265 3540 καὶ
2290 3485 2585 3557 προφήτης
2633 3486 2727 3540 καὶ
2766 3486 2965 3558 κριτὴς
2998 3486 3293 3556 γενόμενος
3338 3486 3449 3539 τοῦ.
3482 3486 3638 3551 λαοῦ,
3692 3490 3755 3539 ὲν

2169 3576 2566 3648 ἀριστοκρατίᾳ
2599 3578 2983 3646 πρυτανεύσας
3012 3576 3389 3647 διέπρεψενέν
3412 3578 3604 3638 ἅπασι.
3645 3579 3755 3631 Τὸν

2170 3668 2297 3722 λαὸν
2324 3669 2857 3739 εύνομεῖνέδίδαοκεο
2876 3668 3095 3723 καὶτῶν
3122 3668 3753 3741 Ἀλλοφύλωνπολεμεῖν,

2168 3760 2309 3816 κατά
2334 3761 2424 3815 τὸν
2448 3761 2549 3831 τῆς
2579 3761 2927 3826 διδασκαλίας
2976 3763 3167 3833 καιρὸν
3225 3762 3569 3817 ἐπελθόντων.
3606 3780 3757 3833 παρο

2169 3852 2461 3926 εθάρῤυνε,
2500 3855 2785 3924 παραινῶν
2815 3854 2889 3924 μὴ
2937 3855 3172 3912 δεδιέναι
3220 3856 3317 3908 τοῦ
3360 3854 3601 3925 πλήθους
3639 3856 3754 3915 τῶν

2174 3947 2451 4018 πολεμίων
2486 3947 2583 4019 τὴν
2616 3947 2826 4016 ἔφοδον.
2865 3948 3184 4020 Παραυτίκα
3214 3948 3272 4002 δέ
3304 3946 3750 4017 τῆςθὲντεύξεως

2172 4040 2494 4111 ἱερουργῶν,
2540 4042 2665 4103 τοὺς
2698 4041 2993 4111 πολεμίους
3029 4041 3321 4111 ἐτρέψατο,
3354 4042 3450 4095 καὶ
3477 4044 3575 4111 τὴν
3619 4045 3754 4094 κατ’

2169 4132 2352 4185 αὐτῶν
2372 4133 2625 4186 ἀπεδίδου
2650 4132 2728 4204 τῷ
2756 4132 2871 4203 λαῷ
2898 4132 3081 4203 νίκην,
3108 4132 3400 4196 πλουσίους
3427 4132 3486 4198 ἐξ
3508 4126 3753 4186 ιῖ›ν.ιιαιτ⁴

2168 4224 2425 4297 uincam.
2474 4225 2687 4278 σκύλων
2739 4226 2876 4296 μετὰ
2920 4225 3017 4296 τὴν
3056 4224 3472 4296 αἴρεσιναῦτῶν
3520 4226 3756 4296 ποιησάτ

2171 4334 2352 4389 μενος.
2386 4319 2677 4389 Δίτήσαντι
2710 4318 2787 4389 τῷ
2814 4317 2928 4389 λαῷ
2958 4321 3073 4382 τοῖς
3114 4318 3329 4372 ἔθνεσιν
3350 4318 3453 4375 ίσα.
3469 4317 3755 4389 βασιλεύε-

2171 4410 2317 4475 σθαι,
2354 4410 2580 4481 κέχρικε
2611 4410 2702 4463 τὸν
2727 4411 2923 4477 Σαοὺλ,
2966 4412 3059 4464 καὶ
3107 4412 3389 4481 προεῖπεν
3430 4409 3597 4480 αὐτῷ.
3626 4426 3755 4481 χρι-

2173 4501 2352 4555 σθέντι
2375 4504 2441 4555 τὰ
2475 4500 2617 4554 κατά
2650 4502 2745 4571 τὴν
2772 4502 2889 4556 ὁδὸν
2935 4501 3153 4556 ἀπιόντι
3177 4502 3480 4559 πιστωτικά
3506 4503 3605 4573 τῆς
3651 4502 3755 4574 βα-

2088 4624 2142 4683 D
2172 4594 2377 4657 σιλείας
2413 4593 2796 4663 ἀπαντήσοντα
2824 4593 3092 4665 σύμϐολα.

2234 4857 2638 4928 Δημηγορὴσας
2671 4856 2747 4925 τῷ
2772 4856 2885 4927 λ.αῷ
2923 4856 3053 4927 περὶ
3094 4857 3192 4927 τῆς
3243 4858 3439 4913 ἑαυτοῦ
3473 4860 3746 4933 πρότερον

2162 4946 2613 5019 ἀριστοκρατίας,
2649 4950 2745 5003 καὶ
2786 4949 3003 5016 διδάξας
3040 4950 3311 5020 είινομεῖν,
3349 4953 3442 5006 καὶ
3494 4954 3593 5023 τήν
3638 4951 3745 5025 βα-

2166 5040 2370 5105 σιλείας
2405 5041 2691 5104 ἐξουσίαν⁸
2723 5042 2845 5095 οὐδὲ
2891 5042 3000 5113 γὰρ
3044 5043 3265 5113 ᾔδεισαν
3323 5044 3489 5115 ἡλίκη
3520 5062 3535 5075 ⁸
3604 5049 3755 5099 ἀειαο.

2162 5132 2432 5185 δείκνυσιν
2465 5133 2649 5195 αὐτοῖς
2690 5133 2781 5185 τὶν
2830 5134 3194 5205 κεχρισμένον
3234 5134 3480 5206 βασιλέα.
3516 5138 3655 5208 Πρὶς
3684 5138 3748 5193 δὲ

2165 5225 2431 5277 πίστωσιν
2462 5225 2629 5279 αὐτοῦ
2658 5226 2765 5279 τῶν
2791 5226 3057 5296 ἀληθινῶν
3084 5229 3173 5279 καί
3204 5227 3312 5280 τῶν
3342 5229 3461 5298 Θεῷ
3514 5229 3746 5301 εύδοκὴ-
3777 5273 3785 5281 .

2161 5334 2271 5371 των
2292 5316 2487 5385 λόγων,
2519 5318 2763 5388 ὄμϐρους
2819 5320 3054 5388 αἰτήσας
3082 5320 3174 5373 τὸν
3224 5320 3358 5375 Θεὸν
3408 5327 3743 5393 παρασχεῖν,

2162 5408 2257 5461 καὶ
2298 5411 2616 5479 παραυτίκα
2648 5410 2887 5482 βροντῶν
2919 5410 3013 5467 καὶ
3045 5412 3386 5484 θεοτημειῶν
3409 5414 3746 5484 γενομένων,

2161 5493 2291 5553 ὗσεν
2320 5502 2348 5553 ὁ
2389 5501 2521 5567 Θεὸς
2559 5502 2837 5568 τοσοῦτον,
2887 5503 2963 5568 ὼς
3022 5504 3277 5563 δείσαντα
3332 5507 3425 5560 τὸν
3473 5507 3600 5560 λαὸν
3645 5510 3750 5579 τὴν

2162 5592 2499 5665 ἐπομϐρίαν,
2531 5595 2869 5667 ὁμολογῆσαι
2918 5597 3122 5666 γνῶσιν
3157 5599 3304 5669 ἔχειν
3349 5598 3418 5660 δι’
3452 5599 3617 5661 αὑτοῦ
3649 5601 3748 5654 τοῦ

2161 5686 2322 5753 Θεοῦ,
2361 5689 2455 5742 καὶ
2483 5689 2743 5761 δεηθῆναι
2775 5691 2871 5744 τοῦ
2909 5691 3047 5747 Θεοῦ
3097 5692 3192 5746 τοῦ
3246 5694 3553 5765 προφήτου,
3611 5698 3757 5761 περὶ·

2160 5777 2258 5848 τῆς
2284 5779 2395 5833 τῶν
2434 5780 2660 5852 ὄμϐρων
2684 5781 2903 5853 ἀνοχῆς.
2953 5784 3282 5855 Ἀμαρτόντι
3314 5784 3394 5855 τῷ
3441 5780 3621 5845 Σαοὺλ
3646 5786 3746 5844 καὶ
