4050 6600
262 525 329 586 77
1438 518 1810 581 LIBELLus
1851 491 2352 578 MEII'ORIALIS.
3457 505 3528 569 78

263 631 690 705 ἁνηκουστοῦντι
733 629 863 701 περὶ
918 631 988 685 τὰ
1022 625 1502 702 προστασσόμενα,
1567 623 1698 704 περὶ
1749 649 1846 685 κα·
1883 679 1886 687 .

1990 627 2164 682 luvias
2208 633 2613 681 averrunearet.
2641 625 2773 681 Cum
2809 630 3087 694 peccasset
3113 615 3265 688 S'aul,
3314 635 3416 675 nec
3464 621 3532 674 iis

265 725 569 793 θαιρέσεως
612 726 880 795 προσεῖπε
913 725 1011 794 τῆς
1068 717 1371 794 βασιλείας,
1428 727 1524 778 καὶ
1557 724 1633 788 ὡς
1681 725 1852 794 ἑτέρῳ

265 817 498 882 δέδοται,
541 815 750 882 ζῶντος
802 816 884 870 ἔτι
945 817 1134 878 αὐτοῦ,
1187 817 1337 886 παρὰ
1377 818 1474 871 τοῦ
1537 817 1697 872 Θεοῦ.
1750 817 1853 870 Τὺν

266 908 434 962 Δαὸὶδ
458 910 576 962 υἱον
613 909 814 963 Ἰεσσαὶ
845 909 937 962 τοῦ
988 909 1364 981 Βηθλεεμίτου
1409 911 1553 982 χρίει
1607 909 1852 981 βασιλέα,

270 1001 604 1072 κρατοῦντος
635 1000 714 1054 ἔτι
747 1001 842 1055 τοῦ
899 1003 1096 1064 Σαοὺλ,
1137 1003 1232 1056 καὶ
1271 1007 1539 1074 προεῖπεν
1589 1002 1738 1072 αὐτῷ
1779 1001 1854 1064 ὡς

270 1093 565 1162 εὐάρεστος
602 1093 754 1146 ἔσται
782 1092 860 1164 τῷ
888 1093 1027 1165 Θεῷ.
1054 1095 1293 1166 Γηραιὸς
1319 1096 1614 1164 γενόμενος
1643 1097 1723 1158 είς
1752 1095 1855 1164 τὴν

271 1183 467 1237 ἐιυτοῦ
492 1185 647 1237 πόλιν
669 1185 919 1257 τελευτᾷ,
952 1187 1104 1249 υἱοὺς
1162 1187 1503 1259 καταλείψας
1533 1189 1633 1240 οὐκ
1672 1187 1860 1252 ἀξίους

272 1276 373 1346 τῆς
413 1277 609 1331 ἐαυτοῦ
649 1278 920 1350 διαδοχῆς.

277 1497 532 1571 ΚΕιῖξᾹΛ.
569 1498 689 1571 Ol".
726 1529 794 1539 —-
835 1500 976 1552 Τίνα
1017 1500 1150 1553 ἐστὶ
1185 1500 1256 1553 τὰ
1301 1499 1380 1564 τῷ
1413 1501 1591 1556 Δαϐὶδ
1636 1520 1862 1571 πεπρα-

311 1566 522 1637 γμένα,
543 1568 640 1623 καί
659 1571 747 1635 είς
767 1571 955 1623 αὐτὸν
975 1572 1275 1640 θαύματος
1297 1571 1435 1635 ἄξια
1453 1566 1813 1641 πραχθέντα.

350 1679 613 1749 Χρισθεὶς
647 1682 726 1744 είς
760 1679 988 1751 βασιλέα
1029 1680 1191 1750 ἔμενε
1223 1682 1290 1735 τὰ
1320 1684 1412 1736 τοῦ
1447 1683 1652 1756 πατρὶς
1685 1684 1865 1754 νέμων

281 1771 531 1841 ποίμνια,
581 1772 718 1836 τέως
775 1776 885 1836 τοῖς
938 1773 1251 1844 ἀνθρώποις
1293 1773 1368 1827 ὢν
1411 1775 1710 1844 ἄγνωστος.
1762 1777 1868 1831 Τὸν

280 1863 542 1918 Γετθαίον
585 1865 780 1918 Γολιάθ
830 1866 998 1937 ἄνδρα
1054 1869 1290 1936 γίγαντα
1340 1868 1484 1922 κατά
1533 1870 1736 1932 παντὸς
1769 1870 1865 1923 τοῦ

1955 733 2078 791 quae
2106 719 2384 789 sibijussa
2437 718 2654 773 fuerant
2705 717 2901 772 fuisset
2951 717 3099 771 dicto
3159 715 3424 778 audiens,
3466 715 3535 768 de

1957 811 2258 866 auferendo
2311 811 2360 865 ei
2402 825 2570 880 regno
2617 809 2951 880 praelocutus
2981 817 3086 872 est,
3118 807 3374 877 quodque
3422 807 3534 876 jam

1957 904 2111 958 alteri
2144 903 2402 958 traditum
2451 902 2635 968 fuerit,
2670 903 2790 972 ipso
2845 902 3026 955 adhuc
3088 901 3405 971 superstite.
3469 897 3540 954 ab

1959 998 2077 1066 ipso
2106 995 2237 1052 Deo.
2272 995 2530 1051 Davidem
2579 997 2751 1051 filium
2793 993 2965 1052 Jessm
3016 995 3430 1050 Betlilebemiue'
3485 995 3538 1049 in

1961 1105 2139 1158 regem
2172 1090 2347 1160 ungit,
2388 1089 2552 1144 Saule
2579 1088 2760 1145 adhuc
2803 1089 3093 1156 imperium
3127 1081 3429 1150 obtinente,
3463 1089 3544 1141 ei-

1960 1198 2070 1252 que
2130 1183 2382 1253 praedixit
2429 1181 2544 1237 fore
2604 1184 2813 1251 utique,
2865 1190 2924 1236 ut
2981 1180 3093 1235 Deo
3149 1188 3404 1248 acceptus
3450 1179 3542 1234 sit.

1961 1274 2098 1328 Cum
2132 1285 2294 1328 senex
2321 1283 2489 1339 esset,
2523 1274 2576 1328 in
2608 1290 2705 1329 sua
2742 1274 2961 1328 civitate
2992 1275 3243 1335 moritur,
3274 1271 3416 1326 filios
3460 1285 3546 1324 rc-

1966 1362 2220 1430 Iin‘quens
2253 1362 2395 1415 haud
2431 1377 2562 1417 sane
2592 1363 2787 1434 dignos
2817 1363 2910 1434 qui
2943 1362 3016 1417 illi
3041 1361 3416 1419 succederent.

1965 1495 2115 1550 CAP.
2160 1494 2395 1550 LXXIII.
2430 1527 2499 1536 —-
2533 1496 2790 1562 Quaznam
2839 1508 2960 1551 sunt
3015 1498 3230 1551 Doridis
3279 1506 3449 1568 gesta,
3495 1507 3548 1551 et

2269 1569 2510 1638 prodigia
2537 1569 2682 1621 illius
2716 1571 2890 1638 gratia
2921 1579 3241 1638 perpetrata.

2041 1682 2250 1740 Unctus
2288 1685 2342 1739 in
2379 1700 2562 1754 regem
2607 1685 2978 1754 perseveravit
3025 1699 3248 1754 pascere
3295 1695 3552 1752 paternos

1969 1793 2182 1850 greges,
2217 1778 2437 1848 ignotus
2468 1777 2686 1832 interim
2725 1777 3060 1831 hominibus.
3097 1776 3401 1832 Gcttltarutn
3439 1778 3552 1832 Go-

1971 1871 2100 1925 liath
2141 1873 2314 1926 virum
2364 1871 2661 1942 gigantem,
2703 1872 2797 1942 qui
2854 1871 3118 1925 adversus
3169 1885 3390 1926 omnem
3447 1869 3556 1924 Ile--

295 1952 570 2024 Ἐϐραίων
595 1958 958 2025 στρατοπέδου
995 1960 1541 2030 κατακενοτομοῦντα
1571 1960 1868 2014 κατέϐαλεν

1988 1978 2246 2016 uasorum
2273 1962 2575 2017 exercitum
2607 1962 2845 2016 inaniter
2874 1962 3220 2028 efferebatur,
3249 1960 3557 2030 proﬂigavit

281 2045 401 2109 ἐνδς
447 2045 598 2101 λίθου
635 2047 786 2119 βολῇ.
816 2049 1050 2114 Λέοντας
1080 2052 1298 2124 ἀναιρεῖ
1327 2053 1421 2106 καὶ
1451 2054 1708 2124 ἄρκτους,
1749 2055 1870 2106 ἐπι·-

286 2137 498 2205 πνίγων
530 2140 677 2211 χειρὶ
710 2141 834 2204 τοὺς
867 2143 1120 2206 ἐπιόντας
1151 2143 1228 2214 τῷ
1273 2144 1439 2197 αὑτοῦ
1481 2146 1736 2216 ποιμνίῳ.
1769 2145 1873 2199 Τὸν

283 2230 606 2300 ἐνοχλοῦντα
631 2233 861 2304 δαίμονα
895 2235 974 2306 τῷ
999 2237 1173 2290 Σαοὺλ
1197 2237 1416 2308 ψάλλων
1440 2238 1610 2291 ἔπαυε
1659 2242 1756 2310 τῆς
1786 2242 1874 2291 ἐν·

283 2322 586 2394 σλλήσεως,
638 2327 732 2379 καὶ
783 2331 1130 2399 κατεπράϋνε
1187 2331 1266 2400 τῷ
1320 2331 1430 2402 (70)
1484 2331 1660 2384 Σαοὺλ
1689 2330 1872 2402 ἄχθος.

289 2413 430 2477 Τοὺς
452 2414 850 2482 δεκαπλασίους
877 2420 1030 2488 παρά
1053 2422 1145 2473 τὸν
1173 2421 1396 2490 βασιλέα
1423 2423 1513 2476 τὸν
1536 2424 1709 2478 Σαοὺλ
1733 2444 1877 2495 μαρ-

285 2505 626 2576 τυρούμενος
657 2507 802 2578 ἔχειν
855 2512 1006 2582 παρὰ
1057 2513 1519 2583 προφητέυουσῶν
1551 2517 1609 2568 ἐν
1639 2516 1879 2586 χορείαις

290 2598 603 2669 παρθένων,
655 2601 754 2654 οὐκ
802 2603 1063 2672 ἐπαίρετο
1102 2602 1213 2673 (71)
1265 2607 1377 2669 τοῖς
1433 2607 1710 2670 ἐπαίνοις,
1763 2608 1877 2661 ἀλλ’

291 2690 575 2760 ἐφθονεῖτο
606 2693 743 2762 πρξς
787 2693 882 2746 τοῦ
925 2695 1210 2764 βασιλέως.
1246 2697 1356 2760 Τὰς
1386 2697 1480 2750 τοῦ
1517 2698 1875 2768 φθονοῦντος,

295 2784 546 2854 ἀναιρεῖν
599 2785 763 2838 αὑτὸν
807 2786 1072 2851 πολλάκις
1115 2777 1490 2860 ὁρμήσαντος,
1525 2791 1754 2863 προνοίᾳ
1785 2792 1880 2846 τοῦ

293 2873 433 2928 Θεοῦ
483 2876 710 2947 διέφυγε
761 2881 971 2950 χεῖρας.
1024 2881 1135 2944 Τάς
1181 2881 1495 2953 ὁρισθείσας
1540 2883 1690 2954 αὐτῷ
1740 2886 1880 2956 ὑπὲρ

297 2971 600 3040 μνηστείας
630 2972 730 3042 τῆς
759 2963 975 3044 Μελχὸλ
1008 2975 1153 3028 κατὰ
1183 2975 1465 3046 δεινότητα
1500 2977 1594 3031 τοῦ
1637 2979 1844 3050 πατρὸς
1863 3021 1878 3047 ,

294 3062 497 3115 ἑκατὸν
526 3064 783 3135 ἐκόμισεν
811 3065 1201 3136 ἀκροϐυστίας.
1227 3069 1368 3133 Τοὺς
1403 3070 1752 3142 πεμφθέντας
1779 3072 1883 3126 ὑπὸ

295 3152 394 3206 τοῦ
421 3153 597 3208 Σαοὺλ
621 3158 776 3224 ἄγειν
802 3157 964 3210 αὐτὸν
990 3159 1077 3211 ἐπ’
1105 3159 1406 3232 ἀναιρέσει,
1437 3163 1884 3234 προφητεύοντας

298 3243 532 3299 ἔϐλεπεν
578 3247 744 3300 αὑτοῦ
781 3249 878 3320 τὴν
911 3250 1208 3319 βασιλείαν.
1259 3252 1370 3306 Καὶ
1404 3254 1566 3308 πάλιν
1617 3257 1742 3319 τοὺς
1790 3257 1883 3310 ἄλ-

300 3336 432 3402 λους
477 3341 862 3412 πεμφθέντας,
902 3345 970 3398 τά
1001 3345 1140 3398 αὐτὰ
1183 3347 1297 3408 τοῖς
1343 3349 1633 3418 προτέροις
1668 3365 1886 3420 προφη-

301 3431 582 3497 τεύοντας.
647 3436 802 3490 Ἐπεὶ
853 3436 908 3489 δὲ
955 3438 1318 3509 παρεγίνετο,
1361 3437 1435 3510 μὴ
1467 3440 1738 3495 πιστεύων
1756 3445 1889 3521 ,τοῖς

305 3527 718 3595 ἀπαγγέλλουσι
761 3529 890 3601 περὶ
932 3530 1042 3583 τῶν
1084 3532 1544 3601 προφητευόντων
1573 3574 1587 3598 ,
1640 3535 1667 3587 ὁ
1717 3535 1891 3588 Σαοὺλ
1954 3523 1960 3530 ’

303 3615 592 3687 ἀναίρεσιν
646 3619 809 3673 αὐτοῦ
855 3620 922 3674 δι’
961 3621 1154 3675 ἑαυτοῦ
1207 3624 1480 3676 ποιεῖσθαι
1534 3625 1890 3696 βουλόμενος,

304 3711 406 3764 καὶ
437 3711 601 3775 αὐτὸς
628 3713 888 3767 ἐϐλέπετο
922 3715 1282 3786 προφητεύων
1313 3718 1640 3788 ἀσχημόνως
1666 3719 1762 3790 τὴν
1793 3719 1888 3772 τοῦ

305 3803 445 3858 Θεοῦ
505 3805 817 3875 βασιλείαν
878 3807 936 3872 ἐξ
992 3809 1184 3862 ἐαυτοῦ
1246 3809 1354 3882 γὰρ
1417 3811 1736 3883 γενόμενος,
1799 3813 1894 3867 καὶ

306 3902 689 3971 γυμνούμενος
737 3904 794 3954 ὲν
846 3903 1122 3975 ὑπαίθρῳ,
1169 3905 1342 3958 ταῦτα
1377 3901 1590 3975 ἀγνοῶν
1624 3908 1889 3978 ἀνεφθέγο

309 4009 460 4062 γετο.
487 3994 710 4063 Φεύγων
744 3996 837 4048 τὸν
865 3997 1060 4060 Σαοὺλ,
1095 3998 1175 4061 εἰς
1202 3997 1301 4070 τὴν
1339 4000 1622 4071 ἱερατικὴν
1653 4001 1895 4056 ἐπελθὼν

310 4086 492 4154 ⁸πόλιν,
519 4088 621 4157 τὴν
651 4088 744 4141 τοῦ
785 4089 978 4142 roma
1009 4091 1299 4160 ἐκομίζετο
1341 4093 1640 4163 μάχαιραν,
1672 4094 1771 4164 τὴν
1805 4096 1895 4148 ὑπ’

310 4181 481 4234 αὐτοῦ
513 4183 778 4253 πρότερον
809 4184 1183 4248 ἀνατεθείσαν,
1218 4185 1312 4237 καὶ
1343 4187 1468 4247 τοὺς
1504 4185 1684 4256 ἱεροὺς
1711 4187 1899 4258 ἤσθιεν

309 4274 432 4342 ἅμα
480 4276 596 4337 τοῖς
633 4275 782 4344 αὐτῷ
835 4275 1086 4329 συνοῦσιν
1141 4279 1360 4348 ἄρτους.
1413 4268 1536 4346 Ὑφ’
1585 4271 1651 4349 ἧς
1687 4279 1899 4350 εἰλήφει

308 4367 634 4438 κακοσχόλῳ
663 4369 757 4421 τοῦ
806 4369 1012 4440 πατρὸς
1047 4369 1238 4441 γνώμῃ
1281 4369 1540 4438 γυναικὸς
1567 4369 1705 4441 πρὸς
1741 4369 1899 4422 ἀναί-

312 4477 490 4531 ρεσιν,
537 4461 644 4514 ὑπὸ
678 4461 880 4534 ταύτης
917 4462 1238 4528 διεσώζετο,
1275 4463 1364 4517 διὰ
1400 4463 1617 4535 θυρίδος
1647 4465 1806 4517 αὑτὸν
1837 4463 1901 4516 ἐκ

311 4551 426 4602 τῶν
458 4553 696 4620 φονικῶν
737 4554 831 4606 τοῦ
885 4555 1088 4624 πατρὸς
1128 4555 1325 4625 χειρῶν
1371 4557 1450 4618 εἰς
1484 4560 1660 4627 φυγὴν
1691 4557 1900 4626 ἐκπεμ-

311 4642 521 4714 ψάσης.
571 4645 664 4707 Εἰς
720 4644 943 4714 βασιλέα
993 4647 1092 4717 τῆς
1126 4644 1386 4717 Γετθίνης
1435 4648 1604 4715 ἐλθὼν
1652 4647 1899 4716 Ἀγχοῦς,

313 4737 414 4790 καὶ
449 4737 815 4805 ἐπιγνωσθεὶς
845 4737 1004 4801 αὐτὸς
1029 4737 1104 4792 ὢν
1148 4740 1176 4792 ὁ
1207 4741 1295 4793 τὸν
1321 4740 1514 4793 Γολιαο
1557 4740 1900 4805 καταϐαλὼν,

314 4827 619 4899 ἐπιληψίαν
655 4833 1034 4902 σοφισάμενος,
1069 4832 1163 4886 καὶ
1201 4831 1289 4886 διὰ
1321 4828 1524 4904 ταύτην
1569 4832 1900 4898 οἱκτισθεὶς,

313 4920 590 4976 ἀπελύετο
610 4925 708 4990 τῆς
738 4925 1090 4995 ἀναιρέσεως.

389 5013 502 5070 Τοῦ
529 5015 703 5069 Σαοὺλ
727 5017 944 5088 διά”τὴν
983 5017 1148 5070 αὑτοῦ
1192 5017 1435 5082 δεξίωσιν
1470 5017 1749 5080 ἀνελόντος
1779 5018 1904 5081 τοὺς

313 5113 404 5161 tv’
455 5108 644 5180 ἱερεῖς,
679 5111 990 5177 πεφευγότα
1023 5108 1114 5162 τὸν
1145 5109 1408 5178 Ἀὖιάθαρ
1441 5108 1785 5179 ὑποδέχεται,
1813 5108 1906 5162 καὶ

315 5203 490 5268 αὐτὸς
529 5205 588 5256 ἐν
633 5205 831 5272 φυγαῖς
872 5203 1094 5272 διάγων,
1142 5204 1234 5256 καὶ
1267 5205 1325 5256 ἐν
1352 5207 1464 5266 τοῖς
1492 5192 1702 5256 δέουσιν
1748 5203 1906 5273 ἱερω-

318 5297 528 5367 μένων.
571 5295 712 5357 Τοὺς
759 5291 1012 5357 ἐπιόντας
1054 5293 1343 5366 πολεμίους
1372 5295 1448 5364 τῷ
1477 5293 1612 5364 λαῷ,
1645 5292 1907 5347 ἐκδιωκό-

323 5405 491 5458 μενος
521 5387 622 5456 τῆς
661 5386 942 5452 Ἰουδαίας,
985 5387 1076 5441 ἐπὶ
1107 5381 1180 5442 ὦν
1208 5388 1320 5458 ('72)
1353 5387 1642 5458 ἐπολέμει,
1679 5388 1773 5439 καὶ
1798 5387 1910 5450 τοῖς

319 5481 685 5534 ἐκδιώκουσιν
725 5481 888 5535 αὐτὸν
928 5481 1175 5551 ἔπεμπεν
1207 5478 1609 5550 ἀφαιρούμενος
1661 5479 1770 5532 ἀπὸ
1804 5480 1912 5531 τῶν

322 5575 611 5646 πολεμίων
655 5575 826 5628 ἐθνῶν
875 5573 943 5627 τὰ
989 5574 1183 5629 σκύλα.
1236 5573 1562 5627 Ἐπελθόντα
1614 5573 1706 5626 τὸν
1741 5573 1916 5626 Σαοὺλ

321 5667 608 5738 δεύτερον,
646 5667 748 5721 οὐκ
779 5667 1011 5732 ἀνεῖλεν,
1050 5667 1186 5720 ἀλλά
1227 5667 1319 5720 καὶ
1366 5668 1566 5736 σημεῖα
1613 5665 1715 5736 τῆς
1758 5666 1911 5719 ἐκδό-

325 5776 472 5821 σεως
502 5756 694 5824 αὑτοῦ,
727 5757 804 5828 πῆ
839 5756 940 5828 μὲν
967 5757 1037 5811 τὰ
1076 5757 1174 5828 τῆς
1206 5755 1479 5828 χλαμύδος
1509 5754 1814 5827 κράσπεδα,
1838 5756 1913 5828 πῆ

405 5917 516 5983 (70)
560 5915 720 5970 Forte
757 5913 838 5970 τό.

405 5987 516 6059 (Ἠ)
556 5987 812 6058 ἐπήρετο.

1975 2055 2139 2109 unius
2171 2055 2365 2123 lapidis
2389 2053 2563 2124 jactu.
2607 2055 2819 2110 Leones
2855 2055 3106 2109 interficit
3140 2064 3194 2109 et
3227 2070 3405 2120 ursos,
3437 2053 3558 2110 suf-

1976 2147 2166 2204 focans
2191 2163 2287 2204 eos
2313 2147 2429 2204 suis
2454 2150 2730 2216 manibus,
2755 2149 2884 2202 dum
2921 2149 3198 2218 proprium
3231 2148 3558 2218 aggrediun-

1975 2251 2065 2296 tur
2100 2258 2338 2314 gregem.
2389 2241 2699 2296 Damonem
2735 2242 3044 2296 turbantem
3083 2240 3209 2296 Saul
3247 2241 3487 2311 psallens
3525 2255 3559 2294 a

1975 2335 2282 2392 divexando
2310 2334 2669 2405 compescuit,
2720 2333 3010 2404 Saulisque
3060 2333 3365 2388 molestiam
3409 2333 3561 2387 miti-

1977 2428 2140 2498 gavit.
2177 2425 2418 2496 Decuplo
2473 2425 2709 2495 majores
2747 2425 2937 2480 laudes
2968 2441 3080 2496 pra:
3108 2441 3233 2495 rege
3261 2423 3424 2479 Saule
3453 2424 3560 2479 sibi

1977 2534 2099 2575 esse
2131 2519 2345 2574 debitas
2372 2534 2498 2574 cum
2551 2503 2764 2574 testata:
2809 2517 3032 2573 fuissent
3084 2517 3471 2587 prophetantes
3505 2515 3560 2569 in

1980 2610 2195 2665 choreis
2247 2609 2509 2681 virgines,
2567 2625 2674 2663 non
2709 2608 2830 2662 ideo
2877 2607 3202 2662 eﬂ‘erebatur
3243 2607 3510 2663 encomiis
3545 2625 3560 2661 :

1981 2705 2112 2774 quin
2175 2703 2319 2774 apud
2388 2702 2534 2773 regis
2594 2701 2852 2756 invidiam
2916 2700 3162 2755 offendit.
3232 2699 3563 2767 Invidentis,

1983 2809 2218 2864 eumque
2267 2809 2410 2864 saepe
2452 2793 2700 2848 occidere
2745 2791 3042 2866 annitentis
3102 2805 3297 2845 manus
3339 2790 3563 2861 ell‘ugit,

1985 2886 2164 2942 divina
2201 2887 2304 2943 sibi
2354 2885 2658 2964 opitulante
2705 2885 3066 2955 providentia.
3103 2883 3236 2952 Qua:
3281 2884 3384 2940 sibi
3428 2899 3566 2954 pra:-

1985 2978 2177 3032 stituta
2212 2979 2430 3034 fuerant
2460 2980 2532 3034 ob
2565 2979 2786 3050 nuptias
2819 2976 3049 3032 Melcbol
3083 2993 3149 3032 ex
3198 2978 3441 3032 sanitate
3467 2992 3567 3048 pa-

1988 3071 2087 3126 tris
2122 3058 2290 3138 illius,
2330 3081 2546 3126 centum
2582 3071 2847 3142 prmputia
2876 3068 3077 3124 attulit.
3114 3069 3238 3132 Eos,
3273 3068 3368 3140 qui
3413 3057 3566 3124 missi

1987 3162 2207 3220 fuerant
2259 3180 2290 3220 a
2343 3162 2508 3219 Saule
2550 3173 2612 3218 ut
2663 3164 2997 3218 adducerent
3041 3178 3300 3232 cumquo
3335 3162 3568 3217 interfici

1989 3265 2205 3326 posset,
2265 3255 2650 3326 proplietantes
2698 3254 2832 3308 vidit
2881 3270 3040 3309 suum
3097 3256 3268 3326 ipsius
3318 3271 3566 3326 regnum.

1915 3347 1960 3408 C
1993 3347 2341 3418 Rursumque
2381 3347 2552 3412 alios,
2604 3345 2692 3415 qui
2725 3347 2852 3401 item
2898 3347 3051 3402 missi
3092 3347 3327 3410 fuerant,
3377 3346 3568 3403 eadem

1993 3457 2118 3498 cum
2147 3439 2422 3511 prioribus
2450 3440 2833 3510 prophetantes
2857 3439 3013 3495 vidit.
3031 3438 3167 3496 Cum
3199 3451 3380 3494 autem
3412 3441 3576 3497 adve-

1995 3536 2188 3596 nisset.
2240 3544 2524 3606 propterea
2573 3537 2719 3606 quod
2786 3537 2856 3595 iis
2899 3550 3008 3589 non
3039 3535 3318 3597 credebat,
3358 3550 3479 3605 qua:
3509 3536 3577 3591 de

1994 3628 2450 3700 proplietantibus
2481 3629 2728 3683 nuntiata
2760 3627 2996 3692 fuerant,
3047 3629 3276 3698 ipsemet
3311 3626 3441 3682 Saul
3477 3644 3576 3683 vo-

1998 3720 2116 3774 lens
2158 3735 2254 3790 per
2301 3734 2360 3774 se
2411 3719 2564 3774 illum
2615 3735 2644 3772 e
2696 3721 2878 3774 medio
2927 3721 3146 3787 tollere;
3206 3719 3320 3789 ipse
3357 3734 3580 3790 quoque.

1995 3820 2180 3869 cretus
2214 3821 2298 3868 est
2323 3813 2654 3884 prophetans
2684 3814 2826 3869 haud
2863 3814 2933 3868 ita
2970 3815 3165 3868 decore
3206 3829 3428 3884 regnum
3461 3813 3579 3872 Dei.

1997 3905 2162 3962 Extra
2193 3922 2253 3962 se
2283 3909 2426 3963 enim
2453 3916 2660 3978 raptus,
2694 3907 2987 3978 nudusque
3009 3909 3111 3962 sub
3140 3907 3253 3972 dio,
3291 3906 3582 3976 liteciguo-

1995 4017 2128 4058 rans
2170 4001 2665 4058 sermocinabatur.
2721 4001 2938 4055 Sauleni
2992 4001 3228 4071 fugiens,
3265 4000 3490 4055 veniens
3525 3999 3580 4054 in

1998 4096 2271 4150 civitatem
2304 4094 2719 4159 sacerdotalem,
2747 4094 3070 4166 gestandum
3101 4093 3310 4162 acerpit
3339 4093 3578 4163 gladium

2001 4184 2238 4248 Goliatb,
2270 4185 2362 4253 qui
2394 4186 2464 4237 ab
2496 4185 2616 4252 ipso
2646 4183 2800 4251 prius
2829 4182 3110 4235 dedicatus
3139 4183 3317 4235 fuerat
3345 4198 3359 4234 :
3394 4196 3584 4237 saeros

2003 4274 2190 4328 itidem
2232 4273 2466 4328 comedit
2515 4288 2684 4342 panes
2720 4287 2846 4325 cum
2883 4271 2950 4324 iis
2983 4270 3074 4339 qui
3111 4286 3296 4324 secum
3332 4269 3582 4323 aderant.

2001 4367 2042 4420 A
2081 4365 2308 4420 muliere
2337 4381 2500 4436 quam
2547 4372 2831 4434 acceperat
2857 4380 2922 4418 ex
2945 4362 3216 4417 malitiosa
3256 4361 3426 4431 patris
3457 4377 3587 4415 sen-

2003 4458 2202 4525 tentia,
2253 4474 2360 4528 quo
2410 4458 2618 4514 scilicet
2668 4457 3098 4521 interﬁceretur,
3149 4456 3218 4510 ab
3250 4456 3352 4510 hac
3393 4455 3582 4508 eadem

2005 4563 2256 4609 servatus
2282 4562 2384 4618 est,
2413 4553 2542 4607 dum
2571 4553 2720 4606 illum
2753 4567 2850 4622 per
2877 4551 3168 4606 fenestram
3198 4565 3263 4604 ex
3292 4549 3590 4619 sanguino-

2008 4647 2170 4702 lentis
2210 4648 2378 4716 patris
2402 4647 2658 4700 manibus
2700 4647 2753 4698 in
2789 4644 2970 4714 fugam
3003 4644 3204 4699 emisit.
3249 4643 3328 4697 Ad
3365 4643 3590 4698 Anclius

2009 4739 2236 4792 veniens
2276 4753 2453 4809 regem
2494 4737 2744 4803 Gettinze,
2797 4735 3123 4805 agnitusque
3160 4734 3305 4805 quod
3349 4735 3396 4789 is
3445 4742 3593 4789 esset

2010 4832 2101 4901 qui
2129 4831 2343 4886 Goliatb
2375 4815 2777 4902 proﬂigaverat,
2818 4829 3137 4899 cpilepsiam
3187 4829 3480 4894 simulans,
3521 4827 3592 4883 ob

2010 4939 2241 4994 eamque
2274 4925 2327 4997 in
2353 4923 2723 4978 misericordia
2752 4923 2994 4985 habitus,
3023 4936 3208 4978 necem
3239 4921 3432 4975 evasit.

2083 5013 2219 5068 Cum
2272 5013 2424 5077 Saul,
2475 5013 2568 5084 qui
2629 5029 2753 5066 eum
2802 5013 3253 5083 persequebatur,
3299 5011 3595 5068 occidisset

2013 5123 2142 5162 cccr.
2193 5107 2524 5171 sacerdotes,
2587 5105 2880 5177 fugientem
2919 5104 3280 5160 Abiatharum
3331 5104 3588 5173 suscipit,

2015 5218 2140 5255 cum
2174 5209 2229 5254 et
2275 5199 2476 5269 ipsein
2530 5198 2656 5268 fuga
2710 5199 2953 5270 degeret,
2986 5198 3356 5266 indigeretque
3391 5197 3456 5250 iis
3501 5196 3594 5262 qui

2019 5309 2130 5346 rem
2170 5292 2271 5346 sibi
2313 5307 2526 5346 sacram
2563 5292 2826 5346 facerent.
2863 5289 3061 5346 Ilostes
3100 5290 3357 5360 populum
3404 5301 3596 5357 aggre-

2019 5387 2252 5451 dieutes,
2285 5387 2410 5440 dmn
2461 5387 2512 5440 in
2545 5384 2730 5440 Judwa
2770 5385 2858 5439 vix
2887 5385 3105 5454 quietus
3143 5383 3446 5439 consistere
3474 5393 3599 5448 pos-

2021 5488 2124 5540 set,
2163 5479 2554 5550 superveniens
2596 5478 2964 5549 oppugnabat,
2996 5487 3051 5530 et
3085 5477 3150 5530 ad
3185 5490 3280 5528 eos
3317 5471 3408 5540 qui
3445 5469 3596 5524 illum

2025 5561 2512 5642 persequebantur,
2549 5572 2725 5642 spolia
2768 5570 3037 5632 mittebat,
3087 5582 3206 5637 qua:
3250 5567 3317 5620 ab
3365 5561 3602 5617 inimicis

2024 5666 2276 5736 gentibus
2333 5665 2664 5720 detraxerat.
2716 5659 3065 5718 Invadentem
3126 5659 3320 5713 iterum
3379 5655 3602 5740 Saulcm

2026 5772 2370 5827 nequaquam
2423 5757 2696 5813 interfecit
2727 5775 2742 5814 :
2779 5757 2911 5828 quin
2957 5753 3142 5826 potius
3174 5750 3390 5808 indicia'
3415 5747 3608 5806 dimis-

2097 5913 2209 5984 (72)
2249 5913 2410 5970 Forte
2441 5915 2632 5972 ἐπιών.
