4032 6608
487 477 557 541 79
1975 479 2277 541 JOSEPPI
3682 479 3754 543 80

485 598 656 653 sionis
671 596 811 667 ejus,
838 594 1000 652 modo
1021 594 1325 668 chlamydis
1349 592 1640 664 fimbriam,
1668 595 1830 652 modo
1851 594 2063 652 hastam

2177 599 2234 651 δὲ
2261 599 2321 653 τὸ
2349 599 2475 671 δόρυ
2505 599 2600 654 καὶ
2632 597 2690 653 τὸ
2725 596 3068 652 νυκτιπότιον
3099 595 3432 668 ἀφελόμενος
3473 597 3752 662 ἀπεδίδου,

485 703 540 747 et
571 691 714 759 quod
761 690 1066 746 abstulerat
1104 697 1433 745 nocturnum
1469 689 1748 760 poculum,
1775 688 2064 756 reddebat;

485 786 778 840 ostendens
823 798 1046 839 manere
1080 799 1140 838 se
1175 784 1346 838 Deum
1391 783 1687 850 vindicem,
1723 791 1940 838 tametsr
1975 795 2068 837 ac-

484 878 720 948 cepisset
749 877 817 931 ab
845 891 910 931 eo
939 876 990 930 id
1017 875 1306 946 praestandi
1338 875 1673 930 facultatem.
1704 875 1760 929 ln
1790 874 2067 930 montibus

485 984 540 1025 et
578 970 810 1026 desertis
837 977 1083 1040 tempore
1115 968 1255 1039 fugae
1287 967 1510 1039 degens,
1562 968 1842 1023 custodem
1873 968 2070 1039 agebat

485 1079 735 1136 gregum,
772 1063 950 1132 iisque
994 1061 1160 1115 etiam
1194 1063 1285 1131 qui
1322 1074 1514 1130 greges
1548 1057 1920 1128 possidebant,
1973 1058 2068 1113 de-

481 1157 756 1212 fensorem
781 1171 840 1210 se
861 1155 1153 1226 praebebat.
1179 1150 1588 1209 Conviciantem
1619 1148 1908 1216 Nabalum,
1935 1151 2065 1205 dum

483 1251 552 1306 ab
582 1268 645 1306 en
683 1260 925 1320 tempore
976 1259 1216 1303 tonsura:
1245 1245 1429 1301 ovium
1478 1244 1806 1299 munuscula
1845 1244 1916 1299 ob
1965 1260 2064 1300 cu-

483 1345 716 1399 stodiam
757 1357 984 1414 gregum
1017 1340 1352 1411 postularet,
1397 1351 1499 1392 nec
1531 1337 1924 1392 contumeliam
1956 1337 2064 1408 pati

481 1450 638 1504 mquo
685 1435 872 1487 animo
923 1430 1212 1501 potuisset,
1242 1425 1470 1498 jamjam
1508 1423 1901 1480 interfecturus
1935 1438 2065 1494 pro-

480 1527 736 1599 perabat,
779 1523 885 1579 nisi
931 1522 1151 1593 sapiens
1203 1520 1450 1591 qumdam
1503 1516 1727 1572 Nabalis
1768 1531 1927 1579 uxor,
1976 1515 2063 1569 cui

479 1635 678 1674 nomen
725 1617 940 1687 Abigrea
973 1623 1111 1680 erat,
1148 1628 1272 1669 cum
1305 1611 1623 1666 muneribus
1657 1609 1706 1664 ei
1736 1622 2058 1670 occurrens,

479 1711 817 1784 propheticis
855 1708 1102 1763 leniisset
1134 1705 1506 1762 sermonibus.
1549 1701 1756 1758 Vindex
1802 1701 1925 1772 ejus
1962 1700 2066 1756 fuit

482 1808 629 1863 Deus
662 1825 677 1862 :
729 1804 900 1859 Nabal
935 1803 1131 1875 quippe
1162 1802 1430 1857 citissime
1466 1798 1718 1856 moritur.
1753 1797 1890 1854 Cum
1919 1797 2064 1852 enim

481 1903 528 1956 is
547 1901 660 1971 jam
688 1899 964 1969 crapulam
1015 1895 1459 1959 obdormivisset,
1507 1892 1926 1963 agnovissetque
1955 1905 2062 1959 qua

481 2009 604 2049 cum
641 1992 915 2047 affecisset
962 1987 1316 2053 contumelia,
1365 1995 1420 2042 et
1466 2001 1588 2056 quae
1622 1997 1888 2055 passurus
1922 1988 2061 2045 erat,
2097 1957 2139 2018 Β

481 2091 628 2138 metu
659 2080 942 2151 perculsus
973 2077 1129 2131 obiit.
1163 2075 1299 2130 Cum
1331 2076 1557 2130 Auchus
1587 2073 1749 2128 vellet
1780 2071 1936 2126 illum
1967 2071 2060 2125 ha-

479 2178 608 2231 bere
632 2174 841 2229 socium
869 2171 922 2224 in
951 2169 1092 2224 bello
1119 2168 1382 2223 adversus
1407 2166 1651 2229 Saulem,
1682 2180 1790 2219 non
1817 2163 2064 2218 siverunt

480 2271 532 2325 id
566 2269 674 2333 sui,
722 2265 974 2337 quamvis
1013 2264 1064 2317 id
1097 2277 1315 2332 quoque
1353 2260 1520 2315 David
1573 2260 1758 2316 vellet.
1803 2258 1979 2312 Aliam
2010 2265 2065 2312 et

484 2363 572 2417 hic
608 2361 676 2415 ab
726 2359 843 2428 ipso
891 2356 1001 2409 Deo
1035 2370 1196 2425 opeut
1229 2353 1371 2407 tulit.
1400 2353 1536 2406 Cum
1566 2352 1708 2406 enim
1744 2351 1904 2404 vellet
1951 2350 2066 2419 ipse

483 2469 723 2526 pugnare
753 2467 874 2505 cum
910 2448 1242 2503 Philistbzeis
1283 2461 1394 2516 quo
1433 2445 1621 2516 prmlio
1651 2445 1781 2498 Saul
1809 2460 1872 2499 ac
1895 2441 2064 2497 Jona-

485 2550 608 2602 thas
637 2545 818 2600 casuri
861 2549 1078 2606 essent,
1109 2539 1376 2595 dimissus
1407 2538 1476 2592 ab
1519 2537 1742 2591 Auchus
1780 2551 1845 2590 ex
1883 2550 2064 2606 pugna

481 2639 748 2694 adversus
771 2629 1029 2706 potiuluni
1054 2648 1239 2696 suum,
1271 2630 1535 2686 intellexit
1561 2630 1810 2685 civitates
1837 2627 1974 2683 Juda
1997 2630 2066 2684 ab

483 2730 798 2785 Amaleeitis
843 2728 1086 2798 spoliari.
1152 2723 1338 2796 Itaque
1381 2739 1476 2779 eos
1511 2725 1793 2780 insecutus
1849 2722 1990 2777 tollit
2037 2738 2067 2775 e

485 2826 665 2882 medio
699 2823 1076 2888 adversarios,
1123 2837 1186 2876 ac
1213 2820 1442 2876 remittit
1472 2819 1539 2876 iis
1576 2819 1671 2890 qui
1704 2817 1919 2888 spoliati
1951 2816 2067 2872 fue-

482 2929 608 2976 rant
653 2933 783 2974 suas
819 2933 1009 2972 eorum
1046 2929 1244 2970 uxores
1276 2928 1340 2968 ac
1378 2912 1600 2978 liberos,
1650 2911 1839 2982 sicque
1872 2911 1980 2965 dux
2014 2918 2069 2965 et

484 3022 857 3086 propugnator
889 3025 989 3081 pro
1039 3009 1263 3063 inimico
1299 3005 1477 3062 factus
1514 3014 1600 3061 est
1628 3006 1762 3062 suis.
1816 3002 1956 3059 Hinc
1986 3004 2057 3059 le-

481 3124 604 3180 gem
633 3106 790 3172 tulit,
824 3103 1063 3158 bostium
1100 3100 1273 3170 spolia
1318 3098 1836 3169 impedimentorum
1878 3103 2067 3151 custo-

483 3199 645 3254 dibus
699 3206 754 3252 et
808 3192 1254 3263 belligerantibus
1304 3207 1371 3246 ex
1429 3207 1586 3261 aequo
1635 3189 2012 3246 distribuenda
2049 3228 2064 3252 ,

2169 691 2383 755 δεικνὺς
2413 691 2488 755 ὡς
2517 691 2652 745 Θεὸν
2693 689 2956 762 ἀναμένει
2991 689 3085 744 τὸν
3127 690 3492 761 ἀμυνόμενον,
3521 690 3617 742 καί
3644 708 3752 762 περ

2168 783 2348 837 λαὸὼν
2390 786 2524 854 παρ’
2565 784 2734 838 αὑτοῦ
2779 785 2876 838 τοῦ
2918 782 3179 838 δύνασθαι
3206 783 3306 855 τὴν
3351 783 3622 849 ἐξουσίαν.
3666 785 3757 837 Ἐν

2169 880 2284 941 τοῖς
2329 877 2482 948 ὄρεσι
2515 878 2612 931 καὶ
2657 880 2778 943 ταῖς
2825 879 3087 951 ἐρημίαις
3142 877 3285 930 κατά
3324 876 3416 930 τὸν
3443 877 3540 948 τῆς
3573 877 3754 946 φυγῆς

2169 970 2362 1042 καιρὸν
2411 970 2634 1039 διάγων,
2691 971 2867 1042 φύλαξ
2913 971 3122 1040 ἐγίνετο
3177 968 3286 1023 τῶν
3321 969 3612 1040 ποιμνίων,
3659 971 3756 1022 καὶ

2167 1065 2280 1126 τοῖς
2305 1062 2375 1117 τὰ
2419 1064 2648 1134 ποίμνια
2708 1064 3094 1135 κεκτημένοις,
3141 1059 3208 1135 ἦν
3255 1063 3351 1117 καὶ
3376 1062 3587 1126 τούτοις
3632 1062 3755 1115 ἐπί-

2168 1173 2389 1228 κουρος.
2432 1155 2823 1228 Ἐνυϐρίσαντα
2849 1156 2939 1209 τὸν
2963 1155 3153 1210 Νάδαλ
3184 1155 3347 1208 αὐτὸν
3369 1157 3427 1208 ἑν
3453 1154 3627 1227 καιρῷ
3655 1146 3754 1224 τῆς

2171 1250 2378 1319 κουρᾶς
2410 1248 2518 1302 τῶν
2565 1248 2877 1321 προϐάτων,
2904 1247 3156 1315 εὐλογίας
3188 1247 3328 1316 ὑπὲρ
3371 1247 3469 1318 τῆς
3504 1246 3754 1318 φυλακῆς
3799 1272 3802 1275 ·

2166 1341 2276 1394 τῶν
2315 1342 2582 1412 ποιμνίων
2625 1343 2950 1414 αἰτήσαντα,
3001 1342 3099 1412 τὴν
3156 1340 3316 1412 ὓϐριν
3361 1340 3458 1411 οὐχ
3499 1340 3752 1406 ὑποίσας,

2167 1431 2395 1502 ἔμελλεν
2418 1433 2664 1504 ἀναιρεῖν
2689 1434 2962 1504 ὁρμήσας,
2993 1433 3042 1485 εί
3073 1432 3146 1504 μὴ
3175 1431 3315 1504 σοφή
3343 1449 3426 1496 τις
3453 1433 3485 1503 ἠ
3519 1429 3611 1485 τοῦ
3636 1431 3754 1487 Νά-

2167 1524 2270 1578 6αλ
2309 1525 2448 1597 γυνὴ
2495 1525 2781 1601 (Ἀϐιγαία
2810 1525 2867 1580 δὲ
2915 1521 2984 1598 ἦν
3031 1525 3204 1596 ὄνομα
3249 1527 3412 1597 αὐτῇ)
3447 1527 3754 1580 ἀντιάσασα

2167 1620 2279 1684 τοῖς
2315 1618 2509 1690 δώροις
2549 1620 2736 1687 αὑτὸν,
2770 1620 2864 1675 καὶ
2907 1621 3269 1692 προφητικοῖς
3312 1617 3627 1691 ὲξευμένισε
3663 1617 3754 1671 λό-

2169 1729 2306 1782 γοις.
2365 1712 2696 1767 Ἐκδικείται
2748 1713 2882 1785 προς
2926 1712 3018 1767 τοῦ
3074 1712 3232 1778 Θεοῦ,
3287 1711 3382 1766 τοῦ
3430 1712 3619 1766 Νάὅαλ
3653 1712 3754 1783 τὴν

2167 1806 2432 1877 ταχίστην
2460 1805 2844 1870 ἀποθανόντος.
2889 1804 3194 1877 Ἀνανήψας
3225 1804 3336 1877 γάρ
3365 1799 3518 1869 οὗτος
3551 1808 3614 1859 ἐκ
3651 1804 3755 1875 τῆς

2171 1901 2362 1971 μέθης,
2417 1901 2513 1954 καὶ
2549 1901 2710 1969 γνοὺς
2758 1899 2901 1969 ἆπερ
2946 1899 3241 1970 ἐνύϐρισε.
3295 1899 3391 1953 καὶ
3440 1899 3476 1952 ἀ
3520 1900 3756 1968 πάσχειν

2167 1993 2381 2065 ἔμελλε,
2430 1993 2581 2065 φόϐῳ
2623 1994 2999 2063 καταπλαγεὶς
3029 1993 3352 2048 ἀπεθάνετο.
3385 1993 3487 2045 Τὸν
3524 1990 3753 2062 Ἀγχοῦς

2167 2084 2491 2157 βουλόμενον
2521 2085 2666 2158 ἔχειν
2692 2086 2857 2141 αὐτὸν
2892 2086 3181 2158 σύμμαχον
3213 2088 3271 2140 ὲν
3289 2085 3368 2157 τῷ
3408 2085 3550 2138 κατά
3578 2085 3753 2138 Σαοὺλ

2165 2179 2411 2249 πολέμῳ,
2456 2179 2556 2232 οὐκ
2602 2178 2728 2232 εἴων
2778 2179 2827 2232 ot
2854 2178 3030 2248 τούτῳ
3077 2180 3473 2248 προσήκοντες,
3516 2177 3608 2230 καί
3646 2194 3755 2248 περ

2166 2270 2260 2322 καὶ
2289 2269 2382 2322 τοῦ
2414 2268 2579 2322 Δαϐὶδ
2611 2267 2959 2339 βουλομένου.
2994 2267 3194 2335 ’Ἀλλην
3226 2266 3320 2319 καὶ
3347 2264 3442 2318 νῦν
3473 2265 3560 2316 ἐπ’
3586 2263 3753 2316 αὐτοῦ

2165 2362 2258 2416 τοῦ
2300 2361 2437 2416 Θεοῦ
2483 2362 2746 2432 πρόνοιαν
2773 2361 2908 2434 (75).
2959 2359 3068 2413 Καὶ
3102 2360 3210 2431 γὰρ
3244 2357 3569 2429 βουλομένου
3608 2372 3752 2425 συμ-

2170 2459 2365 2527 μαχεῖν
2388 2455 2551 2509 αὐτὸν
2588 2455 2700 2528 (74)
2731 2456 2840 2518 τοῖς
2876 2454 3222 2523 Ἀλλοφύλοις
3247 2451 3338 2505 ἐπὶ
3364 2455 3430 2522 τῇ
3459 2449 3551 2504 τοῦ
3579 2447 3756 2503 Σαοὺλ

2167 2549 2384 2604 καὶτοῦ
2431 2547 2691 2602 Ίωνάθαν
2735 2546 3040 2618 ἀναιρέσει,
3098 2542 3486 2614 ἀποπεμφθεὶς
3519 2541 3622 2595 ὑπὸ
3656 2540 3752 2594 τοῦ

2181 2643 2428 2714 Ἀγχοῦς,
2460 2642 2568 2696 ἀπὸ
2596 2644 2696 2712 τῆς
2720 2639 2855 2712 πρὸς
2898 2640 2989 2693 τὸν
3013 2639 3208 2692 ἑαυτοῦ
3232 2637 3360 2691 λαὸν
3388 2638 3590 2708 μάχης,
3611 2635 3756 2702 ἔγνω

2167 2736 2267 2800 τὰς
2301 2734 2396 2788 τοῦ
2449 2733 2618 2788 Ἰούδα
2668 2733 2852 2796 πόλεις
2896 2731 3000 2785 ὑπὸ
3065 2728 3446 2801 Ἀμαληκιτῶν
3492 2725 3754 2781 ὲσκυλεῦ-

2169 2827 2325 2893 σθαι,
2355 2827 2449 2881 καὶ
2477 2823 2818 2891 καταδιώξας
2862 2823 3080 2894 ἀναιρεῖ
3129 2822 3227 2893 μὲν
3260 2821 3386 2884 τοὺς
3423 2818 3752 2888 πολεμίους,

2168 2919 2489 2977 ἀποστέλλει
2514 2918 2627 2990 (75)
2655 2920 2766 2981 τοῖς
2788 2915 3206 2986 ἐσκυλευμένοις
3217 2913 3314 2976 τὰς
3332 2912 3540 2966 ἑαυτῶν
3565 2911 3757 2978 γυναίι-

2169 3032 2271 3078 κας
2301 3014 2396 3066 καὶ
2419 3013 2486 3067 τὰ
2515 3014 2704 3076 τέκνα,
2737 3010 2831 3064 καὶ
2863 3009 3176 3081 προστάτης
3208 3007 3351 3061 οὕτω
3378 3006 3473 3060 καὶ
3500 3002 3756 3075 κηδεμὼν

2169 3107 2290 3158 ἀντὶ
2321 3103 2580 3175 πολεμίου
2611 3105 2723 3167 τοῖς
2758 3102 2979 3165 οἰκείοις
3014 3101 3250 3170 ἐγίνετο.
3299 3096 3568 3152 Ἐνταῦθα
3588 3097 3756 3167 νόμον

2170 3197 2429 3261 ἓθετο,τὰ
2463 3197 2528 3251 ὲκ
2557 3196 2831 3266 πολεμίων
2868 3194 3039 3248 σκῦλα
3073 3191 3432 3261 σκευοφύλαξι
3462 3191 3557 3245 καὶ
3592 3189 3755 3244 πολε-

480 3289 920 3362 quandoquidem
968 3285 1095 3340 ntali
1131 3283 1354 3355 quidam
1390 3283 1642 3337 homines
1687 3283 1778 3352 qui
1816 3297 1938 3336 cum
1973 3281 2064 3334 illo

2174 3292 2391 3361 μισταῑς
2426 3290 2484 3356 ἐξ
2511 3289 2627 3342 ἴσου
2673 3287 3152 3358 δασμολογεῖσθαι,
3189 3286 3422 3357 ὲπείπερ
3462 3287 3511 3339 οί
3557 3284 3758 3355 φαῦλοι

482 3383 814 3440 Amalecitas
867 3379 1088 3433 fuerant
1116 3374 1374 3440 insecuti,
1415 3375 1667 3429 nolebant
1709 3372 1902 3444 praeda:
1934 3387 2062 3442 par-

482 3487 590 3530 tem
627 3471 808 3527 facere
849 3470 936 3532 iis,
967 3470 1064 3539 qui
1105 3469 1174 3523 ob
1203 3468 1538 3523 debilitatem
1570 3465 1766 3519 virium
1812 3465 1877 3518 ad
1908 3479 2062 3519 com-

480 3567 668 3622 munia
698 3563 1084 3632 impedimenta
1112 3567 1511 3618 remanserant.
1537 3557 1812 3612 Mortuum
1848 3555 1977 3612 Saul
2011 3556 2064 3610 in

482 3669 666 3726 pugna
695 3653 959 3708 adversus
989 3651 1209 3706 Auchus
1235 3650 1630 3712 Philistlneum,
1659 3664 1770 3702 non
1803 3659 2062 3717 tanquam

484 3747 658 3804 hostis
691 3745 952 3800 cecidisse
1000 3744 1226 3810 audivit,
1269 3743 1364 3799 sed
1411 3752 1473 3797 ut
1505 3756 1826 3813 germanum
1861 3740 2069 3795 lamen-

485 3847 631 3894 tatus
673 3845 757 3892 cst
801 3847 1250 3905 curatoremque,
1295 3849 1360 3890 ac
1409 3833 1764 3889 emortualem
1815 3842 1924 3886 tam
1971 3846 2068 3902 pro

485 3932 579 3986 illo
604 3946 768 4002 quam
805 3946 902 4001 pro
933 3929 1044 3984 filio
1069 3929 1330 4000 hymnum
1359 3927 1706 3997 conscripsit.
1740 3923 1876 3978 Eum
1905 3938 2070 3993 porro

481 4025 577 4097 qui
628 4024 888 4080 allerebat
919 4023 1062 4094 regis
1112 4021 1242 4078 Saul
1274 4021 1532 4092 insignia,
1566 4030 1622 4076 et
1661 4019 1728 4074 de
1755 4033 1888 4073 nece
1924 4017 2070 4071 illius

487 4119 781 4174 certiorem
844 4116 1112 4182 faciebat,
1171 4116 1282 4171 imo
1332 4127 1462 4170 vero
1511 4112 1568 4167 in
1635 4111 1866 4182 gratiam
1923 4110 2072 4164 illius

480 4215 661 4283 egisse
687 4211 817 4282 quid
849 4221 1038 4266 contra
1067 4210 1220 4265 illum
1266 4209 1570 4273 dictitabat,
1611 4219 1676 4260 ac
1704 4203 1864 4276 quasi
1896 4205 2072 4259 bonus

481 4306 708 4360 nuntius
756 4304 823 4359 ad
880 4319 1005 4359 eum
1062 4302 1328 4359 ventitare
1372 4298 1684 4362 videbatur,
1717 4313 1817 4353 ceu
1865 4295 2070 4351 malum

482 4399 737 4454 nuntium
771 4397 1065 4452 interfecit.

554 4488 663 4543 Ter
691 4488 745 4542 in
777 4502 957 4556 regem
989 4485 1227 4556 ungitur.
1258 4483 1440 4539 Semel
1464 4483 1684 4554 quidem
1727 4497 1758 4537 a
1790 4480 2074 4536 sacerdote

482 4579 706 4634 Samuel
738 4579 791 4632 in
824 4577 1138 4631 Bethlehem
1171 4576 1340 4647 patria
1372 4577 1509 4645 ejus.
1541 4573 1742 4630 lterum
1764 4571 2074 4644 abjudaico

2169 3384 2277 3438 τῶν
2313 3383 2430 3453 μετ’
2475 3381 2639 3435 αὐτοῦ
2679 3382 3131 3448 καταδιωξάντων
3158 3380 3285 3444 τοὺς
3340 3379 3714 3450 Ἀμαληκίτας
3737 3417 3756 3444 ,

2165 3473 2567 3529 οὖκὲϐούλοντο
2590 3473 2690 3544 τῆς
2713 3473 2864 3536 λείας
2889 3472 3184 3544 ἀπονέμειν
3205 3473 3317 3534 τοῖς
3344 3470 3408 3524 δι’
3441 3469 3758 3543 ἀρρωστίαν

2167 3565 2665 3638 παραμεμενηκόσι
2733 3564 2832 3635 τὴν
2894 3563 3005 3635 (76)
3066 3565 3179 3627 τοῖς
3238 3565 3441 3626 κοινοῖς
3498 3561 3758 3631 ἐφοδίοις.

2178 3655 2550 3710 ’Λποθανόντα
2616 3655 2708 3708 τὸν
2761 3654 2936 3707 Σαοὺλ
2987 3655 3046 3707 ὲν
3094 3656 3160 3726 τῇ
3225 3653 3361 3724 πρὸς
3429 3652 3760 3720 Ἀλλόφυλον

2181 3747 2411 3818 Ἀγχοῦς
2447 3748 2629 3818 μάχῃ,
2675 3747 2772 3817 οὐχ
2819 3747 2896 3811 ὡς
2932 3747 3192 3817 πολέμιος
3245 3747 3445 3817 ἤκουσε
3481 3743 3716 3798 πεσόντα
3740 3784 3757 3808 ,

2169 3841 2243 3905 ὡς
2267 3840 2322 3893 δὲ
2353 3840 2576 3909 γνήσιον
2603 3839 2894 3910 ὲθρήνησε,
2932 3840 3027 3892 καὶ
3059 3837 3354 3910 κηδεμόνα,
3385 3837 3480 3890 καὶ
3513 3836 3605 3890 τὸν
3636 3838 3764 3890 ὲπι-

2169 3932 2363 4001 τάφιον
2390 3929 2539 4000 αὑτῷ
2569 3947 2627 3983 τε
2660 3931 2755 3984 καὶ
2785 3929 2863 3999 τῷ
2909 3929 3009 4002 υἱῷ
3038 3930 3380 4000 συνέγραψεν
3425 3928 3612 4000 ῦμνον.
3651 3929 3764 3984 Τὸν

2169 4023 2226 4078 δὲ
2259 4021 2561 4094 κομίσαντα
2594 4021 2664 4075 τὰ
2689 4020 2951 4092 βασιλέως
2974 4021 3068 4073 τοῦ
3089 4021 3260 4076 Σαοὺλ
3282 4023 3506 4092 σημεῖα.
3539 4024 3634 4074 καὶ
3655 4022 3762 4091 τὴν

2174 4115 2455 4187 ἀναίρεσιν
2485 4112 2652 4169 αὐτοῦ
2677 4114 3016 4184 μηνύσαντα,
3047 4114 3142 4168 καὶ
3159 4113 3223 4185 δὴ
3250 4114 3385 4185 πρὸς
3405 4115 3564 4186 χάριν
3587 4113 3762 4167 αὐτοῦ

2171 4207 2492 4279 δεδρακέναι
2528 4225 2581 4260 τι
2610 4208 2690 4270 είς
2729 4206 2891 4260 αὑτὸν
2926 4207 3206 4279 φήσαντα,
3258 4207 3353 4261 καὶ
3405 4209 3478 4271 ὡς
3527 4206 3764 4276 εὐαγγέ-

2137 4301 2283 4371 ¹λιον
2314 4301 2426 4370 (77)
2480 4299 2629 4370 αὐτῷ
2670 4299 3108 4369 παραγεγονέναι
3157 4298 3408 4364 δόξαντα,
3461 4299 3536 4364 ὡς
3584 4297 3765 4352 κακὸν

2171 4391 2404 4461 ἄγγελον
2430 4391 2608 4445 ἀνεῖλε
2619 4431 2630 4445 .

2242 4482 2439 4553 Τρίτον
2470 4485 2551 4547 είς
2593 4482 2873 4553 βασιλείαν
2912 4484 3148 4556 χρίεται.
3196 4484 3470 4556 Πρότερον
3517 4482 3616 4554 μὲν
3647 4482 3768 4539 ἀπὸ

2173 4575 2267 4630 τοῦ
2307 4575 2501 4647 ἱερέως
2545 4577 2802 4648 Σαμουὴλ
2836 4580 2918 4642 είς
2962 4577 3063 4650 τὴν
3093 4575 3286 4631 ἑαυτοῦ
3323 4575 3501 4629 οἰκίαν
3526 4575 3622 4644 τὴν
3645 4575 3763 4646 Br}-

484 4671 708 4740 populo,
755 4683 817 4722 ac
867 4668 1030 4724 tertio
1074 4667 1143 4722 ab
1175 4669 1428 4724 universo
1453 4668 1618 4723 simul
1654 4667 1878 4737 populo.
1928 4665 2067 4722 Che-

2175 4669 2370 4740 θλεέμ·
2400 4670 2654 4742 δεύτερον
2687 4670 2793 4724 ἀπὸ
2817 4671 2910 4725 τοῦ
2949 4668 3244 4726 Ἰουδαϊκοῦ
3277 4669 3474 4740 δήμου,
3512 4667 3606 4721 καὶ
3634 4667 3768 4738 τρῖ-

482 4763 655 4817 bronc
702 4760 793 4815 ubi
836 4759 1086 4833 degebat.
1124 4761 1230 4817 Eos
1273 4761 1366 4831 qui
1399 4760 1662 4831 reliquias
1708 4759 1839 4814 Saul
1878 4775 1942 4814 ac
1972 4759 2067 4814 lilii

480 4858 601 4923 ejus
639 4849 1119 4925 composuerunt;'
1153 4862 1311 4909 erant
1358 4868 1523 4923 porro
1577 4853 1628 4906 hi
1683 4853 1750 4907 de
1794 4850 1959 4906 Jabes
1989 4852 2069 4908 sic

484 4945 628 4999 dicta
668 4947 926 5010 civitate;
959 4957 1268 5008 accersens,
1299 4944 1463 4997 etiam
1499 4934 1662 5012 atque
1695 4941 1857 4997 etiam
1890 4941 2066 4997 admi-

484 5045 653 5103 ratus,
691 5037 904 5106 magnis
939 5052 1038 5092 eos
1083 5033 1562 5090 benedictionibus
1613 5034 1933 5090 cumulavit.
1993 5033 2068 5089 De

483 5129 735 5185 hostibus
758 5127 1058 5184 interfectis
1083 5141 1362 5194 nunquam
1395 5125 1616 5196 gavisus
1653 5133 1760 5180 est.
1789 5123 1894 5180 Eos
1919 5126 2066 5180 enim

482 5223 576 5293 qui
626 5220 1015 5276 interfecerant
1048 5219 1233 5275 Saulis
1267 5218 1438 5272 lilium
1488 5216 1946 5288 Mempbibosthe,
1975 5219 2069 5289 qui

485 5313 630 5384 apud
653 5311 922 5383 quosdam
947 5311 1001 5366 in
1031 5312 1240 5366 honore
1266 5319 1406 5376 erat,
1437 5310 1786 5380 patriumque
1817 5326 2068 5380 regnum,

481 5406 685 5476 quippe
729 5405 803 5460 illi
837 5404 1102 5464 debitum,
1143 5411 1400 5472 oportere
1449 5402 1519 5456 ab
1551 5401 1645 5456 illo
1695 5402 1866 5458 teneri
1915 5404 2070 5458 vole-

485 5498 648 5564 bant;
693 5513 800 5553 non
833 5501 1000 5552 modo
1037 5501 1293 5567 acceptos
1337 5511 1444 5551 nou
1472 5495 1688 5564 habuit,
1723 5498 1857 5569 quin
1889 5500 2073 5568 potius

534 5658 668 5756 '(73)
713 5660 872 5715 Deest
900 5655 1116 5724 ἔλαϐεν,
1139 5657 1366 5727 velquid
1393 5656 1593 5722 simile,
1619 5656 1851 5714 fortasse
1883 5672 2070 5713 errore

491 5738 872 5872 “iiiiroue
895 5796 1084 5872 ςιὺτοῦι
1111 5797 1201 5854 hic
1231 5813 1450 5870 quoque
1475 5815 1662 5856 οπονε
1691 5810 1904 5872 mm"

558 5870 670 5937 (75)
715 5869 864 5924 Adde
890 5869 968 5923 δέ.

555 5940 667 6011 (76)
702 5939 813 6013 Τὴν
847 5941 1059 6024 videtur
1085 5941 1409 6000 redundare.

2175 4781 2265 4817 τον
2295 4762 2403 4817 ἀπὸ
2439 4763 2640 4828 παντὸς
2677 4764 2811 4836 ὁμοῦ
2842 4765 2936 4819 τοῦ
2961 4762 3097 4818 λεὼν
3129 4763 3264 4834 (78),
3300 4766 3381 4829 είς
3423 4765 3490 4836 ἢν
3521 4765 3767 4837 διέτρισε

2177 4856 2354 4922 πόλιν,
2380 4856 2482 4929 τὴν
2519 4857 2769 4928 Χεϐρῶν.
2804 4858 2943 4922 Τοὺς
2970 4856 3040 4911 τὰ
3073 4857 3304 4929 λείψανα
3337 4857 3428 4911 τοῦ
3464 4857 3636 4912 Σαοὺλ
3666 4861 3772 4913 καὶ

2176 4947 2272 5001 τοῦ
2321 4948 2487 5012 υίέως
2541 4949 3019 5022 περιστείλαντας·
3074 4950 3185 5004 ἀπὸ
3234 4951 3291 5005 δὲ
3352 4949 3560 5014 πόλεως
3617 4943 3772 5023 ἦσαν

2193 5041 2374 5111 Ἰαθῆς
2406 5041 2550 5096 οὕτω
2591 5043 2969 5112 καλουμένης·
3007 5042 3279 5107 καλέσας,
3317 5042 3768 5113 μεγαλοπρεπῶς

2177 5133 2416 5205 ἠγάσθη.
2467 5135 2560 5186 καὶ
2609 5133 2842 5204 ἠξίωσεν
2896 5134 3170 5205 εὐλογίας.
3214 5135 3331 5187 Ἐπ’
3384 5133 3598 5204 ἐχθροῖς
3658 5133 3770 5208 οὐχ

2172 5226 2312 5298 ἥσθη
2343 5224 2563 5280 πώποτε
2594 5226 3027 5298 ἀναιρουμένοις.
3056 5229 3165 5282 Καὶ
3190 5225 3298 5298 γὰρ
3318 5227 3444 5290 τοὺς
3472 5227 3776 5292 ἀνελόντας

2178 5320 2270 5372 τὸν
2291 5318 2386 5372 τοῦ
2420 5319 2592 5374 Σαοὺλ
2623 5319 2738 5372 υἱὸν
2771 5319 3152 5390 Μεμφιὸοσθὲ,
3188 5321 3339 5390 παρά
3378 5336 3488 5372 τισι
3515 5317 3778 5388 τιμώμε-

2175 5426 2288 5474 νον,
2341 5409 2434 5462 καὶ
2481 5409 2578 5480 τὴν
2625 5409 2718 5462 τοῦ
2776 5409 2982 5482 πατρὸς
3031 5409 3224 5482 ἀρχὴν,
3269 5409 3344 5474 ὡς
3401 5406 3778 5478 ὀφειλομένην

2176 5498 2345 5568 αὐτῷ,
2379 5499 2491 5553 δεῖν
2540 5499 2632 5552 ὑπ’
2679 5499 2845 5554 αὑτοῦ
2878 5498 3207 5571 κατέχεσθαι
3251 5497 3577 5571 βουλόμενος
3626 5497 3778 5567 (79).

2249 5659 2364 5729 (Π)
2402 5658 2565 5716 Forte
2593 5660 2914 5728 εὐάγγελον.

2251 5732 2364 5803 (78)
2407 5731 2592 5803 Potius
2623 5730 2749 5784 λεώ.
2779 5733 2904 5790 Haec
2931 5741 2984 5787 et
3011 5741 3303 5800 sequentes
3327 5731 3576 5801 quaedam
3596 5743 3784 5803 voces

2174 5800 2412 5871 JOSt'plto
2447 5801 2744 5866 inusitata),
2781 5803 3013 5858 suadent
3043 5803 3220 5858 aliena
3253 5800 3419 5859 manu
3449 5800 3782 5872 suppletqu

2175 5875 2346 5926 luisse
2383 5873 2482 5927 huc
2517 5882 2701 5940 caput.

2251 5943 2363 6013 (79)
2407 5943 2548 6016 Lege
2584 5943 2952 6016 βουλομένοις.
