4032 6626
234 376 298 445 81
1401 398 1774 461 LIBELLUS
1813 403 2314 465 MEMORIAIJS.
3419 410 3491 472 82

235 509 293 558 οὐ
341 506 500 575 μόνον
542 507 643 561 οῦκ
694 509 1014 578 ἀπεδέξατο,
1063 514 1198 570 ἀλλὰ
1235 518 1328 570 καὶ
1356 520 1669 591 τισάμενος,
1710 525 1806 576 ἀν-

1917 524 1967 576 in
2007 540 2102 580 eos
2142 524 2602 590 animadvertens,
2641 525 2897 597 patibulis
2929 527 3119 582 suflixa
3152 540 3342 582 eorum
3392 543 3490 581 ca-

235 599 670 671 εσκολοπισμένα
729 606 892 658 παντὶ
941 607 1019 676 τῷ
1076 607 1191 679 λαῷ
1244 609 1315 664 τά
1348 611 1578 682 σώματα
1631 615 1811 670 αὐτῶν

233 693 364 761 περὶ
409 695 509 757 τὰς
558 695 872 768 λεωφόρους
907 700 1248 768 ἀπεδείξατο.
1296 704 1508 776 Ἐμίσει
1541 708 1635 760 καὶ
1682 710 1808 772 τοὺς

233 783 375 854 ὑπὲρ
420 785 587 839 αὐτοῦ
631 789 926 855 δοκοῦντάς
963 809 1015 845 τι
1043 793 1179 865 δρᾷν
1209 795 1317 849 τῶν
1355 799 1455 851 οὐκ
1486 798 1812 869 ὀφειλόντων

233 876 434 929 διδόναι
469 878 647 944 δίκας.
681 881 788 935 Τὸν
830 883 983 937 Ὶωάϐ
1028 886 1159 954 γοῦν
1187 891 1492 962 στρατηγὸν
1521 893 1687 947 αὐτοῦ
1720 911 1813 962 γε-

234 970 454 1036 γονότα,
487 971 887 1029 ἀποκτείναντα
915 975 1006 1030 τὸν
1045 979 1138 1032 τοῦ
1188 982 1578 1053 Μεμφιϐοσθοῦ
1617 1004 1812 1058 στρατ-

234 1065 388 1131 ηγὸν,
419 1064 690 1138 Ἀϐηννὴρ
734 1068 791 1122 δὲ
837 1065 907 1140 ἦν
964 1071 1135 1142 ὄνομα
1170 1073 1363 1146 τούτῳ,
1403 1077 1654 1132 τοσοῦτον
1702 1081 1811 1134 ἀπο

233 1155 481 1226 εττρᾶιφη
506 1157 616 1220 ,ὡς
650 1161 742 1212 καὶ
771 1164 830 1214 ἐν
860 1165 972 1226 τοῖς
1013 1164 1228 1236 ἐχθροῖς
1275 1167 1548 1239 ἀριθμεῖν,
1583 1171 1678 1225 καὶ¹
1710 1191 1812 1242 φυ-

234 1247 452 1300 λάττειν
504 1251 656 1321 αὐτῷ
695 1253 795 1322 τὴν
835 1254 974 1325 ὑπὲρ
1021 1256 1116 1309 τοῦ
1170 1259 1358 1322 κακῶς
1408 1262 1810 1334 ἀναιρουμένου

232 1337 334 1390 οὐκ
381 1340 738 1411 ἀνεκδίκητον
783 1343 962 1416 δίκην.
1005 1346 1209 1401 Ἕνεκα
1263 1349 1373 1402 τῶν
1409 1353 1810 1423 ἀκροϐυστιῶν,

231 1427 472 1496 ἠγάγετο
525 1434 764 1500 γυναῖκα
794 1437 892 1505 τήν
921 1437 1154 1508 Μελχὸλ,
1191 1439 1261 1512 ἢν
1289 1443 1443 1513 παρά
1471 1444 1565 1498 τοῦ
1604 1447 1812 1518 πατρὸς

233 1521 550 1576 ἐκδοθεῖσαν
586 1527 760 1598 ἑτέρῳ
787 1531 894 1583 τινὶ
925 1531 1000 1602 τῷ
1030 1533 1254 1607 Φαλτίᾳ,
1288 1536 1496 1610 ταύτην
1529 1539 1809 1612 ἀνειλήφει

233 1616 526 1671 ἀπολαϐὼν
562 1617 662 1690 τὴν
696 1621 999 1692 βασιλείαν,
1026 1624 1152 1680 οὔτε
1183 1628 1274 1681 τὸν
1306 1630 1540 1686 Φαλτίαν
1581 1634 1810 1705 ἀδικεῖν,

232 1705 352 1760 οὕτε
389 1711 676 1780 μοιχαλίδα
704 1715 803 1786 τὴν
835 1716 1048 1788 Μελχδλ
1089 1721 1373 1788 γεγονέναι
1424 1725 1804 1798 λογισάμενος.

235 1801 343 1870 Τῆς
390 1803 576 1875 ψυχῆς
615 1807 793 1861 οίκεῖα
837 1809 1104 1880 δείγματα
1158 1812 1382 1884 ἔχοντας
1421 1816 1648 1888 σώματα
1681 1821 1808 1886 τοὺς

246 1893 605 1960 Ἰεϐουσαίους
625 1914 640 1928 ·
672 1900 838 1970 χωλοὶ
863 1902 970 1974 γάρ
1004 1903 1302 1976 ἐτύγχανον
1331 1909 1424 1963 καὶ
1448 1910 1640 1979 τυφλοὶ
1671 1915 1813 1968 πάν-

236 2001 361 2078 τες
407 1989 618 2058 εἴργειν
668 1993 817 2064 αὐτῷ
863 1999 1239 2078 πειρωμένους
1280 2002 1380 2073 τὴν
1412 2005 1494 2069 είς
1522 2007 1622 2078 τὴν
1655 2009 1812 2065 πόλιν

236 2076 457 2174 εἴσοδον,
487 2081 782 2174 κατασχὼν
808 2085 908 2156 τὴν
942 2087 1114 2154 πόλιν,
1150 2076 1248 2164 τὴν
1296 2076 1585 2166 ἀναίρεσιν
1609 2099 1664 2152 δὲ
1697 2101 1810 2174 (80)

240 2168 310 2262 μὴ
340 2168 415 2224 ὢν
449 2172 770 2242 εἰργάσατο.
804 2175 884 2229 Τά
926 2177 1252 2251 ἐπικείμενα
1290 2184 1366 2255 τῷ
1398 2186 1512 2259 λαῷ
1542 2168 1814 2262 πολεμικά

236 2261 379 2332 ἔθνη,
435 2267 532 2319 καὶ
576 2267 703 2331 τοὺς
754 2271 1066 2340 περιοίκους
1101 2275 1329 2348 ἐχθροὺς
1366 2279 1460 2332 τοῦ
1497 2281 1656 2347 λαοῦ,
1681 2261 1812 2350 τοὺς

249 2356 638 2449 ξΑλλοφύλους,
695 2363 996 2428 Μωαϐίτας
1051 2383 1110 2418 τε
1166 2367 1261 2420 καὶ
1303 2369 1528 2442 Σύρους,
1575 2374 1813 2449 καὶμὴν

249 2447 589 2517 ’Δμμανίτας
625 2455 718 2507 καὶ
766 2455 1140 2527 Ἀμαληκίτας
1188 2460 1436 2516 καθελὼν
1479 2466 1577 2533 τῆς
1607 2447 1814 2534 οἰκείας

237 2540 372 2592 κατὰ
393 2541 491 2633 τοῦ
523 2542 655 2596 λαοῦ
691 2544 1029 2613 δυναστείας,
1064 2551 1372 2624 ὑποφόρους
1402 2556 1552 2628 αὑτῷ
1584 2560 1812 2633 πεποίη-

231 2646 339 2691 ται,
371 2630 472 2683 καὶ
503 2633 598 2686 τὸν
633 2635 828 2690 ἑαυτοῦ
861 2636 989 2691 λαὸν
1021 2640 1111 2693 τὸν
1151 2641 1386 2714 Ἰσραὴλ,
1439 2647 1724 2719 ἀνειμένον
1751 2630 1814 2705 ex

228 2720 339 2776 τῶν
373 2724 543 2777 πάλαι
583 2727 882 2800 πολεμίων,
910 2731 1002 2785 καὶ
1028 2734 1259 2806 φοϐερὸν
1286 2737 1456 2792 ἅπασι
1485 2742 1597 2805 τοῖς
1633 2741 1814 2798 ἔθνεσι

231 2816 631 2887 κατεστήσατο.

300 2909 346 2960 Τ
348 2909 416 3002 ip.-
455 2911 612 2982 ίεράν
654 2915 906 2984 κιϐωτὸν,
949 2917 1049 2991 τὴν
1091 2917 1358 2995 ὕπαιθρον
1387 2925 1480 2979 καὶ
1507 2926 1815 3002 ἀσκήνητον

231 2999 310 3052 ἔτι
337 2997 530 3068 οὖσαν,
584 3005 665 3068 είς
708 3006 806 3078 τὴν
851 3009 1044 3064 ἑαυτοῦ
1095 3012 1250 3066 πόλιν
1291 3017 1428 3086 μετά
1482 2997 1816 3090 δημοτελοῦς

231 3093 515 3161 ἀνήγαγεν
544 3095 800 3167 εὐωχίας,
845 3100 939 3154 καὶ
966 3101 1127 3165 αὐτὸς
1150 3105 1262 3168 τοῖς
1287 3108 1605 3178 χορεύουσιν
1624 3113 1716 3166 ἐπὶ
1746 3116 1813 3186 τῇ

230 3184 708 3284 ταύτηςῌεπανὸδῳ
737 3193 1064 3284 συσκιρτῶν,
1095 3195 1190 3249 ἐπὶ
1217 3197 1354 3252 Θεοῦ
1378 3200 1502 3273 δόξῃ
1529 3201 1627 3275 τὴν
1661 3184 1815 3276 βασιζ
1842 3226 1888 3284 c

231 3277 367 3341 λέως
391 3280 554 3346 ἀξίαν
579 3282 990 3354 ἀποτιθέμενος,
1014 3286 1108 3358 τὴν
1129 3287 1184 3342 δὲ
1211 3289 1422 3345 ίδιώτου
1456 3297 1812 3368 περιχάρειαν

233 3374 693 3445 προαιρούμενος.
771 3378 1062 3450 Βουληθεὶς
1125 3385 1252 3438 ναδν
1315 3387 1671 3462 οἰκοδομῆσαι
1735 3393 1814 3464 τῷ

230 3465 371 3538 Θεῷ,
397 3467 491 3522 διὰ
517 3468 613 3522 τοῦ
659 3473 939 3544 προφήτου
974 3475 1160 3529 Νάθαν
1219 3479 1512 3544 ἐκωλύετο,
1563 3482 1813 3538 διδασκό-

237 3576 417 3628 μενος,
466 3561 560 3614 τὺν
595 3563 654 3616 ἐν
701 3563 958 3635 πολέμοις
988 3569 1305 3638 κεκμηκότα
1346 3571 1420 3642 μὴ
1445 3573 1555 3626 δεῖν
1587 3575 1814 3646 τέμενος

233 3653 538 3725 ίερωσύνης
565 3659 859 3729 παριστᾷν,
892 3658 968 3730 τῷ
995 3659 1040 3712 δ’
1067 3660 1126 3726 ἐξ
1155 3662 1318 3716 αὐτοῦ
1357 3664 1514 3734 φύντι
1554 3669 1815 3741 παρέχειν

232 3747 323 3799 τὸν
352 3747 489 3801 Θεὸν
520 3750 569 3802 εί
575 3749 808 3820 ρηναίαν
852 3751 950 3823 τὴν
981 3752 1276 3823 βασιλείαν,
1311 3757 1407 3811 καὶ
1436 3759 1534 3831 τὴν
1559 3762 1654 3815 τοῦ
1683 3764 1813 3818 ναοῦ

230 3841 585 3912 κατασκευὴν
635 3843 665 3894 ὁ
731 3844 1022 3914 προφήτης
1083 3845 1412 3918 ὑπισχνεῖτο.
1464 3852 1817 3924 Καταφονού-

233 3950 397 4002 μενον
444 3935 705 4002 ἐπιγνοὺς
750 3936 810 3989 τὸ
844 3936 938 3990 τοῦ
979 3939 1152 3994 Σαοὺλ
1202 3941 1378 4009 γένος,
1426 3943 1516 3998 διὰ
1547 3946 1646 4018 τὴν
1687 3949 1815 4019 περὶ

227 4025 396 4079 αὐτὸν
431 4027 723 4081 εύλάϐειάν
764 4045 822 4082 τε
856 4032 948 4083 καὶ
996 4031 1161 4100 τιμὴν
1191 4034 1569 4106 ἐπιζητεῖσθαι
1601 4037 1816 4094 κελεύει

227 4121 360 4182 τοὺς
389 4121 588 4192 ἐκείνῳ
632 4123 1030 4194 προσήκοντας,
1081 4125 1229 4190 ὅπως
1259 4127 1455 4191 αὐτοὺς
1486 4129 1695 4203 ἀξιώσῃ
1730 4148 1816 4186 τι-

228 4215 348 4283 μῆς
372 4232 431 4268 τε
452 4217 548 4268 καὶ
577 4216 808 4280 εὐνοίας.
835 4219 944 4270 Καὶ
970 4213 1042 4289 δή
1087 4220 1418 4290 μηνυθέντος
1447 4223 1596 4295 αύτῷ
1625 4226 1812 4290 παιδὸς

237 4305 506 4359 Ἰωνάθαν
531 4305 890 4378 (Μεμφιϐἀαλ
911 4309 966 4362 δὲ
984 4306 1051 4382 ἦν
1078 4311 1248 4382 ὄνομα
1277 4313 1450 4380 αὐτῷ,
1485 4315 1543 4380 ὃς
1573 4317 1667 4370 καὶ⁵
1690 4317 1817 4383 τοὺς

226 4395 408 4458 πόδας
443 4396 675 4468 πληγεὶς
727 4400 1045 4471 πεπήρωτο,
1096 4402 1589 4475 περιλελειμμένου
1637 4407 1814 4473 τινὸς,

223 4488 643 4561 φιλοφρονεῖται
693 4493 878 4557 αὐτὸν,
929 4493 1024 4546 καὶ
1070 4495 1355 4565 ὸμνρέστιον
1398 4493 1533 4569 εἶχε,
1569 4499 1664 4553 καὶ
1715 4500 1817 4573 τὴν

1915 617 2111 671 davera
2171 617 2426 673 universo
2477 617 2674 688 populo
2726 619 2779 673 in
2849 619 3079 688 publicis
3125 618 3226 674 viis
3263 619 3488 686 conspi-

1915 709 2103 764 cienda
2133 711 2436 779 proposuit.
2482 708 2922 781 Prosequebatur
2949 711 3076 766 odio
3105 727 3200 766 eos
3241 726 3483 782 quoque,

1913 801 2007 872 qui
2059 801 2114 856 in
2145 801 2371 870 gratiam
2411 801 2532 871 ejus
2570 801 2896 858 videbantur
2929 802 3123 858 fecisse
3161 803 3367 873 aliquid
3417 818 3482 858 ex

1915 893 2002 956 iis,
2035 908 2156 963 quae
2185 891 2394 948 Iuendze
2437 908 2610 964 paenae
2641 893 2878 948 obnoxia
2908 894 3106 961 jminus
3134 894 3482 950 videbantur.

1912 982 2049 1039 Joab
2083 984 2265 1055 itaque
2287 983 2479 1040 ducem
2511 1000 2692 1049 suum,
2724 985 2818 1056 qui
2850 983 3272 1055 Memphibostlti
3295 1001 3487 1055 quem-

1911 1076 2035 1132 dam
2071 1077 2265 1131 ducem
2305 1074 2671 1140 interfecerat,
2706 1076 2794 1130 cui
2832 1092 3028 1132 nomen
3060 1087 3178 1132 erat
3210 1078 3485 1142 Abenner,

1914 1182 2086 1236 usque
2128 1166 2266 1221 adeo
2322 1177 2605 1223 aversatus
2634 1176 2750 1230 est,
2790 1177 2930 1225 utet
2967 1169 3106 1224 inter
3133 1171 3322 1225 hostes
3355 1187 3484 1228 ceu-

1913 1268 2078 1325 seret,
2119 1270 2534 1330 reservaretque
2581 1260 2656 1314 illi
2713 1261 2854 1316 haud
2911 1261 3138 1316 inultam
3192 1262 3489 1316 vindictam

1912 1352 2055 1421 ejus,
2100 1367 2264 1421 quem
2319 1351 2460 1406 male
2507 1351 2874 1407 interfecerat.
2911 1356 2969 1407 ln
3000 1354 3234 1424 gratiam
3274 1369 3488 1423 praepu-

1915 1445 2113 1499 tiortnn
2141 1445 2210 1507 ²¹,
2271 1459 2498 1498 uxorem
2553 1455 2835 1513 acceperat
2891 1445 3119 1501 Melchol
3163 1464 3177 1501 :
3227 1457 3394 1516 quam
3454 1460 3485 1500 a

1914 1547 2066 1608 patre
2109 1537 2265 1592 alteri
2315 1537 2582 1592 clocatam
2629 1539 2844 1593 cuidam
2877 1539 3126 1603 Pbaltiaz,
3160 1546 3492 1594 consecutus

1915 1645 2140 1700 regnum
2195 1630 2435 1701 recepit;
2487 1645 2829 1700 nequaquam
2877 1640 3031 1687 ratus
3077 1641 3172 1686 aut
3222 1629 3490 1686 Phaltiam

1916 1722 2102 1794 inique
2147 1723 2346 1795 egisse,
2387 1732 2481 1779 aut
2507 1722 2737 1778 Melcbol
2769 1722 2938 1778 fuisse
2984 1724 3276 1779 moecham.
3326 1721 3493 1778 Jebu-

1916 1828 2054 1869 satos
2081 1813 2172 1884 qui
2210 1814 2379 1868 animi
2423 1815 2508 1870 sui
2544 1813 2752 1868 indices
2809 1814 3084 1870 habebant
3113 1829 3340 1885 corpora
3367 1829 3494 1884 pro-

1846 1877 1886 1935 Β
1918 1905 2032 1975 pria
2080 1904 2280 1974 (claudi
2325 1905 2471 1960 enim
2515 1912 2673 1960 erant
2714 1912 2768 1958 et
2798 1905 2927 1960 carci
2973 1904 3186 1975 omnes)
3227 1921 3351 1959 cum
3381 1904 3494 1958 vel-

1913 1994 2025 2049 lent
2048 1995 2202 2061 eniti,
2239 2005 2298 2050 ut
2322 2011 2445 2050 eum
2489 1994 2714 2050 introitu
2743 1995 2894 2050 urbis
2925 2003 3194 2061 arcerent,
3225 2005 3382 2065 capta
3412 1996 3494 2049 ci-

1913 2086 2076 2142 vitate
2114 2086 2408 2152 interfecit,
2464 2102 2590 2142 cum
2633 2086 2746 2157 ipse
2804 2087 3112 2157 hujusmodi
3165 2103 3272 2142 non
3325 2099 3494 2142 esset.

1914 2176 2262 2235 lmmiuentes
2296 2179 2495 2249 populo
2547 2179 2834 2250 belligeras
2883 2189 3108 2251 gentes,
3141 2195 3206 2234 ac
3255 2180 3496 2234 circum-

1915 2273 2123 2342 positos
2158 2272 2340 2342 populi
2376 2272 2584 2334 hostes,
2635 2271 3001 2338 Philistbzeos,
3059 2272 3344 2336 Moabitas,
3390 2271 3494 2344 Sy-

1916 2378 2029 2426 ros,
2077 2373 2242 2432 atque
2294 2363 2459 2417 etiam
2496 2364 2838 2419 Ammanitas
2877 2375 2932 2419 et
2979 2366 3328 2429 Amalet-itas,
3368 2380 3493 2433 spo-

1915 2458 2054 2513 lians
2086 2472 2187 2513 suo
2236 2457 2288 2511 in
2341 2457 2599 2526 populum
2641 2457 2984 2528 principatu,
3035 2456 3351 2511 tributarios
3390 2455 3495 2511 sibi

1915 2551 2114 2618 effecit,
2160 2566 2431 2622 suumque
2481 2552 2739 2622 populum
2773 2549 2933 2604 Israel
2980 2551 3226 2620 quietum
3263 2565 3293 2604 a
3342 2558 3494 2604 vete-

1917 2644 2070 2701 ribus
2123 2644 2382 2708 inimicis,
2435 2654 2599 2714 atque
2661 2643 2827 2698 etiam
2881 2643 3181 2699 terribilem
3237 2642 3496 2698 omnibus

1916 2738 2168 2808 gentibus
2196 2735 2453 2792 reddidit.

1992 2918 2189 2974 Arcam
2237 2931 2448 2974 sacram
2481 2933 2604 2988 quae
2653 2916 2830 2972 adhuc
2859 2916 2961 2971 sub
3007 2915 3100 2970 dio
3133 2923 3252 2970 erat
3284 2919 3338 2968 et
3372 2911 3493 2968 sine

1919 3010 2290 3074 tabernaculo,
2333 3011 2383 3064 in
2416 3026 2569 3065 suam
2623 3010 2894 3065 civitatem
2933 3024 3058 3063 cuin
3107 3008 3273 3060 totius
3309 3005 3496 3077 pepuli

1920 3101 2160 3175 tripudio
2203 3101 2450 3163 deduxit,
2502 3101 2732 3170 ipsemet
2781 3116 2904 3155 cum
2940 3103 3173 3154 choreas
3205 3097 3498 3168 agentibus

1919 3195 1991 3250 ob
2018 3194 2136 3264 ejus
2166 3193 2548 3248 deductionem
2581 3192 2746 3246 simul
2776 3192 3094 3256 subsiliens,
3129 3206 3226 3262 pro
3254 3189 3345 3244 Dei
3379 3190 3497 3260 glo-

1922 3289 2000 3344 ria
2039 3286 2181 3358 regis
2218 3285 2445 3355 gloriam
2493 3284 2790 3355 deponens,
2824 3285 2956 3354 quin
2999 3294 3051 3338 et
3084 3283 3280 3354 privati
3316 3283 3498 3336 homi-

1921 3381 2007 3435 nis
2069 3378 2326 3449 gaudium
2388 3377 2750 3448 amplexatus.
2811 3378 2944 3431 Cum
3006 3377 3169 3430 vellet
3233 3375 3498 3444 templum

1920 3472 2257 3529 exmdilicare
2289 3470 2418 3534 Deo,
2456 3485 2554 3539 per
2599 3469 2920 3541 prophetam
2951 3469 3165 3523 Nathan
3192 3468 3503 3538 prohibitus

1919 3573 2031 3631 est,
2061 3564 2311 3627 edoctus,
2339 3578 2464 3618 eum
2495 3563 2589 3634 qui
2620 3561 2775 3617 bellis
2801 3561 3132 3632 defatigatus
3159 3561 3358 3625 fuerat,
3395 3574 3504 3612 non

1921 3667 2174 3730 oportere
2221 3656 2524 3713 sanctitatis
2578 3655 2843 3725 templum
2897 3654 3148 3724 erigere:
3201 3652 3312 3707 filio
3377 3667 3505 3702 vero

1921 3752 2068 3808 illius
2096 3763 2483 3807 concessurum
2527 3745 2694 3801 Deum
2727 3759 2958 3812 regnum
2995 3743 3280 3814 pacificum
3315 3740 3506 3796 simul-

1920 3859 2028 3916 que
2056 3842 2238 3912 templi
2269 3839 2760 3902 constructionem,
2791 3837 3070 3908 pollicitus
3096 3844 3179 3891 est
3214 3834 3500 3905 prephcta.

1920 3935 2270 3991 lnterfectum
2320 3931 2627 4002 intelligens
2663 3931 2839 3984 Saulis
2871 3945 3072 4001 genus,
3102 3944 3208 3998 qua
3238 3937 3356 3982 erat
3376 3942 3506 3995 erga

1922 4031 2074 4087 illum
2106 4028 2412 4085 reverentia
2441 4036 2496 4082 et
2538 4025 2746 4080 honore
2780 4023 3028 4089 affectus,
3060 4022 3386 4094 quaerendos
3415 4021 3505 4091 ju-

1923 4125 2015 4179 bet
2043 4123 2087 4177 si
2119 4121 2212 4193 qui
2245 4121 2396 4176 illum
2443 4119 2846 4189 contingerent,
2874 4133 2984 4188 quo
3013 4132 3108 4172 eos
3137 4117 3347 4170 honore
3382 4128 3509 4182 pro-

1923 4217 2077 4288 sequi
2119 4223 2299 4287 posset
2322 4225 2376 4269 et
2407 4211 2809 4268 benevolentia.
2838 4211 2916 4264 Ac
2948 4225 3081 4264 sane
3119 4224 3244 4263 cum
3283 4207 3387 4276 ipsi
3417 4207 3504 4259 in-

1923 4310 2162 4366 dicatum
2213 4307 2427 4372 fuisset,
2459 4318 2746 4374 superesse
2779 4300 3090 4372 quempiam
3127 4299 3296 4352 filium
3337 4295 3508 4350 Jona-

1924 4400 2050 4463 tbaz,
2074 4397 2161 4454 cui
2183 4411 2381 4452 nomen
2406 4391 2796 4464 Mempbibaal,
2817 4391 2910 4460 qui
2929 4400 2980 4445 et
2999 4388 3227 4459 pedibus
3253 4387 3511 4441 laborans

1923 4494 2177 4549 eluxatus
2203 4497 2358 4556 erat;
2388 4487 2584 4543 festive
2618 4485 2766 4540 illum
2802 4481 3228 4552 bumaniterque
3257 4476 3508 4547 suscipit,

220 4581 426 4635 οὐσίαν
462 4581 682 4636 ἃπασαν
721 4583 872 4655 αὐτῷ
915 4583 1098 4639 δίδωσι
1138 4586 1238 4657 τήν
1285 4588 1478 4654 Σαοὺλ,
1516 4572 1812 4662 ἐπίτροπον

1922 4597 1977 4644 et
2005 4583 2428 4641 commensalem
2458 4579 2672 4642 habuit,
2707 4593 2770 4633 ac
2799 4575 3160 4633 substantiam
3195 4572 3509 4627 universam

219 4673 388 4744 αῦτῷ
440 4675 565 4740 δοὺς
621 4676 842 4730 πάντων
897 4677 1032 4748 ὁμοῦ
1071 4679 1182 4735 τῶν
1227 4685 1594 4754 πραγμάτων,
1650 4685 1816 4742 Σιϐᾶν

220 4769 486 4840 ὀνόματι,
518 4771 704 4824 δοῦλον
733 4770 884 4842 αύτῷ
925 4773 1180 4844 πατρῷον
1208 4777 1597 4847 γεγενημένον.
1630 4778 1819 4844 Οῦτως

217 4856 298 4931 ἦν
356 4862 456 4915 καὶ
501 4864 630 4934 περὶ
679 4865 805 4928 τοὺς
859 4865 1175 4936 οἰχομένους
1217 4868 1534 4932 ὁσιώτατος.
1598 4870 1658 4924 '0
1709 4870 1819 4926 τῶν

234 4954 603 5025 Ἀμμανιτῶν
642 4955 922 5026 βασιλεὺς,
967 4960 1238 5028 φεύγοντα
1281 4960 1680 5032 δεξιωσάμενος
1722 4964 1820 5017 αύ-

218 5049 366 5110 seu,
388 5050 447 5101 ὲν
473 5051 583 5113 τοῖς
611 5051 788 5119 φίλοις
831 5051 1147 5122 ἠριθμεῖτο·
1186 5054 1376 5125 ἐπειδὴ
1408 5055 1684 5126 τεθνήκει,
1720 5056 1820 5127 τὴν

219 5139 456 5192 ἐκείνου
505 5143 726 5212 μνήμην
769 5142 968 5212 τιμῶν,
1008 5143 1326 5198 ἀπέστειλεν
1377 5147 1472 5200 ἐπὶ
1501 5147 1592 5200 τὸν
1629 5147 1820 5201 τούτου

218 5233 418 5285 παῖδα
451 5232 668 5288 Ἀνανὺν
697 5236 825 5300 τοὺς
853 5236 1362 5307 παρακαλέσοντας,
1393 5239 1636 5310 διάδοχον
1660 5240 1823 5294 αὑτὸν

1918 4679 1969 4733 ei
2001 4677 2178 4732 reddit
2201 4690 2322 4747 qua:
2346 4672 2528 4728 Saulis
2553 4669 2750 4734 fuerat,
2777 4677 3085 4725 curatorem
3111 4665 3188 4720 illi
3221 4663 3512 4734 assignans

1917 4782 2241 4827 cunctarum
2293 4767 2458 4824 simul
2514 4781 2697 4822 rerum
2759 4762 2928 4818 Siban
2970 4759 3214 4823 nomine,
3257 4758 3352 4827 qui
3407 4757 3511 4810 sub

1921 4875 2144 4936 parente
2173 4861 2294 4932 ejus
2325 4874 2518 4916 servus
2551 4858 2699 4913 illius
2729 4857 2927 4911 fuerat.
2967 4853 3141 4907 Tanta
3189 4859 3307 4906 erat
3339 4849 3510 4902 etiam

1922 4960 1976 5015 in
2005 4966 2252 5014 mortuos
2283 4955 2500 5024 pietate.
2540 4951 2978 5008 Ammanitarum
3021 4961 3138 5008 rex,
3167 4943 3260 5013 qui
3292 4942 3510 5012 fugieno

1923 5064 2028 5109 tem
2076 5053 2228 5107 illum
2280 5050 2509 5104 comiter
2554 5051 2895 5116 susceperat,
2932 5042 3078 5096 inter
3114 5038 3262 5092 illius
3301 5035 3512 5089 amicos

1929 5147 2278 5204 censebatur.
2317 5143 2612 5213 Postquam
2653 5148 2902 5194 mortuus
2933 5143 3054 5198 est,
3098 5132 3244 5186 illitts
3285 5144 3514 5184 venera-

1935 5250 2021 5295 tus
2051 5236 2392 5299 memoriam,
2448 5235 2597 5289 misit
2645 5232 2711 5286 ad
2757 5231 2879 5302 ejus
2915 5228 3084 5283 filium
3133 5227 3382 5278 Ananum
3417 5219 3511 5290 qui

213 5325 330 5395 τῆς
370 5325 651 5396 πατρικῆς
698 5326 880 5396 φιλίας
921 5325 1064 5383 εἶναι
1121 5327 1463 5401 βουλόμενος.
1527 5333 1587 5386 '0
1639 5332 1717 5398 δὲ,
1748 5334 1815 5397 ώς

1927 5344 2052 5386 eum
2112 5327 2552 5389 consolarentur,
2607 5321 2834 5392 cupiens
2890 5334 3128 5390 paterna:
3183 5315 3339 5368 illum
3389 5325 3513 5365 esse

215 5418 623 5483 κατασκόπους
646 5420 812 5475 αὑτοῦ
838 5421 937 5492 τῆς
961 5420 1238 5491 βασιλείας
1255 5425 1382 5487 τοῦς
1410 5425 1500 5477 ἐπὶ
1517 5425 1616 5495 τὴν
1644 5425 1825 5495 παρά-

1928 5423 2183 5478 amicitiae
2228 5432 2626 5476 successorem.
2685 5416 2754 5469 At
2811 5414 2921 5479 ille,
2977 5428 3077 5467 ceu
3136 5406 3513 5476 exploratores

215 5513 441 5583 κλησιν
468 5491 904 5586 ὲπεσταλμένους
927 5515 1155 5586 νομίσας
1179 5559 1192 5583 ,
1222 5516 1374 5586 ξυρεί
1400 5517 1524 5581 τοὺς
1556 5491 1815 5585 πώγωνας

1929 5514 2080 5587 regni
2106 5513 2192 5568 sui
2221 5511 2521 5566 arbitratus
2564 5506 2818 5563 homines
2864 5502 2956 5574 qui
2992 5514 3093 5571 pro
3138 5491 3515 5552 consolatione

297 5699 347 5729 “
393 5693 441 5750 ΙΙ
475 5694 598 5767 Reg.
636 5712 720 5762 ttt,
751 5697 841 5752 9.8.

303 5852 445 5928 (80)
479 5851 698 5912 Videtur
747 5855 802 5910 δὲ
853 5857 1152 5924 αὶιυιιέοτο,
1194 5866 1285 5912 aut
1339 5855 1674 5912 certe'lecus
1721 5852 1815 5921 alii;

1916 5859 2000 5908 ato
2032 5847 2282 5905 deficere.
