4050 6604
473 329 543 392 83
1963 329 2264 392 JOSEPPI
3654 336 3725 402 8.1

467 443 622 497 missi
655 441 891 508 fuerant,
928 441 1069 496 ralit
1123 456 1313 498 eorum
1352 442 1571 508 barbas,
1627 453 1684 500 et
1728 444 2045 516 chlamydas

2152 446 2347 512 αὐτῶν,
2372 446 2467 500 καὶ
2488 447 2589 513 τάς
2614 448 2890 522 χλαμύδας
2911 451 3229 522 ἀποτέμνει.
3259 453 3423 516 Γνοὺς
3439 453 3494 506 δὲ
3515 455 3542 507 6
3561 453 3728 507 Δσϐὶδ

466 533 756 588 exscindit.
787 531 922 588 Cum
968 531 1314 601 cognovisset
1337 531 1506 586 David
1541 532 1767 587 stultum
1799 532 1934 586 adeo
1969 532 2046 586 fa-

467 625 660 688 cimrs;
695 638 824 677 suos
857 621 1076 692 quidem
1104 622 1193 675 ubi
1222 623 1489 692 degebant
1517 622 1815 677 subsistere
1845 638 2047 693 praece-

468 719 563 783 pit.
588 716 760 770 donec
787 715 876 790 pili
904 723 1340 781 renascerentur,
1368 716 1616 768 Auanum
1644 729 1772 770 vero
1796 715 1886 783 qui
1913 730 2048 783 pne-

470 818 547 861 ter
577 807 873 877 pessimum
901 806 1081 862 scelus
1110 823 1353 878 pugnare
1375 807 1639 860 adversus
1668 822 1791 877 eum
1819 815 2045 878 paratus

466 910 615 967 erat,
660 901 969 971 profligavit
1021 917 1114 970 per
1163 901 1357 955 ducem
1413 916 1571 954 suum
1607 899 1738 954 Joab
1776 915 1880 953 una
1919 915 2042 953 cum

468 994 592 1049 aliis
633 994 873 1064 quinque
927 994 1170 1064 regibus,
1230 1008 1369 1063 quos
1419 991 1647 1064 Ananus
1695 991 1878 1054 socios
1918 991 2042 1045 belli

469 1102 656 1141 secum
697 1087 1021 1142 adduxerat.

539 1179 676 1236 Cum
708 1184 759 1234 in
795 1190 1076 1252 peccatum
1112 1179 1410 1245 incidisset,
1453 1180 1597 1234 flevit
1629 1193 1814 1233 amare
1835 1217 1849 1240 ,
1881 1186 2048 1248 atque

467 1289 537 1328 ex
567 1276 774 1328 .aniino
809 1263 990 1328 Deum
1045 1273 1251 1327 veniam
1290 1273 1518 1341 rogavit.
1561 1272 1698 1327 Cum
1734 1271 1878 1326 enim
1921 1285 2046 1324 mu-

467 1366 653 1420 lierem
686 1365 875 1422 fuisset
897 1367 1244 1442 conspicatus
1264 1365 1690 1435 pulcherrimam
1720 1363 2043 1427 Betlrsabee,

469 1474 590 1513 eum
626 1443 727 1514 hac
753 1457 974 1514 domum
1009 1468 1200 1513 vocata
1233 1475 1346 1514 rem
1380 1459 1588 1513 habuit.
1621 1457 1753 1525 Quae
1804 1457 1894 1512 ubi
1927 1456 2046 1510 ani-

471 1549 848 1616 madvertisset
875 1566 932 1604 se
960 1558 1170 1603 uterum
1204 1550 1367 1614 ferre,
1403 1549 1550 1619 quod
1586 1557 1914 1621 cognoverat
1944 1563 2044 1602 no-

470 1651 582 1697 tum
615 1643 744 1698 facit
773 1643 980 1697 Davidi.
1019 1644 1110 1698 Ille
1142 1658 1361 1698 onmem
1399 1642 1630 1712 lapidem
1679 1657 1903 1698 movens
1937 1657 2048 1711 quo

468 1729 725 1787 maritum
753 1735 875 1804 ejus
913 1735 1106 1789 lateret
1137 1751 1294 1789 suum
1331 1749 1394 1788 ac
1431 1733 1614 1788 uxoris
1662 1734 1806 1788 illius
1841 1749 2046 1788 concu-

471 1827 664 1891 bitum,
702 1828 847 1883 hunc
880 1828 949 1882 ab
981 1828 1223 1885 exercitu
1255 1837 1475 1882 revocat
1510 1840 1667 1894 astu;
1699 1837 1819 1884 erat
1847 1829 2047 1904 quippe

471 1922 552 1974 vir
583 1922 740 1975 fortis
767 1930 819 1974 et
852 1921 1007 1975 miles
1040 1919 1354 1975 benevolus.
1393 1918 1686 1990 Postquam
1732 1903 1950 1974 advenit
1985 1903 2047 1974 ac

465 2027 646 2080 regem
709 2014 996 2068 certiorem
1064 2012 1224 2077 fecit,
1292 2014 1562 2067 enarratis
1616 2014 1872 2068 omnibus
1926 2028 2048 2084 qua:

464 2106 607 2160 circa
657 2106 779 2161 belli
816 2108 987 2161 aciem
1024 2116 1174 2177 gesta
1205 2104 1458 2170 fuerant,
1498 2107 1810 2162 mandatum
1850 2110 2048 2179 accipit

465 2200 702 2254 abeundi
742 2199 795 2254 in
827 2199 1048 2254 domum
1081 2215 1258 2254 suam.
1303 2201 1373 2255 At
1407 2201 1495 2254 ille
1529 2215 1637 2256 non
1688 2201 1894 2267 abivit;
1927 2212 2048 2256 erat

463 2296 608 2350 enim
648 2296 807 2352 miles
837 2295 994 2350 furtis
1027 2312 1039 2347 :
1067 2296 1160 2351 scd
1199 2296 1397 2350 mansit
1428 2297 1576 2350 velut
1604 2295 1658 2349 in
1699 2297 1836 2359 acie,
1895 2306 2048 2352 ratus

464 2391 644 2444 adhuc
683 2407 741 2446 se
773 2406 1093 2461 permanere
1143 2403 1414 2446 armatum
1445 2393 1549 2446 sub
1579 2393 1690 2446 dio.
1750 2394 1906 2458 Quod
1956 2393 2046 2454 ubi

467 2483 837 2550 renuntiatum
869 2493 951 2537 est
1002 2483 1135 2553 regi,
1173 2483 1360 2538 statuit
1393 2494 1509 2538 arte
1557 2483 1848 2556 proﬂigare
1904 2484 2050 2540 Uria:

466 2575 605 2645 (hoc
637 2591 871 2644 namque
905 2576 1022 2630 viro
1073 2592 1270 2630 nomen
1308 2575 1459 2649 erat)
1493 2577 1761 2648 objeclam
1799 2579 1901 2633 sibi
1939 2579 2051 2635 ΐυιο

468 2668 779 2723 titudinem.
825 2667 950 2724 Haec
981 2669 1164 2724 animo
1193 2686 1440 2735 versans,
1471 2672 1662 2725 scribit
1688 2671 1756 2726 ad
1788 2673 1912 2727 belli
1947 2673 2048 2727 im-

471 2768 800 2828 peratorem,
839 2767 896 2814 ut
929 2761 1086 2814 malis
1137 2761 1346 2816 artibus
1381 2777 1515 2816 usus
1553 2759 1738 2816 Uriam
1771 2763 2044 2832 perderet.

470 2853 573 2908 Ubi
604 2853 655 2908 id
689 2853 938 2924 contigit,
977 2853 1302 2924 redargutor
1336 2853 1401 2908 ad
1437 2869 1560 2908 eum
1595 2854 1744 2925 impii
1789 2855 2048 2910 facinoris

469 2943 678 2998 Nathan
719 2943 983 3013 propheta
1023 2943 1272 2997 mittitur.
1314 2943 1383 2996 At
1417 2942 1504 2997 ille
1539 2958 1662 2996 cum
1705 2943 2048 2996 animadver-

467 3035 624 3088 tisset
667 3033 811 3088 haud
854 3033 1099 3104 potuisse
1137 3034 1306 3089 latere
1347 3033 1512 3088 Deum
1566 3035 1710 3104 quod
1755 3034 2047 3089 artiﬁciose

2147 539 2247 604 τὴν
2275 539 2488 623 ἄφρονα
2523 543 2712 598 τούτου
2754 545 2976 616 πρᾶξιν,
3019 547 3144 608 τοὺς
3181 544 3280 614 μὲν
3312 545 3549 609 οἰκείους
3584 546 3727 600 κατὰ

2148 631 2333 700 χώραν
2395 635 2574 702 μένειν
2639 635 2946 702 ἐκέλευσεν,
3009 637 3138 708 ἄχρι
3204 636 3304 706 τῆς
3353 637 3462 690 τῶν
3523 638 3727 708 τριχῶν

2148 722 2491 792 ἀναφύσεως,
2529 727 2620 779 τὸν
2649 728 2705 781 δὲ
2756 729 2979 782 Ἀνανίιν
3017 728 3155 800 πρὸς
3190 731 3256 800 τῇ
3294 731 3508 800 πονηρᾷ
3529 729 3726 800 πράξει

2149 817 2471 888 ἐκπολεμεῖν
2507 819 2653 890 αὐτῷ
2685 822 3203 892 παρεσκευασμένον
3234 821 3611 892 κατεπόρθησε
3638 821 3727 874 διέι

2147 907 2241 960 τοῦ
2271 911 2579 981 στρατηγοῦ
2623 912 2802 976 ’1ωᾶ6,
2837 913 2932 966 σὺν
2958 913 3166 984 ἑτέροις
3199 913 3359 966 πέντε
3389 912 3727 983 βασιλεῦσιν,

2148 999 2241 1064 οὓς
2267 1002 2296 1054 6
2334 1001 2552 1068 Ἀνανδς
2584 1006 2910 1077 συμμάχους
2941 1007 3376 1077 συνεπηγάγετο.

2221 1178 2538 1250 Περιπεσὼν
2587 1181 2862 1253 ἁμαρτάδι
2895 1182 3107 1255 πικρῶς
3135 1182 3423 1252 ἐδάκρυσε,
3467 1181 3564 1236 καὶ
3598 1179 3731 1250 περὶ

2151 1271 2480 1343 συγγνώμης
2523 1274 2732 1326 ἱκέτευε
2760 1276 2850 1328 τὸν
2879 1275 3012 1328 Θεὸν
3052 1275 3325 1346 εὐθύμως.
3359 1277 3597 1328 Γυναῖκα
3623 1274 3732 1343 γὰρ

2150 1365 2484 1435 θεασάμενος
2535 1367 2787 1438 εὐπρεπῆ
2826 1368 2923 1438 τὴν
2969 1367 3273 1438 Βηθσαϐεὲ,
3306 1369 3511 1437 ταύτην
3549 1365 3731 1419 οἴκαδε

2150 1457 2388 1521 καλέσας
2441 1459 2733 1530 ἐκτήσατο.
2782 1458 2869 1522 Ὠς
2913 1460 2968 1513 δὲ
3007 1459 3206 1530 ἑαυτὴν
3253 1461 3394 1527 ἔγνω
3429 1459 3734 1530 γενομένην

2149 1552 2447 1622 ἐγκύμονα,
2482 1555 2632 1624 δηλοῖ
2669 1554 2746 1625 τῷ
2783 1555 2949 1608 Δαὸὶδ
2997 1554 3136 1624 ὅπερ
3168 1553 3496 1623 ὲπεγνώκει,
3529 1554 3624 1607 καὶ
3667 1553 3733 1622 δὴ

2152 1646 2546 1716 μηχανώμενος
2572 1646 2662 1698 τὸν
2701 1647 2868 1717 ἄνδρα
2891 1647 2983 1699 τὸν
3007 1648 3180 1718 αὐτῆς
3209 1645 3484 1700 διαλαθεῖν
3508 1647 3604 1715 τὴν
3632 1645 3734 1698 αὑ-

2149 1737 2243 1791 τοῦ
2289 1755 2347 1789 τε
2387 1738 2478 1790 καὶ
2517 1738 2614 1808 τῆς
2661 1737 2826 1790 αὐτοῦ
2878 1739 3138 1804 γυναικὸς
3199 1739 3508 1798 συνουσίαν,
3563 1755 3736 1791 καταο

2152 1832 2427 1900 πέμπεται
2479 1831 2664 1884 τοῦτον
2722 1831 2829 1884 άπὸ
2889 1833 2980 1885 τοῦ
3037 1831 3434 1903 στρατοπέδου·
3469 1830 3563 1882 καὶ
3623 1830 3735 1902 γάρ

2146 1919 2215 1994 ἦν
2247 1924 2488 1996 ἀνδρεῖός
2535 1941 2595 1977 τε
2629 1925 2722 1976 καὶ
2767 1923 2956 1989 εὐνους
3017 1923 3376 1996 στρατιώτης.
3421 1923 3508 1986 Ὠς
3543 1922 3599 1976 δὲ
3631 1923 3736 1992 ἀφ-

2150 2017 2400 2087 ικόμενος
2425 2015 2691 2085 ἐγνώρισε
2719 2018 2795 2088 τῷ
2827 2017 3058 2087 βασιλεῖ,
3107 2018 3199 2070 καὶ
3231 2015 3384 2069 εἶπεν
3428 2016 3636 2069 ἕκαστα
3667 2013 3736 2068 τὰ

2148 2111 2288 2163 κατᾶ
2324 2110 2420 2179 τὴν
2462 2109 2771 2180 παράταξιν
2815 2110 2910 2164 τοῦ
2965 2110 3204 2178 πολέμου
3253 2109 3614 2180 δεδρασμένα,
3657 2108 3737 2171 εἰς

2149 2203 2244 2274 τὴν
2281 2203 2474 2256 ἑαυτού
2515 2204 2693 2256 οἰκίαν
2742 2203 2964 2256 ἀπιέναι
2995 2203 3419 2272 προσετάττετο.
3453 2201 3516 2255 ’0
3550 2201 3606 2254 δὲ
3635 2202 3739 2254 οὐκ

2149 2294 2348 2366 ἀπῄει·
2389 2294 2730 2366 στρατιώτης
2770 2295 2879 2365 γάρ
2929 2290 2995 2364 ἦν
3041 2295 3319 2365 άνδρεῖοςο
3368 2294 3482 2346 ἀλλ’
3520 2293 3738 2362 ἔμεινεν

2149 2389 2240 2440 ἐπὶ
2263 2390 2359 2458 τῆς
2391 2387 2773 2457 παρατάξεως,
2827 2387 3192 2456 λογισάμενος
3239 2389 3319 2439 ἔτι
3351 2388 3534 2456 μένειν
3563 2385 3737 2438 ὠπλιο

2153 2480 2350 2551 σμένος
2384 2479 2690 2552 ὑπαίθριος.
2745 2480 2899 2532 Ἐπεὶ
2927 2480 2983 2532 δὲ
3014 2480 3173 2534 τοῦτο
3208 2478 3285 2550 τῷ
3315 2478 3528 2550 βασιλεῖ
3566 2479 3739 2547 ἀνηγο

2150 2573 2342 2643 γέλθη,
2379 2572 2521 2642 ἔγνω
2563 2575 2832 2642 μηχαναῖς
2884 2572 3212 2627 καταϐαλεῖν
3257 2571 3356 2643 τὴν
3406 2569 3499 2623 τοῦ
3535 2570 3738 2638 Οὐρίου

2151 2667 2266 2735 (καὶ
2293 2666 2402 2736 γὰρ
2423 2663 2594 2728 οὑτως
2615 2665 2994 2736 ἐκικλήσκετο)
3024 2663 3297 2734 προϐεόλη
3309 2663 3476 2735 μένην
3490 2662 3737 2732 ἀνδρίαν.

2151 2755 2304 2810 Οὐτω
2359 2754 2488 2822 γοῦν
2535 2755 2918 2826 λογισάμενος,
2968 2757 3168 2826 γράφει
3220 2755 3299 2826 τῷ
3347 2755 3442 2807 τοῦ
3497 2754 3738 2824 πολέμου

2151 2847 2444 2919 στρατηγῷ
2487 2849 2725 2916 μετιέναι
2756 2849 2849 2901 τὸν
2878 2849 3083 2920 Οὐρίαν
3120 2850 3283 2902 κάκεῖ
3318 2846 3538 2920 [κακῇ]
3569 2847 3739 2921 τέχνῃ

2151 2941 2522 3011 χρησάμενον.
2572 2941 2682 2994 Καὶ
2729 2941 3027 3011 γενομένου
3066 2943 3281 3007 τούτου,
3325 2941 3547 3012 ἔλεγχος
3585 2940 3740 3012 αὐτῷ

2150 3033 2247 3102 τῆς
2284 3031 2511 3100 ἐναγοῦς
2560 3031 2942 3103 πλημμελείας
2984 3031 3172 3085 Νάθαν
3216 3034 3243 3085 6
3287 3032 3571 3104 προφήτης
3599 3032 3738 3084 άπο-

466 3117 861 3193 atlentaverat,
911 3127 1160 3198 deplorat
1190 3137 1243 3182 et
1291 3142 1477 3182 amare
1517 3127 1678 3182 deflet
1717 3127 2042 3182 sceleratum

2152 3124 2448 3179 στέλλεται.
2498 3123 2584 3188 Ὠς
2613 3124 2670 3178 δὲ
2717 3125 2858 3193 ἔγνω
2892 3125 2966 3196 μὴ
2995 3125 3314 3196 δεδυνῆσθαι
3351 3112 3616 3196 κρύπτειν
3643 3123 3738 3180 τὸν

466 3209 679 3292 facinus
709 3235 892 3286 suum,
925 3227 1087 3289 atque
1115 3218 1318 3272 acriter
1345 3216 1534 3272 dolens
1569 3217 2046 3288 ingemiscensque

464 3311 900 3367 misericordiam
931 3313 1213 3365 exorabat.
1247 3310 1422 3376 Quam
1455 3311 1720 3381 prOpbeta
1753 3311 1948 3366 iterum
1981 3311 2046 3363 ad

466 3405 617 3462 iilum
652 3420 906 3460 reversus
951 3405 1027 3458 ait
1081 3404 1183 3458 sibi
1214 3418 1534 3474 concessam
1585 3401 1774 3465 fuisse,
1830 3409 2050 3470 prOpter

465 3517 584 3562 eam
630 3515 848 3571 pinnam
885 3513 1048 3568 quam
1103 3496 1207 3551 sibi
1261 3494 1740 3565 supervenientem
1786 3494 2045 3562 excipiet.

465 3571 694 3664 Propter
750 3593 854 3646 hoc
913 3589 1077 3660 igitur
1126 3588 1263 3642 adeo
1319 3585 1556 3641 immane
1613 3585 1849 3648 facinus,
1908 3584 2047 3652 mala

464 3699 710 3756 extrema
740 3694 931 3740 contra
963 3696 1180 3736 omnem
1219 3681 1441 3734 domum
1482 3694 1660 3746 suam,
1693 3677 2052 3748 quemadmo-

466 3780 595 3831 dum
631 3785 972 3847 peccaverat,
1016 3785 1209 3842 passus
1241 3778 1342 3824 est.
1382 3767 1618 3837 Deperiit
1657 3769 1800 3822 enim
1835 3770 2049 3823 Amnon

467 3871 612 3925 filius
639 3871 760 3939 ejus
795 3882 1044 3940 sororem
1094 3879 1248 3918 suam
1285 3861 1752 3932 consanguineam
1789 3861 2047 3932 Thamar,

469 3975 806 4033 composque
861 3959 1038 4011 factus
1096 3955 1216 4025 ejus
1274 3970 1439 4024 quam
1497 3953 1800 4023 deperibat,
1864 3963 2051 4025 postea

474 4052 665 4121 majori
715 4066 882 4120 quam
936 4056 1094 4102 antea
1135 4062 1324 4100 amore
1359 4045 1543 4104 statim
1578 4045 1705 4101 odio
1744 4056 1829 4102 est
1859 4063 2050 4117 prose-

473 4152 652 4199 cutus.
713 4140 924 4197 Occidit
988 4139 1134 4194 hunc
1195 4137 1500 4192 Amnonem
1559 4137 1895 4206 Abessalom,
1955 4140 2047 4211 qui

472 4238 723 4294 nterinns
772 4243 891 4290 erat.
933 4232 1224 4288 Tliamaris
1262 4231 1448 4296 frater,
1487 4247 1731 4303 sororem
1765 4233 1899 4286 adeo
1933 4244 2049 4288 tur-

471 4334 611 4404 piter
661 4330 1070 4385 dehonestatam
1110 4326 1296 4381 ulcisci
1353 4326 1557 4380 volens.
1595 4326 1848 4396 insurgit
1887 4341 2050 4396 porro

473 4428 575 4482 iste
602 4424 880 4496 fratricida
911 4419 1227 4485 Abessalom
1261 4418 1423 4472 etiam
1459 4418 1512 4471 in
1543 4417 1720 4487 ipsum
1749 4428 2048 4486 parentem,

2150 3219 2284 3272 Θεὸν
2319 3219 2379 3272 τὸ
2413 3219 2899 3290 μεμηχανημένον,
2933 3218 3270 3294 καταθρηνεῖ
3311 3220 3404 3272 καὶ
3432 3217 3739 3286 κατολοφύο

2152 3329 2306 3386 ρεται
2353 3312 2452 3382 τὴν
2502 3311 2682 3381 δεινὴν
2739 3310 2906 3364 αὐτοῦ
2962 3313 3184 3384 πρᾶξιν,
3235 3312 3330 3366 καὶ
3377 3312 3575 3383 πικρὸν
3615 3330 3741 3382 σχε-

2149 3404 2377 3467 τλιάσας
2421 3404 2511 3457 τὸν
2545 3401 2727 3457 οἶκτον
2777 3405 3045 3476 ἐξῃτεῖτο,
3100 3407 3160 3458 ὅν
3219 3424 3324 3477 περ
3365 3409 3393 3460 ὁ
3447 3408 3738 3477 προφήτης

2151 3497 2301 3567 αὐτῷ
2331 3497 2494 3550 πάλιν
2527 3495 2695 3550 ἐλθὼν
2729 3496 2837 3569 ἔφη
2870 3499 3139 3565 δεδόσθαι,
3169 3499 3235 3553 δι’
3265 3494 3445 3572 ἧσπερ
3477 3499 3739 3569 ἐπιούσης

2151 3587 2301 3659 αὐτῷ
2330 3588 2604 3653 ἐκδέξεται
2635 3589 2810 3660 δίκης.
2864 3591 2986 3644 Ἐπὶ
3009 3592 3064 3644 δὲ
3086 3591 3259 3664 ταύτῃ
3288 3595 3352 3664 τῇ
3385 3592 3740 3665 πλημμελείᾳ

2151 3681 2358 3752 ἄσχετα
2395 3681 2541 3738 δεινὰ
2575 3684 2714 3737 κατὰ
2751 3684 2936 3752 πάσης
2977 3684 3144 3739 αὐτοῦ
3185 3688 3283 3757 τῆς
3317 3685 3516 3753 οἰκίας,
3552 3686 3738 3750 καθὼς

2153 3774 2440 3846 ἡμάρτησε
2478 3774 2813 3848 [πέπονθεν]
2838 3793 2849 3805 ·
2885 3776 3102 3848 ἠράσθη
3137 3778 3247 3848 γὰρ
3296 3777 3510 3848 ’Λμνὼν
3557 3779 3586 3830 6
3620 3779 3738 3842 υὶδς

2153 3867 2318 3944 αὐτοῦ
2359 3867 2456 3936 τῆς
2489 3868 2625 3939 πρὸς
2674 3869 2878 3940 πατρὸς
2923 3870 3158 3942 ἀδελφῆς
3189 3870 3352 3924 αὐτοῦ
3382 3871 3602 3943 Θάμαρ,
3638 3872 3738 3924 καὶ

2151 3960 2329 4034 τυχὼν
2367 3956 2434 4033 ἦς
2476 3962 2605 4031 ἦρα,
2646 3962 2828 4015 πλεῖον
2859 3958 3031 4036 οὗπερ
3071 3966 3240 4035 αὐτῆς
3273 3965 3382 4036 ἤρα
3419 3964 3737 4033 παραυτίκα

2154 4053 2435 4124 ἐμίσησεν.
2479 4054 2715 4124 Ἀναιρεῖ
2745 4053 2801 4106 δὲ
2837 4053 3027 4106 τοῦτον
3075 4055 3166 4108 τὸν
3204 4054 3419 4126 ’Λμνὼν
3471 4054 3738 4108 Ἀϐεσσα-

2153 4147 2295 4216 λὼμ.
2329 4149 2356 4200 6
2394 4147 2488 4199 καὶ
2532 4146 2666 4218 πρὸς
2709 4146 2917 4218 μητρὸς
2954 4147 3181 4218 ἀδελφὸς
3221 4149 3316 4218 τῆς
3348 4149 3542 4221 Θάμαρ
3576 4165 3736 4216 γεγε-

2153 4236 2405 4307 νημένος,
2435 4236 2531 4308 τὴν
2590 4237 2829 4308 αἰσχρῶς
2865 4237 3256 4309 διύὁρισμένην
3295 4239 3580 4293 διεκδικεῖν
3612 4237 3739 4310 βου-

2152 4329 2505 4400 λευσάμενος.
2555 4329 2940 4383 Ἐπανίσταται
2983 4332 3040 4384 δὲ
3074 4334 3103 4386 6
3135 4333 3229 4386 τοῦ
3272 4331 3504 4402 ἀδελφοῦ
3537 4332 3738 4402 φονεὺς

2168 4420 2527 4492 ’Λϐεσσαλὼμ
2555 4422 2650 4476 καὶ
2681 4422 2831 4493 αὐτῷ
2859 4423 2938 4494 τῷ
2965 4425 3138 4495 πατρὶ
3168 4427 3262 4479 καὶ
3293 4426 3492 4497 πληροῖ
3523 4425 3740 4495 λύθρων

473 4521 767 4591 impletque
803 4531 1000 4574 cruore
1033 4514 1339 4567 universam
1372 4520 1654 4581 paternam
1700 4511 1945 4565 domum.
1982 4511 2047 4564 At

2159 4513 2255 4585 τὴν
2297 4513 2388 4567 τοῦ
2425 4515 2630 4585 πατρὸς
2672 4515 2800 4585 ὅλην
2835 4517 3032 4571 οἰκίαν.
3083 4518 3141 4571 Ὀ
3170 4518 3226 4572 δὲ
3272 4519 3347 4590 μὴ
3391 4519 3576 4591 φέρων
3621 4519 3740 4573 υἱὸν

473 4617 562 4671 ille
601 4627 944 4684 nequaquam
983 4607 1264 4664 sustinens
1295 4604 1468 4676 tilium
1510 4605 1694 4676 pra:lio
1723 4604 2010 4676 profligare
2034 4649 2046 4670 ,

472 4716 526 4761 et
563 4705 779 4760 vincere
830 4700 1113 4756 victoriam
1165 4697 1318 4752 clade
1361 4696 1506 4764 haud
1538 4697 1843 4762 minorem,
1878 4699 2052 4769 surgit

473 4817 505 4855 a
543 4798 687 4868 regia
715 4798 880 4852 domo
929 4811 1052 4858 sua,
1091 4792 1304 4862 fugiens
1345 4793 1398 4846 in
1437 4791 1712 4846 desertum
1749 4809 1761 4843 :
1798 4799 1848 4846 ct
1884 4791 2050 4846 susti-

473 4890 591 4945 nuit
638 4906 745 4944 non
779 4889 940 4942 modo
971 4886 1271 4948 molestias,
1304 4898 1442 4954 quas
1477 4881 1781 4952 perferebat
1820 4883 2050 4952 nudipes

475 4984 731 5040 incedens
761 4991 815 5036 et
847 4997 1008 5052 :eger,
1051 4995 1238 5034 verum
1270 4980 1434 5033 etiam
1469 4975 1732 5032 conviciis
1770 4978 2052 5031 lacessitus

473 5093 502 5132 a
556 5075 732 5132 Semci
781 5074 1052 5143 quodam,
1103 5071 1196 5142 qui
1257 5071 1438 5126 Saulis
1476 5069 1809 5125 domesticus
1851 5067 2047 5133 fuerat,

471 5173 673 5243 quique
702 5169 980 5240 pulverem
1012 5167 1066 5220 in
1101 5168 1248 5221 illum
1281 5165 1591 5236 spargebat,
1625 5163 1896 5236 lapidibus
1922 5163 2047 5216 item

471 5281 595 5321 cum
623 5262 936 5334 impetebat,
967 5268 1019 5315 et
1047 5261 1474 5314 conviciabatur.
1515 5257 1618 5312 Sed
1652 5268 1870 5316 nonest
1904 5257 2049 5309 ultus

473 5357 799 5412 maledicum
861 5352 1158 5416 hominem,
1198 5352 1410 5408 tametsi
1443 5365 1626 5422 posset
1659 5368 1753 5422 per
1787 5368 2050 5420 sequaces

474 5468 648 5508 suos:
687 5450 818 5518 quin
855 5446 1138 5516 reputabat
1187 5446 1300 5502 lucc
1344 5446 1460 5501 suis
1513 5461 1812 5514 congruere
1841 5445 2049 5500 facino-

475 5543 650 5597 ribus.
694 5537 951 5595 Absalom
997 5553 1128 5592 vero
1176 5537 1474 5592 sceleribus
1501 5538 1786 5592 cnmnlans
1823 5536 2049 5608 parrici-

474 5633 596 5690 dale
645 5631 860 5687 facinus
892 5645 1073 5696 suum,
1108 5631 1274 5687 audet
1321 5632 1484 5687 etiam
1520 5641 1773 5702 paternas
1819 5632 1920 5686 sub
1956 5631 2047 5687 diu

542 5815 650 5880 (81)
696 5811 854 5872 Forte
887 5813 1227 5887 πατραλιξκν.

2160 4609 2295 4681 πρὸς
2325 4607 2505 4679 μάχην
2523 4608 2916 4680 ἁκροίολίζειν.
2945 4613 3037 4664 καὶ
3064 4613 3220 4682 νικᾷν
3251 4611 3417 4682 ἥττης
3447 4611 3548 4664 οὐκ
3577 4611 3740 4665 ἐλάσ-

2159 4719 2286 4756 σονα
2303 4703 2480 4770 νίκην,
2510 4704 2871 4758 ἀπανίσταται
2899 4706 2999 4774 τῆς
3024 4705 3315 4776 βασιλικῆς
3338 4705 3504 4759 αὐτοῦ
3535 4705 3735 4770 οἰκίας,

2157 4794 2572 4864 ἀποδιδράσκων
2607 4796 2698 4849 ἐπὶ
2724 4796 2822 4866 τὴν
2848 4795 3052 4867 ἔρημον
3075 4813 3088 4826 °
3122 4798 3216 4852 καὶ
3244 4796 3517 4866 ὑπέφερεν
3547 4796 3607 4850 οὐ
3641 4798 3740 4868 μό-

2161 4905 2253 4940 νον,
2301 4889 2446 4958 ἆπερ
2502 4888 2697 4958 ἔφερεν
2754 4889 2935 4959 ἑαυτῷ
2985 4891 3300 4960 γυμνόπους
3356 4889 3588 4960 βαδίζων
3642 4890 3740 4943 καὶ

2164 4979 2342 5033 ἀλύων
2373 4980 2534 5050 ἄχθη,
2557 4968 2711 5032 ’ἀλλὰ
2741 4981 2835 5032 καὶ
2866 4980 3219 5051 ὑϐριζόμενος
3242 4981 3349 5036 ἀπὸ
3383 4981 3561 5050 Σεμεῆ
3590 4997 3740 5040 τινος

2156 5071 2365 5126 οἰκέτου
2402 5071 2495 5124 τοῦ
2545 5072 2716 5126 Σαοὺλ
2747 5073 3054 5141 γεγονότος,
3102 5073 3251 5127 κόνιν
3293 5073 3741 5134 καταπάσσοντος

2157 5167 2338 5230 αὐτὸν,
2379 5166 2471 5218 καὶ
2514 5166 2754 5237 χέρμασι
2796 5164 3280 5229 κατακοντίζοντος
3323 5165 3418 5218 καὶ
3463 5165 3739 5236 λοίδορον--

2161 5259 2345 5328 μένου.
2393 5257 2534 5310 Ἀλλ’
2580 5259 2678 5311 οὐκ
2713 5259 2951 5327 ἠμύνετο
3000 5259 3090 5312 τὸν
3131 5260 3494 5328 κακόστομον,
3533 5259 3738 5330 καίπερ

2152 5353 2452 5422 δυνάμενος
2500 5352 2589 5404 διὰ
2627 5353 2734 5404 τῶν
2767 5354 3050 5421 ἑπομένων
3081 5369 3093 5382 ·
3129 5352 3404 5420 ἐλογίζετο
3453 5352 3507 5404 δὲ
3559 5351 3736 5404 ταῦτα

2153 5450 2272 5510 ταῖς
2311 5446 2539 5509 οἰκείαις
2592 5447 2890 5516 προσήκειν
2936 5447 3266 5518 άμαρτάσιν.
3321 5445 3640 5519 Ἐπιτείνων
3679 5446 3736 5498 δὲ

2153 5543 2182 5594 6
2236 5538 2593 5609 ’Λὸεσσαλὼμ
2641 5537 2738 5609 τὴν
2776 5539 2939 5592 αὐτοῦ
2979 5539 3298 5611 πατρολῷον
3338 5539 3453 5610 (8|)
3511 5539 3734 5609 πρᾶξιν,

2151 5634 2324 5705 τολμᾷ
2369 5633 2464 5688 καὶ
2509 5634 2608 5697 τὰς
2639 5631 2736 5685 τοῦ
2772 5632 2977 5702 πατρὸς
3017 5631 3354 5703 διαφθείρειν
3385 5634 3442 5687 ἐν
3478 5631 3734 5705 ὑπαίθρῳ
