4050 6606
305 359 381 422 85
1493 359 1859 421 LIBELLUS
1900 358 2402 422 MEMORIALIS.
3509 366 3581 428 86

303 469 596 538 γυναῖκας.
630 465 689 539 αῖ
713 468 1059 540 κατήλασσον
1084 469 1221 541 (8%),
1251 465 1468 534 δεικνὺς
1496 470 1609 534 τοῖς
1636 469 1881 540 ὑπαχθεῖ-

2001 470 2274 526 incessere
2306 478 2503 528 uxores
2524 509 2538 538 ,
2588 480 2710 543 quae
2744 489 2869 528 cum
2929 485 2995 530 eo
3029 474 3279 530 coierunt
3308 506 3322 541 ,
3359 477 3584 533 manife-

306 581 392 616 σιν
421 559 591 615 αὑτοῦ
639 564 705 633 τῇ
768 564 1129 636 κακοπραγίᾳ
1184 565 1282 635 τὴν
1334 563 1479 618 κατὰ
1533 563 1628 617 τοῦ
1688 563 1899 634 πατρὸς

304 653 700 708 ἐπανάστασιν.
751 655 865 708 Καὶ
908 653 1083 708 ταῦτα
1120 656 1638 727 καταπραξάμενος,
1687 653 1899 708 ἔπεισιν

305 747 446 799 κατα
467 746 567 818 τὴν
585 747 684 818 ἔρη
693 762 816 817 μον,
844 746 1097 802 καθελεῖν
1117 748 1223 803 ἀπὸ
1253 750 1350 821 τῆς
1370 749 1545 821 ἀρχῆς
1567 749 1658 803 τὸν
1684 748 1898 817 πατέρα

303 837 797 906 κατεπειγόμενος.

377 929 483 980 Καὶ
520 929 833 998 συμϐουλῆς
877 930 998 986 κατ’
1048 932 1216 987 αὑτοῦ
1252 935 1587 1003 γινομένης,
1635 940 1898 1005 κατηντι-

305 1022 450 1075 6όλει
480 1025 606 1086 τοὺς
639 1024 831 1079 ἑαυτοῦ
862 1026 1203 1097 στρατιώτας
1232 1029 1259 1081 ό
1286 1027 1453 1081 Δασιδ
1490 1028 1769 1097 φείδεσθαι
1800 1028 1894 1081 τοῦ

316 1112 696 1187 ’Λόεσσαλὼμ,
721 1120 816 1171 καὶ
839 1118 1126 1189 προσέχειν
1148 1116 1298 1183 ὅπως
1325 1118 1491 1190 μηδὲν
1514 1120 1675 1174 πάθοι
1698 1121 1889 1176 δεινόν.

315 1207 405 1259 Ἐν
439 1209 574 1275 γοῦν
605 1212 667 1280 τῇ
715 1212 861 1282 μάχῃ
886 1212 1170 1281 τρέπεται,
1194 1213 1291 1265 καί⁵
1318 1214 1464 1267 νῶτα
1519 1214 1697 1279 διδοὺς
1726 1218 1754 1268 ό
1789 1215 1893 1270 ὐπ-

302 1302 496 1370 αχθεὶς
548 1302 729 1366 ἄθλιος
760 1304 855 1358 τοῦ
898 1305 1257 1377 ’Ᾱὸεσσαλὼμ
1294 1307 1487 1378 δῆμος.
1545 1309 1718 1373 Αὐτὸς
1762 1309 1819 1363 δὲ
1864 1313 1892 1364 ὁ

302 1392 643 1459 πατραλοίας
674 1393 780 1446 ὑπὸ
803 1394 903 1464 τῆς
932 1395 1090 1466 δίκης
1122 1397 1505 1467 ἐλαυνόμενος,
1541 1398 1648 1453 ὑπὸ
1677 1399 1889 1456 κλάδων

299 1484 603 1552 ἀναρτᾶται
652 1486 845 1556 δρυός
906 1488 1001 1541 καὶ
1056 1489 1167 1559 γάρ
1221 1489 1419 1562 ἔτρεφε
1453 1491 1633 1562 κόμας
1666 1493 1753 1563 ἐφ’
1799 1488 1889 1558 αίς

298 1574 556 1646 ὲπῄρετο,
612 1577 707 1630 καὶ
753 1579 853 1650 τὴν
896 1572 1067 1652 ἧτταν
1102 1583 1380 1651 ἐπιγνοὺς,
1431 1584 1668 1655 ἱππότης
1700 1585 1888 1640 ἀποδιο

295 1668 554 1737 δράσκειν
586 1671 865 1739 ἠπείγετο.
914 1673 1073 1729 Οὕτω
1118 1675 1250 1744 γοῦν
1292 1677 1670 1749 ἀνηρτημένον
1704 1688 1886 1733 κατειο

296 1763 528 1832 ληφότες
550 1764 600 1816 oi
621 1763 699 1834 τῷ
720 1764 931 1835 βασιλεῖ
952 1768 1348 1839 προσήκοντες,
1379 1768 1885 1837 κατατοξεύσαντες

2004 572 2142 618 stam
2176 565 2379 620 faciens
2409 566 2476 620 iis
2499 606 2512 630 ,
2542 581 2681 636 quos
2722 567 2825 622 sibi
2860 568 3063 623 scelere
3093 568 3443 636 adiunxerat,
3490 588 3584 638 pa-

2003 663 2209 711 ternam
2241 658 2669 727 aggressionem.
2705 658 2830 714 Haec
2874 669 3163 731 postquam
3192 664 3321 733 egit,
3354 673 3584 718 conterr-

1998 748 2078 803 dit
2127 748 2183 803 in
2252 749 2552 817 desertum,
2602 750 2873 808 festinans
2937 754 3004 809 de
3053 769 3221 825 regno
3288 756 3584 813 deturbare

1999 851 2276 910 parentem
2287 882 2301 897 .

2070 935 2206 991 Inito
2234 952 2397 1007 porro
2419 938 2679 994 adversus
2706 940 2856 994 illum
2877 941 3131 1005 consilio,
3161 942 3390 1013 rogabat
3413 943 3577 998 etiam

1996 1039 2160 1102 atque
2211 1033 2376 1087 etiam
2440 1032 2642 1089 milites
2694 1050 2823 1091 suos
2874 1034 3069 1097 David,
3120 1046 3180 1091 nt
3217 1036 3578 1093 Abessalorno

1994 1135 2302 1195 parcerent,
2358 1137 2721 1198 caverentqne
2784 1144 2851 1182 ne
2893 1128 3021 1197 quid
3068 1129 3224 1184 triste
3278 1140 3573 1199 pateretur.

1995 1217 2303 1274 Commisso
2330 1218 2492 1288 igitur
2516 1218 2701 1288 pratliu
2724 1221 2775 1273 in
2811 1218 2991 1290 fugam
3019 1221 3279 1284 truditur,
3306 1220 3578 1290 vertitque

1992 1316 2144 1379 terga
2173 1309 2243 1364 ab
2279 1309 2594 1365 Abessalom
2645 1313 2903 1366 seductus
2954 1312 3142 1367 infelix
3195 1312 3451 1383 populus.
3507 1314 3578 1366 At

2003 1400 2230 1469 ipsemet
2263 1401 2554 1469 parricida,
2601 1403 2904 1475 exagitatus
2933 1404 3188 1469 vindicta,
3220 1405 3387 1458 ramis
3413 1419 3576 1474 quer-

1991 1507 2089 1548 cus
2115 1506 2415 1562 suspeusus
2446 1495 2736 1564 pependit;
2772 1496 3044 1551 nutriebat
3073 1511 3306 1568 namque
3333 1512 3570 1563 comam,

1988 1596 2096 1653 qua
2127 1584 2291 1639 etiam
2320 1584 2651 1655 jactabunde
2689 1586 3037 1654 efferebatur,
3075 1600 3126 1642 et
3164 1589 3347 1659 agnita
3383 1590 3569 1653 clade.

1990 1688 2133 1746 equo
2178 1676 2364 1748 fugere
2396 1678 2713 1733 festinabat.
2769 1678 2861 1734 Sic
2899 1680 3064 1750 igitur
3095 1683 3414 1750 pendentem
3447 1696 3570 1736 cum

1994 1766 2484 1837 deprehendissent
2528 1770 2660 1840 regii
2716 1770 2999 1836 satellites,
3034 1772 3233 1840 jacnlis
3264 1770 3569 1841 perfossum

296 1856 685 1928 ἀνακρούουσι,
726 1860 822 1912 καὶ
868 1860 1210 1929 καθελόντες,
1262 1864 1564 1918 κολοσιαῖον
1614 1866 1759 1920 κατὰ
1787 1867 1881 1938 τῆς

1990 1856 2290 1931 trajiciunt,
2316 1876 2378 1916 ac
2406 1863 2757 1932 deponentes,
2789 1864 3059 1934 ingentem
3090 1880 3187 1934 pro
3213 1865 3571 1919 tumuituaria

294 1946 698 2018 ἁπεριστάλτον
744 1951 924 2021 ταφῆς
954 1953 1119 2007 αὐτοῦ
1156 1952 1332 2026 σωρὸν
1366 1954 1670 2028 ἐπήγειραν
1693 1958 1879 2016 λίθων.

306 2038 447 2093 Ὀδὲ
487 2040 658 2095 Δαδὶδ
706 2042 897 2114 μαθὼν
928 2046 1030 2117 τὴν
1070 2044 1280 2102 ἔνδικον
1324 2047 1491 2114 τίσιν,
1539 2052 1638 2123 οὐχ
1685 2054 1763 2117 ὡς
1790 2054 1884 2108 ἐπὶ

294 2134 607 2207 πατραλοία
642 2137 866 2191 πεσόντι
901 2136 1146 2210 γεγήθει,
1180 2140 1255 2205 ὡς
1283 2142 1340 2195 δὲ
1362 2143 1455 2197 ἐπὶ
1491 2142 1645 2199 παιδὶ
1674 2147 1883 2220 γνησίῳ

291 2226 589 2301 διεθρήνει,
640 2231 733 2284 καὶ
782 2231 874 2285 τὸν
911 2230 1145 2287 θάνατον
1188 2234 1355 2289 αὐτοῦ
1392 2238 1712 2307 περιπαθῶς
1743 2237 1881 2294 ὡλοη

292 2319 519 2391 φύρετο.
556 2322 750 2376 Ἔνθεν
775 2322 920 2378 οὕτω
944 2324 1034 2379 διὰ
1055 2325 1114 2378 τὸ
1141 2327 1536 2402 πλημμεληθὲν
1567 2331 1737 2403 αὐτῷ,
1772 2335 1884 2389 τῶν

294 2414 822 2486 συνομαρτηθέντων
864 2410 1057 2472 δεινῶν
1104 2419 1479 2490 ἀπαλλαγεὶς,
1524 2419 1684 2490 αὖθις
1717 2427 1881 2481 ἀπει-

290 2504 453 2575 λήφει
478 2508 578 2580 τὴν
611 2508 909 2579 βασιλείαν.

376 2601 725 2657 Ἐπανελθὼν
771 2606 851 2668 είς
892 2605 964 2659 τὰ
1023 2605 1290 2677 βασίλειά,
1343 2611 1469 2675 τοὺς
1515 2613 1614 2684 μὲν
1651 2615 1881 2681 ἁλόντας

290 2691 444 2761 αὖτῴ
486 2693 786 2764 πολεμίους
833 2698 1118 2764 γεγονέναι
1156 2696 1577 2774 ἐτιμωρήσατο,
1637 2709 1766 2771 τοὺς
1824 2707 1881 2763 δὲ

290 2784 649 2851 συνελθόντας
690 2788 840 2860 αὐτῷ
889 2792 986 2843 καὶ
1027 2790 1463 2865 δεξιωσαμένους
1510 2799 1674 2853 αὐτὸν
1722 2802 1779 2854 ὲν
1812 2794 1877 2873 τῇ

291 2880 462 2948 φυγῇ,
505 2879 599 2933 καὶ
651 2881 881 2952 ἐτίμησε
932 2884 1028 2938 καί
1070 2889 1384 2954 συνεστίους
1424 2892 1745 2965 ἐποιήσατοε
1789 2897 1880 2951 Ἐν

290 2973 599 3040 παρατάξει
652 2975 891 3047 πολέμου
925 2978 1153 3048 διάγων,
1206 2983 1436 3038 καὶτῶν
1469 2986 1750 3060 πολεμίων
1778 2990 1879 3062 τὴν

290 3064 424 3134 περὶ
451 3065 545 3119 τὸν
576 3067 771 3121 ἑαυτοῦ
820 3071 1053 3142 στρατὸν
1103 3072 1324 3130 ἃπασαν
1354 3072 1542 3148 χώραν
1580 3092 1880 3152 προκατει-

287 3156 564 3228 ληφότων,
596 3159 791 3227 ὓδατος
824 3164 1175 3241 ἐπεθύμησεν
1206 3170 1265 3234 ἐξ
1297 3170 1427 3224 ἰδίου
1455 3172 1662 3228 λάκκου
1694 3173 1788 3229 τοῦ
1819 3177 1877 3231 ἐν
1902 3210 1947 3268 c

289 3252 577 3325 Βηθλεέμο
609 3257 660 3311 oi
688 3256 745 3309 δὲ
783 3261 1081 3331 στρατηγοὶ
1110 3263 1211 3332 τὴν
1240 3263 1349 3317 τῶν
1383 3266 1659 3337 πολεμίων
1689 3267 1877 3323 διακό-

288 3348 489 3418 ψαντες
517 3352 794 3423 φάλαγγα,
817 3354 1084 3427 ὥρμησαν
1124 3360 1206 3423 είς
1243 3359 1341 3430 τὴν
1377 3361 1650 3434 Βηθλεὲμ,
1684 3365 1779 3418 καὶ
1816 3366 1877 3420 τὸ

291 3442 436 3517 ὕδωρ
479 3447 631 3519 αὐτῷ
659 3449 995 3522 διεκόμισαν.
1048 3453 1106 3506 '0
1133 3453 1190 3507 δὲ
1234 3454 1635 3526 ἀποθαυμάσας
1677 3459 1876 3523 αὐτοὺς

290 3538 388 3607 τῆς
410 3539 686 3611 ἀνδρείας,
704 3543 799 3595 καὶ
821 3544 920 3611 τῆς
946 3548 1075 3617 περὶ
1100 3546 1264 3600 αὐτὸν
1291 3547 1524 3613 εὐνοίας,
1555 3550 1653 3603 οὐκ
1675 3551 1875 3621 ἤνεγκε

288 3631 383 3684 τοῦ
422 3631 616 3698 ὕδατος
665 3639 829 3701 πιεῖν,
882 3633 1021 3708 αἷμα
1052 3639 1185 3693 αὐτὸ
1223 3640 1331 3693 τῶν
1378 3644 1701 3715 στρατηγῶν
1732 3642 1874 3699 εἶναι

288 3723 652 3798 λογισάμενος
676 3745 690 3758 ’
722 3729 799 3799 τῷ
824 3730 879 3784 δὲ
910 3730 1027 3802 Θεῷ
1050 3733 1208 3787 τοῦτο
1224 3735 1396 3807 δῶρον
1422 3736 1642 3792 ἔσπεισε
1672 3738 1870 3809 θάψας.

301 3818 621 3890 Ἐπενόησε,
668 3824 821 3894 παρὰ
849 3827 908 3877 τδ
949 3816 1069 3895 Θεῷ
1111 3824 1322 3894 δοκοῦν,
1372 3829 1747 3902 ὲπαριθμῆσαι
1782 3834 1874 3887 τὸν

287 3911 413 3965 λαὸν
457 3907 630 3987 οὗπερ
680 3908 873 3988 ἦρχεν.
929 3918 1224 3990 ’Υπομένει
1267 3921 1322 3975 δὲ
1355 3923 1727 3995 ἀγανάκτησιν
1780 3928 1874 3980 ἐπὶ

288 4005 482 4076 τούτῳ,
516 4010 610 4061 καὶ
638 4008 704 4062 δι’
732 4011 896 4064 αὐτὸν
924 4011 1187 4082 ὑπομένει
1220 4014 1481 4084 θεήλατον
1513 4017 1542 4069 ὁ
1570 4015 1699 4080 λαὸς
1732 4018 1873 4087 πλη-

288 4102 413 4170 γήν.
466 4102 577 4155 Καὶ
613 4101 948 4171 θεασάμενος
987 4104 1213 4177 ἄπειρον
1270 4109 1435 4160 πεσὸν
1490 4107 1585 4160 τοῦ
1646 4108 1777 4162 λαοῦ
1813 4112 1872 4163 ὲν

288 4193 474 4265 ἡμέρᾳ
529 4197 628 4267 μιᾷ
683 4196 910 4266 πλῆθος,
968 4198 1157 4251 ἑαυτὸν
1206 4198 1361 4268 ἠξίου
1413 4200 1869 4271 καταληφθῆναι,

288 4289 618 4357 προσπεσὼν
649 4290 727 4360 τῷ
773 4291 912 4361 Θεῷ,
966 4294 1032 4362 τῇ
1080 4294 1353 4364 τιμωρία·
1399 4291 1562 4362 Ἐγὼ,
1606 4294 1802 4364 λέγων,
1840 4300 1873 4350 ὁ

286 4381 515 4450 ,ποιμὴν
557 4382 846 4451 ἥμαρτον,
892 4384 990 4438 καὶ
1023 4385 1137 4453 ἐγὼ
1177 4385 1631 4455 ἐκακοποίησαο
1672 4388 1771 4443 καί
1805 4390 1869 4444 τὸ

288 4472 569 4539 ποίμνιον
603 4473 659 4526 τί
695 4475 982 4542 ἐποιήσε;
1012 4476 1306 4547 Βουληθεὶς
1340 4477 1398 4531 ὃν
1428 4479 1643 4549 ἐπέγνω
1692 4480 1871 4553 χῶρον

1987 1956 2265 2024 sepultura
2299 1956 2445 2012 illius
2494 1957 2736 2026 lapidum
2770 1972 3022 2011 acervum
3073 1957 3466 2011 excitaverunt.
3502 1956 3573 2010 At

1986 2048 2153 2104 David
2207 2062 2330 2105 eum
2364 2050 2721 2105 intellexisset
2746 2049 3108 2119 jnstissimam
3146 2049 3423 2112 ultionem,
3461 2063 3569 2102 non

1984 2143 2132 2198 velut
2164 2156 2262 2213 pro
2290 2144 2562 2213 parricida
2596 2142 2921 2212 interempto
2955 2142 3165 2196 thatns
3192 2153 3268 2195 est
3297 2158 3311 2206 ;
3341 2142 3433 2195 sed
3471 2157 3569 2209 po-

1983 2236 2089 2291 tius
2120 2236 2282 2291 veluti
2325 2252 2423 2307 pro
2470 2236 2707 2307 genuino
2737 2236 2846 2290 lilio
2876 2245 3209 2306 conquestus
3246 2242 3353 2299 est,
3389 2234 3567 2290 illius-

1983 2342 2090 2397 que
2115 2336 2345 2382 mortem
2375 2328 2579 2398 ingenti
2610 2330 2781 2384 animi
2831 2328 3120 2383 affectione
3144 2327 3566 2381 lamentabatur.

1984 2420 2123 2474 Hinc
2156 2419 2261 2475 isto
2292 2421 2456 2474 modo
2507 2429 2730 2490 propter
2759 2420 2965 2476 crimen
2994 2435 3156 2475 suum
3192 2435 3222 2473 a
3255 2421 3570 2474 consecutis

1981 2523 2108 2562 cum
2142 2509 2405 2565 molestiis
2434 2510 2718 2576 liberatus,
2754 2511 2950 2565 iterum
2981 2525 3206 2579 regnum
3236 2508 3494 2565 obtinuit.

2053 2605 2110 2659 In
2143 2606 2346 2674 regiam
2380 2620 2656 2671 reversus,
2689 2620 2784 2661 eos
2824 2606 2916 2674 qui
2942 2603 3265 2674 deprehensi
3307 2611 3436 2658 sunt
3465 2603 3567 2658 sibi

1980 2698 2147 2754 fuisse
2180 2698 2475 2764 adversati,
2508 2699 2683 2770 pmnis
2715 2699 2965 2755 multavit
2993 2718 3006 2754 :
3041 2707 3093 2752 at
3125 2713 3220 2753 eos
3254 2697 3347 2768 qui
3379 2712 3566 2752 secum

1980 2802 2409 2854 consenserant,
2465 2807 2704 2862 eumque
2761 2796 2813 2846 in
2868 2791 2995 2864 fuga
3048 2793 3288 2862 positum
3335 2790 3570 2844 comiter

1981 2899 2356 2957 susceperant,
2393 2896 2447 2941 et
2480 2885 2789 2943 honestavit
2841 2896 2895 2943 et
2931 2887 3329 2943 commensales
3366 2883 3564 2939 effecit.

1980 2978 2116 3034 Cum
2154 2979 2446 3049 aliquando
2476 2980 2528 3034 in
2564 2982 2680 3036 acie
2717 2981 2839 3034 belli
2874 2989 3080 3052 ageret,
3121 2980 3420 3048 hostesque
3453 2976 3565 3031 cir-

1980 3074 2345 3143 cumpositam
2391 3074 2655 3129 exercitui
2710 3074 2857 3128 illius
2905 3074 3184 3143 regionem
3250 3071 3564 3127 universam

1981 3171 2540 3237 anteoccupavissent,
2592 3182 2790 3236 aquam
2842 3167 3169 3222 desideravit
3218 3182 3283 3220 ex
3343 3163 3562 3234 propria

1981 3261 2216 3314 cisterna
2277 3274 2398 3329 quae
2450 3259 2650 3314 eratin
2707 3258 3064 3313 Betlilehcm:
3111 3264 3167 3311 at
3213 3256 3380 3310 duces
3444 3254 3563 3325 ejus

1980 3352 2419 3406 adversariorum
2484 3360 2899 3421 perrumpentes
2968 3350 3330 3421 phalangem,
3394 3362 3562 3402 cursu

1979 3445 2377 3499 contenderunt
2407 3443 2457 3496 in
2499 3434 2838 3505 Bethlebem,
2888 3451 3052 3511 atque
3097 3440 3221 3495 inde
3282 3454 3479 3509 aquam
3512 3439 3561 3493 ei

1979 3539 2298 3592 attulerunt.
2332 3536 2427 3590 ille
2478 3552 2605 3591 vero
2651 3536 2870 3589 illorum
2927 3534 3230 3588 admiratus
3286 3531 3565 3587 fortitudi-

1977 3630 2123 3693 dem,
2161 3639 2321 3699 atque
2352 3644 2477 3698 erga
2519 3643 2577 3683 se
2611 3628 3069 3691 benevolentiam,
3112 3641 3218 3681 non
3258 3625 3380 3680 tulit
3414 3625 3561 3679 illam

1977 3722 2161 3777 bibere
2213 3737 2443 3790 aquam;
2480 3722 2802 3789 sanguinem
2847 3734 2967 3774 eam
3022 3717 3223 3773 dueum
3257 3731 3379 3773 esse
3417 3716 3565 3770 arbi-

1979 3825 2171 3877 tratus,
2210 3814 2321 3869 Deo
2367 3814 2513 3868 illam
2557 3814 2721 3868 veluti
2775 3826 2975 3866 munus
3032 3810 3222 3865 libavit
3271 3809 3324 3862 in
3358 3815 3562 3862 terram

1977 3908 2231 3963 fundens.
2269 3907 2633 3978 Cogitaverat,
2669 3914 2857 3961 contra
2909 3914 3073 3974 atque
3108 3901 3216 3956 Deo
3257 3900 3561 3966 videbatur,

1977 4016 2270 4056 numerare
2323 4000 2582 4069 populum
2630 3998 2844 4065 imperii
2896 3999 2979 4053 sui
3010 4014 3023 4049 :
3054 4005 3108 4050 at
3150 3994 3412 4049 sustinuit
3443 4009 3566 4063 pro-

1976 4105 2096 4164 pter
2131 4095 2231 4150 boc
2266 4094 2715 4164 indignationem,
2754 4101 2917 4161 atque
2964 4090 3109 4144 illius
3152 4102 3316 4143 causa
3368 4101 3564 4157 passus

1974 4198 2057 4241 est
2086 4185 2320 4257 populus
2351 4188 2562 4256 plagam
2597 4185 2857 4239 divinitus
2902 4182 3229 4235 immissatu.
3264 4178 3446 4244 Quare
3477 4177 3562 4231 vi-

1974 4280 2109 4334 dens
2143 4277 2405 4332 infinitam
2447 4276 2631 4347 populi
2687 4273 3091 4330 multitudinem
3145 4285 3251 4323 una
3281 4270 3370 4323 die
3416 4268 3564 4322 ceci-

1974 4370 2143 4436 disse,
2180 4369 2423 4438 scipsum'
2461 4368 2654 4421 orabat
2682 4364 3070 4437 cenrprebendi
3107 4365 3371 4429 vindicta,
3404 4364 3475 4415 ob
3508 4362 3559 4413 id

1977 4460 2087 4515 Deo
2126 4475 2366 4515 cernuus
2406 4460 2772 4529 procumbens
2807 4478 2819 4513 :
2856 4456 2987 4529 Ego,
3034 4458 3336 4528 inquiebat,
3369 4466 3564 4526 pastor

287 4560 595 4630 ἐπιτήδειον
627 4567 706 4629 είς
739 4566 837 4638 τὴν
866 4568 957 4620 τοῦ
981 4568 1109 4621 ναοῦ
1140 4571 1489 4643 κατασκευὴν
1521 4567 1680 4639 εῖναι,
1705 4574 1870 4645 πρία-

1982 4555 2212 4621 peccavi,
2249 4561 2297 4607 et
2348 4570 2438 4623 ego
2495 4564 2767 4623 perperam
2816 4554 2930 4622 egi;
2967 4563 3020 4607 at
3056 4568 3183 4623 grex
3221 4551 3350 4622 quid
3397 4552 3562 4621 fecit?

290 4654 411 4709 σθαι
438 4657 591 4728 παρὰ
616 4660 814 4730 Ὀρνου
838 4661 1005 4726 τινός,
1028 4662 1122 4716 τοῦ
1141 4663 1328 4719 τοῦτον
1353 4665 1477 4719 τότε
1502 4667 1868 4738 κεκτημένου,

287 4753 491 4819 προῖκα
536 4752 728 4806 τοῦτον
776 4753 925 4825 αὐτῷ
956 4756 1348 4827 προσάγοντος,
1394 4760 1494 4812 οὐκ
1530 4756 1748 4825 ἐδέξατο
1778 4762 1869 4817 τὸν

286 4841 471 4909 τόπον,
520 4844 622 4897 οὐκ
671 4845 842 4916 εὐαγῆ
895 4849 1017 4900 οὐδὲ
1083 4849 1455 4920 εὐπρόσδεκτα
1507 4852 1869 4924 λογισάμενος

289 4929 518 4988 εἶναιτὰ
558 4938 622 4990 ἐκ
656 4937 983 5009 δωροδοκίας
1014 4939 1090 5011 τῷ
1122 4941 1239 5013 Θεῷ
1270 4942 1702 5016 καθωσιωμένα’
1732 4947 1868 5002 ἀλλὰ

287 5028 547 5100 χρήματα
587 5029 709 5093 δοὺς
742 5033 950 5102 ὅσαπερ
998 5034 1204 5097 ἐκεῖνος
1234 5030 1523 5102 ἐϐούλετο,
1566 5037 1668 5108 τὴν
1696 5038 1759 5092 ὲκ
1788 5037 1870 5091 δι-

290 5118 582 5191 καιοσύνης
604 5121 776 5187 οὕτως
803 5124 1027 5179 ἀνέθετο
1049 5125 1127 5197 τῷ
1157 5126 1274 5200 Θεῴ
1300 5130 1512 5201 κτῆσιν.

360 5388 547 5442 "iactv
580 5390 746 5444 αὐτοῦ
791 5394 1114 5466 συγγραφὴν
1152 5396 1238 5466 ἐφ’
1269 5396 1485 5469 ἑκάστῳ
1527 5399 1635 5453 τῶν
1666 5417 1873 5471 συμπιο

293 5484 532 5537 πτόντωι
566 5482 634 5537 δι’
681 5484 866 5555 ὕμνων
911 5490 1325 5561 συνεγράψατο,
1380 5494 1473 5546 καὶ
1507 5493 1598 5547 τὸν
1652 5492 1871 5547 ἅπαντα

294 5571 405 5643 βίον
429 5574 516 5627 τὸν
543 5576 739 5630 ἑαυτοῦ
773 5577 904 5631 θεὸν
933 5580 1119 5651 ὑμνῶν
1151 5583 1397 5639 διετέλει.
1431 5584 1541 5639 Καὶ⁹
1569 5584 1871 5657 ψαλτήριον

295 5666 351 5720 δὲ
395 5667 656 5737 μουσικὸν
701 5670 933 5741 ὄργανον
973 5675 1139 5746 ἡχοῦν
1170 5674 1315 5750 εἶχεν
1346 5681 1402 5734 ὲν
1433 5678 1628 5752 τούτῳ.
1659 5679 1872 5752 Χοροὺς

278 5906 288 5923 ἡ
361 5820 477 5900 (82)
519 5824 687 5886 Forte
719 5830 1116 5904 κατήλλασσον.

1985 4648 2183 4702 \‘olens
2215 4647 2415 4711 laeum,
2463 4661 2624 4715 quem
2658 4655 2881 4700 nm'erat
2929 4655 3299 4716 opportunum
3334 4658 3455 4699 esse
3490 4645 3558 4698 ad

1982 4740 2164 4810 templi
2205 4739 2691 4802 c’onstructioncm,
2721 4754 2902 4793 emere
2931 4754 2960 4791 a
2990 4737 3228 4807 quodam
3254 4736 3427 4801 Orno,
3463 4736 3555 4807 qui

1981 4835 2133 4889 illum
2187 4842 2316 4887 tunc
2350 4832 2686 4903 possidebat,
2725 4848 2960 4903 cumque
2995 4832 3041 4886 is
3086 4831 3255 4903 gratis
3302 4831 3349 4885 ei
3410 4831 3557 4884 illum

1977 4926 2217 4991 oli'erret,
2252 4926 2431 4980 locum
2468 4942 2576 4979 non
2608 4927 2901 4994 acceptavit
2937 4965 2951 4989 ,
2989 4938 3331 4995 nequaquam
3366 4935 3557 4977 saneta

1975 5035 2076 5073 nec
2120 5027 2343 5087 accepta
2381 5019 2680 5073 arbitratus
2710 5035 2832 5074 esse
2884 5017 2992 5074 Deo
3020 5034 3106 5083 ca,
3158 5034 3281 5088 quin
3308 5030 3373 5072 ex
3411 5016 3557 5071 dnuo

1975 5117 2221 5172 dedicata
2257 5116 2506 5173 fuissent.
2543 5117 2646 5172 Sed
2686 5117 2919 5187 pretium
2967 5116 3256 5172 exsolvens
3284 5121 3552 5184 quantum

1974 5212 2066 5266 ille
2100 5211 2333 5279 volebat,
2365 5221 2494 5266 tunc
2521 5210 2729 5281 justam
2764 5211 3170 5281 possessionem
3202 5207 3315 5265 Deo
3338 5207 3556 5261 demum

1977 5303 2196 5360 dicavit.

2044 5396 2317 5468 Quidquid
2372 5396 2594 5468 scripsit
2637 5396 2704 5451 de
2741 5396 2903 5453 rebus
2938 5396 3039 5451 sibi
3071 5395 3555 5465 contingentibus,

1971 5492 2191 5564 hymnis
2234 5492 2575 5562 composuit;
2626 5491 2754 5563 quin
2789 5501 2839 5546 et
2869 5507 2963 5561 per
2989 5501 3154 5546 totam
3182 5490 3344 5543 vitam
3389 5504 3546 5543 suam

1970 5602 2252 5657 nunquam
2302 5586 2537 5642 cessavit
2579 5584 2748 5640 Deum
2802 5601 2961 5641 suum
3005 5583 3224 5656 hymnis
3251 5580 3549 5637 celebrare.

1970 5678 2051 5735 Ad
2105 5679 2156 5735 id
2208 5679 2409 5752 negotii
2458 5678 2691 5736 habebat
2724 5678 3068 5751 psalterium,
3119 5677 3547 5732 instrumentum
