4050 6604
454 332 525 394 87
1956 346 2260 407 JOSEPPI
3642 354 3713 417 88

454 451 727 507 musicum
756 468 1014 513 sonorum
1049 474 1061 511 :
1094 456 1295 511 choros
1321 455 1484 511 etiam
1518 456 1863 526 psallentium
1893 474 2009 513 eon-

2129 462 2187 515 δὲ
2215 460 2407 534 ἔστησε
2425 464 2773 535 ψαλμῳδοὺς,
2804 465 2863 519 τὺ
2890 466 3175 520 Λευῖτικδν
3191 464 3346 536 γένος
3372 465 3540 531 ἅπαν,
3567 467 3709 540 ὑπὲρ

451 542 658 612 stituit;
713 562 885 617 genus
935 564 1129 618 nempe
1176 547 1479 603 Leviticum
1534 550 1872 616 universum,
1931 552 2024 621 qui

455 642 583 690 tunc
626 638 908 708 plusquam
958 640 1178 710 triginta
1214 640 1383 693 millia
1434 648 1619 703 erant,
1650 655 1899 711 quosque
1928 641 2027 695 tri-

451 726 555 782 bas
588 730 827 799 subjecit
871 732 1361 796 chorodidasealis,
1396 741 1455 787 ut
1482 733 1774 803 psallerent
1798 733 2022 803 jugiter,

451 832 499 875 et
535 824 749 894 hymnis
796 822 964 879 Deum
998 823 1355 889 celebrarent,
1389 839 1520 879 suos
1551 823 1672 878 ideo
1709 823 1939 894 hymnos
1970 822 2022 876 in

449 913 697 968 ordinem
757 916 1027 986 redigens.
1076 915 1225 971 Fecit
1267 916 1356 971 ille
1392 916 1610 986 quidem
1638 914 1880 969 infinitos
1923 932 2023 969 nu-

448 1022 600 1060 mero
628 1008 887 1077 psalmos,
936 1025 1076 1079 quos
1123 1010 1285 1063 etiam
1320 1010 1462 1064 serie
1492 1007 1774 1062 distribuit
1804 1005 2021 1062 Levita-

447 1115 566 1152 rum
619 1100 1099 1155 chorodidasralis.
1135 1099 1239 1154 Sed
1269 1117 1359 1156 rex
1390 1099 1645 1154 Ezechias
1672 1099 2021 1154 animadver-

445 1196 607 1254 tens,
662 1190 805 1259 quod
856 1192 1186 1259 psalmorum
1256 1192 1543 1245 multitudo
1597 1190 2020 1261 negligentiorcs

442 1280 702 1335 reddebat
747 1281 985 1349 Levitas,
1038 1284 1326 1338 bodiernos
1373 1286 1469 1337 hos
1498 1294 1718 1337 centum
1762 1292 1815 1339 et
1854 1284 2017 1353 quin-

441 1370 702 1440 quaginta
735 1372 995 1441 psalmos,
1035 1388 1129 1442 per
1153 1389 1248 1427 eos
1279 1373 1372 1442 qni
1414 1372 1467 1426 in
1511 1373 1710 1442 populo
1743 1373 2019 1442 sapientes

438 1474 614 1526 erant,
644 1462 710 1518 de
736 1473 882 1519 tanta
914 1465 1260 1520 multitudine
1289 1466 1604 1536 deligendos
1640 1467 1873 1522 curavit.

512 1552 892 1610 Successorem
954 1556 1038 1611 sui
1088 1558 1239 1628 regni
1286 1557 1456 1613 tilium
1513 1560 1719 1614 creavit
1758 1558 2014 1616 Solomo-

436 1660 558 1699 nem
580 1686 597 1709 ,
633 1661 793 1717 quem
825 1664 893 1702 ex
934 1649 1236 1705 Bethsabee
1282 1661 1577 1721 genuerat,
1617 1661 1953 1724 unctumque
1984 1669 2016 1709 a

436 1742 699 1811 prapheta
732 1740 970 1810 Natlian,
1008 1744 1239 1815 ipsemet
1277 1744 1353 1799 illi
1389 1760 1614 1817 regnum
1658 1746 2011 1813 conﬁrmans,

2131 556 2257 617 τοὺς
2286 558 2647 626 τρισμυρίους
2675 558 2817 623 τότε,
2854 559 2958 612 ὑπὸ
2980 561 3129 629 τρεῖς
3158 559 3523 629 ποιησάμενος
3552 577 3709 631 χορο-

2130 647 2503 714 διδασκάλους,
2539 651 2617 713 ei;
2658 650 2716 703 τὸ
2740 650 2961 720 ψάλλειν
2988 650 3253 721 διηνεκῶς
3283 652 3378 705 καὶ
3401 652 3592 723 ὑμνεῖν
3615 654 3708 706 τὸν

2130 740 2282 806 Θεὸν,
2328 744 2456 805 τοὺς
2497 742 2689 797 ἑαυτοῦ
2723 743 2926 814 ὕμνους
2961 745 3208 809 ἐντάξας.
3254 745 3364 798 Καὶ
3410 744 3705 817 πεποίηται

2131 831 2231 899 μὲν
2260 831 2509 902 ψαλμοὺς
2551 834 2836 906 ἀπείρους,
2887 834 2979 899 οὓς
3013 836 3109 890 καὶ
3155 836 3409 901 κατέλεξε
3447 840 3559 900 τοῖς
3597 838 3707 890 τῶν

2126 922 2370 976 Λευῖτῶν
2403 924 2895 996 χοροδιδασκάλοις.
2938 927 3078 981 Ἀλλ’
3110 929 3139 981 ὁ
3162 927 3414 998 βασιλεὺς
3456 929 3708 993 Ἐζεκίας

2125 1016 2186 1069 τδ
2202 1017 2311 1070 τῶν
2335 1018 2568 1089 ψαλμῶν
2586 1019 2789 1090 πλῆθος
2810 1021 2869 1073 ἐν
2885 1021 3148 1092 ὀλιγωρίᾳ
3172 1023 3304 1089 ἄγον
3326 1022 3450 1086 τοὺς
3472 1022 3706 1084 Λευῖτας

2124 1110 2405 1178 ἐπιγνοὺς,
2437 1114 2563 1175 τοὺς
2597 1113 2791 1165 ἑκατὸν
2816 1112 3041 1177 τούτους
3075 1115 3169 1167 καὶ
3205 1114 3543 1184 πεντήκοντα
3567 1111 3707 1181 ψαλ-

2126 1204 2261 1273 μοὺς
2287 1204 2420 1276 (83),
2452 1206 2541 1261 διὰ
2564 1206 2672 1261 τῶν
2702 1208 2759 1259 ἐν
2789 1206 2863 1277 τῷ
2884 1206 2996 1276 λαῷ
3022 1207 3223 1276 σοφῶν,
3253 1206 3361 1260 ἀπὸ
3389 1205 3481 1260 τοῦ
3514 1203 3703 1258 τοσού-

2122 1315 2215 1351 του
2252 1299 2487 1371 πλήθους
2510 1301 2767 1372 ἐποίησεν
2798 1300 3173 1373 ἐπιλεχθῆναι.

2191 1572 2443 1642 Διάδοχον
2468 1573 2567 1643 τῆς
2597 1571 2761 1625 αὑτοῦ
2791 1569 3069 1641 βασιλείας
3094 1569 3185 1623 τὸν
3220 1569 3334 1622 υἱὸν
3361 1566 3659 1639 ἐποιήσατο
3681 1606 3697 1627 .

2118 1665 2209 1719 τὸν
2250 1665 2539 1737 Σολομῶν,
2580 1666 2640 1719 ὃν
2678 1666 2743 1719 ἐκ
2789 1668 2890 1735 τῆς
2942 1663 3220 1733 Βηθσαὸεὲ
3263 1664 3571 1733 ἐκτήσατο,
3605 1660 3702 1712 καὶ

2118 1758 2413 1829 χρισθέντα
2439 1759 2526 1813 διὰ
2548 1758 2643 1812 τοῦ
2672 1758 2954 1830 προφήτου
2976 1756 3164 1811 Νάθαν
3188 1798 3202 1822 ,
3233 1756 3395 1819 αὐτὸς
3418 1752 3701 1825 ἐπικυρῶν

434 1844 729 1888 veneratus
767 1845 871 1890 cst.
906 1834 1240 1891 Hortabatur
1270 1852 1434 1907 porro
1475 1853 1624 1904 eum,
1660 1847 1717 1893 ut
1757 1839 2009 1909 pietatem

2119 1851 2269 1923 αὐτῷ
2297 1852 2396 1924 τὴν
2432 1851 2712 1923 βασιλείαν
2746 1850 3143 1923 προσεκύνησε.
3186 1847 3424 1920 [Ιαρῄνει
3452 1848 3509 1900 δὲ
3548 1845 3699 1916 αὐτῷ

434 1938 562 1992 erga
619 1924 785 1980 Deum
851 1926 1118 1998 integram
1179 1930 1560 2001 sinceramque
1626 1942 2011 2000 conservaret,

433 2016 713 2073 allirmans
743 2019 934 2089 optimi
964 2021 1115 2091 regni
1148 2021 1252 2076 hoc
1285 2038 1407 2078 esse
1428 2035 1832 2094 argumentum.
1870 2022 2014 2079 Prae-

432 2120 577 2164 terea
609 2111 774 2181 jussit
804 2124 862 2167 ut
900 2116 1160 2184 templum
1190 2116 1239 2169 ei
1270 2116 1663 2184 exaedificaret,
1700 2118 2011 2174 universam

430 2201 575 2257 illius
619 2204 1073 2273 dispositionem,
1122 2223 1447 2273 mensuras,
1490 2219 1546 2265 et
1602 2211 1805 2282 figuras
1845 2212 2013 2267 torius

428 2292 574 2348 illius
601 2298 1027 2353 constructionis
1050 2299 1105 2363 ei
1123 2302 1364 2366 tradens,
1398 2303 1717 2374 relinquens
1744 2314 2006 2375 praaterea

429 2388 733 2456 magniﬁca:
749 2406 809 2443 ac
834 2394 1331 2462 suniptuosissima:
1354 2397 1730 2452 azdilicationis
1744 2413 2014 2468 congruas

426 2495 716 2548 expensas.
746 2481 914 2538 Erant
942 2487 1086 2539 enim
1114 2487 1232 2541 auri
1259 2488 1466 2543 talenta
1498 2490 1755 2545 undecies
1784 2501 2011 2547 centena

427 2572 621 2639 millia,
652 2576 859 2645 argenti
895 2592 1025 2631 vero
1053 2592 1117 2632 ac
1146 2576 1276 2633 ferri
1312 2582 1522 2649 pondus
1557 2590 1788 2647 tantum,
1822 2591 1883 2638 ut
1910 2584 2012 2638 sub

425 2680 716 2720 numerum
758 2669 942 2724 venire
974 2687 1082 2725 non
1136 2684 1339 2742 posset.
1386 2672 1493 2730 Eos
1526 2677 1619 2746 qui
1650 2662 2013 2732 sibi'fuerant

426 2756 716 2813 conviciati
750 2776 846 2829 per
884 2771 1128 2833 tempora
1164 2765 1513 2833 calamitatis,
1553 2768 1777 2823 minime
1805 2768 2011 2825 indica-

426 2863 512 2906 tus
533 2866 639 2906 non
668 2855 980 2922 praeterivit.
1008 2855 1331 2913 Reccnsitos
1357 2861 1501 2914 enim
1527 2873 1581 2914 et
1608 2860 1706 2915 hos
1731 2860 2009 2917 Salomoni

427 2944 667 3009 tradidit,
720 2947 919 3016 quoin
969 2964 1062 3005 eos
1109 2952 1299 3007 oculos
1340 2952 1661 3009 intenderet.
1711 2951 2008 3024 Postquam

423 3045 606 3090 autem
654 3039 1015 3111 quadraginta
1070 3046 1318 3114 regnavit
1358 3062 1562 3112 annos,
1613 3047 1852 3116 glorioso
1904 3047 2011 3104 line

420 3126 662 3196 quievit,
698 3132 896 3187 tradito
929 3132 1207 3191 Salomoni
1244 3153 1425 3207 regno.

419 3252 572 3313 CAP.
615 3258 852 3317 LXXIV.
901 3294 969 3303 —
1020 3265 1279 3331 Quwnam
1317 3279 1440 3323 sunt
1486 3280 1631 3339 gesta
1680 3270 2003 3326 Solomonis.

490 3473 786 3530 Duodecim
835 3492 1010 3532 annos
1071 3487 1235 3533 natus
1290 3493 1515 3549 regnum
1571 3478 1901 3548 capessivit,
1953 3490 2008 3533 et

417 3566 638 3623 fratrem
667 3584 826 3624 suum
850 3610 864 3635 ,
898 3571 991 3640 qui
1021 3570 1071 3624 ei
1102 3585 1352 3639 regnum,
1384 3572 1509 3625 vivo
1542 3572 1723 3626 adhuc
1758 3581 2004 3641 parente,

419 3662 671 3731 abripere
712 3670 1043 3728 tentaverat,
1078 3662 1448 3732 postulaverat
1497 3663 1721 3733 insuper
1764 3674 1823 3718 ut
1867 3680 2004 3719 uxo-

417 3769 533 3807 rem
575 3753 845 3822 acciperet
882 3753 1161 3819 Abissam,
1202 3769 1325 3823 qua:
1357 3768 1481 3809 cum
1528 3752 1733 3808 Davidc
1776 3754 2008 3809 societa-

417 3854 527 3897 tem
576 3844 680 3897 tori
722 3844 1023 3910 habuerat,
1069 3845 1162 3898 sed
1206 3844 1357 3915 virgo
1399 3844 1577 3899 adhuc
1616 3846 2006 3913 permanebat,

418 3932 713 3987 interfecit.
758 3933 1111 3988 Abiatharcm
1165 3933 1259 4004 qui
1303 3932 1548 4003 pontifex
1594 3944 1746 4000 erat,
1792 3936 2009 4006 pontiti-

418 4036 544 4079 catu
600 4026 834 4093 exemit,
885 4036 1169 4095 propterea
1222 4027 1368 4098 quod
1417 4029 1829 4097 consuiraierat
1880 4045 2005 4084 cum

418 4118 654 4184 Adonia,
705 4119 927 4190 quando
970 4121 1034 4175 ad
1088 4138 1146 4176 se
1182 4136 1408 4191 regnum
1453 4120 1667 4175 trahere
1708 4121 2003 4179 nitebatur.

415 4212 648 4270 Joabum
677 4224 961 4287 paternum
992 4216 1210 4280 ducem,
1236 4215 1330 4286 qui
1356 4214 1424 4269 ad
1454 4215 1629 4270 altare
1660 4214 2003 4287 confugerat,

415 4322 700 4379 propterea
742 4309 887 4380 quod
928 4309 1105 4364 fuerat
1148 4309 1217 4364 ab
1266 4308 1512 4373 Adonia,
1567 4307 1746 4378 ipsum
1787 4325 2006 4380 queque

415 4406 710 4473 interfecit,
752 4408 805 4461 in
840 4407 1162 4461 memoriam
1199 4406 1249 4461 ei
1287 4420 1575 4471 revocans,
1611 4404 1851 4460 debitam
1898 4404 2003 4459 sibi

414 4506 537 4556 esse
578 4501 893 4570 hujusmodi
934 4510 1200 4566 mortem,
1243 4500 1443 4569 quippe
1475 4499 1570 4570 qui
1602 4508 1796 4554 contra
1837 4498 2008 4568 patris

414 4597 752 4650 voluntatem
783 4594 924 4649 duos
954 4594 1121 4649 duces
1156 4596 1203 4649 ei
1234 4593 1677 4665 pernecessarios
1715 4592 2005 4647 intereme-

416 4698 532 4756 rat,
586 4688 937 4743 Abennernm
998 4704 1195 4758 nempe
1249 4688 1421 4742 lilium
1470 4685 1610 4752 Ner,
1650 4696 1704 4741 et
1742 4685 2005 4740 Abessam

419 4779 587 4833 filium
629 4778 843 4835 Jotlior.
877 4780 1059 4836 Semei
1092 4796 1311 4835 servum
1358 4778 1700 4833 Abessalomi
1726 4818 1739 4843 ,
1785 4778 1877 4848 qui
1912 4794 2007 4833 ca-

417 4875 755 4931 lamitatibus
786 4875 1085 4930 obnoxium
1136 4882 1417 4945 parentem
1469 4872 1591 4943 ejus
1623 4873 1845 4937 videns,
1891 4888 2008 4927 ma-

418 4968 630 5024 ledictis
678 4978 733 5023 et
762 4969 1035 5040 lapidibus
1069 4969 1407 5038 impetierat,
1460 4967 1605 5023 intra
1653 4965 2007 5040 Jerosolyma:

417 5061 657 5117 civitatis
692 5062 892 5116 mcenia
933 5062 1214 5126 coercuit;
1268 5071 1321 5115 at
1361 5060 1637 5126 delatum,
1680 5061 1824 5131 quod
1865 5061 2002 5117 civi-

422 5163 529 5209 tale
549 5154 848 5224 aliquando
868 5169 1125 5224 egressus
1139 5152 1352 5219 fuisset,
1373 5153 1539 5210 veluti
1565 5163 1995 5225 contemptorem

420 5247 583 5318 regia:
620 5246 919 5301 voluntatis
951 5245 1239 5301 interfecit.
1274 5246 1417 5301 Mille
1449 5248 1612 5301 bourn
1646 5246 2001 5311 sacrificium,

420 5340 569 5411 quod
610 5340 847 5411 primum
884 5338 953 5393 ab
979 5338 1114 5394 inito
1147 5355 1314 5410 regno
1349 5341 1399 5395 ei
1433 5341 1647 5396 litatum
1675 5351 1775 5408 est,
1806 5340 1915 5395 Deo
1947 5340 2001 5394 in

420 5430 644 5488 Gabaon
677 5431 972 5487 celebravit
1012 5449 1026 5486 :
1070 5432 1141 5487 ibi
1176 5434 1319 5488 enim
1344 5434 1538 5490 offerre
1572 5435 1829 5505 elegerat,
1873 5450 1999 5489 cum

420 5526 722 5582 Jerusalem
776 5526 1006 5582 necdum
1066 5536 1212 5582 esset
1244 5528 1530 5584 aedificata.
1572 5528 1801 5601 Propter
1852 5529 2002 5598 pium

496 5684 608 5760 (δῖα)
646 5683 761 5760 δοῖ]
795 5703 923 5757 ergo
955 5687 1225 5760 Joscpbus
1258 5708 1340 5746 CLI
1375 5695 1725 5760 agnoscebat.

429 5829 447 5839 η
497 5758 623 5839 (Si).
662 5757 821 5814 Forte
870 5757 1130 5818 redundat
1163 5759 1262 5833 ἦν,
1304 5769 1385 5819 vel
1413 5757 1570 5837 lege,
1608 5766 1861 5827 τοσοῦτος
1898 5760 2000 5834 ἦν,

424 5843 545 5892 οσος
578 5845 675 5892 εις.
1772 5854 1773 5861 η

2115 1943 2214 2016 τὴν
2255 1944 2391 2015 πρὸς
2431 1944 2565 1999 Θεὸν
2626 1945 2904 1998 εὐσέῦειαν
2952 1943 3218 2014 εἰλικρινῆ
3259 1942 3561 2013 διατηρεῖν,
3601 1941 3700 2012 τῆς

2115 2039 2347 2110 ἀρίστης
2390 2039 2566 2111 ἀρχῆς
2613 2038 2820 2109 ταύτην
2859 2038 3115 2091 ὑπόθεσιν
3161 2033 3300 2090 εἶναι
3350 2034 3549 2104 λέγων.
3590 2034 3700 2087 Καὶ

2114 2130 2205 2183 τὸν
2236 2130 2362 2184 ναὸν
2408 2129 2464 2183 δὲ
2523 2129 2809 2184 ἐκέλευσεν
2858 2130 3006 2199 αὐτῷ
3037 2129 3375 2200 οἰκοδομεῖν,
3418 2128 3517 2199 τὴν
3569 2128 3699 2194 ὃλην

2116 2224 2281 2277 αὑτοῦ
2329 2224 2605 2289 διάθεσιν,
2656 2224 2831 2296 μέτρα
2878 2241 2939 2276 τε
2982 2226 3075 2276 καὶ
3124 2224 3381 2293 σχήματα
3432 2221 3531 2289 τῆς
3568 2218 3698 2288 ὅλης

2116 2314 2281 2369 αὐτοῦ
2325 2316 2607 2387 δομήσεως
2647 2315 2961 2387 παραδοὺς,
3014 2312 3351 2383 καταλείψας
3398 2310 3548 2381 αὐτῷ
3597 2311 3698 2378 τῆς

2119 2407 2577 2479 μεγαλοπρεποῦς
2616 2409 2712 2461 καὶ
2755 2407 3081 2471 πολυτελοῦς
3121 2405 3468 2475 κατασκευῆς
3500 2403 3700 2468 ἐπάξια

2113 2501 2323 2572 δαπανή
2335 2519 2509 2573 ματα’
2538 2500 2740 2573 χρυσοῦ
2771 2518 2829 2555 τε
2858 2501 2949 2555 καὶ
2980 2500 3089 2571 γὰρ
3118 2495 3185 2571 ἦν
3219 2500 3453 2554 τάλαντα
3474 2496 3700 2558 δεκάκις

2117 2596 2287 2665 μύρια
2318 2596 2413 2649 καὶ
2434 2595 2809 2659 έκατοντάκις,
2836 2593 3078 2665 ἀργύρου
3108 2593 3164 2646 δὲ
3187 2595 3282 2648 καὶ
3313 2592 3540 2663 σιδήρου
3573 2606 3700 2641 στα-

2114 2689 2252 2761 θμὸς
2284 2690 2407 2754 ὅσος
2444 2686 2513 2761 ἦν
2548 2688 2660 2760 (84)
2688 2687 2925 2761 ἀριθμὸν
2955 2687 3129 2741 ἐλθεῖν
3159 2688 3260 2740 οὐκ
3297 2685 3553 2756 ἠδύνατο.
3587 2681 3701 2736 Καὶ

2111 2782 2239 2844 τοὺς
2272 2781 2668 2853 ἐνυϐρίσαντας
2715 2780 2864 2849 αὐτῷ
2910 2779 3051 2834 κατὰ
3093 2781 3184 2833 τὸν
3213 2777 3313 2848 τῆς
3356 2773 3701 2848 δυσπραγίας

2112 2876 2326 2947 καιρξν,
2357 2876 2457 2929 οὐκ
2488 2875 2671 2928 εἴασεν
2699 2872 2973 2943 ἀγνῶτας.
3009 2869 3280 2935 Κατέλεξε
3314 2870 3423 2939 γὰρ
3449 2869 3545 2921 καὶ
3573 2866 3698 2919 τού-

2110 2985 2238 3031 τους
2275 2967 2354 3038 τῷ
2386 2965 2638 3038 Σολομῶν
2658 3008 2673 3031 ,
2703 2967 2851 3029 ὅπως
2894 2964 3090 3027 αὐτοὺς
3122 2962 3520 3031 ύποὸλέπηται.
3562 2960 3701 3011 Τεσ-

2115 3058 2428 3131 σαράκοντα
2483 3057 2540 3111 δὲ
2590 3055 2921 3129 βασιλεύσας
2968 3054 3283 3120 ἐνιαυτοὺς,
3320 3050 3560 3115 εὐκλεῶς
3606 3067 3699 3102 τεο

2111 3154 2274 3225 λευτᾷ
2292 3194 2307 3219 ,
2335 3150 2415 3222 τῷ
2446 3152 2707 3222 Σαλομῶν
2740 3151 3014 3223 παραδοὺς
3040 3149 3138 3221 τὴν
3166 3147 3462 3220 βασιλείαν.

2112 3292 2366 3347 ΚΕΦΑΛ.
2402 3293 2519 3345 ΟΔ’.
2558 3320 2627 3329 -
2676 3291 2814 3345 Τίνα
2839 3288 2967 3343 ἐστὶ
3006 3288 3078 3342 τὰ
3122 3286 3201 3354 τῷ
3250 3286 3560 3356 Σολομῶν-ι
3598 3286 3698 3340 δε-

2738 3358 3065 3429 δρασμένα.

2183 3496 2571 3568 Δωδεκακετὴς
2604 3494 2715 3567 (85)
2745 3498 2843 3563 τῆς
2877 3494 3153 3566 βασιλείας
3192 3492 3574 3564 ἐφαψάμενος,
3606 3490 3701 3543 τὸν

2111 3592 2341 3661 ἀδελφὸν
2372 3589 2567 3653 αὑτοῦ,
2614 3588 2672 3650 ὃς
2711 3587 2859 3659 αὐτῷ
2891 3588 2989 3660 τὴν
3046 3586 3326 3659 βασιλείαν
3364 3585 3444 3639 ἔτι
3495 3583 3701 3648 ζῶντος

2112 3684 2205 3740 τοῦ
2253 3684 2462 3754 πατρὸς
2503 3681 2775 3755 ἁρπάζειν
2822 3682 3122 3752 ἐπειράθη,
3169 3682 3474 3751 αἰτήσαντα
3515 3677 3700 3731 δὲκαὶ

2111 3781 2348 3848 γυναῖκα
2392 3778 2577 3831 λαϐεῖν
2608 3776 2707 3847 τὴν
2757 3774 3211 3829 συνευνασθεῖσαν
3238 3773 3317 3844 τῷ
3358 3772 3522 3825 Δαὸὶδ
3557 3787 3701 3839 παρ-

2113 3873 2265 3926 θένον
2288 3870 2647 3941 διαμείνασαν
2673 3870 2772 3940 τὴν
2811 3867 3092 3930 Ἀδισσὰν,
3126 3866 3326 3921 ἀνεῖλε.
3372 3867 3475 3919 Τὸν
3516 3863 3700 3917 Ἀδιά-

2112 3962 2213 4034 θαρ
2254 3962 2312 4024 ὃς
2348 3956 2416 4032 ἦν
2457 3960 2778 4031 ἀρχιερεὺς,
2812 3959 2913 4028 τῆς
2944 3958 3245 4028 ἱερωσύνης
3292 3957 3564 4027 ἐξήγαγε,
3606 3955 3701 4007 τὸν

2112 4052 2437 4107 συνελθόντα
2468 4052 2545 4122 τῷ
2592 4051 2821 4121 Ἀδωνίᾳ
2852 4051 2934 4112 εἰς
2977 4048 3076 4118 τὴν
3114 4050 3211 4117 τῆς
3245 4047 3524 4117 βασιλείας
3572 4048 3695 4097 ἐπι·

2110 4148 2378 4218 χεέρησιν.
2423 4144 2527 4197 Τὸν
2574 4143 2731 4196 Ἰωὰϐ
2764 4142 2821 4206 ὃς
2863 4138 2931 4213 ἦν
2966 4141 3059 4195 τοῦ
3100 4142 3307 4211 πατρὸς
3352 4139 3696 4208 στρατηγὸς,

2110 4243 2191 4304 είς
2218 4238 2276 4292 τὸ
2316 4238 2705 4307 θυσιαστήριον
2754 4237 3139 4303 καταφυγόντα
3179 4234 3266 4285 διὰ
3304 4232 3362 4285 τὸ
3396 4230 3695 4301 συμπράτ-

2108 4348 2224 4384 τειν
2267 4329 2345 4398 τῷ
2408 4327 2673 4398 Ἀδωνίᾳ,
2722 4326 2816 4378 καὶ
2870 4325 3031 4378 αὐτὸν
3074 4324 3321 4387 ἀνεῖλεν,
3369 4322 3702 4391 ὑπομνήσας

2112 4420 2284 4493 αὐτῷ,
2318 4422 2394 4485 ὡς
2433 4418 2707 4488 ἐπώφειλε
2744 4418 2834 4471 τὸν
2865 4418 3107 4471 τοιοῦτον
3141 4416 3391 4479 θάνατον,
3434 4413 3700 4468 ἀποκτεί-

2111 4531 2208 4577 νας
2251 4514 2402 4582 παρᾶ
2438 4512 2537 4582 τὴν
2570 4509 2663 4563 τοῦ
2695 4509 2898 4578 πατρὸς
2943 4508 3169 4579 γνώμην
3214 4508 3307 4562 δύο
3353 4506 3701 4578 στρατηγοὺς

2115 4608 2445 4680 εὐαρέστους
2474 4602 2657 4673 αὐτῷ,
2691 4602 2782 4655 τὸν
2824 4601 3083 4672 Ἀδεννὴρ
3115 4603 3226 4655 υἱὸν
3266 4601 3420 4673 Νὴρ,
3471 4600 3566 4654 καὶ
3610 4600 3706 4653 τὶν

2128 4697 2362 4753 Ἀϐεσσὰ
2426 4696 2540 4749 υίδν
2598 4694 2802 4764 ’1οθδρ,
2849 4695 3272 4764 γεγενημένους.
3324 4696 3427 4748 Τὸν
3480 4694 3701 4765 Σεμεῆἶ,

2113 4793 2205 4848 τὸν
2236 4792 2332 4846 τοῦ
2390 4786 2750 4858 Ἀδεσσαλὼμ
2793 4788 3013 4849 δοῦλον,
3057 4787 3116 4850 ὃς
3158 4786 3583 4858 δυσπραγοῦν-ια
3612 4788 3709 4842 τὸν

2116 4886 2329 4958 πατέρα
2360 4883 2698 4953 θεασάμενος
2729 4880 3010 4951 κατηρᾶτο
3051 4881 3145 4931 κα).
3175 4880 3452 4944 ἐλίθαξεν,
3487 4883 3570 4939 εἰς
3603 4881 3709 4951 τὴν

2122 4977 2485 5048 Ἰερουσαλὴμ
2520 4973 2858 5045 περιώρισε,
2909 4972 3002 5023 καὶ
3040 4972 3347 5041 μηνυθέντα
3394 4973 3494 5043 τὴν
3546 4974 3710 5026 πόλιν

2112 5070 2217 5123 ποῦ
2254 5068 2365 5138 (86)
2400 5064 2854 5138 προεληλυθέναι,
2884 5062 2959 5125 ὡς
2995 5062 3310 5133 ύπέρφρονα
3339 5064 3448 5134 (87)
3481 5065 3576 5118 τοῦ
3606 5065 3708 5135 βα-

2114 5163 2309 5224 σιλέως
2329 5159 2556 5229 γνώμης
2587 5157 2897 5210 ἀπέκτεινε.
2929 5156 3233 5228 Χιλιόμδην
3263 5158 3486 5229 πρώτην
3519 5160 3712 5213 ποιού-

2114 5272 2275 5327 μενος
2309 5253 2416 5306 ἐιπὸ
2440 5251 2541 5320 τῆς
2575 5249 2770 5302 ἑαυτοῦ
2822 5249 3099 5317 βασιλείας
3137 5249 3357 5316 θυσίαν,
3392 5250 3586 5304 ἔθυσεν
3626 5254 3711 5317 εἰς

2106 5349 2209 5418 τὴν
2239 5344 2467 5399 Γαϐαῶν
2496 5342 2575 5411 τῷ
2614 5341 2733 5410 Θεῷ
2754 5356 2767 5370 ”
2803 5334 2903 5392 ὦδε
2935 5339 3045 5411 γὰρ
3072 5340 3243 5393 εἵλετο
3287 5345 3667 5411 προσαγαγεῖν
3690 5384 3707 5405 ,

2112 5439 2213 5506 τῆς
2251 5432 2612 5507 Ἰερουσαλὴμ
2633 5430 2787 5484 οὔπω
2816 5430 3183 5500 δομισθείσης.
3235 5432 3359 5484 Ἐπὶ
3388 5435 3453 5502 τῇ
3488 5433 3714 5487 εὐσεϐεῖ

2115 5529 2277 5599 θυσίᾳ
2313 5524 2628 5587 κελευσθεὶς
2654 5524 2721 5576 δι’
2745 5522 3037 5591 ὀνειράτων
3068 5523 3193 5588 θέας
3217 5523 3440 5594 αἱτῆσαί
3461 5542 3515 5579 τι
3550 5528 3711 5598 παρᾶ

2190 5690 2301 5751 (85)
2335 5687 2705 5751 Δωδεκαετής.

2189 5761 2301 5829 (Sil)
2347 5760 2507 5809 Forte
2545 5773 2669 5829 που,
2712 5755 2793 5829 vel
2838 5772 2939 5829 πω.

2188 5826 2302 5903 (87)
2336 5829 2479 5882 Edit.
2519 5827 2728 5880 Fabric.
2763 5826 3059 5894 ύπέρρονα.
