  <div class='ocr_page' id='page_1' title='image "/cluster/home/n/w/nwhite01/storage/ocr_20150623/106/hvd.32044051727071/056.png"; bbox 0 0 4050 6580; ppageno 0'>
   <div class='ocr_carea' id='block_1_1' title="bbox 329 378 3598 465">
    <p class='ocr_par' dir='ltr' id='par_1_1' title="bbox 329 378 3598 465">
     <span class='ocr_line' id='line_1_1' title="bbox 329 378 3598 465; baseline 0.007 -25"><span class='ocrx_word' id='word_1_1' title='bbox 329 378 402 442; x_wconf 88' lang='lat'><strong>89</strong></span> <span class='ocrx_word' id='word_1_2' title='bbox 1505 384 1878 447; x_wconf 86' lang='lat' dir='ltr'><strong>LIBELLUS</strong></span> <span class='ocrx_word' id='word_1_3' title='bbox 1917 388 2424 453; x_wconf 82' lang='lat' dir='ltr'><strong>MEMORIALIS.</strong></span> <span class='ocrx_word' id='word_1_4' title='bbox 3528 402 3598 465; x_wconf 82' lang='lat'><strong>90</strong></span> 
     </span>
    </p>
   </div>
   <div class='ocr_carea' id='block_1_2' title="bbox 327 492 1909 587">
    <p class='ocr_par' dir='ltr' id='par_1_2' title="bbox 327 492 1908 569">
     <span class='ocr_line' id='line_1_2' title="bbox 327 492 1908 569; baseline -0.016 4"><span class='ocrx_word' id='word_1_5' title='bbox 327 494 422 551; x_wconf 69' lang='grc' dir='ltr'><strong>τοῦ</strong></span> <span class='ocrx_word' id='word_1_6' title='bbox 451 493 610 559; x_wconf 69' lang='grc' dir='ltr'><strong>θεοῦι</strong></span> <span class='ocrx_word' id='word_1_7' title='bbox 643 492 812 566; x_wconf 72' lang='grc' dir='ltr'>ᾔτησε</span> <span class='ocrx_word' id='word_1_8' title='bbox 849 495 1064 565; x_wconf 69' lang='grc' dir='ltr'><strong>σοφίαν»</strong></span> <span class='ocrx_word' id='word_1_9' title='bbox 1093 495 1162 550; x_wconf 75' lang='grc' dir='ltr'>δι’</span> <span class='ocrx_word' id='word_1_10' title='bbox 1200 492 1269 569; x_wconf 78' lang='grc' dir='ltr'>ἧς</span> <span class='ocrx_word' id='word_1_11' title='bbox 1302 497 1401 562; x_wconf 81' lang='grc' dir='ltr'>τὰς</span> <span class='ocrx_word' id='word_1_12' title='bbox 1436 500 1678 566; x_wconf 78' lang='grc' dir='ltr'><strong>ἐνδίκους</strong></span> <span class='ocrx_word' id='word_1_13' title='bbox 1713 498 1822 566; x_wconf 71' lang='grc' dir='ltr'>οἷός</span> <span class='ocrx_word' id='word_1_14' title='bbox 1850 521 1908 556; x_wconf 82' lang='grc' dir='ltr'><strong>τε</strong></span> 
     </span>
    </p>
   </div>
   <div class='ocr_carea' id='block_1_3' title="bbox 2016 492 3601 587">
    <p class='ocr_par' dir='ltr' id='par_1_3' title="bbox 2016 507 3601 587">
     <span class='ocr_line' id='line_1_3' title="bbox 2016 507 3601 587; baseline 0.008 -26"><span class='ocrx_word' id='word_1_15' title='bbox 2016 507 2379 574; x_wconf 77' lang='lat' dir='ltr'><strong>sacrificium,</strong></span> <span class='ocrx_word' id='word_1_16' title='bbox 2414 509 2606 580; x_wconf 86' lang='lat' dir='ltr'><strong>jussus</strong></span> <span class='ocrx_word' id='word_1_17' title='bbox 2656 526 2751 582; x_wconf 90' lang='lat' dir='ltr'><strong>per</strong></span> <span class='ocrx_word' id='word_1_18' title='bbox 2802 513 2979 569; x_wconf 82' lang='lat' dir='ltr'><strong>visum</strong></span> <span class='ocrx_word' id='word_1_19' title='bbox 3021 515 3360 570; x_wconf 77' lang='lat' dir='ltr'><strong>somniorum</strong></span> <span class='ocrx_word' id='word_1_20' title='bbox 3416 526 3601 587; x_wconf 88' lang='lat' dir='ltr'><strong>petere</strong></span> 
     </span>
    </p>
   </div>
   <div class='ocr_carea' id='block_1_4' title="bbox 329 585 1913 663">
    <p class='ocr_par' dir='ltr' id='par_1_4' title="bbox 329 585 1913 663">
     <span class='ocr_line' id='line_1_4' title="bbox 329 585 1913 663; baseline 0.005 -22"><span class='ocrx_word' id='word_1_21' title='bbox 329 587 415 660; x_wconf 72' lang='grc' dir='ltr'><strong>εἴη</strong></span> <span class='ocrx_word' id='word_1_22' title='bbox 441 585 535 642; x_wconf 81' lang='grc' dir='ltr'><strong>τοῦ</strong></span> <span class='ocrx_word' id='word_1_23' title='bbox 576 587 708 639; x_wconf 80' lang='grc' dir='ltr'>λαοῦ</span> <span class='ocrx_word' id='word_1_24' title='bbox 751 586 962 658; x_wconf 82' lang='grc' dir='ltr'>κρίσεις</span> <span class='ocrx_word' id='word_1_25' title='bbox 998 589 1274 661; x_wconf 81' lang='grc' dir='ltr'>ἐκφέρειν.</span> <span class='ocrx_word' id='word_1_26' title='bbox 1331 592 1677 663; x_wconf 70' lang='grc' dir='ltr'>Ἀποδεχθεὶς</span> <span class='ocrx_word' id='word_1_27' title='bbox 1718 595 1774 648; x_wconf 85' lang='grc' dir='ltr'>δὲ</span> <span class='ocrx_word' id='word_1_28' title='bbox 1818 596 1913 649; x_wconf 77' lang='grc' dir='ltr'><strong>ἐπὶ</strong></span> 
     </span>
    </p>
   </div>
   <div class='ocr_carea' id='block_1_5' title="bbox 328 677 1914 755">
    <p class='ocr_par' dir='ltr' id='par_1_5' title="bbox 328 677 1914 755">
     <span class='ocr_line' id='line_1_5' title="bbox 328 677 1914 755; baseline 0.004 -23"><span class='ocrx_word' id='word_1_29' title='bbox 328 681 396 750; x_wconf 79' lang='grc' dir='ltr'>τῇ</span> <span class='ocrx_word' id='word_1_30' title='bbox 429 677 656 751; x_wconf 85' lang='grc' dir='ltr'>τοιαύτῃ</span> <span class='ocrx_word' id='word_1_31' title='bbox 703 678 958 748; x_wconf 80' lang='grc' dir='ltr'><strong>αἰτήσει,</strong></span> <span class='ocrx_word' id='word_1_32' title='bbox 1005 679 1103 734; x_wconf 73' lang='grc' dir='ltr'>καὶ</span> <span class='ocrx_word' id='word_1_33' title='bbox 1153 681 1252 752; x_wconf 80' lang='grc' dir='ltr'>τὴν</span> <span class='ocrx_word' id='word_1_34' title='bbox 1289 682 1484 752; x_wconf 77' lang='grc' dir='ltr'>σοφίαν</span> <span class='ocrx_word' id='word_1_35' title='bbox 1531 685 1777 755; x_wconf 75' lang='grc' dir='ltr'><strong>εἰλήφει,</strong></span> <span class='ocrx_word' id='word_1_36' title='bbox 1820 688 1914 740; x_wconf 74' lang='grc' dir='ltr'>καὶ</span> 
     </span>
    </p>
   </div>
   <div class='ocr_carea' id='block_1_6' title="bbox 328 771 1914 850">
    <p class='ocr_par' dir='ltr' id='par_1_6' title="bbox 328 771 1914 850">
     <span class='ocr_line' id='line_1_6' title="bbox 328 771 1914 850; baseline 0.004 -23"><span class='ocrx_word' id='word_1_37' title='bbox 328 773 472 844; x_wconf 82' lang='grc' dir='ltr'>ἆπερ</span> <span class='ocrx_word' id='word_1_38' title='bbox 503 771 603 826; x_wconf 87' lang='grc' dir='ltr'><strong>οὐκ</strong></span> <span class='ocrx_word' id='word_1_39' title='bbox 642 773 876 844; x_wconf 63' lang='grc' dir='ltr'><strong>⁴ᾐτήκει,</strong></span> <span class='ocrx_word' id='word_1_40' title='bbox 913 773 1144 829; x_wconf 81' lang='grc' dir='ltr'>πλοῦτον</span> <span class='ocrx_word' id='word_1_41' title='bbox 1167 818 1182 843; x_wconf 93' lang='grc'><strong>,</strong></span> <span class='ocrx_word' id='word_1_42' title='bbox 1237 776 1329 830; x_wconf 72' lang='grc' dir='ltr'><strong>καὶ</strong></span> <span class='ocrx_word' id='word_1_43' title='bbox 1370 777 1632 848; x_wconf 85' lang='grc' dir='ltr'>δύναμιν,</span> <span class='ocrx_word' id='word_1_44' title='bbox 1686 781 1780 834; x_wconf 72' lang='grc' dir='ltr'><strong>καὶ</strong></span> <span class='ocrx_word' id='word_1_45' title='bbox 1815 779 1914 850; x_wconf 81' lang='grc' dir='ltr'>τὴν</span> 
     </span>
    </p>
   </div>
   <div class='ocr_carea' id='block_1_7' title="bbox 328 865 947 939">
    <p class='ocr_par' dir='ltr' id='par_1_7' title="bbox 328 865 947 939">
     <span class='ocr_line' id='line_1_7' title="bbox 328 865 947 939; baseline 0.011 -24"><span class='ocrx_word' id='word_1_46' title='bbox 328 865 612 935; x_wconf 77' lang='grc' dir='ltr'>εἰρηναίαν</span> <span class='ocrx_word' id='word_1_47' title='bbox 651 865 947 939; x_wconf 85' lang='grc' dir='ltr'>διαγωγήν.</span> 
     </span>
    </p>
   </div>
   <div class='ocr_carea' id='block_1_8' title="bbox 398 1047 1914 1132">
    <p class='ocr_par' dir='ltr' id='par_1_8' title="bbox 398 1047 1914 1132">
     <span class='ocr_line' id='line_1_8' title="bbox 398 1047 1914 1132; baseline 0.009 -32"><span class='ocrx_word' id='word_1_48' title='bbox 398 1047 670 1103; x_wconf 87' lang='grc' dir='ltr'>Δύσλυτον</span> <span class='ocrx_word' id='word_1_49' title='bbox 700 1051 856 1105; x_wconf 80' lang='grc' dir='ltr'>ἔλυσε</span> <span class='ocrx_word' id='word_1_50' title='bbox 887 1052 981 1106; x_wconf 89' lang='grc' dir='ltr'><strong>δύο</strong></span> <span class='ocrx_word' id='word_1_51' title='bbox 1014 1055 1291 1124; x_wconf 86' lang='grc' dir='ltr'>γυναικῶν</span> <span class='ocrx_word' id='word_1_52' title='bbox 1323 1056 1736 1129; x_wconf 83' lang='grc' dir='ltr'>προσελθουσῶν</span> <span class='ocrx_word' id='word_1_53' title='bbox 1765 1059 1914 1132; x_wconf 78' lang='grc' dir='ltr'>αὐτῷ</span> 
     </span>
    </p>
   </div>
   <div class='ocr_carea' id='block_1_9' title="bbox 328 1141 1909 1221">
    <p class='ocr_par' dir='ltr' id='par_1_9' title="bbox 328 1141 1909 1221">
     <span class='ocr_line' id='line_1_9' title="bbox 328 1141 1909 1221; baseline 0.004 -26"><span class='ocrx_word' id='word_1_54' title='bbox 328 1141 532 1212; x_wconf 79' lang='grc' dir='ltr'><strong>κρίσιν,</strong></span> <span class='ocrx_word' id='word_1_55' title='bbox 564 1145 695 1214; x_wconf 79' lang='grc' dir='ltr'>περὶ</span> <span class='ocrx_word' id='word_1_56' title='bbox 728 1144 930 1211; x_wconf 80' lang='grc' dir='ltr'>ζῶντος</span> <span class='ocrx_word' id='word_1_57' title='bbox 959 1148 1053 1201; x_wconf 70' lang='grc' dir='ltr'><strong>καί</strong></span> <span class='ocrx_word' id='word_1_58' title='bbox 1077 1148 1374 1213; x_wconf 87' lang='grc' dir='ltr'>τεθνεῶτος</span> <span class='ocrx_word' id='word_1_59' title='bbox 1405 1151 1743 1221; x_wconf 83' lang='grc' dir='ltr'><strong>κρινομένων</strong></span> <span class='ocrx_word' id='word_1_60' title='bbox 1782 1169 1909 1204; x_wconf 87' lang='grc' dir='ltr'>παι-</span> 
     </span>
    </p>
   </div>
   <div class='ocr_carea' id='block_1_10' title="bbox 326 1235 1909 1318">
    <p class='ocr_par' dir='ltr' id='par_1_10' title="bbox 326 1235 1909 1318">
     <span class='ocr_line' id='line_1_10' title="bbox 326 1235 1909 1318; baseline 0.005 -29"><span class='ocrx_word' id='word_1_61' title='bbox 326 1235 475 1291; x_wconf 88' lang='grc' dir='ltr'>δίων.</span> <span class='ocrx_word' id='word_1_62' title='bbox 520 1237 806 1306; x_wconf 80' lang='grc' dir='ltr'>Ἐπιγνοὺς</span> <span class='ocrx_word' id='word_1_63' title='bbox 836 1241 1045 1311; x_wconf 71' lang='grc' dir='ltr'>εἰλήφει</span> <span class='ocrx_word' id='word_1_64' title='bbox 1075 1242 1257 1314; x_wconf 77' lang='grc' dir='ltr'>σοφίᾳ,</span> <span class='ocrx_word' id='word_1_65' title='bbox 1284 1243 1377 1295; x_wconf 74' lang='grc' dir='ltr'><strong>καὶ</strong></span> <span class='ocrx_word' id='word_1_66' title='bbox 1406 1243 1467 1296; x_wconf 69' lang='grc' dir='ltr'><strong>τὸ</strong></span> <span class='ocrx_word' id='word_1_67' title='bbox 1499 1242 1608 1307; x_wconf 81' lang='grc' dir='ltr'>ζῶν</span> <span class='ocrx_word' id='word_1_68' title='bbox 1641 1246 1798 1308; x_wconf 85' lang='grc' dir='ltr'>ποίας</span> <span class='ocrx_word' id='word_1_69' title='bbox 1825 1245 1909 1318; x_wconf 72' lang='grc' dir='ltr'>εἴη</span> 
     </span>
    </p>
   </div>
   <div class='ocr_carea' id='block_1_11' title="bbox 327 1325 1914 1408">
    <p class='ocr_par' dir='ltr' id='par_1_11' title="bbox 327 1325 1914 1408">
     <span class='ocr_line' id='line_1_11' title="bbox 327 1325 1914 1408; baseline 0.006 -26"><span class='ocrx_word' id='word_1_70' title='bbox 327 1325 622 1395; x_wconf 75' lang='grc' dir='ltr'>γυναικὸς,</span> <span class='ocrx_word' id='word_1_71' title='bbox 661 1335 866 1402; x_wconf 79' lang='grc' dir='ltr'>στοργῇ</span> <span class='ocrx_word' id='word_1_72' title='bbox 899 1335 966 1403; x_wconf 82' lang='grc' dir='ltr'>τῇ</span> <span class='ocrx_word' id='word_1_73' title='bbox 1005 1328 1099 1386; x_wconf 68' lang='grc' dir='ltr'>τοῦ</span> <span class='ocrx_word' id='word_1_74' title='bbox 1146 1335 1384 1399; x_wconf 83' lang='grc' dir='ltr'>παιδίου,</span> <span class='ocrx_word' id='word_1_75' title='bbox 1420 1337 1516 1389; x_wconf 76' lang='grc' dir='ltr'>καὶ</span> <span class='ocrx_word' id='word_1_76' title='bbox 1558 1336 1618 1389; x_wconf 82' lang='grc' dir='ltr'>τὸ</span> <span class='ocrx_word' id='word_1_77' title='bbox 1650 1337 1914 1408; x_wconf 79' lang='grc' dir='ltr'>τεθνηκὸς</span> 
     </span>
    </p>
   </div>
   <div class='ocr_carea' id='block_1_12' title="bbox 327 1420 1909 1497">
    <p class='ocr_par' dir='ltr' id='par_1_12' title="bbox 327 1420 1909 1497">
     <span class='ocr_line' id='line_1_12' title="bbox 327 1420 1909 1497; baseline 0.009 -25"><span class='ocrx_word' id='word_1_78' title='bbox 327 1420 405 1481; x_wconf 82' lang='grc' dir='ltr'>ὡς</span> <span class='ocrx_word' id='word_1_79' title='bbox 436 1423 538 1491; x_wconf 84' lang='grc' dir='ltr'><strong>τῆς</strong></span> <span class='ocrx_word' id='word_1_80' title='bbox 571 1423 784 1494; x_wconf 87' lang='grc' dir='ltr'>ἐτέρας,</span> <span class='ocrx_word' id='word_1_81' title='bbox 822 1424 910 1477; x_wconf 75' lang='grc' dir='ltr'><strong>διὰ</strong></span> <span class='ocrx_word' id='word_1_82' title='bbox 946 1426 1043 1496; x_wconf 86' lang='grc' dir='ltr'><strong>τῆς</strong></span> <span class='ocrx_word' id='word_1_83' title='bbox 1080 1428 1210 1497; x_wconf 75' lang='grc' dir='ltr'>περὶ</span> <span class='ocrx_word' id='word_1_84' title='bbox 1240 1427 1375 1481; x_wconf 78' lang='grc' dir='ltr'>αὐτὸ</span> <span class='ocrx_word' id='word_1_85' title='bbox 1403 1429 1464 1482; x_wconf 77' lang='grc' dir='ltr'>τὸ</span> <span class='ocrx_word' id='word_1_86' title='bbox 1498 1428 1606 1494; x_wconf 78' lang='grc' dir='ltr'><strong>ζῶν</strong></span> <span class='ocrx_word' id='word_1_87' title='bbox 1641 1430 1909 1497; x_wconf 81' lang='grc' dir='ltr'>ἀφειδίας.</span> 
     </span>
    </p>
   </div>
   <div class='ocr_carea' id='block_1_13' title="bbox 340 1513 1912 1592">
    <p class='ocr_par' dir='ltr' id='par_1_13' title="bbox 340 1513 1912 1592">
     <span class='ocr_line' id='line_1_13' title="bbox 340 1513 1912 1592; baseline 0.008 -26"><span class='ocrx_word' id='word_1_88' title='bbox 340 1513 644 1585; x_wconf 83' lang='grc' dir='ltr'>’Δπόλεμον</span> <span class='ocrx_word' id='word_1_89' title='bbox 667 1517 760 1569; x_wconf 74' lang='grc' dir='ltr'><strong>καὶ</strong></span> <span class='ocrx_word' id='word_1_90' title='bbox 791 1519 1066 1588; x_wconf 84' lang='grc' dir='ltr'>είρηναῖον</span> <span class='ocrx_word' id='word_1_91' title='bbox 1093 1520 1202 1573; x_wconf 83' lang='grc' dir='ltr'>ἀπὸ</span> <span class='ocrx_word' id='word_1_92' title='bbox 1229 1520 1339 1574; x_wconf 88' lang='grc' dir='ltr'><strong>τῶν</strong></span> <span class='ocrx_word' id='word_1_93' title='bbox 1365 1522 1658 1592; x_wconf 84' lang='grc' dir='ltr'>περιοίκων</span> <span class='ocrx_word' id='word_1_94' title='bbox 1689 1525 1781 1576; x_wconf 80' lang='grc' dir='ltr'><strong>καὶ</strong></span> <span class='ocrx_word' id='word_1_95' title='bbox 1802 1524 1912 1579; x_wconf 90' lang='grc' dir='ltr'><strong>τῶν</strong></span> 
     </span>
    </p>
   </div>
   <div class='ocr_carea' id='block_1_14' title="bbox 325 1605 1909 1687">
    <p class='ocr_par' dir='ltr' id='par_1_14' title="bbox 325 1605 1909 1687">
     <span class='ocr_line' id='line_1_14' title="bbox 325 1605 1909 1687; baseline 0.008 -29"><span class='ocrx_word' id='word_1_96' title='bbox 325 1605 504 1660; x_wconf 76' lang='grc' dir='ltr'>ἄλλων</span> <span class='ocrx_word' id='word_1_97' title='bbox 539 1608 744 1674; x_wconf 85' lang='grc' dir='ltr'>ἐθνῶν,</span> <span class='ocrx_word' id='word_1_98' title='bbox 787 1609 877 1663; x_wconf 80' lang='grc' dir='ltr'><strong>τὸν</strong></span> <span class='ocrx_word' id='word_1_99' title='bbox 913 1611 1014 1680; x_wconf 82' lang='grc' dir='ltr'>τῆς</span> <span class='ocrx_word' id='word_1_100' title='bbox 1061 1611 1338 1682; x_wconf 80' lang='grc' dir='ltr'>βασιλείας</span> <span class='ocrx_word' id='word_1_101' title='bbox 1384 1615 1650 1668; x_wconf 84' lang='grc' dir='ltr'>διετέλεσε</span> <span class='ocrx_word' id='word_1_102' title='bbox 1681 1617 1909 1687; x_wconf 84' lang='grc' dir='ltr'>χρόνον,</span> 
     </span>
    </p>
   </div>
   <div class='ocr_carea' id='block_1_15' title="bbox 325 1699 1915 1776">
    <p class='ocr_par' dir='ltr' id='par_1_15' title="bbox 325 1699 1915 1776">
     <span class='ocr_line' id='line_1_15' title="bbox 325 1699 1915 1776; baseline 0.009 -25"><span class='ocrx_word' id='word_1_103' title='bbox 325 1699 432 1753; x_wconf 71' lang='grc' dir='ltr'>ὑπὸ</span> <span class='ocrx_word' id='word_1_104' title='bbox 462 1699 559 1763; x_wconf 80' lang='grc' dir='ltr'>τὰς</span> <span class='ocrx_word' id='word_1_105' title='bbox 584 1702 778 1756; x_wconf 75' lang='grc' dir='ltr'>ἑαυτὸν</span> <span class='ocrx_word' id='word_1_106' title='bbox 809 1703 1030 1768; x_wconf 85' lang='grc' dir='ltr'>ἐκαίνας</span> <span class='ocrx_word' id='word_1_107' title='bbox 1060 1703 1172 1775; x_wconf 82' lang='lat'><strong>(88)</strong></span> <span class='ocrx_word' id='word_1_108' title='bbox 1200 1705 1294 1759; x_wconf 80' lang='grc' dir='ltr'>τοῦ</span> <span class='ocrx_word' id='word_1_109' title='bbox 1319 1706 1450 1760; x_wconf 80' lang='grc' dir='ltr'>λαοῦ</span> <span class='ocrx_word' id='word_1_110' title='bbox 1482 1708 1780 1776; x_wconf 78' lang='grc' dir='ltr'>διάγοντος.</span> <span class='ocrx_word' id='word_1_111' title='bbox 1823 1712 1915 1765; x_wconf 89' lang='grc' dir='ltr'>Ἐν</span> 
     </span>
    </p>
   </div>
   <div class='ocr_carea' id='block_1_16' title="bbox 325 1793 1908 1875">
    <p class='ocr_par' dir='ltr' id='par_1_16' title="bbox 325 1793 1908 1875">
     <span class='ocr_line' id='line_1_16' title="bbox 325 1793 1908 1875; baseline 0.028 -36"><span class='ocrx_word' id='word_1_112' title='bbox 325 1793 609 1863; x_wconf 75' lang='grc' dir='ltr'>εὖφορίαις</span> <span class='ocrx_word' id='word_1_113' title='bbox 660 1795 979 1867; x_wconf 75' lang='grc' dir='ltr'>ἀνειμένος,</span> <span class='ocrx_word' id='word_1_114' title='bbox 1017 1797 1111 1850; x_wconf 75' lang='grc' dir='ltr'><strong>τὸν</strong></span> <span class='ocrx_word' id='word_1_115' title='bbox 1163 1798 1292 1853; x_wconf 82' lang='grc' dir='ltr'>ναὸν</span> <span class='ocrx_word' id='word_1_116' title='bbox 1349 1799 1698 1873; x_wconf 72' lang='grc' dir='ltr'>ᾠκοδόμησεν</span> <span class='ocrx_word' id='word_1_117' title='bbox 1741 1805 1801 1859; x_wconf 69' lang='grc' dir='ltr'>έν</span> <span class='ocrx_word' id='word_1_118' title='bbox 1845 1807 1908 1875; x_wconf 75' lang='grc' dir='ltr'><strong>τῇ</strong></span> 
     </span>
    </p>
   </div>
   <div class='ocr_carea' id='block_1_17' title="bbox 2022 602 3600 680">
    <p class='ocr_par' dir='ltr' id='par_1_17' title="bbox 2022 602 3600 680">
     <span class='ocr_line' id='line_1_17' title="bbox 2022 602 3600 680; baseline 0.007 -27"><span class='ocrx_word' id='word_1_119' title='bbox 2022 602 2226 672; x_wconf 84' lang='lat' dir='ltr'><strong>aliquid</strong></span> <span class='ocrx_word' id='word_1_120' title='bbox 2261 619 2300 658; x_wconf 84' lang='lat' dir='ltr'><strong>a</strong></span> <span class='ocrx_word' id='word_1_121' title='bbox 2353 605 2483 670; x_wconf 90' lang='lat' dir='ltr'><strong>Deo,</strong></span> <span class='ocrx_word' id='word_1_122' title='bbox 2529 606 2824 674; x_wconf 80' lang='lat' dir='ltr'><strong>postulavit</strong></span> <span class='ocrx_word' id='word_1_123' title='bbox 2874 607 3233 676; x_wconf 76' lang='lat' dir='ltr'><strong>sapientiam,</strong></span> <span class='ocrx_word' id='word_1_124' title='bbox 3267 624 3372 679; x_wconf 90' lang='lat' dir='ltr'><strong>qua</strong></span> <span class='ocrx_word' id='word_1_125' title='bbox 3415 621 3600 680; x_wconf 91' lang='lat' dir='ltr'><strong>posset</strong></span> 
     </span>
    </p>
   </div>
   <div class='ocr_carea' id='block_1_18' title="bbox 2016 695 3602 772">
    <p class='ocr_par' dir='ltr' id='par_1_18' title="bbox 2016 695 3602 772">
     <span class='ocr_line' id='line_1_18' title="bbox 2016 695 3602 772; baseline 0.006 -23"><span class='ocrx_word' id='word_1_126' title='bbox 2016 695 2194 764; x_wconf 83' lang='lat' dir='ltr'><strong>justas</strong></span> <span class='ocrx_word' id='word_1_127' title='bbox 2235 698 2415 766; x_wconf 86' lang='lat' dir='ltr'><strong>populi</strong></span> <span class='ocrx_word' id='word_1_128' title='bbox 2472 701 2828 767; x_wconf 71' lang='lat' dir='ltr'><strong>pronuntiare</strong></span> <span class='ocrx_word' id='word_1_129' title='bbox 2885 701 3218 769; x_wconf 84' lang='lat' dir='ltr'><strong>sententias;</strong></span> <span class='ocrx_word' id='word_1_130' title='bbox 3273 718 3336 758; x_wconf 92' lang='lat' dir='ltr'><strong>ac</strong></span> <span class='ocrx_word' id='word_1_131' title='bbox 3382 715 3602 772; x_wconf 85' lang='lat' dir='ltr'><strong>prepter</strong></span> 
     </span>
    </p>
   </div>
   <div class='ocr_carea' id='block_1_19' title="bbox 2021 787 3601 864">
    <p class='ocr_par' dir='ltr' id='par_1_19' title="bbox 2021 787 3601 864">
     <span class='ocr_line' id='line_1_19' title="bbox 2021 787 3601 864; baseline 0.003 -21"><span class='ocrx_word' id='word_1_132' title='bbox 2021 787 2337 858; x_wconf 85' lang='lat' dir='ltr'><strong>hujusmodi</strong></span> <span class='ocrx_word' id='word_1_133' title='bbox 2383 791 2802 858; x_wconf 76' lang='lat' dir='ltr'><strong>postulationem</strong></span> <span class='ocrx_word' id='word_1_134' title='bbox 2835 808 2961 847; x_wconf 88' lang='lat' dir='ltr'><strong>cum</strong></span> <span class='ocrx_word' id='word_1_135' title='bbox 3008 794 3341 863; x_wconf 87' lang='lat' dir='ltr'><strong>placuisset,</strong></span> <span class='ocrx_word' id='word_1_136' title='bbox 3380 796 3601 864; x_wconf 83' lang='lat' dir='ltr'><strong>sapien-</strong></span> 
     </span>
    </p>
   </div>
   <div class='ocr_carea' id='block_1_20' title="bbox 2022 882 3597 958">
    <p class='ocr_par' dir='ltr' id='par_1_20' title="bbox 2022 882 3597 958">
     <span class='ocr_line' id='line_1_20' title="bbox 2022 882 3597 958; baseline 0.002 -22"><span class='ocrx_word' id='word_1_137' title='bbox 2022 882 2150 936; x_wconf 79' lang='lat' dir='ltr'><strong>tiam</strong></span> <span class='ocrx_word' id='word_1_138' title='bbox 2180 897 2396 952; x_wconf 91' lang='lat' dir='ltr'><strong>quoque</strong></span> <span class='ocrx_word' id='word_1_139' title='bbox 2426 883 2683 947; x_wconf 89' lang='lat' dir='ltr'><strong>obtinuit.</strong></span> <span class='ocrx_word' id='word_1_140' title='bbox 2715 894 2768 940; x_wconf 90' lang='lat' dir='ltr'><strong>et</strong></span> <span class='ocrx_word' id='word_1_141' title='bbox 2795 902 2916 954; x_wconf 73' lang='lat' dir='ltr'><strong>quae</strong></span> <span class='ocrx_word' id='word_1_142' title='bbox 2941 884 3165 956; x_wconf 85' lang='lat' dir='ltr'><strong>insuper</strong></span> <span class='ocrx_word' id='word_1_143' title='bbox 3201 903 3307 942; x_wconf 90' lang='lat' dir='ltr'><strong>non</strong></span> <span class='ocrx_word' id='word_1_144' title='bbox 3350 889 3597 958; x_wconf 86' lang='lat' dir='ltr'><strong>petierat,</strong></span> 
     </span>
    </p>
   </div>
   <div class='ocr_carea' id='block_1_21' title="bbox 2020 974 3218 1047">
    <p class='ocr_par' dir='ltr' id='par_1_21' title="bbox 2020 974 3218 1047">
     <span class='ocr_line' id='line_1_21' title="bbox 2020 974 3218 1047; baseline 0.002 -17"><span class='ocrx_word' id='word_1_145' title='bbox 2020 974 2260 1039; x_wconf 82' lang='lat' dir='ltr'><strong>divitias,</strong></span> <span class='ocrx_word' id='word_1_146' title='bbox 2293 977 2611 1044; x_wconf 87' lang='lat' dir='ltr'><strong>potentiam,</strong></span> <span class='ocrx_word' id='word_1_147' title='bbox 2639 986 2692 1032; x_wconf 87' lang='lat' dir='ltr'><strong>et</strong></span> <span class='ocrx_word' id='word_1_148' title='bbox 2718 978 2996 1047; x_wconf 81' lang='lat' dir='ltr'><strong>pacilieam</strong></span> <span class='ocrx_word' id='word_1_149' title='bbox 3029 979 3218 1034; x_wconf 88' lang='lat' dir='ltr'><strong>vitam.</strong></span> 
     </span>
    </p>
   </div>
   <div class='ocr_carea' id='block_1_22' title="bbox 2089 1066 3599 1126">
    <p class='ocr_par' dir='ltr' id='par_1_22' title="bbox 2089 1066 3599 1126">
     <span class='ocr_line' id='line_1_22' title="bbox 2089 1066 3599 1126; baseline 0.004 -8"><span class='ocrx_word' id='word_1_150' title='bbox 2089 1066 2371 1122; x_wconf 77' lang='lat' dir='ltr'><strong>vimcilem</strong></span> <span class='ocrx_word' id='word_1_151' title='bbox 2427 1069 2587 1123; x_wconf 84' lang='lat' dir='ltr'><strong>solvit</strong></span> <span class='ocrx_word' id='word_1_152' title='bbox 2629 1069 2858 1124; x_wconf 90' lang='lat' dir='ltr'><strong>duarum</strong></span> <span class='ocrx_word' id='word_1_153' title='bbox 2908 1069 3196 1125; x_wconf 85' lang='lat' dir='ltr'><strong>mulierum</strong></span> <span class='ocrx_word' id='word_1_154' title='bbox 3242 1070 3307 1125; x_wconf 90' lang='lat' dir='ltr'><strong>ad</strong></span> <span class='ocrx_word' id='word_1_155' title='bbox 3339 1085 3397 1126; x_wconf 90' lang='lat' dir='ltr'><strong>se</strong></span> <span class='ocrx_word' id='word_1_156' title='bbox 3447 1085 3599 1126; x_wconf 87' lang='lat' dir='ltr'><strong>acce-</strong></span> 
     </span>
    </p>
   </div>
   <div class='ocr_carea' id='block_1_23' title="bbox 2021 1158 3602 1232">
    <p class='ocr_par' dir='ltr' id='par_1_23' title="bbox 2021 1158 3602 1232">
     <span class='ocr_line' id='line_1_23' title="bbox 2021 1158 3602 1232; baseline 0.003 -19"><span class='ocrx_word' id='word_1_157' title='bbox 2021 1158 2264 1215; x_wconf 88' lang='lat' dir='ltr'><strong>dentium</strong></span> <span class='ocrx_word' id='word_1_158' title='bbox 2313 1161 2480 1227; x_wconf 87' lang='lat' dir='ltr'><strong>litem,</strong></span> <span class='ocrx_word' id='word_1_159' title='bbox 2514 1178 2635 1232; x_wconf 65' lang='lat' dir='ltr'><strong>qnaa</strong></span> <span class='ocrx_word' id='word_1_160' title='bbox 2672 1162 3011 1217; x_wconf 83' lang='lat' dir='ltr'><strong>dissidebant</strong></span> <span class='ocrx_word' id='word_1_161' title='bbox 3042 1163 3109 1218; x_wconf 92' lang='lat' dir='ltr'><strong>de</strong></span> <span class='ocrx_word' id='word_1_162' title='bbox 3136 1164 3259 1218; x_wconf 84' lang='lat' dir='ltr'><strong>vivo</strong></span> <span class='ocrx_word' id='word_1_163' title='bbox 3289 1174 3342 1218; x_wconf 90' lang='lat' dir='ltr'><strong>et</strong></span> <span class='ocrx_word' id='word_1_164' title='bbox 3382 1173 3602 1219; x_wconf 86' lang='lat' dir='ltr'><strong>mortuo</strong></span> 
     </span>
    </p>
   </div>
   <div class='ocr_carea' id='block_1_24' title="bbox 2021 1251 3600 1323">
    <p class='ocr_par' dir='ltr' id='par_1_24' title="bbox 2021 1251 3600 1323">
     <span class='ocr_line' id='line_1_24' title="bbox 2021 1251 3600 1323; baseline 0.001 -17"><span class='ocrx_word' id='word_1_165' title='bbox 2021 1251 2240 1320; x_wconf 84' lang='lat' dir='ltr'><strong>pucllo:</strong></span> <span class='ocrx_word' id='word_1_166' title='bbox 2279 1252 2541 1321; x_wconf 83' lang='lat' dir='ltr'><strong>sapientia</strong></span> <span class='ocrx_word' id='word_1_167' title='bbox 2582 1253 3262 1323; x_wconf 44' lang='lat' dir='ltr'><strong>namquega-pprebendens</strong></span> <span class='ocrx_word' id='word_1_168' title='bbox 3301 1255 3600 1322; x_wconf 85' lang='lat' dir='ltr'><strong>intellexit,</strong></span> 
     </span>
    </p>
   </div>
   <div class='ocr_carea' id='block_1_25' title="bbox 2020 1345 3603 1418">
    <p class='ocr_par' dir='ltr' id='par_1_25' title="bbox 2020 1345 3603 1418">
     <span class='ocr_line' id='line_1_25' title="bbox 2020 1345 3603 1418; baseline 0.003 -19"><span class='ocrx_word' id='word_1_169' title='bbox 2020 1354 2074 1399; x_wconf 88' lang='lat' dir='ltr'><strong>et.</strong></span> <span class='ocrx_word' id='word_1_170' title='bbox 2104 1345 2260 1399; x_wconf 82' lang='lat' dir='ltr'><strong>vivus</strong></span> <span class='ocrx_word' id='word_1_171' title='bbox 2313 1345 2601 1413; x_wconf 78' lang='lat' dir='ltr'><strong>cujusnam</strong></span> <span class='ocrx_word' id='word_1_172' title='bbox 2658 1348 2903 1402; x_wconf 89' lang='lat' dir='ltr'><strong>mulieris</strong></span> <span class='ocrx_word' id='word_1_173' title='bbox 2943 1356 3117 1414; x_wconf 85' lang='lat' dir='ltr'><strong>esset,</strong></span> <span class='ocrx_word' id='word_1_174' title='bbox 3163 1347 3358 1402; x_wconf 83' lang='lat' dir='ltr'><strong>aﬂ&#39;eetu</strong></span> <span class='ocrx_word' id='word_1_175' title='bbox 3405 1365 3603 1418; x_wconf 88' lang='lat' dir='ltr'><strong>nempe</strong></span> 
     </span>
    </p>
   </div>
   <div class='ocr_carea' id='block_1_26' title="bbox 2019 1437 3604 1509">
    <p class='ocr_par' dir='ltr' id='par_1_26' title="bbox 2019 1437 3604 1509">
     <span class='ocr_line' id='line_1_26' title="bbox 2019 1437 3604 1509; baseline 0.002 -19"><span class='ocrx_word' id='word_1_176' title='bbox 2019 1451 2146 1507; x_wconf 79' lang='lat' dir='ltr'><strong>erga</strong></span> <span class='ocrx_word' id='word_1_177' title='bbox 2171 1437 2407 1506; x_wconf 87' lang='lat' dir='ltr'><strong>pttellum</strong></span> <span class='ocrx_word' id='word_1_178' title='bbox 2437 1455 2450 1504; x_wconf 93' lang='lat'><strong>;</strong></span> <span class='ocrx_word' id='word_1_179' title='bbox 2492 1448 2545 1492; x_wconf 90' lang='lat' dir='ltr'><strong>et</strong></span> <span class='ocrx_word' id='word_1_180' title='bbox 2573 1439 2718 1508; x_wconf 92' lang='lat' dir='ltr'><strong>quod</strong></span> <span class='ocrx_word' id='word_1_181' title='bbox 2745 1451 2994 1495; x_wconf 87' lang='lat' dir='ltr'><strong>mortuus</strong></span> <span class='ocrx_word' id='word_1_182' title='bbox 3020 1440 3246 1496; x_wconf 88' lang='lat' dir='ltr'><strong>alterius</strong></span> <span class='ocrx_word' id='word_1_183' title='bbox 3273 1451 3438 1507; x_wconf 87' lang='lat' dir='ltr'><strong>esset,</strong></span> <span class='ocrx_word' id='word_1_184' title='bbox 3484 1457 3604 1509; x_wconf 84' lang='lat' dir='ltr'><strong>pro-</strong></span> 
     </span>
    </p>
   </div>
   <div class='ocr_carea' id='block_1_27' title="bbox 2021 1527 3599 1599">
    <p class='ocr_par' dir='ltr' id='par_1_27' title="bbox 2021 1527 3599 1599">
     <span class='ocr_line' id='line_1_27' title="bbox 2021 1527 3599 1599; baseline 0.003 -19"><span class='ocrx_word' id='word_1_185' title='bbox 2021 1537 2208 1597; x_wconf 91' lang='lat' dir='ltr'><strong>pterea</strong></span> <span class='ocrx_word' id='word_1_186' title='bbox 2233 1527 2377 1596; x_wconf 85' lang='lat' dir='ltr'><strong>quod</strong></span> <span class='ocrx_word' id='word_1_187' title='bbox 2407 1542 2473 1583; x_wconf 87' lang='lat' dir='ltr'><strong>ne</strong></span> <span class='ocrx_word' id='word_1_188' title='bbox 2498 1528 2621 1581; x_wconf 87' lang='lat' dir='ltr'><strong>vivo</strong></span> <span class='ocrx_word' id='word_1_189' title='bbox 2643 1529 2861 1598; x_wconf 86' lang='lat' dir='ltr'><strong>quidem</strong></span> <span class='ocrx_word' id='word_1_190' title='bbox 2887 1529 3214 1599; x_wconf 88' lang='lat' dir='ltr'><strong>parcendum</strong></span> <span class='ocrx_word' id='word_1_191' title='bbox 3245 1531 3332 1584; x_wconf 89' lang='lat' dir='ltr'><strong>illa</strong></span> <span class='ocrx_word' id='word_1_192' title='bbox 3366 1531 3599 1584; x_wconf 82' lang='lat' dir='ltr'><strong>volebat.</strong></span> 
     </span>
    </p>
   </div>
   <div class='ocr_carea' id='block_1_28' title="bbox 2021 1620 3602 1692">
    <p class='ocr_par' dir='ltr' id='par_1_28' title="bbox 2021 1620 3602 1692">
     <span class='ocr_line' id='line_1_28' title="bbox 2021 1620 3602 1692; baseline 0.002 -18"><span class='ocrx_word' id='word_1_193' title='bbox 2021 1621 2398 1691; x_wconf 87' lang='lat' dir='ltr'><strong>Tranquillum</strong></span> <span class='ocrx_word' id='word_1_194' title='bbox 2453 1636 2518 1676; x_wconf 87' lang='lat' dir='ltr'><strong>ac</strong></span> <span class='ocrx_word' id='word_1_195' title='bbox 2584 1620 2868 1690; x_wconf 81' lang='lat' dir='ltr'><strong>paciﬁcum</strong></span> <span class='ocrx_word' id='word_1_196' title='bbox 2938 1623 3007 1678; x_wconf 92' lang='lat' dir='ltr'><strong>ab</strong></span> <span class='ocrx_word' id='word_1_197' title='bbox 3083 1622 3602 1692; x_wconf 74' lang='lat' dir='ltr'><strong>circumiacentibus</strong></span> 
     </span>
    </p>
   </div>
   <div class='ocr_carea' id='block_1_29' title="bbox 2021 1713 3603 1784">
    <p class='ocr_par' dir='ltr' id='par_1_29' title="bbox 2021 1713 3603 1784">
     <span class='ocr_line' id='line_1_29' title="bbox 2021 1713 3603 1784; baseline -0.003 -15"><span class='ocrx_word' id='word_1_198' title='bbox 2021 1713 2251 1783; x_wconf 88' lang='lat' dir='ltr'><strong>aliisque</strong></span> <span class='ocrx_word' id='word_1_199' title='bbox 2290 1713 2505 1784; x_wconf 87' lang='lat' dir='ltr'><strong>populis</strong></span> <span class='ocrx_word' id='word_1_200' title='bbox 2552 1714 2703 1783; x_wconf 81' lang='lat' dir='ltr'><strong>regni</strong></span> <span class='ocrx_word' id='word_1_201' title='bbox 2762 1714 2847 1768; x_wconf 90' lang='lat' dir='ltr'><strong>sui</strong></span> <span class='ocrx_word' id='word_1_202' title='bbox 2902 1724 3114 1784; x_wconf 90' lang='lat' dir='ltr'><strong>tempus</strong></span> <span class='ocrx_word' id='word_1_203' title='bbox 3163 1715 3448 1783; x_wconf 78' lang='lat' dir='ltr'><strong>transegit,</strong></span> <span class='ocrx_word' id='word_1_204' title='bbox 3498 1713 3603 1768; x_wconf 86' lang='lat' dir='ltr'><strong>sub</strong></span> 
     </span>
    </p>
   </div>
   <div class='ocr_carea' id='block_1_30' title="bbox 2022 1807 3600 1878">
    <p class='ocr_par' dir='ltr' id='par_1_30' title="bbox 2022 1807 3600 1878">
     <span class='ocr_line' id='line_1_30' title="bbox 2022 1807 3600 1878; baseline -0.001 -18"><span class='ocrx_word' id='word_1_205' title='bbox 2022 1808 2128 1861; x_wconf 78' lang='lat' dir='ltr'><strong>vite</strong></span> <span class='ocrx_word' id='word_1_206' title='bbox 2175 1817 2228 1861; x_wconf 91' lang='lat' dir='ltr'><strong>et</strong></span> <span class='ocrx_word' id='word_1_207' title='bbox 2277 1807 2379 1862; x_wconf 83' lang='lat' dir='ltr'><strong>ﬁcu</strong></span> <span class='ocrx_word' id='word_1_208' title='bbox 2444 1822 2543 1862; x_wconf 90' lang='lat' dir='ltr'><strong>sua</strong></span> <span class='ocrx_word' id='word_1_209' title='bbox 2593 1817 2785 1878; x_wconf 85' lang='lat' dir='ltr'><strong>agente</strong></span> <span class='ocrx_word' id='word_1_210' title='bbox 2839 1807 3062 1877; x_wconf 91' lang='lat' dir='ltr'><strong>populo.</strong></span> <span class='ocrx_word' id='word_1_211' title='bbox 3112 1807 3365 1860; x_wconf 89' lang='lat' dir='ltr'><strong>Omnium</strong></span> <span class='ocrx_word' id='word_1_212' title='bbox 3416 1820 3600 1860; x_wconf 87' lang='lat' dir='ltr'><strong>rerum</strong></span> 
     </span>
    </p>
   </div>
   <div class='ocr_carea' id='block_1_31' title="bbox 342 1881 1909 1970">
    <p class='ocr_par' dir='ltr' id='par_1_31' title="bbox 342 1883 1909 1966">
     <span class='ocr_line' id='line_1_31' title="bbox 342 1883 1909 1966; baseline 0.01 -30"><span class='ocrx_word' id='word_1_213' title='bbox 342 1883 720 1956; x_wconf 80' lang='grc' dir='ltr'>Ἰερουσαλὴμ,</span> <span class='ocrx_word' id='word_1_214' title='bbox 753 1888 895 1941; x_wconf 79' lang='grc' dir='ltr'>κατὰ</span> <span class='ocrx_word' id='word_1_215' title='bbox 921 1887 1020 1952; x_wconf 79' lang='grc' dir='ltr'>τὰς</span> <span class='ocrx_word' id='word_1_216' title='bbox 1047 1887 1140 1943; x_wconf 79' lang='grc' dir='ltr'>τοῦ</span> <span class='ocrx_word' id='word_1_217' title='bbox 1172 1892 1380 1963; x_wconf 74' lang='grc' dir='ltr'>πατρὸς</span> <span class='ocrx_word' id='word_1_218' title='bbox 1412 1893 1716 1966; x_wconf 78' lang='grc' dir='ltr'>ὑποθήκας,</span> <span class='ocrx_word' id='word_1_219' title='bbox 1758 1897 1815 1950; x_wconf 87' lang='grc' dir='ltr'><strong>ἐν</strong></span> <span class='ocrx_word' id='word_1_220' title='bbox 1851 1898 1909 1965; x_wconf 76' lang='grc' dir='ltr'>ἓξ</span> 
     </span>
    </p>
   </div>
   <div class='ocr_carea' id='block_1_32' title="bbox 2016 1881 3599 1970">
    <p class='ocr_par' dir='ltr' id='par_1_32' title="bbox 2016 1895 3599 1970">
     <span class='ocr_line' id='line_1_32' title="bbox 2016 1895 3599 1970; baseline -0.005 -15"><span class='ocrx_word' id='word_1_221' title='bbox 2016 1900 2170 1970; x_wconf 81' lang='lat' dir='ltr'><strong>Copia</strong></span> <span class='ocrx_word' id='word_1_222' title='bbox 2202 1908 2482 1954; x_wconf 88' lang='lat' dir='ltr'><strong>recreatus</strong></span> <span class='ocrx_word' id='word_1_223' title='bbox 2503 1939 2516 1961; x_wconf 87' lang='lat'><strong>,</strong></span> <span class='ocrx_word' id='word_1_224' title='bbox 2557 1899 2817 1969; x_wconf 89' lang='lat' dir='ltr'><strong>templum</strong></span> <span class='ocrx_word' id='word_1_225' title='bbox 2851 1896 3242 1970; x_wconf 81' lang='lat' dir='ltr'><strong>Hierosolymis</strong></span> <span class='ocrx_word' id='word_1_226' title='bbox 3275 1895 3562 1951; x_wconf 71' lang='lat' dir='ltr'><strong>aediﬁcavit</strong></span> <span class='ocrx_word' id='word_1_227' title='bbox 3583 1936 3599 1962; x_wconf 94' lang='lat'><strong>,</strong></span> 
     </span>
    </p>
   </div>
   <div class='ocr_carea' id='block_1_33' title="bbox 327 1977 1907 2059">
    <p class='ocr_par' dir='ltr' id='par_1_33' title="bbox 327 1977 1907 2059">
     <span class='ocr_line' id='line_1_33' title="bbox 327 1977 1907 2059; baseline 0.009 -31"><span class='ocrx_word' id='word_1_228' title='bbox 327 1978 423 2030; x_wconf 73' lang='grc' dir='ltr'><strong>καὶ</strong></span> <span class='ocrx_word' id='word_1_229' title='bbox 449 1977 655 2030; x_wconf 81' lang='grc' dir='ltr'>εἴκοσιν</span> <span class='ocrx_word' id='word_1_230' title='bbox 688 1979 798 2051; x_wconf 85' lang='grc'><strong>(89)</strong></span> <span class='ocrx_word' id='word_1_231' title='bbox 838 1982 1106 2047; x_wconf 80' lang='grc' dir='ltr'>ἐνιαυτοῖς</span> <span class='ocrx_word' id='word_1_232' title='bbox 1139 1983 1302 2037; x_wconf 84' lang='grc' dir='ltr'>αὐτὸν</span> <span class='ocrx_word' id='word_1_233' title='bbox 1333 1983 1646 2052; x_wconf 81' lang='grc' dir='ltr'>ἐκτελέσας,</span> <span class='ocrx_word' id='word_1_234' title='bbox 1679 1987 1775 2040; x_wconf 72' lang='grc' dir='ltr'>καὶ</span> <span class='ocrx_word' id='word_1_235' title='bbox 1806 1988 1907 2059; x_wconf 86' lang='grc' dir='ltr'>τὴν</span> 
     </span>
    </p>
   </div>
   <div class='ocr_carea' id='block_1_34' title="bbox 329 2067 1910 2146">
    <p class='ocr_par' dir='ltr' id='par_1_34' title="bbox 329 2067 1910 2146">
     <span class='ocr_line' id='line_1_34' title="bbox 329 2067 1910 2146; baseline 0.009 -27"><span class='ocrx_word' id='word_1_236' title='bbox 329 2067 482 2138; x_wconf 82' lang='grc' dir='ltr'>ίερὰν</span> <span class='ocrx_word' id='word_1_237' title='bbox 519 2069 789 2136; x_wconf 81' lang='grc' dir='ltr'>κιϐωτὸν,</span> <span class='ocrx_word' id='word_1_238' title='bbox 824 2072 889 2143; x_wconf 80' lang='grc' dir='ltr'>ἣν</span> <span class='ocrx_word' id='word_1_239' title='bbox 932 2074 1175 2146; x_wconf 83' lang='grc' dir='ltr'>Μωῦσῆς</span> <span class='ocrx_word' id='word_1_240' title='bbox 1207 2076 1646 2141; x_wconf 80' lang='grc' dir='ltr'>κατεσκεύασεν,</span> <span class='ocrx_word' id='word_1_241' title='bbox 1687 2079 1910 2145; x_wconf 71' lang='grc' dir='ltr'>ἀναθεὶς</span> 
     </span>
    </p>
   </div>
   <div class='ocr_carea' id='block_1_35' title="bbox 325 2160 1908 2244">
    <p class='ocr_par' dir='ltr' id='par_1_35' title="bbox 325 2160 1908 2244">
     <span class='ocr_line' id='line_1_35' title="bbox 325 2160 1908 2244; baseline 0.009 -31"><span class='ocrx_word' id='word_1_242' title='bbox 325 2160 475 2214; x_wconf 80' lang='grc' dir='ltr'>εἴσω.</span> <span class='ocrx_word' id='word_1_243' title='bbox 507 2161 657 2215; x_wconf 83' lang='grc' dir='ltr'>Βοῶν</span> <span class='ocrx_word' id='word_1_244' title='bbox 680 2163 737 2217; x_wconf 83' lang='grc' dir='ltr'>δὲ</span> <span class='ocrx_word' id='word_1_245' title='bbox 760 2164 933 2218; x_wconf 82' lang='grc' dir='ltr'>εἴκοσι</span> <span class='ocrx_word' id='word_1_246' title='bbox 957 2168 1051 2219; x_wconf 81' lang='grc' dir='ltr'><strong>καὶ</strong></span> <span class='ocrx_word' id='word_1_247' title='bbox 1069 2168 1163 2221; x_wconf 85' lang='grc' dir='ltr'><strong>δύο</strong></span> <span class='ocrx_word' id='word_1_248' title='bbox 1197 2169 1442 2241; x_wconf 86' lang='grc' dir='ltr'>χιλιάδας</span> <span class='ocrx_word' id='word_1_249' title='bbox 1467 2171 1554 2225; x_wconf 70' lang='grc' dir='ltr'><strong>διὰ</strong></span> <span class='ocrx_word' id='word_1_250' title='bbox 1585 2173 1693 2226; x_wconf 90' lang='grc' dir='ltr'><strong>τῶν</strong></span> <span class='ocrx_word' id='word_1_251' title='bbox 1717 2174 1908 2244; x_wconf 76' lang='grc' dir='ltr'>ἱερέων</span> 
     </span>
    </p>
   </div>
   <div class='ocr_carea' id='block_1_36' title="bbox 325 2254 1909 2333">
    <p class='ocr_par' dir='ltr' id='par_1_36' title="bbox 325 2254 1909 2333">
     <span class='ocr_line' id='line_1_36' title="bbox 325 2254 1909 2333; baseline 0.009 -26"><span class='ocrx_word' id='word_1_252' title='bbox 325 2254 673 2322; x_wconf 82' lang='grc' dir='ltr'>καταθύσας,</span> <span class='ocrx_word' id='word_1_253' title='bbox 706 2259 800 2311; x_wconf 71' lang='grc' dir='ltr'><strong>καὶ</strong></span> <span class='ocrx_word' id='word_1_254' title='bbox 836 2259 928 2312; x_wconf 78' lang='grc' dir='ltr'>τὸν</span> <span class='ocrx_word' id='word_1_255' title='bbox 960 2260 1089 2314; x_wconf 83' lang='grc' dir='ltr'>λαὸν</span> <span class='ocrx_word' id='word_1_256' title='bbox 1117 2263 1225 2316; x_wconf 88' lang='grc' dir='ltr'><strong>τῶν</strong></span> <span class='ocrx_word' id='word_1_257' title='bbox 1263 2263 1469 2317; x_wconf 84' lang='grc' dir='ltr'>δώδεκα</span> <span class='ocrx_word' id='word_1_258' title='bbox 1499 2266 1681 2333; x_wconf 85' lang='grc' dir='ltr'>φυλῶν</span> <span class='ocrx_word' id='word_1_259' title='bbox 1711 2268 1790 2331; x_wconf 86' lang='grc' dir='ltr'><strong>είς</strong></span> <span class='ocrx_word' id='word_1_260' title='bbox 1817 2269 1909 2322; x_wconf 85' lang='grc' dir='ltr'><strong>τὸν</strong></span> 
     </span>
    </p>
   </div>
   <div class='ocr_carea' id='block_1_37' title="bbox 322 2348 1905 2429">
    <p class='ocr_par' dir='ltr' id='par_1_37' title="bbox 322 2348 1905 2429">
     <span class='ocr_line' id='line_1_37' title="bbox 322 2348 1905 2429; baseline 0.011 -30"><span class='ocrx_word' id='word_1_261' title='bbox 322 2348 687 2420; x_wconf 74' lang='grc' dir='ltr'>ἐγκαινισμον</span> <span class='ocrx_word' id='word_1_262' title='bbox 714 2352 1078 2420; x_wconf 80' lang='grc' dir='ltr'>συγκαλέσας,</span> <span class='ocrx_word' id='word_1_263' title='bbox 1105 2355 1192 2425; x_wconf 82' lang='grc' dir='ltr'><strong>ἐφ’</strong></span> <span class='ocrx_word' id='word_1_264' title='bbox 1218 2356 1428 2429; x_wconf 78' lang='grc' dir='ltr'>ήμέρας</span> <span class='ocrx_word' id='word_1_265' title='bbox 1453 2357 1509 2411; x_wconf 84' lang='grc' dir='ltr'>δὲ</span> <span class='ocrx_word' id='word_1_266' title='bbox 1542 2359 1684 2413; x_wconf 76' lang='grc' dir='ltr'>ἑπτὰ</span> <span class='ocrx_word' id='word_1_267' title='bbox 1714 2360 1905 2424; x_wconf 84' lang='grc' dir='ltr'>θύσας.</span> 
     </span>
    </p>
   </div>
   <div class='ocr_carea' id='block_1_38' title="bbox 320 2441 1907 2523">
    <p class='ocr_par' dir='ltr' id='par_1_38' title="bbox 320 2441 1907 2523">
     <span class='ocr_line' id='line_1_38' title="bbox 320 2441 1907 2523; baseline 0.008 -29"><span class='ocrx_word' id='word_1_268' title='bbox 320 2441 594 2496; x_wconf 78' lang='grc' dir='ltr'>ἀπέλυσεν</span> <span class='ocrx_word' id='word_1_269' title='bbox 671 2444 1039 2515; x_wconf 81' lang='grc' dir='ltr'>ἀγαλλόμενος</span> <span class='ocrx_word' id='word_1_270' title='bbox 1122 2449 1222 2518; x_wconf 79' lang='grc' dir='ltr'><strong>τὴν</strong></span> <span class='ocrx_word' id='word_1_271' title='bbox 1304 2449 1583 2504; x_wconf 83' lang='grc' dir='ltr'>Αίθιόπων</span> <span class='ocrx_word' id='word_1_272' title='bbox 1637 2452 1907 2523; x_wconf 86' lang='grc' dir='ltr'>βασιλίδα,</span> 
     </span>
    </p>
   </div>
   <div class='ocr_carea' id='block_1_39' title="bbox 321 2533 1908 2614">
    <p class='ocr_par' dir='ltr' id='par_1_39' title="bbox 321 2533 1908 2614">
     <span class='ocr_line' id='line_1_39' title="bbox 321 2533 1908 2614; baseline 0.008 -26"><span class='ocrx_word' id='word_1_273' title='bbox 321 2535 496 2606; x_wconf 79' lang='grc' dir='ltr'>(Σαϐὰ</span> <span class='ocrx_word' id='word_1_274' title='bbox 525 2535 582 2589; x_wconf 79' lang='grc' dir='ltr'>δὲ</span> <span class='ocrx_word' id='word_1_275' title='bbox 615 2533 682 2609; x_wconf 81' lang='grc' dir='ltr'>ἦν</span> <span class='ocrx_word' id='word_1_276' title='bbox 717 2539 853 2610; x_wconf 77' lang='grc' dir='ltr'>αὐτῇ</span> <span class='ocrx_word' id='word_1_277' title='bbox 902 2539 1127 2611; x_wconf 77' lang='grc' dir='ltr'>δνομα)’</span> <span class='ocrx_word' id='word_1_278' title='bbox 1157 2542 1255 2607; x_wconf 85' lang='grc' dir='ltr'>τῆς</span> <span class='ocrx_word' id='word_1_279' title='bbox 1306 2541 1470 2596; x_wconf 82' lang='grc' dir='ltr'>αὐτοῦ</span> <span class='ocrx_word' id='word_1_280' title='bbox 1503 2545 1695 2614; x_wconf 72' lang='grc' dir='ltr'>σοφίας</span> <span class='ocrx_word' id='word_1_281' title='bbox 1724 2547 1908 2601; x_wconf 80' lang='grc' dir='ltr'>εἵνεκα</span> 
     </span>
    </p>
   </div>
   <div class='ocr_carea' id='block_1_40' title="bbox 320 2626 1906 2709">
    <p class='ocr_par' dir='ltr' id='par_1_40' title="bbox 320 2626 1906 2709">
     <span class='ocr_line' id='line_1_40' title="bbox 320 2626 1906 2709; baseline 0.008 -31"><span class='ocrx_word' id='word_1_282' title='bbox 320 2626 459 2696; x_wconf 74' lang='grc' dir='ltr'>πρὸς</span> <span class='ocrx_word' id='word_1_283' title='bbox 500 2628 664 2682; x_wconf 69' lang='grc' dir='ltr'>αὐτὸ)</span> <span class='ocrx_word' id='word_1_284' title='bbox 690 2629 1022 2702; x_wconf 85' lang='grc' dir='ltr'>ἀφιγμένης,</span> <span class='ocrx_word' id='word_1_285' title='bbox 1059 2631 1352 2702; x_wconf 79' lang='grc' dir='ltr'>ἐξέπληξεν</span> <span class='ocrx_word' id='word_1_286' title='bbox 1381 2635 1474 2688; x_wconf 75' lang='grc' dir='ltr'><strong>ἐπὶ</strong></span> <span class='ocrx_word' id='word_1_287' title='bbox 1521 2639 1588 2708; x_wconf 85' lang='grc' dir='ltr'>τῇ</span> <span class='ocrx_word' id='word_1_288' title='bbox 1625 2639 1906 2709; x_wconf 84' lang='grc' dir='ltr'>φρονήσει,</span> 
     </span>
    </p>
   </div>
   <div class='ocr_carea' id='block_1_41' title="bbox 322 2717 1909 2800">
    <p class='ocr_par' dir='ltr' id='par_1_41' title="bbox 322 2717 1909 2800">
     <span class='ocr_line' id='line_1_41' title="bbox 322 2717 1909 2800; baseline 0.008 -28"><span class='ocrx_word' id='word_1_289' title='bbox 322 2719 581 2790; x_wconf 74' lang='grc' dir='ltr'>καὶπερὶ</span> <span class='ocrx_word' id='word_1_290' title='bbox 626 2721 843 2775; x_wconf 86' lang='grc' dir='ltr'>πάντων</span> <span class='ocrx_word' id='word_1_291' title='bbox 872 2717 1060 2794; x_wconf 80' lang='grc' dir='ltr'>ὦνπερ</span> <span class='ocrx_word' id='word_1_292' title='bbox 1107 2725 1301 2794; x_wconf 78' lang='grc' dir='ltr'>μαθεῖν</span> <span class='ocrx_word' id='word_1_293' title='bbox 1349 2727 1623 2800; x_wconf 75' lang='grc' dir='ltr'>ἠϐουλήθη</span> <span class='ocrx_word' id='word_1_294' title='bbox 1649 2771 1664 2793; x_wconf 94' lang='grc'><strong>,</strong></span> <span class='ocrx_word' id='word_1_295' title='bbox 1711 2731 1909 2799; x_wconf 84' lang='grc' dir='ltr'>γνῶσιν</span> 
     </span>
    </p>
   </div>
   <div class='ocr_carea' id='block_1_42' title="bbox 322 2814 1910 2892">
    <p class='ocr_par' dir='ltr' id='par_1_42' title="bbox 322 2814 1910 2892">
     <span class='ocr_line' id='line_1_42' title="bbox 322 2814 1910 2892; baseline 0.008 -27"><span class='ocrx_word' id='word_1_296' title='bbox 322 2814 460 2884; x_wconf 75' lang='grc' dir='ltr'>αὐτῇ</span> <span class='ocrx_word' id='word_1_297' title='bbox 516 2815 837 2886; x_wconf 86' lang='grc' dir='ltr'>παρέδωκεν</span> <span class='ocrx_word' id='word_1_298' title='bbox 871 2818 1299 2892; x_wconf 85' lang='grc' dir='ltr'>ἀτρεκεστάτην.</span> <span class='ocrx_word' id='word_1_299' title='bbox 1351 2823 1535 2886; x_wconf 86' lang='grc' dir='ltr'>Πάσας</span> <span class='ocrx_word' id='word_1_300' title='bbox 1579 2822 1676 2886; x_wconf 81' lang='grc' dir='ltr'>τὰς</span> <span class='ocrx_word' id='word_1_301' title='bbox 1711 2823 1910 2890; x_wconf 80' lang='grc' dir='ltr'>ἔξωθεν</span> 
     </span>
    </p>
   </div>
   <div class='ocr_carea' id='block_1_43' title="bbox 323 2908 1909 2989">
    <p class='ocr_par' dir='ltr' id='par_1_43' title="bbox 323 2908 1909 2989">
     <span class='ocr_line' id='line_1_43' title="bbox 323 2908 1909 2989; baseline 0.008 -30"><span class='ocrx_word' id='word_1_302' title='bbox 323 2908 610 2976; x_wconf 78' lang='grc' dir='ltr'>κειμένας,</span> <span class='ocrx_word' id='word_1_303' title='bbox 653 2910 931 2974; x_wconf 78' lang='grc' dir='ltr'>ὑποτελεῖς</span> <span class='ocrx_word' id='word_1_304' title='bbox 962 2915 1026 2984; x_wconf 82' lang='grc' dir='ltr'>τῇ</span> <span class='ocrx_word' id='word_1_305' title='bbox 1058 2912 1252 2967; x_wconf 81' lang='grc' dir='ltr'>ἑαυτοῦ</span> <span class='ocrx_word' id='word_1_306' title='bbox 1287 2915 1448 2987; x_wconf 66' lang='grc' dir='ltr'>σοφίᾳ</span> <span class='ocrx_word' id='word_1_307' title='bbox 1481 2916 1782 2989; x_wconf 82' lang='grc' dir='ltr'>ἐποιήσατο</span> <span class='ocrx_word' id='word_1_308' title='bbox 1812 2917 1909 2988; x_wconf 81' lang='grc' dir='ltr'>βα-</span> 
     </span>
    </p>
   </div>
   <div class='ocr_carea' id='block_1_44' title="bbox 324 3001 1912 3082">
    <p class='ocr_par' dir='ltr' id='par_1_44' title="bbox 324 3001 1912 3082">
     <span class='ocr_line' id='line_1_44' title="bbox 324 3001 1912 3082; baseline 0.009 -31"><span class='ocrx_word' id='word_1_309' title='bbox 324 3001 566 3066; x_wconf 83' lang='grc' dir='ltr'>σιλείας,</span> <span class='ocrx_word' id='word_1_310' title='bbox 625 3003 720 3056; x_wconf 76' lang='grc' dir='ltr'><strong>καὶ</strong></span> <span class='ocrx_word' id='word_1_311' title='bbox 777 3005 1035 3076; x_wconf 79' lang='grc' dir='ltr'>ἐκόμιζον</span> <span class='ocrx_word' id='word_1_312' title='bbox 1081 3007 1331 3078; x_wconf 82' lang='grc' dir='ltr'>ἐτησίους</span> <span class='ocrx_word' id='word_1_313' title='bbox 1391 3010 1655 3082; x_wconf 67' lang='grc' dir='ltr'>εἰσφορὰς</span> <span class='ocrx_word' id='word_1_314' title='bbox 1709 3012 1912 3075; x_wconf 85' lang='grc' dir='ltr'>πάντες</span> 
     </span>
    </p>
   </div>
   <div class='ocr_carea' id='block_1_45' title="bbox 325 3092 1911 3174">
    <p class='ocr_par' dir='ltr' id='par_1_45' title="bbox 325 3092 1911 3174">
     <span class='ocr_line' id='line_1_45' title="bbox 325 3092 1911 3174; baseline 0.008 -29"><span class='ocrx_word' id='word_1_315' title='bbox 325 3093 505 3146; x_wconf 72' lang='grc' dir='ltr'>ἑκοντὶ</span> <span class='ocrx_word' id='word_1_316' title='bbox 524 3135 539 3159; x_wconf 93' lang='grc'><strong>,</strong></span> <span class='ocrx_word' id='word_1_317' title='bbox 580 3097 783 3167; x_wconf 82' lang='grc' dir='ltr'>χρυσοῦ</span> <span class='ocrx_word' id='word_1_318' title='bbox 809 3115 867 3150; x_wconf 86' lang='grc' dir='ltr'><strong>τε</strong></span> <span class='ocrx_word' id='word_1_319' title='bbox 898 3099 990 3152; x_wconf 72' lang='grc' dir='ltr'><strong>καὶ</strong></span> <span class='ocrx_word' id='word_1_320' title='bbox 1019 3092 1094 3154; x_wconf 85' lang='grc' dir='ltr'>ὧν</span> <span class='ocrx_word' id='word_1_321' title='bbox 1125 3097 1269 3170; x_wconf 82' lang='grc' dir='ltr'>είχον</span> <span class='ocrx_word' id='word_1_322' title='bbox 1306 3101 1601 3172; x_wconf 78' lang='grc' dir='ltr'>ἐξαιρέτων</span> <span class='ocrx_word' id='word_1_323' title='bbox 1629 3105 1686 3157; x_wconf 83' lang='grc' dir='ltr'><strong>ἐν</strong></span> <span class='ocrx_word' id='word_1_324' title='bbox 1717 3104 1911 3174; x_wconf 85' lang='grc' dir='ltr'>δώροις</span> 
     </span>
    </p>
   </div>
   <div class='ocr_carea' id='block_1_46' title="bbox 325 3186 1981 3286">
    <p class='ocr_par' dir='ltr' id='par_1_46' title="bbox 325 3186 1981 3286">
     <span class='ocr_line' id='line_1_46' title="bbox 325 3186 1981 3286; baseline 0.004 -50"><span class='ocrx_word' id='word_1_325' title='bbox 325 3186 639 3256; x_wconf 82' lang='grc' dir='ltr'>ἐπιχωρίων</span> <span class='ocrx_word' id='word_1_326' title='bbox 673 3188 1017 3258; x_wconf 84' lang='grc' dir='ltr'>ἐπιτηδείων.</span> <span class='ocrx_word' id='word_1_327' title='bbox 1055 3190 1218 3256; x_wconf 86' lang='grc' dir='ltr'>Τρεῖς</span> <span class='ocrx_word' id='word_1_328' title='bbox 1255 3188 1471 3259; x_wconf 87' lang='grc' dir='ltr'>βίϐλους</span> <span class='ocrx_word' id='word_1_329' title='bbox 1504 3191 1731 3256; x_wconf 76' lang='grc' dir='ltr'>ἐξέδωκε</span> <span class='ocrx_word' id='word_1_330' title='bbox 1773 3191 1910 3261; x_wconf 77' lang='grc' dir='ltr'>πρὸς</span> <span class='ocrx_word' id='word_1_331' title='bbox 1938 3227 1981 3286; x_wconf 73' lang='lat' dir='ltr'>c</span> 
     </span>
    </p>
   </div>
   <div class='ocr_carea' id='block_1_47' title="bbox 324 3277 1902 3354">
    <p class='ocr_par' dir='ltr' id='par_1_47' title="bbox 324 3277 1902 3354">
     <span class='ocr_line' id='line_1_47' title="bbox 324 3277 1902 3354; baseline 0.005 -25"><span class='ocrx_word' id='word_1_332' title='bbox 324 3277 608 3332; x_wconf 84' lang='grc' dir='ltr'>παίδευσιν</span> <span class='ocrx_word' id='word_1_333' title='bbox 633 3279 728 3333; x_wconf 75' lang='grc' dir='ltr'><strong>καὶ</strong></span> <span class='ocrx_word' id='word_1_334' title='bbox 769 3279 920 3351; x_wconf 70' lang='grc' dir='ltr'>ίερᾶιν</span> <span class='ocrx_word' id='word_1_335' title='bbox 965 3280 1234 3350; x_wconf 71' lang='grc' dir='ltr'>ὠφέλειαν</span> <span class='ocrx_word' id='word_1_336' title='bbox 1267 3283 1345 3352; x_wconf 80' lang='grc' dir='ltr'>τῷ</span> <span class='ocrx_word' id='word_1_337' title='bbox 1378 3281 1493 3354; x_wconf 81' lang='grc' dir='ltr'><strong>λαῷ</strong></span> <span class='ocrx_word' id='word_1_338' title='bbox 1532 3283 1902 3352; x_wconf 71' lang='grc' dir='ltr'>τιμιωτάταςο</span> 
     </span>
    </p>
   </div>
   <div class='ocr_carea' id='block_1_48' title="bbox 323 3369 1902 3444">
    <p class='ocr_par' dir='ltr' id='par_1_48' title="bbox 323 3369 1902 3444">
     <span class='ocr_line' id='line_1_48' title="bbox 323 3369 1902 3444; baseline 0.004 -22"><span class='ocrx_word' id='word_1_339' title='bbox 323 3369 414 3422; x_wconf 79' lang='grc' dir='ltr'>καὶ</span> <span class='ocrx_word' id='word_1_340' title='bbox 457 3369 560 3442; x_wconf 80' lang='grc' dir='ltr'>τὴν</span> <span class='ocrx_word' id='word_1_341' title='bbox 619 3371 717 3440; x_wconf 82' lang='grc' dir='ltr'>μὲν</span> <span class='ocrx_word' id='word_1_342' title='bbox 748 3373 1108 3441; x_wconf 80' lang='grc' dir='ltr'>Παροιμίαν,</span> <span class='ocrx_word' id='word_1_343' title='bbox 1141 3373 1240 3444; x_wconf 84' lang='grc' dir='ltr'><strong>τὴν</strong></span> <span class='ocrx_word' id='word_1_344' title='bbox 1274 3371 1331 3427; x_wconf 85' lang='grc' dir='ltr'>δὲ</span> <span class='ocrx_word' id='word_1_345' title='bbox 1381 3374 1902 3444; x_wconf 73' lang='grc' dir='ltr'>Ἐκκλησιαστὴν,</span> 
     </span>
    </p>
   </div>
   <div class='ocr_carea' id='block_1_49' title="bbox 325 3457 1908 3535">
    <p class='ocr_par' dir='ltr' id='par_1_49' title="bbox 325 3457 1908 3535">
     <span class='ocr_line' id='line_1_49' title="bbox 325 3457 1908 3535; baseline 0.005 -23"><span class='ocrx_word' id='word_1_346' title='bbox 325 3459 421 3532; x_wconf 77' lang='grc' dir='ltr'>τὴν</span> <span class='ocrx_word' id='word_1_347' title='bbox 478 3460 538 3514; x_wconf 82' lang='grc' dir='ltr'><strong>δέ</strong></span> <span class='ocrx_word' id='word_1_348' title='bbox 589 3457 754 3532; x_wconf 80' lang='grc' dir='ltr'>ᾆσμα</span> <span class='ocrx_word' id='word_1_349' title='bbox 814 3463 1103 3533; x_wconf 74' lang='grc' dir='ltr'>ᾀσμάτων</span> <span class='ocrx_word' id='word_1_350' title='bbox 1154 3465 1486 3535; x_wconf 71' lang='grc' dir='ltr'>ἐπέγραψεν.</span> <span class='ocrx_word' id='word_1_351' title='bbox 1541 3466 1662 3518; x_wconf 80' lang='grc' dir='ltr'><strong>Εἰσὶ</strong></span> <span class='ocrx_word' id='word_1_352' title='bbox 1707 3466 1763 3519; x_wconf 84' lang='grc' dir='ltr'>δὲ</span> <span class='ocrx_word' id='word_1_353' title='bbox 1813 3469 1908 3520; x_wconf 76' lang='grc' dir='ltr'><strong>καὶ</strong></span> 
     </span>
    </p>
   </div>
   <div class='ocr_carea' id='block_1_50' title="bbox 324 3550 1908 3633">
    <p class='ocr_par' dir='ltr' id='par_1_50' title="bbox 324 3550 1908 3633">
     <span class='ocr_line' id='line_1_50' title="bbox 324 3550 1908 3633; baseline 0.005 -27"><span class='ocrx_word' id='word_1_354' title='bbox 324 3550 499 3625; x_wconf 75' lang='grc' dir='ltr'>ἕτεροι</span> <span class='ocrx_word' id='word_1_355' title='bbox 554 3555 798 3608; x_wconf 86' lang='grc' dir='ltr'>πλεῖστοι</span> <span class='ocrx_word' id='word_1_356' title='bbox 847 3557 1026 3626; x_wconf 84' lang='grc' dir='ltr'>λόγοι,</span> <span class='ocrx_word' id='word_1_357' title='bbox 1082 3557 1173 3622; x_wconf 82' lang='grc' dir='ltr'><strong>οὒς</strong></span> <span class='ocrx_word' id='word_1_358' title='bbox 1227 3559 1546 3632; x_wconf 67' lang='grc' dir='ltr'>ἀπέκρυψεν</span> <span class='ocrx_word' id='word_1_359' title='bbox 1595 3561 1624 3612; x_wconf 83' lang='grc' dir='ltr'><strong>ὁ</strong></span> <span class='ocrx_word' id='word_1_360' title='bbox 1676 3561 1908 3633; x_wconf 78' lang='grc' dir='ltr'>εὐσεϐὴς</span> 
     </span>
    </p>
   </div>
   <div class='ocr_carea' id='block_1_51' title="bbox 324 3643 1907 3726">
    <p class='ocr_par' dir='ltr' id='par_1_51' title="bbox 324 3643 1907 3726">
     <span class='ocr_line' id='line_1_51' title="bbox 324 3643 1907 3726; baseline 0.008 -30"><span class='ocrx_word' id='word_1_361' title='bbox 324 3643 582 3714; x_wconf 74' lang='grc' dir='ltr'>βασιλεὺς</span> <span class='ocrx_word' id='word_1_362' title='bbox 632 3647 902 3716; x_wconf 78' lang='grc' dir='ltr'>Ἑζεκίας,</span> <span class='ocrx_word' id='word_1_363' title='bbox 939 3651 1092 3705; x_wconf 78' lang='grc' dir='ltr'>οὐδὲν</span> <span class='ocrx_word' id='word_1_364' title='bbox 1137 3651 1328 3720; x_wconf 77' lang='grc' dir='ltr'>ὄφελος</span> <span class='ocrx_word' id='word_1_365' title='bbox 1373 3653 1468 3706; x_wconf 73' lang='grc' dir='ltr'><strong>ἐπὶ</strong></span> <span class='ocrx_word' id='word_1_366' title='bbox 1500 3654 1718 3718; x_wconf 83' lang='grc' dir='ltr'>πολλοῖς</span> <span class='ocrx_word' id='word_1_367' title='bbox 1759 3654 1907 3726; x_wconf 81' lang='grc' dir='ltr'>εὑρί-</span> 
     </span>
    </p>
   </div>
   <div class='ocr_carea' id='block_1_52' title="bbox 247 3739 1908 3815">
    <p class='ocr_par' dir='ltr' id='par_1_52' title="bbox 247 3739 1908 3815">
     <span class='ocr_line' id='line_1_52' title="bbox 247 3739 1908 3815; baseline 0.007 -25"><span class='ocrx_word' id='word_1_368' title='bbox 247 3769 254 3775; x_wconf 87' lang='grc'><strong>-</strong></span> <span class='ocrx_word' id='word_1_369' title='bbox 323 3739 553 3792; x_wconf 88' lang='grc' dir='ltr'>σκεσθαι</span> <span class='ocrx_word' id='word_1_370' title='bbox 588 3739 788 3808; x_wconf 83' lang='grc' dir='ltr'>λόγοις.</span> <span class='ocrx_word' id='word_1_371' title='bbox 819 3742 958 3806; x_wconf 84' lang='grc' dir='ltr'>Τοὺς</span> <span class='ocrx_word' id='word_1_372' title='bbox 982 3743 1038 3796; x_wconf 90' lang='grc' dir='ltr'><strong>δέ</strong></span> <span class='ocrx_word' id='word_1_373' title='bbox 1064 3743 1336 3814; x_wconf 85' lang='grc' dir='ltr'>δαιμόνων</span> <span class='ocrx_word' id='word_1_374' title='bbox 1367 3746 1784 3815; x_wconf 76' lang='grc' dir='ltr'>ἐκφευκτικοὺς,</span> <span class='ocrx_word' id='word_1_375' title='bbox 1813 3747 1908 3801; x_wconf 77' lang='grc' dir='ltr'><strong>καὶ</strong></span> 
     </span>
    </p>
   </div>
   <div class='ocr_carea' id='block_1_53' title="bbox 323 3833 1908 3910">
    <p class='ocr_par' dir='ltr' id='par_1_53' title="bbox 323 3833 1908 3910">
     <span class='ocr_line' id='line_1_53' title="bbox 323 3833 1908 3910; baseline 0.006 -25"><span class='ocrx_word' id='word_1_376' title='bbox 323 3833 514 3886; x_wconf 88' lang='grc' dir='ltr'>παθῶν</span> <span class='ocrx_word' id='word_1_377' title='bbox 547 3835 861 3906; x_wconf 79' lang='grc' dir='ltr'>ἱατρικοὺς,</span> <span class='ocrx_word' id='word_1_378' title='bbox 896 3836 989 3890; x_wconf 76' lang='grc' dir='ltr'><strong>καὶ</strong></span> <span class='ocrx_word' id='word_1_379' title='bbox 1023 3837 1269 3890; x_wconf 87' lang='grc' dir='ltr'>κλεπτῶν</span> <span class='ocrx_word' id='word_1_380' title='bbox 1297 3839 1679 3910; x_wconf 81' lang='grc' dir='ltr'>φωρατικοὺς,</span> <span class='ocrx_word' id='word_1_381' title='bbox 1715 3841 1766 3894; x_wconf 80' lang='lat' dir='ltr'><strong>oi</strong></span> <span class='ocrx_word' id='word_1_382' title='bbox 1801 3840 1908 3894; x_wconf 89' lang='grc' dir='ltr'><strong>τῶν</strong></span> 
     </span>
    </p>
   </div>
   <div class='ocr_carea' id='block_1_54' title="bbox 336 3925 1906 3999">
    <p class='ocr_par' dir='ltr' id='par_1_54' title="bbox 336 3925 1906 3999">
     <span class='ocr_line' id='line_1_54' title="bbox 336 3925 1906 3999; baseline 0.004 -20"><span class='ocrx_word' id='word_1_383' title='bbox 336 3925 610 3980; x_wconf 85' lang='grc' dir='ltr'>Ἰουδαίων</span> <span class='ocrx_word' id='word_1_384' title='bbox 653 3928 891 3999; x_wconf 80' lang='grc' dir='ltr'>ἀγύρται</span> <span class='ocrx_word' id='word_1_385' title='bbox 943 3930 1070 3999; x_wconf 82' lang='grc' dir='ltr'>παρ’</span> <span class='ocrx_word' id='word_1_386' title='bbox 1118 3931 1329 3994; x_wconf 78' lang='grc' dir='ltr'>ἑαυτοῖς</span> <span class='ocrx_word' id='word_1_387' title='bbox 1369 3930 1740 3999; x_wconf 85' lang='grc' dir='ltr'>φυλάσσουσιν</span> <span class='ocrx_word' id='word_1_388' title='bbox 1784 3935 1906 3988; x_wconf 86' lang='grc' dir='ltr'>ἐπι-</span> 
     </span>
    </p>
   </div>
   <div class='ocr_carea' id='block_1_55' title="bbox 325 4020 1908 4096">
    <p class='ocr_par' dir='ltr' id='par_1_55' title="bbox 325 4020 1908 4096">
     <span class='ocr_line' id='line_1_55' title="bbox 325 4020 1908 4096; baseline 0.001 -22"><span class='ocrx_word' id='word_1_389' title='bbox 325 4020 654 4091; x_wconf 83' lang='grc' dir='ltr'>μελέστατα,</span> <span class='ocrx_word' id='word_1_390' title='bbox 670 4020 780 4075; x_wconf 89' lang='grc' dir='ltr'><strong>τῶν</strong></span> <span class='ocrx_word' id='word_1_391' title='bbox 808 4023 1016 4075; x_wconf 86' lang='grc' dir='ltr'>πιστῶν</span> <span class='ocrx_word' id='word_1_392' title='bbox 1039 4022 1138 4091; x_wconf 79' lang='grc' dir='ltr'>τῆς</span> <span class='ocrx_word' id='word_1_393' title='bbox 1163 4023 1325 4091; x_wconf 85' lang='grc' dir='ltr'>ἁγίας</span> <span class='ocrx_word' id='word_1_394' title='bbox 1351 4022 1678 4096; x_wconf 85' lang='grc' dir='ltr'>Ἑκκλησίας</span> <span class='ocrx_word' id='word_1_395' title='bbox 1698 4025 1908 4089; x_wconf 89' lang='grc' dir='ltr'>τούτοις</span> 
     </span>
    </p>
   </div>
   <div class='ocr_carea' id='block_1_56' title="bbox 321 4097 1908 4187">
    <p class='ocr_par' dir='ltr' id='par_1_56' title="bbox 321 4097 1908 4187">
     <span class='ocr_line' id='line_1_56' title="bbox 321 4097 1908 4187; baseline 0.002 -21"><span class='ocrx_word' id='word_1_396' title='bbox 321 4115 379 4166; x_wconf 76' lang='grc' dir='ltr'><strong>οὐ</strong></span> <span class='ocrx_word' id='word_1_397' title='bbox 411 4115 793 4186; x_wconf 81' lang='grc' dir='ltr'>κεχρημένων,</span> <span class='ocrx_word' id='word_1_398' title='bbox 827 4097 1006 4168; x_wconf 17' lang='grc' dir='ltr'>διὰίτδ</span> <span class='ocrx_word' id='word_1_399' title='bbox 1031 4119 1096 4187; x_wconf 82' lang='grc' dir='ltr'>τῇ</span> <span class='ocrx_word' id='word_1_400' title='bbox 1136 4115 1374 4184; x_wconf 79' lang='grc' dir='ltr'>Χριστοῦ</span> <span class='ocrx_word' id='word_1_401' title='bbox 1407 4119 1588 4169; x_wconf 85' lang='grc' dir='ltr'>πίστει</span> <span class='ocrx_word' id='word_1_402' title='bbox 1622 4117 1908 4170; x_wconf 83' lang='grc' dir='ltr'>καθοσιοῦν</span> 
     </span>
    </p>
   </div>
   <div class='ocr_carea' id='block_1_57' title="bbox 322 4206 1908 4279">
    <p class='ocr_par' dir='ltr' id='par_1_57' title="bbox 322 4206 1908 4279">
     <span class='ocr_line' id='line_1_57' title="bbox 322 4206 1908 4279; baseline 0 -19"><span class='ocrx_word' id='word_1_403' title='bbox 322 4208 548 4271; x_wconf 76' lang='grc' dir='ltr'>ἑαυτοὺς</span> <span class='ocrx_word' id='word_1_404' title='bbox 579 4207 905 4277; x_wconf 84' lang='grc' dir='ltr'>δεδιδάχθαι.</span> <span class='ocrx_word' id='word_1_405' title='bbox 952 4206 1304 4279; x_wconf 81' lang='grc' dir='ltr'>Ἑνδεκαετὴς</span> <span class='ocrx_word' id='word_1_406' title='bbox 1348 4209 1442 4262; x_wconf 70' lang='grc' dir='ltr'>καὶ</span> <span class='ocrx_word' id='word_1_407' title='bbox 1481 4208 1587 4278; x_wconf 75' lang='grc' dir='ltr'>πρὸ</span> <span class='ocrx_word' id='word_1_408' title='bbox 1617 4208 1716 4278; x_wconf 84' lang='grc' dir='ltr'>τῆς</span> <span class='ocrx_word' id='word_1_409' title='bbox 1751 4207 1908 4276; x_wconf 87' lang='grc' dir='ltr'>βασι-</span> 
     </span>
    </p>
   </div>
   <div class='ocr_carea' id='block_1_58' title="bbox 321 4299 1906 4372">
    <p class='ocr_par' dir='ltr' id='par_1_58' title="bbox 321 4299 1906 4372">
     <span class='ocr_line' id='line_1_58' title="bbox 321 4299 1906 4372; baseline -0.001 -18"><span class='ocrx_word' id='word_1_410' title='bbox 321 4301 468 4365; x_wconf 86' lang='grc' dir='ltr'>λείας</span> <span class='ocrx_word' id='word_1_411' title='bbox 494 4301 610 4353; x_wconf 84' lang='grc' dir='ltr'>υίὸν</span> <span class='ocrx_word' id='word_1_412' title='bbox 639 4299 888 4369; x_wconf 83' lang='grc' dir='ltr'>φαίνεται</span> <span class='ocrx_word' id='word_1_413' title='bbox 911 4301 1204 4372; x_wconf 84' lang='grc' dir='ltr'>γεννήσας.</span> <span class='ocrx_word' id='word_1_414' title='bbox 1235 4299 1583 4372; x_wconf 74' lang='grc' dir='ltr'>Δωδεκαετὴς</span> <span class='ocrx_word' id='word_1_415' title='bbox 1618 4301 1728 4370; x_wconf 70' lang='grc' dir='ltr'><strong>γὰρ</strong></span> <span class='ocrx_word' id='word_1_416' title='bbox 1753 4300 1906 4367; x_wconf 79' lang='grc' dir='ltr'>γενό-</span> 
     </span>
    </p>
   </div>
   <div class='ocr_carea' id='block_1_59' title="bbox 326 4393 1906 4466">
    <p class='ocr_par' dir='ltr' id='par_1_59' title="bbox 326 4393 1906 4466">
     <span class='ocr_line' id='line_1_59' title="bbox 326 4393 1906 4466; baseline -0.001 -18"><span class='ocrx_word' id='word_1_417' title='bbox 326 4411 484 4466; x_wconf 80' lang='grc' dir='ltr'>μενος</span> <span class='ocrx_word' id='word_1_418' title='bbox 513 4393 764 4464; x_wconf 72' lang='grc' dir='ltr'>ἐφήψατο</span> <span class='ocrx_word' id='word_1_419' title='bbox 792 4393 893 4462; x_wconf 83' lang='grc' dir='ltr'>τῆς</span> <span class='ocrx_word' id='word_1_420' title='bbox 922 4393 1222 4464; x_wconf 86' lang='grc' dir='ltr'>βασιλείας,</span> <span class='ocrx_word' id='word_1_421' title='bbox 1251 4393 1526 4464; x_wconf 79' lang='grc' dir='ltr'>βασιλεύει</span> <span class='ocrx_word' id='word_1_422' title='bbox 1549 4394 1604 4447; x_wconf 83' lang='grc' dir='ltr'><strong>δέ</strong></span> <span class='ocrx_word' id='word_1_423' title='bbox 1629 4393 1696 4448; x_wconf 82' lang='grc' dir='ltr'>τὰ</span> <span class='ocrx_word' id='word_1_424' title='bbox 1731 4396 1906 4448; x_wconf 84' lang='grc' dir='ltr'>πάντα</span> 
     </span>
    </p>
   </div>
   <div class='ocr_carea' id='block_1_60' title="bbox 323 4485 1908 4558">
    <p class='ocr_par' dir='ltr' id='par_1_60' title="bbox 323 4485 1908 4558">
     <span class='ocr_line' id='line_1_60' title="bbox 323 4485 1908 4558; baseline -0.001 -18"><span class='ocrx_word' id='word_1_425' title='bbox 323 4486 731 4557; x_wconf 77' lang='grc' dir='ltr'>τεσσαράκοντα</span> <span class='ocrx_word' id='word_1_426' title='bbox 769 4485 864 4557; x_wconf 81' lang='grc' dir='ltr'><strong>ἐτη</strong></span> <span class='ocrx_word' id='word_1_427' title='bbox 890 4527 905 4553; x_wconf 91' lang='grc'><strong>,</strong></span> <span class='ocrx_word' id='word_1_428' title='bbox 956 4485 1274 4540; x_wconf 87' lang='grc' dir='ltr'>καταλιπὼν</span> <span class='ocrx_word' id='word_1_429' title='bbox 1335 4486 1619 4557; x_wconf 81' lang='grc' dir='ltr'>Ῥοϐοάμῳ</span> <span class='ocrx_word' id='word_1_430' title='bbox 1679 4487 1758 4558; x_wconf 80' lang='grc' dir='ltr'><strong>τῷ</strong></span> <span class='ocrx_word' id='word_1_431' title='bbox 1807 4486 1908 4557; x_wconf 82' lang='grc' dir='ltr'>υἱῷ</span> 
     </span>
    </p>
   </div>
   <div class='ocr_carea' id='block_1_61' title="bbox 2010 1991 3602 2063">
    <p class='ocr_par' dir='ltr' id='par_1_61' title="bbox 2010 1991 3602 2063">
     <span class='ocr_line' id='line_1_61' title="bbox 2010 1991 3602 2063; baseline -0.003 -16"><span class='ocrx_word' id='word_1_432' title='bbox 2010 1993 2165 2062; x_wconf 77' lang='lat' dir='ltr'><strong>juxta</strong></span> <span class='ocrx_word' id='word_1_433' title='bbox 2216 2001 2443 2063; x_wconf 83' lang='lat' dir='ltr'><strong>paterna</strong></span> <span class='ocrx_word' id='word_1_434' title='bbox 2478 1993 2733 2046; x_wconf 90' lang='lat' dir='ltr'><strong>mandata</strong></span> <span class='ocrx_word' id='word_1_435' title='bbox 2759 2033 2774 2060; x_wconf 96' lang='lat'><strong>,</strong></span> <span class='ocrx_word' id='word_1_436' title='bbox 2815 1992 2957 2046; x_wconf 87' lang='lat' dir='ltr'><strong>intra</strong></span> <span class='ocrx_word' id='word_1_437' title='bbox 2991 2007 3085 2046; x_wconf 82' lang='lat' dir='ltr'><strong>sex</strong></span> <span class='ocrx_word' id='word_1_438' title='bbox 3120 2002 3174 2047; x_wconf 90' lang='lat' dir='ltr'><strong>et</strong></span> <span class='ocrx_word' id='word_1_439' title='bbox 3203 1991 3395 2062; x_wconf 84' lang='lat' dir='ltr'><strong>viginti</strong></span> <span class='ocrx_word' id='word_1_440' title='bbox 3429 2004 3602 2044; x_wconf 80' lang='lat' dir='ltr'><strong>annos</strong></span> 
     </span>
    </p>
   </div>
   <div class='ocr_carea' id='block_1_62' title="bbox 2016 2081 3600 2156">
    <p class='ocr_par' dir='ltr' id='par_1_62' title="bbox 2016 2081 3600 2156">
     <span class='ocr_line' id='line_1_62' title="bbox 2016 2081 3600 2156; baseline -0.003 -15"><span class='ocrx_word' id='word_1_441' title='bbox 2016 2087 2148 2142; x_wconf 87' lang='lat' dir='ltr'><strong>illud</strong></span> <span class='ocrx_word' id='word_1_442' title='bbox 2190 2086 2504 2150; x_wconf 87' lang='lat' dir='ltr'><strong>absolvens,</strong></span> <span class='ocrx_word' id='word_1_443' title='bbox 2546 2099 2871 2156; x_wconf 87' lang='lat' dir='ltr'><strong>sacramque</strong></span> <span class='ocrx_word' id='word_1_444' title='bbox 2916 2100 3122 2150; x_wconf 87' lang='lat' dir='ltr'><strong>arcam,</strong></span> <span class='ocrx_word' id='word_1_445' title='bbox 3177 2099 3341 2154; x_wconf 91' lang='lat' dir='ltr'><strong>quam</strong></span> <span class='ocrx_word' id='word_1_446' title='bbox 3387 2081 3600 2152; x_wconf 67' lang='lat' dir='ltr'><strong>Moysi-3</strong></span> 
     </span>
    </p>
   </div>
   <div class='ocr_carea' id='block_1_63' title="bbox 2013 2175 3598 2248">
    <p class='ocr_par' dir='ltr' id='par_1_63' title="bbox 2013 2175 3598 2248">
     <span class='ocr_line' id='line_1_63' title="bbox 2013 2175 3598 2248; baseline -0.006 -13"><span class='ocrx_word' id='word_1_447' title='bbox 2013 2187 2418 2242; x_wconf 84' lang='lat' dir='ltr'><strong>construxerat,</strong></span> <span class='ocrx_word' id='word_1_448' title='bbox 2454 2178 2597 2233; x_wconf 92' lang='lat' dir='ltr'><strong>intro</strong></span> <span class='ocrx_word' id='word_1_449' title='bbox 2630 2193 2920 2248; x_wconf 90' lang='lat' dir='ltr'><strong>reponens.</strong></span> <span class='ocrx_word' id='word_1_450' title='bbox 2967 2177 3141 2232; x_wconf 86' lang='lat' dir='ltr'><strong>Boum</strong></span> <span class='ocrx_word' id='word_1_451' title='bbox 3178 2175 3291 2230; x_wconf 93' lang='lat' dir='ltr'><strong>duo</strong></span> <span class='ocrx_word' id='word_1_452' title='bbox 3323 2184 3376 2230; x_wconf 91' lang='lat' dir='ltr'><strong>et</strong></span> <span class='ocrx_word' id='word_1_453' title='bbox 3407 2175 3598 2246; x_wconf 80' lang='lat' dir='ltr'><strong>viginti</strong></span> 
     </span>
    </p>
   </div>
   <div class='ocr_carea' id='block_1_64' title="bbox 2014 2265 3600 2341">
    <p class='ocr_par' dir='ltr' id='par_1_64' title="bbox 2014 2265 3600 2341">
     <span class='ocr_line' id='line_1_64' title="bbox 2014 2265 3600 2341; baseline -0.005 -16"><span class='ocrx_word' id='word_1_454' title='bbox 2014 2272 2185 2326; x_wconf 88' lang='lat' dir='ltr'><strong>millia</strong></span> <span class='ocrx_word' id='word_1_455' title='bbox 2219 2287 2314 2341; x_wconf 89' lang='lat' dir='ltr'><strong>per</strong></span> <span class='ocrx_word' id='word_1_456' title='bbox 2353 2271 2668 2326; x_wconf 83' lang='lat' dir='ltr'><strong>sacerdotes</strong></span> <span class='ocrx_word' id='word_1_457' title='bbox 2715 2268 3012 2334; x_wconf 85' lang='lat' dir='ltr'><strong>mactavit,</strong></span> <span class='ocrx_word' id='word_1_458' title='bbox 3056 2267 3431 2338; x_wconf 87' lang='lat' dir='ltr'><strong>populumque</strong></span> <span class='ocrx_word' id='word_1_459' title='bbox 3462 2265 3600 2319; x_wconf 88' lang='lat' dir='ltr'><strong>duo-</strong></span> 
     </span>
    </p>
   </div>
   <div class='ocr_carea' id='block_1_65' title="bbox 2012 2361 3600 2427">
    <p class='ocr_par' dir='ltr' id='par_1_65' title="bbox 2012 2361 3600 2427">
     <span class='ocr_line' id='line_1_65' title="bbox 2012 2361 3600 2427; baseline -0.004 -11"><span class='ocrx_word' id='word_1_460' title='bbox 2012 2362 2188 2418; x_wconf 87' lang='lat' dir='ltr'><strong>decim</strong></span> <span class='ocrx_word' id='word_1_461' title='bbox 2243 2363 2483 2417; x_wconf 88' lang='lat' dir='ltr'><strong>tribuum</strong></span> <span class='ocrx_word' id='word_1_462' title='bbox 2525 2362 2588 2416; x_wconf 86' lang='lat' dir='ltr'><strong>ad</strong></span> <span class='ocrx_word' id='word_1_463' title='bbox 2627 2361 3025 2416; x_wconf 85' lang='lat' dir='ltr'><strong>dedicationem</strong></span> <span class='ocrx_word' id='word_1_464' title='bbox 3066 2375 3416 2424; x_wconf 87' lang='lat' dir='ltr'><strong>convocans,</strong></span> <span class='ocrx_word' id='word_1_465' title='bbox 3448 2365 3600 2427; x_wconf 88' lang='lat' dir='ltr'><strong>post-</strong></span> 
     </span>
    </p>
   </div>
   <div class='ocr_carea' id='block_1_66' title="bbox 2013 2449 3597 2526">
    <p class='ocr_par' dir='ltr' id='par_1_66' title="bbox 2013 2449 3597 2526">
     <span class='ocr_line' id='line_1_66' title="bbox 2013 2449 3597 2526; baseline -0.004 -17"><span class='ocrx_word' id='word_1_466' title='bbox 2013 2471 2175 2526; x_wconf 91' lang='lat' dir='ltr'><strong>quam</strong></span> <span class='ocrx_word' id='word_1_467' title='bbox 2206 2471 2301 2524; x_wconf 90' lang='lat' dir='ltr'><strong>per</strong></span> <span class='ocrx_word' id='word_1_468' title='bbox 2323 2455 2440 2508; x_wconf 91' lang='lat' dir='ltr'><strong>dies</strong></span> <span class='ocrx_word' id='word_1_469' title='bbox 2469 2461 2676 2523; x_wconf 88' lang='lat' dir='ltr'><strong>septem</strong></span> <span class='ocrx_word' id='word_1_470' title='bbox 2705 2450 2974 2508; x_wconf 82' lang='lat' dir='ltr'><strong>sacriﬁcia</strong></span> <span class='ocrx_word' id='word_1_471' title='bbox 2999 2451 3309 2516; x_wconf 88' lang='lat' dir='ltr'><strong>obtulisset,</strong></span> <span class='ocrx_word' id='word_1_472' title='bbox 3335 2449 3597 2503; x_wconf 64' lang='lat' dir='ltr'><strong>laetabun—</strong></span> 
     </span>
    </p>
   </div>
   <div class='ocr_carea' id='block_1_67' title="bbox 2011 2541 3598 2616">
    <p class='ocr_par' dir='ltr' id='par_1_67' title="bbox 2011 2541 3598 2616">
     <span class='ocr_line' id='line_1_67' title="bbox 2011 2541 3598 2616; baseline -0.006 -11"><span class='ocrx_word' id='word_1_473' title='bbox 2011 2550 2114 2605; x_wconf 91' lang='lat' dir='ltr'><strong>dus</strong></span> <span class='ocrx_word' id='word_1_474' title='bbox 2151 2547 2378 2602; x_wconf 90' lang='lat' dir='ltr'><strong>dimisit.</strong></span> <span class='ocrx_word' id='word_1_475' title='bbox 2409 2545 2727 2615; x_wconf 69' lang='lat' dir='ltr'><strong>AEthiopum</strong></span> <span class='ocrx_word' id='word_1_476' title='bbox 2756 2545 2999 2616; x_wconf 79' lang='lat' dir='ltr'><strong>reginam</strong></span> <span class='ocrx_word' id='word_1_477' title='bbox 3047 2542 3212 2616; x_wconf 90' lang='lat' dir='ltr'><strong>(Saba</strong></span> <span class='ocrx_word' id='word_1_478' title='bbox 3234 2549 3350 2598; x_wconf 89' lang='lat' dir='ltr'><strong>erat</strong></span> <span class='ocrx_word' id='word_1_479' title='bbox 3381 2541 3598 2596; x_wconf 90' lang='lat' dir='ltr'><strong>mulieri</strong></span> 
     </span>
    </p>
   </div>
   <div class='ocr_carea' id='block_1_68' title="bbox 2014 2635 3594 2711">
    <p class='ocr_par' dir='ltr' id='par_1_68' title="bbox 2014 2635 3594 2711">
     <span class='ocr_line' id='line_1_68' title="bbox 2014 2635 3594 2711; baseline -0.006 -15"><span class='ocrx_word' id='word_1_480' title='bbox 2014 2640 2234 2711; x_wconf 82' lang='lat' dir='ltr'><strong>nomen)</strong></span> <span class='ocrx_word' id='word_1_481' title='bbox 2290 2655 2412 2710; x_wconf 70' lang='lat' dir='ltr'><strong>qua:</strong></span> <span class='ocrx_word' id='word_1_482' title='bbox 2467 2649 2686 2710; x_wconf 89' lang='lat' dir='ltr'><strong>propter</strong></span> <span class='ocrx_word' id='word_1_483' title='bbox 2740 2639 2886 2693; x_wconf 91' lang='lat' dir='ltr'><strong>illius</strong></span> <span class='ocrx_word' id='word_1_484' title='bbox 2943 2637 3266 2707; x_wconf 87' lang='lat' dir='ltr'><strong>sapientiam</strong></span> <span class='ocrx_word' id='word_1_485' title='bbox 3324 2636 3390 2690; x_wconf 90' lang='lat' dir='ltr'><strong>ad</strong></span> <span class='ocrx_word' id='word_1_486' title='bbox 3443 2635 3594 2688; x_wconf 91' lang='lat' dir='ltr'><strong>illum</strong></span> 
     </span>
    </p>
   </div>
   <div class='ocr_carea' id='block_1_69' title="bbox 2012 2726 3600 2806">
    <p class='ocr_par' dir='ltr' id='par_1_69' title="bbox 2012 2726 3600 2806">
     <span class='ocr_line' id='line_1_69' title="bbox 2012 2726 3600 2806; baseline -0.008 -15"><span class='ocrx_word' id='word_1_487' title='bbox 2012 2745 2264 2802; x_wconf 78' lang='lat' dir='ltr'><strong>veneratj,</strong></span> <span class='ocrx_word' id='word_1_488' title='bbox 2311 2735 2570 2806; x_wconf 86' lang='lat' dir='ltr'><strong>perculsit</strong></span> <span class='ocrx_word' id='word_1_489' title='bbox 2607 2749 2706 2790; x_wconf 90' lang='lat' dir='ltr'><strong>sua</strong></span> <span class='ocrx_word' id='word_1_490' title='bbox 2748 2732 3038 2802; x_wconf 85' lang='lat' dir='ltr'><strong>prudentia</strong></span> <span class='ocrx_word' id='word_1_491' title='bbox 3081 2749 3094 2786; x_wconf 92' lang='lat'>:</span> <span class='ocrx_word' id='word_1_492' title='bbox 3140 2744 3203 2785; x_wconf 86' lang='lat' dir='ltr'><strong>ac</strong></span> <span class='ocrx_word' id='word_1_493' title='bbox 3244 2728 3312 2784; x_wconf 90' lang='lat' dir='ltr'><strong>de</strong></span> <span class='ocrx_word' id='word_1_494' title='bbox 3343 2726 3600 2781; x_wconf 89' lang='lat' dir='ltr'><strong>omnibus</strong></span> 
     </span>
    </p>
   </div>
   <div class='ocr_carea' id='block_1_70' title="bbox 2014 2816 3601 2896">
    <p class='ocr_par' dir='ltr' id='par_1_70' title="bbox 2014 2816 3601 2896">
     <span class='ocr_line' id='line_1_70' title="bbox 2014 2816 3601 2896; baseline -0.006 -16"><span class='ocrx_word' id='word_1_495' title='bbox 2014 2842 2135 2896; x_wconf 75' lang='lat' dir='ltr'><strong>qua:</strong></span> <span class='ocrx_word' id='word_1_496' title='bbox 2189 2825 2474 2881; x_wconf 89' lang='lat' dir='ltr'><strong>addiscere</strong></span> <span class='ocrx_word' id='word_1_497' title='bbox 2515 2824 2706 2891; x_wconf 87' lang='lat' dir='ltr'><strong>voluit,</strong></span> <span class='ocrx_word' id='word_1_498' title='bbox 2749 2822 2996 2877; x_wconf 90' lang='lat' dir='ltr'><strong>notitiam</strong></span> <span class='ocrx_word' id='word_1_499' title='bbox 3031 2821 3082 2876; x_wconf 89' lang='lat' dir='ltr'><strong>ei</strong></span> <span class='ocrx_word' id='word_1_500' title='bbox 3120 2819 3341 2875; x_wconf 87' lang='lat' dir='ltr'><strong>tradidit</strong></span> <span class='ocrx_word' id='word_1_501' title='bbox 3375 2816 3601 2872; x_wconf 80' lang='lat' dir='ltr'><strong>verissi-</strong></span> 
     </span>
    </p>
   </div>
   <div class='ocr_carea' id='block_1_71' title="bbox 2016 2910 3598 2988">
    <p class='ocr_par' dir='ltr' id='par_1_71' title="bbox 2016 2910 3598 2988">
     <span class='ocr_line' id='line_1_71' title="bbox 2016 2910 3598 2988; baseline -0.006 -14"><span class='ocrx_word' id='word_1_502' title='bbox 2016 2936 2179 2975; x_wconf 86' lang='lat' dir='ltr'><strong>mam.</strong></span> <span class='ocrx_word' id='word_1_503' title='bbox 2229 2917 2463 2974; x_wconf 77' lang='lat' dir='ltr'><strong>Externa</strong></span> <span class='ocrx_word' id='word_1_504' title='bbox 2497 2918 2681 2974; x_wconf 85' lang='lat' dir='ltr'><strong>omnia</strong></span> <span class='ocrx_word' id='word_1_505' title='bbox 2721 2933 2888 2988; x_wconf 81' lang='lat' dir='ltr'><strong>regna</strong></span> <span class='ocrx_word' id='word_1_506' title='bbox 2937 2931 3036 2972; x_wconf 86' lang='lat' dir='ltr'><strong>sua</strong></span> <span class='ocrx_word' id='word_1_507' title='bbox 3071 2913 3338 2984; x_wconf 88' lang='lat' dir='ltr'><strong>sapientia</strong></span> <span class='ocrx_word' id='word_1_508' title='bbox 3379 2910 3598 2966; x_wconf 86' lang='lat' dir='ltr'><strong>tributis</strong></span> 
     </span>
    </p>
   </div>
   <div class='ocr_carea' id='block_1_72' title="bbox 2013 3003 3598 3082">
    <p class='ocr_par' dir='ltr' id='par_1_72' title="bbox 2013 3003 3598 3082">
     <span class='ocr_line' id='line_1_72' title="bbox 2013 3003 3598 3082; baseline -0.006 -15"><span class='ocrx_word' id='word_1_509' title='bbox 2013 3012 2314 3082; x_wconf 89' lang='lat' dir='ltr'><strong>pendendis</strong></span> <span class='ocrx_word' id='word_1_510' title='bbox 2346 3013 2448 3066; x_wconf 86' lang='lat' dir='ltr'><strong>sibi</strong></span> <span class='ocrx_word' id='word_1_511' title='bbox 2490 3011 2616 3066; x_wconf 75' lang='lat' dir='ltr'><strong>fecit</strong></span> <span class='ocrx_word' id='word_1_512' title='bbox 2656 3011 2890 3065; x_wconf 80' lang='lat' dir='ltr'><strong>obnoxia</strong></span> <span class='ocrx_word' id='word_1_513' title='bbox 2911 3051 2925 3072; x_wconf 91' lang='lat'><strong>,</strong></span> <span class='ocrx_word' id='word_1_514' title='bbox 2959 3021 3284 3077; x_wconf 88' lang='lat' dir='ltr'><strong>annuasque</strong></span> <span class='ocrx_word' id='word_1_515' title='bbox 3315 3003 3598 3060; x_wconf 84' lang='lat' dir='ltr'><strong>contribu-</strong></span> 
     </span>
    </p>
   </div>
   <div class='ocr_carea' id='block_1_73' title="bbox 2016 3097 3598 3176">
    <p class='ocr_par' dir='ltr' id='par_1_73' title="bbox 2016 3097 3598 3176">
     <span class='ocr_line' id='line_1_73' title="bbox 2016 3097 3598 3176; baseline -0.006 -16"><span class='ocrx_word' id='word_1_516' title='bbox 2016 3107 2192 3160; x_wconf 88' lang='lat' dir='ltr'><strong>tiones</strong></span> <span class='ocrx_word' id='word_1_517' title='bbox 2245 3105 2487 3161; x_wconf 88' lang='lat' dir='ltr'><strong>universi</strong></span> <span class='ocrx_word' id='word_1_518' title='bbox 2525 3114 2716 3176; x_wconf 86' lang='lat' dir='ltr'><strong>sponte</strong></span> <span class='ocrx_word' id='word_1_519' title='bbox 2762 3103 3114 3168; x_wconf 84' lang='lat' dir='ltr'><strong>deferebant,</strong></span> <span class='ocrx_word' id='word_1_520' title='bbox 3152 3101 3264 3157; x_wconf 89' lang='lat' dir='ltr'><strong>sive</strong></span> <span class='ocrx_word' id='word_1_521' title='bbox 3320 3099 3442 3154; x_wconf 88' lang='lat' dir='ltr'><strong>auri</strong></span> <span class='ocrx_word' id='word_1_522' title='bbox 3481 3097 3598 3153; x_wconf 90' lang='lat' dir='ltr'><strong>sive</strong></span> 
     </span>
    </p>
   </div>
   <div class='ocr_carea' id='block_1_74' title="bbox 2015 3192 3598 3266">
    <p class='ocr_par' dir='ltr' id='par_1_74' title="bbox 2015 3192 3598 3266">
     <span class='ocr_line' id='line_1_74' title="bbox 2015 3192 3598 3266; baseline -0.006 -15"><span class='ocrx_word' id='word_1_523' title='bbox 2015 3213 2202 3252; x_wconf 86' lang='lat' dir='ltr'><strong>earum</strong></span> <span class='ocrx_word' id='word_1_524' title='bbox 2235 3212 2420 3251; x_wconf 88' lang='lat' dir='ltr'><strong>rerum</strong></span> <span class='ocrx_word' id='word_1_525' title='bbox 2465 3196 2876 3266; x_wconf 84' lang='lat' dir='ltr'><strong>indigenarum,</strong></span> <span class='ocrx_word' id='word_1_526' title='bbox 2911 3209 3032 3264; x_wconf 48' lang='lat' dir='ltr'><strong>quae.</strong></span> <span class='ocrx_word' id='word_1_527' title='bbox 3069 3192 3362 3248; x_wconf 71' lang='lat' dir='ltr'><strong>efferendis</strong></span> <span class='ocrx_word' id='word_1_528' title='bbox 3406 3205 3598 3244; x_wconf 91' lang='lat' dir='ltr'><strong>mune-</strong></span> 
     </span>
    </p>
   </div>
   <div class='ocr_carea' id='block_1_75' title="bbox 2015 3281 3600 3358">
    <p class='ocr_par' dir='ltr' id='par_1_75' title="bbox 2015 3281 3600 3358">
     <span class='ocr_line' id='line_1_75' title="bbox 2015 3281 3600 3358; baseline -0.006 -15"><span class='ocrx_word' id='word_1_529' title='bbox 2015 3289 2167 3344; x_wconf 87' lang='lat' dir='ltr'><strong>ribus</strong></span> <span class='ocrx_word' id='word_1_530' title='bbox 2193 3297 2376 3344; x_wconf 87' lang='lat' dir='ltr'><strong>essent</strong></span> <span class='ocrx_word' id='word_1_531' title='bbox 2408 3287 2710 3358; x_wconf 90' lang='lat' dir='ltr'><strong>aptissima.</strong></span> <span class='ocrx_word' id='word_1_532' title='bbox 2745 3287 2880 3342; x_wconf 85' lang='lat' dir='ltr'><strong>Tres</strong></span> <span class='ocrx_word' id='word_1_533' title='bbox 2910 3286 3079 3341; x_wconf 89' lang='lat' dir='ltr'><strong>libros</strong></span> <span class='ocrx_word' id='word_1_534' title='bbox 3112 3284 3283 3340; x_wconf 87' lang='lat' dir='ltr'><strong>edidit</strong></span> <span class='ocrx_word' id='word_1_535' title='bbox 3318 3283 3384 3337; x_wconf 84' lang='lat' dir='ltr'><strong>ad</strong></span> <span class='ocrx_word' id='word_1_536' title='bbox 3413 3281 3600 3337; x_wconf 88' lang='lat' dir='ltr'><strong>erudi-</strong></span> 
     </span>
    </p>
   </div>
   <div class='ocr_carea' id='block_1_76' title="bbox 2012 3375 3596 3446">
    <p class='ocr_par' dir='ltr' id='par_1_76' title="bbox 2012 3375 3596 3446">
     <span class='ocr_line' id='line_1_76' title="bbox 2012 3375 3596 3446; baseline -0.008 -9"><span class='ocrx_word' id='word_1_537' title='bbox 2012 3383 2214 3437; x_wconf 86' lang='lat' dir='ltr'><strong>tionem</strong></span> <span class='ocrx_word' id='word_1_538' title='bbox 2272 3391 2327 3435; x_wconf 92' lang='lat' dir='ltr'><strong>et</strong></span> <span class='ocrx_word' id='word_1_539' title='bbox 2359 3395 2572 3436; x_wconf 90' lang='lat' dir='ltr'><strong>sacram</strong></span> <span class='ocrx_word' id='word_1_540' title='bbox 2619 3379 2912 3434; x_wconf 87' lang='lat' dir='ltr'><strong>utilitatem</strong></span> <span class='ocrx_word' id='word_1_541' title='bbox 2953 3377 3096 3446; x_wconf 91' lang='lat' dir='ltr'><strong>apud</strong></span> <span class='ocrx_word' id='word_1_542' title='bbox 3139 3375 3396 3446; x_wconf 90' lang='lat' dir='ltr'><strong>populum</strong></span> <span class='ocrx_word' id='word_1_543' title='bbox 3440 3386 3596 3428; x_wconf 89' lang='lat' dir='ltr'><strong>com-</strong></span> 
     </span>
    </p>
   </div>
   <div class='ocr_carea' id='block_1_77' title="bbox 2015 3467 3594 3541">
    <p class='ocr_par' dir='ltr' id='par_1_77' title="bbox 2015 3467 3594 3541">
     <span class='ocr_line' id='line_1_77' title="bbox 2015 3467 3594 3541; baseline -0.006 -12"><span class='ocrx_word' id='word_1_544' title='bbox 2015 3474 2479 3529; x_wconf 88' lang='lat' dir='ltr'><strong>mendatissimos.</strong></span> <span class='ocrx_word' id='word_1_545' title='bbox 2529 3472 2608 3527; x_wconf 83' lang='lat' dir='ltr'><strong>Ac</strong></span> <span class='ocrx_word' id='word_1_546' title='bbox 2646 3486 2817 3526; x_wconf 89' lang='lat' dir='ltr'><strong>unum</strong></span> <span class='ocrx_word' id='word_1_547' title='bbox 2854 3471 3072 3541; x_wconf 90' lang='lat' dir='ltr'><strong>quidem</strong></span> <span class='ocrx_word' id='word_1_548' title='bbox 3109 3468 3422 3530; x_wconf 82' lang='lat' dir='ltr'><strong>Proverbia,</strong></span> <span class='ocrx_word' id='word_1_549' title='bbox 3460 3467 3594 3520; x_wconf 80' lang='lat' dir='ltr'><strong>alte-</strong></span> 
     </span>
    </p>
   </div>
   <div class='ocr_carea' id='block_1_78' title="bbox 2013 3559 3598 3632">
    <p class='ocr_par' dir='ltr' id='par_1_78' title="bbox 2013 3559 3598 3632">
     <span class='ocr_line' id='line_1_78' title="bbox 2013 3559 3598 3632; baseline -0.008 -11"><span class='ocrx_word' id='word_1_550' title='bbox 2013 3583 2134 3621; x_wconf 87' lang='lat' dir='ltr'><strong>rum</strong></span> <span class='ocrx_word' id='word_1_551' title='bbox 2171 3565 2570 3632; x_wconf 82' lang='lat' dir='ltr'><strong>Ecclesiastcm,</strong></span> <span class='ocrx_word' id='word_1_552' title='bbox 2609 3566 2828 3622; x_wconf 88' lang='lat' dir='ltr'><strong>tertium</strong></span> <span class='ocrx_word' id='word_1_553' title='bbox 2858 3578 2985 3618; x_wconf 75' lang='lat' dir='ltr'><strong>vero</strong></span> <span class='ocrx_word' id='word_1_554' title='bbox 3012 3561 3234 3618; x_wconf 81' lang='lat' dir='ltr'><strong>Cantica</strong></span> <span class='ocrx_word' id='word_1_555' title='bbox 3264 3559 3598 3613; x_wconf 83' lang='lat' dir='ltr'><strong>canticorum</strong></span> 
     </span>
    </p>
   </div>
   <div class='ocr_carea' id='block_1_79' title="bbox 2013 3651 3602 3727">
    <p class='ocr_par' dir='ltr' id='par_1_79' title="bbox 2013 3651 3602 3727">
     <span class='ocr_line' id='line_1_79' title="bbox 2013 3651 3602 3727; baseline -0.007 -16"><span class='ocrx_word' id='word_1_556' title='bbox 2013 3658 2310 3727; x_wconf 85' lang='lat' dir='ltr'><strong>inscripsit.</strong></span> <span class='ocrx_word' id='word_1_557' title='bbox 2367 3657 2506 3711; x_wconf 88' lang='lat' dir='ltr'><strong>Sunt</strong></span> <span class='ocrx_word' id='word_1_558' title='bbox 2561 3667 2616 3712; x_wconf 91' lang='lat' dir='ltr'><strong>et</strong></span> <span class='ocrx_word' id='word_1_559' title='bbox 2652 3655 2742 3710; x_wconf 91' lang='lat' dir='ltr'><strong>alii</strong></span> <span class='ocrx_word' id='word_1_560' title='bbox 2793 3654 2914 3726; x_wconf 81' lang='lat' dir='ltr'><strong>eius</strong></span> <span class='ocrx_word' id='word_1_561' title='bbox 2959 3652 3182 3724; x_wconf 88' lang='lat' dir='ltr'><strong>plurimi</strong></span> <span class='ocrx_word' id='word_1_562' title='bbox 3238 3651 3397 3716; x_wconf 90' lang='lat' dir='ltr'><strong>libri,</strong></span> <span class='ocrx_word' id='word_1_563' title='bbox 3461 3663 3602 3719; x_wconf 88' lang='lat' dir='ltr'><strong>quos</strong></span> 
     </span>
    </p>
   </div>
   <div class='ocr_carea' id='block_1_80' title="bbox 2012 3741 3599 3820">
    <p class='ocr_par' dir='ltr' id='par_1_80' title="bbox 2012 3741 3599 3820">
     <span class='ocr_line' id='line_1_80' title="bbox 2012 3741 3599 3820; baseline -0.009 -12"><span class='ocrx_word' id='word_1_564' title='bbox 2012 3753 2368 3808; x_wconf 86' lang='lat' dir='ltr'><strong>occultandos</strong></span> <span class='ocrx_word' id='word_1_565' title='bbox 2394 3751 2608 3806; x_wconf 87' lang='lat' dir='ltr'><strong>censuit</strong></span> <span class='ocrx_word' id='word_1_566' title='bbox 2631 3749 2753 3820; x_wconf 88' lang='lat' dir='ltr'><strong>pius</strong></span> <span class='ocrx_word' id='word_1_567' title='bbox 2786 3764 2880 3803; x_wconf 81' lang='lat' dir='ltr'><strong>rex</strong></span> <span class='ocrx_word' id='word_1_568' title='bbox 2899 3747 3183 3807; x_wconf 79' lang='lat' dir='ltr'><strong>Ezechias.</strong></span> <span class='ocrx_word' id='word_1_569' title='bbox 3217 3744 3425 3798; x_wconf 90' lang='lat' dir='ltr'><strong>nullam</strong></span> <span class='ocrx_word' id='word_1_570' title='bbox 3449 3741 3599 3796; x_wconf 85' lang='lat' dir='ltr'><strong>utili-</strong></span> 
     </span>
    </p>
   </div>
   <div class='ocr_carea' id='block_1_81' title="bbox 2014 3837 3600 3908">
    <p class='ocr_par' dir='ltr' id='par_1_81' title="bbox 2014 3837 3600 3908">
     <span class='ocr_line' id='line_1_81' title="bbox 2014 3837 3600 3908; baseline -0.008 -6"><span class='ocrx_word' id='word_1_571' title='bbox 2014 3858 2177 3902; x_wconf 89' lang='lat' dir='ltr'><strong>tatem</strong></span> <span class='ocrx_word' id='word_1_572' title='bbox 2208 3846 2439 3900; x_wconf 87' lang='lat' dir='ltr'><strong>inveniri</strong></span> <span class='ocrx_word' id='word_1_573' title='bbox 2476 3855 2628 3900; x_wconf 90' lang='lat' dir='ltr'><strong>ratus</strong></span> <span class='ocrx_word' id='word_1_574' title='bbox 2672 3845 2727 3898; x_wconf 92' lang='lat' dir='ltr'><strong>in</strong></span> <span class='ocrx_word' id='word_1_575' title='bbox 2761 3843 2949 3898; x_wconf 90' lang='lat' dir='ltr'><strong>multis</strong></span> <span class='ocrx_word' id='word_1_576' title='bbox 2982 3842 3155 3897; x_wconf 87' lang='lat' dir='ltr'><strong>libris.</strong></span> <span class='ocrx_word' id='word_1_577' title='bbox 3194 3839 3302 3896; x_wconf 85' lang='lat' dir='ltr'><strong>Eos</strong></span> <span class='ocrx_word' id='word_1_578' title='bbox 3347 3853 3477 3894; x_wconf 90' lang='lat' dir='ltr'><strong>vero</strong></span> <span class='ocrx_word' id='word_1_579' title='bbox 3505 3837 3600 3908; x_wconf 92' lang='lat' dir='ltr'><strong>qui</strong></span> 
     </span>
    </p>
   </div>
   <div class='ocr_carea' id='block_1_82' title="bbox 2011 3932 3599 4012">
    <p class='ocr_par' dir='ltr' id='par_1_82' title="bbox 2011 3932 3599 4012">
     <span class='ocr_line' id='line_1_82' title="bbox 2011 3932 3599 4012; baseline -0.008 -16"><span class='ocrx_word' id='word_1_580' title='bbox 2011 3949 2180 4012; x_wconf 86' lang='lat' dir='ltr'><strong>agunt</strong></span> <span class='ocrx_word' id='word_1_581' title='bbox 2234 3941 2300 3996; x_wconf 92' lang='lat' dir='ltr'><strong>de</strong></span> <span class='ocrx_word' id='word_1_582' title='bbox 2338 3940 2591 4010; x_wconf 74' lang='lat' dir='ltr'><strong>iugandis</strong></span> <span class='ocrx_word' id='word_1_583' title='bbox 2645 3939 3018 4004; x_wconf 73' lang='lat' dir='ltr'><strong>dannonibus,</strong></span> <span class='ocrx_word' id='word_1_584' title='bbox 3079 3935 3164 3990; x_wconf 87' lang='lat' dir='ltr'><strong>vel</strong></span> <span class='ocrx_word' id='word_1_585' title='bbox 3220 3934 3286 3988; x_wconf 91' lang='lat' dir='ltr'><strong>de</strong></span> <span class='ocrx_word' id='word_1_586' title='bbox 3338 3932 3599 3988; x_wconf 91' lang='lat' dir='ltr'><strong>sanandis</strong></span> 
     </span>
    </p>
   </div>
   <div class='ocr_carea' id='block_1_83' title="bbox 2012 4028 3601 4103">
    <p class='ocr_par' dir='ltr' id='par_1_83' title="bbox 2012 4028 3601 4103">
     <span class='ocr_line' id='line_1_83' title="bbox 2012 4028 3601 4103; baseline -0.005 -15"><span class='ocrx_word' id='word_1_587' title='bbox 2012 4035 2240 4098; x_wconf 89' lang='lat' dir='ltr'><strong>morbis,</strong></span> <span class='ocrx_word' id='word_1_588' title='bbox 2283 4045 2376 4088; x_wconf 87' lang='lat' dir='ltr'><strong>aut</strong></span> <span class='ocrx_word' id='word_1_589' title='bbox 2405 4032 2718 4103; x_wconf 89' lang='lat' dir='ltr'><strong>detegendis</strong></span> <span class='ocrx_word' id='word_1_590' title='bbox 2757 4029 3005 4096; x_wconf 80' lang='lat' dir='ltr'><strong>furibus,</strong></span> <span class='ocrx_word' id='word_1_591' title='bbox 3040 4028 3350 4084; x_wconf 69' lang='lat' dir='ltr'><strong>Iudaeorum</strong></span> <span class='ocrx_word' id='word_1_592' title='bbox 3397 4035 3601 4099; x_wconf 72' lang='lat' dir='ltr'><strong>agyrtaa</strong></span> 
     </span>
    </p>
   </div>
   <div class='ocr_carea' id='block_1_84' title="bbox 2011 4117 3600 4193">
    <p class='ocr_par' dir='ltr' id='par_1_84' title="bbox 2011 4117 3600 4193">
     <span class='ocr_line' id='line_1_84' title="bbox 2011 4117 3600 4193; baseline -0.005 -14"><span class='ocrx_word' id='word_1_593' title='bbox 2011 4124 2154 4193; x_wconf 89' lang='lat' dir='ltr'><strong>apud</strong></span> <span class='ocrx_word' id='word_1_594' title='bbox 2198 4139 2256 4178; x_wconf 86' lang='lat' dir='ltr'><strong>se</strong></span> <span class='ocrx_word' id='word_1_595' title='bbox 2289 4123 2510 4191; x_wconf 88' lang='lat' dir='ltr'><strong>quidem</strong></span> <span class='ocrx_word' id='word_1_596' title='bbox 2548 4121 2966 4191; x_wconf 86' lang='lat' dir='ltr'><strong>diligentissime</strong></span> <span class='ocrx_word' id='word_1_597' title='bbox 3013 4119 3362 4184; x_wconf 87' lang='lat' dir='ltr'><strong>custodiunt,</strong></span> <span class='ocrx_word' id='word_1_598' title='bbox 3402 4117 3600 4188; x_wconf 90' lang='lat' dir='ltr'><strong>quibus</strong></span> 
     </span>
    </p>
   </div>
   <div class='ocr_carea' id='block_1_85' title="bbox 2011 4211 3598 4275">
    <p class='ocr_par' dir='ltr' id='par_1_85' title="bbox 2011 4211 3598 4275">
     <span class='ocr_line' id='line_1_85' title="bbox 2011 4211 3598 4275; baseline -0.006 -6"><span class='ocrx_word' id='word_1_599' title='bbox 2011 4224 2192 4270; x_wconf 90' lang='lat' dir='ltr'><strong>tamen</strong></span> <span class='ocrx_word' id='word_1_600' title='bbox 2253 4214 2438 4268; x_wconf 69' lang='lat' dir='ltr'><strong>fideles</strong></span> <span class='ocrx_word' id='word_1_601' title='bbox 2491 4223 2696 4268; x_wconf 69' lang='lat' dir='ltr'><strong>sanctae</strong></span> <span class='ocrx_word' id='word_1_602' title='bbox 2749 4212 3005 4266; x_wconf 84' lang='lat' dir='ltr'><strong>Ecclesiae</strong></span> <span class='ocrx_word' id='word_1_603' title='bbox 3072 4211 3295 4264; x_wconf 90' lang='lat' dir='ltr'><strong>minime</strong></span> <span class='ocrx_word' id='word_1_604' title='bbox 3351 4219 3598 4275; x_wconf 88' lang='lat' dir='ltr'><strong>utuntur,</strong></span> 
     </span>
    </p>
   </div>
   <div class='ocr_carea' id='block_1_86' title="bbox 2012 4299 3598 4378">
    <p class='ocr_par' dir='ltr' id='par_1_86' title="bbox 2012 4299 3598 4378">
     <span class='ocr_line' id='line_1_86' title="bbox 2012 4299 3598 4378; baseline -0.004 -19"><span class='ocrx_word' id='word_1_605' title='bbox 2012 4316 2301 4378; x_wconf 84' lang='lat' dir='ltr'><strong>propterea</strong></span> <span class='ocrx_word' id='word_1_606' title='bbox 2332 4306 2478 4376; x_wconf 91' lang='lat' dir='ltr'><strong>quod</strong></span> <span class='ocrx_word' id='word_1_607' title='bbox 2508 4305 2685 4360; x_wconf 91' lang='lat' dir='ltr'><strong>edocti</strong></span> <span class='ocrx_word' id='word_1_608' title='bbox 2718 4313 2846 4358; x_wconf 90' lang='lat' dir='ltr'><strong>sunt</strong></span> <span class='ocrx_word' id='word_1_609' title='bbox 2875 4305 3086 4372; x_wconf 85' lang='lat' dir='ltr'><strong>seipsos</strong></span> <span class='ocrx_word' id='word_1_610' title='bbox 3119 4301 3466 4356; x_wconf 88' lang='lat' dir='ltr'><strong>sanctilicare</strong></span> <span class='ocrx_word' id='word_1_611' title='bbox 3495 4299 3598 4353; x_wconf 77' lang='lat' dir='ltr'><strong>fide</strong></span> 
     </span>
    </p>
   </div>
   <div class='ocr_carea' id='block_1_87' title="bbox 2011 4392 3597 4458">
    <p class='ocr_par' dir='ltr' id='par_1_87' title="bbox 2011 4392 3597 4458">
     <span class='ocr_line' id='line_1_87' title="bbox 2011 4392 3597 4458; baseline -0.007 -3"><span class='ocrx_word' id='word_1_612' title='bbox 2011 4401 2235 4456; x_wconf 77' lang='lat' dir='ltr'><strong>Christi.</strong></span> <span class='ocrx_word' id='word_1_613' title='bbox 2276 4398 2412 4454; x_wconf 85' lang='lat' dir='ltr'><strong>Cum</strong></span> <span class='ocrx_word' id='word_1_614' title='bbox 2473 4397 2725 4454; x_wconf 89' lang='lat' dir='ltr'><strong>undecim</strong></span> <span class='ocrx_word' id='word_1_615' title='bbox 2782 4411 3052 4451; x_wconf 91' lang='lat' dir='ltr'><strong>annorum</strong></span> <span class='ocrx_word' id='word_1_616' title='bbox 3093 4403 3270 4458; x_wconf 82' lang='lat' dir='ltr'><strong>esset,</strong></span> <span class='ocrx_word' id='word_1_617' title='bbox 3327 4401 3380 4446; x_wconf 90' lang='lat' dir='ltr'><strong>et</strong></span> <span class='ocrx_word' id='word_1_618' title='bbox 3432 4392 3597 4446; x_wconf 88' lang='lat' dir='ltr'><strong>etiam</strong></span> 
     </span>
    </p>
   </div>
   <div class='ocr_carea' id='block_1_88' title="bbox 2014 4486 3598 4566">
    <p class='ocr_par' dir='ltr' id='par_1_88' title="bbox 2014 4486 3598 4566">
     <span class='ocr_line' id='line_1_88' title="bbox 2014 4486 3598 4566; baseline -0.007 -15"><span class='ocrx_word' id='word_1_619' title='bbox 2014 4508 2306 4566; x_wconf 88' lang='lat' dir='ltr'><strong>antequam</strong></span> <span class='ocrx_word' id='word_1_620' title='bbox 2347 4509 2572 4565; x_wconf 90' lang='lat' dir='ltr'><strong>regnum</strong></span> <span class='ocrx_word' id='word_1_621' title='bbox 2612 4492 2902 4560; x_wconf 87' lang='lat' dir='ltr'><strong>obtineret,</strong></span> <span class='ocrx_word' id='word_1_622' title='bbox 2947 4491 3118 4545; x_wconf 81' lang='lat' dir='ltr'><strong>[ilium</strong></span> <span class='ocrx_word' id='word_1_623' title='bbox 3154 4491 3413 4560; x_wconf 87' lang='lat' dir='ltr'><strong>genuisse</strong></span> <span class='ocrx_word' id='word_1_624' title='bbox 3443 4486 3598 4540; x_wconf 83' lang='lat' dir='ltr'><strong>vide-</strong></span> 
     </span>
    </p>
   </div>
   <div class='ocr_carea' id='block_1_89' title="bbox 325 4575 1909 4656">
    <p class='ocr_par' dir='ltr' id='par_1_89' title="bbox 325 4577 1904 4652">
     <span class='ocr_line' id='line_1_89' title="bbox 325 4577 1904 4652; baseline 0.001 -21"><span class='ocrx_word' id='word_1_625' title='bbox 325 4579 420 4649; x_wconf 81' lang='grc' dir='ltr'><strong>τὴν</strong></span> <span class='ocrx_word' id='word_1_626' title='bbox 463 4579 763 4650; x_wconf 86' lang='grc' dir='ltr'>βασιλείαν.</span> <span class='ocrx_word' id='word_1_627' title='bbox 810 4577 1105 4632; x_wconf 86' lang='grc' dir='ltr'>Ἐνιαυτῶν</span> <span class='ocrx_word' id='word_1_628' title='bbox 1134 4579 1375 4647; x_wconf 86' lang='grc' dir='ltr'>γεγονὼς</span> <span class='ocrx_word' id='word_1_629' title='bbox 1416 4580 1624 4651; x_wconf 85' lang='grc'>(90)....</span> <span class='ocrx_word' id='word_1_630' title='bbox 1653 4581 1904 4652; x_wconf 86' lang='grc' dir='ltr'>τελευτᾷ,</span> 
     </span>
    </p>
   </div>
   <div class='ocr_carea' id='block_1_90' title="bbox 2016 4575 3600 4656">
    <p class='ocr_par' dir='ltr' id='par_1_90' title="bbox 2016 4584 3600 4656">
     <span class='ocr_line' id='line_1_90' title="bbox 2016 4584 3600 4656; baseline -0.008 -12"><span class='ocrx_word' id='word_1_631' title='bbox 2016 4599 2121 4644; x_wconf 89' lang='lat' dir='ltr'><strong>tur.</strong></span> <span class='ocrx_word' id='word_1_632' title='bbox 2167 4586 2346 4656; x_wconf 86' lang='lat' dir='ltr'><strong>Quum</strong></span> <span class='ocrx_word' id='word_1_633' title='bbox 2390 4587 2536 4642; x_wconf 90' lang='lat' dir='ltr'><strong>enim</strong></span> <span class='ocrx_word' id='word_1_634' title='bbox 2565 4584 2852 4640; x_wconf 88' lang='lat' dir='ltr'><strong>duodecim</strong></span> <span class='ocrx_word' id='word_1_635' title='bbox 2895 4597 3072 4636; x_wconf 90' lang='lat' dir='ltr'><strong>annos</strong></span> <span class='ocrx_word' id='word_1_636' title='bbox 3120 4589 3281 4634; x_wconf 89' lang='lat' dir='ltr'><strong>natus</strong></span> <span class='ocrx_word' id='word_1_637' title='bbox 3315 4588 3480 4644; x_wconf 88' lang='lat' dir='ltr'><strong>esset,</strong></span> <span class='ocrx_word' id='word_1_638' title='bbox 3517 4592 3600 4631; x_wconf 87' lang='lat' dir='ltr'><strong>re-</strong></span> 
     </span>
    </p>
   </div>
   <div class='ocr_carea' id='block_1_91' title="bbox 325 4670 1900 4744">
    <p class='ocr_par' dir='ltr' id='par_1_91' title="bbox 325 4670 1900 4744">
     <span class='ocr_line' id='line_1_91' title="bbox 325 4670 1900 4744; baseline 0 -18"><span class='ocrx_word' id='word_1_639' title='bbox 325 4673 586 4739; x_wconf 86' lang='grc' dir='ltr'>γυναῖκας</span> <span class='ocrx_word' id='word_1_640' title='bbox 607 4671 969 4736; x_wconf 78' lang='grc' dir='ltr'>ἑπτακοσίους</span> <span class='ocrx_word' id='word_1_641' title='bbox 994 4672 1087 4725; x_wconf 70' lang='grc' dir='ltr'>καὶ</span> <span class='ocrx_word' id='word_1_642' title='bbox 1113 4670 1397 4736; x_wconf 77' lang='grc' dir='ltr'>παλλακὰς</span> <span class='ocrx_word' id='word_1_643' title='bbox 1424 4672 1744 4743; x_wconf 87' lang='grc' dir='ltr'>τριακοσίας</span> <span class='ocrx_word' id='word_1_644' title='bbox 1766 4691 1900 4744; x_wconf 78' lang='grc' dir='ltr'>κτη-</span> 
     </span>
    </p>
   </div>
   <div class='ocr_carea' id='block_1_92' title="bbox 327 4763 1901 4836">
    <p class='ocr_par' dir='ltr' id='par_1_92' title="bbox 327 4763 1901 4836">
     <span class='ocr_line' id='line_1_92' title="bbox 327 4763 1901 4836; baseline 0.001 -20"><span class='ocrx_word' id='word_1_645' title='bbox 327 4763 579 4834; x_wconf 76' lang='grc' dir='ltr'>σάμενος.</span> <span class='ocrx_word' id='word_1_646' title='bbox 623 4763 737 4817; x_wconf 75' lang='grc' dir='ltr'>Οὐκ</span> <span class='ocrx_word' id='word_1_647' title='bbox 782 4763 1022 4828; x_wconf 84' lang='grc' dir='ltr'>εὐκλεῶς</span> <span class='ocrx_word' id='word_1_648' title='bbox 1068 4763 1446 4834; x_wconf 83' lang='grc' dir='ltr'>ἀποθνήσκει,</span> <span class='ocrx_word' id='word_1_649' title='bbox 1502 4765 1732 4836; x_wconf 84' lang='grc' dir='ltr'>ἐπείπερ</span> <span class='ocrx_word' id='word_1_650' title='bbox 1777 4769 1901 4830; x_wconf 89' lang='grc' dir='ltr'>ταῖς</span> 
     </span>
    </p>
   </div>
   <div class='ocr_carea' id='block_1_93' title="bbox 322 4854 1902 4938">
    <p class='ocr_par' dir='ltr' id='par_1_93' title="bbox 322 4854 1902 4938">
     <span class='ocr_line' id='line_1_93' title="bbox 322 4854 1902 4938; baseline 0.002 -29"><span class='ocrx_word' id='word_1_651' title='bbox 322 4856 564 4920; x_wconf 74' lang='grc' dir='ltr'>ἐθνικαῖς</span> <span class='ocrx_word' id='word_1_652' title='bbox 583 4854 752 4938; x_wconf 59' lang='grc' dir='ltr'>αὐτού</span> <span class='ocrx_word' id='word_1_653' title='bbox 769 4855 1128 4927; x_wconf 69' lang='grc' dir='ltr'>χαριζόμενος</span> <span class='ocrx_word' id='word_1_654' title='bbox 1148 4855 1384 4921; x_wconf 70' lang='grc' dir='ltr'>γυναιξὶ,</span> <span class='ocrx_word' id='word_1_655' title='bbox 1405 4857 1565 4920; x_wconf 76' lang='grc' dir='ltr'>ναοὺς</span> <span class='ocrx_word' id='word_1_656' title='bbox 1587 4860 1699 4920; x_wconf 85' lang='grc' dir='ltr'>τοῖς</span> <span class='ocrx_word' id='word_1_657' title='bbox 1721 4859 1902 4912; x_wconf 84' lang='grc' dir='ltr'>αὐτῶν</span> 
     </span>
    </p>
   </div>
   <div class='ocr_carea' id='block_1_94' title="bbox 323 4948 830 5021">
    <p class='ocr_par' dir='ltr' id='par_1_94' title="bbox 323 4948 830 5021">
     <span class='ocr_line' id='line_1_94' title="bbox 323 4948 830 5021; baseline 0.004 -19"><span class='ocrx_word' id='word_1_658' title='bbox 323 4950 460 5014; x_wconf 81' lang='grc' dir='ltr'>θεοῖς</span> <span class='ocrx_word' id='word_1_659' title='bbox 487 4948 830 5021; x_wconf 81' lang='grc' dir='ltr'>ᾠκοδόμησε.</span> 
     </span>
    </p>
   </div>
   <div class='ocr_carea' id='block_1_95' title="bbox 325 5242 1905 5316">
    <p class='ocr_par' dir='ltr' id='par_1_95' title="bbox 325 5242 1905 5316">
     <span class='ocr_line' id='line_1_95' title="bbox 325 5242 1905 5316; baseline 0.003 -19"><span class='ocrx_word' id='word_1_660' title='bbox 325 5243 577 5300; x_wconf 76' lang='grc' dir='ltr'><strong>ΚΕΦΑΛ.</strong></span> <span class='ocrx_word' id='word_1_661' title='bbox 615 5242 737 5316; x_wconf 85' lang='lat' dir='ltr'><strong>OE&#39;.</strong></span> <span class='ocrx_word' id='word_1_662' title='bbox 771 5276 838 5286; x_wconf 95' lang='lat'><strong>—</strong></span> <span class='ocrx_word' id='word_1_663' title='bbox 880 5244 1018 5298; x_wconf 80' lang='grc' dir='ltr'>Τίνα</span> <span class='ocrx_word' id='word_1_664' title='bbox 1046 5244 1117 5298; x_wconf 84' lang='grc' dir='ltr'>τὰ</span> <span class='ocrx_word' id='word_1_665' title='bbox 1154 5244 1272 5316; x_wconf 72' lang='grc' dir='ltr'><strong>ὑπὸ</strong></span> <span class='ocrx_word' id='word_1_666' title='bbox 1328 5245 1568 5299; x_wconf 80' lang='grc' dir='ltr'>Ἡσαΐου</span> <span class='ocrx_word' id='word_1_667' title='bbox 1612 5246 1716 5302; x_wconf 87' lang='grc' dir='ltr'>τοῦ</span> <span class='ocrx_word' id='word_1_668' title='bbox 1759 5263 1905 5316; x_wconf 85' lang='grc' dir='ltr'>προ-</span> 
     </span>
    </p>
   </div>
   <div class='ocr_carea' id='block_1_96' title="bbox 640 5315 1572 5386">
    <p class='ocr_par' dir='ltr' id='par_1_96' title="bbox 640 5315 1572 5386">
     <span class='ocr_line' id='line_1_96' title="bbox 640 5315 1572 5386; baseline 0.002 -19"><span class='ocrx_word' id='word_1_669' title='bbox 640 5315 837 5385; x_wconf 70' lang='grc' dir='ltr'>φήτου</span> <span class='ocrx_word' id='word_1_670' title='bbox 867 5315 1254 5386; x_wconf 79' lang='grc' dir='ltr'>πεπραγμένα</span> <span class='ocrx_word' id='word_1_671' title='bbox 1283 5318 1572 5385; x_wconf 77' lang='grc' dir='ltr'>θαύματα.</span> 
     </span>
    </p>
   </div>
   <div class='ocr_carea' id='block_1_97' title="bbox 395 5433 1910 5505">
    <p class='ocr_par' dir='ltr' id='par_1_97' title="bbox 395 5433 1910 5505">
     <span class='ocr_line' id='line_1_97' title="bbox 395 5433 1910 5505; baseline 0 -18"><span class='ocrx_word' id='word_1_672' title='bbox 395 5435 532 5502; x_wconf 83' lang='grc' dir='ltr'>Περὶ</span> <span class='ocrx_word' id='word_1_673' title='bbox 581 5434 679 5504; x_wconf 75' lang='grc' dir='ltr'>τῆς</span> <span class='ocrx_word' id='word_1_674' title='bbox 737 5433 830 5487; x_wconf 80' lang='grc' dir='ltr'><strong>τοῦ</strong></span> <span class='ocrx_word' id='word_1_675' title='bbox 877 5434 1131 5505; x_wconf 84' lang='grc' dir='ltr'>Σωτῆρος</span> <span class='ocrx_word' id='word_1_676' title='bbox 1180 5435 1484 5505; x_wconf 87' lang='grc' dir='ltr'>παρουσίας</span> <span class='ocrx_word' id='word_1_677' title='bbox 1538 5437 1755 5500; x_wconf 86' lang='grc' dir='ltr'>πολλοῖς</span> <span class='ocrx_word' id='word_1_678' title='bbox 1811 5433 1910 5492; x_wconf 86' lang='grc' dir='ltr'><strong>καὶ</strong></span> 
     </span>
    </p>
   </div>
   <div class='ocr_carea' id='block_1_98' title="bbox 332 5527 1910 5602">
    <p class='ocr_par' dir='ltr' id='par_1_98' title="bbox 332 5527 1910 5602">
     <span class='ocr_line' id='line_1_98' title="bbox 332 5527 1910 5602; baseline 0.005 -25"><span class='ocrx_word' id='word_1_679' title='bbox 332 5527 600 5591; x_wconf 84' lang='grc' dir='ltr'>ποικίλοις</span> <span class='ocrx_word' id='word_1_680' title='bbox 631 5528 853 5596; x_wconf 84' lang='grc' dir='ltr'>τρόποις</span> <span class='ocrx_word' id='word_1_681' title='bbox 880 5528 1304 5600; x_wconf 81' lang='grc' dir='ltr'>προεφήτευσεν.</span> <span class='ocrx_word' id='word_1_682' title='bbox 1357 5528 1781 5601; x_wconf 71' lang='grc' dir='ltr'>ὐφθαλμοερανῆ</span> <span class='ocrx_word' id='word_1_683' title='bbox 1812 5530 1910 5602; x_wconf 82' lang='grc' dir='ltr'>τὴν</span> 
     </span>
    </p>
   </div>
   <div class='ocr_carea' id='block_1_99' title="bbox 397 5641 1896 5717">
    <p class='ocr_par' dir='ltr' id='par_1_99' title="bbox 397 5641 1896 5717">
     <span class='ocr_line' id='line_1_99' title="bbox 397 5641 1896 5717; baseline 0.001 -19"><span class='ocrx_word' id='word_1_684' title='bbox 397 5643 506 5712; x_wconf 88' lang='lat'><strong>(88)</strong></span> <span class='ocrx_word' id='word_1_685' title='bbox 543 5641 722 5717; x_wconf 53' lang='lat' dir='ltr'><strong>Lurius</strong></span> <span class='ocrx_word' id='word_1_686' title='bbox 763 5644 845 5717; x_wconf 81' lang='lat' dir='ltr'><strong>vel</strong></span> <span class='ocrx_word' id='word_1_687' title='bbox 877 5641 1011 5700; x_wconf 84' lang='lat' dir='ltr'><strong>Cod.</strong></span> <span class='ocrx_word' id='word_1_688' title='bbox 1036 5645 1131 5717; x_wconf 76' lang='lat' dir='ltr'><strong>vel</strong></span> <span class='ocrx_word' id='word_1_689' title='bbox 1167 5654 1376 5717; x_wconf 85' lang='lat' dir='ltr'><strong>typogr.</strong></span> <span class='ocrx_word' id='word_1_690' title='bbox 1412 5644 1542 5717; x_wconf 81' lang='lat' dir='ltr'><strong>vitio</strong></span> <span class='ocrx_word' id='word_1_691' title='bbox 1583 5656 1896 5714; x_wconf 75' lang='lat' dir='ltr'><strong>corruptus,</strong></span> 
     </span>
    </p>
   </div>
   <div class='ocr_carea' id='block_1_100' title="bbox 337 5711 1897 5785">
    <p class='ocr_par' dir='ltr' id='par_1_100' title="bbox 337 5711 1897 5785">
     <span class='ocr_line' id='line_1_100' title="bbox 337 5711 1897 5785; baseline 0.003 -21"><span class='ocrx_word' id='word_1_692' title='bbox 337 5711 486 5782; x_wconf 85' lang='lat' dir='ltr'><strong>quem</strong></span> <span class='ocrx_word' id='word_1_693' title='bbox 521 5715 602 5785; x_wconf 87' lang='lat' dir='ltr'><strong>sic</strong></span> <span class='ocrx_word' id='word_1_694' title='bbox 631 5711 913 5769; x_wconf 84' lang='lat' dir='ltr'><strong>Fabricius</strong></span> <span class='ocrx_word' id='word_1_695' title='bbox 957 5711 1241 5770; x_wconf 57' lang='lat' dir='ltr'><strong>reddidit&#39;i</strong></span> <span class='ocrx_word' id='word_1_696' title='bbox 1276 5711 1467 5785; x_wconf 61' lang='lat' dir='ltr'><strong>populo</strong></span> <span class='ocrx_word' id='word_1_697' title='bbox 1510 5733 1626 5768; x_wconf 84' lang='lat' dir='ltr'><strong>cum</strong></span> <span class='ocrx_word' id='word_1_698' title='bbox 1663 5711 1787 5785; x_wconf 70' lang='lat' dir='ltr'><strong>pace</strong></span> <span class='ocrx_word' id='word_1_699' title='bbox 1836 5733 1897 5769; x_wconf 82' lang='lat' dir='ltr'><strong>ac</strong></span> 
     </span>
    </p>
   </div>
   <div class='ocr_carea' id='block_1_101' title="bbox 334 5784 1896 5851">
    <p class='ocr_par' dir='ltr' id='par_1_101' title="bbox 334 5784 1896 5851">
     <span class='ocr_line' id='line_1_101' title="bbox 334 5784 1896 5851; baseline 0.002 -15"><span class='ocrx_word' id='word_1_700' title='bbox 334 5786 497 5850; x_wconf 83' lang='lat' dir='ltr'><strong>quiete</strong></span> <span class='ocrx_word' id='word_1_701' title='bbox 519 5784 613 5838; x_wconf 83' lang='lat' dir='ltr'><strong>sub</strong></span> <span class='ocrx_word' id='word_1_702' title='bbox 648 5784 741 5838; x_wconf 80' lang='lat' dir='ltr'><strong>illo</strong></span> <span class='ocrx_word' id='word_1_703' title='bbox 759 5786 970 5839; x_wconf 75' lang='lat' dir='ltr'><strong>vivente.</strong></span> <span class='ocrx_word' id='word_1_704' title='bbox 990 5785 1129 5851; x_wconf 87' lang='lat' dir='ltr'><strong>Quid</strong></span> <span class='ocrx_word' id='word_1_705' title='bbox 1153 5789 1195 5844; x_wconf 92' lang='lat' dir='ltr'><strong>si</strong></span> <span class='ocrx_word' id='word_1_706' title='bbox 1225 5784 1400 5840; x_wconf 85' lang='lat' dir='ltr'><strong>loeutn</strong></span> <span class='ocrx_word' id='word_1_707' title='bbox 1437 5790 1506 5841; x_wconf 86' lang='lat' dir='ltr'><strong>ita</strong></span> <span class='ocrx_word' id='word_1_708' title='bbox 1529 5784 1811 5841; x_wconf 64' lang='lat' dir='ltr'><strong>restitnat‘n</strong></span> <span class='ocrx_word' id='word_1_709' title='bbox 1831 5803 1896 5840; x_wconf 71' lang='lat' dir='ltr'><strong>ex</strong></span> 
     </span>
    </p>
   </div>
   <div class='ocr_carea' id='block_1_102' title="bbox 2009 4675 3601 4755">
    <p class='ocr_par' dir='ltr' id='par_1_102' title="bbox 2009 4675 3601 4755">
     <span class='ocr_line' id='line_1_102' title="bbox 2009 4675 3601 4755; baseline -0.009 -19"><span class='ocrx_word' id='word_1_710' title='bbox 2009 4698 2174 4755; x_wconf 83' lang='lat' dir='ltr'><strong>gnum</strong></span> <span class='ocrx_word' id='word_1_711' title='bbox 2210 4679 2348 4736; x_wconf 89' lang='lat' dir='ltr'><strong>adiit</strong></span> <span class='ocrx_word' id='word_1_712' title='bbox 2373 4698 2386 4734; x_wconf 89' lang='lat'><strong>:</strong></span> <span class='ocrx_word' id='word_1_713' title='bbox 2416 4687 2606 4750; x_wconf 86' lang='lat' dir='ltr'><strong>regnat</strong></span> <span class='ocrx_word' id='word_1_714' title='bbox 2633 4693 2796 4748; x_wconf 92' lang='lat' dir='ltr'><strong>porro</strong></span> <span class='ocrx_word' id='word_1_715' title='bbox 2826 4677 2876 4732; x_wconf 94' lang='lat' dir='ltr'><strong>in</strong></span> <span class='ocrx_word' id='word_1_716' title='bbox 2905 4675 3223 4730; x_wconf 87' lang='lat' dir='ltr'><strong>universum</strong></span> <span class='ocrx_word' id='word_1_717' title='bbox 3257 4686 3435 4726; x_wconf 87' lang='lat' dir='ltr'><strong>annos</strong></span> <span class='ocrx_word' id='word_1_718' title='bbox 3462 4685 3601 4739; x_wconf 85' lang='lat' dir='ltr'><strong>qna-</strong></span> 
     </span>
    </p>
   </div>
   <div class='ocr_carea' id='block_1_103' title="bbox 2009 4768 3598 4845">
    <p class='ocr_par' dir='ltr' id='par_1_103' title="bbox 2009 4768 3598 4845">
     <span class='ocr_line' id='line_1_103' title="bbox 2009 4768 3598 4845; baseline -0.009 -16"><span class='ocrx_word' id='word_1_719' title='bbox 2009 4775 2281 4845; x_wconf 86' lang='lat' dir='ltr'><strong>draginta,</strong></span> <span class='ocrx_word' id='word_1_720' title='bbox 2307 4772 2604 4841; x_wconf 90' lang='lat' dir='ltr'><strong>relictoque</strong></span> <span class='ocrx_word' id='word_1_721' title='bbox 2635 4769 2915 4825; x_wconf 79' lang='lat' dir='ltr'><strong>Roboamo</strong></span> <span class='ocrx_word' id='word_1_722' title='bbox 2945 4768 3056 4821; x_wconf 89' lang='lat' dir='ltr'><strong>tilio</strong></span> <span class='ocrx_word' id='word_1_723' title='bbox 3081 4780 3266 4836; x_wconf 84' lang='lat' dir='ltr'><strong>regno,</strong></span> <span class='ocrx_word' id='word_1_724' title='bbox 3297 4780 3420 4818; x_wconf 86' lang='lat' dir='ltr'><strong>cum</strong></span> <span class='ocrx_word' id='word_1_725' title='bbox 3451 4771 3598 4817; x_wconf 86' lang='lat' dir='ltr'><strong>esset</strong></span> 
     </span>
    </p>
   </div>
   <div class='ocr_carea' id='block_1_104' title="bbox 2012 4855 3600 4929">
    <p class='ocr_par' dir='ltr' id='par_1_104' title="bbox 2012 4855 3600 4929">
     <span class='ocr_line' id='line_1_104' title="bbox 2012 4855 3600 4929; baseline -0.008 -8"><span class='ocrx_word' id='word_1_726' title='bbox 2012 4882 2374 4921; x_wconf 90' lang='lat' dir='ltr'><strong>annorum....</strong></span> <span class='ocrx_word' id='word_1_727' title='bbox 2418 4865 2682 4929; x_wconf 88' lang='lat' dir='ltr'><strong>moritur,</strong></span> <span class='ocrx_word' id='word_1_728' title='bbox 2716 4861 3039 4915; x_wconf 88' lang='lat' dir='ltr'><strong>mulieribus</strong></span> <span class='ocrx_word' id='word_1_729' title='bbox 3083 4875 3218 4913; x_wconf 90' lang='lat' dir='ltr'><strong>usus</strong></span> <span class='ocrx_word' id='word_1_730' title='bbox 3267 4855 3600 4928; x_wconf 85' lang='lat' dir='ltr'><strong>eonjngibns</strong></span> 
     </span>
    </p>
   </div>
   <div class='ocr_carea' id='block_1_105' title="bbox 2014 4948 3602 5028">
    <p class='ocr_par' dir='ltr' id='par_1_105' title="bbox 2014 4948 3602 5028">
     <span class='ocr_line' id='line_1_105' title="bbox 2014 4948 3602 5028; baseline -0.009 -14"><span class='ocrx_word' id='word_1_731' title='bbox 2014 4957 2391 5028; x_wconf 68' lang='lat' dir='ltr'><strong>St-ptingentis,</strong></span> <span class='ocrx_word' id='word_1_732' title='bbox 2441 4955 2764 5010; x_wconf 90' lang='lat' dir='ltr'><strong>concubinis</strong></span> <span class='ocrx_word' id='word_1_733' title='bbox 2819 4969 2946 5008; x_wconf 83' lang='lat' dir='ltr'><strong>vero</strong></span> <span class='ocrx_word' id='word_1_734' title='bbox 2999 4951 3281 5006; x_wconf 87' lang='lat' dir='ltr'><strong>trecentis.</strong></span> <span class='ocrx_word' id='word_1_735' title='bbox 3327 4948 3602 5015; x_wconf 78' lang='lat' dir='ltr'><strong>lltglot&#39;ilts</strong></span> 
     </span>
    </p>
   </div>
   <div class='ocr_carea' id='block_1_106' title="bbox 2014 5044 3600 5119">
    <p class='ocr_par' dir='ltr' id='par_1_106' title="bbox 2014 5044 3600 5119">
     <span class='ocr_line' id='line_1_106' title="bbox 2014 5044 3600 5119; baseline -0.009 -15"><span class='ocrx_word' id='word_1_736' title='bbox 2014 5053 2268 5113; x_wconf 88' lang='lat' dir='ltr'><strong>moritur,</strong></span> <span class='ocrx_word' id='word_1_737' title='bbox 2298 5049 2498 5119; x_wconf 90' lang='lat' dir='ltr'><strong>quippe</strong></span> <span class='ocrx_word' id='word_1_738' title='bbox 2531 5047 2622 5118; x_wconf 87' lang='lat' dir='ltr'><strong>qui</strong></span> <span class='ocrx_word' id='word_1_739' title='bbox 2671 5046 2788 5101; x_wconf 90' lang='lat' dir='ltr'><strong>suis</strong></span> <span class='ocrx_word' id='word_1_740' title='bbox 2822 5045 3057 5100; x_wconf 87' lang='lat' dir='ltr'><strong>ethnicis</strong></span> <span class='ocrx_word' id='word_1_741' title='bbox 3095 5044 3431 5115; x_wconf 84' lang='lat' dir='ltr'><strong>gratilicatus</strong></span> <span class='ocrx_word' id='word_1_742' title='bbox 3463 5056 3600 5093; x_wconf 74' lang='lat' dir='ltr'><strong>uxo-</strong></span> 
     </span>
    </p>
   </div>
   <div class='ocr_carea' id='block_1_107' title="bbox 2010 5124 3339 5209">
    <p class='ocr_par' dir='ltr' id='par_1_107' title="bbox 2010 5124 3339 5209">
     <span class='ocr_line' id='line_1_107' title="bbox 2010 5124 3339 5209; baseline -0.006 -13"><span class='ocrx_word' id='word_1_743' title='bbox 2010 5141 2197 5207; x_wconf 90' lang='lat' dir='ltr'><strong>ribus,</strong></span> <span class='ocrx_word' id='word_1_744' title='bbox 2232 5144 2429 5209; x_wconf 87' lang='lat' dir='ltr'><strong>tcmpla</strong></span> <span class='ocrx_word' id='word_1_745' title='bbox 2460 5154 2645 5193; x_wconf 89' lang='lat' dir='ltr'><strong>carum</strong></span> <span class='ocrx_word' id='word_1_746' title='bbox 2668 5124 2999 5192; x_wconf 83' lang='lat' dir='ltr'><strong>numinibus</strong></span> <span class='ocrx_word' id='word_1_747' title='bbox 3030 5135 3339 5192; x_wconf 69' lang='lat' dir='ltr'><strong>aediﬁcavit.</strong></span> 
     </span>
    </p>
   </div>
   <div class='ocr_carea' id='block_1_108' title="bbox 2015 5250 3596 5326">
    <p class='ocr_par' dir='ltr' id='par_1_108' title="bbox 2015 5250 3596 5326">
     <span class='ocr_line' id='line_1_108' title="bbox 2015 5250 3596 5326; baseline -0.008 -12"><span class='ocrx_word' id='word_1_748' title='bbox 2015 5257 2166 5316; x_wconf 77' lang='lat' dir='ltr'><strong>CAP.</strong></span> <span class='ocrx_word' id='word_1_749' title='bbox 2196 5255 2408 5311; x_wconf 74' lang='lat' dir='ltr'><strong>LXXV.</strong></span> <span class='ocrx_word' id='word_1_750' title='bbox 2439 5285 2506 5295; x_wconf 93' lang='lat'><strong>—</strong></span> <span class='ocrx_word' id='word_1_751' title='bbox 2532 5255 2662 5322; x_wconf 81' lang='lat' dir='ltr'><strong>Qua:</strong></span> <span class='ocrx_word' id='word_1_752' title='bbox 2687 5255 2930 5326; x_wconf 81' lang='lat' dir='ltr'><strong>prodigia</strong></span> <span class='ocrx_word' id='word_1_753' title='bbox 2961 5253 3086 5324; x_wconf 81' lang='lat' dir='ltr'><strong>fecit</strong></span> <span class='ocrx_word' id='word_1_754' title='bbox 3116 5250 3291 5307; x_wconf 72' lang='lat' dir='ltr'><strong>Isaias</strong></span> <span class='ocrx_word' id='word_1_755' title='bbox 3321 5250 3596 5322; x_wconf 66' lang='lat' dir='ltr'><strong>propheta.</strong></span> 
     </span>
    </p>
   </div>
   <div class='ocr_carea' id='block_1_109' title="bbox 2087 5423 3592 5489">
    <p class='ocr_par' dir='ltr' id='par_1_109' title="bbox 2087 5423 3592 5489">
     <span class='ocr_line' id='line_1_109' title="bbox 2087 5423 3592 5489; baseline -0.007 -2"><span class='ocrx_word' id='word_1_756' title='bbox 2087 5434 2160 5489; x_wconf 85' lang='lat' dir='ltr'><strong>De</strong></span> <span class='ocrx_word' id='word_1_757' title='bbox 2195 5434 2492 5488; x_wconf 61' lang='lat' dir='ltr'><strong>Salvator-is</strong></span> <span class='ocrx_word' id='word_1_758' title='bbox 2543 5432 2779 5485; x_wconf 89' lang='lat' dir='ltr'><strong>adventu</strong></span> <span class='ocrx_word' id='word_1_759' title='bbox 2833 5431 3017 5485; x_wconf 91' lang='lat' dir='ltr'><strong>multis</strong></span> <span class='ocrx_word' id='word_1_760' title='bbox 3074 5444 3138 5484; x_wconf 91' lang='lat' dir='ltr'><strong>ac</strong></span> <span class='ocrx_word' id='word_1_761' title='bbox 3183 5427 3350 5480; x_wconf 87' lang='lat' dir='ltr'><strong>variis</strong></span> <span class='ocrx_word' id='word_1_762' title='bbox 3411 5423 3592 5477; x_wconf 58' lang='lat' dir='ltr'><strong>modis</strong></span> 
     </span>
    </p>
   </div>
   <div class='ocr_carea' id='block_1_110' title="bbox 2015 5517 3598 5598">
    <p class='ocr_par' dir='ltr' id='par_1_110' title="bbox 2015 5517 3598 5598">
     <span class='ocr_line' id='line_1_110' title="bbox 2015 5517 3598 5598; baseline -0.007 -17"><span class='ocrx_word' id='word_1_763' title='bbox 2015 5529 2378 5598; x_wconf 80' lang='lat' dir='ltr'><strong>prophetavit.</strong></span> <span class='ocrx_word' id='word_1_764' title='bbox 2436 5524 2740 5580; x_wconf 81' lang='lat' dir='ltr'><strong>Visibiliter</strong></span> <span class='ocrx_word' id='word_1_765' title='bbox 2793 5524 3035 5578; x_wconf 89' lang='lat' dir='ltr'><strong>divinam</strong></span> <span class='ocrx_word' id='word_1_766' title='bbox 3074 5517 3431 5590; x_wconf 85' lang='lat' dir='ltr'><strong>Sospitatoris</strong></span> <span class='ocrx_word' id='word_1_767' title='bbox 3483 5517 3598 5588; x_wconf 85' lang='lat' dir='ltr'><strong>glo-</strong></span> 
     </span>
    </p>
   </div>
   <div class='ocr_carea' id='block_1_111' title="bbox 2011 5636 3238 5713">
    <p class='ocr_par' dir='ltr' id='par_1_111' title="bbox 2011 5636 3238 5713">
     <span class='ocr_line' id='line_1_111' title="bbox 2011 5636 3238 5713; baseline -0.007 -15"><span class='ocrx_word' id='word_1_768' title='bbox 2011 5644 2258 5713; x_wconf 79' lang='grc' dir='ltr'>ἀγοντος,</span> <span class='ocrx_word' id='word_1_769' title='bbox 2289 5645 2382 5698; x_wconf 82' lang='lat' dir='ltr'><strong>sub</strong></span> <span class='ocrx_word' id='word_1_770' title='bbox 2415 5642 2620 5712; x_wconf 79' lang='lat' dir='ltr'><strong>ﬁcubus</strong></span> <span class='ocrx_word' id='word_1_771' title='bbox 2651 5642 2761 5713; x_wconf 67' lang='lat' dir='ltr'><strong>suis</strong></span> <span class='ocrx_word' id='word_1_772' title='bbox 2788 5643 2998 5713; x_wconf 68' lang='lat' dir='ltr'><strong>(legente</strong></span> <span class='ocrx_word' id='word_1_773' title='bbox 3025 5636 3238 5707; x_wconf 81' lang='lat' dir='ltr'><strong>populo.</strong></span> 
     </span>
    </p>
   </div>
   <div class='ocr_carea' id='block_1_112' title="bbox 2079 5711 3590 5786">
    <p class='ocr_par' dir='ltr' id='par_1_112' title="bbox 2079 5711 3590 5786">
     <span class='ocr_line' id='line_1_112' title="bbox 2079 5711 3590 5786; baseline -0.003 -21"><span class='ocrx_word' id='word_1_774' title='bbox 2079 5716 2189 5786; x_wconf 67' lang='grc'><strong>(89]</strong></span> <span class='ocrx_word' id='word_1_775' title='bbox 2223 5715 2285 5767; x_wconf 92' lang='lat' dir='ltr'><strong>lll</strong></span> <span class='ocrx_word' id='word_1_776' title='bbox 2335 5711 2456 5781; x_wconf 69' lang='lat' dir='ltr'><strong>Reg.</strong></span> <span class='ocrx_word' id='word_1_777' title='bbox 2506 5714 2599 5786; x_wconf 75' lang='lat' dir='ltr'><strong>Vl,</strong></span> <span class='ocrx_word' id='word_1_778' title='bbox 2629 5724 2684 5768; x_wconf 88' lang='lat' dir='ltr'><strong>et</strong></span> <span class='ocrx_word' id='word_1_779' title='bbox 2729 5711 3000 5786; x_wconf 78' lang='lat' dir='ltr'><strong>Josepltus</strong></span> <span class='ocrx_word' id='word_1_780' title='bbox 3028 5720 3244 5786; x_wconf 63' lang='lat' dir='ltr'><strong>septem</strong></span> <span class='ocrx_word' id='word_1_781' title='bbox 3279 5718 3590 5786; x_wconf 81' lang='lat' dir='ltr'><strong>numerant.</strong></span> 
     </span>
    </p>
   </div>
   <div class='ocr_carea' id='block_1_113' title="bbox 2077 5777 3595 5854">
    <p class='ocr_par' dir='ltr' id='par_1_113' title="bbox 2077 5777 3595 5854">
     <span class='ocr_line' id='line_1_113' title="bbox 2077 5777 3595 5854; baseline -0.003 -17"><span class='ocrx_word' id='word_1_782' title='bbox 2077 5777 2188 5853; x_wconf 69' lang='lat' dir='ltr'><strong>{ml}</strong></span> <span class='ocrx_word' id='word_1_783' title='bbox 2228 5787 2303 5840; x_wconf 74' lang='lat' dir='ltr'><strong>Ex</strong></span> <span class='ocrx_word' id='word_1_784' title='bbox 2339 5777 2548 5842; x_wconf 35' lang='lat' dir='ltr'><strong>cal-culo</strong></span> <span class='ocrx_word' id='word_1_785' title='bbox 2578 5784 2798 5854; x_wconf 83' lang='lat' dir='ltr'><strong>Joscplii</strong></span> <span class='ocrx_word' id='word_1_786' title='bbox 2827 5777 3020 5848; x_wconf 69' lang='lat' dir='ltr'><strong>uestri,</strong></span> <span class='ocrx_word' id='word_1_787' title='bbox 3049 5777 3154 5848; x_wconf 82' lang='lat' dir='ltr'><strong>Lll;</strong></span> <span class='ocrx_word' id='word_1_788' title='bbox 3192 5777 3441 5836; x_wconf 71' lang='lat' dir='ltr'><strong>Usscrins</strong></span> <span class='ocrx_word' id='word_1_789' title='bbox 3474 5795 3595 5833; x_wconf 75' lang='lat' dir='ltr'><strong>ma~</strong></span> 
     </span>
    </p>
   </div>
   <div class='ocr_carea' id='block_1_114' title="bbox 336 5853 1909 5927">
    <p class='ocr_par' dir='ltr' id='par_1_114' title="bbox 336 5853 1891 5927">
     <span class='ocr_line' id='line_1_114' title="bbox 336 5853 1891 5927; baseline 0.003 -19"><span class='ocrx_word' id='word_1_790' title='bbox 336 5853 424 5909; x_wconf 77' lang='lat' dir='ltr'><strong>II!</strong></span> <span class='ocrx_word' id='word_1_791' title='bbox 451 5855 578 5927; x_wconf 65' lang='lat' dir='ltr'><strong>Reg.</strong></span> <span class='ocrx_word' id='word_1_792' title='bbox 612 5872 683 5925; x_wconf 81' lang='grc' dir='ltr'><strong>ιν,</strong></span> <span class='ocrx_word' id='word_1_793' title='bbox 711 5855 800 5922; x_wconf 73' lang='lat'><strong>9.5,</strong></span> <span class='ocrx_word' id='word_1_794' title='bbox 831 5856 935 5910; x_wconf 76' lang='grc' dir='ltr'><strong>ὑπὸ</strong></span> <span class='ocrx_word' id='word_1_795' title='bbox 963 5857 1059 5920; x_wconf 76' lang='grc' dir='ltr'><strong>τὰς</strong></span> <span class='ocrx_word' id='word_1_796' title='bbox 1101 5859 1290 5912; x_wconf 78' lang='grc' dir='ltr'>ἑαυτοῦ</span> <span class='ocrx_word' id='word_1_797' title='bbox 1321 5861 1490 5922; x_wconf 61' lang='grc' dir='ltr'>συκᾶς</span> <span class='ocrx_word' id='word_1_798' title='bbox 1535 5860 1626 5912; x_wconf 71' lang='grc' dir='ltr'>τοῦ</span> <span class='ocrx_word' id='word_1_799' title='bbox 1654 5858 1780 5914; x_wconf 81' lang='grc' dir='ltr'>λαοῦ</span> <span class='ocrx_word' id='word_1_800' title='bbox 1817 5859 1891 5913; x_wconf 71' lang='lat' dir='ltr'><strong>6t-</strong></span> 
     </span>
    </p>
   </div>
   <div class='ocr_carea' id='block_1_115' title="bbox 2016 5853 2258 5927">
    <p class='ocr_par' dir='ltr' id='par_1_115' title="bbox 2016 5859 2258 5913">
     <span class='ocr_line' id='line_1_115' title="bbox 2016 5859 2258 5913; baseline -0.004 0"><span class='ocrx_word' id='word_1_801' title='bbox 2016 5859 2117 5913; x_wconf 78' lang='lat' dir='ltr'><strong>rult</strong></span> <span class='ocrx_word' id='word_1_802' title='bbox 2151 5872 2258 5912; x_wconf 80' lang='lat' dir='ltr'><strong>th.</strong></span> 
     </span>
    </p>
   </div>
  </div>
