4050 6588
422 339 492 406 91
1921 335 2228 397 ,108ΕΡΡῙ
3623 343 3694 409 92

421 455 559 510 riam
586 449 918 523 propheticis
940 448 1116 507 oculis
1146 449 1378 506 intuitus
1405 457 1510 507 est.
1545 447 1786 520 Virginei
1812 458 2000 520 partus

2128 451 2261 518 ιόξαν
2304 449 2399 505 τοῦ
2458 452 2711 524 Σωτῆρος
2771 455 2870 525 τήν
2917 454 3108 526 θεϊκὴν
3163 459 3276 520 τοῖς
3329 462 3690 528 προφητικοῖς

426 545 639 601 Domini
686 552 872 615 typum
917 541 1204 598 ostendere
1245 544 1298 598 in
1344 551 1472 598 nato
1517 542 1620 598 sibi
1679 541 2002 598 Emmanuel

2128 545 2404 614 ,φθαλμοῖς
2463 545 2746 601 ἐθεάσατο.
2807 548 2920 618 Τῆς
2981 549 3324 621 παρθενικῆς
3379 553 3690 622 γεννήσεως

424 636 721 692 secundum
763 634 1103 706 prephetiam
1143 635 1256 689 lilio
1306 635 1505 706 dignus
1541 634 1716 690 factus
1761 645 1865 690 est.
1899 634 2003 688 Po-

2128 637 2199 690 ῖοῦ
2234 638 2437 708 Κυρίου
2472 637 2564 691 τὸν
2597 638 2770 692 τύπον
2802 641 3090 708 ἐπιδεῖξαι,
3131 643 3192 697 ὲν
3225 641 3303 712 τῷ
3341 643 3692 714 Ἐμμανουήλ

427 730 536 800 puli
593 730 954 801 ignorantiam
1003 745 1110 800 qua
1154 728 1493 784 Salvatorem
1533 744 1641 784 non
1690 737 1810 784 erat
1851 729 2004 799 agni-

425 833 598 887 turus,
632 830 684 875 et
714 821 1095 892 provenientes
1131 821 1256 876 inde
1291 822 1556 876 adversus
1596 837 1720 876 eum
1755 821 2002 886 insidias,

426 914 780 984 gentiumque
822 915 938 970 vice
971 915 1119 970 illius
1161 915 1568 978 adduetionem,
1612 913 1860 984 pluribus
1891 929 2000 966 ma-

427 1004 704 1060 nifestavit
736 1023 747 1060 :
779 1005 923 1075 quod
953 1007 1078 1060 item
1119 1021 1184 1061 ex
1214 1006 1398 1060 radi‘ce
1423 1003 1593 1059 Jessm
1622 1005 1886 1058 Dominus
1912 1020 2009 1058 na-

427 1100 664 1156 sciturus
700 1109 838 1167 erat,
880 1101 974 1170 qui
1032 1101 1171 1155 idem
1223 1099 1363 1154 foret
1400 1101 1584 1170 justus
1613 1099 1802 1168 jndex,
1845 1107 1898 1153 et
1932 1099 2010 1153 ci-

427 1211 628 1249 eurans
659 1195 868 1250 belluas
895 1209 1024 1264 erga
1056 1194 1307 1247 homines
1331 1235 1346 1259 ,
1380 1193 1515 1246 adeo
1559 1200 1618 1246 ut
1643 1193 1806 1246 etiam
1855 1206 2011 1246 man-

428 1294 581 1341 suete
625 1302 749 1341 cum
794 1286 1054 1354 jnmentis
1102 1301 1288 1339 eorum
1327 1292 1695 1340 versarentur.
1755 1283 2012 1340 l‘rtedixit

428 1391 646 1445 quoque
680 1375 925 1430 futurum
961 1384 1020 1430 ut
1047 1376 1187 1430 idola
1227 1375 1411 1430 onmia
1456 1392 1584 1430 eum
1618 1377 1836 1446 templis
1878 1376 2011 1446 ipsis

427 1483 456 1520 e
509 1468 685 1522 medio
741 1468 1080 1523 tollerentur.
1115 1467 1427 1524 ‘Manil’este
1468 1469 1632 1523 etiam
1680 1469 2012 1525 vaticinatus

427 1570 529 1623 est,
579 1563 723 1632 quod
764 1563 1013 1619 civitates
1059 1577 1252 1618 eorum
1309 1563 1748 1630 destruerentur,
1803 1565 1898 1633 qui
1956 1563 2010 1618 in

431 1655 711 1724 impietate
750 1667 1219 1726 perseverassent.
1263 1666 1316 1712 et
1348 1656 1492 1727 quod
1531 1667 1648 1726 post
1690 1665 1837 1712 certa
1877 1665 2012 1712 tem-

433 1763 562 1817 pora
625 1748 1021 1804 reteditieandze
1070 1759 1244 1805 erant.
1286 1750 1667 1819 Cognitionem
1714 1750 2012 1806 divinitatis

427 1843 638 1897 Christi
675 1843 861 1897 multis
902 1841 958 1895 in
992 1842 1127 1898 locis
1159 1818 1431 1911 praedixit.
1466 1844 1722 1899 Praedixit
1756 1845 1885 1898 item
1925 1844 2012 1899 fu-
2043 1818 2084 1873 Β

434 1943 641 2001 turum,
687 1945 747 1990 ut
779 1945 997 1991 centum
1031 1938 1306 2007 octoginta
1353 1938 1596 2008 quinque
1639 1939 1808 1992 millia
1849 1939 2018 1994 homi-

436 2047 568 2084 num
600 2031 933 2097 delerentur,
968 2031 1060 2100 qui
1087 2029 1477 2102 Babylonicum
1519 2031 1816 2086 exercitum
1848 2031 2020 2087 conli-

435 2123 651 2176 ciebant
675 2123 938 2178 adversus
959 2121 1262 2177 Jerusalem
1295 2123 1620 2177 militantem
1651 2125 1753 2178 suh
1780 2123 2018 2179 Ezeebia

438 2229 583 2282 rege.
616 2213 692 2267 Eo
739 2214 858 2282 ipso
889 2213 976 2268 die
1015 2228 1176 2284 quem
1220 2213 1545 2268 vaticinatus
1576 2213 1775 2276 fuerat,
1823 2213 2020 2267 divini-

436 2317 522 2362 tus
562 2306 807 2361 immissa
863 2306 1021 2376 plaga
1078 2315 1262 2360 tantus
1321 2306 1412 2359 ille
1455 2306 1730 2360 exercitus
1772 2316 2022 2361 mortuus

432 2397 638 2466 jacuit,
670 2408 833 2452 noctu
866 2413 974 2452 uno
1020 2398 1283 2467 temporis
1321 2406 1621 2451 momento.
1661 2396 1805 2464 Quin
1856 2397 2021 2452 etiam

439 2490 724 2558 ipsiusmet
753 2491 1192 2556 Sennacherimi,
1229 2492 1320 2562 qui
1363 2502 1515 2548 tanto
1549 2493 1674 2548 huic
1722 2494 2024 2564 imperabat

437 2583 723 2651 exercitui,
749 2586 1003 2654 praedixit
1028 2585 1233 2656 fugam,
1263 2603 1370 2656 qua
1401 2586 1486 2640 vel
1515 2601 1544 2640 a
1574 2586 1689 2640 sola
1718 2573 2021 2641 Jérusalem

438 2676 725 2732 obsidione
777 2679 1044 2735 desistere
1070 2690 1391 2750 cogeretur;
1431 2680 1673 2749 itemque
1705 2689 2024 2734 eventuram

439 2770 622 2823 statim
660 2771 712 2824 in
759 2771 925 2826 domo
964 2771 1082 2841 ejus
1136 2772 1310 2842 ipsius
1350 2771 1805 2828 interfectionem.
1849 2773 2026 2844 Atque

440 2860 516 2914 ita
556 2861 821 2916 citissime
853 2864 1128 2919 usuveait.

507 2952 805 3008 Admonito
833 2953 1064 3010 Ezechia
1096 2957 1188 3024 qui
1211 2957 1526 3027 aegrotabat,
1559 2957 1938 3028 audit-ratque,
1967 2967 2028 3013 ut

440 3044 506 3100 de
538 3061 704 3116 regno
752 3056 1080 3103 testamento
1121 3049 1470 3118 disponeret,
1508 3051 1707 3120 quippe
1754 3051 1897 3104 haud
1949 3051 2023 3105 ita

2105 732 2351 802 τεχθέντι
2402 731 2551 802 αύτῷ
2581 732 2726 786 κατά
2773 734 3116 804 προφητείαν
3149 734 3251 804 υίῷ
3286 734 3536 804 ήξίωταιέ
3580 735 3692 806 Τὴν

2108 824 2386 893 ἀγνωσίαν
2417 826 2510 878 τοῦ
2552 824 2684 878 λαοῦ
2710 868 2724 891 ,
2761 827 2860 897 τὴν
2895 827 3024 895 περὶ
3053 827 3146 880 τὸν
3179 827 3429 898 Σωτῆρα.
3464 827 3562 882 καὶ
3595 826 3694 899 τὴν

2109 917 2196 970 διὰ
2222 915 2380 970 τοῦτο
2406 918 2700 988 ἐπιϐουλήν
2724 918 2893 990 αὐτῷ,
2914 920 3005 972 καὶ
3029 920 3127 990 τὴν
3154 921 3261 973 τῶν
3280 920 3450 974 ἐθνῶν
3475 920 3694 973 ἀντεισ-

2111 1011 2373 1084 αγωγὴν,
2420 1011 2509 1066 διὰ
2566 1011 2830 1066 πλειόνων
2863 1013 3167 1082 ὲξέφαινεν.
3229 1013 3316 1076 Ὠς
3362 1013 3455 1067 καὶ
3505 1013 3569 1065 ὲκ
3596 1011 3695 1082 τῆς

2113 1106 2269 1177 ῥίζης
2333 1104 2529 1158 Ἰεσσαὶ
2583 1105 2789 1176 Κύριος
2836 1105 3270 1174 ἀναφανήσεται,
3324 1104 3488 1167 αὐτὸς
3533 1101 3610 1156 ὢν
3667 1103 3694 1155 ὁ

2112 1197 2318 1260 δίκαιος
2345 1195 2560 1266 κριτὴς,
2592 1197 2686 1248 καὶ
2719 1196 3004 1266 ὲξημερῶν
3031 1196 3102 1248 τά
3128 1195 3294 1267 θηρία
3317 1194 3454 1264 προς
3483 1190 3694 1262 ἀνθρώ-

2115 1307 2282 1354 πους,
2314 1289 2392 1351 είς
2422 1288 2484 1342 τὸ
2517 1289 2610 1342 καὶ
2640 1287 2864 1366 ῂμέρως
2896 1291 3135 1342 συνεῖναι
3179 1291 3292 1351 τοῖς
3337 1286 3520 1340 αὐτῶν
3563 1287 3692 1355 κτήα

2113 1399 2284 1436 νεσιν.
2339 1383 2610 1451 Προεῖπεν
2657 1381 2732 1444 ὡς
2787 1381 2856 1434 τά
2901 1380 3325 1434 εἴδωλωπάντα
3373 1380 3472 1433 σὺν
3515 1379 3696 1441 αὐτοῖς

2113 1478 2262 1537 ναοῖς
2319 1473 2839 1545 καθαιρεθήσονται.
2895 1472 3148 1544 Φανερῶς
3201 1473 3446 1538 ἐξεῖπεν,
3495 1470 3569 1533 ὡς
3605 1471 3701 1523 καὶ

2113 1569 2224 1623 τῶν
2259 1571 2337 1632 είς
2366 1567 2684 1622 δυσσέϐειαν
2729 1567 3206 1638 ἐναπομεινάντων
3242 1566 3426 1630 πόλεις
3463 1567 3702 1635 ἀνατρα-

2114 1661 2384 1731 πήσονται
2406 1700 2419 1718 .
2455 1659 2552 1712 καὶ
2601 1657 2740 1730 μετά
2773 1658 2973 1730 ρητοὺς
3002 1658 3228 1728 χρόνους
3269 1655 3702 1724 ἀνακτισθήσονο

2119 1770 2228 1806 ται.
2277 1753 2390 1823 Τῆς
2430 1752 2671 1823 Χριστοῦ
2716 1751 2968 1820 θεότητος
3002 1749 3142 1821 πρὸς
3173 1749 3470 1816 ἐπίγνωσιν
3507 1745 3705 1801 πολλα-

2120 1851 2229 1920 χῶς
2261 1849 2541 1920 προεῖπεν.
2584 1846 2812 1900 Ἑκατὸν
2842 1845 3171 1915 ὀγδοήκοντα
3206 1844 3299 1896 καὶ
3333 1843 3491 1895 πέντε
3528 1839 3704 1910 χιλιὰδ

2119 1943 2224 1997 δων
2271 1941 2548 2011 ἀναίρεσιν
2578 1938 2925 1992 Βαϐυλωνίου
2957 1933 3189 2008 στρατοῦ
3234 1937 3300 2006 τῇ
3348 1932 3706 2006 Ἰερουσαλήμ

2121 2033 2506 2104 ἐπικειμένου,
2549 2031 2642 2084 ἐπὶ
2670 2029 2765 2083 τοῦ
2825 2028 3091 2100 βασιλέως
3141 2026 3410 2090 Ἐζεκίου,
3442 2027 3704 2095 προεῖπεν

2122 2127 2365 2182 ἔσεσθαι.
2419 2125 2554 2178 Κατ’
2585 2123 2800 2193 ἐκείνην
2832 2124 2899 2194 ήν
2943 2122 3350 2194 προεφήτευσεν
3397 2118 3645 2190 ἡμέραν.
3677 2117 3708 2170 ὁ

2122 2219 2379 2281 τοσοῦτος
2409 2215 2654 2287 θεηλάτῳ
2681 2216 2864 2286 πληγῇ
2893 2213 3084 2285 νεκρὸς
3113 2212 3291 2266 ἔκειτο
3326 2211 3574 2283 στρατὸς,
3601 2209 3709 2262 ὑπὸ

2129 2309 2256 2380 μίαν
2290 2306 2482 2377 καιροῦ
2511 2304 2682 2377 ῥοπήν
2708 2308 2765 2359 ἐν
2801 2304 2978 2360 νυκτί.
3027 2302 3190 2356 Ἀλλά
3220 2304 3314 2356 καὶ
3349 2300 3709 2370 Σενναχηρεί-

2131 2419 2232 2473 μου
2293 2399 2388 2453 τοῦ
2439 2397 2704 2468 βασιλέως
2756 2395 2950 2451 τούτου
3011 2395 3107 2450 τοῦ
3165 2393 3423 2449 τοσούτου
3475 2391 3710 2463 στρατοῦ

2128 2497 2359 2564 προεῖπε
2413 2493 2514 2562 τὴν
2554 2491 2663 2546 ἀπὸ
2713 2489 2810 2544 τοῦ
2867 2487 3178 2542 ἐπικεῖσθαι
3226 2491 3292 2558 τῇ
3349 2485 3713 2558 Ἰερουσαλὴμ

2131 2587 2292 2656 μόνου
2324 2585 2525 2656 φυγὴν,
2568 2585 2664 2637 καὶ
2692 2583 2790 2650 τὴν
2823 2582 3140 2655 παραυτίκα
3169 2584 3226 2635 ὲν
3263 2583 3327 2652 τῇ
3365 2580 3514 2651 οἰκίᾳ
3543 2578 3710 2633 αὐτοῦ

2127 2679 2502 2751 γενησομένην
2537 2678 2710 2750 αὐτὴν
2757 2676 2870 2749 (91)
2911 2677 3228 2748 ἀναίρεσιν,
3279 2676 3376 2731 καὶ
3420 2675 3563 2729 οὕτω
3609 2673 3712 2744 τὴν

2126 2775 2388 2846 ταχίστην
2419 2773 2656 2843 ἐγένετο.

2211 2952 2676 3026 Ύπαγορευθὲντι
2715 2953 2939 3027 Ἐζεκίᾳ
2965 2953 3233 3020 νοσοῦντι,
3275 2955 3373 3009 καὶ
3410 2954 3712 3010 ἀκούσαντι

2129 3047 2464 3102 ὲντείλεσθαι
2514 3047 2645 3118 περὶ
2690 3047 2792 3118 τῆς
2838 3046 3120 3116 βασιλείας
3159 3047 3234 3111 ὡς
3283 3046 3712 3118 τεθνηξόμενον,

441 3137 612 3190 ηιυΙιο
649 3148 772 3206 post
808 3138 1145 3204 moriturus;
1183 3155 1309 3192 cum
1347 3139 1545 3194 acriter
1589 3157 1682 3195 rex
1715 3140 1864 3195 ﬂeret
1896 3157 2024 3211 pro-

2132 3140 2430 3194 κλαύσαντι
2475 3139 2553 3210 τῷ
2602 3140 2813 3210 βασιλεῖ
2855 3140 2947 3192 ἐπὶ
2980 3141 3046 3210 τῇ
3081 3139 3177 3193 τοῦ
3224 3138 3324 3210 ζῇν
3362 3137 3714 3207 ἀπογνώσει,

438 3239 623 3297 pterea
650 3230 796 3299 quod
828 3230 936 3285 vita
963 3231 1111 3286 illius
1140 3231 1479 3287 conclamata
1515 3241 1695 3296 esset,
1735 3231 1983 3301 prmdixit
2003 3273 2021 3297 ,

439 3319 584 3387 quod
617 3336 724 3374 non
749 3321 857 3375 cito
885 3332 1212 3385 moreretur,
1243 3323 1336 3377 sed
1372 3324 1518 3394 quod
1544 3324 1855 3394 quindecim
1887 3326 2027 3382 alios

441 3427 614 3466 annos
642 3412 1004 3481 producenda:
1028 3415 1151 3468 vita:
1180 3414 1358 3470 adhuc
1392 3426 1698 3484 acceperat.
1733 3416 1826 3471 Sul
1858 3417 2028 3472 edixit

444 3515 504 3558 ut
537 3505 605 3558 ah
635 3505 914 3559 occidente
940 3505 995 3558 in
1023 3505 1290 3561 orientem
1326 3517 1651 3572 recurret-et,
1680 3508 1867 3578 sicque
1897 3507 2027 3562 Eze-

443 3596 583 3651 chiae
609 3597 724 3667 regi
758 3595 973 3668 signum
1002 3598 1331 3653 valetudinis
1379 3597 1546 3653 dedit.
1598 3598 1664 3654 Et
1704 3600 1756 3654 id
1804 3601 2025 3671 quidem

443 3689 644 3754 evenit,
676 3689 789 3745 sole
815 3691 883 3744 ab
925 3691 1211 3746 undecima
1249 3691 1314 3746 ad
1357 3692 1587 3762 primam
1627 3694 1814 3748 horam
1853 3703 2026 3748 retro-

447 3783 617 3852 lapso.
659 3781 876 3838 Primus
926 3783 1173 3853 praedixit
1218 3784 1331 3839 lore
1375 3795 1431 3839 ut
1469 3785 1630 3840 Israel
1670 3787 1916 3856 captivus
1974 3787 2028 3842 in

449 3875 802 3948 Babyloniam
843 3877 1134 3931 duceretur
1161 3889 1376 3948 propter
1409 3879 1764 3948 impietatem,
1801 3881 1946 3948 quod
1975 3889 2031 3934 et

448 3969 653 4024 factum
683 3978 805 4033 est,
840 3970 1189 4040 prmdictione
1225 3981 1348 4043 post
1377 3987 1552 4026 annos
1583 3981 1706 4027 octo
1737 3973 2028 4043 completa.

450 4062 704 4119 l’rzedixit
756 4063 882 4118 item
935 4063 1178 4118 futurum
1237 4073 1295 4119 ut
1350 4065 1520 4120 ludas
1567 4064 1620 4119 in
1678 4063 2032 4145 Babyloniam

447 4157 731 4228 captivus,
771 4166 989 4228 propter
1034 4159 1280 4214 eamdem
1323 4169 1487 4229 atque
1524 4159 1740 4216 lsraelis
1780 4160 2032 4231 impieta-

448 4259 554 4304 tem
581 4250 932 4307 abducendus
957 4261 1124 4308 esset.
1169 4250 1479 4318 Quinetiam
1514 4252 1761 4309 Ezechize
1795 4255 1906 4326 regi
1942 4255 2032 4322 iis,

446 4344 589 4413 quia
621 4342 920 4416 Babylonio
951 4345 1019 4399 ad
1053 4344 1392 4398 inviseudum
1429 4345 1579 4399 illum
1611 4346 1766 4401 missi
1795 4345 2032 4412 fuerant,

447 4452 578 4492 suas
629 4437 850 4492 divitias
892 4436 1236 4501 ostendenti,
1291 4437 1570 4506 praedixit,
1625 4438 1772 4506 quod
1829 4439 1933 4493 illae
1979 4438 2032 4493 in

2130 3237 2394 3306 προεῖπεν
2439 3233 2515 3296 ὡς
2547 3235 2610 3287 ού
2640 3232 2989 3304 τεθνήξοιτο,
3026 3231 3142 3285 ἀλλ’
3175 3233 3258 3286 ὅτι
3290 3232 3382 3285 καὶ
3426 3231 3718 3286 πεντεκαί-

2127 3325 2259 3378 δεκα
2292 3325 2574 3385 ἐνιαυτοὺς
2618 3323 2694 3386 είς
2729 3322 2790 3376 τὸ
2829 3321 3021 3392 βιῶναι
3072 3321 3151 3375 ἔτι
3192 3321 3576 3393 προσειλήφει.
3611 3322 3718 3375 Τὸν

2128 3419 2281 3488 ήλιον
2309 3418 2573 3488 προεῖπεν
2600 3415 2706 3468 ἀπὸ
2731 3413 2954 3484 δυσμῶν
2987 3417 3072 3468 ἐπ’
3103 3415 3338 3486 ἀνατολῇ
3367 3415 3715 3487 ἀνατρέχειν,

2133 3511 2360 3581 σημεῖον
2390 3509 2490 3575 τῆς
2525 3507 2740 3576 ὑγιείας
2767 3508 2944 3572 διδοὺς
2976 3508 3056 3578 τῷ
3098 3508 3318 3579 Ἐζεκίᾳ
3342 3507 3572 3578 βασιλεῖ.
3607 3509 3720 3573 Καὶ

2131 3604 2290 3658 τοῦτο
2347 3603 2446 3674 μὲν
2496 3602 2752 3672 ἐγένετο,
2803 3601 2911 3656 ἀπὸ
2953 3602 3054 3672 τῆς
3095 3601 3392 3673 ἑνδεκάτης
3433 3599 3584 3672 ῶρας
3627 3601 3721 3655 ἐπὶ

2133 3695 2357 3765 πρώτην
2412 3691 2940 3763 ὲπαναδραμηκότος
2997 3692 3110 3763 (9‘2)
3167 3689 3259 3743 τοῦ
3314 3689 3490 3760 ήλίου.
3557 3689 3645 3753 Ὠς
3691 3689 3720 3740 ὁ

2145 3787 2365 3859 Ἰσραὴλ
2391 3829 2405 3854 ,
2459 3787 2805 3857 αἰχμάλωτος
2835 3786 2916 3848 είς
2965 3785 3065 3854 τήν
3108 3779 3458 3835 Βαϐυλωνίαν
3501 3781 3589 3835 διὰ
3622 3782 3721 3844 τὰς

2134 3873 2456 3939 δυσσεϐείας
2511 3873 2920 3944 ἀπαχθήσοιτο,
2968 3873 3187 3940 πρῶτος
3234 3875 3531 3942 προεῖπεν,
3582 3871 3720 3944 ὅπερ

2135 3969 2418 4036 ἐγεγόνει,
2448 3967 2551 4037 τῆς
2586 3967 2951 4038 προρρήσεως
2988 3965 3130 4035 μετά
3175 3964 3272 4033 ἔτη
3309 3963 3453 4018 ὀκτὼ
3494 3964 3722 4035 πληρω-

2137 4060 2345 4130 θείσης.
2389 4060 2476 4120 Ὠς
2516 4058 2610 4112 καὶ
2656 4058 2858 4120 Ἰούδας
2889 4058 2969 4119 είς
3002 4054 3101 4128 τὴν
3137 4054 3487 4108 Βαϐυλωνίαν
3522 4055 3725 4125 αίχμά-

2135 4151 2305 4216 λωτος
2355 4151 2443 4206 διὰ
2497 4151 2594 4214 τὰς
2633 4149 2804 4212 αὑτὰς
2852 4149 2930 4218 τῷ
2990 4149 3209 4220 Ἰσραὴλ
3252 4147 3571 4212 δυσσεϐείας
3609 4151 3724 4200 ἀπο

2137 4246 2430 4317 αχθήσοιτο
2473 4247 2752 4315 προεῖπεν.
2772 4241 2935 4296 Ἀλλὰ
2969 4244 3064 4296 καὶ
3112 4243 3330 4314 Ἐζεκίᾳ.
3369 4243 3447 4314 τῷ
3478 4242 3725 4314 βασιλεῖ,

2137 4342 2248 4400 τοῖς
2287 4339 2392 4391 ἀπὸ
2427 4335 2521 4389 τοῦ
2552 4336 2895 4389 Βαϐυλωνίου
2926 4336 3019 4389 ἐπὶ
3066 4336 3258 4406 σκέψιν
3290 4336 3453 4390 αὐτοῦ
3486 4339 3727 4391 ἀποστα-

2139 4427 2312 4478 λεῖσιν
2342 4423 2676 4489 ὲπιδείξαντι
2712 4427 2806 4478 τὸν
2846 4425 3042 4480 ἑαυτοῦ
3076 4427 3307 4480 πλοῦτον
3329 4467 3344 4491 ,
3375 4427 3470 4481 καὶ
3501 4428 3567 4481 τὰ
3607 4445 3727 4482 κει-

448 4529 805 4602 Babyloniam
828 4528 1162 4584 abducenda:
1182 4540 1385 4594 essent,
1414 4543 1510 4584 ceu
1535 4529 1711 4599 spolia
1737 4569 1752 4596 ,
1780 4531 2025 4602 quodun

2148 4519 2335 4592 μήλια,
2366 4522 2630 4588 προεῖπεν
2659 4518 2734 4582 ὡς
2763 4521 2841 4580 είς
2870 4520 2970 4590 τὴν
3000 4519 3350 4573 Βαϐυλωνίαν
3393 4521 3566 4574 ταῦτα
3616 4523 3726 4575 ἀπ·

449 4622 546 4677 ﬁlii
579 4621 698 4691 ejus
727 4621 1039 4691 captivandi
1067 4630 1254 4678 essent
1286 4638 1316 4678 a
1355 4621 1694 4695 Babyloniis.

521 4797 721 4868 Cyrum
769 4813 988 4870 quoque
1044 4799 1335 4856 Persarum
1396 4817 1616 4873 regem,
1657 4811 1784 4872 post
1821 4813 2036 4859 centum

450 4897 505 4942 et
529 4888 923 4960 quinquaginta
941 4905 1119 4947 annos
1140 4892 1208 4946 ab
1233 4893 1352 4964 ejus
1389 4891 1645 4947 vaticinio
1668 4894 2037 4961 nasciturum,

451 4977 877 5049 Babyloniorum
927 4979 1216 5051 imperium
1262 4998 1517 5039 eversum
1553 4983 1630 5038 ire
1663 4985 2038 5054 prophetarit,

449 5080 503 5126 et
539 5070 760 5129 .ludzeos
793 5089 824 5128 a
858 5073 1174 5144 captivitate
1218 5073 1334 5131 fore
1379 5091 1720 5132 reversuros.
1765 5075 2042 5131 Vaticina-

450 5172 539 5217 tas
572 5172 658 5218 est
693 5163 980 5220 manifeste
1021 5165 1226 5233 etiam,
1275 5166 1422 5237 quod
1473 5166 1759 5222 restitutus
1808 5167 2042 5236 populus

447 5257 796 5327 Judazorutu,
841 5259 1036 5315 iterum
1095 5261 1395 5317 tradendus
1448 5269 1594 5315 esset
1638 5259 1941 5331 captivitati
1985 5259 2038 5314 in

447 5369 638 5408 omnes
682 5361 901 5424 gentes,
950 5365 1236 5427 propterea
1279 5356 1423 5426 quod
1462 5354 1848 5426 immorigerus
1892 5362 2040 5409 esset

449 5444 505 5498 in
523 5445 713 5500 humili
730 5446 918 5503 habitu
942 5448 1253 5504 advenienti
1273 5448 1512 5504 Christo.
1534 5447 1878 5516 Praedieavit,
1895 5446 2041 5518 quod

447 5537 700 5595 Christus
717 5549 1105 5612 assumpturus
1123 5553 1270 5598 esset
1291 5550 1480 5614 gentes
1497 5557 1594 5612 per
1615 5542 1773 5598 tidem
1790 5543 1844 5596 in
1861 5541 2035 5606 illum,

450 5647 654 5702 easque
705 5633 1134 5702 honestaturus,
1198 5635 1483 5708 repudiato
1539 5636 1753 5708 ingrato
1790 5635 1882 5692 illo
1940 5650 2036 5706 po-

519 5814 630 5884 (91)
667 5810 831 5871 Forte
869 5814 1056 5872 αὐτοῦ.

2143 4613 2437 4684 αχθήσοιτο
2470 4612 2643 4666 σκύλα
2685 4612 3050 4683 γενησόμενα,
3081 4613 3176 4667 καὶ
3213 4613 3264 4666 οἰ
3309 4612 3476 4667 αὐτοῦ
3509 4612 3727 4683 ἔγγονοι

2145 4708 2490 4779 παράληπτοι
2521 4706 2632 4769 τοῖς
2665 4704 3028 4769 Βαϐυλωνίοις
3067 4708 3299 4761 ἔσονται.

2215 4800 2324 4854 Καὶ
2351 4799 2536 4869 Κῦρον
2554 4797 2646 4851 τὸν
2679 4797 2902 4868 Περσῶν
2933 4797 3186 4868 βασιλέα,
3219 4798 3359 4868 μετά
3384 4800 3727 4870 πεντήκοντα

2140 4892 2236 4946 καὶ
2267 4891 2463 4946 ἑκατὸν
2497 4892 2783 4954 ἐνιαυτοὺς
2820 4891 2920 4960 τῆς
2962 4888 3127 4943 αύτοῦ
3161 4889 3503 4960 προφητείας
3545 4891 3730 4944 τίκτε-

2142 4985 2266 5039 σθαι
2298 4984 2562 5056 μέλλοντα
2583 5022 2599 5048 ,
2651 4982 3058 5053 καθαιρήσοντα
3091 4981 3189 5052 τὴν
3219 4980 3326 5034 τῶν
3366 4980 3730 5049 Βαϐυλωνίων

2142 5078 2318 5148 ἀρχὴν
2378 5073 2780 5146 προηγόρευσε,
2833 5074 2929 5128 καὶ
2984 5072 3059 5136 ὡς
3103 5073 3231 5136 τοὺς
3285 5071 3576 5137 Ἰουδαίους
3621 5072 3733 5126 ἀπὸ

2140 5169 2242 5240 τῆς
2292 5169 2672 5242 αἰχμαλωσίας
2721 5169 2984 5239 ἀνήσειν
3041 5165 3114 5229 ὡς
3170 5165 3266 5220 καὶ
3319 5166 3649 5237 ἐπαναχθεὶς
3703 5169 3734 5222 ὁ

2157 5263 2430 5317 Ἰουδαίων
2461 5263 2586 5327 λαὸς
2622 5258 2778 5328 αὖθις
2829 5261 3178 5330 ὲκδοθήσοιτο
3207 5262 3273 5328 τῇ
3323 5261 3381 5313 ὲν
3411 5257 3583 5313 ἅπασι
3615 5263 3731 5322 τοῖς

2149 5354 2359 5408 ἔθνεσιν
2402 5353 2786 5426 αἰχμαλωσίᾳ,
2833 5352 2921 5407 διὰ
2958 5351 3019 5404 τὸ
3067 5351 3366 5422 ἀπειθῆσαι
3415 5353 3473 5405 ὲν
3521 5350 3734 5406 εὐτελεῖ

2151 5446 2391 5517 σχήματι
2438 5444 2865 5515 παραγινομένῳ
2903 5439 3156 5510 Χριστῷ,
3195 5441 3458 5512 ἐμφανῶς
3487 5444 3735 5513 προεφή-

2146 5556 2356 5593 τευσεν.
2414 5537 2504 5599 Ὠς
2540 5537 2606 5590 τὰ
2647 5534 2776 5606 ἔθνη
2810 5533 3184 5605 προσλήψεται
3221 5532 3478 5605 Χριστὸς,
3509 5532 3596 5586 διὰ
3629 5533 3734 5604 τῆς

2144 5635 2224 5701 εἰς
2255 5633 2415 5688 αὐτὸν
2443 5631 2703 5695 πίστεως,
2737 5628 2832 5681 καὶ
2861 5625 3109 5697 τιμήσει,
3139 5625 3236 5680 τοῦ
3269 5625 3568 5698 ἀχαρίστου
3598 5623 3734 5681 λαοῦ

2219 5810 2330 5883 (9'3)
2361 5806 2521 5865 Forte
2549 5799 3150 5874 ὲπαναδεδραμηκότος.
