4050 6584
357 341 426 406 93
1522 349 1897 420 LIBELLUS
1933 357 2438 430 MEMORIALIS.
3552 383 3624 449 94

356 455 795 529 άπεῦληθέντος,
829 455 1118 526 ἐκήρυξεν.
1183 455 1272 524 Ὠς
1326 459 1466 528 μετὰ
1513 461 1612 533 τὴν
1654 465 1928 538 ἀποϐολὴν

2039 473 2184 541 ptllo.
2226 473 2424 536 Multas
2464 481 2634 538 edidit
2664 485 2977 556 prophetias
3015 489 3082 544 de
3111 505 3178 545 eo
3207 492 3352 562 quod
3384 505 3506 565 post
3535 515 3624 554 rc-

357 548 540 613 πάλιν,
564 549 592 600 ό
614 548 738 611 λαὸς
773 547 882 601 ἀπὸ
906 549 1006 618 τῆς
1031 547 1140 610 τῶν
1166 548 1338 602 ἐθνῶν
1366 550 1691 626 διασπορᾶς,
1717 558 1937 630 Χριστῴ

355 639 656 702 πιστεύσας
677 640 1160 711 .ὲπαναχθήσεται,
1205 643 1304 705 τὰς
1355 644 1488 715 πρὸς
1520 647 1648 709 τοὺς
1695 650 1938 720 πατὲρας

353 731 564 800 ἀγαθάς
597 731 926 802 ὑποσχέσεις
965 731 1380 805 πληρούμενος,
1419 737 1559 806 μετὰ
1595 738 1694 810 τὴν
1731 740 1938 796 ἔκτισιν

353 823 461 876 τῶν
490 822 576 877 διὰ
613 823 710 892 τὴν
739 825 819 886 είς
863 825 1100 894 Χριστὸν
1130 826 1338 896 τόλμαν
1385 829 1703 903 τιμωριῶν,
1735 833 1937 898 πολλὰς

353 915 692 985 προρρήσεις
736 915 970 986 ἐξεῖπεν.
1019 917 1137 970 Ἐπ’
1179 918 1271 990 ἐτη
1313 919 1370 972 δὲ
1415 921 1611 975 ἑκατὸν
1644 925 1935 978 πεντεκαίο

351 1005 483 1057 δεκα
531 1007 952 1076 προφητεύσας,
996 1008 1102 1060 ὑπὸ
1150 1011 1418 1082 Μανασσῆ
1476 1011 1570 1065 τοῦ
1629 1014 1933 1084 βασιλέως,

350 1096 424 1160 ὡς
458 1099 488 1166 ἡ
522 1098 821 1168 παράδοσις
855 1099 989 1170 ἔχει,
1020 1103 1275 1173 πρισοεὶς
1305 1105 1630 1174 ἀναιρεῖται.
1675 1107 1761 1171 Ὠς
1791 1109 1846 1162 δὲ
1876 1111 1936 1164 τὸ

353 1192 590 1262 γράμμα
628 1195 726 1265 τῆς
765 1196 1106 1264 προφητείας
1136 1199 1304 1266 αὐτοῦ
1340 1200 1513 1272 δηλοῖ,
1539 1201 1633 1254 ἐπὶ
1671 1204 1815 1257 ὀκτὼ
1843 1208 1934 1260 καὶ

351 1284 682 1357 ὀγδοήκοντα
707 1287 801 1359 ἐτη
831 1291 1258 1362 προεφήτευσεν.

353 1421 603 1476 ΚΕΦΑΛ.
633 1425 769 1492 θεῖ’.
801 1456 870 1466 —-
904 1425 1047 1482 Τίνα
1073 1429 1246 1484 ἐστὶν
1291 1429 1330 1484 ἂ
1369 1433 1644 1504 Ἱερεμίας
1673 1439 1936 1509 προεφή-

589 1533 804 1583 τευσε,
841 1520 937 1572 καὶ
976 1525 1368 1592 προφητεύων
1398 1527 1700 1598 ὑπέμεινε.

421 1651 647 1722 Πρῶτον
695 1656 849 1725 ἰσχὺς
898 1656 1047 1728 αὐτῷ
1084 1658 1287 1714 δίδοται
1326 1662 1479 1733 παρὰ
1517 1664 1677 1733 θεοῦ,
1709 1669 1846 1739 πρὸς
1875 1670 1935 1724 τὸ

349 1743 612 1800 δύνασθαι
681 1748 869 1818 φέρειν
922 1751 1022 1814 τὰς
1073 1754 1194 1812 κατ’
1253 1755 1420 1810 αὑτοῦ
1458 1761 1788 1829 κινουμένας
1837 1763 1930 1818 τοῦ

351 1836 478 1889 λαοῦ
513 1839 611 1890 καὶ
633 1837 742 1892 τῶν
773 1840 1051 1916 ἀρχόντων
1083 1845 1506 1914 ἐπαναστάσεις,
1541 1852 1826 1922 προλέγων
1857 1855 1932 1925 τῷ

349 1928 461 1999 λαῷ
483 1929 553 1983 τά
594 1931 939 2002 ἐπερχόμενα
966 1935 1053 1988 διὰ
1083 1935 1180 2008 τὴν
1212 1939 1497 1994 ἀπείθειαν
1523 1942 1695 2009 δεινά,
1731 1946 1828 1998 καὶ
1856 1948 1929 2018 μὴ

348 2023 763 2092 πιστευόμενος,
813 2026 1052 2094 ὑπέμενε
1085 2029 1226 2093 τέως
1269 2031 1430 2099 μόνος
1464 2035 1532 2091 τὰ
1558 2035 1791 2105 χαλεπά.
1826 2039 1931 2091 Εὑ-

346 2114 446 2184 χὰς
473 2116 774 2185 προσάγειν
796 2118 874 2188 τῷ
903 2119 1020 2188 Θεῷ
1051 2121 1160 2174 ἀπὸ
1187 2121 1282 2184 τοῦ
1308 2124 1438 2182 λαοῦ
1473 2126 1820 2194 διεκωλύετο,
1855 2131 1932 2195 ὡς

345 2207 444 2259 οὐκ
487 2207 966 2278 ἀκουσθησόμενος
1021 2210 1109 2274 διὰ
1160 2212 1221 2274 τὺ
1274 2214 1636 2286 ὑπερϐάλλειν
1683 2219 1783 2284 τὰς
1834 2223 1929 2277 τοῦ

345 2299 534 2364 ἔθνους
565 2301 873 2372 ἁμαρτίας,
904 2303 1002 2365 τὰς
1029 2305 1169 2374 ὑπὲρ
1207 2306 1385 2364 αὐτῶν
1405 2349 1419 2372 ,
1454 2309 1563 2366 τῶν
1593 2312 1768 2377 ἁγίων
1794 2329 1931 2384 πρε-

343 2393 552 2457 σϐείας.
586 2394 708 2446 Τῶν
736 2395 1203 2466 ψευδοπροφητῶν
1233 2401 1496 2460 τάναντία
1523 2403 1693 2474 αὐτῷ,
1741 2406 1833 2458 καὶ
1861 2407 1931 2462 τὰ

341 2486 480 2554 πρὸς
529 2487 822 2556 ἀρέσκειαν
859 2488 954 2540 τοῦ
1007 2488 1159 2555 λαοῦ,
1192 2495 1644 2564 προφητευόντων
1696 2497 1793 2556 καὶ
1836 2517 1928 2552 πι-

343 2579 686 2648 στευομένων
708 2621 722 2644 ,
760 2579 918 2650 ὓϐριν
951 2581 1216 2651 ὑπέμεινε
1239 2625 1254 2649 ,
1286 2584 1381 2637 καὶ
1416 2585 1672 2655 χαλεπῶς
1716 2590 1925 2656 ἠνιᾶτο.

340 2670 620 2741 Προῦλεγε
667 2673 763 2733 καὶ
798 2673 874 2736 ὡς
913 2673 941 2726 ὁ
981 2672 1200 2744 Ἰσραὴλ
1240 2676 1342 2746 τῆς
1383 2679 1691 2749 σωτηρίας,
1727 2683 1824 2751 τῆς
1851 2681 1929 2753 τῷ

339 2762 454 2833 λαῴ
483 2764 902 2836 ὑπεσχημένης,
948 2765 1349 2838 ἐκϐληθήσεται
1371 2811 1385 2835 ,
1415 2771 1510 2824 καὶ
1546 2771 1614 2826 τὰ
1644 2773 1769 2842 ἔθνη
1805 2773 1930 2827 ταύ-

337 2871 440 2924 της
505 2856 776 2923 τεύξεται.
840 2857 1060 2922 Τόπους
1119 2859 1617 2932 ὑποδειγματικοὺς
1660 2864 1928 2925 ἐθεάσατο

338 2949 448 3006 τῶν
479 2949 581 3020 μὲν
607 2949 704 3020 τὴν
736 2950 969 3022 παντελῆ
1005 2951 1306 3025 διαφθορὰν
1352 2955 1446 3018 καὶ
1491 2957 1928 3028 ἁνεπίστρεπτον

339 3041 723 3111 ὑπομενόντων
761 3041 855 3095 τοῦ
902 3041 1067 3109 λαοῦ,
1114 3045 1173 3097 ὲν
1217 3044 1294 3115 τῷ
1327 3047 1642 3118 κεραμείῳ,
1681 3049 1776 3103 τοῦ
1831 3069 1928 3105 πε-

2040 569 2288 660 pudium,
2338 573 2532 630 iterum
2568 580 2802 648 pepulus
2853 597 2884 645 a
2924 582 3266 654 dispersione
3313 587 3366 642 in
3410 601 3619 660 gentes,

2038 659 2258 718 Christo
2289 667 2538 733 credens,
2570 672 2936 742 revocabitur,
2964 675 3272 747 adimpletis
3303 659 3461 736 bonis
3493 697 3623 750 pro-

2041 754 2400 813 missionibus
2448 775 2569 832 quae
2609 763 2674 817 ad
2710 774 2888 834 patres
2934 765 3090 823 facta:
3130 779 3280 834 sunt,
3331 779 3622 840 postquam

2041 863 2231 918 poenas
2265 852 2426 918 luerit
2465 855 2758 911 criminum
2798 874 2920 927 qua?
2958 872 3148 920 contra
3187 861 3465 918 Christum
3510 881 3628 935 pc-r-

2039 951 2250 1011 petrare
2306 961 2476 1002 ausus
2542 947 2664 1004 fuit.
2727 951 2864 1006 Cum
2907 969 3072 1024 porro
3125 957 3507 1025 prephetasset
3555 959 3665 1012 ad.

2039 1049 2213 1092 annos
2269 1052 2488 1094 centum
2523 1041 2869 1112 quindecim,
2917 1047 3018 1100 sub
3055 1046 3301 1102 Manassc
3342 1065 3503 1120 rege,
3566 1059 3625 1106 ut

2039 1130 2259 1184 traditio
2286 1132 2468 1201 habet,
2493 1151 2642 1191 serra
2673 1149 2856 1198 sectus
2878 1156 2907 1194 e
2929 1141 3110 1195 tnedio
3143 1141 3367 1198 tollitur.
3397 1145 3624 1199 Verum-

2038 1226 2218 1276 tamen
2251 1233 2310 1278 ut
2345 1226 2523 1280 littera
2553 1230 2854 1300 prophetia:
2881 1231 3001 1301 ejus
3024 1231 3286 1304 declarat,
3320 1234 3386 1298 ad
3415 1243 3543 1297 octo
3569 1243 3625 1289 et

2038 1318 2314 1386 octoginta
2345 1335 2520 1376 annos
2551 1321 2914 1391 prophetarit.

2037 1450 2189 1506 CAP.
2237 1450 2473 1506 LXXVI.
2508 1485 2578 1497 —
2612 1455 2743 1520 Qua!
2783 1466 2903 1510 sunt
2953 1456 3198 1512 Ieremia:
3241 1461 3529 1526 vaticinia,
3569 1471 3619 1516 et

2237 1540 2482 1594 quamam
2515 1527 2652 1580 inter
2688 1529 3104 1596 pronhetandunt
3136 1533 3408 1586 sustinuit.

2112 1657 2297 1716 Primo
2327 1661 2496 1717 robur
2528 1663 2577 1718 ei
2617 1665 2776 1719 datur
2805 1680 2836 1719 a
2865 1663 2996 1732 Deo,
3027 1682 3134 1737 quo
3161 1674 3346 1737 posset
3376 1666 3620 1738 perferre

2041 1753 2420 1826 aggressiones
2463 1755 2518 1810 in
2559 1772 2682 1811 eum
2739 1762 3004 1813 excitatas
3055 1774 3084 1812 a
3121 1759 3325 1829 populo
3365 1769 3420 1814 et
3471 1762 3622 1829 prin-

2036 1844 2278 1912 cipibus,
2313 1847 2612 1916 praedicens
2644 1850 2845 1918 populo
2876 1850 3179 1904 obventura
3222 1849 3360 1904 mala
3395 1858 3620 1920 preptcr

2036 1933 2479 1992 inohedicntiam.
2510 1939 2578 1992 At
2611 1956 2734 1994 cum
2766 1940 2814 1994 ei
2847 1956 2954 2000 non
2986 1941 3322 2007 crederetur,
3361 1942 3623 1998 sustinuit

2035 2028 2239 2084 interea
2282 2031 2432 2086 solus
2463 2031 2830 2088 incommoda.
2875 2033 3273 2092 Prohibebatur
3308 2048 3494 2104 preces
3536 2032 3620 2087 of-

2034 2119 2176 2175 ferre
2223 2121 2330 2176 Deo
2387 2138 2482 2192 pro
2519 2125 2754 2193 populo,
2811 2125 3012 2195 quippe
3064 2143 3171 2180 non
3220 2126 3614 2187 exauditurus,

2033 2225 2156 2265 cum
2205 2211 2427 2266 modum
2483 2228 2701 2268 onmem
2756 2217 3080 2270 excederent
3121 2216 3302 2289 populi
3358 2225 3616 2285 peccata.

2034 2303 2457 2359 intercessiones
2484 2317 2801 2362 sanctorum
2829 2324 2927 2378 pro
2963 2309 3090 2365 illis.
3117 2310 3252 2363 Cum
3282 2309 3619 2378 pseudopro-

2031 2395 2208 2464 pheta:
2243 2397 2516 2452 contraria
2558 2398 2684 2462 sibi,
2732 2399 2842 2454 imo
2895 2415 2956 2453 ea
3013 2417 3136 2470 quat
3188 2402 3392 2472 populo
3440 2401 3620 2468 plaee-

2033 2489 2164 2546 bant
2186 2487 2634 2552 vaticinaremur.
2664 2490 2858 2558 eisque
2887 2490 3020 2546 lides
3053 2492 3345 2569 haberetur
3372 2531 3388 2555 ,
3425 2498 3620 2546 contu-

2032 2579 2252 2634 meliam
2288 2581 2587 2645 sustinuit,
2639 2581 3066 2653 tristissimeque
3113 2583 3434 2655 angehatur.
3477 2583 3623 2637 PH!!-

2029 2674 2166 2730 dixit
2195 2674 2352 2729 etiam
2400 2676 2542 2745 quod
2576 2675 2741 2731 lsrael
2792 2677 3070 2732 excideret
3119 2693 3147 2732 a
3189 2677 3366 2733 salute
3417 2678 3619 2746 populo

2030 2768 2334 2838 promissa,
2387 2784 2552 2839 quant
2582 2779 2769 2838 gentes
2817 2780 3002 2829 essent
3036 2777 3432 2825 consecutum.
3469 2768 3618 2823 Con-

2031 2862 2325 2932 templatus
2350 2871 2431 2916 est
2452 2859 2658 2917 formas
2683 2864 3208 2932 praemonstrativas,
3235 2863 3352 2918 sive
3376 2862 3619 2918 subeun-

2029 2956 2165 3010 tium
2205 2968 2246 3010 e.
2270 2955 2470 3029 populo
2519 2956 2891 3014 omnimodam
2938 2956 3461 3024 irrevocabilemque
3497 2969 3620 3024 per-

2030 3048 2322 3112 ditionem,
2372 3047 2424 3101 in
2477 3046 2656 3118 ﬁglina
2712 3064 2906 3117 nempe
2952 3058 3347 3118 praeostensam
3410 3063 3439 3102 a
3477 3055 3619 3104 teSta

341 3137 527 3199 σόντος
560 3135 808 3206 κεράμου
841 3137 936 3205 καὶ
967 3138 1350 3208 συντριϐέντος
1391 3140 1784 3213 δεικνυμένηνο
1816 3147 1925 3200 τῶν

2033 3141 2178 3210 lapsa
2205 3149 2260 3195 et
2285 3140 2597 3207 contracta;
2627 3141 2742 3196 sive
2767 3156 2957 3196 eorum
2987 3143 3081 3212 qui
3115 3139 3405 3196 revocandi
3438 3148 3615 3202 erant,

337 3227 395 3280 δὲ
435 3227 1008 3298 ἀνακληθησομένων,
1063 3233 1122 3285 ὲν
1171 3231 1249 3302 τῷ
1307 3235 1642 3292 ἀποπεσόντι
1701 3241 1764 3292 ὲκ
1818 3240 1926 3294 τῶν

341 3323 542 3395 χειρῶν
575 3323 670 3376 τοῦ
700 3324 994 3395 κεραμέως
1031 3324 1139 3378 ἀπὸ
1175 3325 1270 3386 τοῦ
1306 3327 1540 3396 ὀργάνου
1576 3331 1796 3398 σκεύει,
1832 3333 1927 3386 καὶ

342 3417 506 3470 πάλιν
537 3417 907 3486 ἀναληφθέντι
936 3418 1027 3470 ὑπ’
1053 3418 1222 3473 αὐτοῦ
1254 3420 1348 3474 τοῦ
1377 3421 1630 3491 ἐδάφους,
1664 3425 1759 3480 καὶ
1795 3428 1924 3480 ἁνα-

343 3509 656 3571 πλασθέντι.
701 3509 922 3569 Βασιλεῖ
945 3510 1038 3564 τοῦ
1091 3512 1260 3567 Ἰούδα
1299 3513 1379 3584 τῷ
1423 3516 1666 3586 Ἱωάχαζ,
1713 3517 1788 3581 ὡς
1820 3517 1927 3588 πρὸ

343 3599 476 3663 ὲνῶς
512 3601 624 3671 (93)
662 3601 1009 3671 αἰχμάλωτος
1037 3603 1222 3672 ἀχθεὶς
1257 3605 1363 3675 πρὸ
1393 3605 1488 3665 τοῦ
1533 3606 1884 3667 Βαϐυλωνίου
1907 3649 1923 3676 ,

343 3694 436 3747 καὶ
465 3693 567 3762 τῆς
612 3691 892 3762 βασιλείας
933 3695 1217 3759 παντελῶς
1247 3699 1588 3756 ἐκπεσεῖται.
1635 3701 1796 3755 Ἀλλὰ
1831 3705 1925 3757 καὶ

341 3782 417 3854 τῷ
447 3784 675 3855 Σεδεκία
722 3785 1056 3854 προέλεγεν,
1098 3787 1174 3851 ὼς
1211 3789 1503 3856 πανέστιος
1537 3792 1783 3864 αἰσχρῶς
1831 3795 1926 3868 τὴν

342 3877 536 3931 ἑαυτοῦ
569 3877 936 3947 καταστρέψει
969 3879 1268 3950 βασιλείαν.
1300 3882 1410 3938 Καὶ
1437 3884 1534 3954 τὴν
1566 3887 1926 3944 Βαϐυλωνίων

341 3973 516 4044 ἀρχὴν
591 3972 731 4043 μετὰ
770 3970 811 4026 0'
859 3973 956 4046 ἐτη
1025 3975 1125 4044 τῆς
1167 3976 1263 4032 τοῦ
1335 3978 1587 4048 Ἰεχονίου
1632 3981 1924 4052 ἀποικίας,

341 4066 842 4138 καθαιρεθήσεσθαι
888 4070 1298 4140 προεφήτευσε,
1349 4074 1446 4124 καὶ
1476 4072 1572 4125 τὸν.
1611 4073 1741 4128 λαὸν
1788 4077 1928 4146 μετὰ

340 4156 440 4225 τὴν
471 4155 576 4226 τῆς
606 4156 885 4227 βασιλείας
919 4160 1398 4231 ἐπαναχθήσεσθαι
1426 4163 1772 4236 καθαίρεσιν.
1801 4168 1927 4231 Τοῖς

345 4247 482 4317 μετὰ
509 4247 606 4300 τοῦ
651 4248 902 4319 Ἰεχονίου
939 4251 1020 4312 εἰς
1060 4251 1161 4321 τὴν
1189 4250 1538 4308 Βαϐυλωνίαν
1582 4256 1926 4311 ἀποικισθεῖ-

344 4357 462 4405 σιν,
514 4340 622 4393 ὑπὸ
651 4340 1118 4413 ψευδοπροφητῶν
1157 4344 1536 4415 ἁπατωμένοις
1565 4385 1580 4412 ,
1620 4347 1697 4412 ὡς
1754 4351 1922 4403 ἐπαν-

345 4434 676 4506 αχθήσονται
725 4434 823 4507 τὴν
869 4437 1153 4508 ταχίστην,
1178 4438 1468 4494 ἐπέστελλε
1519 4441 1594 4513 μὴ
1643 4443 1927 4501 πείθεσθαι

2030 3232 2085 3286 in
2139 3247 2206 3287 eo
2262 3233 2382 3300 ipso
2416 3247 2543 3286 vase
2581 3232 2726 3301 quod
2782 3233 2990 3288 excidit
3041 3237 3108 3286 ab
3145 3233 3510 3287 instrumento
3549 3231 3618 3285 de

2029 3340 2194 3380 manu
2229 3323 2398 3395 liguli,
2456 3340 2792 3394 rursumque
2825 3327 2892 3380 ah
2922 3339 2988 3380 eo
3018 3325 3085 3380 de
3128 3325 3298 3380 humo
3330 3332 3616 3393 acceptum

2028 3426 2083 3471 et
2116 3416 2470 3472 reformatum
2521 3418 2567 3448 ²²
2606 3427 2707 3473 est.
2762 3417 3021 3472 Praedixit
3054 3416 3294 3472 Joachaz
3336 3417 3445 3484 regi
3478 3414 3615 3469 Jutla

2028 3509 2122 3581 qui
2160 3510 2409 3579 captivus
2438 3509 2637 3568 ductus
2667 3517 2750 3562 est
2786 3524 2814 3560 a
2847 3507 3184 3580 Babylonio“,
3215 3506 3459 3561 futurum
3498 3521 3617 3560 om-

2031 3603 2160 3657 nino
2202 3611 2260 3657 ut
2298 3601 2505 3672 integro
2558 3617 2728 3670 regno
2770 3601 3065 3655 excideret.
3132 3599 3392 3653 Prtedixit
3451 3598 3616 3652 etiam

2031 3693 2292 3763 Scdeeiae,
2328 3695 2471 3768 quod
2501 3694 2766 3766 inglorius
2798 3709 2919 3748 cum
2952 3694 3205 3748 universa
3241 3692 3405 3746 domo
3451 3706 3616 3746 suum

2029 3789 2280 3860 perderet
2319 3803 2566 3859 regnum.
2621 3785 2796 3842 Etiam
2843 3785 3265 3857 Babyloniorum
3325 3783 3615 3854 imperium

2029 3891 2152 3951 post
2197 3882 2264 3944 70
2309 3895 2486 3936 annos
2544 3896 2575 3934 a
2611 3878 3098 3948 transmigratione
3149 3875 3431 3932 Jechonia:
3468 3890 3622 3937 cver‘

2028 3974 2250 4030 tendunt
2292 3971 2638 4045 prephetavit
2682 3972 2728 4004 "
2770 3990 2783 4026 :
2833 3979 2886 4025 et
2940 3969 3226 4041 populum,
3275 3982 3468 4022 everso
3501 3966 3614 4036 jam

2029 4083 2222 4140 regno,
2256 4067 2310 4120 iu
2343 4082 2501 4122 suam
2539 4066 2770 4136 patriam
2813 4065 3184 4119 revocandum
3223 4060 3357 4116 fore.
3397 4059 3478 4112 Ad
3521 4073 3621 4112 eos

2029 4161 2121 4230 qui
2152 4176 2276 4215 cunt
2308 4157 2568 4214 Jechonia
2598 4159 2650 4211 in
2676 4156 3030 4228 Babyloniam
3065 4153 3621 4222 transmigravermtt,

2028 4262 2083 4309 et
2105 4268 2136 4307 a
2165 4251 2317 4313 falsis
2349 4249 2629 4320 prephetis
2663 4247 3098 4317 decipiebautur,
3126 4243 3285 4314 quasi
3317 4242 3412 4312 qui
3451 4256 3619 4310 quam

2029 4345 2293 4403 citissime
2317 4344 2371 4398 in
2397 4341 2627 4412 patriam
2651 4347 2835 4396 essent
2863 4336 3178 4400 revocandi,
3205 4335 3415 4390 litteras
3443 4332 3615 4394 misit.

2032 4447 2095 4493 ut
2123 4452 2190 4491 ne
2220 4435 2506 4489 crederent
2531 4433 2658 4498 illis,
2694 4431 2790 4488 sed
2824 4434 3215 4500 exspectarent
3242 4439 3337 4480 cos
3373 4438 3612 4493 quoque.

344 4528 586 4592 τούτοις,
632 4529 745 4582 ἀλλ’
792 4529 1112 4600 ἐκδέχεσθαι
1164 4532 1258 4586 xui.
1312 4537 1436 4598 τοὺς
1485 4537 1542 4588 ὲν
1571 4538 1638 4606 τῇ
1693 4537 1924 4610 Ἰουδαία

2033 4530 2126 4600 qui
2151 4530 2205 4583 in
2237 4525 2425 4582 Judzea
2455 4540 2580 4580 cmn
2607 4522 2832 4578 Sedecia
2868 4528 3268 4586 remanserant,
3298 4516 3463 4573 simul
3491 4532 3618 4572 eum

347 4622 483 4690 μετὰ
520 4620 618 4674 τοῦ
663 4623 912 4678 Σεδεκίου
956 4627 1356 4697 μεμενηκότας,
1392 4629 1509 4699 ἅμα
1537 4630 1720 4696 αὐτοῖς
1762 4633 1925 4684 ἀποι-

344 4714 718 4788 κισθήσεσθαι.

343 4854 591 4910 ΚΕΦΔΛ.
625 4853 744 4912 OZ'.
778 4888 844 4899 -—
879 4856 1022 4920 Τίνα
1054 4858 1225 4982 ἐσῖὶν
1254 4857 1291 4913 ἂ
1323 4861 1782 4931 προεφήτευσεν
1814 4867 1923 4918 Σο-

1018 4947 1133 4982 σον
1159 4948 1251 4982 ac.

1015 4947 1251 4999 φονίας.

427 5064 513 5126 Ὠς
544 5065 880 5138 ὲκκάθαρσις
911 5069 1004 5136 τῆς
1041 5068 1234 5132 κακίας
1261 5071 1575 5140 γενήσεται.
1623 5070 1711 5134 Ὡς
1750 5072 1782 5143 ή
1827 5073 1921 5126 Ἰε-

349 5159 627 5230 ρουσαλὴμ
670 5162 741 5213 τὰ
792 5163 1115 5216 Χαναναίων
1157 5164 1447 5234 πράξασα,
1488 5166 1558 5220 τὰ
1596 5168 1919 5222 Χαναναίων

348 5251 611 5306 πείσεται.
650 5253 806 5308 Κατὰ
847 5255 956 5307 τῶν
1019 5254 1196 5309 ἐθνῶν.
1247 5257 1499 5328 προλέγει
1549 5259 1660 5312 τῶν
1712 5262 1918 5314 ἐπανα-

348 5343 583 5397 στάντων
625 5345 704 5416 τῷ
757 5346 906 5418 λαῷ,
940 5347 1014 5411 ὡς
1058 5352 1559 5421 τιμωρηθὴσονται.
1617 5354 1726 5408 Καὶ
1782 5354 1921 5409 κατὰ

346 5436 439 5499 τῆς
463 5438 673 5505 Νινευὶ,
704 5438 777 5504 ὡς
804 5441 1109 5511 ἐπαρθεῖσα
1147 5444 1641 5518 κατενεχθήσεται.

419 5664 463 5696 ⁸³
497 5663 701 5721 .Icrem.
741 5684 895 5736 xvut,
928 5687 1038 5725 xix.
1117 5673 1162 5704 ³³
1191 5671 1391 5729 Jerent.
1429 5691 1553 5729 xxv.

2023 4623 2133 4680 illis
2166 4623 2219 4677 in
2253 4619 2808 4690 transmigratiouem
2832 4614 3203 4686 deportandos

2023 4866 2174 4922 CAP.
2228 4865 2488 4921 LXXVII.
2531 4897 2592 4908 —
2653 4866 2784 4931 Qua:
2828 4873 2949 4919 sunt
2993 4862 3251 4919 vaticinia
3307 4859 3614 4931 Sep/mnia.

2093 5069 2248 5138 Quod
2292 5069 2615 5139 expurgatio
2662 5067 2969 5139 iniquitatis.
3002 5067 3093 5122 [iet
3143 5086 3156 5121 :
3206 5065 3354 5136 quod
3391 5063 3617 5119 Jerusa-

2021 5163 2124 5216 lem
2157 5178 2277 5232 qua:
2307 5162 2647 5216 Ch-manaeos
2682 5176 2847 5231 opere
2884 5159 3092 5213 imitata
3122 5166 3226 5221 est,
3267 5155 3617 5211 Chananmo-

2027 5272 2148 5309 rum
2191 5255 2454 5309 sortiatur
2481 5264 2760 5309 eventum.
2808 5251 3012 5308 Contra
3055 5259 3242 5322 gentes
3286 5264 3406 5316 qua:
3444 5262 3620 5316 popu»

2027 5350 2136 5404 hnu
2175 5348 2534 5419 appetebant,
2579 5346 2822 5417 prtedicit
2862 5347 2917 5400 in
2965 5359 3059 5399 eas
3106 5359 3229 5398 esse
3269 5337 3616 5394 animadver-

2025 5446 2248 5500 tendum
2297 5461 2312 5500 :
2346 5452 2399 5502 et
2435 5443 2503 5500 de
2539 5440 2734 5498 Ninivc
2765 5441 2858 5507 ait,
2899 5437 3047 5512 quod
3077 5435 3313 5494 exaltata
3349 5430 3612 5488 humilia-

2027 5537 2193 5593 hitur.

421 5823 530 5896 (93)
571 5823 696 5883 Hinc
749 5829 910 5884 verba
953 5827 1165 5888 Fabric.
1213 5832 1605 5904 interpretatur
1665 5842 1784 5889 ante
1828 5834 1975 5890 breve
2017 5841 2238 5904 tempus.
