4032 6594
404 365 479 429 95
1922 366 1972 425 J1

2078 364 2227 426 ΞΡΡΙ

3609 367 3680 431 96

404 480 559 538 CAP.
608 478 893 537 LXXVIII.
935 511 1004 523 —-
1053 483 1309 549 Quasnam
1360 483 1688 554 prophetavit
1736 484 1972 556 Aggams.

2086 468 2361 539 ΚΕΦΧΛ(
2390 482 2516 540 OH'.
2567 513 2635 525 —
2686 484 2824 537 Τίνα
2873 481 3330 551 προεφήτευσεν
3384 481 3674 551 Ἀγγαῖος.

476 615 606 671 Post
658 619 892 673 reditum
944 618 1128 689 populi
1181 633 1211 674 e
1253 618 1602 689 captivitate,
1653 621 1985 690 prophetans

404 710 588 781 culpat
624 726 892 776 reversos,
924 721 1207 781 prepterea
1230 714 1375 783 quod
1400 714 1764 784 ncgligentius
1797 730 1987 786 aggre-

403 803 665 858 derentur
696 805 877 873 templi
919 805 1338 861 atdiﬁcationem
1362 847 1377 873 ,
1412 822 1619 878 eosque
1662 808 1986 862 adhortatur

404 906 464 951 ut
508 897 556 951 ei
591 912 812 950 manum
865 897 1210 955 admoveant.
1253 898 1575 956 Zorobabeli
1615 909 1669 955 et
1712 900 1840 957 Jesu
1875 900 1985 956 ﬁlio

401 986 633 1044 J'isedec
685 990 917 1046 ducibus
963 992 1145 1062 populi
1185 993 1533 1059 vaticinatur,
1572 995 1716 1063 quod
1750 995 1984 1049 habeant

407 1081 572 1137 Deum
604 1085 950 1140 assistentem
987 1086 1089 1140 sibi
1126 1096 1235 1139 tam
1271 1088 1322 1139 in
1368 1088 1552 1157 templi
1596 1087 1980 1154 aediﬁcatione,

402 1191 567 1244 quam
598 1176 650 1229 in
680 1179 863 1247 populi
903 1178 1187 1249 regimine.
1228 1178 1365 1233 Cum
1402 1179 1778 1235 sacerdotibus
1817 1180 1980 1234 etiam

403 1271 704 1335 contendit,
744 1272 888 1342 quod
936 1272 1079 1327 bona
1116 1288 1279 1341 opera
1314 1273 1829 1331 sanctiﬁcationem.
1873 1289 1980 1328 non

404 1372 532 1413 vero
565 1374 848 1416 sacrorum
889 1362 1135 1417 ciborum
1165 1378 1294 1418 esus
1323 1372 1562 1432 praestet.

465 1560 617 1617 CAP.
659 1561 896 1619 LXXIX.
938 1594 1006 1603 —
1050 1565 1182 1631 Qua:
1210 1568 1538 1637 prophetavit
1586 1568 1904 1626 Zacharias.

467 1673 523 1729 ln
566 1679 886 1732 memoriam
925 1688 1145 1734 revocat
1177 1680 1341 1750 impia
1384 1681 1626 1737 facinora
1660 1685 1979 1753 progenito-

397 1783 520 1821 rum
551 1770 756 1839 populi,
788 1786 882 1840 per
912 1788 1033 1842 qua:
1061 1773 1210 1827 ducti
1244 1774 1460 1828 fuerant
1500 1776 1552 1829 in
1586 1777 1978 1845 captivitatem.

2158 618 2311 673 Μετά
2336 618 2435 689 τὴν
2464 617 2723 670 ἐπάνοδον
2758 615 2851 668 τοῦ
2882 614 3035 681 λαοῦ,
3059 613 3159 683 τὴν
3190 614 3298 667 ἀπὸ
3338 614 3435 681 τῆς
3472 615 3646 682 αἰχμα

2088 713 2310 776 λωσίας,
2340 710 2701 781 προφητεύων
2730 709 2971 762 αἰτιᾶται
3008 709 3120 770 τοῖς
3153 705 3565 771 ἐπανελθοῦσιν,
3595 708 3675 760 ὅτι

2090 805 2463 878 ῥαθυμότερον
2508 802 2911 872 προσφέρονται
2944 802 3011 871 τῇ
3052 799 3146 852 τοῦ
3195 797 3325 852 ναοῦ
3376 798 3672 868 οἰκοδομῇ,

2088 898 2179 950 καὶ
2211 895 2581 968 προτρέπεται
2611 893 2817 961 ταύτης
2852 891 3095 961 ἔχεσθαι.
3130 891 3219 960 Τῷ
3250 908 3307 943 τε
3339 892 3668 962 Ζοροϐἀΰε).,

2087 993 2182 1044 καὶ
2212 992 2289 1061 τῷ
2338 991 2433 1045 τοῦ
2486 989 2732 1043 Ἰωσεδὲκ
2778 988 2956 1059 Ἰησοῦ
2989 991 3101 1052 τοῖς
3131 988 3225 1042 τοῦ
3269 988 3402 1043 λαοῦ
3436 989 3673 1063 ήγεμόσι

2086 1084 2441 1155 προφητεύει,
2475 1083 2550 1146 ὡς
2592 1083 2777 1153 έχουσι
2808 1082 2898 1134 τὸν
2938 1081 3073 1135 Θεὸν
3114 1082 3451 1152 προστάτην,
3491 1083 3581 1134 ἐπί
3612 1096 3672 1133 τε

2085 1180 2149 1248 τῇ
2188 1175 2279 1229 τοῦ
2314 1174 2444 1229 ναοῦ
2492 1175 2751 1245 οἰκοδομῇ
2798 1175 2895 1227 καὶ
2940 1176 3006 1243 τῇ
3048 1172 3144 1225 τοῦ
3178 1172 3311 1226 λαοῦ
3353 1173 3670 1244 ἐπιστασίᾳ.

2086 1271 2195 1323 Καὶ
2234 1269 2370 1341 πρὸς
2393 1268 2520 1331 τοὺς
2557 1270 2722 1337 ἱερεῖς
2754 1267 3100 1320 ἀποτείνεται
3127 1307 3140 1329 ,
3169 1266 3245 1330 ὡς
3282 1268 3314 1336 ή
3344 1266 3673 1337 δικαιοπρα-

2084 1364 2178 1432 γία
2209 1363 2297 1416 τὸν
2330 1361 2624 1432 ἀγιασμδν,
2651 1362 2750 1431 οὐχ
2781 1363 2813 1431 ή
2846 1361 2957 1414 τῶν
2989 1362 3149 1431 ἱερῶν
3188 1361 3495 1432 βρωμάτων
3532 1361 3671 1432 βρῶ-

2085 1472 2169 1518 σις
2204 1455 2526 1525 παρέχεται.

2085 1569 2334 1622 ΚΕΦΑΛ.
2375 1565 2496 1621 Οθ’.
2540 1597 2610 1607 -
2660 1570 2797 1621 Τίνα
2843 1568 3305 1637 προεφήτευσεν
3346 1568 3669 1636 Ζαχαρίας.

2166 1682 2506 1751 ’Υπόμνησιν
2542 1685 2781 1736 ποιεῖται
2822 1682 2933 1735 τῶν
2963 1683 3309 1752 προγονικῶν
3341 1684 3671 1738 δυσσεὸειῶν

2083 1776 2179 1829 τοῦ
2232 1776 2397 1839 λαοῦ,
2433 1775 2500 1828 δι’
2554 1776 2619 1839 ἀς
2664 1776 2990 1847 ἀπήχθησαν
3022 1778 3104 1840 είς
3160 1776 3559 1848 αἰχμαλωσίαν.
3592 1779 3673 1831 Δι’

398 1859 503 1916 Per
532 1858 709 1917 visum
762 1879 871 1934 quo
922 1866 1133 1935 species
1164 1883 1430 1936 equorum
1464 1870 1655 1936 crevit,
1692 1881 1745 1925 et
1790 1887 1972 1926 ascen-

2082 1868 2348 1932 ὀπτασίας
2404 1868 2505 1937 τῆς
2560 1868 2671 1922 τῶν
2730 1868 2914 1923 ἵππων
2978 1870 3189 1935 είδέας,
3252 1872 3345 1923 καὶ
3408 1871 3668 1925 ὲπιῦάτοιι

399 1954 542 2010 seris
597 1955 746 2025 equi,
811 1957 1040 2013 intuitus
1089 1967 1173 2014 est
1212 1975 1329 2013 eam
1385 1975 1571 2014 curam
1625 1963 1807 2032 populi
1858 1974 1982 2032 post

398 2045 657 2113 reditum,
692 2064 857 2118 quam
897 2050 1074 2121 angeli
1130 2051 1421 2107 habebant.
1483 2052 1625 2108 Vidit
1670 2056 1833 2109 ctiam
1886 2056 1981 2111 de-

395 2141 749 2195 structionem
777 2150 1015 2211 quatuor
1043 2158 1356 2213 regnorum,
1389 2161 1511 2215 qua:
1549 2147 1808 2215 populum
1844 2164 1980 2217 pra:-

397 2232 481 2285 liis
503 2232 867 2302 impetierant,
900 2234 952 2288 in
981 2246 1217 2304 quatuor
1234 2238 1517 2303 cornibus,
1543 2248 1595 2292 et
1618 2254 1713 2308 per
1739 2249 1979 2309 quatuor

394 2324 634 2379 artiﬁces
657 2323 921 2381 futuram.
954 2326 1140 2381 Crevit
1168 2338 1219 2381 et
1244 2328 1641 2401 Hierosolyma
1674 2331 1975 2401 perfectum

394 2416 659 2472 divinitus
687 2418 1028 2473 elaboratum
1058 2422 1372 2488 :edilicium,
1406 2422 1762 2495 futurumque
1790 2427 1975 2497 populi

396 2512 627 2566 reditum
661 2528 726 2567 ex
754 2514 1115 2583 dispersione.
1150 2514 1305 2581 Quod
1328 2519 1491 2574 etiam
1525 2519 1834 2589 insurgeret
1866 2520 1978 2573 dia-

392 2604 552 2659 holus
582 2613 773 2659 contra
802 2606 988 2661 Jesum
1021 2608 1189 2661 ﬁlium
1224 2606 1455 2664 Joscdec
1486 2610 1850 2677 sacerdotem,
1883 2614 1975 2682 qui

392 2706 509 2753 erat
548 2708 709 2769 typus
750 2699 963 2753 Domini
1015 2702 1186 2755 mistri
1223 2700 1352 2757 Jcsu
1406 2704 1679 2773 pontiﬁcis
1712 2704 1970 2761 caelestis.

394 2788 552 2844 Vi'det
582 2800 635 2845 et
680 2792 895 2845 ruinam
927 2793 1152 2859 diaboli,
1196 2810 1319 2863 qua:
1348 2795 1581 2866 contigit
1620 2797 1691 2851 ob
1734 2798 1971 2852 divinam

392 2884 909 2954 increpationem".
950 2885 1303 2955 Perjurorum
1353 2888 1734 2943 omnimodum
1785 2888 1975 2944 interi-

391 2986 506 3031 tum
554 2979 953 3048 contemplatus
984 2988 1099 3044 est,
1143 2989 1197 3034 et
1243 2980 1534 3048 impiorum
1570 2981 1970 3037 demersionem

391 3070 445 3124 in
476 3070 807 3141 profundum
850 3072 1067 3126 inferni.
1112 3073 1256 3127 Vidit
1294 3082 1347 3127 et
1373 3089 1536 3143 quam
1579 3076 1766 3129 mundi
1804 3077 1972 3132 totius

387 3180 580 3221 curam
613 3166 811 3219 habent
832 3167 1007 3236 angeli
1033 3165 1087 3219 in
1116 3176 1241 3237 typo
1269 3178 1510 3237 quatuor
1528 3185 1790 3223 curruum
1816 3171 1972 3226 exhi-

389 3257 554 3312 bitam
617 3258 783 3312 variis
822 3257 1009 3328 equis
1043 3258 1315 3330 adjugalis
1356 3268 1675 3316 tracturum.
1727 3259 1875 3316 Vidit
1922 3272 1974 3317 et

389 3351 699 3419 pontiﬁcem
739 3352 790 3405 in
824 3362 950 3423 typo
982 3351 1307 3417 Salvatoris,
1340 3354 1432 3423 qui
1468 3354 1519 3407 in
1567 3355 1743 3409 reditu
1789 3354 1972 3425 populi

388 3442 719 3510 pontiﬁcalia
766 3445 951 3497 munia
982 3445 1293 3509 exercebat,
1336 3443 1521 3499 Jcsum
1570 3461 1764 3514 nempe
1799 3446 1971 3501 ﬁlium

385 3534 636 3600 Iosedec,
669 3536 735 3591 de
770 3536 1112 3606 ignobilitate
1146 3538 1212 3591 ad
1247 3538 1475 3607 gloriam
1504 3548 1847 3609 provectum.

455 3711 810 3783 Prophetavit
842 3722 897 3768 et
929 3713 996 3770 de
1041 3715 1297 3784 gentibus
1332 3717 1386 3771 in
1449 3718 1553 3774 ﬁde
1598 3721 1969 3788 assumendis,

386 3821 452 3860 ac
483 3818 668 3875 postea
704 3806 772 3859 de
810 3806 982 3876 ipsius
1015 3805 1231 3862 lsraelis
1290 3809 1669 3879 assumptione
1692 3852 1707 3876 ,
1739 3819 1793 3867 et
1822 3815 1969 3884 quod

388 3898 761 3953 Antichristns
791 3899 1171 3954 adversabitur
1208 3901 1522 3970 hujusmodi
1551 3907 1919 3975 assumptioni
1952 3924 1967 3962 :

388 3992 456 4046 ad
482 4006 621 4060 quas
653 3991 968 4061 ﬁgurandas
1018 3994 1153 4048 duas
1185 3995 1501 4052 vocationes
1554 4006 1679 4069 typo
1720 4016 1855 4055 usus
1888 4010 1972 4056 est

386 4085 617 4155 duplicis
669 4085 963 4142 confracta:
1032 4089 1216 4158 virgaz.
1265 4087 1606 4147 Vaticinatus
1667 4102 1754 4148 est
1803 4095 1969 4149 etiam

388 4177 603 4232 Domini
636 4180 1019 4249 proditionem,
1054 4181 1310 4252 quodque
1338 4198 1435 4252 pro
1462 4184 1646 4238 debito
1683 4185 1783 4256 ipsi
1813 4202 1841 4241 a
1872 4202 1971 4257 po-

385 4271 513 4338 pqu
546 4271 753 4325 honore
786 4282 839 4326 et
871 4273 1177 4336 beneﬁciis,
1205 4274 1423 4343 triginta
1461 4292 1585 4329 eum
1616 4277 1801 4332 aureis
1831 4294 1965 4333 vcn-

381 4362 616 4417 diderint
649 4381 660 4416 :
699 4365 844 4432 quod
863 4381 959 4419 eos
993 4380 1089 4434 pro
1120 4366 1429 4434 proditione
1464 4367 1635 4421 Judas
1667 4370 1964 4436 acceperit,

380 4461 435 4505 ct
464 4452 608 4522 quod
640 4453 691 4505 in
724 4454 1118 4523 gazOphylacio
1149 4471 1345 4509 aurum
1378 4457 1607 4509 missum
1644 4456 1830 4523 fuerit,
1864 4459 1969 4514 ite-

2084 1958 2274 2021 ἵππου,
2313 1958 2414 2029 τὴν
2460 1959 2837 2030 γεγενημένην
2885 1960 2952 2014 δι’
2983 1959 3233 2028 ἀγγέλων
3255 2000 3269 2022 .
3299 1963 3400 2032 ὁρᾷ
3447 1963 3545 2032 τὴν
3574 1961 3668 2015 τοῦ

2082 2048 2233 2113 λαοῦ,
2267 2050 2405 2119 μετὰ
2438 2051 2537 2121 τὴν
2572 2050 2834 2104 ἐπάνοδον
2869 2051 3221 2121 κηδεμονίαν,
3272 2052 3369 2103 καὶ
3403 2052 3511 2105 τῶν
3538 2069 3598 2104 τε
3612 2070 3672 2105 ση

2083 2146 2265 2213 σάρων
2295 2142 2586 2213 βασιλειῶν
2612 2143 2721 2197 τῶν
2757 2142 3259 2215 ὲκπολεμησάντων
3288 2144 3401 2212 (94)
3428 2145 3519 2195 τὸν
3541 2144 3669 2197 λαὸν

2080 2234 2178 2305 τὴν
2226 2234 2547 2305 καθαίρεσιν
2577 2236 2715 2307 δρᾷ,
2755 2235 2813 2289 ἐν
2842 2236 3106 2307 τέσσαρσι
3141 2235 3368 2307 κέρασι,
3418 2236 3506 2287 διὰ
3534 2252 3664 2288 τεσ-

2081 2328 2261 2399 σάρων
2290 2327 2559 2381 τεκτόνων
2585 2328 2980 2398 γενησομένην.
3031 2328 3167 2398 Ὀρᾷ
3196 2328 3291 2381 καὶ¹
3325 2328 3425 2397 τῆς
3465 2328 3667 2397 Ἰερου-

2082 2419 2264 2489 σαλήμ
2292 2420 2393 2490 τὴν
2425 2419 2610 2489 ἐντελῆ
2655 2418 2805 2472 θείαν
2833 2420 3169 2489 οἰκοδομίαν,
3201 2420 3293 2472 καὶ
3338 2420 3438 2491 τὴν
3472 2422 3535 2473 ἐκ
3565 2419 3669 2490 τῆς

2078 2513 2381 2581 διασπορᾶς
2416 2510 2513 2563 τοῦ
2542 2511 2672 2564 λαοῦ
2705 2512 2963 2565 ἐπάνοδον
2992 2512 3386 2581 γενησομένην,
3442 2512 3535 2566 καὶ
3566 2510 3667 2583 τὴν

2078 2604 2452 2659 ἐπανάστασιν
2500 2603 2594 2657 τοῦ
2652 2603 2938 2668 διαϐόλου,
3001 2605 3102 2675 τὴν
3155 2604 3298 2657 κατὰ
3348 2604 3525 2675 Ἰησοῦ
3568 2604 3665 2658 τοῦ

2090 2696 2337 2750 Ἰωσεδὲκ
2386 2698 2717 2768 ἀρχιερέως,
2766 2686 2827 2760 δς
2875 2698 2967 2751 καὶ
2998 2692 3065 2767 ἦν
3107 2696 3201 2749 τοῦ
3252 2697 3459 2768 Κυρίου
3506 2697 3666 2768 ήμῶν

2090 2789 2260 2859 Ἰησοῦ
2291 2789 2386 2843 τοῦ
2421 2790 2671 2861 οὐρανίου
2706 2790 3010 2859 ἀρχιερέως
3040 2787 3232 2852 τύπος.
3278 2789 3410 2859 ⁸0ρᾷ
3441 2789 3531 2842 καὶ⁵
3565 2788 3666 2861 τὴν

2076 2881 2134 2946 ἐξ
2165 2882 2538 2952 ἐπιτιμήσεως
2568 2879 2704 2934 Θεοῦ
2737 2880 2945 2933 πτῶσιν
2981 2881 3359 2951 γεγενημένην
3402 2880 3496 2934 τοῦ
3542 2880 3663 2935 δια-

2076 2973 2255 3027 δὸλου.
2290 2974 2401 3045 Τὴν
2457 2977 2569 3038 τοῖς
2617 2972 2936 3043 ἐπιορκοῦσι
2998 2973 3345 3042 πανώλεθρον
3403 2973 3667 3028 ἐθεάσατο

2072 3064 2390 3135 διαφθοράν,
2424 3067 2519 3119 καὶ
2544 3065 2642 3137 τὴν
2670 3065 2779 3119 τῶν
2820 3065 3223 3119 δυσσεῦούντων
3243 3066 3322 3130 είς
3354 3065 3514 3136 βυθὸν
3535 3067 3664 3139 ᾅδου

2076 3158 2452 3212 κατάπτωσιν.
2486 3159 2598 3229 Τὴν
2628 3158 2988 3229 περικόσμιον
3016 3159 3314 3231 ἀγγελικὴν
3340 3160 3664 3214 ἐπιστασίαν

2074 3254 2327 3307 τεθέαται
2380 3257 2437 3307 ἐν
2491 3255 2645 3327 τύπῳ
2697 3255 2982 3324 τεσσάρων
3034 3256 3333 3327 ἁρμάτων,
3392 3256 3662 3320 ποικίλοις

2078 3344 2267 3408 ἵπποις
2290 3342 2716 3416 ὑπεζευγμένων
2747 3347 3168 3417 ἐπιδειχθεῑσαν.
3203 3344 3323 3401 Εἷδε
3350 3350 3444 3401 καὶ
3476 3350 3568 3401 τὸν
3604 3351 3666 3402 ἐν

2074 3437 2232 3509 τύπῳ
2269 3438 2363 3492 τοῦ
2402 3438 2656 3511 Σωτῆρος
2712 3439 3007 3511 ἀρχιερέα,
3064 3440 3155 3494 τὸν
3204 3442 3261 3495 ἐν
3306 3444 3372 3512 τῇ
3417 3440 3663 3511 ἐπανόδῳ

2074 3527 2169 3580 τοῦ
2207 3528 2335 3581 λαοῦ
2374 3529 2900 3600 ἀρχιερατεύσαντα,
2950 3530 3159 3601 Ἰησοῦν
3201 3532 3293 3586 τὸν
3328 3534 3423 3587 τοῦ
3481 3534 3663 3587 Ἰωςτε⁴

2073 3621 2189 3680 δὲκ.
2226 3621 2285 3687 ἐξ
2312 3622 2527 3688 ἀδοξίας
2559 3624 2635 3686 είς
2668 3623 2825 3689 δόξαν
2852 3624 3281 3695 προεληλυθότα.

2146 3715 2532 3787 Προεφήτευσε
2568 3718 2661 3769 καὶ
2696 3719 2824 3789 περὶ
2862 3718 2971 3771 τῶν
3007 3719 3177 3773 ἐθνῶν
3206 3721 3263 3772 ἐν
3293 3719 3471 3773 πίστει
3526 3737 3664 3788 προι

2074 3803 2288 3874 λήψεως
2325 3804 2545 3879 [προσοι
2572 3848 2587 3871 ,
2632 3807 2725 3859 καὶ
2760 3807 2861 3877 τῆς
2911 3808 3005 3861 τοῦ
3041 3809 3258 3880 Ἰσραήλ
3294 3810 3434 3879 μετά
3487 3810 3663 3863 ταῦτα

2073 3898 2480 3969 γενησομένης’
2518 3898 2615 3953 καὶ
2642 3900 2719 3963 ὡς
2762 3901 2790 3953 ό
2830 3899 3196 3972 Ἀντίχριστος
3225 3902 3545 3972 ἐπιθήσεται
3595 3906 3661 3975 τῇ

2074 3989 2299 4062 τοιαύτῃ
2332 3990 2664 4062 προσλήψει,
2709 3994 2791 4055 είς
2833 3993 2928 4047 δύο
2976 3994 3204 4066 ῥάϐδους
3257 3996 3665 4067 περικοφθησο-

2079 4080 2248 4150 μένας
2277 4081 2377 4141 τὰς
2404 4082 2498 4135 δύο
2527 4082 2751 4154 κλήσεις
2782 4084 3085 4141 ἐπιτυπῶν.
3132 4087 3368 4157 Προεῖπε
3398 4088 3491 4139 καὶ
3535 4088 3665 4157 περὶ

2074 4173 2173 4242 τῆς
2204 4173 2297 4227 τοῦ
2333 4174 2541 4246 κυρίου
2588 4178 2899 4247 προδοσίας.
2928 4178 3003 4241 ὦς
3031 4180 3153 4233 ἀντὶ
3181 4180 3281 4248 τῆς
3304 4180 3665 4250 ὀφειλομένης

2074 4266 2227 4336 αὐτῷ
2262 4268 2415 4339 παρὰ
2460 4269 2556 4321 τοῦ
2592 4269 2722 4322 λαοῦ
2748 4271 2919 4340 τιμῆς
2972 4271 3066 4325 καὶ
3124 4273 3468 4343 εὐεργεσίας,
3502 4274 3663 4344 τριά-

2075 4375 2241 4412 κοντα
2274 4360 2491 4429 χρυσῶν
2526 4361 2690 4415 αὑτὸν
2730 4364 3088 4434 ἐτιμήσαντο,
3113 4365 3188 4429 ὡς
3224 4367 3363 4437 ὑπὲρ
3392 4366 3489 4436 τῆς
3532 4385 3662 4436 προ-

2074 4451 2259 4516 δοσίας
2292 4452 2320 4504 ὁ
2364 4452 2566 4514 Ἰούδας
2595 4454 2830 4524 εἰλήφει,
2852 4458 2948 4510 καὶ
2969 4456 3043 4521 ὡς
3072 4459 3130 4511 ἐν
3159 4458 3235 4529 τῷ
3268 4458 3662 4530 γαζοφυλακίῳ

382 4560 613 4613 rumque
646 4560 947 4613 expensum
1007 4547 1059 4598 in
1113 4548 1347 4613 pretium
1401 4548 1517 4616 agri
1558 4548 1727 4617 ﬁguli.
1766 4548 1963 4605 lterum

2078 4542 2135 4595 τὸ
2171 4544 2392 4615 χρυσίον
2426 4545 2673 4608 ἐϐάλετο,
2712 4548 2805 4599 καὶ
2842 4548 3004 4603 πάλιν
3036 4550 3115 4613 είς
3145 4550 3314 4621 τιμὴν
3354 4551 3446 4604 τοῦ
3487 4553 3661 4621 ἀγροῦ

378 4638 448 4693 de:
477 4637 833 4697 Antichrislo,
867 4637 1016 4706 quod
1073 4638 1451 4693 adversabitur
1478 4641 1705 4707 sanctis,
1757 4654 1811 4696 et
1867 4643 1963 4697 dc-

380 4739 647 4784 struetur.
722 4729 1075 4799 Pr0phetavit
1136 4740 1191 4785 et
1249 4730 1317 4786 de
1403 4733 1629 4788 salutari
1710 4737 1967 4804 passione

380 4824 606 4890 Christi,
658 4832 712 4879 ct
757 4825 825 4879 de
854 4824 1095 4895 glorioso
1127 4824 1361 4879 adventu
1393 4825 1559 4889 illius,
1595 4827 1855 4898 quodque
1909 4828 1962 4883 in

380 4928 566 4973 monte
614 4918 884 4972 olivarum
919 4917 1273 4987 appariturus
1307 4927 1474 4972 esset.
1515 4917 1856 4976 Vaticinatus
1880 4930 1963 4977 cst

377 5015 540 5068 etiam
572 5012 909 5067 invasionem
940 5011 1057 5082 Gog
1086 5022 1145 5066 et
1175 5012 1387 5084 Magog,
1418 5021 1471 5067 et
1513 5023 1830 5069 sanctorum
1879 5016 1959 5069 lo-

376 5121 589 5168 eorum,
619 5118 740 5174 quae
774 5103 827 5157 in
872 5103 977 5157 ﬁne
1011 5104 1314 5158 obventura
1363 5113 1502 5168 erat,
1536 5105 1588 5158 in
1620 5121 1855 5176 eumque
1887 5107 1963 5162 di-

378 5200 583 5253 vinitus
644 5199 946 5253 immissam
995 5197 1329 5263 vindictam,
1378 5200 1508 5267 quin
1566 5198 1731 5253 etiam
1813 5200 1959 5270 quod

377 5305 565 5363 puslt'a
603 5304 791 5366 gentes
870 5293 1186 5363 huiusmodi
1248 5293 1527 5349 habebunt
1574 5296 1958 5364 comparanda:

377 5390 571 5443 salutis
614 5386 842 5450 fontem,
882 5386 1182 5442 exhibitam
1243 5402 1439 5457 nempe
1483 5387 1593 5441 Deo
1635 5388 1688 5441 in
1733 5385 1957 5443 Jerusa-

377 5480 479 5533 lem
510 5481 911 5547 adorationem,
943 5496 1066 5552 quae
1096 5482 1167 5537 ab
1194 5482 1331 5553 ipsis
1360 5483 1663 5553 praestanda
1699 5481 1790 5536 sit.

450 5687 492 5718 “
518 5685 686 5742 Zach.
723 5704 802 5755 ιιι,
842 5689 903 5754 2;
938 5686 1091 5743 Juda:
1120 5688 1208 5742 19.

452 5843 561 5915 (94)
593 5842 752 5899 Forte
794 5842 987 5897 ἐκπολε
998 5846 1279 5915 μησασῶν.

2076 4636 2169 4689 τοῦ
2198 4638 2490 4707 κεραμέως
2513 4639 2834 4704 ἐξοδιάζετο.
2864 4642 2973 4695 Καὶ
3000 4643 3128 4713 περὶ
3157 4644 3249 4696 τοῦ
3288 4644 3660 4716 Ἀντιχρίστου

2072 4729 2256 4793 πάλιν,
2288 4729 2362 4789 ὡς
2389 4730 2709 4802 ἐπιθήσεται
2735 4735 2845 4797 τοῖς
2890 4736 3087 4804 ἁγίοις,
3122 4737 3214 4789 καὶ
3265 4737 3662 4809 καθαιρεθήσε-

2076 4841 2189 4879 ται.
2225 4826 2642 4896 Προεςρήτευσεν
2679 4828 2773 4880 καὶ
2808 4828 2937 4897 περὶ
2991 4828 3084 4881 τοῦ
3123 4831 3397 4901 σωτηρίου
3454 4833 3661 4896 πάθους

2067 4919 2328 4990 Χριστοῦ,
2364 4922 2456 4973 καὶ
2496 4920 2595 4990 τῆς
2622 4921 2832 4986 ἐνδόξου
2894 4924 3219 4995 παρουσίας
3241 4924 3428 4991 αὑτοῦ,
3462 4927 3555 4977 καὶ⁵
3586 4925 3662 4988 ὡς

2064 5013 2158 5065 ἐπὶ
2182 5011 2273 5065 τοῦ
2302 5012 2463 5082 ὄρους
2498 5012 2591 5065 τοῦ
2627 5014 2884 5078 ἐλαιῶνος
2914 5017 3229 5086 φανήσοιτο.
3282 5018 3512 5089 ῐῐροεῖπε
3564 5018 3661 5070 καὶ

2069 5105 2166 5177 τὴν
2189 5106 2281 5159 τοῦ
2305 5103 2423 5174 Γὼγ
2458 5107 2551 5159 καὶ
2591 5107 2802 5176 Μαγὼγ
2830 5108 3036 5178 ἔφοδον,
3078 5111 3306 5164 καὶτῶν
3343 5112 3516 5179 ἁγίων
3565 5112 3659 5164 τό-

2066 5216 2205 5265 πων,
2232 5200 2605 5271 γενησομένην
2640 5203 2697 5254 ἐν
2719 5203 2883 5269 τέλει,
2909 5204 3003 5255 καὶ
3031 5205 3128 5273 τὴν
3162 5204 3427 5275 θεήλατον
3482 5205 3655 5258 αὐτοῦ

2062 5289 2357 5361 τιμωρίαν,
2393 5290 2529 5345 ἀλλά
2557 5292 2653 5345 καὶ
2695 5291 2770 5356 ὡς
2819 5296 2898 5358 εἰς
2936 5294 3165 5367 ὕστερον
3195 5296 3262 5350 τά
3311 5296 3439 5367 ἔθνη
3468 5296 3657 5349 τοῦτον

2062 5383 2330 5454 πορισμὸν
2351 5382 2535 5450 ἕξουσι
2566 5385 2862 5455 σωτηρίας,
2895 5386 2994 5458 τὴν
3026 5390 3107 5452 εἰς
3146 5389 3244 5458 τήν
3289 5388 3655 5461 Ἰερουσαλὴμ

2062 5468 2546 5549 Θεῷ’τελουμένην
2577 5477 2975 5551 προσκύνησιν,
3026 5481 3119 5534 ὑπ’
3167 5481 3346 5536 αὐτῶν
3401 5481 3655 5536 ἐπιτελε-

2067 5567 2435 5641 σθησομένην.
