4050 6626
334 486 403 551 9'.’
1522 478 1594 538 LI
1608 477 1895 540 BELLUS
1934 472 2443 540 MEMORIALIS.
3542 469 3612 532 98

335 594 589 649 ΚΕΦᾹΛ.
648 590 730 647 II'.
782 619 851 633 -
894 589 1032 644 Τίνα
1083 583 1539 656 προεφήτευσεν
1585 588 1920 655 Μαλαχίας.

2032 583 2185 639 CAP.
2231 579 2445 636 LXXX.
2485 608 2557 620 —-
2604 578 2862 648 Quaenam
2907 577 3238 650 prophetarit
3287 577 3608 635 Maluchias.

417 725 700 789 Ὀνειδίζει
754 723 844 777 τὸν
874 721 1024 788 λαὸν,
1072 721 1168 785 ὡς,
1205 720 1492 790 γεγονότες
1533 719 1640 772 uio).
1691 719 1784 774 τοῦ
1822 719 1925 774 Ἰα-

337 819 476 881 κὼό,
509 816 603 870 τοῦ
635 815 1077 886 προτιμηθέντος
1099 813 1205 867 ὑπὸ
1231 812 1366 866 Θεοῦ
1398 812 1550 884 παρὰ
1579 812 1668 866 τὸν
1731 812 1922 880 Ἠσαῦ,

337 909 658 979 ἀγνώμονες
707 909 833 979 περὶ
873 907 965 960 τὸν
995 905 1332 976 τετιμηκότα
1362 906 1695 976 πεφήνασιν.
1735 905 1926 973 Ἐγκα-

336 1000 418 1053 λεί
450 1000 542 1053 καὶ
571 998 649 1070 τῷ
707 997 840 1069 ἱερῷ
879 998 1145 1068 τάγματι,
1205 996 1280 1059 ὼς
1336 995 1686 1067 ἐκλεχθέντες
1729 998 1785 1050 ἐν
1842 997 1920 1068 τῷ

337 1088 470 1142 Λευῖ
510 1089 591 1152 είς
635 1086 958 1159 ἱερατεύειν,
1009 1086 1237 1157 ἀμελεῖς
1289 1087 1420 1158 περὶ
1467 1087 1566 1159 τὴν
1625 1087 1927 1160 ἱερωσύνην

338 1179 678 1232 ἁλίσκονται.
711 1177 1006 1247 Μέμφεται
1029 1177 1126 1231 καὶ
1155 1180 1269 1241 τοῖς
1300 1181 1398 1241 τὰς
1429 1179 1678 1249 γαμετάς
1728 1179 1927 1244 ἀδίκως

336 1269 694 1334 ἀπολύουσιν,
727 1271 822 1322 καὶ
850 1272 964 1332 τοῖς
986 1270 1083 1339 τὴν
1111 1271 1262 1339 παρά
1293 1268 1429 1322 Θεοῦ
1482 1269 1698 1324 δικαίαν
1749 1271 1927 1342 κρίσιν

339 1363 469 1432 περὶ
523 1363 742 1417 πάντων
791 1361 1120 1433 ἐκφέρεσθαι
1179 1363 1254 1433 μὴ
1308 1362 1704 1432 προσδοκῶσιν.
1736 1365 1925 1417 Κατα-

341 1458 520 1526 κρίνει
551 1458 644 1510 καὶ
673 1457 802 1519 τοὺς
826 1457 924 1518 τὰς
949 1457 1217 1526 νομίμους
1255 1455 1511 1525 ἀπαρχάς
1540 1456 1635 1508 καὶ
1671 1455 1927 1521 δεκατίας

341 1552 415 1620 μὴ
449 1550 830 1620 προσάγοντας
845 1550 958 1612 τοῖς
990 1547 1217 1618 ίερεῦσι,
1241 1549 1336 1602 καὶ
1365 1549 1487 1611 τοὺς
1513 1547 1928 1614 ἐξουθενοῦντας

338 1644 440 1715 τὴν
481 1643 636 1696 θείαν
675 1642 954 1710 λατρείαν.
1017 1640 1365 1712 Προφητεύει
1419 1642 1513 1695 καὶ
1553 1642 1692 1713 ὠςή
1743 1642 1929 1698 δικαία

336 1736 520 1807 κρίσις
551 1734 649 1788 τοῦ
681 1733 817 1787 Θεοῦ
855 1733 984 1805 περὶ
1014 1734 1223 1796 πάντας
1253 1735 1643 1805 ἐκφανήσεται.

2109 721 2416 791 Exprobrat
2446 718 2670 790 populo,
2709 719 2855 787 quod
2892 735 3015 774 cum
3049 725 3234 773 essent
3269 716 3364 772 lilii
3416 714 3608 782 Jacob,

2027 814 2120 886 qui
2147 815 2413 869 divinitus
2458 812 2634 867 Esavo
2665 812 2918 882 praelatus
2949 810 3147 878 fuerat,
3179 828 3307 883 erga
3360 812 3614 882 praelato-

2027 922 2140 961 rcm
2177 907 2374 977 ingrati
2408 921 2529 962 esse
2555 906 2893 959 viderentur.
2923 902 3117 974 Culpat
3146 903 3310 958 etiam
3359 903 3608 957 ordinem

2029 999 2450 1063 sacerdotalem,
2511 1008 2799 1068 pr0pterea
2835 997 2980 1068 quod
3011 996 3168 1052 electi
3225 995 3279 1050 in
3314 996 3430 1066 ipso
3479 992 3610 1049 Levi

2029 1093 2095 1146 ad
2132 1092 2388 1146 obeunda
2435 1092 2619 1145 omnia
2667 1090 3053 1153 sacerdotalia,
3104 1089 3370 1144 incuriosi
3416 1089 3613 1159 depre-

2031 1185 2400 1238 henderentur
2430 1184 2577 1239 circa
2611 1182 3006 1238 sacerdotium.
3039 1180 3300 1246 Queritur
3328 1188 3381 1234 et
3406 1178 3473 1234 de
3504 1179 3611 1234 illis

2029 1276 2120 1345 qui
2155 1276 2354 1345 injuria
2390 1290 2592 1330 uxores
2613 1273 3000 1329 dimittebant:
3032 1274 3099 1327 de
3135 1272 3243 1327 illis
3273 1271 3425 1336 item,
3456 1264 3547 1341 qui
3580 1286 3610 1324 a

2029 1367 2141 1423 Deo
2172 1368 2382 1438 justum
2419 1368 2685 1439 judicium
2727 1367 2793 1422 de
2825 1365 3080 1421 omnibus
3121 1363 3250 1419 ferri
3284 1381 3391 1418 non
3419 1379 3611 1434 exspe-

2029 1469 2199 1516 ctant.
2249 1460 2484 1515 Damnat
2529 1475 2622 1515 eos
2676 1473 2929 1529 quoque,
2983 1457 3078 1528 qui
3110 1457 3227 1526 lege
3288 1457 3611 1511 constitutas

2029 1553 2302 1623 primitias
2347 1561 2401 1608 ct
2434 1552 2675 1608 decimas
2736 1553 2802 1607 ad
2844 1553 3160 1608 sacerdotes
3195 1566 3304 1606 non
3353 1549 3608 1613 all‘crunt,

2029 1660 2236 1714 eosque
2267 1645 2431 1699 etiam
2457 1645 2551 1714 qui
2580 1643 2882 1714 despicatui
2914 1643 3190 1698 habebant
3233 1631 3476 1698 divinum
3510 1642 3613 1695 mi-

2031 1736 2341 1790 nisterium.
2392 1734 2691 1806 Proplietat
2717 1746 2770 1792 et
2804 1737 2949 1806 quod
2977 1735 3186 1806 justum
3215 1735 3483 1806 judicium
3512 1732 3608 1788 Dei

2029 1829 2096 1885 de
2122 1830 2376 1886 omnibus
2406 1831 2706 1901 apparebit.

337 1954 594 2008 ΚΕΦΑΛ.
622 1951 747 2006 IIA'.
771 1955 996 2033 —_Tz'ra
1014 1952 1144 2033 ἐστί
1172 1952 1245 2006 τὰ
1259 1951 1370 2033 διὰ.
1411 1951 1617 2007 Ἠλιοῦ
1641 1952 1927 2024 γεγονότα

2032 1958 2181 2016 CAP.
2209 1961 2448 2018 LXXXI.
2481 1993 2536 2002 —
2568 1961 2967 2033 Qua'nanrsttnt
2994 1963 3149 2032 signa
3173 1960 3466 2027 mirabilia,
3496 1977 3612 2033 qua

829 2023 1148 2093 θαυμαστὰ
1183 2022 1426 2093 σημεῖα.

420 2158 514 2224 Ἐξ
528 2159 799 2228 ὀλιγίστου
831 2157 1063 2228 ἀλεύρου
1105 2157 1202 2210 καὶ
1231 2157 1413 2210 ἐλαίου
1436 2199 1450 2223 ,
1474 2158 1532 2210 ἐν
1556 2157 1736 2228 καιρῷ
1761 2157 1924 2228 λιμοῦ

338 2251 614 2322 πεμφθεὶς
635 2251 717 2314 είς
747 2249 1012 2321 Σαραφθᾶ
1039 2249 1136 2319 τῆς
1169 2249 1450 2316 Σιδωνίας,
1478 2253 1716 2317 γυναῖκα
1743 2251 1923 2320 χήραν

338 2346 434 2397 καὶ
458 2344 550 2397 τὸν
579 2342 784 2413 ταύτης
807 2342 944 2407 υἱὸν,
973 2340 1068 2394 καὶ
1091 2342 1280 2394 ἐαυτὸν
1307 2341 1401 2394 ἐπὶ
1445 2342 1632 2411 τριετῆ
1676 2340 1924 2412 διέθρεψε

338 2437 552 2506 χρόνον.
577 2434 863 2506 Δεύτερον,
895 2435 1010 2488 υἱὸν
1029 2435 1128 2505 τῆς
1152 2433 1462 2504 σταθμοχοῦ
1494 2434 1605 2504 (95)
1631 2436 1728 2504 τῆς
1749 2433 1926 2504 χήρας

336 2530 683 2583 ἀποθανόντα
728 2528 1019 2600 ἀνέστησε.
1059 2528 1278 2600 Τρίτον,
1343 2525 1452 2595 πῦρ
1497 2527 1556 2592 ἐξ
1577 2527 1804 2598 ούρανοῦ
1835 2529 1927 2582 ἐπὶ

336 2623 406 2676 τὰ
435 2624 605 2694 ἱερεῖα
637 2622 944 2692 κατήγαγε.
991 2621 1261 2691 ’Τέταρτον
1285 2662 1300 2688 ,
1338 2620 1490 2673 ὑετὸν
1531 2620 1589 2688 ἐξ
1625 2621 1927 2692 ἀνομϐρίας

341 2715 622 2787 προειπὼν
649 2716 891 2780 ἔσεσθαι,
929 2714 1132 2778 εὐθέως
1167 2715 1440 2784 ἐπήγαγε.
1479 2715 1763 2784 Πέμπτον,
1796 2731 1928 2767 πεν-

340 2808 715 2880 τηκόνταρχον
740 2807 830 2859 ἐπ’
855 2807 1019 2860 αὐτὸν
1043 2805 1285 2870 ἐλθόντα,
1317 2805 1711 2875 παραστάσεως
1741 2805 1927 2858 εἵνεκα

339 2898 442 2970 τῆς
469 2899 607 2970 πρὸς
631 2900 722 2954 τὸν
751 2897 997 2970 βασιλέα,
1031 2899 1126 2952 καὶ
1178 2899 1307 2962 τοὺς
1349 2899 1688 2968 πεντήκοντα
1739 2897 1926 2962 αὑτοῦ,

341 2993 488 3062 φορᾷ
518 2991 687 3061 πυρὸς
736 2989 989 3062 οὐρανίου
1049 2991 1340 3061 ἐνέπρησε,
1381 2988 1476 3042 καὶ
1518 2986 1681 3040 πάλιν
1724 2986 1815 3039 τὸν
1846 2986 1930 3040 ἐλ-

343 3082 505 3136 θόντα
528 3082 780 3152 δεύτερον
805 3081 1006 3151 ὁμοίως
1033 3080 1262 3135 ἀνεῖλεν.
1293 3079 1582 3148 Ἔϐδομον,
1614 3080 1678 3150 τῇ
1707 3076 1928 3149 μηλωτῇ

342 3175 436 3228 τὸν
493 3174 772 3246 Ἰορδάνην
830 3174 1076 3243 περάσας
1105 3172 1242 3244 (96),
1279 3172 1438 3226 διεῖλε
1491 3161 1932 3242 πλημμυροῦντα

345 3267 615 3338 ποταμὸν,
655 3267 736 3330 είς
770 3266 1005 3337 πάροδον
1034 3265 1232 3319 ἑαυτοῦ
1266 3282 1325 3317 τε
1358 3263 1455 3317 καὶ
1493 3263 1822 3317 Ἐλισσαίου.

2641 2033 2765 2102 fecit
2817 2031 2992 2086 Elius.

2114 2165 2190 2219 Ex
2227 2165 2602 2222 modicissima
2642 2165 2828 2231 farina
2881 2175 2935 2222 et
2995 2170 3150 2230 oleo.
3187 2183 3313 2222 cum
3363 2176 3610 2239 tempore

2036 2258 2200 2313 [auris
2227 2258 2431 2314 missus
2459 2259 2650 2314 fuisset
2681 2259 2734 2313 in
2777 2257 3062 2328 Sareptam
3100 2260 3361 2327 Sidonias,
3411 2262 3612 2315 mulie-

2033 2368 2149 2406 rcm
2190 2352 2410 2407 viduam
2463 2351 2694 2421 ejusque
2749 2352 2921 2405 lilium
2980 2367 3044 2406 ac
3075 2362 3334 2421 praeterea
3368 2354 3610 2423 seipsum

2036 2444 2270 2499 triennio
2298 2445 2578 2499 enutrivit.
2639 2443 2926 2507 Secundo,
2989 2443 3158 2498 lilium
3217 2444 3447 2514 hospitis
3498 2460 3614 2500 sua:

2034 2538 2214 2593 vidum
2234 2538 2344 2592 vita
2370 2535 2618 2592 functum
2657 2535 3024 2591 resuscilavit.
3061 2534 3265 2602 Tertio,
3301 2536 3476 2606 ignem
3508 2549 3618 2592 c03-

2035 2631 2166 2686 litus
2198 2645 2362 2700 super
2390 2630 2640 2684 victimas
2667 2628 2954 2683 derivavit.
2991 2627 3220 2694 Quarto,
3269 2627 3507 2698 pluviam
3549 2643 3615 2682 ex

2035 2724 2286 2779 siccitate
2309 2722 2608 2792 praedicens
2639 2721 2880 2776 futuram
2909 2721 3089 2776 statim
3117 2721 3365 2776 adduxit.
3389 2719 3614 2786 Quinto,

2035 2816 2567 2888 quinquagenarium
2612 2816 2677 2869 ad
2713 2830 2772 2870 se
2812 2816 3118 2869 venientem
3164 2827 3331 2868 causa
3386 2811 3616 2867 sistendi

2037 2909 2194 2964 illum
2248 2908 2404 2980 regi.
2458 2907 2823 2978 hominesque
2847 2906 2968 2975 ejus
3014 2903 3411 2976 quinquaginta
3462 2903 3616 2974 lapsu

2038 3002 2179 3073 ignis
2207 3000 2444 3057 ccclcstis
2493 3000 2818 3056 combussit.
2856 2999 3097 3070 itemque
3127 3014 3252 3053 eum
3305 2998 3398 3067 qui
3431 3012 3621 3052 secun-

2039 3095 2142 3149 dus
2172 3095 2239 3148 ad
2273 3109 2332 3148 se
2360 3102 2606 3157 venerat,
2661 3092 2900 3146 sustulit.
2938 3090 3202 3161 Septimo,
3248 3092 3444 3146 melote
3497 3087 3620 3144 Jor-

2039 3185 2236 3239 danem
2299 3184 2697 3245 transmittens.
2759 3182 2948 3237 divisit
3005 3182 3401 3237 redundantem
3464 3181 3616 3236 illum

2041 3275 2290 3344 ﬂuvium,
2321 3292 2430 3347 quo
2465 3276 2579 3346 ipse
2625 3274 2881 3330 transiret
2902 3284 2956 3328 et
2988 3273 3238 3330 Elisacus.

345 3397 761 3483 ΚΕΦᾹΛηῐΠῖζ
799 3401 1064 3483 -ταῖξξζα
1115 3399 1247 3483 «ἐστὶ
1300 3399 1373 3483 τᾲ
1418 3397 1517 3451 διὰ
1565 3396 1928 3483 ,Ἐζλιοζσαίου

2038 3414 2192 3471 CAP.
2229 3413 2497 3468 LXXXII.
2525 3446 2594 3455 -—
2625 3413 2882 3479 Quwnam
2927 3415 3048 3483 fecit
3088 3412 3320 3468 Eliswus
3363 3413 3618 3483 stupenda

416 3473 701 3541 γεγονότα
722 3468 911 3526 διπλᾶ.
944 3471 1056 3541 (97)
1109 3472 1178 3523 ἐν
1216 3471 1512 3538 πνεύματι
1565 3467 1766 3525 Ἠλιοῦ
1792 3470 1935 3522 θαυ-

411 3541 615 3613 μαστὰ
635 3543 876 3612 σημεῖα.

417 3685 487 3734 α’.
527 3678 795 3749 Ἰορδάνην
828 3676 1072 3748 ποταμὸν
1101 3678 1167 3748 τῇ
1209 3675 1304 3730 τοῦ
1361 3675 1542 3730 Ἠλιοῦ
1595 3675 1822 3748 μηλωτῇ
1854 3675 1935 3730 δι-

349 3771 502 3838 ελὼν,
533 3769 899 3841 παρελήλυθε.

420 3863 486 3936 β’.
515 3866 598 3918 Τὰ
634 3867 692 3917 ἐν
723 3863 938 3934 Ἱεριχῷ
961 3863 1130 3918 ὕδατα
1150 3862 1319 3930 ἄγονα
1354 3863 1561 3917 ἰάσατο.

415 3955 489 4026 γ’.
549 3956 980 4027 Τεσσαράκοντα
1043 3955 1238 4018 παῖδας
1307 3953 1690 4018 διαπαίζοντας
1753 3951 1936 4017 αὐτὸν,

343 4048 575 4120 ἄρκτοις
623 4048 777 4101 δυσὶν
833 4045 1071 4112 ἐξελθεῖν
1109 4045 1370 4108 κελεύσας
1414 4044 1522 4099 ἀπὸ
1557 4043 1652 4096 τοῦ
1705 4042 1937 4114 δρυμοῦ,

343 4141 692 4211 διεχρήσατο.

418 4231 482 4286 δ’.
530 4234 776 4303 ’Δτέκνῳ
808 4231 1029 4301 γυναικὶ
1069 4230 1258 4302 στείρᾳ
1302 4227 1437 4300 οὔσῃ
1493 4230 1559 4298 τῇ
1596 4224 1939 4296 Σουναμίτιδι

349 4326 465 4379 υἱὸν
495 4327 830 4396 ἐδωρήσατο.

424 4416 489 4472 ε’.
537 4418 648 4472 Καὶ
692 4417 886 4470 τοῦτον
943 4418 1214 4486 πενταετῆ
1270 4415 1586 4485 γενόμενον,
1615 4413 1709 4467 καὶ
1736 4412 1940 4466 ἀποθα-

351 4513 531 4574 νᾶντα,
560 4512 828 4580 ἁναζῆσαι
878 4510 1123 4581 ἐποίησε.

427 4612 502 4669 ς’.
541 4604 856 4673 θανάσιμον
893 4601 1090 4673 βρῶμα
1152 4600 1222 4654 δι’
1269 4597 1501 4670 ἀλεύρου
1556 4596 1938 4670 ἐπιϐληθέντος

350 4697 590 4760 ἀῦλαὸὲς
625 4696 977 4760 ἀπετέλεσεν.
1273 4734 1278 4738 .

422 4787 486 4855 ζ’.
539 4791 631 4854 Ἐξ
657 4790 838 4858 ἀρτων
861 4786 1124 4857 κριθίνων
1165 4784 1193 4838 ι’
1220 4785 1416 4839 ἑκατὸν
1443 4783 1642 4855 ἄνδρας
1667 4784 1725 4836 ἐν
1758 4781 1936 4854 καιρῷ

351 4881 513 4952 λιμοῦ
539 4881 813 4951 χορτάσας
838 4919 855 4942 ,
892 4881 987 4934 καὶ
1013 4878 1372 4950 περισσεῦσαι
1409 4877 1686 4946 ἐποίησεν.

423 4973 496 5045 η’.
551 4972 773 5043 Νεεμᾶν
823 4971 1178 5044 λεπρωθὲντα
1233 4969 1403 5040 Σύρον
1446 4970 1546 5038 τῆς
1590 4968 1798 5038 λέπρας
1850 4967 1936 5022 ίά-

355 5085 507 5124 σατο.
569 5077 580 5090 ’

426 5161 492 5216 θ’.
533 5161 640 5216 Τὸν
688 5160 853 5230 Γιεζῆ
887 5159 1148 5231 χρήματα
1181 5156 1311 5230 παρ’
1343 5157 1510 5211 αὐτοῦ
1571 5154 1938 5227 κομισάμενον

353 5255 689 5324 ὲλέπρωσεν.

431 5347 481 5405 ι’.
517 5350 747 5421 Σίδηρον
804 5349 1144 5404 ἀναπλεῦσαι
1187 5345 1296 5402 ἀπὸ
1343 5343 1508 5417 βυθοῦ
1533 5348 1600 5416 τῇ
1654 5343 1749 5398 τοῦ
1811 5361 1941 5414 στηο

355 5443 508 5499 λείου
541 5445 651 5516 (98)
684 5443 942 5514 ἐποίησεν
961 5444 1166 5514 ἐπῳδῇ.

359 5625 410 5658 ⁸⁸
445 5621 534 5678 ιν.
565 5625 702 5696 Reg.
732 5639 792 5690 ιι,
828 5638 906 5692 ιν,
944 5639 999 5688 v,
1024 5638 1180 5693 seqq.

436 5784 550 5855 (93)
584 5783 751 5840 Forte
787 5783 1154 5855 σταθμούχου,
1199 5797 1255 5852 q.
1293 5781 1345 5838 d.
1411 5777 1650 5850 σταθμὸν
1691 5776 1940 5849 ἐχούσης.

435 5857 546 5924 (96)
581 5857 740 5910 Forte
765 5855 1062 5924 περάσων.’

435 5927 548 5998 (97)
579 5926 742 5982 Forte
773 5925 944 5997 διπλῷ

2291 3485 2537 3556 prodigia
2567 3485 2625 3538 in
2649 3484 2850 3552 duplici
2895 3486 3087 3556 spiritu
3134 3483 3269 3538 Elia:
3302 3485 3368 3538 ".

2113 3684 2164 3738 Ι.
2185 3681 2483 3738 Jordanem
2512 3683 2737 3739 ﬂuvium
2770 3682 2902 3739 Elia:
2926 3683 3124 3740 melote
3146 3682 3414 3750 dividens,
3443 3691 3624 3739 trans-

2041 3775 2210 3830 misit.

2117 3866 2172 3919 2.
2204 3865 2528 3921 lnl‘ecundas
2563 3864 2896 3921 Jericbuntis
2929 3881 3101 3936 aquas
3127 3866 3362 3922 sanavit.

2118 3959 2174 4013 5.
2205 3951 2575 4028 Quadraginta
2605 3972 2805 4026 pueros
2830 3957 3121 4014 illudentes
3144 3958 3192 4014 ei
3228 3973 3258 4012 e
3289 3957 3469 4014 medio
3499 3973 3623 4014 sus-

2044 4051 2189 4112 tulit,
2211 4051 2414 4121 jubens
2436 4049 2577 4104 duos
2609 4063 2771 4104 ursos
2797 4050 2983 4121 egredi
3010 4051 3078 4106 de
3110 4050 3270 4105 silva.

2114 4231 2169 4284 4.
2196 4226 2527 4283 Sunamitidi
2558 4227 2773 4282 mulieri
2805 4229 2977 4284 sterili
3006 4242 3070 4284 ac
3095 4228 3214 4284 sine
3237 4229 3425 4286 liberis
3451 4229 3620 4284 lilium

2043 4321 2273 4391 largitus
2303 4330 2406 4374 est.

2127 4413 2180 4468 5.
2215 4411 2482 4480 liuncque
2552 4411 2731 4481 ipsum
2783 4411 2896 4482 jam
2945 4411 3356 4482 quinquennem
3407 4423 3463 4467 et
3513 4412 3622 4468 vita

2043 4506 2314 4570 functum,
2349 4503 2676 4560 reviviscere
2707 4503 2854 4560 fecit.

2118 4601 2170 4654 6.
2214 4596 2562 4652 Mortiferum
2617 4597 2799 4653 cibum
2850 4594 3048 4666 injecta
3098 4595 3272 4652 farina
3327 4597 3622 4652 innocuum

1973 4710 2017 4765 ι)
2045 4693 2300 4751 reddidit.

2118 4787 2169 4842 7.
2204 4785 2400 4842 Decem
2422 4782 2741 4838 hordeaceis
2774 4781 3008 4852 panibus
3045 4790 3334 4852 postquam
3372 4781 3630 4837 satiasset

2045 4891 2267 4937 centum
2294 4877 2575 4942 homines,
2606 4876 2771 4930 etiam
2809 4890 3096 4944 superesse
3130 4889 3196 4929 ex
3241 4875 3346 4930 illis
3371 4875 3520 4930 fecit.

2117 4973 2167 5028 8.
2211 4971 2449 5027 Neeman
2499 4970 2772 5038 leprosum
2833 4965 3029 5037 Syrum
3084 4967 3356 5022 hominem
3397 4983 3428 5021 a
3477 4967 3627 5038 lepra

2049 5067 2280 5132 sanavit.

2119 5160 2171 5214 9.
2203 5158 2470 5222 Giesium,
2507 5155 2598 5225 qui
2623 5169 2754 5225 opes
2793 5152 2862 5207 ab
2902 5153 2994 5208 illo
3024 5161 3322 5222 receperat,
3350 5151 3626 5222 leprosum

2050 5250 2299 5306 reddidit.

2119 5343 2206 5398 l0.
2235 5341 2438 5406 Eﬂ‘ecit,
2463 5347 2522 5395 ut
2547 5337 2752 5394 ferrum
2772 5347 3148 5406 supernataret
3173 5352 3203 5392 e
3224 5335 3410 5402 fundo,
3433 5333 3630 5403 injecto

2044 5437 2214 5508 ligno.

2123 5776 2235 5846 (98)
2269 5774 2332 5830 iV
2368 5775 2495 5846 Reg.
2533 5791 2607 5842 vr,
2639 5777 2690 5832 6.
2718 5773 2979 5831 άπέκνισε
3016 5772 3191 5838 ξύλον.
3237 5772 3356 5828 Mox
3381 5769 3520 5828 forte
3556 5768 3634 5822 le-

2051 5850 2284 5918 gendum
2314 5848 2564 5919 ἐπιϐολῇ.
