4050 6608
405 435 476 499 99
1925 428 2225 491 JOSEPPl

3586 434 3691 502 100

477 547 564 602 ll.
606 544 804 601 Milites
834 543 1003 617 Syros
1038 550 1228 598 contra
1274 556 1334 598 se
1365 540 1650 597 venientes
1679 537 1988 595 hallucina-

2168 542 2416 607 ια“.Τοὺς
2463 542 2551 595 ἐπ’
2603 543 2768 599 αὐτὸν
2805 534 3061 609 ἐλθόντας
3108 543 3451 617 στρατιώτας
3483 536 3689 620 Σύρους

408 639 554 694 tione
585 638 845 701 alliciens,
883 637 939 690 in
975 636 1254 690 civitatem
1298 634 1621 689 introduxit.

480 731 564 784 l9.
603 730 956 785 Obsidionem
986 729 1207 798 patienti
1243 728 1377 799 regi,
1428 727 1887 798 convenientiqne
1927 727 1985 781 in

409 821 749 885 Samariam,
807 820 1223 875 imminentibus
1272 818 1541 881 hostibus,
1598 834 1660 874 ac
1710 829 1997 890 prepterea

407 914 555 970 fame
588 910 860 967 universis
913 912 1055 964 intra
1115 912 1390 965 civitatem
1448 911 1826 980 pereuntibus,
1881 927 1997 965 ma-

399 1023 567 1078 gnam
599 1007 706 1060 vim
767 1004 935 1060 triciti
981 1017 1035 1058 et
1068 1003 1254 1057 bordei
1288 1011 1531 1058 actutum
1568 1002 1809 1057 futuram
1858 1018 1997 1072 prae-

405 1098 562 1153 dixit.
593 1098 851 1169 Angelica
890 1112 1058 1168 porro
1098 1098 1298 1151 virtute
1334 1097 1519 1152 hostes
1550 1096 1810 1166 exagitati
1843 1107 1994 1163 sunt,

404 1200 459 1243 ct
490 1190 597 1244 cibi
635 1191 863 1245 inventi.

480 1282 567 1335 15.
598 1278 733 1336 Tres
762 1298 917 1352 reges
950 1290 1004 1335 et
1030 1280 1327 1336 exercitum
1366 1280 1455 1334 siti
1510 1294 1853 1351 pereuntem,
1902 1298 1997 1336 eo—

407 1375 841 1442 piosissimarum
906 1391 1174 1446 aquarum
1235 1375 1285 1428 vi
1334 1387 1675 1444 erumpente,
1712 1387 1840 1446 putu
1891 1378 2000 1433 sal-

412 1470 579 1522 vavit.

481 1560 568 1615 14.
603 1558 814 1626 Effecit,
847 1571 904 1617 ut
938 1561 1041 1616 olei
1071 1561 1226 1631 copia
1259 1561 1528 1617 difﬂueret
1558 1561 1734 1616 vidua:
1759 1562 1996 1627 mulieri,

404 1655 562 1724 cujus
602 1654 696 1709 filii
726 1656 953 1726 jamjam
988 1654 1263 1712 vendendi
1287 1664 1444 1709 erant
1478 1655 1546 1709 ob
1577 1671 1651 1712 res
1691 1656 1930 1710 alienum
1969 1672 1997 1709 a

405 1756 560 1817 patre
579 1757 943 1812 contractum,
975 1764 1084 1817 quo
1141 1758 1197 1803 et
1226 1748 1473 1803 debitum
1515 1749 1773 1813 solveret,
1811 1757 1866 1804 et
1895 1749 1997 1820 ipsi

412 1855 478 1894 ac
506 1849 679 1895 mater
704 1856 894 1895 eorum
919 1840 1149 1895 enutriri
1184 1852 1426 1910 possent.

476 1932 647 1987 l5.ln
683 1938 994 2002 sepulcrum
1026 1933 1148 2003 ejus
1181 1949 1304 1988 eum
1358 1933 1581 2005 quidam
1630 1942 1883 1988 mortuus
1922 1933 1993 1987 ab
2022 1940 2069 1999 Β

406 2022 579 2094 iisqui
616 2024 771 2078 illum
814 2024 1112 2080 eﬂ'erebant
1137 2025 1417 2095 projectus
1436 2025 1647 2090 fuisset,
1677 2026 1994 2089 resurrexit,

405 2124 460 2169 et
485 2133 610 2171 cum
637 2118 703 2173 iis
730 2118 822 2187 qui
858 2133 918 2172 se
944 2117 1287 2187 projecerant
1311 2118 1568 2173 currebat
1594 2118 1661 2172 ad
1680 2118 1992 2173 civitatem.

404 2209 763 2266 Festinabant
790 2212 939 2266 enim
965 2226 1310 2281 praepropere
1362 2213 1550 2267 subire
1576 2214 1880 2278 civitatem,
1940 2222 2000 2268 ut

407 2305 679 2359 evitarent
707 2305 951 2360 latrones
972 2300 1075 2374 qui
1102 2320 1198 2360 eos
1232 2305 1694 2374 insequebantur.

495 2439 650 2496 CAP.
678 2439 969 2495 LXXXIII.
996 2472 1066 2482 —
1094 2443 1224 2508 Quae
1255 2442 1583 2512 prophetarit
1626 2442 1779 2499 Eliaa
1821 2444 1885 2499 ".

481 2640 616 2711 Regi
644 2638 809 2695 Israel
838 2639 1064 2696 Achabo
1081 2641 1157 2695 ait
1185 2639 1301 2696 fore
1337 2654 1395 2697 ut
1419 2659 1526 2697 non
1560 2643 1768 2715 plueret
1822 2662 1999 2717 usque

413 2733 543 2788 dum
570 2734 686 2803 ipse
720 2732 958 2803 pluviam
995 2735 1323 2790 advocaret:
1382 2745 1438 2791 et
1480 2738 1561 2793 sic
1610 2738 1824 2793 accidit.
1861 2740 1996 2795 Cum

412 2822 678 2879 Ochosias
724 2823 933 2878 Achabi
966 2825 1111 2881 filius
1140 2836 1449 2897 aegrotaret,
1504 2829 1852 2901 misissetque
1902 2834 1997 2904 qui

411 2915 551 2983 apud
588 2919 746 2969 deum
774 2917 1021 2972 Accaron
1068 2918 1489 2975 sciscitarentur
1542 2939 1804 2979 numnam
1855 2936 2001 2981 esset

409 3006 777 3063 valetudinem
829 3020 1227 3067 consecuturus
1258 3052 1273 3076 ,
1310 3013 1504 3069 obvius
1552 3013 1733 3072 factus
1786 3019 1993 3074 nuntiis

411 3097 558 3154 illius
584 3100 778 3167 edixit,
814 3111 870 3156 ut
904 3106 970 3156 ad
1002 3117 1125 3158 eum
1155 3104 1447 3175 referrent,
1474 3108 1800 3181 quodimpie
1831 3128 1998 3182 agens

409 3207 439 3245 a
472 3193 814 3251 daemonibus
851 3195 918 3251 de
949 3195 1260 3252 valetudine
1310 3214 1411 3254 sua
1466 3202 1691 3257 oracula
1742 3205 1993 3273 postulet,

408 3286 667 3357 quodque
697 3295 983 3357 propterea
1014 3304 1123 3344 non
1146 3291 1515 3348 convalescet.

486 3620 725 3678 Veniens
780 3623 1106 3683 Damascum
1138 3629 1342 3685 Azaelo
1394 3634 1681 3703 pranlixit,
1715 3639 1859 3709 quod
1896 3638 2003 3692 Da-

416 3717 588 3771 masci
644 3734 739 3771 rex
782 3718 996 3775 Aderus
1017 3725 1320 3779 moriturus
1352 3737 1470 3781 erat
1534 3745 1547 3782 :
1595 3732 1801 3785 missus
1838 3747 2002 3802 porro

417 3805 599 3862 fuerat
636 3810 705 3863 ab
732 3808 825 3863 illo
851 3812 1091 3878 graviter
1142 3826 1442 3884 aegrotante
1466 3860 1480 3882 ,
1519 3830 1577 3873 ut
1631 3822 2003 3879 sciscitaretur

416 3908 605 3954 utrum
668 3903 1091 3961 convalesceret.
1166 3908 1292 3963 Item
1350 3912 1497 3980 quod
1561 3913 1676 3983 ipse
1730 3918 2006 3986 exciperet

416 3992 571 4045 illum
628 3992 681 4046 in
717 4009 903 4063 regno,
945 3998 1291 4073 plurimaque
1353 4005 1542 4060 Israeli
1578 4006 1721 4060 mala
1753 4008 2004 4066 illaturus

419 4092 589 4140 esset.
645 4085 900 4143 Praedixit
959 4092 1317 4165 eti:tm,quod
1370 4096 1469 4153 Jeu
1502 4099 1569 4152 ad
1609 4110 1859 4171 quartam
1885 4103 2004 4171 ejus

420 4181 824 4249 generationem
855 4182 1034 4241 lsraeli
1068 4187 1434 4257 imperaturus
1467 4203 1632 4260 esset,
1667 4204 1888 4251 evectus
1935 4197 2001 4251 ad

418 4286 645 4343 regnum
679 4284 736 4330 ut
760 4278 1070 4337 destrueret
1105 4285 1308 4353 regiam
1332 4286 1540 4342 Aclnabi
1563 4288 1808 4344 domum.
1864 4290 2000 4345 Cum

415 4361 515 4419 Jeu
540 4364 608 4420 ad
649 4366 801 4423 illum
831 4372 1178 4438 accessisset,
1213 4377 1483 4443 praedixit,
1518 4380 1661 4446 quod
1697 4389 1781 4433 ter
1810 4380 2002 4433 conﬂi-

414 4467 501 4525 get
530 4474 655 4513 cum
688 4476 858 4531 regno
891 4461 1169 4527 Damasci,
1200 4475 1253 4519 et
1281 4467 1457 4521 victor
1484 4470 1591 4522 erit
1625 4470 1678 4522 in
1712 4472 1855 4524 bello
1907 4473 2003 4526 ad-

413 4563 609 4602 versus
675 4563 823 4603 eam.
860 4548 925 4603 Et
957 4552 1082 4618 quia
1138 4567 1260 4607 cum
1312 4554 1568 4624 iussisset
1610 4566 1665 4610 ut
1696 4558 1997 4611 contentio-

2098 636 2334 709 ἀορασίᾳ
2366 635 2703 707 περιϐαλὼν,
2735 638 2814 701 είς
2844 640 2939 709 τὴν
2964 639 3122 691 πόλιν
3155 641 3445 709 εἰσήγαγε.

2173 726 2259 797 ιβ’.
2288 728 2741 799 ΙΙολιορκουμένῳ
2783 728 3016 799 βασιλεῖ,
3053 732 3148 783 καὶ
3177 734 3559 802 συνερχομένῳ
3609 738 3691 798 εἰς

2097 818 2197 892 τὴν
2232 820 2548 890 Σαμάρειαν
2571 859 2586 883 ,
2612 821 2723 875 τῶν
2751 822 3026 890 πολεμίων
3051 825 3414 895 ἐπικειμένων
3439 867 3452 889 ,
3478 827 3574 880 καὶ
3604 828 3691 880 διὰ

2098 911 2257 964 τοῦτο
2276 910 2419 981 λιμῷ
2457 910 2676 966 πάντων
2708 912 2819 966 τῶν
2872 913 2930 966 ὲν
2978 916 3044 984 τῇ
3094 915 3249 968 πόλει
3288 915 3687 986 φθειρομένων,

2099 1003 2361 1073 ἀφθονίαν
2393 1005 2543 1058 σίτου
2586 1006 2681 1058 καὶ¹
2706 1006 2913 1077 κριθῶν
2936 1006 3133 1078 ἀθρόον
3164 1011 3427 1078 προεῖπεν
3445 1009 3687 1070 ἔσεσθαι,

2101 1097 2195 1149 καὶ
2212 1096 2477 1169 ἀγγελικῇ
2506 1097 2735 1169 δυνάμει
2757 1099 2807 1151 οἱ
2826 1099 3078 1170 πολέμιοι
3112 1100 3490 1171 ἐξηλαύνοντο,
3515 1103 3607 1156 καὶ
3632 1102 3688 1156 αἱ

2099 1188 2298 1259 τροφαὶ
2328 1189 2577 1260 εὕρηντο.

2175 1282 2257 1349 ιγ’.
2304 1286 2465 1354 Τρεῖς
2491 1285 2732 1353 βασιλεῖς
2761 1286 2856 1339 καὶ
2893 1286 3125 1358 στρατὸν
3159 1289 3387 1361 ἄπειρον
3408 1289 3497 1341 διὰ
3529 1289 3689 1360 δίψαν

2101 1376 2471 1447 ἀπολλύμενον
2526 1378 2733 1432 ὑδάτων
2762 1378 2974 1451 ἀθρόων
2996 1382 3233 1450 ἐπιφορᾷ
3263 1381 3505 1453 ραγδαῖῳ
3538 1381 3688 1453 ποτῷ

2100 1468 2343 1523 διέσωσε.

2175 1561 2255 1615 ιδ’.
2303 1562 2514 1615 Ἐλαίου
2546 1561 2702 1632 ῥύσιν
2726 1564 2873 1636 χήρᾳ
2924 1564 3167 1632 γυναικὶ,
3211 1564 3514 1634 μελλόντων
3564 1566 3688 1619 δου-

2101 1654 2322 1708 λοῦσθαι
2357 1656 2445 1708 διά
2478 1657 2734 1729 πατρῷον
2773 1659 2935 1729 χρέος
2990 1660 3099 1711 τῶν
3153 1660 3283 1711 υἱῶν
3314 1659 3509 1727 αὐτῆς,
3550 1659 3688 1731 πρὸς

2100 1748 2201 1819 τὴν
2229 1748 2336 1801 τῶν
2359 1750 2536 1819 χρεῶν
2585 1750 2794 1803 ἔκτισιν
2819 1750 2916 1806 καὶ
2944 1750 3237 1823 διατροφὴν
3262 1751 3442 1804 αὐτῶν
3474 1752 3685 1824 καὶτῆς

2106 1840 2312 1911 μητρὸς
2342 1842 2654 1908 ἐποιήσατο.

2170 1930 2250 1986 ιε’.
2277 1933 2364 1986 Ἐν
2386 1934 2443 1987 δὲ
2477 1934 2553 2005 τῷ
2587 1937 2833 2006 μνήματι
2858 1935 3024 1990 αὐτοῦ
3051 1938 3241 2010 νεκρὸς
3262 1939 3365 1993 ὑπὸ
3389 1940 3496 1994 τῶν
3522 1940 3685 1993 ὲκκου

2104 2024 2367 2092 μιζόντων
2402 2026 2567 2079 αὐτὸν
2590 2028 2924 2099 ἐπιρῤιφεὶς,
2953 2029 3226 2095 ἀνίστατο,
3263 2034 3355 2085 καὶ
3406 2033 3547 2103 μετά
3574 2033 3687 2087 τῶν

2099 2115 2508 2186 ὲπιῤῥιψάντων
2552 2117 2715 2172 αὐτὸν
2751 2118 2904 2172 ἔθεεν
2950 2122 3044 2173 ἐπὶ
3093 2121 3191 2192 τὴν
3220 2123 3375 2177 πόλιν
3406 2140 3415 2153 '
3453 2122 3687 2197 καὶγὰρ

2100 2203 2240 2279 ἦσαν
2265 2208 2545 2279 ὁρμῶντες
2570 2212 2703 2264 εἴσω
2733 2213 2832 2283 τῆς
2861 2213 3092 2279 πόλεως,
3131 2215 3334 2289 λῃστὰς
3365 2216 3686 2273 ἐπιδιώκον-

2101 2316 2199 2364 τας
2232 2302 2429 2364 αὐτοὺς
2455 2303 2967 2374 ἀποδιδράσκοντες.

2102 2435 2354 2492 ΚΕΦΑΛ.
2397 2436 2522 2493 IIl".
2591 2473 2659 2481 —
2724 2442 3085 2567 Tlﬁtx'éazlr
3136 2444 3173 2500 ἂ
3226 2448 3686 2519 προεφήτευσεν

2891 2532 3005 2567 (ac.

2891 2532 3005 2582 ιας.

2176 2645 2396 2699 Βασιλεῖ
2420 2647 2514 2701 τοῦ
2556 2647 2770 2723 Ἰσραὴλ
2825 2651 2902 2723 τῷ
2937 2653 3144 2724 Ἀχαάϐ
3186 2650 3359 2722 εἶπεν,
3397 2657 3472 2722 ὡς
3501 2659 3564 2712 οὗ
3605 2658 3683 2739 μῂ

2103 2735 2284 2807 βρέξει
2310 2740 2412 2801 ἕως
2434 2734 2607 2815 οὗπερ
2631 2743 2793 2807 αὐτὸς
2822 2746 2914 2798 τὸν
2940 2746 3147 2817 ὄμϐρον
3166 2748 3569 2811 ὲπικαλέσοιτο.
3589 2734 3686 2808 καὶ

2101 2829 2272 2893 οὕτως
2341 2832 2572 2899 ἐγίνετο.
2639 2834 2861 2906 Ὀχοζίᾳ
2927 2836 3008 2908 τῷ
3076 2838 3170 2892 τοῦ
3237 2841 3441 2911 ’Λχαάὁ
3475 2842 3686 2913 υίῷνο-

2104 2922 2307 2990 σοῦντι,
2341 2926 2435 2977 καὶ
2462 2928 2850 2982 ἀποστείλαντι
2880 2929 3032 3001 παρά
3079 2931 3158 3002 τῷ
3188 2934 3247 2985 ὲν
3279 2937 3345 3004 τῇ
3394 2934 3683 3006 Ἀκκαρῶν

2103 3012 2210 3084 θεῷ
2242 3017 2527 3088 ἐπερωτᾷν
2572 3020 2621 3070 εἰ
2650 3017 2895 3090 ζήσεται,
2946 3022 3057 3084 τοῖς
3089 3024 3340 3091 ἀγγέλοις
3388 3025 3555 3079 αὑτοῦ
3587 3043 3687 3080 πε-

2105 3110 2357 3182 ριτυχὼν,
2378 3116 2608 3183 προεῖπε
2631 3115 2812 3183 λέγειν
2828 3116 2977 3187 αὐτῷ
3002 3118 3084 3171 ὃτι
3116 3120 3209 3172 καὶ
3225 3120 3504 3175 δυσσεὸῶν
3534 3123 3685 3193 παρὰ

2100 3203 2376 3273 δαιμόνων
2406 3208 2533 3278 περὶ
2564 3206 2657 3260 τοῦ
2678 3208 2943 3279 ζήσεσθαι
2979 3211 3078 3276 τὰς
3112 3214 3374 3283 μαντείας
3404 3216 3567 3281 αἰτεῖ,
3590 3216 3687 3271 καὶ

2024 3294 2071 3355 C
2099 3294 2187 3349 διὰ
2212 3297 2369 3351 τοῦτο
2403 3299 2463 3352 οὐ
2494 3298 2739 3372 ζήσεται.

2105 3434 2357 3489 ΚΕΦΑΛ.
2401 3436 2522 3492 flA'.
2561 3468 2631 3477 —-
2668 3440 2810 3494 Τίνα
2842 3442 3037 3526 ’ἐστὶν
3079 3444 3118 3499 ἂ
3155 3446 3504 3520 Ἐλισσαῖος
3541 3469 3688 3526 προ-

2744 3512 3101 3581 εφήτευσεν.

2191 3639 2389 3693 Ἐλθὼν
2410 3642 2487 3704 εἰς
2510 3642 2610 3713 τὴν
2640 3645 2936 3716 Δαμασκὸν
2976 3650 3222 3723 Ἀζαήλω
3273 3658 3557 3726 προεῖπεν,
3611 3658 3689 3725 ὡς

2106 3729 2134 3781 ὀ
2168 3730 2267 3799 μὲν
2290 3733 2387 3802 τῆς
2425 3735 2719 3805 Δαμασκοῦ
2767 3736 3020 3807 βασιλεὺς
3076 3743 3103 3795 ὁ
3157 3744 3321 3815 Ἀδερ
3343 3747 3687 3818 τεθνήξεται.

2121 3822 2412 3894 Ἐτύγχανε
2444 3825 2488 3877 δ’
2525 3827 2940 3899 ἀπεσταλμένος
2983 3832 3075 3885 ὑπ’
3118 3834 3285 3887 αὐτοῦ
3320 3838 3689 3906 κακουμένου,

2108 3914 2442 3984 πευσόμενος
2471 3916 2632 3971 αὐτὸν
2648 3919 2697 3970 εί
2718 3919 2963 3989 ζήσεται.
2987 3923 3156 3988 Αὐτὸς
3180 3925 3234 3977 δὲ
3265 3927 3504 3998 διάδοχος
3524 3929 3689 3983 αὑτοῦ

2106 4003 2207 4072 τῆς
2240 4004 2521 4074 βασιλείας
2554 4008 2730 4075 ἔσται,
2761 4012 2853 4064 καὶ
2876 4013 3175 4081 πάμπολλα
3200 4016 3292 4069 τοῦ
3317 4020 3427 4087 (99)
3470 4021 3691 4094 Ἰσραὴλ

2106 4096 2398 4165 ἐνδείξεται
2428 4101 2599 4156 δεινά.
2626 4104 2734 4156 Καὶ
2759 4104 2851 4158 τὸν
2897 4105 3038 4175 Ἰηοῦ
3069 4112 3297 4177 προεῖπε
3332 4110 3428 4164 τοῦ
3471 4115 3691 4187 Ἰσραὴλ

2106 4192 2200 4244 ἐπὶ
2224 4194 2493 4265 τετάρτην
2532 4196 2697 4251 αὐτοῦ
2742 4199 2938 4266 γενεὰν
2967 4199 3331 4269 βασιλεύσειν,
3365 4206 3459 4259 ἐπὶ
3496 4209 3690 4262 καθαι-

2108 4285 2374 4355 ρέσειτοῦ
2403 4289 2555 4341 οἴκου
2602 4291 2701 4360 τῆς
2725 4291 2821 4344 τοῦ
2887 4292 3092 4361 Ἀχαάὅ
3146 4295 3444 4366 βασιλείας,
3493 4301 3693 4372 προδει-

2106 4377 2376 4447 6).ημένον
2416 4382 2496 4443 εἰς
2554 4381 2655 4451 τὴν
2710 4381 3022 4451 βασιλείαν*
3074 4390 3508 4461 παραγενομένῳ
3553 4394 3691 4464 πρὸς

2108 4469 2270 4521 αὑτὸν
2296 4470 2375 4540 τῷ
2419 4471 2558 4541 Ἰηοῦ
2608 4477 2889 4543 προεῖπεν,
2949 4477 3026 4541 ὡς
3081 4479 3261 4546 τρίτον
3296 4481 3590 4551 προσὸπιλεῖ
3622 4488 3691 4557 τῇ

2109 4559 2357 4631 βασιλεία
2408 4564 2722 4634 Δαμασκοῦ,
2757 4568 2853 4620 καὶ
2884 4570 3102 4640 νικήσει
3127 4572 3217 4625 τὸν
3245 4575 3366 4626 κατ’
3387 4576 3557 4647 αὐτῆς
3587 4578 3691 4631 πό-

416 4640 633 4693 sissime
657 4642 886 4710 sagittas
908 4644 1199 4708 emitteret,
1225 4654 1306 4701 ter
1329 4648 1547 4704 emissis
1580 4650 1815 4719 sagittis,
1836 4650 2002 4704 absti-

2113 4649 2299 4720 λεμον.
2348 4654 2455 4707 Καὶ
2486 4656 2671 4729 ἐπειδὴ
2716 4660 2967 4714 ἐκέλευσε
3006 4662 3250 4728 τοξεύειν
3287 4666 3688 4735 συντονώτατα,

418 4734 537 4785 nuit
571 4748 601 4786 a
633 4732 810 4799 jactu,
848 4735 1048 4791 idcirco
1085 4752 1226 4809 aegre
1274 4740 1328 4794 id
1384 4740 1567 4796 ferens
1596 4742 1888 4812 propheta,
1926 4743 2001 4797 ait

420 4834 499 4878 ter
522 4826 781 4883 victorem
809 4829 1082 4885 futurum.
1117 4833 1172 4886 Si
1202 4835 1347 4888 enim
1383 4836 1679 4907 quinquies
1704 4836 2008 4904 eiaculatus

420 4918 652 4984 fuisset,
720 4921 993 4992 integrum
1068 4923 1537 4982 Damascenorum
1594 4944 1821 4998 regnum
1892 4940 2011 4985 erat

419 5027 735 5069 CVBI‘SUI‘US.

477 5125 631 5182 CAP.
666 5126 931 5187 LXXXV.
962 5163 1033 5173 —
1061 5132 1321 5199 Quantam
1350 5136 1678 5206 prophetarit
1708 5137 1825 5193 Gad
1861 5141 1931 5193 ".

495 5304 633 5361 Cum
669 5319 1053 5369 enumerasset
1089 5311 1278 5378 David,
1339 5325 1528 5368 contra
1565 5325 1726 5385 atque
1760 5318 1868 5372 Deo
1924 5319 2007 5372 vi-

420 5396 672 5466 debatur,
701 5406 960 5472 populum
992 5443 1009 5470 ,
1062 5403 1117 5460 id
1159 5404 1344 5475 inique
1381 5406 1522 5462 ferre
1562 5409 1639 5462 ait
1690 5409 1856 5466 Deum
1914 5414 2011 5468 ad-

420 5506 612 5548 versus
667 5494 842 5561 illum,
880 5506 1043 5563 atque
1077 5513 1143 5553 ex
1194 5497 1366 5555 tribus
1425 5501 1835 5560 imminentibus
1888 5507 2011 5561 ani-

2112 4745 2296 4814 τρίτον
2327 4748 2619 4811 ἀκοντίσας
2646 4750 2708 4803 τὸ
2738 4750 2889 4821 βέλος
2911 4795 2925 4818 ,
2963 4756 3167 4824 ἐπέσχε
3196 4758 3297 4827 τὴν
3336 4758 3498 4831 βολήν
3534 4776 3547 4788 ⁶
3606 4761 3693 4815 λυ⁹

2111 4836 2309 4905 πηθεὶς
2361 4839 2417 4891 δὲ
2474 4842 2502 4893 ὁ
2536 4845 2823 4915 προφήτης
2870 4846 2975 4917 ἔφη
3013 4848 3075 4900 τὸ
3112 4849 3298 4919 τρίτον
3340 4853 3585 4924 ὲκνικᾷν.
3627 4855 3692 4907 Et

2109 4930 2220 4997 γὰρ
2252 4929 2506 5000 πέμπτον
2540 4934 2825 5003 ήκόντισεν
2864 4938 2951 5001 ἂν,
3002 4939 3219 5011 πλήρης
3247 4938 3323 5014 (ί)
3368 4944 3470 5014 τὴν
3512 4948 3694 5016 Δαμαο

2111 5020 2328 5090 σκηνῶν
2361 5023 2563 5092 ἤμελλε
2596 5027 2876 5100 καθαίρειν
2906 5030 3207 5100 βασιλείαν.

2109 5137 2359 5192 ΚΕΦΛΛ.
2394 5136 2516 5191 llE'.
2550 5172 2618 5180 —
2665 5143 2803 5197 Τίνα
2850 5145 3025 5200 ἐστίν
3064 5146 3101 5201 ἆ
3142 5147 3271 5202 Γὰδ
3323 5151 3695 5221 προεφήτευ-

2831 5232 2965 5272 σεν.

2196 5323 2675 5399 Ἀπαριθμήσαντι
2724 5328 2800 5401 τῷ
2858 5331 3028 5387 Δαδὶδ
3084 5334 3240 5409 παρὰ
3278 5332 3339 5388 τδ
3375 5336 3568 5391 δοκοῦν
3614 5339 3695 5411 τῷ

2113 5416 2233 5487 Θεῷ
2271 5419 2360 5471 τὸν
2377 5420 2525 5485 λαὸν,
2559 5423 2889 5490 ἀγανακτεῖν
2921 5425 3024 5496 ἔφη
3060 5426 3152 5479 τὸν
3180 5427 3312 5481 Θεὸν
3342 5430 3463 5482 κατ’
3498 5429 3690 5496 αὐτοῦ,

2113 5509 2209 5561 καὶ
2236 5509 2301 5563 ὲκ
2324 5510 2493 5580 τριῶν
2525 5512 2890 5584 ἐπικειμένων
2916 5517 3217 5588 τιμωριῶν,
3249 5517 3451 5593 δηλαδὴ
3493 5518 3569 5593 (‘2)
3595 5522 3692 5577 τοξ

491 5652 536 5681 ²⁶
563 5648 627 5704 lll
654 5651 786 5723 Reg.
838 5671 973 5721 xvu,
1004 5672 1152 5713 xvm.
1231 5661 1274 5691 ³⁷
1302 5658 1367 5714 IV
1389 5659 1520 5731 Reg.
1546 5677 1665 5727 vm,
1694 5678 1746 5729 κ,
1790 5680 1906 5718 xm.
1985 5664 2089 5718 "ll
2122 5665 2255 5737 Reg.
2292 5683 2442 5734 xxrv,
2472 5669 2557 5723 Η.

492 5811 792 5884 (T19)_Forte
822 5816 921 5884 τῷ.

494 5884 571 5953 (ι)
614 5880 777 5939 Forte
810 5880 915 5959 πλή
926 5905 989 5958 ρη
1001 5928 1013 5941 .

2186 5826 2262 5899 (ε)
2297 5829 2377 5882 Al.
2409 5828 2499 5884 διὰ
2525 5829 2611 5899 δή.
