4050 6688
345 509 438 571 ωι
1509 511 1886 574 LIBELLUS
1923 513 2422 576 MEMORIALIS.

339 624 588 697 τριετοῦς
633 624 820 697 λιμοῦ,
861 625 1102 699 πολέμου
1160 629 1546 701 τριμηνιαίου,
1608 632 1703 685 καὶ
1737 630 1926 704 λοιμοῦ

2038 631 2510 690 madversionibus
2541 672 2554 696 ,

337 717 663 791 τριημὲρου,
697 718 916 773 ἑλέσθαι
953 719 1019 792 ἢν
1045 719 1113 774 ἂν
1143 719 1407 792 βούλοιτο.

339 942 595 998 ΚΕΦΑΛ.
639 944 786 1012 Περ.
849 974 921 988 -
976 945 1116 1019 ΠΨ
1177 944 1351 1001 ἐστὶν
1399 947 1439 1001 ἂ
1504 947 1924 1019 προεφήτευσε

1029 1016 1252 1071 Νάθαν.

417 1150 751 1222 Βουληθέντι
784 1151 864 1223 τῷ
910 1151 1075 1206 Δαϐὶδ
1126 1154 1219 1208 τὸν
1283 1152 1412 1208 ναὸν
1460 1155 1786 1225 οἰκοδομεῖν,
1849 1155 1922 1227 μὴ

346 1245 638 1317 βούλεσθαι
669 1244 761 1298 τὸν
812 1245 945 1298 Θεὸν
986 1245 1054 1299 δι’
1079 1244 1247 1300 αὑτοῦ
1287 1246 1384 1319 τὴν
1410 1248 1701 1318 οἰκοδομὴν
1741 1250 1926 1318 ἀπήγ-

341 1339 490 1410 γειλε
517 1338 787 1407 τίνεσθαι.
833 1337 937 1392 Τὸν
965 1339 1024 1392 δὲ
1077 1339 1134 1406 ἐξ
1169 1340 1335 1394 αὑτοῦ
1386 1343 1750 1412 γενησόμενον
1786 1324 1929 1410 υἱὸν,¹

343 1436 434 1490 τὸν
483 1433 764 1503 Σαλομῶν,
827 1432 1042 1487 οὐδέπω
1095 1433 1385 1504 τεχθέντα,
1452 1434 1640 1488 τοῦτον
1697 1437 1925 1507 προεῖπε

348 1527 568 1598 μέλλειν
592 1525 754 1581 αὐτὸν
789 1525 1158 1596 προϐαλέσθαι
1207 1528 1299 1580 καὶ
1332 1527 1706 1599 συμπληροῦν.
1743 1529 1816 1581 Τὸ
1846 1529 1921 1601 (5)

345 1623 426 1685 εἰς
477 1619 577 1691 τὴν
633 1619 944 1690 Βηρσαδεὲ,
994 1619 1217 1672 καὶτὸν
1249 1619 1456 1691 Οὐρίαν
1509 1622 1923 1693 πλημμελῆσαι,

347 1712 543 1784 ήλεγξε
573 1712 664 1765 τὸν
689 1713 874 1778 Δασὶδ,
926 1714 1022 1767 καὶ
1046 1713 1145 1785 τὴν
1180 1714 1275 1767 ἐπὶ
1303 1717 1369 1784 τῇ
1413 1714 1766 1787 πλημμελείᾳ
1799 1717 1927 1769 παί-

345 1803 529 1856 δευσιν
554 1803 816 1858 ἐπιοῦσαν
840 1803 988 1875 αὐτῷ
1015 1807 1247 1875 προεῖπε
1270 1844 1286 1868 ,
1320 1807 1415 1860 καὶ
1443 1807 1542 1878 τὴν
1592 1807 1687 1859 ἐπὶ
1728 1810 1794 1878 τῇ
1833 1825 1928 1862 τα-

349 1894 746 1967 πεινοφροσύνῃ
803 1895 969 1949 αὑτοῦ
1019 1897 1114 1950 τοῦ
1162 1899 1563 1969 ἁμαρτήματος
1601 1898 1777 1952 λύσιν.
1821 1899 1927 1952 Τὸν

3508 510 3610 579 10?.

2645 646 2841 702 nempe
2927 630 3208 689 triennalis
3271 631 3453 700 famis,
3509 637 3609 691 tri-

2028 727 2251 782 mestris
2274 726 2425 792 belli,
2467 733 2522 781 et
2551 725 2820 782 triduana:
2861 725 3029 798 pestis
3055 765 3071 792 ,
3097 742 3261 797 quam
3317 726 3480 783 Vellet
3510 728 3610 785 eli-

2027 830 2197 891 geret.

2027 955 2181 1013 CAP.
2233 953 2519 1010 LXXXVI.
2549 986 2620 1000 —
2651 955 2784 1021 Quae
2826 964 2948 1010 sunt
2991 954 3255 1012 Nat/ranis
3302 959 3608 1029 prophetia.

2099 1153 2234 1208 Cum
2259 1153 2417 1208 vellet
2459 1151 2627 1207 David
2656 1152 2929 1208 :edificare
2955 1152 3240 1223 templum,
3269 1156 3615 1213 annuutiavit

2028 1245 2171 1299 haud
2207 1256 2419 1316 gratum
2449 1261 2571 1300 esse
2628 1245 2760 1308 Deo,
2834 1255 2894 1300 ut
2952 1261 3049 1314 per
3098 1246 3277 1316 ipsum
3323 1248 3616 1307 aediﬁcatio

2030 1340 2207 1394 lieret.
2234 1337 2370 1393 Eum
2405 1354 2590 1409 porro,
2621 1341 2714 1409 qui
2741 1340 2808 1392 ab
2833 1339 2949 1408 ipso
2974 1339 3288 1396 nasciturus
3311 1352 3431 1396 erat
3450 1344 3612 1411 ﬁlius,

2029 1431 2379 1487 Salomonem
2438 1433 2664 1501 inquam
2691 1472 2705 1495 ,
2755 1432 2988 1485 necdum
3028 1440 3232 1497 ortum,
3300 1433 3444 1487 hunc
3476 1450 3617 1504 prai-

2028 1523 2167 1579 dixit
2217 1524 2478 1593 templum
2527 1524 2915 1578 inchoatur-mu
2970 1532 3022 1577 et
3081 1523 3484 1580 absoluturum.
3533 1525 3616 1580 0|)

2029 1617 2235 1672 crimen
2264 1615 2531 1672 Bersabee
2550 1624 2605 1671 et
2642 1613 2805 1680 Uri-ue,
2859 1615 3108 1685 coarguit
3159 1614 3438 1683 Davidem,
3476 1633 3616 1686 prte-

2029 1710 2276 1780 dixitque
2307 1719 2756 1780 superventuram
2805 1712 2856 1763 in
2901 1725 3026 1764 eum
3084 1711 3615 1766 animadversionem

2030 1814 2256 1872 prepter
2316 1802 2708 1856 inconcinnum
2772 1800 2903 1854 illud
2955 1799 3188 1866 facinus,
3238 1809 3297 1853 ct-
3355 1799 3620 1858 facinoris

2030 1897 2245 1948 veniam
2286 1906 2507 1964 propter
2563 1892 2998 1946 ltumiliatiunem
3055 1892 3228 1946 illius.
3266 1891 3400 1946 Eum
3438 1892 3617 1960 ipsum

347 1988 480 2057 παρ’
513 1987 677 2040 αὑτοῦ
707 1989 1156 2060 προφητευθέντα
1183 1991 1283 2062 τὴν
1325 1991 1684 2063 Ἰερουσαλὴμ
1715 1993 1917 2045 οἰκοδο-

2038 1988 2120 2055 qui
2147 1986 2216 2040 ab
2244 1987 2338 2041 illo
2362 1986 2721 2056 prophetatus
2745 1983 2929 2039 fuerat.
2973 1984 3346 2040 mdiﬂraturus
3387 1984 3616 2041 Jerusa-

350 2081 491 2148 μεῖν,
523 2078 616 2131 τὸν
645 2079 761 2133 υῑὺν
792 2080 960 2136 αὑτοῦ
990 2081 1082 2135 τὸν
1110 2082 1464 2153 Σαλομῶντα,
1495 2084 1658 2146 αὐτὸς
1702 2086 1781 2148 εἰς
1827 2084 1926 2156 τὴν

350 2172 633 2242 βασιλείαν
675 2175 1065 2245 προηγάγετο,
1110 2176 1434 2247 ὑπομνήσας
1473 2176 1565 2230 τὸν
1620 2176 1784 2230 Δαϐιδ
1831 2179 1928 2246 τῆς

348 2263 714 2334 ὑποσχέσεως,
747 2266 842 2318 καὶ
867 2265 958 2320 τὸν
993 2267 1366 2336 ὲπαναστῆναι
1397 2268 1462 2337 τῇ
1511 2267 1761 2339 βασιλείᾳ
1804 2285 1928 2321 πει-

351 2355 584 2427 ραθὲν.τα
627 2357 720 2410 τὸν
763 2357 1043 2425 ’Δδωνίαν,
1096 2358 1276 2428 σοφῶς
1309 2357 1708 2432 καθαιρεθῆναι
1758 2377 1931 2431 παρα-

350 2448 780 2519 σκευασάμενος.

350 2585 604 2639 ΚΕΦΑΛ.
646 2585 771 2640 ΠΖ’.
825 2617 895 2628 -
951 2586 1096 2663 Τίνα
1147 2590 1608 2660 προεφήτευσεν
1653 2591 1856 2663 Ἀχίας
1899 2597 1932 2648 ὁ

990 2661 1038 2712 Σ
1041 2663 1342 2729 ιλωνίτης.

419 2793 512 2865 Τῷ
559 2793 842 2866 Ἰεροϐοὰμ
877 2796 1160 2866 προεῖπεν,
1188 2795 1261 2860 ὡς
1289 2796 1396 2850 τῶν
1419 2797 1551 2852 δέκα
1581 2797 1676 2852 τοῦ
1711 2799 1932 2870 Ἰσραὴλ

350 2887 536 2955 φυλῶν
571 2885 902 2956 βασιλεύσει.
943 2887 1257 2959 Διαρῤήσας
1286 2888 1396 2959 γὰρ
1423 2888 1484 2941 τὸ
1521 2889 1736 2958 ἱμάτιον
1764 2891 1931 2945 αὐτοῦ

348 2983 429 3042 εἰς
461 2978 669 3032 δώδεκα
694 2978 835 3049 μέρη
870 2979 1159 3050 πεποίηκε,
1188 2981 1284 3034 καὶ¹
1307 2981 1598 3036 ἐκέλευσεν
1621 2983 1770 3054 αὐτῷ
1799 2985 1934 3039 δέκα

352 3075 494 3144 μέρη
526 3072 822 3143 λαμϐάνειν
844 3074 908 3125 ὲκ
946 3072 1173 3137 τούτων,
1197 3078 1477 3145 προειπὼν
1503 3075 1672 3147 αὐτῷ,
1705 3077 1780 3141 ὡς
1801 3077 1934 3132 δέκα,

350 3165 537 3236 φυλῶν
576 3164 685 3218 τοῦ.
719 3164 935 3236 Ἰσραὴλ
967 3165 1298 3236 βασιλεύσει.
1337 3168 1581 3240 Ἀνονίτῃ
1614 3169 1690 3239 (4)
1723 3173 1789 3241 τῇ
1828 3171 1930 3223 ποῦ

362 3257 647 3328 Ἱεροὸοᾶμ
690 3259 912 3326 γυναικὶ
971 3257 1108 3329 πρὸς
1168 3260 1332 3313 αὑτὸν
1401 3260 1520 3332 μετ’
1582 3261 2004 3352 ὲπικρύψεωςϐ

348 3352 586 3422 ἡκούσῃ,
642 3352 774 3420 περὶ
803 3350 995 3413 παιδὸς
1041 3349 1118 3422 (5)
1174 3350 1588 3423 ἀρρωστοῦντος
1647 3355 1933 3425 ἐπερωτή-

354 3461 526 3497 σουσα
559 3446 606 3497 εἰ
644 3441 910 3514 ζήσεται·
935 3442 1141 3512 ταύτην
1170 3445 1271 3515 μὲν
1307 3443 1367 3510 ἐξ
1399 3446 1666 3516 ὀνόματος
1718 3447 1930 3512 ἐκάλει,

356 3535 432 3606 μὴ
458 3534 785 3606 σημάνασαν
816 3535 1036 3608 ἑαυτήν,
1068 3535 1272 3607 καίπερ
1305 3537 1506 3607 τυφλὸς
1537 3539 1628 3593 διὰ
1656 3538 1719 3592 τὸ
1757 3541 1935 3612 γῆρας

356 3631 646 3699 τυγχάνων
675 3645 689 3658 °
725 3631 987 3693 προεῖπεν
1013 3629 1069 3682 δὲ
1118 3631 1253 3702 αὐτῇ
1277 3671 1292 3695 ,
1353 3630 1428 3697 ὡς
1478 3634 1571 3686 καὶ
1603 3633 1691 3686 τὸν
1727 3633 1841 3686 υἱὸν
1873 3635 1934 3688 οὐ

354 3722 728 3792 καταλήψεται
772 3723 989 3788 ζῶντα,
1034 3725 1061 3777 ὁ
1101 3724 1156 3778 δὲ
1208 3725 1488 3798 Ὶεροϐοὰμ
1512 3726 1621 3781 ἀπὸ
1659 3727 1755 3800 τῆς
1782 3727 1938 3798 βασι-

353 3813 506 3878 λείας
531 3815 766 3886 οἰκτρῶς
789 3817 1328 3889 καταστραφήσεται.

357 3953 609 4006 ΚΕΦΑΛ.
664 3952 808 4008 HH’.
847 3981 920 3993 —
979 3955 1128 4008 Τίνα-
1173 3955 1441 4025 Σαμαίας
1495 3956 1937 4028 προεφήτευσε.

440 4153 789 4224 Ῥοὸοὲμτῷ
819 4154 918 4225 τῆς
959 4155 1320 4226 Ἰερουσαλὴμ
1372 4155 1587 4226 βασιλεῖ
1615 4159 1674 4210 ὲν
1710 4157 1939 4211 δεκαδύο

361 4251 589 4321 μυριάσι
617 4247 966 4318 στρατιωτῶν
995 4247 1202 4302 ἐπιόντι
1230 4247 1487 4319 πολεμεῖν
1519 4249 1660 4302 κατὰ
1680 4249 1788 4302 τῶν
1807 4250 1937 4303 δέκα

356 4342 452 4396 τοῦ
496 4343 713 4414 Ἰσραὴλ
740 4341 849 4394 τῶν
867 4341 1193 4394 ἀποστασῶν
1232 4340 1398 4395 αὐτοῦ
1431 4341 1634 4412 φυλῶν,
1667 4341 1820 4396 κατὰ·
1839 4342 1938 4414 τὴν

357 4436 585 4506 πορείαν
622 4433 955 4506 περιτυχὼν,
1000 4435 1365 4505 ἀναστρέφειν
1395 4435 1486 4488 ἐπὶ
1514 4434 1580 4487 τὰ
1598 4436 1798 4500 οἰκεῖα,
1844 4433 1941 4486 καὶ

362 4527 438 4598 μὴ
474 4525 772 4596 συμφύλων
821 4524 1057 4594 πόλεμον
1100 4525 1470 4594 παρατάττειν
1516 4523 1941 4594 ἕλεγε,.καθαξ-

2032 2081 2161 2142 lem,
2197 2080 2367 2133 ﬁlium
2424 2079 2543 2148 ejus
2589 2094 2786 2148 nempe
2837 2077 3214 2143 Salomonem,
3261 2078 3492 2148 ipsemet
3547 2078 3617 2134 ad

2031 2190 2262 2245 regnum
2297 2175 2566 2243 provexit,
2617 2181 2871 2229 revocata
2933 2173 2985 2226 in
3043 2175 3366 2226 memoriam
3427 2171 3617 2227 Davidi

2033 2267 2402 2337 promissione
2431 2286 2443 2322 :
2469 2283 2594 2322 eum
2630 2281 2760 2321 vero
2794 2266 2887 2336 qui
2917 2274 3224 2321 tentaret-at
3289 2277 3517 2334 regnum
3548 2263 3619 2320 ad

2033 2376 2092 2415 se
2117 2361 2411 2426 attrahere,
2445 2361 2716 2416 Adouiam
2747 2374 2964 2428 nempe,
3007 2359 3288 2429 sapienter
3326 2357 3617 2414 deturbari

2032 2451 2180 2508 iecit.

2031 2588 2183 2645 CAP;
2219 2585 2531 2643 LXXXVII.
2567 2617 2638 2629 —
2666 2587 2926 2654 Quantam
2958 2587 3278 2641 vaticinatus
3308 2597 3385 2642 est
3423 2587 3621 2644 Acltias

2655 2659 2906 2715 Silonites
2950 2661 3019 2713 ’9.

2106 2791 2366 2848 Pramlixit
2410 2793 2772 2858 Jeroboamo,
2808 2795 2954 2865 quod
3005 2801 3257 2864 regnaret
3302 2792 3489 2848 decem
3528 2792 3625 2848 tri-

2037 2886 2216 2942 bubus
2245 2879 2434 2944 Israel.
2482 2887 2811 2957 Dirumpens
2861 2886 3009 2942 enim
3072 2886 3297 2956 pallium
3352 2901 3534 2950 suum,
3564 2887 3619 2940 in

2035 2979 2320 3035 duodecim
2367 2990 2550 3051 partes
2602 2981 2830 3051 redegit,
2872 2979 3180 3050 jussitque,
3219 2978 3397 3033 utille
3426 2979 3614 3034 decem

2036 3087 2097 3126 ex
2127 3073 2235 3128 illis
2286 3074 2537 3142 partibus
2573 3073 2677 3128 sibi
2707 3084 2968 3141 sumeret,
3020 3075 3323 3145 praedicens
3351 3075 3399 3130 ei
3425 3118 3442 3143 ,
3467 3073 3620 3145 quod

2036 3162 2222 3217 decem
2260 3164 2504 3218 tribuum
2537 3161 2705 3219 lsrael
2728 3163 2948 3220 futurus
2975 3174 3122 3221 esset
3155 3182 3271 3220 rex.
3295 3165 3418 3220 Ano
3451 3179 3624 3219 uxore

2040 3255 2331 3311 Jeroboam
2356 3257 2421 3310 ad
2452 3272 2512 3312 se
2546 3259 2760 3312 occulte
2782 3258 3056 3323 veniente,
3085 3273 3196 3328 quo
3251 3258 3623 3313 sciscitaretur

2038 3350 2105 3404 de
2127 3349 2236 3402 [ilio
2266 3357 2586 3420 aegrotante,
2613 3364 2755 3404 anne
2779 3349 3221 3415 convalesceret,
3255 3364 3376 3404 eam
3400 3348 3620 3419 quidem

2037 3443 2104 3498 de
2135 3443 2357 3497 nomine
2409 3443 2646 3510 vocavit,
2701 3443 2921 3498 tametsi
2967 3458 3087 3499 sese
3135 3459 3245 3498 non
3301 3443 3622 3509 indicasset,

2037 3534 2288 3605 quamvis
2319 3549 2500 3591 caecus
2543 3544 2690 3591 esset
2726 3548 2947 3606 propter
2995 3544 3273 3591 senectam
3311 3554 3324 3590 :
3375 3535 3627 3607 praedixit

2039 3643 2168 3682 vero
2191 3627 2262 3695 ei,
2295 3627 2440 3697 quod
2472 3642 2570 3682 nec
2599 3627 2767 3682 ﬁlium
2793 3637 3142 3698 recuperaret
3162 3636 3452 3695 sanum,et
3476 3628 3622 3698 quod

2037 3719 2327 3776 Jeroboam
2409 3720 2792 3776 miserabiliter
2881 3723 3288 3778 exscindcndus
3375 3732 3522 3778 esset
3591 3738 3624 3776 a

2039 3829 2228 3885 regno.

2039 3947 2193 4003 CAP.
2277 3947 2610 4005 LXXX-VIII.
2681 3979 2752 3990 —-
2808 3950 2940 4053 Qua:
2994 3959 3130 4006 sunt»
3197 3951 3453 4006 vaticinia
3522 3948 3627 4007 Su-

2710 4038 2857 4077 mam:
2889 4038 2954 4075 "'.

2112 4152 2396 4208 Ruboamo
2431 4156 2542 4226 regi
2594 4154 2923 4218 Jerusalem,
2961 4157 3054 4226 qui
3100 4173 3225 4213 cum
3274 4165 3498 4212 centum
3545 4158 3626 4211 vi-

2040 4246 2173 4317 ginti
2231 4247 2476 4301 millibus
2534 4248 2768 4301 militum
2830 4249 3088 4304 veniebat
3154 4249 3359 4305 inferre
3420 4251 3622 4306 bellum

2041 4340 2230 4394 decem
2285 4339 2540 4394 tribubus
2571 4339 2759 4405 lsracl,
2805 4357 2930 4409 qua:
2973 4356 3016 4394 a—
3061 4356 3120 4397 se
3165 4342 3528 4410 desciverant,
3560 4357 3627 4398 ex

2042 4433 2236 4488 itinere
2283 4434 2479 4489 obvius
2532 4433 2732 4499 factus,
2783 4434 3055 4488 convertit
3096 4435 3250 4489 illum
3274 4437 3350 4490 ad
3383 4437 3632 4507 propria,

2044 4523 2318 4595 cdicitque
2373 4539 2439 4579 ne
2479 4525 2746 4581 adversus
2794 4527 3137 4584 contribules
3182 4528 3386 4583 bellum”
3436 4530 3632 4592 cieret.

358 4639 506 4693 ρεσιν
539 4617 704 4673 αὐτοῦ
732 4617 990 4689 παντελῆ,
1026 4619 1124 4683 καὶ,
1146 4618 1240 4672 τοῦ
1263 4617 1497 4689 στρατοῦ
1527 4615 1696 4693 ἧτταν
1725 4635 1934 4689 προφη-

2048 4613 2248 4670 cmdem
2279 4615 2648 4672 omnimodam
2675 4617 3138 4688 ejus,.totumque
3168 4622 3470 4676 exercitum
3503 4637 3632 4692 pro-

357 4714 564 4778 τεύων,
627 4714 677 4766 εἰ
719 4711 1109 4784 πολεμήσουσι.
1145 4713 1383 4782 Προεῖπε
1435 4713 1529 4766 καὶ
1578 4713 1655 4782 τῷ
1700 4711 1940 4780 Ῥοϐοὰμ

360 4809 456 4861 καὶ
490 4806 567 4878 τῷ
624 4806 760 4877 λαῷ,
789 4805 862 4871 ὡς
908 4805 1385 4875 ὲγκαταλεῐψαντα
1437 4807 1514 4876 (6)
1568 4806 1660 4860 τὸν
1689 4805 1895 4876 Κύριον
1921 4845 1937 4872 ,

355 4899 956 4970 ἐγκαταλειφθήσονται
1003 4898 1094 4950 ὑπ’
1123 4897 1311 4952 αὐτοῦ.
1376 4897 1488 4951 Καὶ
1530 4897 1608 4967 τῷ
1653 4897 1940 4969 Ἰεροὸοᾶμ

353 4992 412 5046 δὲ
440 4993 730 5061 προεῖπεν,
794 4991 870 5054 ὼς
913 4989 1022 5044 τῶν
1050 4989 1182 5042 δέκα
1241 4989 1354 5042 τοῦ.
1383 4988 1607 5060 Ἰσραὴλ
1671 4991 1941 5061 κρατήσει

358 5084 684 5152 σκήπτρων,
713 5082 826 5144 τοῖς
866 5082 1052 5144 αὐτοῖς
1085 5081 1200 5134 τοῦ
1223 5080 1375 5152 ’Δχξα
1405 5082 1652 5152 σημείοις
1695 5081 1804 5134 τῶν
1845 5080 1940 5134 τοῦ

357 5175 579 5246 ἱματίου
614 5176 914 5247 ῥηγμάτων
934 5174 1304 5246 χρησάμενος,

470 5311 720 5364 ΚΕΦΑΛ.
755 5309 940 5365 ΠΘ.-
990 5313 1056 5367 Τί
1100 5311 1555 5380 προεφήτευσεν
1608 5309 1836 5365 Ἰάδων.

434 5439 611 5509 οὗτός·
640 5449 788 5501 ἐστιν
823 5447 920 5519 (7),
951 5448 982 5501 ὁ
1011 5447 1091 5512 εἰς
1114 5446 1213 5518 τὴν
1255 5445 1434 5519 Βεθὴλ.
1457 5446 1940 5517 παραγενόμενος,

2048 4708 2345 4780 ﬂigandum
2412 4709 2782 4778 vaticinatus,
2858 4712 2905 4767 si
2965 4713 3300 4768 bellaverint.
3375 4714 3632 4770 Pradixit

2048 4816 2266 4873 quoque
2301 4801 2586 4859 Roboamo
2627 4819 2690 4858 ac
2723 4805 2962 4876 populo,
2994 4807 3142 4876 quod
3191 4807 3236 4862 si
3287 4807 3634 4864 deseruerint

2048 4892 2244 4957 Deum,
2279 4895 2482 4964 abipso
2541 4909 2727 4951 essent
2786 4895 3100 4952 deserendi.
3159 4897 3426 4954 Pi'aaterea
3481 4897 3636 4954 Jeru-

2043 4985 2243 5042 boamo
2283 4985 2540 5057 pra-fatus
2566 4997 2671 5051 est,
2707 4989 3066 5058 quod'dcccm
3103 4990 3356 5046 tribubus
3397 4993 3638 5063 impera-

2045 5094 2202 5138 turus
2223 5093 2388 5145 esset,
2421 5100 2553 5140 usus
2577 5085 2770 5141 iisdem
2804 5098 2968 5154 atque
3005 5086 3205 5144 Achias
3236 5089 3408 5162 signis
3430 5129 3446 5153 ,
3481 5089 3640 5162 pallii.

2052 5176 2376 5232 videlicet’iu
2407 5177 2694 5233 duodecim
2719 5187 2900 5249 partes
2925 5181 3277 5236 laceratione.

2118 5311 2272 5367 CAP.
2302 5311 2594 5370 LXXXIX.
2624 5346 2693 5355 —
2733 5315 2873 5382 Quid
2907 5317 3239 5388 prophetavit
3270 5316 3448 5372 Jadou
3488 5315 3558 5370 ³¹.

2123 5446 2174 5504 ls
2234 5459 2318 5505 est
2370 5451 2484 5521 qui;
2530 5450 2742 5507 Betbet‘
2787 5453 3111 5522 adveniens,
3157 5455 3286 5511 dum
3339 5452 3636 5512 Jeroboam

438 5609 484 5640 ³³
522 5606 591 5663 Ill
627 5606 763 5680 Reg.
797 5623 871 5674 χι,
899 5608 987 5663 30.
1065 5608 1108 5641 ³⁰
1145 5607 1366 5680 llchg.
1397 5625 1495 5677 xu,
1523 5607 1614 5662 ‘22.
1679 5608 1720 5640 ³¹
1749 5606 1963 5679 lllﬂcg.
1994 5625 2112 5675 xm,
2153 5611 2196 5664 l.

443 5766 519 5836 (3)
543 5765 703 5820 Forte
722 5765 830 5836 τῷ,
866 5766 946 5821 vel
967 5765 1053 5819 διὰ
1079 5765 1160 5819 τό.

444 5835 518 5906 (4)
544 5835 856 5907 Lege-‘Aydi
887 5840 974 5907 τῇ,
1002 5847 1059 5891 ut
1082 5851 1242 5906 supra
1277 5851 1396 5907 cap.
1432 5838 1518 5891 50.

2126 5766 2201 5845 (ίὶ)
2248 5766 2796 5845 ’ξγιεαταλείψαντεςε

2064 5837 2203 5918 τιιτ)
2266 5836 2448 5918 {oden
2490 5836 2690 5918 dicitur
2731 5842 2970 5918 Josepho
3026 5858 3155 5918 vin,
3197 5845 3232 5901 9
3259 5887 3273 5910 .
3335 5846 3643 5918 Ερίριιτιιιτο

443 5905 517 5983 (5)
555 5905 711 5962 llunc
764 5905 986 5978 Josep’h.
1017 5905 1264 5973 vut,’tl,
1315 5905 1577 5979 ’()6Ξμης,
1612 5905 1949 5977 Epiphanius
2053 5905 2253 5983 (cum:
2276 5910 2343 5983 Ain
2370 5910 2605 5966 Constit.
2641 5905 2884 5983 Apostan
2926 5931 3007 5981 tu,
3040 5915 3094 5982 6,
3141 5905 3634 5976 dicitur‘hdonias.

382 5977 626 6050 Ἀϐἱμης
645 5990 859 6033 vocant.

2056 5977 2175 6032 Vid.
2208 5978 2348 6033 infra
2383 5997 2502 6051 cap.
2537 5983 2625 6040 95.
