4050 6602
428 418 530 486 103

1947 417 2252 482 JOSEPPI

3590 413 3693 478 ιοι

422 548 582 589 suum
640 532 809 587 altare
864 530 1170 594 dedicabat,
1226 528 1553 585 vaticinatus
1611 538 1695 584 est
1746 528 1862 583 fore
1909 527 2010 582 ali—

2121 526 2216 579 τοῦ
2261 523 2549 597 Ἰεροϐοὰμ
2598 526 2659 578 τὸ
2708 524 3096 595 θυσιαστήριον
3130 522 3556 590 ὲγκαινίζοντος,
3598 521 3695 580 καὶ

424 627 664 696 quando,
693 634 753 679 ut
781 623 961 679 Josias
996 630 1268 693 regnaret,
1314 622 1407 692 qui
1447 622 1839 677 combusturus
1892 630 2008 675 crat

424 721 796 776 sacrificantes
828 720 879 772 in
916 734 982 773 eo
1037 718 1216 780 altari,
1274 716 1517 772 exhibito
1571 716 1753 771 statim
1828 714 2005 785 signo,

426 814 541 881 ipsa
582 812 770 866 altaris
801 810 1128 881 diruptione,
1173 808 1322 879 quod
1374 808 1632 878 prmdicta
1683 816 1868 862 essent
1916 807 2009 862 ob-

424 912 648 958 \'8III.UI'3
659 941 672 956 .

564 1013 719 1069 CAP.
748 1012 862 1067 XC.
896 1043 968 1052 —
1002 1012 1143 1079 Quid
1186 1014 1513 1083 prophetarit
1559 1011 1736 1065 Baasa
1773 1011 1837 1063 δ’.

495 1128 627 1199 Regi
660 1130 850 1193 Israel,
898 1130 990 1198 qui
1022 1139 1074 1183 et
1124 1130 1236 1199 ipse
1296 1129 1467 1182 Baaza
1517 1128 1820 1191 dicebatur,
1870 1141 2007 1195 prm-

426 1221 582 1285 dixit,
635 1236 759 1274 eum
805 1220 914 1274 cito
959 1223 1308 1283 moriturum,
1368 1227 1588 1287 pr0pter
1638 1231 1765 1271 suas
1819 1214 2009 1285 impie-

428 1324 587 1368 tates.

484 1424 646 1495 .CAP.
676 1424 814 1479 XCI.
844 1452 911 1462 -—
949 1423 1088 1487 Quid
1124 1423 1443 1476 vaticinatus
1474 1431 1549 1476 est
1577 1421 1826 1476 Nic/tatas
1851 1421 1915 1475 ³³.

495 1538 991 1607 Pseudoproplictis
1013 1537 1405 1592 seducentibus
1436 1536 1741 1599 Aeliabum,
1775 1536 1865 1605 qui
1893 1544 2010 1590 erat

425 1648 519 1686 rex
561 1631 746 1693 Israel,
776 1631 920 1698 (ιιιυά
954 1630 997 1685 si
1020 1640 1288 1699 pugnaret
1320 1646 1444 1683 cum
1486 1630 1631 1682 Ader
1659 1644 1780 1700 rege
1817 1627 2005 1699 Syriae,

2114 621 2393 690 προειπὼν
2446 618 2539 671 τὸν
2587 616 2797 671 Ἰωσίαν
2848 616 3211 687 βασιλεύσειν,
3263 616 3321 679 ὃς
3372 616 3694 672 κατακαίειν

2112 710 2314 781 ήμελλε
2344 709 2473 781 τοὺς
2514 709 2847 778 ἱερωμένους
2903 710 2961 760 ἐν
3021 706 3099 777 τῷ
3144 707 3541 777 θυσιαστηρίῳ,
3598 726 3695 776 ση-

2115 803 2268 872 μεῖον
2293 801 2612 868 παραυτίκα
2646 800 2771 863 δοὺς
2790 798 2883 853 τοῦ
2912 799 3302 871 θυσιαστηρίου
3334 800 3432 869 τὴν
3466 800 3695 873 eadem-

2112 892 2217 959 ξιν,
2248 909 2343 944 του
2372 892 2433 944 τὸ
2464 891 2781 964 προρρηθὲν
2808 890 3160 961 γενήσεσθαι.

2256 1007 2512 1061 ΚΕΦΑΛ.
2559 1010 2629 1073 ιιι.
2674 1038 2742 1048 -
2780 1005 2840 1059 Τί
2874 1004 3289 1075 προεφήτευσε
3322 1003 3552 1061 Βοασά.

2181 1118 2273 1189 Τῷ
2308 1118 2521 1188 βασιλεῖ
2544 1117 2640 1171 τοῦ
2684 1116 2935 1188 Ἰσραήλ,
2969 1116 3159 1169 Βαασᾶ
3200 1116 3295 1170 καὶ
3340 1116 3491 1186 αὖτῷ
3543 1116 3698 1182 λεγο-

2114 1209 2281 1279 μένῳ,
2318 1212 2605 1280 προεῖπεν,
2669 1209 2743 1272 ὡς
2785 1208 3104 1279 τεθνήξεται
3135 1208 3234 1279 τὴν
3269 1207 3551 1278 ταχίστην,
3604 1208 3694 1261 διὰ

2110 1301 2209 1364 τὰς
2234 1300 2574 1366 δυσσεϐείας.

2220 1414 2474 1468 ΚΕΦΑΛ.
2502 1412 2620 1481 ιυν.
2648 1444 2717 1453 -
2754 1414 2815 1468 Τί
2850 1411 3266 1482 προεφήτευσε
3294 1410 3586 1480 ξΜιχαίας.

2183 1528 2303 1583 Τῶν
2325 1528 2790 1601 ψευδοπροφητῶν
2820 1528 3156 1582 ἀπατῶντων
3188 1528 3281 1580 τὸν
3341 1526 3579 1597 ’Δχαὰϐ,
3635 1524 3695 1590 ὃς

2110 1617 2178 1695 ἦν
2204 1621 2298 1675 τοῦ
2344 1621 2561 1692 Ἰσραὴλ
2602 1620 2879 1691 βασιλεὺς,
2911 1620 2986 1681 ὡς
3026 1620 3343 1691 πολεμήσας
3380 1620 3474 1673 τὸν
3524 1619 3695 1690 Σύρον

426 1724 670 1779 auferret
727 1724 796 1778 ab
863 1724 955 1777 illo
1016 1724 1293 1792 regionem
1360 1721 1779 1785 Galaaditidem,
1843 1736 2006 1790 quant

2121 1716 2344 1787 βασιλέα
2376 1718 2467 1771 τὸν
2529 1718 2724 1787 Ἀδερ,
2778 1714 3153 1785 ἀφαιρήσεται
3218 1711 3349 1782 παρ’
3381 1711 3548 1765 αὐτοῦ
3595 1712 3695 1784 τὴν

429 1817 550 1887 Syri
580 1817 689 1886 jam
721 1815 928 1886 pridem
966 1816 1033 1870 ab
1068 1815 1326 1870 lsraelitis
1363 1815 1703 1870 abstulerant
1736 1832 1749 1868 :
1783 1825 2008 1869 vocatus

2121 1807 2434 1863 Γαλααδῖτιν
2468 1807 2686 1878 χώραν,
2740 1806 2807 1877 ἦν
2856 1808 2905 1859 οἱ
2942 1804 3103 1877 Σύροι
3142 1804 3311 1858 πάλαι
3368 1804 3519 1875 παρὰ
3583 1804 3695 1858 τῶν

430 1886 483 1963 et
529 1910 643 1979 ipse
686 1919 745 1963 ut
803 1908 1029 1972 diceret,
1085 1908 1214 1978 quid
1263 1907 1570 1962 faciendum
1641 1917 1807 1969 esset,
1866 1922 2009 1962 anne

2124 1900 2475 1971 Ἰσραηλιτῶν
2505 1900 2810 1970 ἀφείλοντο,
2843 1898 3065 1969 κληθεὶς
3094 1898 3187 1951 καὶ
3217 1896 3380 1959 αὐτὸς
3410 1898 3607 1958 εἰπεῖν,
3642 1897 3696 1948 τί

428 2009 618 2053 contra
658 1997 827 2070 Syros
873 1998 1223 2061 bellandum,
1262 1997 1531 2066 praedixit,
1562 1996 1704 2064 quod
1733 1990 1776 2051 εἰ
1816 1996 2008 2050 coaﬂi-

428 2102 597 2160 geret,
670 2090 1068 2145 interimendus
1124 2098 1288 2151 esset,
1367 2089 1479 2143 Deo
1555 2088 1789 2142 dedcnte
1853 2088 2005 2142 illum

428 2184 619 2238 fraude
656 2183 919 2238 daemonis
951 2192 1173 2253 propter
1193 2181 1362 2237 falsos
1386 2180 1701 2253 prophetas,
1727 2188 1786 2233 ut
1819 2180 1887 2234 ob
1909 2180 2010 2234 im-

426 2276 657 2343 pietales
696 2276 916 2345 periret.

432 2476 585 2532 CAP.
613 2474 768 2531 XCII.
804 2504 873 2518 ο-
920 2475 1179 2540 Quwnam
1209 2472 1538 2543 praphetavit
1575 2472 1804 2527 Azarias
1863 2470 2008 2540 ﬁlius

1063 2545 1238 2600 Sadoc
1286 2545 1350 2598 ".

497 2661 769 2733 Populum
798 2660 1188 2717 derelicturum
1224 2672 1343 2714 esse
1398 2659 1687 2713 Dominum
1713 2698 1727 2724 ,
1771 2658 2009 2727 itemque

431 2754 925 2824 derelinquendum
978 2752 1045 2807 ad
1117 2752 1319 2807 multos
1372 2750 1488 2806 dies
1537 2767 1566 2805 a
1625 2750 1776 2820 Deo..
1812 2749 2011 2805 Multas

430 2864 561 2904 vero
579 2864 799 2918 passum
823 2844 1325 2901 animadversiones
1344 2854 1566 2914 propter
1580 2844 2008 2908 derelictionem,

432 2943 488 2996 in
534 2943 705 2996 filium
752 2940 967 2995 tandem
1002 2938 1394 2994 assumendum
1427 2937 1563 3003 fore,
1590 2938 2012 3008 agniturnmqne

429 3033 810 3101 castigatorem
835 3045 898 3085 ac
924 3031 1251 3085 salvatorem
1284 3045 1467 3095 suum,
1498 3037 1551 3083 et
1586 3029 2010 3098 promissionum

429 3126 861 3195 adimpletorem.

2114 1993 2223 2045 δέοι
2270 1994 2401 2065 περὶ
2456 1994 2583 2057 τοὺς
2638 1992 2774 2064 πρὸς
2828 1992 3034 2062 Σύρους
3075 1990 3345 2058 πολέμους
3397 1990 3694 2060 πράττειν,

2116 2088 2376 2157 προεῖπεν
2400 2128 2414 2153 ,
2449 2087 2526 2150 ὼς
2580 2084 2875 2157 συμϐαλὼν
2916 2083 3372 2155 ἀναιρεθήσεται,
3407 2083 3501 2137 τοῦ
3558 2083 3696 2137 Θεοῦ

2113 2182 2181 2250 τῇ
2239 2178 2487 2232 διαϐόλου
2543 2178 2729 2251 ἀπάτη
2781 2178 3141 2240 ἐκδεδωκότος
3213 2175 3400 2244 αὑτὸν,
3451 2176 3538 2229 διὰ
3586 2177 3696 2229 τῶν

2114 2269 2580 2341 ψευδοπροφητῶν
2602 2311 2617 2337 ,
2656 2271 2805 2334 ὅπως
2838 2269 2929 2323 διὰ
2959 2268 3059 2332 τὰς
3094 2266 3416 2331 δυσσεϐείας
3469 2268 3696 2339 ἀναιρε-

2117 2360 2365 2433 θήσεται.

2116 2478 2367 2533 ΚΕΦᾹΛ.
2402 2475 2515 2544 ι,Β’.
2540 2508 2607 2518 -
2633 2475 2777 2531 Τίνα
2796 2476 3250 2602 σέρίὲιξξρήτευσεν
3280 2475 3545 2548 Ἀζαρίας
3568 2475 3700 2543 υίὸς

2290 2578 2295 2583 ο
2855 2566 2891 2602 a
2931 2567 3034 2602 ωκ.

2290 2578 2295 2583 ’
2808 2566 3034 2603 ιαοωκ.

2200 2665 2289 2729 Ὦς
2322 2666 2350 2718 ὁ
2379 2664 2508 2729 λαὸς
2530 2664 2921 2735 ἐγκαταλείψει
2942 2666 3036 2718 τὸν
3070 2663 3308 2733 Κύριον,
3339 2663 3435 2717 καὶ
3462 2662 3702 2731 ἐγκατα-

2116 2758 2466 2828 λειφθήσεται
2527 2759 2621 2812 ἐπὶ
2681 2758 2883 2821 πολλὰς
2934 2758 3147 2828 ἡμέρας
3210 2758 3317 2811 ὑπὸ
3364 2755 3537 2810 Θεοῦ’
3604 2754 3701 2808 καὶ

2119 2850 2287 2904 πολλά
2335 2850 2425 2905 διὰ
2476 2851 2576 2921 τῆς
2628 2850 2998 2919 καταλείψεως
3048 2846 3406 2919 τιμωρηθεὶς,
3453 2848 3533 2911 είς
3584 2846 3699 2899 υἱὸν

2120 2943 2622 3015 προσληφθήσεται,
2654 2944 2818 3012 γνοὺς
2853 2942 2945 2995 τὸν
2979 2941 3270 3012 παιδευτὴν
3314 2939 3407 2995 καὶ
3444 2938 3697 3011 σωτῆρα,

2119 3038 2213 3092 καὶ
2239 3037 2346 3091 τῶν
2378 3036 2714 3106 ἐπαγγελιῶν
2747 3035 3061 3107 πληρωτήν.

428 3240 578 3296 CAP.
614 3238 795 3294 XCIII.
829 3269 901 3280 —
932 3240 1190 3318 Quantam
1215 3240 1539 3318 vaticinatus
1573 3249 1650 3293 est
1679 3236 1839 3293 Jesus
1866 3237 2011 3308 ﬁlius

2121 3238 2375 3294 ΚΕΦΑΛ.
2402 3239 2502 3306 LI-
2528 3269 2596 3281 —
2632 3238 2770 3293 Τίνα
2791 3236 3255 3318 ξζροεφῄτευσεν
3283 3236 3512 3306 Ἰησοῦς
3539 3237 3575 3292 d
3592 3234 3701 3293 τοῦ

1069 3312 1243 3365 Anani
1273 3312 1340 3365 ³³.

500 3425 765 3495 .losapltat
800 3426 912 3495 regi
967 3425 1148 3495 populi
1199 3423 1336 3479 Juda
1362 3425 1564 3480 bellum
1627 3426 1832 3496 gerenti
1890 3440 2013 3481 cum

433 3518 621 3571 Achab
647 3518 701 3571 in
730 3516 1401 3593 ‘expeditioncadvcrsus
1460 3516 1626 3590 Syros
1677 3533 1775 3588 pro
1816 3517 2016 3571 Rhem-

437 3609 585 3662 moth
610 3608 832 3673 Galaad,
860 3607 1194 3678 fugientique
1221 3609 1289 3663 ab
1318 3610 1689 3665 internecione
1738 3624 1845 3663 una
1890 3623 2016 3663 cum

435 3698 645 3765 Achab,
673 3701 868 3755 obvius
896 3700 1070 3756 factus
1104 3700 1179 3754 ait
1207 3719 1220 3754 :
1276 3701 1425 3756 illum
1486 3718 1771 3772 perperam
1816 3702 2015 3772 egisse,

436 3796 531 3865 qui
563 3810 687 3851 cum
734 3804 877 3850 esset
915 3794 1007 3849 Dei
1049 3796 1283 3863 amicus,
1332 3798 1649 3852 societatem
1678 3796 1804 3850 belli
1836 3796 2020 3866 junxit

436 3904 562 3942 cum
616 3889 805 3958 impio.
849 3887 1068 3958 Deoque
1121 3889 1296 3944 inviso
1338 3890 1598 3953 homine;
1634 3904 1697 3943 ac
1756 3888 1861 3942 nisi
1905 3887 2020 3958 ipse

438 3980 564 4050 pius
587 3982 736 4037 visus
769 3980 982 4047 fuisset,
1026 3982 1278 4052 idolaque
1310 3981 1447 4038 Juda
1499 3982 1886 4050 destruxisset,
1921 3996 2018 4037 ex-

440 4079 625 4141 pertus
657 4074 842 4142 utique
862 4070 1056 4127 fuisset
1095 4072 1231 4125 iram
1268 4071 1385 4137 Dei,
1419 4082 1639 4143 propter
1672 4073 1859 4128 initam
1891 4086 2015 4127 cum

438 4166 659 4221 Acbabo
687 4168 1023 4222 societatem.

435 4280 588 4337 CAP.
620 4279 806 4337 XCIV.
863 4313 931 4323 --
976 4283 1235 4351 Quantam
1303 4285 1631 4354 prophetarit
1686 4282 1840 4340 Oziel
1896 4300 2020 4353 pro-

1085 4355 1244 4422 pheta
1264 4355 1330 4407 ⁸⁸.

504 4488 767 4558 Josapltat
819 4488 1020 4542 bellum
1070 4488 1278 4558 gerenti
1340 4490 1604 4544 adversus
1657 4491 2021 4556 Ammanitas,

2791 3308 3013 3363 Ἀνανί.

2202 3429 2472 3498 Ἰωσαφὰτ
2518 3428 2599 3499 τῷ
2627 3426 2720 3482 τοῦ
2779 3426 2911 3479 λαοῦ
2979 3425 3150 3481 Ἰούδα
3206 3425 3420 3497 βασιλεῖ
3475 3441 3702 3494 συμμαυ

2118 3522 2395 3596 χοῦντιτῷ
2434 3522 2662 3593 Ἀχαὰϐ,
2693 3522 2752 3574 ὲν
2780 3524 2846 3593 τῇ
2886 3521 3025 3592 πρὸς
3056 3521 3183 3584 τοὺς
3217 3520 3425 3592 Σύρους
3450 3519 3704 3590 περὶτῆς

2132 3612 2389 3685 Ῥεμμὼθ
2431 3612 2643 3667 Γαλαὰδ
2686 3613 2867 3684 μάχῃ,
2896 3612 3190 3682 ἐκφυγόντι
3239 3612 3302 3664 ὲκ
3334 3612 3432 3680 τῆς
3472 3612 3590 3682 ἅμα
3623 3611 3705 3681 τῷ

2135 3707 2341 3777 ’Δχαὰϐ
2380 3707 2748 3777 ἀναιρέσεως,
2781 3706 3098 3777 ὑπαντήσας
3126 3704 3229 3775 ἔφη
3262 3705 3448 3768 κακῶς
3483 3722 3703 3776 πεπρα-

2121 3798 2296 3869 χέναι,
2331 3801 2757 3870 συμμαχήσαντι
2778 3798 2855 3869 τῷ
2893 3798 3147 3853 δυσσεϐεῖ
3170 3798 3265 3851 καὶ
3297 3797 3402 3851 ὑπὸ
3439 3796 3577 3851 Θεοῦ
3614 3816 3707 3868 μι-

2122 3889 2372 3960 σουμένῳ
2412 3889 2563 3957 φίλον
2593 3890 2856 3956 γεγονότα
2881 3929 2896 3955 ,
2928 3888 3026 3941 καὶ
3084 3890 3132 3941 εί
3185 3888 3259 3959 μὴ
3288 3886 3448 3951 αὐτὸς
3476 3887 3706 3958 εὐσεϐὴς

2122 3982 2335 4051 φανεὶς,
2381 3980 2451 4034 τὰ
2480 3979 2675 4034 εἴδωλα
2710 3982 2804 4033 τοῦ
2853 3979 3024 4034 Ἰούδα
3076 3979 3325 4032 καθεῖλεν
3353 4018 3367 4039 ,
3418 3980 3589 4051 ὀργῆς
3637 3979 3708 4035 ἂν

2121 4071 2381 4141 ἐπειρᾶτο
2406 4068 2564 4137 Θεοῦ,
2592 4070 2680 4125 διὰ
2706 4070 2805 4143 τὴν
2834 4068 2929 4123 τοῦ
2977 4070 3180 4140 Ἀχαὰϐ
3223 4069 3559 4141 σύμπραξιν.

2128 4291 2383 4345 ΚΕΦΑΛ.
2436 4288 2547 4357 ιιΔκ
2595 4319 2662 4331 -η
2718 4291 2858 4343 Τίνα
2908 4290 3365 4363 προεφήτευσεν
3426 4292 3622 4363 Ὀζὶὴλ
3670 4297 3706 4349 ό

2738 4361 3070 4429 προφήτης.

2198 4488 2290 4558 Τῷ
2335 4489 2606 4559 Ἰωσαφὰτ
2660 4490 2736 4560 (8)
2802 4492 3127 4562 πολεμοῦντι
3168 4496 3304 4565 πρὸς
3362 4497 3703 4567 Ἀμμανίτας

436 4591 492 4637 ct
521 4582 785 4635 Moabitas
824 4590 1189 4650 posterosque
1229 4582 1395 4647 Esau,
1432 4582 1522 4651 qui
1554 4581 1749 4637 Judam
1777 4584 2013 4654 aggressi

2126 4580 2222 4632 καὶ
2250 4578 2562 4645 Μωαϐίτας,
2596 4583 2687 4636 καὶ
2736 4584 2860 4647 τοὺς
2893 4585 2998 4639 ἀπὸ
3062 4586 3233 4639 Ἠσαῦ
3271 4587 3595 4651 ἐπελθόντας
3627 4591 3707 4658 τῷ

439 4672 680 4735 fuerant,
710 4672 962 4741 praedixit
1022 4671 1139 4727 fore
1188 4682 1245 4728 nt
1283 4689 1378 4743 per
1420 4690 1607 4743 preces
1657 4684 1712 4729 et
1766 4676 2019 4729 tubarum

439 4764 749 4835 clangorem
784 4765 931 4835 ipsos
955 4766 1242 4835 perderet;
1268 4776 1433 4835 atque
1453 4767 1533 4821 sic
1561 4768 1808 4838 contigit.

439 4898 591 4955 CAP.
621 4899 781 4957 XCV.
813 4931 881 4941 —
912 4902 1522 5042 Qua'nan;leaticiitatus
1551 4912 1627 4957 est
1657 4902 1819 4957 Eliad
1845 4902 2028 4959 Obdiaa

1168 4992 1182 5025 ι
1212 4990 1312 5026 ιιιδ.

1168 4990 1312 5026 utus.

512 5080 778 5153 Josapltat
839 5085 931 5156 qui
988 5101 1113 5139 cum
1172 5083 1412 5140 chozia
1470 5087 1767 5141 amicitiam
1803 5088 2020 5157 inierat,

440 5179 652 5233 Aeltabi
689 5179 820 5243 tilio,
863 5194 1099 5247 eumque
1132 5181 1342 5233 socium
1374 5180 1567 5235 classis
1602 5180 1872 5249 effecerat,
1906 5200 2027 5254 quae

440 5273 493 5326 in
528 5270 862 5341 Ethiopian:
903 5271 1194 5341 navigabat
1241 5272 1579 5327 mercimonii
1646 5289 1841 5340 causa,
1886 5291 2023 5346 pra:-

441 5368 602 5427 dixit,
638 5366 784 5436 quod
823 5366 989 5420 etiam
1029 5364 1299 5420 molestiis
1335 5365 1603 5437 naufragii
1649 5368 1764 5437 ipse
1799 5385 2020 5441 quoque

440 5460 664 5515 etl'ectus
696 5460 882 5514 minus
908 5459 1129 5528 placens
1154 5458 1263 5515 Deo
1297 5460 1499 5517 idcirco
1525 5472 1672 5519 esset
1694 5464 2012 5521 moriturus.

2142 4672 2334 4743 Ἰούδα,
2363 4677 2657 4743 προεῖπεν,
2687 4675 2763 4739 ὡς
2813 4677 2880 4730 δι’
2907 4679 3073 4749 εὐχῆς
3115 4680 3207 4731 καὶ
3240 4680 3557 4750 σαλπίγγων
3605 4684 3705 4735 αὐ-

2123 4766 2249 4831 τοὺς
2276 4768 2606 4842 καθαιρήσῃ.
2642 4770 2751 4823 Καὶ
2776 4770 2949 4834 οὕτως
2982 4771 3198 4839 ἐγένετο

2125 4904 2375 4960 ΚΕΦΑΛ.
2411 4903 2523 4972 ΗΕΖ
2546 4938 2614 4948 -
2652 4906 2790 4961 Τίνα
2822 4907 3277 4976 προεφήτευσεν
3312 4910 3515 4965 mea
3538 4911 3573 4964 ό
3599 4910 3708 4964 τοῦ

2763 4976 2961 5031 Ὄόδία
2992 4981 3091 5049 (9).

2197 5085 2287 5157 Τῷ
2330 5087 2600 5156 Ἰωσαφὰτ
2633 5087 2817 5155 φιλίαν
2848 5089 3225 5161 ἁσπασαμένῳ
3258 5089 3398 5162 πρός
3435 5089 3707 5161 Ὀχοζίαν,

2126 5181 2220 5233 τὸν
2267 5179 2361 5233 τοῦ
2419 5179 2645 5250 Ἀχαὰϐ,
2700 5181 2797 5234 καὶ
2846 5181 2953 5234 τῶν
2992 5182 3195 5235 πλοίων
3244 5183 3497 5236 κοινωνὸν
3543 5184 3710 5239 αὑτὸν

2128 5272 2508 5344 ποιησαμένῳ,
2558 5274 2666 5325 τῶν
2717 5275 2797 5336 είς
2838 5273 3127 5328 Αἰθιοπίαν
3188 5274 3573 5330 ἀποπλεόντων
3616 5277 3710 5330 ἐπ’

2130 5364 2391 5433 ἐμπορίᾳ,
2437 5365 2719 5436 προεῖπεν,
2752 5364 2828 5427 ὡς
2866 5365 2957 5419 καὶ
3001 5364 3177 5428 ἁνίαις
3209 5367 3582 5437 ναυαγήσεως,
3610 5368 3710 5419 καὶ

2131 5456 2292 5518 αὐτος
2354 5456 2453 5509 οὐκ
2508 5458 2804 5527 εὐάρεστος
2866 5458 2984 5530 Θεῷ
3022 5460 3345 5532 γενόμενος,
3406 5458 3710 5531 διάδτοῦτο

2132 5546 2467 5613 τεθνήξεται.

512 5722 557 5753 ³’
583 5720 647 5775 IIl
679 5722 811 5793 Reg.
846 5740 955 5789 1m,
997 5726 1046 5779 I.
1119 5725 1163 5755 ³³
1194 5723 1258 5779 ιιι
1283 5723 1414 5797 Reg.
1445 5743 1577 5781 χχιι.
1649 5727 1693 5759 ³⁸
1726 5726 1766 5780 ll
1793 5726 1965 5782 Paral.
1994 5745 2013 5782 ι

2180 5729 2222 5760 ³⁸
2254 5726 2317 5781 III
2350 5728 2479 5799 Reg.
2519 5746 2626 5792 xw,
2666 5730 2714 5785 l.
2794 5730 2837 5763 ³⁶
2887 5731 2929 5786 ll
2973 5732 3145 5789 Paral.
3179 5752 3272 5803 xx,
3304 5737 3392 5791 Η.

527 5882 606 5956 l8)
636 5880 769 5939 Vide
796 5899 959 5956 Sttpra
983 5899 1104 5955 cap.
1137 5884 1226 5939 95.

2232 5890 2306 5960 (θ)
2341 5888 2412 5942 Et
2452 5889 2489 5942 l!
2531 5890 2703 5944 Parui.
2738 5907 2828 5957 xx,
2864 5891 2951 5957 57,
3001 5891 3243 5967 Ἐλιέζερ
3286 5896 3430 5950 ὀτοῦ
3457 5899 3654 5953 Δωδία.
