4050 6614
478 396 577 461 1οἹ

1986 382 2290 443 IOSEPPI

3626 378 3730 441 103

473 516 672 577 fuerat,
695 518 816 565 ante
839 510 1010 580 ipsum
1039 505 1345 562 exsistebat.
1378 501 1534 569 Quod
1561 501 1628 556 de
1654 499 1908 571 supernis
1942 509 2048 561 est,

2158 496 2461 567 γεννηθεὶς,
2490 495 2601 564 πρὸ
2634 495 2821 550 αὐτοῦ
2854 493 3143 563 ὑπῆρχεν.
3189 494 3310 547 Ὅτι
3349 494 3552 548 ἄνωθέν
3585 496 3678 546 ἐστ
3706 514 3733 546 ν

472 622 537 660 ει
568 606 710 660 coelo
740 616 952 671 nempe,
986 599 1260 655 Christus.
1304 595 1462 662 Quod
1500 594 1684 665 justos
1721 593 1789 647 ab
1833 590 2051 661 injustis

473 697 726 753 Christus
771 703 1039 751 secernet.

472 807 624 863 CAP.
651 806 736 862 Cl.
756 836 825 849 —-
843 805 975 871 Quis
1004 820 1094 859 nec
1118 803 1291 859 volens
1319 799 1645 871 prop/celavit
1670 799 1723 852 in
1746 795 2049 866 Evangelia.

545 988 782 1056 Caipltas
810 986 1050 1057 pontifex
1069 986 1161 1056 qui
1190 985 1491 1039 salutarem
1508 981 1713 1037 Christi
1739 984 2049 1051 passionem

472 1081 741 1150 praedixit,
769 1080 953 1149 aitque
980 1077 1181 1132 Iudaeis
1214 1095 1229 1131 :
1264 1075 1365 1129 Vos
1402 1092 1507 1129 non
1544 1074 1691 1127 scitis
1730 1072 2051 1142 quidquam,

471 1189 637 1243 neque
670 1172 950 1241 reputatis,
981 1170 1119 1240 quod
1151 1168 1282 1221 utile
1312 1168 1455 1221 vobis
1488 1176 1587 1227 est,
1626 1173 1684 1218 ut
1724 1181 1860 1218 unus
1900 1165 2054 1218 homo

474 1267 736 1318 moriatur
756 1280 850 1335 pro
890 1262 1103 1331 populo,
1136 1269 1183 1313 et
1208 1276 1314 1313 non
1354 1274 1476 1327 gens
1507 1258 1755 1311 universa
1786 1266 1964 1325 pereat
1984 1255 2051 1309 δ’.

474 1358 685 1423 Quibus
732 1356 917 1410 subdit.
972 1351 1305 1422 evangelista
1346 1368 1358 1403 :
1409 1348 1524 1403 Iloc
1569 1360 1745 1403 autem
1794 1365 1826 1401 a
1863 1356 2054 1402 semet-

473 1450 586 1515 ipso
628 1464 731 1501 non
776 1446 937 1509 dixit,
966 1444 1055 1498 sed
1092 1460 1211 1497 cum
1246 1454 1378 1497 esset
1424 1440 1665 1512 pontifex-
1702 1438 2052 1508 prophetarit,

470 1541 607 1611 quod
635 1538 792 1593 Iesus
823 1538 1074 1599 moriens,
1106 1552 1200 1607 pro
1239 1552 1300 1590 ea
1332 1546 1480 1606 gente
1511 1534 1798 1586 moriturus
1832 1538 1978 1595 erat;
2006 1539 2054 1583 et

472 1647 575 1683 non
603 1645 696 1695 pro
724 1646 786 1683 ea
817 1637 965 1697 gente
996 1634 1202 1680 tantum
1226 1665 1241 1689 ,
1288 1626 1379 1678 sed
1415 1634 1471 1677 ut
1514 1624 1778 1692 dispersas
1817 1620 1911 1674 Dei
1939 1635 2054 1674 oves

472 1732 674 1790 cogeret
699 1721 753 1773 in
771 1735 954 1773 unum.
987 1716 1045 1771 ln
1067 1715 1245 1771 Veteri
1274 1729 1439 1784 porro
1463 1713 1812 1767 Testamento
1841 1725 1941 1764 nec
1960 1723 2055 1763 vo-

475 1818 647 1870 lentes
678 1814 1168 1885 prophetaverunt,
1217 1811 1435 1863 Balaam
1480 1817 1652 1870 vates,
1686 1815 1742 1861 et
1775 1805 1864 1876 qui
1900 1802 2052 1859 missi

474 1909 691 1965 fuerant
722 1923 751 1961 a
789 1906 920 1961 Suul
952 1905 1018 1960 ad
1052 1902 1242 1969 David,
1272 1903 1402 1975 quin
1430 1913 1483 1957 et
1518 1902 1633 1973 ipse
1664 1897 1794 1955 Saul
1822 1898 1888 1953 ad
1924 1912 2048 1953 eum

474 2000 829 2060 contendens.

574 2284 727 2341 CAP.
757 2283 865 2338 Cll.
902 2313 971 2324 —-
1002 2281 1233 2349 Quinam
1258 2289 1377 2333 sunt
1409 2278 1572 2347 [artes
1614 2275 1833 2329 Davidis
1863 2274 1933 2327 ".

544 2402 568 2453 1
609 2397 836 2453 Jesboos
865 2396 957 2466 qui
996 2394 1233 2450 ornabat
1279 2396 1601 2462 apparatum
1630 2389 1767 2459 eius.
1807 2386 2054 2443 llabebat

475 2491 579 2545 sub
614 2506 673 2545 se
702 2498 1033 2557 nongentos.

526 2583 581 2649 ‘2
620 2581 857 2648 Adinon,
886 2578 983 2649 qui
1015 2577 1424 2633 vulneratorum
1453 2588 1643 2629 curam
1670 2573 1909 2643 gerebat.

544 2680 579 2733 ε
618 2677 864 2741 Eleazar,
892 2674 1038 2729 lilius
1069 2672 1251 2727 fratris
1279 2672 1470 2726 David.
1720 2654 1725 2661 '

547 2771 583 2826 4
623 2768 813 2825 Sosios
852 2767 946 2837 qui
977 2765 1128 2821 solus
1159 2763 1400 2819 inimicis
1434 2761 1897 2841 obstitit,.jubens
1922 2760 2053 2815 sub-

472 2863 633 2935 jectis
660 2861 787 2925 sibi,
821 2868 881 2914 ut
903 2858 999 2928 qui
1026 2855 1359 2918 ceciderant,
1390 2854 1711 2923 spoliarent.

548 2955 585 3009 5
629 2952 817 3016 Sama,
844 2950 939 3021 qui
960 2948 1372 3018 insequentibus
1399 2946 1649 3000 hostibus
1679 2944 1863 3014 populi
1891 2958 2054 2999 excr-

476 3046 668 3112 citum,
701 3044 853 3100 solus
887 3043 1237 3110 insequentes
1258 3039 1422 3094 vertit
1447 3038 1501 3092 in
1527 3036 1733 3106 fugam.

546 3140 580 3194 ὓ
618 3138 851 3203 Abessa,
884 3135 979 3205 qui
1009 3132 1282 3189 sexcentis
1308 3131 1361 3185 in
1396 3130 1536 3185 bello
1561 3130 1712 3186 solus
1734 3130 1950 3185 restitit.

544 3307 577 3361 7
618 3305 871 3370 Banaias,
903 3303 1048 3361 (ilius
1088 3300 1243 3357 Eliab
1268 3302 1450 3356 fratris
1483 3300 1674 3364 David,
1705 3303 1797 3372 qui
1838 3314 1893 3357 et
1921 3305 2058 3358 duos

474 3402 639 3457 duces
666 3397 961 3460 interfecit.
988 3406 1042 3451 et
1075 3397 1262 3453 leones
1292 3395 1517 3465 occidit,
1542 3395 1924 3467 elz’Egyplium
1956 3398 2053 3453 llO-

476 3495 679 3550 minem
710 3501 983 3564 potentem
1008 3489 1260 3560 perdidit.
1804 3498 1809 3503 '

546 3590 579 3644 8
616 3586 846 3642 Asaelus
874 3581 1088 3655 praefuit
1121 3583 1336 3654 triginta
1371 3583 1622 3640 ducibus.

546 3682 579 3737 9
614 3680 871 3743 Eleenau,
902 3676 998 3747 qui
1024 3685 1079 3731 et
1104 3676 1221 3747 ipse
1242 3688 1357 3734 erat
1381 3677 1525 3735 filius
1551 3676 1736 3734 fratris
1764 3674 1951 3732 David.

549 3862 618 3916 10
660 3858 859 3913 Seman
894 3856 1154 3930 Mydmus.

551 3954 610 4008 11
656 3952 803 4007 Alles
827 3950 1017 4007 Celtlto
1047 3950 1213 4005 lilius.

550 4046 618 4100 12
658 4044 803 4101 Ellas
840 4044 985 4101 illius
1014 4043 1302 4100 Pliellathi.

550 4137 615 4191 15
652 4135 844 4193 Hieras
878 4137 1019 4193 lilius
1045 4137 1243 4193 Escatb
1272 4134 1587 4192 Thecoites.

546 4229 613 4285 14
651 4230 862 4285 Anezar
892 4228 1201 4285 Auotltites.

545 4323 613 4378 15
651 4322 821 4379 Elaou
849 4320 1054 4378 Loites.

544 4416 612 4470 16
649 4415 885 4470 Noerion
917 4414 1178 4468 Pbatites.

546 4508 612 4561 17
647 4507 802 4562 Allus
836 4505 982 4560 filius
1013 4501 1259 4571 Phaplla.

551 4598 616 4652 18
655 4594 805 4649 Enau
843 4592 1240 4663 Neplllhalites.

549 4688 616 4743 19
658 4687 811 4740 Eztlti
844 4685 991 4740 illius
1021 4682 1297 4740 Rebaeclt.

544 4780 614 4834 20
657 4778 889 4835 Sabeetli
923 4777 1110 4834 Addae
1144 4778 1211 4832 de
1243 4775 1467 4834 Gaassc.

545 4868 607 4922 21
652 4868 916 4923 Abielbon
949 4868 1015 4922 de
1044 4867 1467 4937 campestribus.

541 4959 613 5013 22
650 4959 838 5014 Addad
868 4959 937 5014 de
964 4956 1192 5014 Nacbal.

542 5051 612 5106 23
649 5049 855 5108 Jasbiel
886 5050 954 5107 de
985 5050 1202 5108 Sarath.

542 5145 612 5200 2i
645 5140 855 5200 Matthi.

542 5236 611 5291 25
648 5234 786 5292 Joab
809 5236 1130 5294 Arsamites.

541 5328 612 5383 26
651 5327 799 5384 Elias
828 5328 1194 5387 Salabouitcs.

542 5422 612 5474 27
641 5420 912 5476 Jonatliau
944 5420 1087 5478 filius
1114 5426 1280 5480 Asan.

542 5514 613 5568 28
656 5513 897 5568 Somnan
927 5513 1263 5575 Arrboditcs.

546 5647 589 5675 δ’
613 5645 771 5701 Joan.
807 5666 879 5714 xi,
905 5651 993 5706 49.
1074 5652 1118 5683 ⁸³
1147 5652 1185 5706 ll
1226 5653 1358 5724 Reg.
1397 5672 1568 5721 XM";
1603 5657 1621 5710 l
1652 5658 1825 5713 Paral.
1862 5676 1934 5728 τι,
1975 5678 2071 5716 xu.

545 5798 658 5878 (11)
688 5800 888 5861 Confer
913 5804 1128 5877 JoSCpli.
1164 5809 1342 5880 Antig.
1376 5826 1469 5879 vn,
1501 5812 1586 5866 12.

2155 592 2215 655 ἐξ
2257 589 2492 661 οὐρανοῦ
2545 588 2801 660 Χριστός.
2849 588 2973 640 Ὅτι
3003 587 3130 649 τοὺς
3186 584 3428 649 δικαίους
3476 587 3584 639 ἀπὸ
3623 587 3733 639 τῶν

2155 682 2358 737 ἀδίκων
2385 682 2620 754 Χριστὸς
2648 682 2934 751 διακρινεῖ.

2154 796 2407 849 ΚΕΦΔΛ.
2450 793 2572 848 PA'.
2605 824 2674 834 —
2705 793 2804 859 Τίς
2854 794 3015 847 ἄκων
3052 794 3506 865 προεφήτευσεν
3531 792 3602 846 ἐν
3653 789 3736 856 τῷ

2756 866 3119 934 Εὺαπγελίῳ.

2227 980 2488 1049 Καϊάφας
2516 980 2544 1030 6
2596 979 2888 1048 ἀρχιερεὺς
2940 978 3001 1029 τὸ
3041 978 3307 1047 σωτήριον
3358 974 3452 1029 τοῦ
3496 972 3735 1045 Χριστοῦ

2156 1066 2333 1131 πάθος
2387 1065 2797 1137 προαγορεύων,
2838 1066 2975 1136 πρὸς
3025 1067 3150 1127 τοὺς
3193 1065 3480 1128 Ἰουδαίους
3525 1064 3731 1135 φησίν’

2170 1159 2355 1229 Ὑμεῖς
2399 1162 2509 1215 οὐκ
2539 1159 2739 1213 οἵδατε
2771 1159 2974 1223 οὐδὲν,
3018 1160 3162 1213 οὐδὲ
3189 1157 3611 1227 διαλογίζεσθε,
3646 1156 3734 1210 ὅτι

2155 1249 2445 1319 συμφέρει
2476 1249 2640 1318 ὑμῖν,
2666 1250 2767 1302 ἵνα
2796 1248 2885 1315 εἷς
2917 1250 3226 1317 ἄνθρωπος
3270 1250 3543 1317 ἀποθάνῃ
3580 1248 3735 1315 ὑπὲρ

2160 1342 2267 1395 τοῦ
2294 1342 2470 1406 λαοῦ,
2502 1341 2598 1395 καὶ
2628 1340 2714 1410 μὴ
2745 1342 2895 1396 ὅλον
2912 1343 2972 1395 τὸ
2991 1344 3166 1407 ἔθνος
3189 1324 3507 1415 (ind/tnta:-
3541 1341 3627 1410 ἐφ’
3652 1335 3733 1403 οἷς

2156 1434 2437 1502 ἐπήγαγεν
2455 1436 2481 1486 6
2511 1432 2914 1504 Εὐαγγελιστής
2936 1451 2949 1465 ·
2981 1434 3160 1488 Τοῦτο
3184 1433 3251 1486 δὲ
3266 1434 3365 1503 ἀφ’
3390 1433 3605 1487 ἑαυτοῦ
3621 1433 3734 1485 οὐκ

2155 1519 2346 1588 εἶπεν,
2406 1525 2545 1578 ἀλλ’
2596 1524 2909 1593 ἀρχιερεὺς
2959 1524 3062 1587 ὢν,
3113 1523 3586 1593 προεφήτευσεν,
3644 1520 3733 1574 ὅτι

2155 1614 2423 1683 ἤμελλεν
2453 1618 2486 1668 ό
2529 1616 2771 1681 Ἰησοῦς
2815 1615 3157 1674 ἀποθανὼν.
3194 1616 3346 1682 ὑπὲρ
3378 1614 3484 1667 τοῦ
3517 1615 3734 1677 ἔθνους

2155 1705 2587 1773 ἀποθνήσκειν,
2636 1706 2736 1759 καὶ
2784 1707 2897 1775 οὐχ
2944 1705 3097 1772 ὑπὲρ
3137 1706 3243 1758 τοῦ
3270 1704 3487 1768 ἔθνους
3524 1706 3732 1770 μόνον,

2158 1798 2292 1851 ἀλλ’
2320 1799 2421 1851 ἵνα
2460 1797 2532 1851 τὰ
2572 1797 3022 1869 ἐσκορπισμένα
3078 1796 3225 1850 Θεοῦ
3272 1798 3535 1863 πρόϐατα
3585 1811 3735 1848 συν-

2158 1889 2349 1956 αγάγῃ
2392 1889 2479 1953 εἰς
2514 1888 2601 1942 ἕν.
2649 1888 2737 1941 Ἐν
2802 1886 2857 1941 δὲ
2889 1890 2955 1957 τῇ
3005 1885 3217 1956 Παλαιᾷ
3271 1885 3496 1946 ἄκοντῖς
3522 1900 3734 1955 προφηο

2157 1980 2405 2047 τεύουσι,
2440 1980 2669 2050 Βαλαὰμ
2693 1982 2721 2033 6
2758 1979 2971 2050 μάντις,
3005 1979 3099 2032 καὶ
3121 1979 3171 2032 οἱ
3206 1977 3604 2041 ἀποσταλέντες
3630 1976 3735 2029 ὑπὸ

2158 2071 2252 2127 τοῦ
2278 2072 2451 2125 Σαοὺλ
2498 2070 2593 2124 ἐπὶ
2626 2070 2718 2124 τὸν
2747 2069 2935 2137 Δαϐιδ,
2986 2069 3082 2125 καὶ
3110 2069 3272 2133 αὐτὸς
3301 2070 3329 2121 6
3374 2067 3547 2121 Σαοὺλ
3577 2068 3737 2121 ἐπελ-

2160 2164 2268 2219 Οὼν
2290 2164 2461 2236 αὐτῷ.

2158 2279 2412 2333 ΚΕΦΑΛ.
2442 2280 2566 2333 PB'.
2594 2311 2662 2321 —
2691 2278 2862 2348 Τίνες
2883 2279 3042 2335 εἰσιν
3064 2283 3119 2336 οἱ
3142 2280 3247 2336 τοῦ
3272 2280 3449 2335 Δαϐὶδ
3466 2281 3734 2336 δυνατοί.

2231 2398 2279 2445 α’
2322 2393 2551 2456 Ἰεσϐοὸς
2577 2393 2687 2465 (ll)
2728 2393 3012 2465 ,διεκόσμει
3062 2395 3163 2466 τὴν
3214 2393 3505 2466 διασκευὴν
3545 2392 3735 2449 αὐτοῦ.

2162 2482 2322 2556 Εἴχεν
2351 2486 2444 2539 ὑπ’
2475 2487 2637 2539 αὐτὸν
2666 2487 3034 2551 ἐννακοσίους.

2232 2576 2277 2648 βο
2318 2578 2558 2643 Ἀδινὼν,
2589 2579 2647 2643 ὃς
2677 2580 2787 2633 τῶν
2815 2580 3150 2651 τραυμάτων
3175 2579 3517 2650 ἐπεμελεῖτο.

2231 2668 2280 2739 γ’
2318 2671 2580 2742 Ἐλεάζαρ
2619 2672 2733 2735 υἱὸς
2757 2672 2988 2742 ἀδελφοῦ
3016 2672 3108 2726 τοῦ
3134 2672 3321 2727 Δαὸἱδ.

2231 2764 2273 2819 δ’
2297 2764 2514 2827 Σωσιὼς
2538 2766 2697 2835 μόνος
2722 2768 2834 2830 τοῖς
2868 2766 3151 2839 πολεμίοις
3173 2765 3483 2833 ἀνθίστατο,
3503 2764 3739 2818 κελεύων

2160 2859 2272 2920 τοῖς
2306 2858 2398 2909 ὑπ’
2428 2858 2589 2912 αὐτὸν
2622 2859 2903 2915 σκυλεύειν
2934 2860 3060 2924 τοὺς
3088 2860 3411 2923 πίπτοντας.

2234 2950 2274 3003 ε’
2299 2953 2475 3021 Σαμᾶ,
2504 2952 2559 3013 6;
2590 2953 2699 3005 τῶν
2734 2952 3007 3020 πολεμίων
3038 2952 3340 3007 διωκόντων
3368 2951 3462 3005 τὸν
3488 2949 3581 3004 τοῦ
3608 2948 3740 3004 λαοῦ

2165 3044 2415 3114 στρατὸν,
2443 3044 2637 3113 μόνους
2678 3044 2889 3119 [μόνος]
2926 3044 3240 3115 ἀπέστρεφε
3276 3043 3402 3106 τοὺς
3423 3040 3741 3107 διώκοντας.

2236 3140 2289 3199 ς’
2340 3134 2591 3201 Ἀϐεσσὰ,
2631 3134 2689 3198 ὃς
2723 3135 3025 3202 ἑξακοσίοις
3056 3137 3115 3190 ὲν
3151 3134 3372 3206 πολέμῳ
3419 3124 3740 3205 μόνος⁶ἁνοο

2087 3209 2129 3267 C
2168 3228 2372 3283 ίστατο.

2233 3320 2278 3383 ζ’
2309 3320 2565 3385 Βαναίας,
2607 3320 2790 3374 Ἐλιὰϐ
2826 3319 2940 3384 υἱὸς
2966 3320 3058 3374 τοῦ
3082 3319 3313 3389 ἀδελφοῦ
3343 3318 3527 3383 Δαόὶδ,
3560 3318 3618 3381 ὃς
3645 3317 3743 3371 καὶ

2161 3410 2286 3473 τοὺς
2320 3409 2415 3463 δύο
2448 3410 2790 3480 στρατηγοὺς
2819 3411 3018 3474 ἀνεῖλε,
3059 3410 3151 3464 καὶ
3188 3410 3406 3472 λέοντας
3426 3408 3741 3472 ἀπέκτεινε,

2162 3502 2256 3554 καὶ
2285 3500 2377 3553 τὸν
2402 3502 2701 3568 Αίγύπτιον
2727 3501 2895 3572 ἄνδρα
2923 3501 3146 3555 δυνατὸν
3177 3500 3307 3554 ὄντα
3331 3498 3555 3554 ὤλεσεν.

2234 3592 2287 3662 η’
2325 3592 2587 3663 Ἀσαῆλος
2628 3594 2921 3667 τριάκοντα
2951 3594 3244 3664 ἐφεστήκει
3282 3591 3561 3662 ἄρχουσιν.

2234 3683 2277 3737 0'
2316 3684 2593 3756 Ἐλεηνᾶν,
2646 3686 2704 3749 ὃς
2740 3682 2808 3759 ἦν
2838 3687 2931 3741 καὶ
2980 3686 3146 3752 αὐτὸς
3208 3685 3322 3750 υἱὸς
3369 3682 3597 3754 ἀδελφοῦ
3646 3683 3743 3742 τοῆ

2162 3773 2350 3828 Δαῦίδ.

2236 3872 2267 3917 ι’
2300 3865 2481 3936 Σεμὰν
2503 3865 2531 3918 6
2563 3866 2826 3932 Μυδαϊος.

2233 3956 2299 4010 ια’
2338 3958 2528 4028 ’Λλλῆς
2554 3960 2580 4012 6
2608 3959 2702 4012 τοῦ
2743 3958 2950 4029 Κελθῆ.

2234 4050 2299 4120 ιβ’
2344 4051 2534 4116 una;
2558 4053 2585 4105 6
2607 4052 2702 4105 τοῦ
2742 4052 2993 4107 Φελλαθί.

2231 4141 2301 4213 ιγ’
2346 4145 2518 4216 Ἱερᾶς
2557 4144 2672 4209 υἱὸς
2713 4145 2912 4199 Ἑσκὰθ
2939 4146 3274 4218 ὁΘεκοῖτης.

2233 4234 2294 4289 ιδ’
2336 4236 2559 4307 Ἀνεζάρ
2586 4240 2614 4291 ὁ
2658 4237 2973 4309 ’Λνωθίτηφ

2233 4326 2291 4379 ιε’
2338 4327 2540 4381 Ἐλαὼν
2572 4330 2601 4381 6
2625 4330 2865 4399 Λωῖτης.

2240 4418 2316 4483 ις’
2348 4420 2592 4489 Νοερίων
2614 4421 2644 4473 6
2675 4422 2933 4492 Φατίτης.

2232 4510 2299 4576 ιζ’
2346 4513 2566 4577 Ἀλλοὺς
2589 4513 2702 4577 υίὸς
2728 4515 2907 4583 Φαφά.

2233 4608 2302 4673 ιη’
2348 4601 2510 4657 Ἐναῦ
2532 4605 2560 4656 6
2594 4604 2962 4677 Νεφθαλίτης.

2233 4692 2297 4748 ιϐ’
2338 4694 2487 4760 Ἐζθὶ
2518 4696 2633 4760 υίὸς
2666 4697 2913 4770 Ῥεϐαέχ.

2230 4793 2280 4840 κ’
2314 4788 2515 4844 Σαόεὲο
2558 4790 2746 4862 Ἀδδαὴ
2774 4794 2803 4847 6
2828 4792 2935 4848 ἀπὸ
2968 4793 3211 4867 Γαασσῆ.

2233 4880 2315 4934 xa.’
2360 4882 2650 4937 Ἀϐιελὸὼν
2678 4885 2787 4939 ἀπὸ
2818 4887 2918 4957 τῆς
2946 4886 3217 4953 πεδιάδος.

2230 4972 2313 5043 κβ¹
2365 4973 2547 5027 ’Λὸδὰδ
2577 4976 2641 5029 ἐκ
2670 4975 2881 5047 Ναχὰλ.

2235 5062 2321 5132 κγ’
2360 5065 2602 5137 Ἰασῦιὴλ
2637 5066 2746 5121 ἀπὸ
2767 5069 2971 5141 Σαράο.

2233 5157 2312 5211 κδ’
2340 5158 2545 5214 Ματθί.

2234 5248 2309 5304 κε’
2355 5249 2513 5305 Ἰωᾶὁ
2551 5253 2911 5325 ’Λρσαμίτης.

2231 5342 2322 5409 κς¹
2363 5344 2542 5409 Ἐλίας
2574 5347 2601 5398 6
2636 5348 3019 5420 Σαλαϐονίτης.

2232 5436 2313 5502 κζ’
2356 5438 2615 5495 Ὶωνάθαν
2647 5443 2763 5505 υἱὸς
2804 5443 2988 5499 Ἀσάν.

2228 5530 2312 5603 κη’
2347 5532 2575 5603 Σωμνᾶν
2603 5532 2632 5584 6
2668 5535 3016 5607 ’Λρῤωδίτης.
