4032 6608
529 412 626 477 111

1990 410 2294 473 JOSEPPI

3697 400 3798 464 112

527 543 673 584 anno
695 526 844 598 regni
875 527 980 582 sui.
1015 525 1093 580 Ad
1125 523 1470 580 efﬁciendum
1500 537 1639 596 opus
1663 525 1952 581 conStituit
1977 541 2106 596 ope-

2217 524 2450 595 κοδομῆς
2483 523 2593 578 ἁπδ
2644 522 2909 594 τετάρτου
2953 520 3108 588 ἔτους
3137 521 3236 590 τῆς
3292 517 3569 590 βασιλείας
3602 518 3793 571 αὑτοῦ.

529 622 706 677 rarios
728 619 1067 690 septuaginta
1097 618 1286 682 millia,
1309 634 1373 673 ac
1397 617 1684 688 praefectos
1703 627 1786 673 ter
1812 617 1964 673 mille
1987 633 2113 672 sex-

531 724 742 779 centes,
779 714 1155 768 Arebitectum
1191 713 1358 768 totius
1383 712 1595 767 aedilicii
1624 713 1692 767 de
1715 711 1860 783 Tyro
1881 711 2114 766 accersit

529 807 760 861 Clteram
786 805 954 860 ﬁlium
986 805 1232 860 mulieris
1252 805 1430 860 viduae
1459 804 1526 860 de
1561 805 1708 859 tribu
1739 801 2108 874 Nepbthalim,

528 909 678 968 patre
704 896 890 969 Tyrio.
930 897 1236 953 Assistebat
1265 907 1445 953 autem
1471 898 1522 953 ei
1546 896 1709 951 etiam
1737 895 1862 968 Tyri
1895 911 2012 960 rex,
2044 895 2112 950 ad

528 991 958 1046 construendum
1002 989 1300 1060 templum,
1367 988 1589 1043 Chiram
1633 1002 1848 1058 nempe,
1912 1003 2113 1058 suppe-

526 1083 706 1137 ditans
733 1081 799 1136 de
834 1080 1042 1136 Libano
1070 1081 1215 1150 ligna
1247 1079 1470 1135 cedrina
1501 1087 1556 1132 et
1600 1078 1780 1149 pinea.
1825 1076 2112 1132 Submini-

527 1177 929 1233 strabatantem
955 1174 1214 1230 Salomon
1229 1173 1276 1228 ei
1295 1171 1590 1243 quotannis
1604 1179 1822 1241 propter
1837 1170 2114 1239 impensas

526 1269 850 1324 caedentium
879 1267 1021 1337 ligna
1043 1276 1096 1321 et
1127 1265 1512 1320 deducentium
1543 1279 1604 1318 ea
1640 1278 1814 1333 usque
1840 1263 1906 1317 ad
1941 1277 2110 1330 mare,

527 1364 690 1417 tritici
721 1377 880 1416 curos
906 1360 1030 1424 MM,
1056 1360 1159 1414 olei
1191 1359 1347 1413 batos
1372 1356 1498 1410 MM.
1543 1356 1770 1411 Miserat
1797 1370 2016 1424 quoque
2046 1355 2114 1409 de

528 1457 726 1526 pepulo
759 1453 1057 1508 Israelitico
1086 1453 1151 1507 ad
1197 1453 1461 1506 Libanum
1492 1449 1678 1504 decem
1713 1448 1880 1503 millia
1919 1463 2112 1518 opera-

525 1548 758 1609 riorum,
789 1547 880 1614 qui
915 1546 1211 1599 menstruis
1245 1543 1543 1599 intervallis
1578 1541 1956 1616 mutabantur,
1987 1541 2108 1610 qui-

527 1640 626 1694 bus
660 1648 889 1709 praeerat
920 1636 1244 1694 Adoniram.

595 1839 752 1895 CAP.
781 1837 917 1894 CVI.
940 1867 1010 1879 —
1041 1837 1357 1907 Cujusmodi
1383 1847 1498 1892 erat
1527 1837 1800 1907 (emplum,
1836 1837 1976 1906 quod
2009 1837 2112 1894 So-

1057 1910 1235 1963 lomon
1265 1908 1571 1978 terti/ienuit.

596 2026 769 2082 Media
808 2025 1008 2080 domus
1053 2033 1174 2079 erat
1220 2025 1504 2089 stadialis,
1553 2024 1972 2078 circnmamhita
2017 2040 2115 2094 per

525 2126 764 2187 quatuor
785 2116 976 2182 latera,
995 2131 1119 2186 qua:
1144 2116 1442 2170 vocabatur
1466 2115 1879 2182 Sanctuarium,
1904 2116 2114 2172 habens

525 2209 917 2279 longitudinem
979 2208 1295 2262 cubitorum
1351 2224 1440 2272 LV,
1504 2208 1846 2263 latitudinem
1907 2209 2114 2263 cubito-

524 2317 649 2357 rum
672 2318 766 2367 xx,
796 2310 850 2354 et
876 2301 1219 2356 altitudinem
1258 2302 1572 2355 cubitorum
1606 2318 1738 2368 xxx,
1771 2312 1826 2356 et
1854 2301 2113 2372 respicie-

527 2396 620 2448 bat
653 2395 718 2447 ad
766 2393 1035 2448 orientem
1069 2394 1263 2450 solem.
1307 2393 1552 2474 Habebat
1583 2395 1748 2450 etiam
1787 2397 2112 2452 vestibulum

526 2487 772 2556 ejusdem
789 2501 913 2542 cum
933 2486 1135 2555 templo
1147 2485 1470 2552 latitudinis,
1489 2489 1701 2543 cubito:
1725 2488 1934 2544 habens
1956 2499 2117 2556 ιιι,οι

529 2580 874 2636 altitudinem
896 2579 1102 2650 templo
1131 2579 1398 2650 aequalem
1423 2598 1437 2635 :
1465 2581 1687 2650 triginta
1715 2581 1864 2636 enim
1899 2580 2114 2636 cubito-

529 2687 650 2726 rum
670 2680 724 2726 et
744 2671 921 2742 ipsum
941 2670 1640 2740 erat,introducebatqnein
1656 2671 1868 2728 cubitos
1898 2671 2116 2743 xx,cir-

528 2765 1108 2835 cumfrequentabatur
1125 2779 1257 2819 vero
1274 2765 1456 2834 parvis
1472 2765 1973 2821 substructionibus
1986 2780 2115 2835 xxx,

530 2857 1128 2928 quinquecubitalibus,
1175 2857 1529 2928 :equilatcris,
1565 2873 1662 2928 per
1692 2857 1796 2912 tria
1849 2857 2115 2922 tabulata,

527 2967 647 3019 σιυιιι
675 2950 778 3006 tria
809 2951 1053 3006 tabulata
1085 2950 1491 3006 extollebantur
1531 2949 1601 3004 ad
1634 2966 1704 3005 xx
1753 2951 1987 3005 cubitos.
2024 2947 2118 3004 liae

524 3041 871 3100 domuncula:
927 3056 1036 3095 xxx
1087 3039 1361 3094 habebant
1405 3053 1668 3094 ascensus
1732 3039 1987 3092 occultos
2020 3051 2118 3106 per

526 3150 725 3206 parvas
777 3142 966 3202 portas
1011 3132 1278 3190 ducentes
1344 3129 1412 3188 ad
1474 3129 1736 3186 tabulata.
1787 3128 1961 3184 Porro
2013 3127 2115 3183 ha-

2220 617 2314 681 Είς
2340 617 2395 670 δὲ
2418 616 2519 689 τὴν
2544 617 2806 688 ἐργασίαν
2829 615 3170 687 παρέστησεν
3194 600 3428 684 ἐργάτας
3452 613 3798 682 ἑπτακισμυ-

2221 710 2401 780 ρίους,
2454 707 2753 770 ἐπιστάτας
2813 706 3144 778 τρισχιλίους
3217 705 3573 769 ἐξακοσίους’
3637 704 3798 773 ἀρχι-

2219 801 2448 855 τέκτονα
2488 801 2546 856 δὲ
2572 801 2670 871 τῆς
2714 799 2843 870 ὅλης
2871 799 3135 870 ἐργασίας
3161 797 3273 854 ἀπὸ
3315 796 3494 867 Τύρου
3530 795 3799 866 λαμϐάνει

2219 893 2310 946 τὸν
2344 893 2550 964 Χηρᾶμ
2571 892 2686 946 υἱὸν
2707 893 2967 961 γυναικὸς
2996 892 3172 962 χήρας
3198 890 3308 944 ἀπὸ
3339 889 3508 958 φυλῆς
3534 886 3798 956 Νεφθαλῆ

2221 985 2428 1058 πατρὸς
2452 985 2675 1056 Τυρίου.
2705 985 2985 1054 Συνηρᾶτο
3008 983 3062 1036 δὲ
3089 981 3238 1050 αὐτῷ
3272 983 3366 1034 καὶ
3391 981 3420 1033 ὁ
3439 980 3616 1051 Τύρου
3646 978 3800 1049 βασι-

2220 1077 2368 1141 λεὺς,
2403 1078 2481 1141 είς
2511 1079 2609 1147 τὴν
2642 1075 2770 1131 ναοῦ
2791 1073 3102 1145 οἰκοδομὴν,
3124 1075 3152 1128 6
3184 1072 3394 1142 Χιρὰμ,
3420 1071 3554 1136 ξύλα
3574 1070 3796 1141 κέδρινα

2222 1169 2320 1223 καὶ
2349 1168 2583 1224 πεύκινα
2611 1168 2786 1231 διδοὺς
2816 1167 2925 1221 ἀπὸ
2950 1167 3046 1220 τοῦ
3075 1165 3332 1220 Λιϐάνου.
3374 1155 3657 1234 Ἐχορήγει
3688 1161 3746 1214 δὲ
3771 1161 3801 1213 ὁ

2221 1261 2481 1333 Σαλομῶν
2524 1260 2673 1332 αὐτῷ
2726 1261 2850 1313 κατ’
2886 1258 3134 1312 ἐνιαυτὸν
3179 1259 3260 1320 είς
3305 1255 3642 1323 ἀναλώματα
3689 1253 3803 1306 τῶν

2220 1357 2534 1410 κοπτόντων
2576 1355 2646 1408 τὰ
2675 1353 2827 1419 ξύλα,
2873 1353 2967 1406 καὶ
3011 1350 3362 1417 καταγόντων
3390 1349 3532 1402 αὐτὰ
3567 1348 3673 1408 ἓως
3697 1347 3795 1401 θα-

2219 1448 2449 1517 λάσσης,
2481 1448 2630 1499 σίτου
2669 1445 2866 1515 κόρους
2898 1442 2964 1515 β’,
2995 1444 3174 1498 ἐλαίου
3215 1443 3408 1515 βάτους
3443 1440 3485 1511 β’
3506 1458 3520 1472 ·
3565 1440 3662 1492 καὶ
3689 1440 3797 1494 ἀπο

2221 1540 2470 1595 ἐστελλεν
2514 1540 2578 1593 ὲκ
2607 1537 2700 1592 τοῦ
2721 1537 2852 1591 λαοῦ
2890 1535 3285 1607 Ἰσραηλιτικοῦ
3313 1536 3394 1597 είς
3421 1533 3514 1587 τὸν
3562 1531 3796 1586 Λίϐανον

2222 1634 2452 1704 μυρίους
2485 1631 2722 1702 ἐργάτας
2752 1629 2894 1683 κατὰ
2925 1629 3069 1699 μῆνα
3102 1625 3562 1696 ἀλλασσομένους,
3590 1622 3687 1676 καὶ
3715 1617 3792 1674 εἶ-

2221 1743 2312 1797 χον
2345 1725 2574 1796 ἔξαρχον
2596 1715 2746 1776 οὗτοι
2765 1722 2856 1776 τὸν
2899 1720 3256 1792 ’Δδωνειράμο

2223 1841 2472 1895 ΚΕΦΑΛ.
2507 1837 2731 1906 Ρίῖ’.-
2752 1835 2981 1902 Ὁποῖος
3011 1832 3091 1907 ἦν
3133 1837 3166 1890 ὀ
3202 1833 3370 1901 ναὸς,
3404 1834 3477 1888 ὃν
3509 1832 3799 1904 Σαλομῶν

2813 1908 3184 1977 ᾠκοδόμησε.

2286 2025 2466 2088 Μέσος
2523 2021 2672 2087 οίκος
2711 2020 2778 2094 ἦν
2832 2021 3127 2084 σταδιαῖος.
3179 2022 3322 2076 κατὰ
3371 2022 3472 2084 τὰς
3521 2018 3797 2088 τέσσαρας

2217 2116 2458 2188 πλευρὰς
2475 2115 2963 2187 περιϐεϐλημένος,
2982 2113 3257 2182 ’Λγίασμα
3280 2112 3632 2180 καλούμενος.
3655 2110 3797 2180 ἔχων

2219 2209 2393 2279 μῆκος
2424 2209 2629 2278 πήχεις
2654 2206 2717 2272 ξ’,
2754 2207 2958 2270 πλᾶτος
3010 2209 3208 2277 πήχεις
3237 2212 3308 2269 κ’,
3339 2204 3471 2275 ὕψος
3507 2206 3703 2275 πήχεις
3729 2202 3798 2264 λ’,

2219 2303 2354 2373 πρὸς
2384 2301 2440 2355 δὲ
2477 2300 2744 2364 ἀνατολὰς
2790 2299 3122 2355 ἀπέϐλεπεν.
3156 2295 3284 2370 Εἶχε
3329 2299 3386 2353 δὲ
3430 2298 3527 2352 καὶ
3561 2299 3799 2368 πρόναον

2220 2395 2504 2448 ίσὸπλατον
2524 2393 2602 2466 τῷ
2629 2394 2764 2466 ναῷ,
2795 2397 2991 2466 πήχεις
3010 2393 3150 2465 ἔχων
3181 2394 3252 2459 κ’,
3284 2393 3380 2448 καὶ
3410 2393 3542 2464 ῦψος
3575 2393 3688 2449 (om
3715 2393 3801 2463 τῷ

2218 2488 2366 2559 ναῷ·
2404 2489 2704 2560 τριάκοντα
2749 2485 2859 2559 γὰρ
2889 2486 3082 2559 πηχῶν
3123 2482 3192 2558 ἦν
3225 2486 3524 2552 καὶτοῦτο,
3559 2487 3802 2554 είσάγων

2219 2580 2312 2634 ἐπὶ
2346 2582 2541 2652 πήχεις
2574 2578 2642 2646 κ’,
2680 2580 3016 2651 περιοίκειτο
3075 2578 3452 2651 [περιῳκεῖτο]
3510 2579 3568 2632 δὲ
3623 2580 3799 2642 οἴκοις

2220 2671 2446 2744 βραχέσι
2497 2671 2563 2736 λ’,
2623 2674 3035 2743 πενταπήχεσι-ιο
3093 2671 3465 2743 ίσοπλεύροις,
3523 2671 3616 2725 ἐπὶ
3668 2671 3801 2741 τρία

2221 2765 2410 2834 στέγη,
2467 2766 2548 2828 είς
2601 2763 2650 2818 κ’
2700 2765 2898 2836 πήχεις
2944 2764 3054 2822 τῶν
3113 2763 3282 2836 τριῶν
3330 2765 3540 2834 στεγῶν
3589 2765 3800 2819 τούτων

2217 2857 2494 2929 ἡρμένων.
2537 2848 2667 2923 Τοῖς
2693 2857 2750 2910 δὲ
2794 2857 3062 2921 οἱκίσκοις
3097 2856 3307 2921 τούτοις
3349 2860 3464 2922 τοῖς
3513 2857 3557 2912 λ’
3619 2858 3801 2915 ἄνοδοι

2219 2949 2605 3020 κεκρυμμέναι
2648 2949 2966 3020 γεγένηντο,
2997 2949 3086 3003 διὰ
3127 2950 3341 3022 μικρῶν
3381 2951 3561 3024 θυρῶν
3603 2952 3696 3005 ἐπὶ
3729 2953 3802 3006 τὰ

2221 3041 2388 3112 στέγη
2431 3040 2752 3109 ἀνάγουσαι.
2790 3041 2850 3095 Οἱ
2882 3040 2939 3094 δὲ
2976 3039 3086 3094 τῶν
3119 3040 3379 3095 οίκίσκων
3423 3041 3628 3097 τούτων
3657 3044 3799 3097 δέκα

2219 3131 2415 3202 πήχεις
2437 3131 2752 3204 ὑπέρτεροι,
2776 3133 3070 3206 ἀνειμένην
3098 3135 3361 3206 παρεῖχον
3395 3133 3473 3205 τῷ
3495 3133 3591 3187 τοῦ
3609 3134 3800 3203 ’Δγιά-

524 3243 644 3284 rum
669 3225 1128 3283 domuncularum
1175 3224 1365 3278 decem
1405 3222 1576 3277 cnbiti
1607 3221 1926 3292 superiores
1976 3221 2109 3277 libe-

2219 3239 2423 3293 σματος
2449 3224 2584 3295 οἴκῳ
2604 3224 2702 3295 τὴν
2727 3224 2836 3278 τῶν
2863 3225 3058 3296 φώτων
3086 3227 3268 3299 βολήν.
3309 3227 3442 3281 Ἀπὸ
3467 3227 3524 3281 δὲ
3550 3228 3657 3282 τῶν
3710 3229 3801 3296 ἐξ·

525 3334 645 3372 rnm
685 3316 1002 3388 praebebant
1042 3314 1230 3370 domui
1271 3314 1570 3370 sanctuarii
1613 3315 1752 3370 lucis
1795 3314 2102 3370 introitum.

527 3413 603 3466 Ex
650 3411 935 3481 sexaginta
981 3425 1111 3465 vero
1160 3409 1360 3464 cubitis
1423 3409 1645 3480 templi,
1711 3408 1998 3464 interiores
2033 3423 2106 3464 ιιι

525 3505 792 3560 cedebant
826 3502 1030 3557 Sancto
1065 3512 1404 3565 sanctorum,
1444 3503 1534 3562 alii
1578 3512 1762 3559 autem
1797 3519 1866 3558 ιιι.
1901 3503 2107 3557 extimo

529 3601 734 3654 Sancto
781 3597 1066 3654 cedebant.
1117 3595 1292 3650 l’ortze
1327 3595 1510 3666 templi
1562 3605 1720 3651 erant
1764 3597 1819 3651 in
1862 3595 2106 3652 latitudi-

529 3705 651 3746 Item
694 3705 758 3742 xx
790 3689 1123 3754 cubitorum.
1162 3687 1391 3743 interius
1423 3697 1478 3742 et
1515 3688 1758 3743 exterius
1800 3703 1894 3756 per
1933 3693 2104 3743 totum

529 3798 667 3839 auro
715 3783 987 3837 obducue.
1048 3779 1240 3837 Velnm
1285 3790 1402 3838 erat
1458 3781 1567 3838 illis
1634 3793 1974 3851 appensum,
2039 3795 2104 3835 ex

533 3878 698 3947 bysso
737 3883 793 3929 et
847 3873 1140 3946 hyacintho
1185 3881 1240 3928 et
1295 3888 1539 3944 purpura
1592 3882 1648 3932 et
1697 3876 1924 3929 coccino
1970 3888 2105 3928 con-

529 3978 758 4024 textum.
810 3967 940 4022 Erat
982 3975 1164 4024 autem
1204 3966 1466 4037 templum
1511 3966 1853 4032 universum,
1896 3975 1950 4021 et
1982 3981 2106 4036 qum

528 4063 583 4118 in
631 4061 752 4132 ipso
795 4061 1217 4118 continebantur
1246 4059 1429 4114 omnia
1480 4059 1711 4115 interius
1757 4073 1824 4115 ac
1865 4059 2104 4115 exterius

524 4169 622 4225 per
652 4160 827 4208 totum
870 4166 1003 4206 auro
1031 4151 1462 4208 circumvestita.
1514 4150 1697 4223 Ipsum
1731 4152 2104 4222 pavimentum

527 4254 780 4300 stratum
804 4254 923 4299 erat
956 4244 1226 4301 crassiore
1253 4259 1411 4308 auro,
1444 4253 1497 4300 et
1529 4244 1671 4299 muri
1706 4243 1962 4316 insculpti
1988 4243 2104 4314 palo

522 4337 628 4394 mis
667 4349 830 4408 atque
876 4338 1172 4394 Cberubim
1218 4339 1528 4411 tornatique
1578 4339 1878 4393 univcrsim
1924 4343 2102 4394 erant.

522 4430 638 4486 lloc
670 4431 837 4502 igitur
871 4430 1035 4486 modo
1064 4431 1390 4485 aediﬁcatum
1429 4440 1513 4484 est
1545 4429 1829 4499 templum.
1854 4428 2105 4485 Circum-

522 4522 760 4593 positum
797 4529 914 4575 erat
943 4521 1172 4576 ambitui
1209 4521 1390 4591 templi
1433 4531 1887 4577 coronatnentum
1917 4538 2104 4580 assur-

2213 3313 2416 3385 ήκοντα
2434 3314 2626 3385 πηχῶν
2639 3313 2733 3368 τοῦ
2755 3315 2909 3382 ναοῦ,
2926 3318 2973 3370 οί
2994 3316 3253 3372 ἐσὼτατοι
3272 3318 3383 3388 (i3)
3406 3317 3484 3389 τῷ
3498 3318 3664 3390 Ἀγίῳ
3684 3319 3798 3374 τῶν

2214 3405 2385 3476 ἁγίων
2410 3406 2684 3478 διῄρηντο,
2708 3409 2756 3462 οἱ
2784 3408 2840 3462 δὲ
2864 3409 3014 3464 ἄλλοι
3044 3407 3117 3480 μ’,
3148 3411 3226 3481 τῷ
3257 3408 3512 3481 ὲξωτάτῳ
3535 3413 3676 3481 ἁγίῳ
3704 3429 3801 3464 κε-

2213 3499 2516 3570 κλήρωντο.
2551 3501 2617 3553 Δί
2647 3501 2702 3554 δὲ
2733 3500 2893 3572 θύραι
2933 3501 3028 3556 τοῦ
3083 3502 3214 3558 ναοῦ
3266 3503 3404 3574 πρὸς
3430 3504 3491 3557 τὸ
3535 3500 3694 3573 εὖρος
3746 3503 3801 3557 κ’

2214 3592 2408 3664 πηχῶν
2433 3593 2750 3666 γεγένηντο,
2786 3594 2991 3650 ἔσωθεν
3023 3596 3119 3652 καὶ
3161 3596 3359 3662 ἔξωθεν
3389 3597 3560 3651 διόλου
3590 3615 3798 3670 κεχρυ-

2216 3685 2482 3754 σωμέναι.
2529 3687 2948 3760 Καταπέτασμα
2998 3689 3057 3743 δὲ
3097 3685 3166 3759 ἦν
3204 3691 3264 3743 τὸ
3293 3689 3382 3743 ἐπ’
3422 3689 3613 3755 αὐταῖς
3657 3691 3800 3744 καθ-

2213 3777 2512 3849 ηλωμένον,
2541 3781 2606 3833 ὲκ
2631 3780 2830 3851 βύσσου
2859 3783 2952 3834 καὶ
2978 3781 3236 3836 ὑακίνθου
3261 3783 3357 3838 καὶ
3388 3783 3674 3856 πορφύρας
3699 3786 3801 3841 καὶ

2213 3871 2468 3925 κοκκίνου
2506 3873 2840 3944 ὑφασμένον.
2885 3875 2995 3929 Καὶ
3020 3871 3088 3947 ἦν
3118 3875 3264 3940 ἄπας
3293 3876 3320 3928 δ
3360 3876 3486 3942 ναὸς
3516 3879 3610 3931 καὶ
3637 3876 3706 3931 τὰ
3737 3881 3800 3933 ὲν

2212 3964 2359 4036 αὐτῷ
2384 3965 2562 4020 πάντα
2593 3967 2798 4022 ἔσωθεν
2840 3967 2936 4022 καὶ
2963 3967 3165 4034 ἔξωθεν
3189 3969 3366 4024 διόλου
3401 3969 3588 4042 χρυσῷ
3619 3987 3798 4024 κατα-

2213 4058 2596 4129 πεπλασμένα.
2630 4061 2740 4114 Καὶ
2783 4060 2845 4114 τὸ
2874 4061 3070 4132 ἔδαφος
3115 4062 3174 4118 δὲ
3227 4063 3418 4135 χρυσῷ
3459 4065 3628 4134 παχεῖ
3662 4081 3799 4118 κατ-

2213 4147 2475 4218 έστρωτο,
2535 4150 2591 4203 οῖ
2632 4168 2692 4204 τε
2744 4153 2915 4223 τοῖχοι
2960 4153 3202 4222 φοίνικος
3262 4153 3506 4226 [φοίνιξι]
3557 4155 3651 4208 καὶ
3689 4157 3799 4208 Xs-

2213 4240 2414 4312 ρουϐὶμ
2464 4241 2932 4314 ἐγγεγλυμμένοις
2973 4245 3068 4299 καὶ
3111 4245 3558 4318 τετορνευμένοις
3613 4245 3796 4302 διόλου

2211 4333 2495 4391 διέκειντο.
2533 4333 2692 4389 Οὕτω
2749 4337 2932 4390 τοίνυν
2978 4339 3008 4391 ὁ
3049 4338 3178 4402 ναὸς
3229 4338 3659 4395 κατεσκεύαστο.
3695 4341 3799 4396 Πε-

2215 4426 2454 4496 ριέκειτο
2485 4426 2544 4483 δὲ
2597 4427 2782 4501 κύκλῳ
2829 4429 2927 4484 τοῦ
2960 4429 3090 4485 ναοῦ
3134 4431 3339 4502 γείσιον
3371 4430 3483 4504 (14)
3519 4435 3598 4499 εἰς
3641 4437 3798 4504 τρεῖς

2213 4518 2409 4588 πήχεις
2449 4519 2731 4575 ἀνατεῖνον
2761 4521 2872 4594 (15)
2905 4523 2964 4578 τὸ
2996 4523 3154 4594 ὕψος,
3195 4519 3378 4597 εἶργον
3407 4526 3463 4580 δὲ
3495 4528 3622 4593 τοὺς
3663 4530 3798 4581 πολ-

523 4628 656 4680 gens
679 4613 733 4667 in
757 4613 1101 4667 altitudinem
1138 4614 1300 4668 trium
1337 4614 1676 4679 cubitorum,
1714 4615 1860 4685 quod
1886 4617 2107 4671 arcebat

2217 4607 2338 4673 λοὺς
2384 4612 2464 4677 εἰς
2497 4611 2558 4666 τὸ
2587 4613 2731 4686 ἱερὸν
2781 4616 3011 4681 είσόδον,
3049 4617 3232 4690 μόνοις
3261 4618 3318 4676 δὲ
3361 4619 3645 4692 ἀνειμένον
3675 4623 3797 4687 τοῖς

525 4702 718 4772 vulgus
760 4703 830 4757 ab
874 4702 1101 4758 introitu
1146 4703 1200 4757 in
1232 4702 1557 4770 sacrarium,
1590 4702 1832 4776 solisque
1876 4704 2104 4775 pennis-

523 4808 645 4850 sum
681 4804 801 4850 erat
829 4795 1228 4852 sacerdotibus.

523 4906 678 4965 CAP.
722 4907 882 4966 CVII.
923 4937 995 4953 ——
1033 4911 1295 4978 Quaenam
1352 4929 1510 4968 sacra
1557 4914 1786 4983 reposita
1843 4926 1995 4972 erant
2047 4917 2100 4971 in

1107 4984 1418 5037 sanctuario
1448 4983 1514 5040 “.

591 5090 652 5149 In
685 5103 872 5151 sancta
904 5096 1124 5166 quidem
1162 5098 1276 5153 aede
1313 5099 1734 5169 viginticubitali
1777 5110 1832 5157 et
1871 5102 2098 5173 aequila-

528 5196 681 5255 tera,
743 5199 862 5245 erat
913 5194 1094 5260 Area,
1151 5208 1316 5264 quam
1379 5192 1591 5264 Moyses
1657 5196 1890 5260 fecerat,
1953 5197 2103 5251 intus

523 5283 717 5352 posita,
764 5297 793 5337 a
831 5283 1126 5340 Cherubim
1157 5295 1316 5353 tecta,
1357 5283 1476 5356 quia:
1509 5299 1666 5342 erant
1703 5288 1815 5343 duo
1857 5288 1971 5342 alas
2009 5289 2102 5342 ha-

527 5377 704 5433 bentia
731 5377 1275 5448 quinqueeubitales,
1309 5390 1362 5434 et
1391 5395 1455 5435 cx
1490 5389 1720 5452 utraque
1752 5389 1904 5451 parte
1946 5383 2102 5438 Area:

524 5470 799 5526 astabant.
832 5469 898 5526 Et
933 5486 1037 5526 una
1068 5470 1288 5542 quidem
1348 5472 1435 5527 ala
1479 5473 1545 5528 ad
1594 5473 1856 5544 parietem
1887 5475 2099 5545 pertin-

603 5645 648 5681 ’⁵⁸
671 5646 738 5703 ill
773 5650 905 5720 Reg.
935 5666 1062 5718 vin;
1093 5650 1133 5704 Il
1167 5650 1344 5706 Paral.
1381 5667 1432 5706 v.

598 5800 711 5875 (ίό)
743 5801 899 5875 ριξρει
940 5802 1008 5859 κ’.
1033 5799 1215 5875 errore
1244 5805 1630 5875 typographico

595 5873 707 5942 (Η)
738 5872 834 5926 Ms.
877 5878 946 5944 γῆ
981 5874 1138 5928 Σών.

2215 4702 2440 4776 ἱερεῦσι.

2213 4924 2464 4981 ΚΕΦΑΛ.
2499 4925 2838 5008 Prw-Uva
2856 4927 3038 5008 ﬁr_zd
3063 4933 3134 5008 ἐκ
3155 4933 3235 5000 τῷ
3273 4935 3614 5008 Ἅγιάσιιατι
3633 4939 3799 4996 ἀνα-

2650 5003 2894 5071 κείμενα
2923 5004 3298 5075 ἀφιερώματα
3339 5003 3350 5006 ⁷
3381 5076 3390 5082 _

2279 5108 2374 5174 Είς
2411 5109 2512 5180 μὲν
2540 5111 2631 5166 τὸν
2664 5113 2820 5181 ἅγιον
2848 5110 3016 5179 οἷκον,
3045 5117 3136 5172 τὸν
3161 5120 3538 5193 είκοσάπηχυν
3560 5124 3657 5178 καὶ
3683 5125 3798 5180 lod-

2207 5202 2462 5274 πλευρον,
2493 5207 2527 5276 ὴ
2572 5207 2823 5273 κιϐωτὸς,
2878 5213 2944 5280 ἥν
2989 5214 3229 5284 Μωῦσῆς
3270 5218 3586 5287 ἐποιήσατο,
3637 5219 3798 5273 ἔνδον

2207 5293 2552 5360 ἀνατεθεῖσα,
2603 5297 2708 5351 ὑπὸ
2767 5300 2876 5354 τῶν
2915 5303 3199 5374 Χερουϐὶμ
3246 5309 3582 5381 σκεπομένη,
3623 5309 3796 5363 ἅτινα

2207 5382 2347 5458 ἦσαν
2370 5388 2465 5441 δύο
2491 5390 2766 5461 πτέρυγας
2795 5393 2986 5464 ἔχοντα
3007 5400 3402 5470 πενταπήχεις,
3433 5401 3492 5466 ἐξ
3521 5403 3797 5474 έκατέρου

2207 5479 2304 5550 τῆς
2327 5481 2560 5535 κιϐωτοῦ
2598 5488 2945 5555 παρεστῶτα.
2975 5491 3086 5546 Καὶ
3122 5492 3217 5564 μία
3253 5494 3352 5565 μὲν
3393 5494 3602 5566 πτέρυξ
3649 5497 3797 5568 πρὸς

2271 5812 2316 5883 (Ι
2331 5812 2381 5885 5)
2409 5811 2504 5868 Ms.
2538 5814 2856 5872 ἀνατείνων.
