4050 6608
231 454 336 524 113

1401 464 1778 530 LIBELLUS
1816 468 2319 537 MEMORIALIS.

3403 480 3501 546 111

227 577 320 633 τὸν
349 577 532 648 τοῖχον
582 575 825 644 ἐξέτατο,
878 577 977 650 μία
1007 578 1064 633 δὲ
1095 581 1234 652 πρὸς
1267 581 1368 655 τὴν
1415 583 1668 654 κιῦωτδν,
1716 589 1812 641 καὶ

1919 592 2096 662 gebat,
2123 594 2294 651 altera
2328 608 2457 651 vero
2483 594 2549 651 ad
2575 594 2772 662 Arcam
2802 623 2818 653 :
2849 617 2907 661 at
2937 597 3246 672 conjuncta:
3268 602 3500 660 lnvlcem

229 671 636 741 συναπτόμεναι
672 673 729 727 δὲ
756 674 999 740 ἑαυταῖς,
1026 674 1080 729 αί
1115 674 1214 730 δύο
1253 677 1526 748 πτέρυγες
1575 679 1812 737 ἔσκεπον

227 765 326 834 τὴν
356 765 620 830 κιϐωτὸν,
653 765 790 837 προς
823 767 1093 833 ἀνατολὰς
1138 770 1462 841 βλέπουσαν.
1492 775 1655 846 Kuh)
1691 791 1812 829 στε-

229 858 372 928 φάνη
398 857 456 911 δὲ
495 857 676 912 ἔκειτο
713 861 778 930 τῇ
813 860 1057 930 κιϐωτῷ,
1085 863 1165 926 είς
1193 863 1260 932 ἣν
1285 864 1530 935 Motae-'7}:
1573 865 1813 938 ἔμφασιν

227 951 327 1021 τῆς
355 950 454 1004 τοῦ
483 949 620 1004 Θεοῦ
655 953 932 1022 σημασίας
960 955 1252 1026 ἐνέγραψε,
1287 957 1348 1010 τὸ
1376 959 1811 1032 τετρὰγραμμον

226 1041 282 1098 δὲ
305 1040 373 1114 ἦν
404 1043 583 1116 τούτῳ
612 1044 730 1117 (16)
751 1044 944 1117 όνομα,
987 1047 1230 1122 ἄρρητον
1261 1049 1398 1122 (17),
1441 1052 1542 1106 οὐκ
1565 1052 1812 1107 ἀλλοιου-

229 1137 389 1206 μένη,
415 1133 553 1192 ἀλλὰ
576 1153 642 1207 γε
684 1140 765 1203 εἰς
793 1141 882 1194 ἀεὶ
905 1141 1266 1212 διαμένουσα.
1310 1143 1622 1200 Ἐπέκειντο
1657 1146 1715 1201 δὲ
1753 1149 1810 1203 αι

225 1231 475 1302 δίπτυχοι
507 1231 717 1296 πλάκες
761 1233 822 1286 έν
849 1237 915 1307 τῇ
957 1235 1200 1306 κιϐωτῷ,
1227 1237 1286 1290 ἐν
1324 1229 1414 1302 αἷς
1441 1239 1471 1292 ό
1505 1239 1811 1312 οεόγραφος

227 1323 605 1396 ἐνεγέγραπτο
659 1323 974 1396 δεκάλογος,
1009 1328 1076 1394 ἃς
1121 1330 1360 1402 Μωῦσῆς
1400 1331 1620 1398 ἐδέξατο
1661 1335 1813 1406 παρὰ

225 1417 319 1471 τοῦ
351 1418 488 1472 θεοῦ
519 1419 581 1474 ὲν
608 1420 688 1492 τῷ
715 1420 846 1492 Σινᾷ
873 1421 1014 1493 ὄρει,
1044 1422 1138 1476 τὸν
1173 1421 1305 1478 λαὸν
1346 1425 1677 1496 νομοθετῶν.
1722 1427 1812 1482 Ἐν

225 1509 281 1562 δὲ
307 1509 387 1580 τῷ
421 1509 591 1581 Ἀγίῳ
613 1512 722 1566 τῶν
744 1513 920 1582 ἁγίων
939 1515 1112 1586 τούτῳ
1132 1517 1266 1587 οἴκῳ
1293 1513 1498 1588 μόνοςό
1519 1519 1812 1593 ἀρχιερεὺς

226 1599 377 1670 ἅπαξ
414 1603 510 1657 τοῦ
557 1604 807 1660 ἐνιαυτοῦ
837 1605 1032 1679 εἰσῄει.
1075 1609 1163 1662 Ἐν
1206 1607 1264 1663 δὲ
1299 1608 1376 1682 τῷ
1403 1611 1545 1684 ἁγίῳ
1581 1611 1660 1685 τῷ
1687 1631 1812 1668 τεσ-

226 1700 734 1770 σαρακονταπήχει,
757 1699 839 1772 τῷ
858 1701 966 1773 πρὸ
992 1701 1208 1768 τούτου,
1233 1705 1417 1760 στύλοι
1434 1705 1652 1778 χάλκεοι
1669 1727 1812 1780 παρ-

226 1791 789 1864 ειστήκεισαν,ίῦψος
813 1797 1033 1867 πηχέων
1075 1805 1168 1870 ιη’,
1212 1799 1547 1873 περιμέτρου
1592 1805 1812 1876 πηχέων

226 1877 317 1954 ιβ’,
357 1883 566 1956 πάχους
611 1889 1040 1960 κεχωνευμένων
1089 1890 1373 1948 δακτύλων
1414 1893 1458 1947 δ’
1506 1893 1645 1964 (18).
1697 1893 1812 1967 Ἐφ’

230 1976 440 2048 ἑκαστῃ
473 1977 531 2031 δὲ
569 1979 782 2052 κεφαλῇ
816 1982 928 2035 τῶν
966 1984 1182 2050 κιόνων,
1219 1983 1406 2058 κρίνον
1440 1987 1691 2042 ἐπέκειτο
1724 1989 1814 2043 ἐπὶ

229 2068 390 2121 πέντε
411 2071 611 2141 πήχεις
644 2073 1017 2146 ἐγηγερμένον
1040 2077 1175 2149 (19),
1195 2079 1289 2132 καὶ
1310 2077 1485 2152 τούτῳ
1506 2081 1816 2153 περιέκειτο

225 2160 448 2216 δίκτυον
487 2163 741 2234 χάλκεον,
783 2168 878 2237 ἀφ’
913 2163 976 2224 οὗ
1025 2169 1120 2224 καὶ
1158 2174 1282 2243 ῥοαὶ
1327 2173 1598 2228 διακόσιοι
1625 2171 1812 2247 ἀπήρ-

227 2272 412 2325 τηντο.
459 2257 737 2314 Ἐκαλεῖτο
762 2261 818 2314 δὲ
845 2264 874 2316 ό
901 2264 1001 2333 μὲν
1025 2265 1088 2318 ὲκ
1113 2263 1304 2330 δεξιῶν
1332 2269 1486 2331 κίων,
1519 2267 1813 2338 Ἰὃρυσις,

226 2348 255 2402 ὁ
284 2348 342 2402 δὲ
366 2351 424 2417 ἐξ
458 2350 778 2425 εὐωνύμων,
814 2356 1096 2426 Δύναμις.
1132 2357 1290 2413 Κατὰ
1329 2360 1386 2414 δὲ
1421 2360 1482 2415 τὸ
1515 2360 1686 2429 δεξιὸν
1719 2364 1810 2435 μέ-

230 2459 323 2512 ρος
353 2444 659 2513 εἰσιόντων,
686 2446 889 2520 λουτὴρ
925 2445 994 2522 ἦν
1030 2451 1336 2522 ίδρυμένος,
1366 2457 1651 2524 χωνευτδς,
1684 2458 1814 2528 χάλ-

229 2550 381 2604 κεος,
421 2538 718 2595 Θάλασσα
746 2541 835 2596 διὰ
861 2541 926 2596 τὸ
969 2543 1203 2614 μέγεθος
1243 2547 1601 2619 καλούμενος,
1628 2549 1816 2621 διάμε-

229 2647 359 2700 τρος
387 2632 581 2703 πηχῶν
605 2633 758 2698 δέκα,
787 2635 846 2688 έν
875 2635 934 2690 δὲ
958 2637 1145 2709 κύκλῳ
1169 2639 1462 2710 τριάκοντα
1489 2641 1688 2714 πήχεσι
1721 2643 1816 2698 καὶ

229 2721 311 2776 ἑνὶ
343 2725 736 2794 μετρούμενος,
765 2728 932 2799 πάχει
963 2731 1326 2804 παλαιστιαίῳ
1364 2735 1815 2806 πεπαχυμμένος,

231 2816 431 2886 βάτους
457 2819 748 2892 δεχόμενος
793 2821 988 2888 ὓδατος
1025 2826 1379 2897 τρισχιλίους.
1417 2828 1514 2892 Εἰς
1552 2825 1742 2884 τοῦτον
1767 2832 1816 2884 ol.

231 2907 397 2978 ἱερεῖς
421 2911 685 2978 εἰσιόντες
715 2913 1079 2986 λειτουργεῖν,
1099 2919 1199 2982 τὰς
1222 2922 1412 2991 χεῖρας
1433 2919 1814 2989 ἀπενίπτοντο,

231 3001 327 3055 καὶ
354 3005 484 3068 τοὺς
509 3005 677 3071 πόδας
707 3009 1125 3082 ἀπερραίνοντο.
1165 3011 1447 3081 Ἐπέκειτο
1477 3014 1534 3068 δὲ
1563 3017 1590 3069 ό
1615 3015 1818 3088 λουτὴρ

233 3092 324 3146 επὶ
368 3096 602 3169 σπείρας
624 3100 922 3172 πηχυαίας,
964 3104 1120 3159 ἐννέα
1154 3106 1350 3177 πήχεις
1375 3107 1486 3179 (20)
1523 3109 1818 3181 διάμετρον

232 3186 486 3259 ἐχούσης,
525 3189 619 3245 καὶ
643 3193 834 3263 μόσχοι
857 3193 1066 3250 δώδεκα
1089 3196 1159 3251 τὰ
1181 3197 1356 3253 ὀπίσω
1378 3199 1513 3271 πρὸς
1540 3199 1640 3270 τὴν
1669 3201 1821 3255 σπεί-

1912 679 2033 740 dua:
2061 686 2161 741 alte
2183 686 2504 757 operiebant
2533 683 2751 756 Arcam,
2785 706 2907 762 quat
2933 692 3000 748 ad
3020 695 3288 752 orientem
3325 697 3501 768 respi-

1912 776 2111 835 ciebat.
2156 776 2289 835 Erat
2327 781 2480 838 Area:
2507 777 2711 838 corolla
2751 786 3021 854 ambiens,
3058 787 3113 844 in
3151 804 3259 860 qua
3285 789 3500 863 Moyses

1912 871 2150 941 speciem
2195 874 2611 945 signiticativam
2665 876 2756 933 Dei
2813 879 3215 951 inscripserat;
3269 891 3392 939 erat
3443 883 3496 938 id

1913 970 2079 1033 perro
2119 977 2316 1020 nomen
2363 966 2825 1035 quadrilitterum,
2874 971 3185 1042 inell‘abile;
3241 973 3500 1030 immobi-

1915 1053 1982 1110 lis
2009 1066 2127 1110 erat
2168 1052 2260 1112 illa
2301 1059 2546 1125 corolla,
2587 1074 2914 1135 semperque
2948 1061 3024 1118 illi
3057 1063 3365 1125 adhaerens.
3411 1069 3502 1121 ln-

1913 1153 2073 1202 serta
2093 1158 2249 1205 erant
2268 1149 2422 1205 Area:
2444 1149 2563 1206 dna:
2598 1149 2703 1206 illae
2732 1153 2952 1218 tabulae,
2980 1153 3034 1209 in
3060 1156 3259 1226 quibus
3299 1157 3502 1214 descri-

1915 1239 2052 1308 ptus!
2089 1248 2208 1295 erat
2263 1241 2560 1314 Decalogus
2602 1261 2767 1299 manu
2812 1245 2906 1300 Dei
2935 1255 3223 1314 exaratus,
3255 1263 3503 1320 quasque

1916 1327 2130 1401 Ilnyses
2172 1346 2205 1387 a
2245 1330 2357 1387 Deo
2395 1345 2676 1404 receperat
2722 1337 2774 1391 in
2815 1337 2946 1394 Sina
2999 1349 3185 1394 monte
3223 1338 3354 1396 dum
3405 1357 3504 1410 po-

1917 1424 2042 1492 pulo
2072 1423 2237 1480 ferret
2256 1425 2422 1496 leges.
2460 1427 2516 1482 lu
2546 1428 2686 1485 hanc
2709 1430 2965 1486 Sanctam
2989 1443 3304 1490 sanctorum
3330 1436 3500 1490 aedem

1914 1512 2062 1570 solus
2100 1515 2344 1584 pontifex
2391 1520 2560 1574 semel
2605 1525 2904 1591 quotannis
2951 1524 3383 1595 ingrediebatur.
3440 1527 3500 1582 ln

1915 1605 2119 1665 Sancto
2144 1618 2326 1665 autem
2366 1612 2979 1683 quadragintacubitali,
3021 1619 3163 1688 quod
3193 1617 3321 1675 huic
3346 1629 3501 1674 ante-

1914 1703 2112 1767 stabat,
2141 1704 2412 1760 columna:
2444 1721 2600 1762 terea:
2621 1706 2808 1764 fusiles
2831 1719 3024 1764 erecta'.
3055 1710 3291 1778 fuerant,
3318 1712 3503 1768 altitu-

1915 1794 2042 1851 dine
2073 1795 2382 1851 cubitorum
2413 1813 2572 1863 xvut,
2613 1799 2820 1853 ambitu
2855 1799 3168 1858 cubitorum
3209 1819 3308 1868 xu,
3350 1819 3503 1859 cras-

1917 1890 2041 1948 sitie
2063 1900 2303 1962 quatuor
2331 1899 2745 1962 compactorum
2774 1893 3094 1966 digitorum.
3123 1895 3292 1954 Porro
3318 1897 3370 1951 in
3396 1897 3504 1952 sin-

1919 1981 2060 2052 gulis
2101 1981 2373 2053 capitcllis
2421 1983 2807 2040 columnarum
2851 1987 3174 2044 imminebat
3214 1988 3387 2044 lilium
3434 1985 3501 2044 ad

1915 2075 2160 2146 quinque
2183 2075 2402 2134 cubitos
2430 2092 2734 2149 emergens,
2772 2078 2860 2135 cui
2887 2080 3342 2151 circumpositum
3383 2089 3504 2137 erat

1916 2169 2203 2225 reticulum
2243 2185 2478 2240 aeneum,
2510 2187 2540 2226 a
2572 2188 2683 2242 quo
2718 2189 2985 2244 suspensa
3015 2182 3174 2229 erant
3199 2176 3364 2229 ctiam
3395 2175 3499 2229 du-

1915 2268 2075 2318 centa
2103 2264 2500 2334 malogranata.
2519 2265 2784 2321 Columna
2808 2283 2929 2337 quae
2949 2267 3294 2322 dextrorsum
3324 2267 3500 2338 posita

1914 2360 2054 2417 crat,
2088 2353 2391 2408 vocabatur
2418 2354 2700 2419 Firmitas,
2729 2365 2784 2411 et
2810 2373 2931 2426 quae
2960 2357 3366 2420 sinistrorsum,
3402 2373 3501 2412 au-

1917 2444 2100 2500 diebat
2123 2444 2388 2501 Potentia.
2417 2447 2496 2503 Ad
2526 2447 2804 2504 dexteram
2832 2457 3041 2520 partem
3068 2449 3495 2519 ingredentium,

1917 2539 2156 2606 positum
2191 2551 2310 2596 erat
2348 2541 2560 2596 labrqu
2591 2540 2770 2606 fusile,
2803 2557 3029 2607 aereum,
3060 2542 3131 2596 ob
3167 2541 3500 2613 magnitudi-

1918 2644 2042 2684 nem
2075 2630 2220 2686 Μαι-ε
2253 2634 2605 2702 appellatum,
2635 2635 2904 2690 diametro
2937 2632 3252 2691 cubitorum
3285 2636 3496 2701 decem,

1916 2731 1973 2778 ct
2013 2723 2222 2779 ambitu
2280 2727 2707 2783 mensurabatur
2755 2729 2957 2783 cubitis
2998 2745 3109 2783 uno
3150 2738 3203 2783 et
3237 2729 3498 2800 triginta,

1918 2831 2165 2874 crassum
2221 2820 2473 2878 crassitie
2533 2824 2800 2893 palmari.
2852 2825 3009 2880 batos
3062 2823 3288 2892 capiens
3345 2840 3501 2894 aqua:

1921 2919 2002 2965 ter
2043 2911 2314 2968 milleuos.
2346 2911 2402 2968 In
2436 2912 2567 2969 illud
2605 2917 2918 2974 sacerdotes
2958 2917 3050 2988 qtti
3084 2933 3301 2972 sacrum
3340 2917 3501 2971 mini-

1920 3003 2144 3058 sterium
2183 3004 2371 3061 inituri
2413 3017 2591 3073 erant,
2647 3024 2842 3065 manus
2885 3009 3171 3075 lavabant,
3225 3025 3291 3065 ac
3338 3011 3502 3082 pedes

1920 3097 2234 3154 abluebant.
2285 3099 2601 3169 impositum
2649 3113 2767 3158 erat
2809 3103 3020 3159 labrum
3065 3105 3184 3161 orbi
3236 3105 3497 3169 cubitali,

1920 3188 2188 3245 diametro
2230 3191 2543 3247 cubitorum
2586 3193 2864 3265 quinque,
2907 3195 3308 3265 duodecimque
3346 3195 3498 3249 vituli

236 3296 334 3349 ραν
376 3279 621 3352 ἔχοντες,
656 3284 724 3340 τὰ
758 3287 814 3340 δὲ
845 3288 1116 3359 πρόσωπα
1152 3291 1288 3361 πρὸς
1328 3289 1397 3345 τὰ
1431 3293 1672 3365 τέσσαρα
1700 3294 1816 3346 κλί-

1923 3293 2069 3354 terga
2097 3299 2289 3339 versus
2315 3283 2503 3340 orbem
2539 3285 2822 3352 habentes,
2862 3287 3102 3343 faciebus
3124 3303 3249 3344 vero
3270 3287 3337 3342 ad
3367 3301 3500 3357 qna-

237 3387 380 3440 ματα
419 3373 735 3444 βλέποντες,
773 3379 942 3450 τριῶν
975 3381 1193 3451 μόσχων
1228 3383 1372 3435 κατὰ
1402 3383 1645 3454 πλευρὰν
1670 3384 1818 3458 ἱδρυ-

238 3465 442 3536 μένων,
472 3469 526 3522 οἳ
546 3468 626 3540 τῷ
654 3470 748 3524 τοῦ
776 3471 1038 3545 λουτῆρος
1072 3475 1367 3531 ὑπέκειντο
1397 3475 1604 3550 κύκλῳ.

307 3672 418 3725 Καὶ
453 3671 606 3727 ἄλλοι
636 3673 767 3729 δέκα
795 3674 1079 3747 λουτῆρες,
1129 3677 1290 3732 πέντε
1351 3679 1450 3750 μὲν
1499 3679 1564 3733 ὲκ
1607 3680 1817 3749 δεξιῶν,

242 3763 397 3818 πέντε
427 3764 485 3819 δὲ
545 3766 606 3832 ἐξ
637 3767 933 3839 εὐωνύμων
968 3770 1292 3842 καθίδρυντο
1313 3812 1327 3836 ,
1367 3772 1552 3844 βάσεις
1606 3774 1820 3845 χαλκᾶς

237 3857 616 3927 τετραγώνους
669 3860 980 3931 ὑπέχοντες,
1026 3865 1231 3935 μήκους
1263 3865 1325 3931 ε’,
1383 3867 1591 3932 πλᾶτος
1625 3870 1822 3940 πήχεις

238 3947 300 4013 δ’,
350 3949 486 4021 ὕψος
525 3952 724 4024 πήχεις
757 3952 831 4019 ς’.
879 3956 1118 4028 Ἐκάστῃ
1150 3956 1206 4010 δὲ
1263 3956 1414 4028 βάσει
1460 3958 1503 4013 δ’
1555 3959 1822 4013 κιονίσκοι

241 4041 380 4095 κατὰ
403 4042 607 4111 γωνίαν
628 4044 859 4108 ἑστῶτες
882 4046 1256 4117 προσέκειντο,
1283 4047 1368 4116 ἐφ’
1392 4039 1468 4101 ὧν
1494 4049 1542 4102 οἱ
1563 4048 1824 4121 λουτῆρες

241 4135 522 4189 ἐπέκειντο
552 4137 719 4206 ὗψους
744 4140 936 4209 πήχεις
967 4140 1009 4193 δ’
1031 4183 1044 4204 ,
1101 4139 1407 4210 χωροῦντες
1437 4142 1540 4195 ἀνὰ
1587 4143 1717 4213 χοὰς
1747 4141 1822 4214 μ’⁶

239 4227 559 4299 διεστήκασι
609 4230 666 4284 δὲ
705 4229 802 4286 ἀπ’
858 4232 1102 4303 ἀλλήλων
1133 4233 1400 4305 τέσσαρσι
1434 4235 1656 4304 πήχεσι.
1715 4236 1826 4290 Καὶ

240 4322 423 4389 χεῖρες
450 4321 503 4374 δὲ
521 4318 658 4394 ἦσαν
684 4323 909 4394 χαλκαῖ,
947 4323 1082 4394 πρὸς
1113 4325 1205 4378 τὸν
1240 4324 1601 4394 ὑποκείμενον
1627 4325 1826 4379 κύκλον

240 4415 582 4483 ἐρεισμέναι,
609 4414 776 4485 ὕψους
799 4415 989 4487 πηχῶν
1037 4422 1090 4478 ι’,
1121 4409 1197 4469 ὧν
1230 4418 1277 4469 οί
1313 4409 1455 4487 ὦμοι
1478 4417 1605 4481 τοὺς
1633 4415 1828 4488 λουτῆ-

1923 3386 2042 3430 tuor
2065 3377 2252 3432 mundi
2283 3378 2538 3434 cardines
2565 3379 2939 3450 respicientes,
2967 3379 3282 3436 constitutis
3308 3395 3500 3449 nempe
3574 3425 3578 3432 .

1918 3466 2096 3523 tribus
2140 3467 2194 3522 in
2242 3467 2487 3540 quolibet
2522 3469 2689 3527 latere
2718 3471 2926 3540 vitulis,
2957 3470 3111 3528 labro
3147 3473 3406 3527 suberant
3446 3471 3500 3526 in

1921 3573 2075 3628 gyro.

1994 3671 2189 3728 Decem
2223 3674 2326 3728 alia
2365 3674 2538 3744 labra,
2562 3677 2908 3734 dextrorsum
2940 3679 3204 3750 quinque,
3246 3688 3302 3734 ct
3333 3679 3497 3749 quiu-

1922 3781 2029 3837 qne
2063 3765 2463 3832 sinistrorsum,
2493 3772 2789 3826 constituta
2819 3781 2996 3837 erant,
3026 3771 3276 3827 habentia
3306 3773 3411 3827 sub
3439 3788 3499 3828 se

1924 3856 2082 3912 bases
2132 3874 2303 3914 cereas
2354 3859 2782 3930 quadrilateras,
2817 3860 3158 3930 longitudine
3185 3861 3500 3916 cubitorum

1927 3963 1978 4014 v,
2005 3947 2288 4004 latitudine
2317 3950 2625 4006 cubitorum
2675 3967 2750 4014 tv,
2784 3961 2840 4007 et
2869 3952 3159 4008 altitudine
3192 3953 3502 4010 cubitorum

1926 4054 2000 4093 Vl.
2052 4037 2296 4108 Singulis
2336 4039 2559 4096 basibus
2604 4057 2733 4097 vero
2773 4058 2824 4095 tv
2873 4043 3176 4098 columellae
3215 4046 3282 4098 ad
3329 4060 3505 4115 angn-

1929 4131 2037 4184 lutu
2070 4142 2264 4186 ονρςιςυ
2299 4124 2702 4203 ititpeudebant,
2726 4134 2929 4203 quibus
2953 4134 3209 4204 imposita
3247 4145 3404 4190 erant
3429 4138 3505 4191 la-

1929 4223 2045 4286 bra,
2089 4225 2374 4280 altitudine
2438 4225 2750 4280 cubitorum
2817 4241 2890 4288 tv,
2943 4227 3211 4296 Capicntia
3277 4244 3504 4297 quaeque

1928 4317 2096 4372 cboas
2127 4333 2225 4383 xc;
2257 4319 2533 4396 distabant
2555 4333 2687 4372 vero
2719 4318 2949 4373 invicem
2991 4318 3205 4374 cubitos
3245 4329 3504 4389 quatuor.

1931 4409 2096 4465 Erant
2120 4410 2282 4465 etiam
2320 4411 2606 4466 manubria
2632 4425 2779 4466 wnca
2811 4411 3054 4482 subjecto
3085 4409 3292 4466 circulo
3322 4411 3507 4472 inlixa.

242 4524 354 4577 ρας
375 4508 664 4579 ὑπέφερον.
701 4509 930 4573 Λέοντες
954 4508 1013 4562 δὲ
1063 4510 1158 4562 καὶ
1207 4510 1398 4581 μόσχοι
1432 4510 1527 4564 κα)⁸
1551 4511 1701 4564 ἀετοὶ
1733 4511 1816 4565 κα)

1931 4503 2214 4560 altitudine
2233 4505 2542 4560 cubitorum
2579 4522 2632 4572 κ,
2663 4519 2902 4576 quorum
2931 4504 3229 4560 crassiores
3255 4504 3509 4559 extremi-

242 4600 485 4668 φοίνικες
508 4603 634 4666 περὶ
658 4602 782 4665 τοὺς
815 4601 1148 4665 κιονίσκους,
1199 4603 1338 4655 κατὰ
1369 4603 1468 4673 τὴν
1501 4602 1610 4656 τῶν
1631 4605 1816 4658 τεσσά‹

1933 4607 2069 4655 tates
2101 4597 2249 4652 labra
2307 4597 2669 4654 sustinebant.
2720 4594 2951 4652 Stabant
2998 4605 3179 4650 autem
3221 4596 3404 4650 leones
3457 4605 3511 4650 et

247 4711 360 4764 ρων
389 4694 574 4766 πηχῶν
605 4694 885 4748 διάστασιν
938 4694 1307 4764 είστήκεισαν.
1351 4694 1534 4749 Ταῦτα
1554 4695 1610 4748 δὲ
1649 4695 1816 4750 πάντα

1935 4689 2083 4744 vituli
2115 4689 2386 4760 ctaquiltc
2422 4696 2476 4744 et
2503 4688 2693 4758 palma:
2741 4686 2888 4742 circa
2920 4686 3242 4742 columellas
3298 4685 3366 4741 ad
3427 4686 3510 4740 itt-

249 4786 343 4838 ἐπὶ
371 4789 648 4858 τεσσάρων
677 4787 890 4856 τροχῶν
916 4787 1264 4860 αἰωρούμενα
1298 4788 1601 4843 ἐπέκειντο.
1656 4792 1720 4844 Οἱ
1765 4791 1816 4845 δὲ

1923 4781 2206 4840 tervallum
2255 4789 2491 4851 quatuor
2548 4780 2882 4835 cubitorum.
2931 4777 3057 4834 lltnc
3106 4778 3291 4832 omnia
3332 4791 3512 4846 'porro

249 4877 510 4948 λουτῆρες
538 4872 706 4944 οὗτοι,
738 4881 818 4943 είς
864 4879 924 4932 τὸ
956 4879 1244 4952 καθαίρειν
1283 4881 1351 4934 τὰ
1383 4873 1672 4946 ἐντὸςτῶν
1704 4884 1816 4937 ὁλο-

1925 4891 2089 4947 snper
2116 4882 2352 4945 quatuor
2377 4873 2511 4929 rotis
2544 4873 2838 4928 eminentia
2872 4875 3045 4941 posita
3078 4881 3255 4926 erant.
3286 4870 3513 4926 lauet-cs

251 4973 634 5041 καυτουμένων
699 4973 878 5040 ζώων,
939 4975 1033 5028 καὶ
1095 4975 1222 5039 τοὺς
1281 4975 1449 5039 πόδας
1506 4975 1816 5030 ἀπονίπτειν

1928 4970 2018 5024 isti
2049 4967 2330 5023 constituti
2361 4976 2518 5022 erant
2561 4968 2626 5020 ad
2663 4966 2942 5036 purganda
2991 4965 3244 5022 intestina
3298 4965 3511 5019 anima-

251 5063 593 5136 προύκειντο.
638 5067 726 5120 Ἐν
751 5067 807 5120 δὲ
832 5067 1008 5138 τούτῳ
1040 5068 1120 5138 τῷ
1148 5068 1282 5139 οἴκῳ
1317 5069 1409 5122 καὶ
1441 5067 1816 5141 θυσιαστήριον

1927 5061 2060 5118 lium
2083 5061 2657 5125 sacrilicandorum,ct
2683 5060 2748 5114 ad
2781 5059 3084 5114 abluendos
3114 5059 3298 5129 pedes.
3325 5060 3381 5112 in
3413 5060 3514 5112 hac

249 5156 430 5224 ἵδρυτο
450 5160 698 5228 χάλκεον,
751 5161 927 5232 μῆκος
987 5162 1180 5231 πηχῶν
1220 5159 1291 5229 κ’,
1344 5162 1476 5233 lupo;
1538 5163 1731 5234 πηχῶν
1769 5162 1823 5230 ι’,

251 5251 390 5320 πρὸς
422 5254 518 5317 τὰς
555 5252 972 5316 ὁλοκαυτώσεις.
1031 5255 1140 5307 Καὶ
1171 5253 1238 5307 τὰ
1277 5252 1448 5325 σκεύη
1475 5254 1530 5307 δὲ
1561 5255 1727 5308 αὐτοῦ
1760 5251 1828 5327 ἦν

251 5345 475 5415 χάλκεα.
506 5347 963 5418 Ποδιστῆρες“καὶ
996 5349 1382 5419 ἀναληπτῆρες
1414 5346 1548 5419 (21),
1581 5349 1676 5401 καὶ
1699 5349 1831 5420 τρά-

1927 5157 2043 5210 ωάο
2074 5155 2239 5211 etiam
2267 5164 2506 5209 erectum
2536 5162 2652 5208 erat
2699 5154 2869 5208 altare
2907 5168 3142 5216 teneum,
3173 5153 3513 5222 longitudine

1929 5249 2237 5305 cubitorum
2265 5264 2356 5310 xx,
2389 5245 2676 5301 altitudine
2699 5245 3012 5301 cubitorum
3036 5260 3090 5311 ι,
3119 5259 3217 5314 pro
3245 5244 3510 5296 holocau-

1932 5341 2051 5398 stis.
2087 5340 2218 5411 Ejns
2250 5339 2506 5394 utensilia
2541 5354 2687 5394 amca
2720 5348 2898 5393 erant.
2927 5335 3062 5393 Olla:
3113 5349 3165 5392 et
3200 5335 3510 5397 fuscinnlae,

252 5437 398 5503 πεζα
418 5439 470 5491 δὲ
501 5443 702 5510 χρυσῆ,
727 5441 811 5510 ἐφ’
838 5435 904 5510 ἧς
922 5439 971 5492 οἱ
992 5443 1090 5512 τῆς
1114 5440 1426 5511 προθέσεως
1453 5441 1606 5510 ἄρτοι
1624 5440 1816 5494 δώδεκα

1933 5441 1988 5489 et
2018 5448 2205 5488 mensa
2238 5446 2427 5495 aurea,
2460 5430 2512 5484 itt
2544 5446 2648 5501 qua
2685 5431 2843 5502 positi
2869 5441 3028 5486 erant
3059 5428 3342 5484 duodecim
3382 5443 3510 5495 pro-

253 5529 554 5597 ὲπέκειντο,
593 5532 687 5585 καὶ
713 5531 928 5603 λυχνία,
987 5531 1020 5602 ἡ
1064 5532 1189 5596 τοὺς
1225 5529 1365 5584 ἑπτὰ
1414 5529 1644 5602 λύχνους
1692 5530 1816 5584 κατε

1937 5528 2222 5600 positionis
2281 5541 2472 5596 panes.
2531 5533 2583 5580 et
2638 5525 3046 5582 candelabrum.
3101 5519 3246 5592 quod
3308 5526 3512 5588 septem

333 5711 442 5778 (16)
476 5711 634 5767 Forte
664 5711 845 5774 τοῦτο,
881 5727 1069 5782 errore
1098 5711 1507 5782 lypugraphit'o.

333 5784 443 5853 (l7)
475 5783 675 5853 Nempe
705 5792 824 5843 mn"!
858 5781 1218 5848 Jchovalt,ab
1261 5782 1500 5837 essentia
1525 5791 1579 5838 et
1614 5781 1832 5836 aeterni-

260 5864 376 5909 tate
409 5857 572 5910 licunt
613 5857 992 5908 denominans.

335 5926 445 5998 (18)
479 5927 701 5997 liepone
725 5925 881 5981 δακτ.
906 5923 969 5980 δ’.
1004 5924 1423 5997 κεχωνευμένοι.

2017 5710 2127 5779 (19)
2160 5707 2257 5763 Ms.
2291 5709 2764 5779 ἐγγεγραμμένον.
2794 5709 2926 5763 Vide
2956 5705 3180 5779 Joseph.
3217 5721 3342 5779 \‘lll,
3365 5707 3420 5761 5.

2011 5776 2126 5850 (20)
2156 5781 2291 5833 Ἕνα
2321 5776 2630 5850 πῆχυ’ν,ἰιι
2661 5778 2930 5848 .losephus
2973 5780 3093 5832 loco
3131 5776 3298 5850 citato
3332 5776 3510 5832 habet.

2011 5848 2122 5922 (2i)
2151 5851 2194 5922 ll
2225 5848 2505 5912 l‘aral."tv,
2538 5850 2623 5912 l6,
2657 5849 3110 5920 ἀναλημπτῆρας.
3146 5848 3230 5902 ΑΙ.
3264 5848 3510 5919 ἀναλήμο

1938 5919 2122 5994 τοραςζ
2157 5919 2308 5993 Vulg.
2347 5922 2532 5978 lebetes
2559 5931 2607 5976 et
2631 5938 2900 5994 creagt’as.
