4032 6620
521 436 626 520 115

2039 447 2074 509 Ι
2079 445 2348 508 OSEPPI

3677 437 3780 503 116

510 567 725 640 lychnis
745 566 898 638 juxta
925 563 1126 638 Moysis
1156 561 1552 620 ordinationem
1573 563 1832 636 fulgebat,
1854 577 2082 620 aureum

2227 564 2288 636 ὴν
2317 563 2598 626 Μωῦσέως
2627 560 2872 627 διάταξιν
2905 555 3404 629 ἀπαστράπτουσα,
3459 557 3640 628 χρυσῆ
3680 557 3782 610 καὶ

511 663 568 715 ct
601 659 804 729 ipsum.
840 656 1024 712 Altare
1067 655 1194 712 item
1243 669 1471 710 aureum
1514 655 1754 710 medium
1801 655 1943 712 inter
1975 655 2090 712 haec

511 751 696 806 omnia
735 749 1088 806 constitutum
1109 756 1246 803 erat.
1265 746 1396 803 Alia:
1419 763 1636 819 quoque
1659 763 1861 805 mensa:
1889 763 2089 814 aurem,

511 845 569 899 ct
594 835 920 899 candelabra
947 839 1097 898 varia
1129 841 1278 898 varie
1296 840 1594 908 elaborata,
1615 855 1781 912 parva
1809 855 1874 898 ac
1891 840 2092 897 diversi

512 935 748 1009 generis,
781 936 834 991 in
863 935 1064 1008 quibus
1085 935 1426 1005 ponebantur
1457 949 1612 992 sacra
1637 933 1912 1001 utensilia,
1931 933 2091 1006 phia-

511 1026 578 1086 Ize
609 1039 664 1086 et
689 1041 908 1102 paterae.
941 1029 1067 1086 Hazc
1103 1027 1286 1084 omnia
1321 1027 1557 1083 habebat
1589 1027 1733 1083 mdes
1761 1043 1830 1083 ιι.
1877 1026 2094 1083 cubito-

513 1133 637 1178 rum
673 1122 898 1186 Sancta.
925 1132 1051 1178 ante
1105 1121 1285 1176 velum
1324 1119 1470 1194 adyti
1532 1118 1720 1175 Sancti
1754 1128 2096 1188 sanctorum,

516 1216 609 1271 ubi
630 1215 847 1286 jacebat
881 1215 1042 1269 Area.

514 1329 666 1386 CAP.
695 1328 874 1386 CVIII.
903 1359 972 1372 —
1022 1329 1281 1395 Quantam
1319 1335 1471 1381 erant
1516 1327 1766 1381 utensilia
1813 1325 2096 1381 elaborata

585 1411 635 1455 et
659 1401 904 1455 dedicata
930 1417 962 1453 α
991 1398 1275 1454 Salomone
1299 1399 1352 1452 in
1386 1398 1740 1452 ministerium
1768 1413 2005 1451 sacrum.

592 1572 732 1628 Vasa
766 1568 1053 1628 iundendis
1085 1567 1226 1629 vinis
1277 1587 1442 1628 aurea
1472 1571 1748 1643 octoginta
1777 1566 1974 1637 millia,
2006 1585 2098 1625 ar-

517 1675 708 1740 gentea
754 1681 883 1722 vero
931 1662 1098 1737 duplo
1147 1673 1305 1721 erant
1361 1679 1612 1720 numero.
1662 1662 1869 1719 Phiala:
1923 1677 2101 1718 aureae

518 1767 736 1815 centum
763 1759 967 1826 millia;
1001 1768 1272 1830 argenteae
1314 1768 1440 1813 vero
1463 1757 1632 1827 duplo
1669 1769 1923 1813 numero.
1957 1751 2101 1810 Lan-

520 1851 694 1910 cesin
753 1851 955 1922 quibus
1002 1859 1276 1922 oporteret
1297 1848 1480 1906 oiierri
1511 1841 1748 1905 similam
1798 1841 2100 1919 irrigatam,

2193 657 2356 726 αὐτή.
2416 655 2526 710 Καὶ
2575 653 2760 725 βωμὸς
2788 652 3024 725 χρύσεος
3080 651 3246 722 μέσος
3285 649 3493 704 τούτων
3553 649 3781 702 πάντων

2194 750 2397 821 ἵδρυτο.
2442 748 2552 804 Καὶ
2579 747 2738 803 άλλαι
2772 746 2832 800 δὲ
2865 744 3143 817 τράπεζαι
3173 745 3392 814 χρυσαῖ,
3434 741 3530 795 καὶ
3559 740 3782 811 λυχνίαι

2195 841 2438 898 ποικίλαι
2470 842 2734 905 ποικίλως
2755 838 3139 911 εἰργασμέναι,
3170 836 3368 907 μικραὶ
3386 836 3482 889 καὶ
3507 834 3784 904 διάφοροι.

2207 935 2298 992 Ἐν
2331 930 2417 999 αἷς
2441 931 2722 990 ἐπετίθετο
2749 931 2818 986 τὰ
2853 930 2976 1002 ἱερά
3009 929 3202 1000 σκεύη,
3235 927 3426 998 φιάλαι
3471 926 3572 982 καὶ
3616 942 3785 979 σπον-

2195 1028 2305 1085 δία.
2369 1026 2560 1082 Ταῦτα
2613 1026 2794 1080 πάντα
2851 999 3000 1094 εἶχεν
3045 1023 3074 1076 ὁ
3123 999 3233 1075 τῶν
3285 1017 3339 1090 μ’
3395 1019 3587 1090 πηχῶν
3633 999 3810 1080 οἶκος·1

2199 1124 2414 1191 Ἀγιος,
2452 1120 2560 1192 πρὸ
2595 1119 2688 1174 τοῦ
2742 1116 3242 1184 καταπετάσματος
3293 1112 3389 1167 τοῦ
3439 1112 3638 1165 ἀδύτου
3688 1109 3784 1164 τοῦ

2213 1215 2398 1283 ’Λγίου
2425 1213 2534 1268 τῶν
2561 1210 2754 1282 ἁγίων,
2784 1212 2842 1264 έν
2860 1201 2905 1278 ᾧ
2933 1210 2966 1280 ή
3000 1206 3249 1271 Κιὸωτὺς
3273 1206 3547 1260 ἀνέκειτο.

2199 1329 2453 1382 ΚΕΦΛΛ.
2476 1325 2606 1381 PH'.
2630 1353 2700 1364 —
2737 1324 2878 1378 Τίνα
2898 1319 2975 1392 ἦν
2997 1321 3070 1374 τὰ
3092 1314 3666 1392 καταρκευαοςθέγτα
3685 1312 3790 1366 καί

2269 1398 2636 1454 ἀνατεθέντα
2696 1394 2814 1450 ὑπὸ
2873 1387 2980 1448 τοῦ
3014 1387 3375 1460 Σαλομῶνος
3428 1388 3514 1453 είς
3554 1387 3788 1454 ἱερουρ-

2270 1471 2411 1540 γίαν
2440 1467 2742 1535 κειμήλια.

2275 1580 2527 1652 Οἰνοχοαὶ
2549 1577 2970 1650 ὀκτακισμύριοι
2991 1575 3209 1648 χρυσαῖ,
3237 1573 3481 1644 ἀργυραῖ
3502 1569 3560 1624 δὲ
3588 1567 3786 1622 διπλα-

2206 1676 2400 1739 σίονες.
2432 1672 2666 1737 Φιαλῶν,
2700 1671 2978 1744 μυριάδων
3025 1668 3159 1723 δέκα
3201 1668 3422 1740 χρυσαῖ,
3455 1665 3697 1736 ἀργυραῖ
3731 1663 3789 1715 δὲ

2201 1767 2562 1831 διπλασίονες.
2607 1765 2840 1828 Πίνακες
2884 1764 2965 1828 είς
3009 1761 3072 1816 τὸ
3117 1759 3452 1832 προσφέρειν
3481 1758 3541 1813 ὲν
3595 1757 3790 1818 αὑταῖς

2206 1861 2484 1933 σεμίδαλιν
2505 1857 2883 1929 πεφυρμένην,
2903 1855 3097 1927 χρυσοῖ
3139 1851 3581 1923 ὀκτακισμύριοι,
3613 1850 3792 1920 ἀργυ-

522 1942 938 2015 αιιτεαιῳιίᾱεηι
979 1941 1254 2014 octoginta
1283 1942 1475 2004 millia,
1529 1950 1798 2012 argenteae
1847 1955 1976 1996 vero
1998 1937 2098 1992 du-

2227 1957 2301 2008 ιαῖ
2332 1953 2389 2008 δὲ
2433 1950 2798 2014 διπλασίονες.
2853 1949 3048 2018 Μέτρα
3090 1946 3147 2000 δὲ
3197 1945 3251 1998 iv
3298 1943 3396 1998 καὶ
3438 1941 3667 2012 άσσαρὶ,
3714 1939 3793 2002 ὡς

522 2034 614 2106 pio
638 2049 888 2089 numero.
922 2027 1190 2089 Mensura:
1213 2042 1393 2089 autem
1421 2030 1523 2086 Iiin
1552 2040 1606 2087 et
1624 2029 1839 2095 Assari,
1868 2038 1928 2085 ut
1955 2027 2102 2100 Moy-

522 2135 610 2185 ses
641 2128 906 2195 ediderat,
936 2143 1116 2183 aureae
1139 2127 1356 2200 quidem
1386 2125 1572 2182 decem
1603 2121 1796 2188 millia,
1821 2131 1876 2180 et
1909 2137 2104 2194 argen-

524 2227 626 2277 teae
657 2219 826 2293 duplo
853 2217 1416 2277 numero.'l'huribula
1439 2234 1604 2276 aurea
1621 2215 1815 2290 viginti
1844 2214 2033 2281 millia,
2051 2227 2106 2270 ct

523 2313 629 2370 alia
668 2308 988 2384 ignitabula,
1040 2314 1328 2388 inquibus
1387 2314 1531 2385 ignis
1571 2311 1638 2369 de
1696 2327 1898 2386 magno
1947 2309 2105 2366 altari

528 2407 854 2478 ponebatur,
880 2407 1274 2480 quinquaginta
1313 2407 1506 2463 millia.

526 2522 680 2580 CAP.
716 2521 853 2579 CIX.
889 2552 957 2564 -—
987 2522 1241 2588 Quaenam
1272 2532 1424 2577 erant
1459 2529 1647 2583 vestes,
1689 2537 1822 2590 quas
1855 2519 2102 2590 sacerdo-

598 2593 737 2648 tibus
765 2601 814 2648 et
847 2592 1041 2648 Levitis
1087 2593 1156 2648 ad
1181 2609 1335 2648 sacra
1362 2591 1601 2648 obeunda
1627 2589 1923 2646 ministeria
1945 2589 2108 2645 Salo-

600 2679 721 2718 mon
748 2674 1050 2733 paraverat.

602 2779 766 2834 Stolae
794 2793 962 2835 sacra:
985 2793 1110 2834 cum
1143 2779 1436 2850 poderibus
1460 2789 1514 2836 et
1543 2779 2106 2851 superhumeralibus,

531 2863 876 2937 atrationaii,
925 2878 980 2925 et
1029 2868 1304 2941 lapidibus
1347 2885 1448 2941 pro
1485 2869 1884 2936 sacerdotibus,
1939 2868 2107 2924 mille.

531 2950 698 3015 Zona:
726 2976 791 3016 ex
827 2959 990 3032 bysso
1019 2969 1073 3016 et
1116 2976 1378 3032 purpura,
1415 2959 1596 3017 decies
1647 2969 1873 3016 centena
1919 2958 2106 3014 millia.

530 3045 812 3105 Tubarum
845 3065 909 3107 cc
969 3049 1154 3106 millia.
1179 3049 1378 3106 Levitis
1401 3055 1610 3120 autem,
1655 3065 1720 3105 ex
1761 3047 1927 3121 bysso
1957 3048 2112 3105 stolae

531 3156 596 3198 cc
623 3141 830 3208 millia;
880 3150 935 3198 et
955 3142 1316 3198 instrumenta
1348 3141 1575 3207 musica,
1606 3140 1785 3196 nabiia
1813 3151 1868 3198 et
1887 3137 2112 3196 cithara:

2209 2047 2450 2116 Μωῦσῆς
2476 2045 2728 2112 ἐξέδωκε,
2755 2043 2936 2114 χρυσᾶ
2977 2041 3077 2113 μὲν
3111 2035 3301 2111 μύρια,
3351 2036 3571 2107 ἀργυρᾶ
3603 2033 3662 2086 δὲ
3707 2031 3792 2084 δι-

2211 2141 2496 2196 πλασίονα.
2539 2138 2891 2210 Θυμιατήρια
2945 2133 3125 2206 χρυσᾶ
3171 2131 3476 2201 δισμύρια,
3529 2128 3624 2183 καὶ
3653 2125 3792 2181 ἄλλα

2216 2234 2411 2305 μύρια,
2447 2232 2506 2285 ὲν
2538 2227 2618 2295 οἷς
2651 2230 2712 2283 τὸ
2741 2230 2854 2300 πῦρ
2879 2227 2987 2282 ἀπὸ
3032 2225 3126 2281 τοῦ
3165 2224 3404 2296 μεγάλου
3436 2219 3624 2292 βωμοῦ
3679 2219 3794 2273 ὲτί-

2214 2328 2360 2398 θετο,
2395 2325 2863 2397 πεντακισμύρια.

2214 2532 2466 2586 ΚΕΦΔΛ.
2529 2526 2650 2582 ΡΘ’.
2685 2550 2755 2568 --—
2805 2523 2943 2579 Τίνα
2972 2522 3052 2591 ἦν
3110 2519 3180 2573 τὰ
3239 2515 3360 2581 τοῖς
3411 2503 3796 2591 ίερεῦσιῌκαί

2285 2581 2560 2665 Keil-irate
2579 2581 2666 2664 sic
2689 2597 2794 2662 τὰς
2819 2581 3191 2665 λειτοξφγίας
3227 2581 3800 2641 κατασκευασθέντα

2284 2673 2405 2727 ὑπὸ
2427 2663 2821 2739 Σαλομῶντος
2850 2663 3180 2733 ἐσθήματα.

2286 2785 2478 2841 Στολαὶ
2495 2782 2642 2856 ἱεραὶ
2677 2783 2773 2836 σὺν
2797 2779 3081 2849 ποδήρεσι,
3119 2773 3217 2830 καὶ
3255 2769 3522 2843 ἐπωμίσι,
3572 2767 3669 2822 καὶ
3705 2765 3799 2817 λο-

2216 2880 2342 2952 γίῳ,
2373 2878 2466 2933 καὶ
2498 2876 2667 2940 λίθοις
2716 2875 2830 2936 τοῖς
2880 2868 3219 2942 ἀρχιερεῦσι,
3267 2865 3456 2937 χίλιαι.
3510 2859 3686 2915 Ζῶναι
3734 2857 3804 2908 ὲκ

2219 2972 2418 3045 βύσσου
2463 2967 2560 3022 καὶ
2583 2964 2870 3035 πορφύρας
2899 2960 3159 3034 μυριάδες
3212 2964 3275 3028 ρ’.
3327 2953 3656 3021 Σαλπίγγων
3687 2963 3801 3045 μυ-

2221 3037 2403 3134 ριάδες
2431 3058 2510 3114 κ’⁶
2545 3058 2639 3113 καὶ
2662 3055 2938 3121 Λευΐταις,
2969 3054 3035 3106 ὲκ
3065 3051 3267 3122 βύσσου
3299 3046 3502 3110 στολαὶ,
3532 3037 3799 3114 μυριάδες

2219 3133 2267 3209 κ’
2293 3171 2308 3186 ·
2340 3152 2436 3208 καὶ
2466 3151 2533 3204 τά
2555 3149 2764 3220 ὄργανα
2799 3145 2871 3200 τὰ
2905 3142 3163 3215 μουσικὰ,
3182 3139 3376 3194 νᾶ6λαι
3406 3136 3503 3190 καὶ
3543 3133 3802 3204 κιννύραι

531 3233 768 3289 inventae
821 3233 889 3289 ad
935 3223 1158 3289 laudum
1211 3243 1431 3303 cantus,
1478 3243 1534 3290 et
1570 3233 1773 3290 electro
1827 3233 2109 3296 confectae,

2227 3244 2359 3318 πρὸς
2385 3245 2488 3316 τὴν
2514 3239 2789 3314 ὑμνῳδίαν
2833 3236 3220 3309 ὲξευρημέναι,
3262 3232 3322 3297 ἐξ
3360 3229 3628 3301 ἠλέκτρου
3666 3243 3803 3280 κατ-

532 3325 893 3398 quadraginta
918 3325 1110 3381 millia.

533 3441 690 3498 CAP.
713 3439 825 3498 CX.
846 3473 908 3486 -
932 3442 1248 3510 Cujusmodi
1279 3452 1394 3496 erat
1426 3441 1848 3510 Tabernaculum
1878 3458 1912 3494 a
1937 3439 2117 3509 Moyse

604 3525 855 3581 erectum,
905 3509 1190 3569 secundum
1247 3509 1552 3582 exemplar,
1599 3513 1738 3582 quod
1805 3511 2004 3566 viderat
2062 3510 2116 3564 in

612 3597 806 3639 monte.

608 3698 736 3754 Erat
763 3697 985 3769 quidam
1013 3696 1254 3753 ambitus
1283 3695 1548 3753 subdialis
1599 3695 1935 3767 longitudine
1965 3694 2119 3751 cubi-

539 3795 718 3846 torum
747 3805 798 3854 c,
831 3789 1120 3845 latitudine
1149 3788 1460 3844 cubitorum
1493 3804 1544 3844 ι.
1581 3788 1910 3844 Constitutio
1935 3797 2116 3842 autem

542 3882 706 3954 hujus
736 3882 976 3938 ambitus
1009 3881 1324 3952 lmjusmodi
1357 3889 1496 3936 erat.
1523 3882 1882 3937 Ambieliatur
1921 3882 2120 3937 erectis

540 3978 679 4048 palis
709 3975 876 4032 aeneis
907 3973 1196 4030 altitudine
1241 3973 1736 4044 quinquecubitali,
1769 3972 1960 4046 viginti
1996 3971 2122 4044 qui-

540 4071 663 4123 dem
697 4067 752 4123 in
788 4067 1146 4138 longitudine,
1180 4075 1236 4122 at
1287 4067 1477 4122 decem
1510 4069 1564 4122 in
1624 4066 1930 4121 latitudine.
1959 4065 2122 4135 Capi-

542 4162 666 4218 tclla
694 4169 952 4233 argentea
987 4170 1041 4216 ct
1068 4163 1228 4216 bases
1265 4175 1429 4216 a-nca:
1465 4160 1661 4230 cuique
1685 4158 1806 4230 palo
1833 4157 2122 4214 elaborata:

541 4265 736 4312 erant:
787 4264 842 4311 et
888 4253 1128 4325 quinque
1180 4252 1382 4310 cubitis
1421 4251 1654 4308 invicem
1694 4251 1974 4306 distabant
2013 4249 2121 4319 pali

544 4356 705 4406 terra:
733 4348 904 4404 inﬁxi.
953 4347 1150 4405 Annuli
1187 4334 1328 4418 palis
1373 4346 1736 4410 inhaerebant,
1773 4344 2125 4413 respicientes

545 4441 612 4494 ad
641 4438 1030 4510 longitudinem
1064 4447 1118 4493 et
1137 4437 1504 4498 latitudinem.
1552 4435 1786 4488 Annuiis
1831 4434 1940 4488 illis
1969 4434 2125 4488 inue-

546 4531 834 4586 ctebantur
862 4531 1044 4594 funes,
1074 4530 1169 4599 qui
1198 4528 1558 4596 alligabantur
1583 4526 1752 4582 clavis
1777 4527 1936 4580 mrcis
1969 4525 2128 4580 cubi-

2139 3320 2184 3373 (ἶ
2216 3336 2615 3406 εσκευασμέναι
2637 3329 3120 3404 τετρακισμύριαι.

2219 3454 2471 3533 ΚΕξινΑΛ.
2495 3449 2697 3533 P_I'.-—
2718 3447 2928 3533 Ὁποίᾳ
2964 3447 3001 3514 ἠ
3015 3442 3278 3533 oraque—ir.“

2288 3520 2719 3580 ἀνασταθεῖσα.
2773 3519 2923 3572 κατὰ
2969 3508 3086 3585 τὴν
3123 3508 3472 3577 ὑπόδειξιν,
3520 3509 3601 3577 ἣν
3638 3508 3810 3563 ἐθεά-

2293 3612 2444 3650 σατο
2472 3594 2543 3647 ἐν
2573 3590 2650 3657 τῷ
2689 3590 2832 3660 ὄρει.

2293 3708 2586 3781 Περίὸολος
2629 3701 2696 3778 ἦν
2725 3702 2970 3776 αἰθέριος
3003 3700 3212 3774 μήκους
3234 3697 3426 3769 πηχῶν
3458 3698 3526 3767 ρ’,
3557 3693 3806 3781 πλάτους

2221 3803 2414 3874 πηχῶν
2435 3797 2498 3855 v'.
2538 3801 2602 3854 Ἠ
2625 3798 2683 3852 δὲ
2711 3798 2902 3860 στάσις
2929 3791 2998 3867 ἦν
3022 3792 3117 3848 τοῦ
3147 3792 3438 3865 περιϐόλου
3463 3787 3672 3860 ὀρθίοις
3701 3783 3810 3839 κά-

2225 3896 2356 3969 μαξι
2388 3891 2830 3967 περιϐεϐλημένη
2857 3890 3108 3962 χαλκέοις
3155 3886 3531 3956 πενταπήχεσι
3560 3880 3620 3934 τὸ
3647 3878 3812 3949 ὕψος,

2223 3993 2398 4047 εἴκοσι
2425 3988 2524 4059 μὲν
2550 3985 2692 4041 κατὰ
2710 3984 2772 4039 τὸ
2813 3984 3010 4056 μῆκος,
3057 3982 3192 4036 δέκα
3215 3980 3271 4033 δὲ
3295 3979 3436 4033 κατὰ
3490 3977 3550 4030 τὸ
3579 3973 3812 4035 πλάτος.

2225 4080 2568 4153 Κιονὸκρανα
2604 4079 2662 4134 δὲ
2701 4077 2948 4151 ἀργύρεα
2994 4079 3088 4132 καὶ
3122 4077 3307 4148 βάσεις
3344 4071 3544 4144 χαλκαῖ
3591 4069 3816 4138 ἑκάστῳ

2227 4179 2436 4248 κάμακι
2469 4171 2818 4244 πεποίηνται,
2851 4169 3016 4222 πέντε
3049 4168 3107 4222 δὲ
3163 4167 3398 4237 πήχεσιν
3435 4165 3530 4218 ἀπ’
3562 4160 3817 4233 ἀλλήλω-ι

2224 4270 2573 4340 διεστήκασιν
2598 4267 2648 4320 οἱ
2690 4265 2940 4336 κάμακες
2991 4259 3504 4331 καταπεπηγμένοι.
3535 4256 3734 4327 Κρίκοι
3757 4254 3819 4306 δὲ

2225 4363 2341 4424 τοῖς
2393 4351 2602 4430 κάμαξι
2636 4352 3030 4428 προσηλοῦντο,
3087 4353 3224 4422 πρὸς
3260 4351 3322 4404 τὸ
3382 4351 3557 4420 μῆκος
3607 4346 3702 4400 καὶ
3753 4346 3820 4399 τὸ

2231 4451 2432 4514 πλάτος
2462 4448 2881 4510 ἀποϐλέποντες.
2909 4445 3018 4499 Καὶ
3046 4444 3153 4497 τῶν
3177 4443 3384 4514 κρίκων
3411 4441 3678 4510 ἐξήπτετο
3707 4455 3821 4491 κα-

2229 4541 2416 4608 λώδια,
2449 4541 2595 4615 ήλων
2625 4538 2843 4611 χαλκῶν
2874 4536 3158 4608 πηχυαίων
3193 4536 3273 4598 είς
3302 4536 3364 4588 τὸ
3393 4534 3587 4602 ἔδαφος
3635 4531 3820 4600 καθη-

549 4620 752 4676 talibus
779 4621 832 4675 in
865 4629 1067 4674 terram
1107 4619 1334 4683 deﬁxis,
1355 4632 1462 4687 quo
1499 4616 1904 4671 tabernaculum
1945 4633 2114 4672 serva-

2233 4637 2492 4706 λωμένων
2519 4632 2858 4703 ἐνδεδεμένα,
2901 4631 3040 4702 πρὸς
3088 4629 3150 4682 τὸ
3173 4627 3273 4699 τὴν
3300 4626 3505 4696 σκηνὴν
3553 4624 3824 4692 ἀκίνητον

549 4724 701 4769 retur
761 4713 1037 4768 immobile
1059 4724 1246 4768 contra
1307 4712 1413 4766 vim
1481 4717 1792 4766 ventorum.
1857 4711 2114 4767 Sindonc:

2234 4726 2351 4786 ὑπὸ
2371 4730 2470 4800 τῆς
2503 4726 2613 4781 τῶν
2639 4726 2856 4796 ἀνέμων
2887 4725 3008 4796 βίας
3054 4722 3459 4792 διαφυλάττειν.
3496 4716 3741 4770 Σινδόναι
3763 4717 3824 4768 δὲ

549 4811 796 4880 qttmdam
825 4807 1183 4867 eli'ormabant
1213 4807 1369 4879 quasi
1402 4823 1590 4862 muros
1617 4808 1972 4868 tabernaculi.
1999 4823 2131 4863 con-

555 4909 716 4954 texta:
743 4914 808 4953 ex
841 4898 1070 4969 bySsoct
1092 4897 1382 4970 hyacintho
1411 4906 1459 4951 ct
1495 4913 1733 4967 purpura
1767 4907 1929 4965 atque
1954 4897 2131 4952 cocci-

552 5008 644 5052 no.
691 5001 959 5063 erantque
1015 4991 1522 5062 quinquccubitalcs
1578 5002 1634 5046 et
1679 4989 2060 5060 quadrilatcrte
2098 5009 2128 5046 a

552 5086 808 5156 capitello
865 5102 1034 5157 usque
1088 5087 1154 5142 ad
1194 5087 1386 5144 basim.
1445 5095 1500 5140 et
1533 5084 1976 5140 (liil‘undcliantnr
2036 5103 2132 5157 pcr

553 5177 762 5233 medios
790 5178 944 5250 palos
969 5195 1140 5250 usque
1169 5180 1234 5234 ad
1262 5179 1651 5250 pavimentum.
1681 5179 1758 5234 Ac
1787 5182 1888 5234 tria
1913 5181 2131 5250 quidem

554 5273 728 5327 latera
769 5273 872 5327 hoc
897 5272 1270 5328 consistebant
1298 5273 1479 5328 modo.
1520 5272 1626 5328 Sed
1674 5273 1816 5328 latus
1849 5285 2130 5344 quartum,

551 5366 700 5434 quod
734 5375 789 5420 ct
837 5365 976 5421 bene
1004 5364 1128 5436 quis
1177 5365 1374 5421 dixerit
1430 5369 1663 5435 primum
1723 5367 1903 5435 potius
1956 5366 2128 5420 luisse

557 5461 700 5529 (erat
747 5459 882 5515 illud
911 5475 1147 5527 namque
1181 5458 1438 5515 introitus
1465 5461 1684 5530 quidam
1723 5461 1773 5514 in
1805 5462 2130 5516 tabernacu~

553 5554 685 5613 lum.
719 5554 924 5610 habens
941 5554 1332 5626 quinquaginta
1359 5553 1616 5623 cubitus),
1634 5555 1865 5610 habebat
1892 5556 2130 5611 modium

558 5648 847 5715 quemdam
901 5646 1187 5702 introitum
1219 5647 1450 5702 similem
1481 5659 1670 5717 portae.
1712 5650 2020 5704 cubitorum
2052 5651 2133 5702 vi-

557 5739 733 5806 ginti;
773 5755 837 5794 ac
887 5739 997 5794 duo
1055 5740 1160 5809 pali
1210 5743 1406 5810 cuique
1462 5741 1615 5796 lateri
1676 5741 1929 5796 introitus
1981 5743 2133 5796 iniixi

563 5829 798 5894 fuerant,
855 5833 946 5900 qui
983 5834 1288 5889 eiliciebant
1346 5835 1505 5889 veluti
1538 5844 1739 5906 postes.
1794 5837 1869 5890 Ex
1905 5844 2133 5904 utraque

563 5933 744 5978 autem
777 5933 931 5992 parte
960 5925 1213 5982 introitus
1231 5929 1544 5999 quindecim
1570 5930 1733 5984 cubiti
1753 5931 2128 5995 remanebant,

2235 4816 2604 4891 κατετείχιζον
2635 4819 2733 4892 τὴν
2762 4815 2966 4886 σκηνήν
2993 4818 3058 4868 ὲκ
3085 4813 3284 4884 βύσσου
3316 4811 3410 4864 καὶ
3438 4807 3697 4864 ὑακίνθου
3724 4807 3828 4860 καὶ

2236 4914 2520 4988 πορφύρας
2579 4912 2672 4966 καὶ
2721 4893 2974 4964 κοκκίνοῦ
3005 4905 3391 4977 διυφασμέναι,
3424 4902 3826 4969 πενταπήχεις,

2233 5009 2588 5079 τετράγωνοι,
2609 5007 2716 5060 ἀπὸ
2737 5005 2831 5058 τοῦ
2858 5003 3090 5075 κράνους
3107 5003 3270 5072 μέχρι
3295 4999 3392 5068 τῆς
3417 4997 3644 5068 βάσεως,
3676 4995 3830 5047 κατα

2237 5104 2406 5173 μέσου
2435 5101 2545 5153 τῶν
2594 5097 2886 5170 καμακίων
2931 5095 3038 5160 ἕως
3065 5093 3300 5162 ἐδάφους
3333 5089 3653 5161 κεχυμέναι.
3709 5088 3832 5141 Καὶ

2233 5199 2291 5250 αἱ
2313 5195 2413 5266 μὲν
2439 5195 2586 5266 τρεῖς
2617 5190 2846 5262 πλευραὶ
2869 5188 3059 5242 τοῦτον
3083 5186 3348 5258 ἑστήκασι
3379 5186 3469 5238 τὸν
3491 5183 3717 5254 τρόπον.
3758 5183 3829 5236 ’Π

2235 5289 2290 5341 δὲ
2317 5288 2554 5357 τετάρτη
2578 5281 2809 5354 πλευρὰ,
2835 5281 2904 5353 ἢν
2936 5282 3030 5334 καὶ
3056 5279 3282 5350 πρώτην
3319 5275 3524 5348 μᾶλλόν
3555 5292 3640 5337 τις
3673 5273 3833 5327 εἴποι

2238 5381 2418 5445 καλῶς
2455 5376 2593 5433 εἶναι
2628 5376 2852 5450 (εἴσοδος
2895 5373 3005 5445 γὰρ
3037 5369 3105 5444 ἦν
3135 5375 3215 5437 εξς
3241 5371 3341 5444 τήν
3386 5371 3595 5441 σκηνὴν
3655 5368 3832 5440 αὕτη,

2238 5474 2577 5544 πεντήκοντα
2611 5473 2808 5542 πήχεις
2864 5467 3086 5541 ἔχουσα)
3123 5466 3299 5538 πύλης
3342 5464 3442 5536 μὲν
3485 5462 3835 5533 εἰκασμένην

2241 5567 2412 5638 μέσην
2445 5566 2618 5618 εἴκοσι
2653 5563 2876 5634 πηχέων
2919 5561 3064 5633 εἶχεν
3104 5560 3332 5624 εἴσοδον,
3357 5559 3451 5612 δύο
3475 5558 3532 5611 δὲ
3560 5560 3833 5625 κάμακας

2236 5665 2442 5733 ἑκάστῃ
2479 5660 2690 5731 πλευρᾷ
2719 5659 2816 5728 τῆς
2849 5658 3056 5711 εἰσόδου
3093 5655 3509 5724 καταπέπηκτο,
3536 5652 3835 5722 παραστά-

2235 5757 2330 5818 δας
2363 5755 2554 5823 ὥσπερ
2582 5751 2971 5815 ἀποτελούσας.
3025 5748 3364 5820 Ἐκατέρωθε
3396 5747 3451 5801 δὲ
3485 5747 3582 5817 τῆς
3615 5746 3835 5798 εἰσόδου

2238 5847 2340 5899 ἀνὰ
2371 5845 2668 5898 δεκαπέντε
2722 5844 2917 5914 πήχεις
2952 5842 3258 5912 ἀνέμεινον,
3317 5839 3550 5893 ἑκάστου
3612 5837 3835 5907 μέρους

2240 5936 2384 6005 τρεῖς
2451 5931 2706 6003 κάμακας
2764 5931 3264 6002 καταπεπηγμένου
3319 5931 3410 5983 καὶ
3467 5929 3831 5997 ἑρεισμένου,
