4050 6590
315 434 417 504 ll'l

1478 440 1852 502 LIBELLUS
1889 440 2392 505 MEMORIALIS.

3467 451 3572 519 118

311 551 456 607 κατὰ
485 549 582 624 τὴν
607 550 715 605 τῶν
750 550 916 624 τριῶν
957 527 1077 606 τῶν
1124 551 1300 608 ἄλλων
1330 553 1580 627 πλευρῶν
1632 559 1896 630 ἐργασίαν

2003 573 2154 632 parte
2204 564 2447 635 qualibet
2504 565 2679 622 tribus
2732 567 2871 639 palis
2903 580 3186 640 compacta
3239 586 3303 628 ac
3337 571 3573 643 ﬁrmata,

310 647 405 698 καὶ
427 644 778 716 περίφραξιν.
813 645 890 698 Τὸ
933 645 991 699 δὲ
1025 645 1189 717 μέσον
1214 646 1315 716 τῆς
1343 648 1551 704 εἰσόδου
1585 652 1896 705 κατεπεπέ-

305 754 476 791 ταστο
517 735 594 807 τῷ
623 737 730 790 τῶν
786 744 833 791 κ’
875 737 1066 809 πηχῶν
1112 740 1607 812 καταπετάσματι,
1661 743 1740 814 τῷ
1783 745 1896 799 τῶν

309 830 597 900 τεσσάρων
624 829 851 900 βαθμῶν
884 829 1315 902 καθυφασμὲνῳ.
1370 833 1517 888 Εῖσω
1565 834 1622 890 δὲ
1649 837 1749 906 τῆς
1782 839 1896 890 εἰσ-

307 923 448 989 όδου,
472 923 675 996 λουτὴρ
703 925 932 995 χάλκεος
962 919 1051 998 ἦν,
1092 927 1194 999 τὴν
1257 927 1414 1000 βάσιν
1466 929 1677 1000 χαλκῆν
1731 930 1892 1002 ἔχων,

307 1016 371 1084 ἐξ
397 1011 461 1071 οὗ
487 1019 536 1071 οἱ
565 1020 732 1090 ἱερεῖς
770 1018 871 1083 τὰς
899 1022 1089 1092 χεῖρας
1116 1021 1473 1089 ἀποπλύνειν,
1529 1023 1624 1078 καὶ
1648 1025 1761 1078 τῶν
1795 1043 1893 1078 πο-

307 1111 414 1166 δῶν
442 1111 556 1182 (22)
585 1115 878 1183 κατασχεῖν
910 1112 1002 1167 τοῦ
1032 1113 1222 1177 ὕδατος
1249 1115 1373 1169 ὅτου
1415 1117 1474 1169 ἐν
1514 1116 1663 1186 αύτῷ
1689 1119 1889 1190 παρῆν.

309 1205 422 1259 Καὶ
450 1206 478 1258 ὁ
501 1204 605 1276 μὲν
635 1205 922 1276 περίϐολος
961 1205 1134 1269 οὕτως
1158 1201 1248 1278 ἦν,
1281 1207 1421 1261 δτοῦ
1452 1209 1688 1281 αἰθρίου.

310 1321 562 1376 ΚΕΦΑΛ.
598 1317 1206 1393 ΡῘΑἏ-ξοποῒον-ἦν
1233 1321 1299 1375 τὸ
1343 1321 1626 1393 Ἀγίασμα
1651 1327 1756 1381 τοῦ
1791 1343 1894 1386 πε-

541 1393 812 1459 ριϐόλου,
847 1391 879 1444 ὃ
909 1391 1174 1461 Μωῦσῆς
1206 1391 1641 1448 κατεσκεύασε.

380 1503 454 1557 Τὸ
495 1504 553 1558 δὲ
587 1505 867 1576 Ἀγίασμα
901 1505 1066 1576 μέσον
1091 1504 1186 1558 τοῦ
1227 1506 1535 1578 περιϐόλου,
1567 1511 1744 1580 μῆκος
1770 1511 1892 1583 ἔχον

307 1600 402 1653 ἐπὶ
431 1600 630 1671 πήχεις
659 1599 981 1665 λ’,πλάτους
1011 1602 1206 1672 πήχεις
1222 1600 1270 1670 γ’
1295 1602 1432 1673 (25),
1452 1603 1585 1674 πρὸς
1624 1605 1892 1672 ἀνατολάς

311 1692 531 1761 βλέπον.
553 1691 626 1747 Τὸ
654 1692 711 1746 δὲ
740 1693 916 1764 μῆκος
950 1692 1061 1746 τῶν
1085 1693 1383 1764 τριάκοντα
1409 1695 1600 1765 πηχῶν
1630 1698 1688 1749 ἐν
1716 1697 1891 1752 κίοσιν

309 1786 493 1856 ἵδρυτο
516 1783 585 1852 κ’,
616 1785 1006 1858 τετραγώνοις,
1046 1784 1299 1853 ξυλίνοις,
1330 1789 1717 1858 καταχρύσοις,
1755 1791 1889 1846 ἑκά-

310 1894 446 1947 στης
495 1879 741 1948 πλευρᾶς
782 1877 901 1941 ἐνὸς
950 1877 1195 1948 ἡμίσεως
1247 1879 1451 1950 πήχεος
1471 1880 1736 1952 ζάλλήλων
1787 1885 1890 1954 ἀφ.
1925 1905 1967 1960 Β

306 1970 620 2042 εστηκόσιν.
653 1970 715 2024 '0
757 1971 813 2038 δὲ
847 1970 986 2023 κατὰ
1035 1971 1188 2025 δύσιν
1217 1974 1396 2042 τοῖχος
1428 1972 1618 2044 πηχῶν
1640 1975 1807 2045 τριῶν
1835 1976 1891 2029 ἐν

304 2063 370 2130 ἐξ
405 2063 549 2118 κίοσι
581 2063 899 2133 συνέστηκε.
939 2063 1186 2133 Συνῆσαν
1235 2064 1291 2117 δὲ
1323 2064 1574 2137 ἀλλήλοις
1604 2068 1892 2139 ᾐρμοσμέ-

307 2174 411 2222 νοι,
444 2155 588 2210 ὥστε
617 2155 796 2218 δοκεῖν
830 2155 926 2208 ἕνα
950 2159 1127 2227 τοῖχον
1144 2159 1242 2229 τὴν
1264 2159 1573 2212 συντέλεσιν
1601 2160 1892 2232 ὁλόχρυσον

302 2247 467 2314 εἶναι,
500 2249 826 2321 μεμυκότων
856 2251 965 2303 τῶν
1005 2249 1197 2322 ἁρμῶν
1251 2249 1454 2305 ἔσωθεν
1507 2254 1604 2306 καὶ
1666 2253 1887 2317 ἔξωθεν.

305 2339 438 2413 Εἶχε
462 2341 575 2414 γὰρ
605 2341 837 2407 ἕκαστος
888 2342 1020 2396 κίων
1043 2345 1190 2415 τρεῖς
1238 2343 1538 2416 σπιθαμὰς,
1586 2345 1728 2400 ὥστε
1757 2365 1893 2418 συμ-

307 2433 655 2506 πληροῦσθαι
683 2434 744 2487 τὸ
779 2434 955 2504 μῆκος
981 2435 1090 2488 τῶν
1110 2435 1406 2508 τριάκοντα
1433 2438 1625 2508 πηχῶν
1657 2439 1763 2492 ὑπὸ
1785 2439 1893 2493 τῶν

303 2527 483 2581 εἰκοσι
514 2525 731 2592 κιόνων,
766 2526 862 2579 ml.
896 2527 1006 2580 τῶν
1034 2527 1166 2581 δέκα
1219 2529 1322 2581 ὑπὸ
1352 2531 1461 2582 τῶν
1487 2531 1565 2595 ἕξ.
1607 2533 1892 2602 Ἐγγώνιοι

305 2617 365 2669 δὲ
393 2615 490 2671 δύο
514 2616 692 2680 κίονες
716 2612 854 2688 ἦσαν
870 2617 1066 2685 ὀπίσω,
1092 2618 1202 2672 ἀπὸ
1230 2621 1434 2691 πήχους
1463 2621 1580 2686 ἐνὸς
1607 2627 1894 2680 συνάπτον-

308 2727 400 2774 τες
422 2710 501 2782 τῷ
536 2710 733 2764 πλάτει
756 2710 817 2764 τὸ
863 2711 1058 2782 μῆκος.
1089 2712 1190 2766 Διὰ
1219 2713 1276 2766 δὲ
1305 2714 1524 2769 πάντων
1559 2716 1668 2771 τῶν
1695 2719 1892 2773 κιόνων

309 2804 566 2858 ἐπέκειτο
591 2805 952 2875 διατρέχουσα
979 2806 1080 2876 μία
1101 2806 1531 2878 συμπλεκομένη
1561 2811 1735 2875 σανὶς.
1767 2829 1892 2881 γιγ-

309 2896 544 2968 γλυμοῖς
569 2896 681 2968 (24)
709 2895 895 2967 θήλεσι
929 2897 1023 2949 καὶ
1058 2896 1634 2972 ἇρρεσικατεχομένη,
1671 2903 1805 2974 πρὸς
1832 2905 1892 2956 τὸ

312 2989 445 3061 μηθ’
479 2989 575 3043 ὑπ’
597 2987 816 3060 ἀνέμων
857 2989 1245 3060 κραδαίνεσθαι
1287 2990 1383 3063 τὴν
1424 2995 1650 3064 σκηνὴν,
1675 2995 1791 3048 ἀλλ’
1836 2998 1892 3049 ἐν

310 3080 520 3153 ἠρεμίᾳ
545 3081 714 3152 πολλῇ
740 3081 1221 3150 διαφυλάττεσθαι.
1257 3084 1330 3136 Τὸ
1364 3084 1419 3138 δὲ
1449 3084 1596 3140 ἔνδον
1628 3087 1726 3158 τῆς
1759 3106 1891 3159 σκη-

310 3176 410 3244 νῆς
442 3176 522 3237 εἰς
557 3174 685 3244 τρία
716 3174 942 3246 διῄρητο
973 3175 1115 3228 κατᾶ
1163 3175 1353 3246 πηχῶν
1397 3175 1450 3240 ι’,
1483 3181 1576 3231 καὶ
1601 3175 1670 3249 ἦν
1691 3180 1752 3234 τὸ
1795 3181 1892 3250 μὲν

1992 653 2144 724 juxta
2193 656 2484 713 artiﬁcium
2535 667 2590 714 et
2618 660 2976 718 ruunitionem
3037 663 3200 720 trium
3238 667 3573 738 reliquorum

1997 748 2248 804 laterum.
2305 749 2541 806 Medium
2575 752 2831 810 introitus
2867 755 3101 811 velatum
3163 767 3282 814 erat
3329 759 3449 816 velo
3507 777 3577 816 xx

1995 843 2332 909 cubitorum,
2352 854 2613 902 contexto
2636 858 2870 917 quatuor
2900 849 3142 906 colorum
3169 851 3478 920 generibus.
3497 852 3578 910 ln-

1998 941 2078 988 tra
2105 934 2386 989 introitum
2444 944 2563 990 erat
2616 936 2829 992 labrum
2875 954 3077 994 mreum
3133 939 3338 998 habens
3379 958 3578 998 aeream

1997 1025 2276 1086 basim.ex
2307 1043 2418 1098 quo
2437 1029 2748 1085 sacerdotes
2775 1046 2970 1088 manus
2998 1031 3273 1100 lavabant,
3307 1034 3580 1105 pedesque

1995 1117 2216 1173 abluere
2246 1128 2499 1190 poterant
2527 1136 2691 1192 aqua,
2732 1138 2855 1193 quae
2910 1123 2962 1178 in
3001 1139 3066 1179 eo
3092 1134 3228 1180 erat.
3277 1125 3455 1197 Atque
3488 1125 3578 1182 hic

1995 1212 2214 1281 quidem
2243 1212 2484 1269 ambitus
2513 1223 2630 1269 erat
2659 1216 2796 1286 sepzi
2827 1215 3116 1273 subdialis.

1993 1324 2146 1380 CAP.
2177 1324 2314 1382 CXI.
2342 1355 2404 1368 —
2431 1326 2744 1401 Cujusmodi
2769 1339 2885 1384 erat
2927 1333 3297 1388 sauciuarium
3322 1333 3578 1401 ambitus,

2415 1397 2552 1468 quod
2581 1397 2790 1470 Moyses
2820 1400 3021 1470 fecerat
3054 1401 3123 1459 δ’.

2067 1507 2451 1566 Sanetuarium
2489 1512 2540 1566 in
2584 1514 2763 1569 medio
2801 1524 2919 1570 erat
2953 1525 3130 1585 septo,
3181 1517 3578 1590 longitudinem

1996 1600 2203 1656 habens
2231 1602 2299 1658 ad
2335 1604 2550 1661 cubitos
2603 1623 2732 1671 xxx,
2777 1607 3118 1664 latitudinem
3169 1612 3480 1668 cubitorum
3520 1628 3579 1680 x,

1995 1692 2429 1766 respiciebatque
2480 1698 2547 1752 ad
2578 1698 2865 1755 orientem.
2917 1699 3226 1772 Longitudo
3277 1719 3437 1773 porro
3489 1703 3580 1760 illa

1995 1787 2214 1857 triginta
2247 1789 2555 1844 cubitorum
2591 1791 2969 1847 sustinebatur
3020 1795 3292 1852 columnis
3318 1813 3407 1861 xx,
3439 1811 3578 1868 qua-

1996 1878 2187 1944 dratis,
2216 1881 2431 1952 ligneis,
2463 1883 2755 1950 deauratis,
2786 1899 2849 1938 ex
2875 1886 3119 1956 quolibet
3146 1888 3316 1944 latere
3349 1887 3580 1943 dimidio

2000 1969 2182 2025 cubito
2205 1971 2437 2029 invicem
2463 1975 2816 2031 distantibus.
2861 1975 3049 2032 Paries
3078 1977 3169 2047 qui
3201 1985 3319 2034 erat
3346 1979 3412 2032 ad
3435 1977 3582 2034 occi-

1997 2058 2213 2116 dentem
2241 2063 2404 2118 trium
2458 2065 2788 2130 cubitorum,
2826 2069 3112 2124 constabat
3158 2085 3252 2126 sex
3282 2071 3579 2126 columnis.

1998 2149 2404 2221 Coaptabantur
2430 2171 2592 2226 porro
2624 2157 2880 2224 invicem,
2920 2170 2978 2214 ut
3013 2161 3286 2215 videretur
3307 2160 3580 2220 coulieiex

1998 2241 2105 2298 illis
2137 2260 2277 2301 unus
2305 2262 2494 2303 murus
2532 2258 2678 2304 to:us
2699 2265 2924 2316 aureus,
2953 2253 3278 2310 coeuntibus
3307 2253 3581 2323 juncturis

1999 2333 2230 2392 interius
2258 2345 2421 2408 atque
2461 2342 2724 2397 exterius.
2761 2341 3005 2400 liabebat
3035 2345 3178 2403 enim
3201 2345 3455 2413 quwlibet
3487 2360 3582 2398 co-

1998 2428 2184 2483 lumna
2215 2439 2324 2484 tres
2356 2431 2680 2500 spithamas,
2715 2434 2789 2488 ita
2817 2443 2877 2489 ut
2908 2435 3271 2504 cornpleretur
3301 2434 3579 2505 longitudo

2000 2519 2218 2590 triginta
2248 2521 2556 2578 cubitorum
2597 2539 2627 2578 a
2677 2524 2866 2594 viginti
2902 2525 3193 2589 columnis,
3247 2534 3301 2583 et
3331 2527 3515 2581 decem
3548 2543 3580 2581 a

1999 2627 2114 2668 sex.
2146 2613 2448 2684 Angulares
2485 2623 2664 2670 autem
2688 2615 2810 2671 duae
2831 2616 3102 2673 columna:
3125 2627 3282 2673 erant
3315 2627 3485 2684 retro,
3515 2633 3584 2674 ex

2001 2719 2109 2758 uno
2141 2704 2326 2759 cubito
2374 2713 2692 2777 coaptantes
2732 2706 3006 2762 latitudini
3036 2707 3450 2780 longitudinem.
3481 2706 3586 2763 Per

2000 2808 2190 2849 omnes
2231 2811 2355 2849 vero
2407 2797 2693 2853 columnas
2751 2797 3036 2855 insistebat
3087 2801 3270 2856 tabula
3304 2816 3434 2864 una,
3462 2816 3586 2872 qua:

1999 2894 2150 2940 arcte
2174 2886 2457 2956 complexa
2488 2888 2850 2956 discurrebat,
2900 2891 3216 2950 cardinibus
3266 2893 3487 2949 feminis
3531 2900 3589 2949 et

2002 2981 2259 3037 masculis
2309 2983 2543 3049 lirmata,
2599 2994 2658 3039 ut
2694 3000 2762 3040 ne
2789 3002 2819 3040 a
2856 2986 3030 3045 ventis
3063 2987 3284 3057 quidem
3322 2996 3583 3042 concute-

2002 3081 2151 3126 retur
2174 3073 2612 3140 tabernaculum,
2645 3077 2739 3131 sed
2800 3078 2971 3134 multa
3017 3080 3200 3148 quiete
3233 3079 3580 3134 consisteret.

2003 3163 2249 3234 Spatium
2311 3166 2454 3221 intra
2515 3167 2928 3224 tabernaculum
2984 3169 3468 3226 disterminabatur
3528 3167 3586 3222 in

312 3265 587 3318 ὲσῶτατον
610 3266 802 3321 ἄδυτον
828 3266 1017 3336 πηχῶν
1048 3263 1098 3331 ι’,
1127 3270 1239 3330 τοῖς
1262 3268 1498 3338 ἱερεῦσιν
1524 3269 1746 3325 ἄϐατον.
1767 3272 1896 3325 Τέσ-

2003 3255 2126 3319 tria,
2161 3258 2228 3311 ad
2262 3274 2571 3314 mensuram
2606 3261 2918 3315 cubitorum
2973 3276 3025 3325 κ,
3062 3270 3288 3329 eratque
3345 3257 3585 3314 maxime

314 3371 483 3428 σαρες
512 3357 568 3410 δὲ
602 3359 781 3421 κίονες
811 3359 914 3411 ῖσοι
961 3360 1072 3422 τοῖς
1105 3357 1286 3422 ἄλλοις
1332 3358 1568 3431 διεῖργον
1599 3359 1659 3414 τὸ
1708 3363 1899 3418 ἄδυτον

313 3447 408 3502 τοῦ
432 3448 721 3530 ὲξωτάτου..
752 3452 812 3503 Ol
839 3451 895 3505 δὲ
923 3451 1104 3504 λοιποὶ
1128 3453 1324 3522 πήχεις
1365 3451 1560 3518 εἴκοσι,
1587 3454 1633 3506 οἱ
1670 3453 1774 3522 πρὸ
1802 3454 1898 3507 τοῦ

315 3544 533 3610 ἀδύτου,
581 3547 696 3608 τοῖς
761 3545 966 3616 ἱερεῦσι
1025 3546 1211 3617 μόνοις
1259 3545 1552 3612 ἐξέκειντο.
1577 3547 1648 3602 Τὸ
1677 3549 1734 3602 δὲ
1769 3549 1898 3619 μέτ-

313 3654 484 3704 ωπον,
548 3638 608 3706 ἐξ
663 3631 834 3710 οὗπερ
879 3641 911 3710 ἡ
946 3640 1146 3703 εἴσοδος
1173 3635 1262 3710 ἦν,
1296 3640 1458 3694 πέντε
1504 3643 1645 3696 κίοσι
1678 3640 1900 3714 διαχρύ-

319 3744 452 3794 σοις,
480 3731 618 3794 ίσοις
658 3735 768 3793 τοῖς
815 3731 1016 3797 ἄλλοις,
1051 3732 1356 3798 συνίστατο,
1413 3734 1642 3804 χαλκαῖς
1678 3733 1900 3805 βάσεσιν

317 3823 639 3892 ἐφεστῶσιν.
672 3821 798 3894 Εἶχε
823 3825 881 3878 δὲ
913 3823 1310 3896 καταπέτασμα
1334 3827 1398 3879 ἐκ
1425 3825 1626 3897 βύσσου
1651 3827 1746 3881 καὶ
1768 3845 1901 3899 πορ-

319 3915 496 3984 φύρας
519 3916 608 3968 καὶ
633 3915 888 3969 ὑακίνθου
935 3918 1027 3970 καὶ
1059 3919 1315 3970 κοκκίνου
1350 3917 1531 3989 βαφῆς
1563 3918 1811 3990 ἐμπηχον
1847 3917 1900 3985 ι’,

325 4007 414 4058 καὶ
447 4005 708 4078 διῄρηντο
737 4009 785 4060 οἱ
815 4007 950 4062 δέκα
1003 4008 1199 4079 πήχεις
1249 4009 1342 4061 τοῦ
1387 4007 1580 4061 ἀδύτου
1609 4007 1780 4080 τούτῳ
1826 4008 1904 4078 τῷ

321 4105 799 4172 καταπετάσματι.

389 4274 502 4328 Καὶ
546 4276 575 4327 δ
630 4275 732 4346 μὲν
785 4277 910 4341 ναὸς
962 4279 1168 4347 ’Ἄγιος
1214 4279 1482 4342 ἐκαλεῖτο,
1530 4279 1557 4331 ὁ
1613 4274 1901 4342 ὲξὼτατος.

325 4366 530 4438 Ἀτιον
556 4367 615 4422 δὲ
647 4370 851 4439 ἁγίων,
886 4370 947 4423 τὸ
986 4371 1200 4429 ἄδυτον.
1257 4371 1331 4423 Τὸ
1363 4371 1421 4424 δὲ
1475 4370 1692 4442 πρῶτον
1719 4369 1828 4424 τῶν
1856 4376 1904 4424 κ’

326 4461 512 4530 πηχῶν
539 4461 706 4534 μέρος
737 4461 974 4534 ἱερεῦσιν
1003 4465 1181 4518 ἀνεῖτο
1207 4464 1616 4534 ὑποδυομένοις.
1646 4463 1721 4516 Τὸ
1750 4463 1860 4517 τῶν
1876 4463 1906 4517 ι’

324 4552 380 4606 δὲ
401 4556 594 4625 πηχῶν
622 4557 956 4626 προεισόδιον
1004 4557 1098 4611 καὶ
1123 4560 1230 4627 πρὸ
1253 4557 1344 4612 τοῦ
1377 4557 1658 4628 μετώπου,
1697 4558 1905 4630 φάρσος

327 4646 692 4719 ἐφελκόμενος
736 4649 847 4702 ἀπὸ
891 4649 1092 4716 κάλων,
1135 4651 1227 4704 ἐπὶ
1277 4651 1482 4722 θάτερα
1525 4652 1739 4723 κρίκοις
1785 4653 1905 4705 ἐπι-

329 4741 696 4810 συναγὸμενος
758 4742 894 4813 πρός
950 4761 1008 4796 τε
1044 4743 1103 4797 τὸ
1161 4745 1726 4800 ἐκπετάννυσθαικαὶ
1783 4763 1907 4799 συν-

325 4834 654 4904 εφέλκεσθαι
705 4835 848 4888 κατᾶ
878 4837 1104 4904 γωνίαν.
1154 4837 1264 4890 Καὶ
1305 4837 1414 4910 γὰρ
1446 4839 1505 4890 ἐν
1557 4840 1678 4901 ταῖς
1709 4839 1908 4909 ἐπισή-

333 4942 449 4994 μοις
481 4925 717 4996 ἡμέραις
757 4927 1119 5001 ἐπισυνήγετο
1179 4930 1316 4999 πρὸς
1363 4929 1422 4984 τὸ
1450 4930 1906 4984 κατοπτεύεσθαι.

331 5015 508 5076 Ἦσαν
539 5022 598 5076 δὲ
627 5023 721 5077 καὶ
753 5023 986 5077 σινδόναι
1021 5023 1434 5094 περιτιθέμεναι
1464 5022 1542 5094 τῷ
1585 5022 1910 5094 ἁγιάσματι.

337 5113 439 5170 Καὶ
478 5119 573 5172 ἐπὶ
600 5120 718 5182 ταῖς
756 5118 977 5187 σινδόσι,
1010 5117 1332 5189 βεϐαμμένα
1389 5117 1661 5180 ποικίλαις
1710 5115 1908 5187 βαφαῖς

335 5207 496 5279 ἕτερα
531 5209 888 5280 καλύμματα,
921 5210 1059 5282 πρὸς
1096 5209 1158 5263 τὸ
1184 5209 1311 5272 τοὺς
1342 5208 1619 5279 χειμῶνας
1663 5209 1902 5279 ἐπέχειν.

337 5301 445 5353 Καὶ
467 5301 652 5356 ἐπάνω
682 5301 886 5357 τούτων
919 5302 1075 5357 ἄλλαι
1105 5301 1354 5372 διφθέραι
1387 5302 1776 5372 πεποιημέναι,
1813 5317 1910 5353 κα-

342 5391 634 5449 ὶύπτουσαι
653 5394 720 5447 τὰ
749 5396 1190 5466 σκεπάσματαέν
1219 5395 1330 5458 τοῖς
1366 5394 1559 5458 ὑετοῖς.

406 5656 448 5688 ⁸⁷
481 5656 654 5712 Exod.
690 5637 836 5713 xxvi.

415 5816 527 5889 (Ξῖ)
561 5817 739 5872 Locus
779 5819 1019 5889 vitiatus.
1535 5835 1570 5861 ⁸
1633 5843 1641 5849 ’

414 5887 522 5959 (25)
551 5889 808 5944 Rescribe.
849 5887 899 5942 ι’.

2003 3349 2277 3404 internum
2332 3349 2567 3424 Adytum
2623 3353 2930 3407 cubitorum
2963 3370 3016 3415 ιι.
3054 3351 3432 3407 sacerdotibus
3465 3350 3584 3405 ina-

2003 3454 2242 3494 cessum.
2278 3440 2522 3506 Quatuor
2551 3451 2732 3496 autem
2769 3444 3037 3496 columna:
3071 3443 3309 3510 aequales
3343 3441 3468 3495 aliis
3496 3456 3588 3495 se-

2004 3532 2269 3602 parabant
2302 3534 2534 3604 Adytum
2588 3550 2619 3589 a
2658 3544 2809 3605 parte
2874 3535 3098 3589 extima.
3147 3532 3586 3604 Reliqui'viginti

2003 3625 2193 3691 cubiti,
2221 3625 2315 3698 qui
2346 3635 2501 3681 erant
2531 3635 2660 3682 ante
2691 3627 2954 3697 Adytum,
3017 3627 3275 3698 patebant
3308 3626 3442 3681 solis
3495 3641 3586 3680 sa-

2004 3718 2340 3774 cerdotibus.
2375 3717 2567 3785 Frons,
2603 3720 2746 3776 unde
2780 3729 2896 3775 erat
2933 3721 3212 3791 ingressus
3237 3759 3252 3786 ,
3304 3718 3591 3776 constabat

2005 3812 2246 3882 quinque
2272 3811 2543 3870 columnis
2559 3814 2855 3879 deauratis,
2871 3814 3084 3870 caeteris
3105 3813 3405 3886 aequalibus
3428 3811 3594 3867 :eneis

2006 3903 2232 3960 basibus
2263 3903 2665 3961 insistentibus.
2719 3904 2965 3962 llabebat
3014 3907 3194 3964 velum
3226 3920 3290 3962 ex
3333 3905 3497 3977 bysso
3528 3920 3592 3959 ac

2007 4012 2269 4066 purpura,
2294 4005 2347 4052 et
2369 3997 2665 4069 hyacintho
2698 4010 2862 4070 atque
2911 4000 3122 4055 cocciui
3158 4000 3405 4059 tinctura
3436 3999 3595 4056 cubi-

2007 4102 2184 4143 torum
2218 4105 2272 4154 x,
2322 4091 2826 4162 separabanturque
2858 4092 3045 4148 decem
3082 4094 3253 4149 cubiti
3290 4093 3450 4164 Adyti
3474 4091 3594 4148 velo

2009 4183 2136 4239 isto.

2079 4279 2156 4332 Ac
2184 4278 2442 4348 templum
2469 4277 2688 4348 quidem
2726 4277 3101 4348 appellabatur
3138 4276 3417 4343 Sanctum,
3444 4275 3590 4346 quod

2007 4369 2268 4424 extimum
2327 4380 2463 4425 erat.
2517 4367 2774 4425 Sanctum
2820 4378 3128 4423 sanctorum
3180 4383 3308 4421 vero
3335 4367 3594 4423 audiebat

2008 4463 2243 4534 Adytum
2279 4463 2476 4533 ipsum.
2508 4461 2689 4517 Prima
2737 4478 2863 4532 pars
2894 4477 2962 4515 xx
3018 4461 3324 4517 cubitorum
3359 4462 3588 4532 permit-

2011 4558 2226 4611 tebatur
2259 4555 2631 4612 sacerdotibus
2683 4554 3129 4626 ingredientibus.
3159 4553 3230 4609 At
3257 4555 3589 4611 vestibulum

2011 4658 2136 4703 ante
2165 4649 2449 4703 introitum
2481 4649 2792 4703 cubitorum
2844 4663 2898 4714 x,
2930 4647 3076 4718 quod
3111 4657 3229 4702 erat
3262 4657 3387 4703 ante
3433 4647 3590 4702 fron-

2011 4751 2142 4808 tem,
2181 4743 2459 4812 separabat
2521 4742 2696 4795 velum
2748 4757 3076 4809 suspensum
3131 4740 3376 4807 funibus,
3412 4741 3593 4812 'quod

2015 4839 2272 4906 utrinque
2300 4837 2517 4891 annulis
2545 4834 2864 4906 cogebatur,
2921 4845 2981 4890 ut
3005 4843 3060 4890 et
3091 4835 3306 4890 extendi
3356 4846 3410 4891 et
3460 4851 3595 4890 eon-

2014 4928 2154 4984 trahi
2186 4939 2370 4998 posset
2411 4928 2475 4982 ad
2505 4925 3115 5000 anguluransiguibus
3142 4944 3378 4998 namque
3402 4928 3597 4984 diebus

2015 5023 2331 5092 cogebatur,
2363 5030 2420 5075 ut
2451 5030 2766 5090 prospectus
2791 5030 3015 5090 pateret.
3059 5021 3230 5075 Erant
3255 5021 3418 5075 etiam
3445 5037 3595 5095 qua:-

2015 5113 2140 5168 dam
2196 5111 2455 5166 sindones
2507 5111 2908 5180 circumposita:
2949 5112 3285 5176 sanetuario,
3336 5121 3388 5166 et
3431 5127 3596 5176 super

2017 5203 2343 5259 sindonibus
2371 5203 2705 5271 operimenta
2746 5202 2849 5255 alia
2886 5202 3055 5256 tincta
3097 5202 3261 5257 variis
3291 5203 3592 5265 coloribus,

2019 5295 2084 5351 ad
2117 5294 2481 5350 resistemlum
2542 5294 2975 5364 tempestatibus.
3029 5293 3106 5348 Ae
3140 5308 3304 5362 supra
3356 5292 3444 5348 his
3474 5293 3595 5348 alia:

2022 5390 2185 5459 pelles
2219 5389 2507 5443 elaborata:
2541 5387 2916 5458 eoopcrientes
2950 5386 3066 5457 ipsa
3115 5393 3424 5456 tegumenta
3457 5390 3596 5441 tem-

2021 5495 2152 5548 pore
2183 5481 2512 5550 pluviarum.
2593 5523 2598 5527 .

2096 5812 2207 5887 (24)
2240 5817 2343 5874 Ms.
2375 5817 2735 5888 γιγγλίσκοις.
