4050 6578
481 375 582 440 129

1655 356 2038 449 nemus
2077 389 2576 462 maneamus.

3635 411 3734 476 130

475 513 636 561 σασα,
669 497 732 550 τὸ
767 498 866 570 μὲν
904 498 1078 569 ἥμισυ
1126 497 1428 566 κατεσθίει,
1466 498 1528 554 τὸ
1574 501 1630 555 δὲ
1670 503 1857 559 λοιπὸν
1887 506 2024 560 καλύ

2157 509 2278 564 dem
2307 523 2482 580 vorat,
2517 514 2785 586 reliquum
2817 520 3103 574 occultans
3129 533 3390 577 reservat.
3430 524 3731 584 Confestim

471 590 618 661 ψασα
660 590 984 660 ἐφύλαττεν.
1035 590 1252 654 Εὐθέως
1296 592 1348 645 oi
1389 596 1718 648 στασιασταὶ
1773 587 2048 668 παρῆσαν,

2162 601 2414 659 seditiosi
2468 606 2690 672 adsunt,
2726 609 3030 682 Itaustoque
3067 615 3292 670 naribus
3328 617 3520 673 nidore
3559 623 3732 675 secte-

473 683 566 736 καὶ
592 681 695 751 τῆς
725 682 992 753 ἀθεμίτου
1027 682 1253 752 κνίσσης
1298 682 1662 754 σπασάμενοι,
1691 688 1970 758 ἠπείλουν,
2001 709 2026 743 ε

2161 703 2306 761 rato,
2364 697 2777 766 minitabantur,
2812 701 2863 755 ni
2898 719 3034 772 quos
3069 717 3285 775 pararat
3318 710 3471 764 cibos
3499 712 3729 767 exhibe-

474 774 548 846 μὴ
588 773 785 841 δείξειε
839 773 900 828 τὸ
932 773 1414 844 παρασκευασθὲν,
1465 777 1837 846 ἀποσφάττειν
1879 781 2049 853 αὐτὴν

468 866 696 936 ταχέως.
735 866 800 920 Ἦ
825 866 881 920 δὲ
911 867 980 919 τά
1011 867 1242 936 λείψανα
1284 867 1380 921 τοῦ
1409 867 1528 922 υἱοῦ
1555 868 1868 940 διεκάλυψε.
1908 873 2047 937 Τοὺς

465 958 521 1012 δὲ
556 957 761 1023 εὐθέως
793 959 964 1032 φρίκη
998 959 1096 1014 καὶ
1148 959 1365 1033 φρενῶν
1419 960 1677 1024 ἔκστασις
1710 962 1871 1016 ἔλαϐε
1895 1005 1909 1026 ,
1952 967 2048 1020 καὶ

467 1051 617 1120 παρὰ
651 1049 751 1119 τὴν
796 1050 924 1120 ὄψιν
967 1051 1348 1121 ὲπεπήγησαν.
1409 1051 1474 1107 Ἡ
1518 1051 1576 1106 δὲ
1636 1047 1829 1106 εἶπεν·
1875 1054 2045 1124 Ἐμὸν

465 1141 641 1198 τοῦτο
672 1142 741 1196 τὸ
788 1142 1009 1197 τέκνον
1050 1142 1332 1212 γνήσιον,
1379 1144 1480 1198 καί
1507 1180 1510 1181 ν
1539 1143 1608 1199 τὸ
1661 1145 1838 1213 ἔργον
1875 1147 2041 1216 ἐμόν.

466 1235 708 1304 Φὰγετε,
742 1235 841 1288 καὶ
871 1237 984 1306 γὰρ
1016 1235 1133 1306 ἐγὼ
1155 1236 1454 1303 βέϐρωκα.
1502 1238 1602 1306 Μὴ
1629 1239 1872 1306 γίνεσθε
1891 1241 2045 1310 μήτε

455 1325 864 1396 μαλακώτεροι
896 1327 1209 1396 γυναικὸς,
1239 1324 1395 1396 μήτε
1420 1327 1902 1398 συμπαθέστεροι
1931 1348 2044 1400 μη-

462 1417 621 1482 τρός.
651 1419 716 1471 Ei
754 1416 822 1470 δὲ
851 1417 1025 1482 ὑμεῖς
1078 1417 1374 1483 εὐσεϐεῖς,
1405 1418 1510 1480 καί
1552 1421 1669 1486 τὴν
1698 1419 1854 1489 ἐμὴν
1889 1421 2040 1475 ἀπο-

462 1509 795 1578 στρέφεσθε
823 1512 1066 1573 θυσίαν,
1103 1516 1203 1565 καὶ
1235 1509 1302 1563 τὸ
1333 1510 1550 1565 λειπόν
1572 1513 1850 1580 μεινάτω.
1881 1514 1952 1567 Τὸ
1984 1515 2041 1568 δὲ

462 1603 573 1656 ἀπὸ
592 1600 690 1654 τοῦ
720 1602 883 1671 λιμοῦ
925 1601 1292 1673 φθειρόμενον
1335 1603 1480 1658 κατά
1506 1609 1608 1676 τὴν
1653 1605 1805 1659 πόλιν
1838 1607 2040 1676 πλῆθος

461 1695 683 1755 ἔπιπτε,
744 1696 842 1748 καὶ
878 1694 1002 1748 καθ’
1033 1696 1276 1766 ἑκάστην
1308 1696 1487 1750 οἰκίαν
1518 1699 1654 1751 ὅπου
1682 1698 1859 1772 τροφὴ
1895 1717 2039 1773 παρ-

467 1791 666 1860 εφάνη,
697 1789 936 1859 πόλεμος
961 1783 1028 1859 ἦν
1050 1789 1109 1842 ἐν
1133 1789 1293 1859 αὐτῇ,
1320 1789 1414 1844 καὶ¹
1440 1787 1530 1844 διά
1560 1791 1763 1861 χειρῶν
1796 1790 2039 1862 ἐχώρουν

2151 794 2255 852 ret,
2291 786 2437 841 illam
2485 792 2672 844 statim
2717 792 3084 863 jugulaturos.
3129 799 3198 851 At
3231 800 3426 854 mulier
3459 800 3552 856 ﬁlii
3603 805 3731 859 reli-

2149 877 2308 946 quias
2339 880 2727 938 manifestavit.
2783 884 2910 939 illos
2953 897 3175 957 repente
3227 891 3419 947 horror
3450 895 3731 965 animique

2147 969 2405 1027 alienatio
2437 976 2747 1044 occupavit,
2789 989 2844 1033 et
2888 979 2952 1033 ad
2996 980 3168 1034 visqu
3211 983 3587 1049 obrigui-runt.
3633 990 3725 1047 illa

2148 1077 2277 1117 vero
2308 1064 2470 1120 inﬁt:
2521 1066 2665 1121 Meus
2700 1078 2778 1122 est
2829 1073 3086 1139 genuinus
3133 1073 3220 1126 hic
3267 1074 3434 1142 ﬁlius,
3485 1088 3533 1133 et
3594 1098 3725 1150 opus

2146 1173 2338 1212 meum.
2360 1158 2649 1225 Comerlite,
2674 1165 2868 1218 etenim
2901 1176 2951 1219 et
2983 1182 3077 1236 ego
3102 1177 3258 1237 pasta
3276 1185 3419 1223 sum.
3453 1168 3535 1224 Ne
3557 1171 3725 1241 [ueri-

2146 1248 2215 1300 tis
2263 1259 2356 1301 aut
2387 1251 2652 1306 molliores
2684 1253 2914 1322 femina,
2957 1265 3050 1310 aut
3099 1258 3494 1326 aﬂrctuosiorcs
3531 1273 3720 1317 matre.

2146 1333 2302 1397 Quod
2328 1337 2375 1388 si
2399 1353 2486 1390 vos
2517 1339 2753 1406 religiosi
2780 1345 2934 1405 estis.
2983 1354 3032 1398 et
3062 1362 3232 1398 meum
3269 1351 3590 1404 «versamini
3634 1353 3724 1408 Ito-

2140 1425 2338 1492 stiant,
2382 1431 2620 1500 reliquid:
2660 1449 2864 1504 quoque
2905 1437 3036 1490 mihi
3077 1440 3283 1492 cedunt.
3317 1439 3506 1510 Populi
3541 1445 3722 1498 multi-

2143 1519 2276 1571 tudo
2309 1517 2454 1575 iame
2483 1523 2772 1593 absumpta
2808 1541 2905 1595 per
2928 1527 3202 1582 civitatem
3239 1531 3469 1588 cadebat
3497 1547 3511 1586 :
3555 1543 3720 1603 atque

2143 1608 2196 1664 in
2224 1611 2374 1665 omni
2401 1613 2584 1678 domo,
2625 1616 2719 1670 ubi
2753 1617 2912 1671 cibus
2943 1619 3226 1674 videbatur
3245 1635 3388 1685 esse,
3428 1622 3570 1676 inea
3609 1623 3722 1677 bel—

2142 1701 2254 1756 lum
2289 1712 2428 1767 crat,
2463 1713 2518 1758 et
2546 1721 2742 1761 manus
2776 1710 3137 1764 conserebant
3167 1712 3333 1767 amici
3376 1713 3516 1767 inter
3542 1729 3619 1769 se.
3641 1714 3718 1770 Ne

2142 1794 2443 1851 morientes
2472 1797 2694 1866 quidem
2723 1799 2924 1854 vidisse
2965 1787 3121 1857 Iidem
3158 1807 3402 1872 penuria:
3439 1807 3665 1862 faciebat
3699 1825 3712 1862 :

459 1883 508 1933 οἱ
539 1879 684 1948 φίλοι
715 1880 854 1949 πρὸς
888 1877 1175 1949 ἀλλήλους.
1215 1879 1404 1944 Πίστις
1425 1880 1482 1934 δὲ
1504 1880 1741 1952 ἀπορίας
1771 1882 1894 1936 οὐδὲ
1923 1884 2028 1947 τοῖς

2142 1887 2236 1940 sed
2273 1887 2546 1954 spirantes
2563 1891 2742 1946 adhuc
2765 1895 3251 1960 perserutabautur
3273 1898 3533 1962 latrones,
3552 1907 3716 1968 atque

459 1971 918 2042 ἀποθνήσκουσιν.
971 1970 1109 2026 ἀλλά
1165 1971 1294 2034 τοὺς
1346 1972 1687 2042 ἐμπνέοντας
1733 1975 1784 2027 oi
1834 1975 2030 2045 λῃσταὶ

457 2059 780 2130 διηρεύνων,
835 2060 931 2114 καὶ
969 2059 1075 2114 ὑπὸ
1118 2061 1433 2131 ἀμηχανίας
1467 2065 1594 2130 τοὺς
1623 2065 1820 2133 αὐτοὺς
1847 2067 2032 2133 οἴκους

456 2152 757 2223 εἰσεπήδων
785 2153 866 2216 δὶς
899 2152 934 2223 ἢ
967 2153 1088 2225 τρὶς
1111 2151 1232 2228 ὥρᾳ
1273 2156 1394 2227 μιᾷ.

454 2312 705 2367 ΚΕΦΑΛ.
745 2314 939 2381 PKQ".
962 2344 1035 2356 —
1066 2313 1258 2437 Πέσαι
1283 2313 1481 2386 ἑορταὶ
1522 2313 1683 2384 παρὰ
1716 2314 2033 2382 Ἰουδαίοις

1146 2400 1368 2437 vortat.

1146 2400 1368 2454 γονται.

522 2515 764 2586 Νόμιμοι
799 2515 899 2586 μὲν
921 2517 976 2569 αἱ
997 2517 1169 2586 τρεῖς,
1196 2515 1254 2567 ὲν
1281 2511 1371 2580 αἶς
1395 2515 1488 2570 καὶ
1507 2516 1631 2588 τρὶς
1656 2515 1750 2576 τοῦ
1778 2516 2027 2574 ἐνιαυτοῦ

453 2610 531 2672 εἰς
555 2607 655 2680 τὴν
681 2608 1044 2679 Ἰερουσαλὴμ
1062 2609 1306 2662 ἀνίεσαν.
1328 2610 1561 2680 Πρώτην
1574 2607 1672 2680 τὴν
1691 2609 1784 2662 τοῦ
1802 2609 2025 2674 Φασὲκ,

450 2702 485 2772 ἦ
515 2702 660 2753 ἐστιν
695 2699 1018 2772 ὑπέρϐασις,
1057 2702 1115 2752 ἐν
1246 2701 1306 2754 τὸ
1345 2700 1554 2772 ἄζυμον
1585 2701 1797 2774 ἤσθιον,
1829 2702 2024 2756 διαϐα-

449 2790 635 2859 τήριον
663 2787 1026 2858 καλουμένην,
1061 2789 1119 2845 ἐν
1149 2790 1719 2863 τεσσαρεσκαιδεκάτῃ
1743 2791 1838 2844 τοῦ
1870 2792 2024 2863 πρώ-

449 2897 540 2934 του
577 2879 745 2952 μηνδς
769 2880 1218 2952 ἐπιτελουμένην.

521 2973 811 3042 Δευτέραν,
853 2972 954 3043 τὴν
989 2972 1393 3045 Πεντηκοστὴν,
1435 2975 1576 3048 μετὰ
1606 2971 1649 3028 ν’
1683 2974 1898 3048 ἡμέρας
1928 2976 2022 3030 τοῦ

446 3061 627 3116 Φασὲκ
690 3062 1150 3134 ἐπιτελουμένην,
1207 3065 1266 3116 ὲν
1397 3065 1466 3118 τά
1515 3068 2021 3136 πρωτογεννήματα

446 3155 745 3227 προσῆγον,
784 3156 1014 3230 ἐπείπερ
1045 3157 1141 3210 καὶ
1192 3159 1248 3213 αἱ
1277 3158 1526 3230 δίπτυχοι
1560 3158 1767 3223 πλάκες
1805 3160 1904 3228 τῆς
1938 3177 2022 3212 νο-

2134 1976 2204 2030 ob
2232 1976 2472 2047 inopiam
2509 1981 2726 2037 consilii
2761 1981 2816 2036 in
2846 1985 3064 2039 easdem
3094 1987 3289 2044 domos
3323 2003 3428 2046 una
3467 1991 3598 2048 hora
3627 1991 3713 2046 bis

2134 2075 2286 2122 terve
2315 2067 2781 2137 ingrediebantur.

2165 2309 2315 2370 CAP.
2346 2313 2586 2370 CXXVI.
2619 2347 2688 2360 ——
2723 2316 2864 2392 Quot
2907 2318 3044 2387 festa
3087 2324 3231 2392 apud
3271 2319 3488 2380 Judwos
3539 2325 3676 2380 cclc-

2792 2389 3036 2444 brautur.

2204 2512 2278 2567 Ex
2327 2515 2460 2585 legis
2496 2519 2795 2576 constituto
2845 2531 2976 2577 sunt
3016 2532 3164 2587 tres.
3204 2525 3258 2580 in
3314 2527 3515 2596 quibus
3539 2530 3702 2585 etiam

2131 2615 2212 2663 ter
2235 2611 2530 2677 quotannis
2584 2613 2636 2666 in
2668 2611 2970 2669 Jerusalem
3019 2618 3408 2673 ascendebant.
3458 2620 3702 2676 Primntn

2131 2697 2326 2753 festum
2377 2699 2601 2767 Pliasec,
2641 2705 2786 2774 quod
2821 2706 3090 2775 signiﬁcat
3138 2710 3406 2764 transitus
3441 2728 3453 2764 :
3506 2713 3558 2764 in
3595 2728 3706 2782 quo

2127 2806 2376 2861 azymum
2412 2795 2790 2862 comedebaut,
2833 2796 3039 2852 dictum
3093 2798 3292 2855 festum
3340 2803 3702 2870 transitionis,

2127 2884 2612 2958 celebrabaturque
2658 2889 2816 2958 primi
2869 2891 3074 2945 mensis
3106 2892 3195 2946 die
3238 2903 3434 2962 quarta
3467 2897 3697 2951 decima.

2198 2974 2505 3032 Secundum
2558 2978 2898 3045 Pentecoste,
2949 2992 3071 3052 post
3116 2999 3146 3038 ι.
3173 2984 3290 3039 dies
3323 3001 3352 3038 a
3381 2986 3587 3042 i‘basec
3615 3003 3704 3042 ce-

2128 3065 2418 3136 lebratum,
2441 3069 2492 3122 in
2519 3084 2631 3139 quo
2653 3070 3012 3140 primogenita
3033 3074 3410 3139 adducebant;
3437 3078 3700 3146 quoniam

2125 3162 2292 3214 etiam
2327 3160 2575 3231 duplices
2608 3163 2805 3217 tabulae
2855 3164 2990 3234 legis
3033 3165 3137 3222 bac
3166 3167 3283 3236 ipsa
3322 3167 3409 3222 die
3439 3167 3610 3240 Moysi
3645 3171 3700 3227 in

449 3247 700 3320 μοθεσίας
729 3249 788 3301 ἐν
816 3248 988 3322 ταύτῃ
1016 3251 1082 3322 τῇ
1114 3250 1300 3322 ἡμέρᾳ
1328 3249 1407 3322 τῷ
1447 3251 1659 3322 Μωῦσῇ
1686 3251 1745 3305 ὲν
1783 3249 1863 3324 τῷ
1888 3253 2020 3324 Σινᾷ

2131 3264 2307 3308 monte
2339 3251 2469 3308 Sina
2500 3255 2712 3310 traditae
2740 3231 2982 3316 fuerant.

445 3340 562 3411 ὄρει
603 3339 964 3411 ἐπεδόθησαν.

514 3433 740 3504 Τρίτην,
771 3435 834 3487 ὲν
885 3434 963 3505 τῷ
998 3433 1210 3508 ἑϐδόμῳ
1254 3435 1408 3508 μηνὶ.
1450 3435 1550 3506 τὴν
1582 3432 1690 3492 τῶν
1731 3437 2022 3511 Σκηνοπη-

443 3528 581 3596 γίων
609 3545 623 3559 ·
649 3528 706 3580 έν
739 3521 784 3596 ᾧ
816 3534 969 3598 μηνὶ,
993 3528 1257 3602 νεομηνία
1289 3528 1389 3600 μὲν
1415 3528 1508 3580 τοῦ
1544 3528 1713 3600 μηνὸς
1739 3529 2023 3595 σαλπίζειν

444 3623 501 3673 ὲν
550 3621 860 3691 κερατίνοις
905 3620 1264 3676 ὲπετάττοντο
1302 3621 1598 3690 σάλπιγξι,
1623 3623 1690 3693 τῇ
1725 3621 1783 3678 δὲ
1819 3621 2021 3697 δεκάτῃ

443 3713 698 3784 νηστείαν
729 3713 869 3784 μετά
907 3713 1208 3785 κακουχίας
1250 3712 1428 3782 ἄγειν.
1479 3711 1612 3766 Ἀπὸ
1635 3712 1693 3766 δὲ
1728 3729 2020 3768 πεντεκαι-

441 3806 676 3879 δεκάτης
713 3806 817 3871 Em;
867 3807 1094 3879 ἡμερῶν
1148 3807 1288 3864 ἑπτά
1329 3805 1797 3878 σκηνοποιεῖσθαι.
1848 3799 2019 3863 Λῦται

446 3898 546 3970 μὲν
569 3898 664 3957 οὖν
692 3900 749 3954 αί
779 3899 1002 3970 νόμιμοι
1027 3900 1172 3971 τρεῖς
1202 3899 1409 3971 ἑορταί.

524 3991 931 4065 Ἒφευρέθησαν
951 3992 1006 4046 δὲ
1031 3992 1122 4046 καὶ
1139 3991 1298 4046 ἄλλαι
1316 3991 1582 4061 τέσσαρες
1602 3989 1808 4062 ἑορταὶ,
1835 4007 2019 4062 πραγ-

445 4086 633 4159 μάτων
662 4085 988 4158 εὐεργεσίας
1010 4085 1354 4154 ένεγκάντων
1385 4084 1562 4146 τινάς.
1605 4083 1694 4136 Ἐν
1716 4074 1805 4146 αἷς
1830 4079 2020 4152 λυχνο-

443 4176 692 4242 6ατοῦσι,
740 4178 872 4249 μηνὶ
908 4175 1116 4248 σἈδὲρ,
1168 4175 1230 4238 ὅς
1276 4175 1394 4230 ἐστι
1431 4173 1697 4244 Δύστρος,
1730 4171 1872 4243 ὑπὲρ
1919 4171 2019 4241 τῆς

443 4271 775 4342 ἀναιρέσεως
837 4269 1096 4339 Ἀμάνου,
1152 4267 1208 4332 ὃς
1261 4266 1704 4323 συνεσκευάσατο
1763 4265 1858 4320 ἐπὶ
1912 4262 2020 4319 τῶν

443 4366 671 4438 Περσῶν
700 4366 820 4420 ὅλον
851 4365 912 4418 τὸ
940 4363 1090 4427 ἔθνος
1119 4365 1176 4420 έν
1202 4365 1302 4438 μιᾷ
1323 4362 1506 4436 ἡμέρᾳ
1535 4360 1644 4418 ἀπὸ
1675 4359 2020 4431 συνθήματος

444 4459 788 4529 ἐξαφανίσαι.
815 4459 1162 4531 Μαρδοχαῖος
1207 4458 1265 4511 δὲ
1309 4457 1506 4522 πείσας
1556 4455 1759 4528 Ἐσοὴρ
1799 4453 2020 4524 σύγκοι-

2195 3431 2464 3497 Tertium,
2518 3448 2702 3492 mense
2748 3434 3002 3506 septimo,
3057 3433 3587 3493 Tabernaculorum.
3638 3436 3699 3495 in

2123 3540 2234 3595 quo
2263 3540 2470 3590 mense,
2502 3524 2756 3583 Kalendis
2789 3525 2921 3595 ipsis
2951 3527 3155 3582 mensis
3184 3528 3473 3582 bnccnare
3501 3528 3551 3582 in
3578 3543 3702 3584 cor-

2124 3616 2239 3672 neis
2272 3615 2522 3672 buccinis
2561 3615 2918 3686 jubebantur,
2953 3627 3008 3672 et
3045 3617 3135 3673 die
3177 3618 3384 3673 decima
3424 3617 3698 3688 jejunium

2122 3723 2245 3762 cum
2278 3705 2573 3764 alilictione
2604 3709 2835 3778 agitare.
2862 3708 2933 3763 At
2961 3725 2990 3764 a
3023 3710 3433 3778 quintadecima
3480 3712 3569 3768 die
3603 3728 3699 3782 per

2122 3801 2239 3856 dies
2270 3800 2565 3866 continuos
2596 3809 2804 3872 septem
2837 3801 2940 3856 sub
2973 3802 3342 3860 tabernaculis
3359 3818 3542 3874 agerc.
3571 3804 3698 3860 1]th

2121 3896 2288 3966 igitur
2320 3905 2452 3951 sunt
2478 3896 2580 3952 tria
2613 3896 2806 3964 legalia
2835 3893 2994 3952 festa.

2192 3987 2523 4058 Excogitatze
2575 3999 2705 4042 sunt
2747 3996 2801 4042 et
2849 3988 2970 4044 alia:
3023 3998 3262 4060 quatuor
3319 3990 3700 4046 solemnitates

2120 4081 2248 4136 dum
2287 4095 2377 4136 res
2403 4081 2534 4152 ipsa:
2563 4079 2824 4134 benelicia
2855 4081 3106 4150 quaedam
3150 4081 3475 4138 attulerunt.
3507 4083 3562 4136 In
3611 4082 3700 4137 bis

2120 4172 2564 4227 solemnitatibus
2597 4171 2840 4226 lucernis
2869 4182 3118 4236 utuntur,
3158 4189 3349 4230 mense
3391 4175 3558 4238 Ader,
3599 4173 3696 4243 qui

2119 4274 2204 4321 est
2239 4263 2485 4336 Dystrus,
2518 4275 2740 4335 propter
2768 4261 3114 4318 interfectum
3143 4266 3435 4329 Amanum,
3461 4265 3552 4334 qui
3587 4280 3698 4318 ma-

2120 4358 2372 4412 chinatus
2419 4356 2599 4412 fuerat
2637 4365 2880 4426 tempore
2911 4371 3099 4426 regum
3140 4355 3433 4410 Persarum
3479 4365 3696 4427 gentem

2123 4451 2435 4508 universam
2479 4464 2587 4504 uno
2619 4450 2707 4504 die
2746 4450 2874 4505 dato
2905 4450 3063 4520 signo
3101 4465 3132 4504 e
3157 4449 3337 4506 medio
3379 4449 3589 4504 tollere.
3628 4448 3698 4502 At

441 4569 532 4606 τον
553 4552 856 4623 γενομένην
885 4550 1113 4624 Δαρείου
1143 4550 1239 4605 τοῦ
1274 4550 1594 4622 Ἀσουήρου,
1623 4548 1723 4620 τὴν
1746 4546 2016 4616 συσκευὴν

2131 4544 2498 4602 Mardocbaeus
2521 4541 2736 4598 Estberi
2769 4540 3134 4611 persuadens,
3175 4557 3296 4611 qua:
3341 4539 3544 4610 conjux
3578 4548 3698 4597 erat

443 4642 608 4699 αὐτοῦ
656 4642 942 4714 ἀνέτρεψε,
981 4643 1073 4697 καὶ
1117 4643 1280 4697 αὐτὸν
1311 4640 1751 4714 ἀνεσταύρωσεν.
1796 4636 2016 4710 Ἐορτά-

444 4735 597 4799 ζουσι
623 4735 752 4803 γοῦν
777 4735 983 4807 ταύτην
1009 4735 1108 4806 τὴν
1133 4736 1370 4806 ἡμέραν,
1403 4733 1500 4789 καὶ
1542 4732 1791 4790 καλεῖται
1811 4729 1953 4804 αὕτη
1981 4731 2015 4800 ή

445 4829 606 4900 ἑορτὴ
636 4828 766 4899 παρ’
803 4828 986 4892 αὐτοῖς
1014 4827 1253 4899 Φρουραί
1287 4825 1424 4900 (50).

511 4920 658 4992 Μηνὶ
691 4921 770 4990 τῷ
817 4920 968 4991 αὐτῷ
997 4921 1138 4992 ὑπὲρ
1178 4920 1280 4990 τῆς
1331 4917 1666 4990 ἀναιρέσεως
1712 4917 2014 4990 Νικάνορος

438 5013 533 5067 τοῦ
583 5013 979 5077 ἀποσταλέντος
1025 5013 1119 5066 ἐπὶ
1170 5011 1482 5084 Δημητρίου
1510 5010 1605 5064 ἐπὶ
1648 5009 1737 5061 τὸν
1767 5008 2013 5062 Max:66-

439 5124 548 5160 νων
579 5106 708 5160 λαὸν
734 5106 826 5161 ἐπὶ
856 5106 935 5176 τῷ
979 5106 1071 5160 τὸν
1115 5104 1244 5160 λαὸν
1288 5102 1571 5172 ἀφανίσαι.
1608 5100 1800 5162 ,Ἀλλά
1840 5098 2016 5170 τούτῳ

441 5197 734 5270 συμϐαλὼν
779 5197 980 5262 Ἰούδας
1014 5198 1042 5250 ὁ
1086 5196 1465 5260 Μακκαϐαῖος.
1504 5194 1742 5265 ἐνίκησε,
1780 5194 1874 5247 καὶ
1919 5192 2017 5261 τὴν

441 5293 686 5363 κεφαλὴν
734 5291 899 5346 αὑτοῦ
961 5292 1056 5347 καὶ
1097 5293 1286 5362 χεῖρας
1323 5288 1627 5358 ἀποκόψας,
1670 5288 1879 5358 ἢγαγεν
1941 5286 2020 5350 εἰς

439 5385 541 5455 τὴν
576 5385 932 5460 Ἰερουσαλὴμ
970 5388 1038 5457 τῇ
1083 5383 1515 5456 τρισκαιδεκάτῃ
1529 5380 1624 5436 τοῦ
1638 5380 1880 5453 Δύστρου
1911 5397 2017 5451 μη-

442 5477 552 5540 νόε.
591 5478 679 5532 Ἐν
768 5478 956 5551 ἡμέρᾳ
998 5477 1093 5532 καὶ
1138 5475 1238 5548 τὴν
1268 5474 1459 5548 ἑορτὴν
1483 5475 1588 5538 ἕως
1619 5473 1716 5527 τοῦ
1754 5472 2020 5543 παρόντος

443 5569 776 5624 ἐπιτελοῦσι.

2120 4639 2269 4696 Darii
2315 4635 2539 4694 Assueri
2558 4678 2574 4704 ,
2622 4635 2904 4690 machinas
2931 4634 3050 4706 ejus
3077 4635 3293 4694 evertit.
3324 4649 3562 4703 eumque
3591 4649 3691 4702 pa-

2120 4730 2293 4786 tibulo
2344 4729 2650 4800 suspendit.
2697 4726 2990 4781 Celebrant
3038 4725 3202 4795 igitur
3252 4725 3397 4780 banc
3431 4723 3574 4779 diem
3605 4731 3698 4778 :et

2114 4825 2229 4880 bace
2263 4822 2532 4879 lestivitas
2564 4821 2706 4892 apud
2735 4819 2859 4875 illos
2884 4829 3110 4876 vocatur
3145 4816 3439 4874 Custodiae.

2184 4917 2384 4971 Eodem
2449 4929 2658 4977 mense,
2694 4920 2916 4984 propter
2955 4910 3304 4968 interiectum
3357 4909 3686 4966 Nicanorem

2121 5009 2213 5078 qui
2247 5009 2448 5064 missus
2478 5006 2656 5061 luerat
2678 5006 2779 5060 sub
2805 5003 3082 5060 Demetrio
3111 5003 3178 5056 ad
3213 5001 3472 5073 populum
3511 5001 3697 5058 Mace-

2121 5104 2326 5158 donum
2375 5100 2441 5155 ad
2477 5096 2812 5171 perdendam
2849 5107 3086 5166 gentem.
3113 5095 3219 5152 Sed
3265 5103 3523 5152 conserta
3567 5108 3696 5148 cum

2121 5210 2188 5250 eo
2244 5207 2447 5264 pugna,
2506 5207 2630 5246 eum
2681 5191 2849 5244 Judas
2891 5189 3233 5249 Maccabams
3283 5187 3504 5250 devicit,
3533 5195 3699 5256 atquo

2123 5295 2406 5358 amputato
2419 5284 2538 5356 ejus
2551 5284 2730 5354 capite
2749 5291 2802 5337 et
2820 5283 3093 5348 manibus,
3119 5282 3241 5336 tulit
3261 5279 3696 5348 Hierosolymam

2124 5377 2496 5436 tertiadecima
2526 5375 2614 5431 die
2645 5375 2851 5430 mensis
2885 5373 3083 5445 Dystri.
3110 5371 3228 5439 Qua
3283 5370 3374 5426 die
3427 5369 3698 5424 hactenus

2122 5472 2267 5527 hanc
2289 5471 2569 5526 celebrant
2587 5465 2964 5524 festivitatem.

517 5780 629 5844 (πο)
682 5777 796 5834 Nisi
854 5779 1014 5834 malis
1054 5778 1272 5851 φουραί,
1307 5777 1458 5835 dicas
1508 5789 1640 5835 voce
1701 5788 1879 5848 graeca
1929 5781 2046 5831 tum
2085 5786 2208 5830 esse
2247 5780 2551 5839 auctorem,
2619 5782 2742 5842 quae
2795 5779 2959 5822 sensu
2988 5777 3053 5820 ac
3109 5762 3306 5820 litteris
3358 5761 3598 5819 maxime
3629 5760 3696 5816 ad

445 5852 653 5908 vhurim
680 5851 984 5906 accederet.
