4032 6582
984 324 1080 335 -.ν-σιο-

349 389 446 455 131
1880 368 2186 434 JOSEPPI
2242 351 2265 371 '
3516 360 3617 425 132

416 500 603 559 Hense
638 499 837 554 'autcm
902 492 1163 559 Chasleu,
1191 489 1283 562 qui
1316 498 1401 544 cst
1452 488 1675 559 Aprilis,
1734 488 1820 544 die
1844 488 1919 541 vi
1959 494 2002 549 Λ

2101 480 2251 551 Μηνὶ
2271 478 2326 531 δὲ
2345 475 2584 540 Χασλεὺ,
2612 475 2670 539 ὃς
2688 475 2840 528 ἐστιν
2873 473 3185 545 Ἀπρίλλιος
3210 472 3348 543 (Si),
3386 473 3616 544 πέμπτῃ
3678 496 3682 499 -

345 596 551 651 cesima
605 594 819 661 quinta,
860 587 1005 641 aliud
1041 586 1262 648 festum,
1296 582 1524 635 Lumina
1569 581 1923 650 appellatum,

2030 575 2127 626 καὶ
2160 573 2406 642 εἰκοστῇ,
2437 569 2606 639 ἄλλην
2648 567 2864 637 ἑορτὴν,
2910 565 2982 620 τὰ
3035 565 3204 618 Φῶτα
3252 565 3614 635 καλουμένην,

346 687 647 749 celebrant,
712 679 1037 736 memoriam
1101 685 1326 745 agentes
1378 668 1650 744 puriﬁcati
1715 670 1925 741 templi,

2031 665 2361 725 ἐπιτελοῦσι,
2392 663 2492 732 τῆς
2524 660 2897 732 καθαιρέσεως
2927 659 3021 712 τοῦ
3049 658 3178 711 ναοῦ
3211 656 3327 728 (52)
3382 658 3609 727 μνήμην

347 778 494 850 quod
533 747 917 847 proianaverat
942 769 1249 823 Antiochus
1285 766 1519 819 lllnstris
1548 765 1624 817 δ’.

2034 753 2372 822 ποιούμενοι,
2401 750 2461 803 ὃν
2493 749 2718 819 ἐμίανεν
2764 748 3033 818 Ἀντίοχος
3061 749 3095 801 ό
3136 747 3462 815 Ἐπιφανής.

422 867 608 922 Mense
637 877 801 932 porro
834 858 1045 927 ~Nisan,
1100 860 1215 929 ipse
1245 867 1324 912 est
1382 854 1712 919 Xanthicus,
1768 852 1928 905 aliam

2104 845 2253 915 Μηνὶ
2302 844 2361 896 δὲ
2402 842 2594 911 Νησᾶν
2630 838 2914 912 (Ξανθικδς
2953 838 3011 892 δέ
3060 840 3209 893 ἐστιν
3245 831 3424 907 οὗτος)
3454 837 3620 906 ἄλλην

352 968 520 1031 agunt
536 956 939 1013 solemnitatem
963 953 1203 1007 maxime
1222 950 1516 1019 insignem,
1534 945 1756 1017 quando
1788 942 1931 997 ﬁlius

2034 939 2258 1005 ἄγουσιν
2289 933 2505 1006 ἐορτὴν,
2533 932 2950 1005 ὑπερεὺσημον,
2976 932 3066 986 ὅτε
3089 933 3118 985 ὁ
3163 931 3484 985 Ματταθίου
3523 929 3621 999 τὴν

353 1028 653 1108 λίειιαιιιὶιιι
690 1062 873 1102 arcem
898 1044 1224 1117 puriticavit.

1025 1045 1224 1099 licavit.
2041 1031 2218 1101 ἄκραν
2268 1028 2617 1097 ἐκαθάρισεν.

352 1160 786 1221 CAP.CXXV|I.
820 1190 888 1201 —
929 1155 1401 1226 Qua’namjejunia
1428 1146 1915 1207 celebrantludari.

2039 1141 2289 1195 ΚΕΦΑΛ.
2331 1140 2506 1194 ΡΚΖ’.
2540 1166 2611 1183 -ο-
2639 1138 2822 1226 Ποίας
2862 1138 3151 1206 νηστείας
3201 1137 3477 1194 Ἰουδαῖοι
3518 1154 3623 1206 νη-

2676 1224 2988 1263 στευουσι.

427 1338 503 1391 Ex
552 1337 673 1407 lege
722 1335 941 1405 quidem
976 1339 1304 1403 acceperunt
1335 1327 1696 1398 jejunandum
1748 1338 1938 1380 mense

2109 1324 2360 1395 Νόμιμον
2398 1323 2497 1393 μὲν
2546 1318 2640 1376 οὖν
2693 1321 2972 1392 νηστείαν,
3020 1320 3119 1391 τὴν
3171 1319 3230 1372 ἐν
3286 1318 3364 1389 τῷ
3412 1317 3624 1389 essem.

358 1429 610 1499 septimo,
639 1426 850 1483 decima
890 1426 979 1481 die
1013 1424 1238 1479 mensis.
1288 1420 1430 1477 Sunt
1477 1431 1658 1475 tamen
1722 1425 1777 1472 et
1829 1416 1937 1470 alia

2044 1418 2195 1489 μηνὶ,
2228 1417 2433 1490 δεκάτῃ
2466 1414 2561 1469 τοῦ
2611 1416 2801 1486 μηνὸς,
2848 1413 3139 1484 νηστεύειν
3195 1412 3620 1483 παρειλήφασιν.

357 1530 592 1591 quatuor
610 1518 818 1588 jejunia
860 1531 986 1587 qua:
1012 1512 1354 1571 observanda
1397 1518 1751 1583 acceperunt,
1793 1521 1937 1578 quo-

2045 1511 2163 1563 Eioi.
2205 1510 2264 1564 δὲ
2313 1510 2411 1564 καὶ
2457 1509 2614 1564 ἄλλαι
2659 1506 2698 1560 δ’
2776 1509 2962 1571 αὐτοῖς
3034 1504 3474 1578 παρειλημμέναι
3525 1521 3622 1575 νη-

359 1629 481 1667 runi
532 1619 710 1666 exstat
743 1608 955 1664 mentio
1010 1606 1153 1678 apud
1212 1605 1534 1676 prophetam
1593 1600 1938 1662 Zachariam,

2045 1607 2241 1667 arsisti,
2282 1602 2377 1657 καὶ
2408 1602 2561 1674 παρά
2583 1601 2661 1672 τῷ
2691 1601 2952 1675 προφήτῃ
2993 1600 3241 1672 Ζαχαρία
3290 1598 3628 1669 μνημονευό-

358 1720 482 1759 cum
530 1704 597 1758 de
627 1703 735 1757 illis
769 1701 1012 1771 loquitur
1051 1697 1363 1768 :Jejunium
1407 1694 1596 1750 mensis
1647 1693 1846 1762 quarti,
1893 1701 1942 1745 ct

2049 1712 2229 1766 μεναι,
2246 1694 2373 1765 περὶ
2387 1687 2461 1747 ὧν
2487 1710 2620 1764 φησι
2643 1709 2660 1726 ο
2686 1693 2949 1761 Νηστεία
2978 1694 3019 1761 ἠ
3048 1693 3351 1759 τετάρτου,
3376 1691 3477 1744 καί
3514 1707 3627 1758 νη-

361 1794 619 1861 jejumum
649 1792 841 1861 quinti,
864 1800 913 1845 et
939 1790 1204 1859 jejunium
1224 1788 1455 1858 septimi,
1485 1794 1535 1841 et
1558 1784 1825 1855 jejunium
1852 1782 1945 1836 de-

2046 1788 2218 1842 στεία
2246 1789 2283 1855 ἡ
2324 1789 2615 1855 πέμπτου,
2641 1786 2737 1839 καί
2770 1786 3017 1849 νηστεία
3046 1784 3084 1853 ἡ
3114 1783 3496 1852 ἐϐδόμου,καὶ
3516 1801 3624 1849 νη-

364 1882 487 1936 cimi
525 1882 624 1937 erit
658 1880 839 1934 domui
879 1878 1027 1933 Iuda
1066 1879 1121 1933 in
1166 1878 1418 1949 gaudium
1469 1886 1519 1930 et
1570 1876 1627 1928 in
1676 1874 1941 1937 ltetitiam,

2046 1882 2219 1934 στεία
2249 1881 2287 1947 ἠ
2311 1879 2564 1933 δεκάτου
2598 1878 2767 1933 ἔσται
2802 1877 2879 1942 τῷ
2906 1878 3049 1940 οἴκῳ
3105 1876 3292 1930 Ἰούδα
3320 1878 3407 1943 εἰς
3436 1874 3630 1945 χαρὰν

364 1985 412 2027 et
454 1974 511 2029 in
567 1974 879 2043 festivitates
931 1972 1094 2025 bonas
1144 1970 1212 2024 ⁸⁸.
1275 1972 1350 2024 Ac
1399 1968 1667 2039 jejunium
1724 1965 1943 2036 quidem

2045 1970 2146 2025 καὶ
2182 1973 2264 2036 είς
2308 1969 2718 2038 εὐφροσύνην,
2752 1967 2851 2021 καὶ
2892 1969 2979 2033 εὶς
3002 1966 3212 2035 ἑορτὰς
3236 1964 3482 2035 ἀγαθάς.
3520 1964 3629 2018 Καὶ

366 2065 571 2121 mensis
627 2065 831 2135 quarti,
863 2071 947 2119 est
974 2063 1030 2118 in
1064 2078 1174 2133 quo
1210 2075 1399 2117 mense
1435 2061 1629 2114 civitas
1678 2073 1709 2111 a
1762 2058 1945 2112 Nabu—

2045 2065 2079 2133 ή
2112 2062 2211 2134 μὲν
2248 2061 2346 2115 τοῦ
2377 2060 2638 2131 τετάρτου
2682 2060 2851 2131 μηνὸς
2874 2059 3120 2126 νηστεία,
3151 2057 3298 2112 ἔστιν
3332 2059 3391 2111 ἐν
3420 2051 3465 2127 ᾧ
3496 2058 3630 2129 μηνὶ

365 2158 711 2213 ehodonosor
747 2157 964 2223 dirupta
1025 2162 1128 2209 est.
1182 2152 1456 2224 Jejunium
1512 2152 1711 2222 quinti,
1767 2164 1941 2219 quum

2050 2156 2085 2225 ἡ
2127 2154 2282 2218 πόλις
2311 2153 2415 2207 ὑπὸ
2440 2153 2531 2206 τοῦ
2562 2151 3036 2222 Ναϐουχοδονόσορ
3065 2152 3301 2223 ἐρράγη.
3347 2150 3413 2203 Ἦ
3439 2149 3497 2202 δὲ
3530 2148 3627 2202 τοῦ

369 2251 629 2321 templum
687 2249 1035 2305 combustum
1077 2256 1184 2314 est,
1249 2246 1467 2317 septimi
1498 2254 1705 2309 autem,
1730 2242 1949 2314 quando

2051 2248 2327 2317 πέμπτου,
2357 2249 2413 2299 ἐν
2444 2240 2487 2314 ᾧ
2506 2245 2815 2316 ἐνεπρήσθη
2840 2247 2868 2298 ὁ
2902 2244 3049 2305 ναός.
3098 2243 3360 2313 Ἐὁδόμου
3393 2241 3472 2308 δὲ,
3506 2242 3564 2294 ἐν
3587 2233 3633 2311 ᾧ

369 2343 630 2397 Godolias
682 2341 998 2397 interfectus
1040 2349 1125 2397 est
1157 2340 1226 2395 ab
1276 2339 1464 2394 Israel.
1504 2340 1570 2393 Et
1602 2338 1800 2393 decimi
1827 2346 1951 2390 tan-

2050 2338 2304 2402 Γοδολ¹ίας
2335 2338 2580 2411 ἀνῃρέθη
2605 2338 2709 2391 ὑπὸ
2751 2337 3053 2407 Ἰσραήλου.
3088 2335 3199 2390 Καὶ
3225 2336 3474 2402 δεκάτου,
3503 2332 3629 2388 καθ’

369 2435 517 2500 dem,
548 2450 658 2504 quo
684 2448 869 2489 mense
884 2433 1208 2502 degentibus
1242 2432 1515 2503 Babylone
1541 2431 1791 2486 nuntiata
1821 2437 1952 2486 sunt

2051 2432 2110 2485 ὃν
2143 2432 2287 2502 μῆνα
2309 2433 2421 2495 τοῖς
2458 2430 2608 2484 οὖσιν
2633 2432 2690 2482 ἐν
2717 2430 2998 2484 Βαϐυλῶνι
3024 2431 3302 2501 ἀνηγγέλη
3357 2430 3425 2483 τὰ
3476 2427 3633 2497 γενόο

374 2527 516 2581 mala
565 2528 844 2587 universa,
898 2540 1021 2596 quae
1061 2525 1424 2595 geontigcrant
1475 2524 1527 2578 in
1556 2521 1881 2578 Jerusalem.

1517 2539 1527 2577 l
1556 2521 1881 2578 Jerusalem.
2057 2543 2193 2595 μενα
2218 2528 2277 2578 ἐν
2315 2524 2671 2595 Ἰερουσαλὴμ
2700 2526 2914 2581 ἅπαντα
2942 2525 3109 2580 κακά.

373 2637 529 2695 CAP.
564 2636 921 2692 CXXVlll.——
943 2634 1074 2699 Quae
1102 2632 1665 2708 nonsuntquwrenda,
1701 2649 1820 2687 cum
1844 2633 1951 2687 sint

2057 2640 2311 2697 ΚΙΞΦΔΛ.
2341 2638 2523 2694 PKll'.
2568 2669 2635 2678 —
2671 2640 2807 2695 Τίνα
2849 2639 3039 2703 ἐστὶν,
3078 2638 3116 2692 ἃ
3147 2638 3234 2708 μὴ
3262 2639 3378 2707 χρὴ
3423 2635 3634 2705 ζητεῖν,

881 2705 1451 2775 incomprehensibilia.

2512 2709 2547 2762 ὅ
2552 2728 2601 2763 τι
2632 2710 2727 2763 καὶ
2761 2705 3177 2778 ἁκατὰἱηπτά.

450 2820 835 2890 luquirendunt
865 2833 970 2872 non
998 2827 1082 2873 est
1120 2819 1211 2872 ubi
1248 2817 1573 2873 consisteret
1610 2816 1951 2871 intellectua-

2127 2820 2238 2891 Τὴν
2268 2818 2378 2891 (55)
2416 2820 2521 2890 πρδ
2574 2820 2673 2889 τῆς
2727 2819 2992 2888 γενέσεως
3044 2820 3142 2888 τῆς
3184 2818 3425 2874 ἀσὺσσου
3480 2837 3636 2895 ποιη-

380 2915 445 2968 lis
498 2915 735 2967 essentia
800 2919 927 2965 ante
998 2911 1413 2979 productionem
1462 2922 1663 2963 creatae
1728 2908 1951 2979 abyssi;

2055 2914 2156 2986 τῆς
2178 2914 2289 2984 (54)
2343 2914 2535 2987 νοερᾶς
2575 2913 2787 2976 οὑσίας,
2821 2912 3050 2984 πότερον
3108 2912 3366 2985 ὑπεράνω
3412 2912 3520 2966 τῶν
3546 2914 3638 2966 οὑ-

380 3021 639 3060 numnam
668 3020 831 3074 supra
859 3004 1051 3068 cmlos,
1083 3003 1181 3075 ubi
1205 3017 1359 3071 aqua:
1387 3000 1569 3074 abyssi
1604 3000 1805 3055 relicta:
1826 3006 1956 3054 sunt

2059 3005 2236 3077 ρανῶν
2292 3007 2438 3058 ἐστιν
2470 3043 2485 3068 ,
2542 3004 2672 3060 ἔνθα
2721 3005 2791 3060 τὰ
2842 3004 3011 3058 ὕδατα
3070 3003 3435 3075 ὲναπελείφθη
3472 3045 3488 3070 ,
3540 3005 3640 3075 τῆς

383 3110 503 3169 post
530 3098 920 3161 sccretionem;
950 3110 1018 3148 an
1051 3095 1104 3148 in
1163 3105 1331 3157 terra,
1355 3094 1438 3147 vel
1489 3093 1590 3147 sub
1644 3100 1807 3157 terra,
1842 3093 1957 3146 sive

2061 3097 2302 3151 ἀϐύσσου
2375 3097 2444 3151 τά
2504 3098 2990 3171 μεταδιακριθέντα
3025 3113 3040 3128 ·
3089 3096 3184 3151 ἐπὶ
3228 3098 3326 3168 τῆς
3387 3097 3488 3165 γῆς
3528 3139 3544 3163 ν
3603 3098 3640 3168 ἢ

381 3193 435 3244 in
472 3190 693 3258 regione
720 3190 940 3243 aetheris
970 3202 1091 3257 qua:
1127 3188 1266 3241 emlo
1284 3185 1495 3240 subest.
1533 3185 1774 3250 Quorum
1814 3183 1956 3237 enim

2066 3191 2171 3245 ὑπὸ
2228 3191 2506 3262 τὴνγῆν,
2556 3192 2589 3262 ἢ
2649 3192 2707 3243 ἐν
2766 3189 2991 3261 αἰθερίῳ
3028 3190 3107 3262 τῷ
3165 3190 3270 3244 ὑπὸ
3319 3191 3411 3245 τὸν
3479 3192 3642 3263 οὑρα-

381 3280 620 3333 csscutia
654 3290 708 3334 ct
741 3292 865 3334 ante
902 3278 1087 3331 ntundi
1135 3277 1516 3347 digestionem,
1555 3286 1611 3330 ct
1659 3285 1786 3329 ante
1822 3290 1958 3328 eon-

2065 3284 2178 3337 νὸν.
2205 3278 2307 3334 Ὧν
2350 3283 2458 3354 γὰρ
2498 3284 2531 3353 ή
2565 3283 2723 3336 οὑσία
2777 3283 2873 3335 καὶ
2934 3282 3042 3353 πρὸ
3081 3281 3181 3353 τῆς
3229 3283 3643 3354 διακοσμήσεως

384 3373 554 3426 ditum
586 3371 753 3424 chaos
777 3370 1111 3442 bypostasim
1151 3369 1402 3425 habebat.
1432 3368 1582 3421 nullo
1616 3365 1794 3420 adhuc
1836 3365 1958 3419 loco

2067 3376 2163 3429 καὶ
2189 3374 2296 3445 πρὸ
2323 3376 2421 3445 τῆς
2445 3375 2684 3428 ἀϐύσσου
2710 3376 2808 3447 τὴν
2853 3376 3150 3429 ὑπόστασιν
3183 3375 3331 3445 ἔσχε,
3366 3376 3535 3429 τόπου
3561 3394 3645 3430 τι·-

388 3471 567 3515 mente
613 3471 901 3529 concepto,
943 3460 1035 3514 ubi
1087 3461 1388 3514 consistere
1445 3466 1703 3528 possent;
1766 3459 1960 3511 horum

2070 3466 2158 3530 νὸς
2190 3467 2290 3517 οὑκ
2314 3466 2529 3517 ἐπινοου
2540 3465 2701 3535 μένου
2741 3466 2800 3518 τὸ
2823 3466 3146 3537 τηνικαῦτα,
3180 3469 3239 3521 ἐν
3270 3461 3313 3535 ᾧ
3340 3467 3438 3543 τήν
3477 3467 3642 3543 μονήν

391 3552 731 3606 mansionem
779 3567 845 3603 ne
880 3559 1001 3620 post
1057 3549 1471 3619 productionem
1525 3549 1747 3620 quidem
1801 3548 1965 3617 hujus

2070 3553 2206 3629 εἶχε,
2237 3557 2439 3608 τούτων
2465 3558 2564 3628 τὴν
2602 3556 2769 3629 μονὴν
2799 3558 2916 3609 οὑδέ
2948 3560 3086 3631 μετὰ
3126 3560 3227 3629 τὴν
3253 3560 3466 3630 γένεσιν
3490 3560 3641 3619 τοῦδε

393 3644 630 3698 universi
667 3643 996 3713 investigare
1023 3641 1171 3707 licet,
1207 3641 1308 3696 nisi
1357 3643 1533 3696 solum
1580 3642 1726 3713 quod
1762 3638 1958 3695 factori

2069 3651 2165 3704 τοῦ
2193 3650 2391 3713 παντὸς
2416 3649 2692 3723 ζητητέον,
2726 3650 2759 3725 ἢ
2788 3651 2947 3722 μόνον
2972 3652 3162 3723 ὅτιπερ
3186 3651 3263 3725 τῷ
3294 3655 3495 3725 ποιητῇ
3527 3652 3644 3727 θεῷ

395 3733 507 3786 Deo
534 3732 814 3788 astabant.

2073 3746 2449 3817 παρειστήκει.

466 3826 540 3880 De
573 3827 729 3895 aquis
751 3835 908 3882 terrae
940 3825 1467 3897 subjectis,qnarum
1494 3825 1629 3880 lines
1648 3822 1967 3894 perquirere

2146 3838 2279 3907 Περὶ
2300 3837 2393 3891 τοῦ
2429 3837 2533 3891 ὑπὸ
2565 3838 2670 3908 γῆν
2712 3837 2925 3900 ὓδατος,
2962 3838 3023 3890 οὑ
3064 3836 3238 3906 πέρας
3267 3829 3327 3889 οὑ
3378 3837 3648 3909 προσήκει

397 3932 505 3972 non
561 3930 647 3972 est
696 3916 801 3973 fas.
858 3917 987 3973 Sive
1019 3918 1164 3971 enim
1213 3918 1371 3972 tellus
1412 3915 1665 3971 sublimis
1700 3928 1969 3984 suspensa

2076 3930 2279 4003 ζητεῖν.
2334 3930 2472 3983 Ἀλλ’
2517 3932 2629 3987 εἴτε
2676 3932 2949 4002 μετέωρος
2976 3930 3089 4001 (55)
3119 3931 3440 4000 ἀνήρτηται,
3486 3931 3646 3985 δυνά-

397 4012 470 4065 sit
495 4026 560 4064 ex
592 4010 685 4065 Dei
714 4014 972 4082 potentia,
1000 4012 1155 4082 juxta
1181 4011 1311 4065 illud
1354 4027 1367 4064 :
1393 4009 1739 4080 Suspendens
1766 4017 1963 4061 terram

2079 4041 2169 4099 ρει
2200 4022 2358 4088 Θεοῦ,
2386 4022 2537 4087 κατὰ,
2582 4024 2664 4088 τὸ,
2697 4022 3004 4093 ιιὮεμάζων
3032 4022 3150 4093 γῆν
3180 4022 3291 4093 (56)
3342 4024 3435 4075 ἐπ’
3475 4023 3650 4077 οὐδε-

398 4118 555 4171 super
576 4105 727 4156 inani
761 4117 779 4156 :
817 4105 933 4158 sive
977 4104 1031 4157 in
1078 4103 1251 4159 solido
1311 4103 1536 4168 feratur,
1579 4104 1733 4171 juxta
1796 4100 1969 4154 illud:

2077 4112 2184 4178 νός
2204 4130 2218 4144 °
2241 4114 2349 4165 εἴτε
2369 4113 2463 4165 ἐπὶ
2494 4112 2717 4185 στερεοῦ
2750 4115 2993 4184 φέρεται,
3024 4112 3165 4167 κατά
3189 4114 3248 4165 τό
3264 4130 3278 4145 ’
3318 4113 3463 4183 Ἐγὼ
3480 4115 3648 4168 ἐστε-

404 4196 513 4265 h‘go
552 4196 778 4250 solidavi
810 4197 1081 4250 columnas
1103 4196 1217 4270 ejus
1249 4212 1268 4250 :
1300 4197 1418 4251 sive
1465 4211 1633 4264 super
1690 4193 1975 4248 immensis

2069 4207 2273 4274 ρέωσα
2324 4204 2466 4271 τοὺς
2518 4206 2787 4271 στύλους
2832 4204 3024 4272 αὐτῆς
3056 4222 3069 4235 ·
3106 4198 3218 4258 εἴτε
3274 4206 3361 4258 ἐπ’
3407 4206 3651 4277 ἀπείρων

400 4287 556 4358 aquis
582 4291 863 4356 consistat,
892 4290 1193 4345 secundum
1226 4290 1360 4344 illud
1399 4306 1413 4342 :
1447 4287 1649 4358 Abysso
1695 4302 1785 4341 ceu
1815 4286 1975 4340 vesti-

2078 4298 2286 4351 ὑδάτων
2324 4300 2495 4364 ἐστὶν,
2520 4300 2663 4351 κατά
2687 4298 2767 4351 τὸο
2798 4298 3073 4362 Ἀσύασῳ
3102 4298 3181 4363 ὠς
3203 4297 3408 4366 Ιματίῳ
3429 4298 3650 4363 ἑλίξεις

402 4392 576 4434 mento
624 4382 993 4439 circumuolves
1053 4397 1206 4446 eam;
1236 4383 1536 4435 omittenda
1574 4390 1658 4435 est
1712 4380 1869 4435 nobis
1890 4395 1978 4434 sa-

2079 4392 2293 4453 αὑτήν.
2325 4390 2698 4460 Παραιτητέον
2718 4390 2813 4460 τὴν
2845 4391 2974 4460 περὶ
3000 4391 3110 4443 τῶν
3139 4390 3454 4461 βαθυτέρων
3494 4392 3649 4463 ἐρευ-

398 4475 561 4545 pieuti
598 4476 809 4530 ratione
856 4475 1138 4545 persuasis
1170 4473 1726 4542 proiundissimarum
1776 4472 1964 4541 hujus-

1493 4475 1726 4526 imarum
1776 4472 1964 4541 llujus-
2006 4522 2050 4577 Β
2081 4498 2201 4549 ναν,
2235 4482 2313 4551 τῷ
2341 4481 2491 4552 σοφῷ
2526 4481 2884 4551 πειθομένους
2920 4483 3085 4555 λόγῳ.

399 4568 544 4621 modi
576 4584 757 4621 rerum
781 4567 1150 4635 investigatio.

470 4660 659 4713 Itidem
713 4657 876 4711 etiam
930 4656 1059 4725 quid
1097 4656 1531 4711 concludendum
1590 4657 1664 4711 sit
1702 4657 1769 4711 de
1815 4657 1975 4726 aquis

2146 4662 2220 4714 Τὸ
2248 4661 2379 4714 αὑτὸ
2415 4660 2510 4713 καὶ
2538 4662 2667 4732 περ)⁸
2710 4660 2804 4714 τοῦ
2852 4660 3318 4731 συμπεράσματος
3374 4660 3484 4714 τῶν
3524 4662 3649 4718 ὑδά-

401 4767 524 4823 qua:
545 4752 654 4805 sint
683 4766 847 4820 super
885 4751 1077 4815 caelos,
1112 4749 1431 4819 profundior
1465 4766 1551 4805 res
1583 4758 1687 4815 cst,
1723 4767 1887 4820 quam
1916 4760 1977 4805 ut

2077 4770 2207 4818 των,
2242 4751 2351 4804 τῶν
2398 4751 2654 4824 ὑπεράνω
2696 4752 2805 4805 τῶν
2860 4754 3128 4821 οὐρανῶν,
3162 4751 3298 4820 βαθὺ
3330 4753 3391 4805 τὸ
3444 4755 3647 4824 ζητεῖν.

403 4856 649 4913 quaerere
707 4843 888 4897 liceat.
950 4842 1021 4897 Ut
1069 4845 1214 4896 enim
1274 4844 1340 4898 de
1373 4842 1638 4896 limitibus
1690 4842 1830 4897 infra
1862 4852 1974 4897 tcr-

2090 4843 2178 4907 Ὢς
2239 4843 2348 4914 γὰρ
2398 4843 2493 4897 τοῦ
2564 4844 2670 4897 ὑπὸ
2720 4845 2820 4914 τὴν
2878 4844 2985 4913 γῆν
3020 4842 3209 4908 τέλους
3262 4843 3560 4917 ἀνεύρητος
3618 4849 3650 4917 ή

408 4952 522 4989 ram
547 4936 1033 5005 impcrscrutabilis
1070 4946 1153 4992 est
1184 4935 1554 5006 investigatio,
1591 4937 1669 4991 sic
1697 4946 1750 4990 et
1795 4935 1977 5007 inqui-

1490 4936 1554 5002 io,
1591 4937 1669 4991 sic
1697 4946 1750 4990 ct
1795 4935 1977 5007 inqui-
2079 4934 2297 5006 ἔρευνα,
2322 4933 2463 4987 οὓτω
2487 4936 2583 4987 καὶ
2618 4935 2652 5003 ἡ
2683 4933 2912 5004 ζήτησις
2945 4935 3082 5004 (57).

406 5026 553 5081 sitio.

478 5117 777 5174 luen‘abilia
814 5134 871 5174 se
900 5118 1172 5174 audivisse
1229 5117 1389 5173 verba
1425 5124 1657 5173 testatur
1687 5118 1982 5188 Apostolus

2156 5114 2413 5189 Ἀρρητα
2453 5110 2751 5185 ἀκηκοέναι
2786 5110 3005 5181 ῥήματα
3044 5113 3074 5166 ὁ
3114 5112 3432 5179 Ἀπόστολος
3472 5116 3653 5187 ἁρπα-

476 5258 564 5312 ⁵²Ι
598 5258 774 5316 Macb.
798 5277 875 5328 tv,
893 5259 999 5329 59;
1029 5259 1189 5315 Joan.
1217 5260 1383 5323 x,92.
1459 5260 1503 5292 ⁸³
1538 5258 1705 5318 Zach.
1730 5275 1848 5325 vin,
1885 5258 1968 5316 i9.

478 5396 735 5473 (δη-μαῖα
761 5398 1003 5473 videtur:
1034 5410 1161 5473 nota
1221 5398 1538 5473 marginalis
1578 5395 1732 5473 scioli
1782 5397 1971 5473 cujus-
2153 5395 2263 5473 (‘55)
2295 5393 2395 5473 bis.
2423 5393 2721 5473 μετέωρονέ

409 5461 556 5525 dam.
574 5461 720 5523 'Nam
743 5470 928 5525 docuit
945 5468 1236 5525 Chasleum
1267 5461 1389 5523 esse
1414 5467 1786 5523 Decembrem.
1824 5461 1981 5522 Iose-

2162 5461 2274 5537 (56)
2310 5461 2434 5519 Msf
2457 5461 2725 5517 κατάτοῦ
2758 5463 3011 5536 κρημνοῦ
3057 5463 3144 5515 ἐπ’
3180 5461 3359 5515 οὐδενί
3387 5480 3402 5495 ο
3442 5464 3547 5534 τὴν
3596 5464 3652 5519 δὲ

410 5540 551 5610 phus
623 5540 791 5595 utitur
858 5554 1140 5596 mensibus
1200 5539 1596 5603 Macedonicis.
1653 5544 1709 5592 et
1781 5539 1983 5594 rectius
2088 5537 2331 5610 ﬁv.____
2429 5605 2439 5610 _
2504 5604 2593 5610 __
2649 5605 2714 5610 __
2844 5606 2856 5610 _
2915 5607 2926 5610 _
3089 5604 3100 5610 Α
3225 5605 3236 5610 _
3582 5588 3585 5589 ,

408 5603 528 5678 cap.
551 5610 642 5662 27.
2100 5603 2108 5605 ⁷
2149 5603 2269 5676 (57)
2293 5603 2480 5659 Versio
2504 5604 3023 5678 Fabricianababet,
3055 5604 3132 5658 sic
3164 5605 3326 5678 etiam
3346 5604 3657 5678 superemic-

482 5676 597 5746 (52)
634 5678 732 5734 Ms.
766 5680 859 5734 τοῦ
890 5681 1082 5736 ναθάὀ.
2093 5679 2255 5731 stium
2311 5677 2576 5730 inaccessa
2607 5676 2906 5742 inquisitio,
2937 5692 3059 5745 qum
3114 5676 3409 5730 ostendunt
3465 5677 3659 5729 deesse

479 5750 594 5822 (bis)
616 5748 815 5822 Sttpple
836 5754 1024 5822 μονήν,
1058 5753 1139 5806 vel
1169 5753 1300 5821 quid
1326 5750 1526 5807 simile.
1785 5817 1797 5822 Δ

2089 5762 2276 5822 errore
2304 5756 2483 5817 typog.
2521 5746 3070 5822 tibv_tit_tep_oupuviwv
3092 5746 3363 5808 ἀνείσοδος
3401 5747 3483 5801 vel
3512 5746 3652 5802 ἀκασ

491 5819 602 5889 (54)
628 5817 745 5876 Ms.
765 5817 893 5893 περὶ
928 5817 1042 5892 τῆς.
1068 5823 1131 5876 Et
1153 5817 1276 5877 mox
1300 5823 1564 5892 πρότερον
1596 5834 1693 5891 pro
1732 5817 1977 5888 πότερον.

1300 5823 1564 5892 πρότερον
1596 5834 1693 5891 pro
1732 5817 1977 5888 πότερον.
2092 5819 2384 5886 τάληπτος,
2419 5818 2875 5886 autquidsimile.
