4050 6600
400 380 497 443 133

1569 378 1944 441 LIBELLUS
1986 379 2498 443 MEMORIALIS.

3548 386 3653 453 134

396 495 505 559 γεὶς
534 491 638 553 ἕως
663 490 849 563 τρίτου
888 489 1120 560 οὐρανοῦ
1173 489 1299 561 ἔφη.
1344 490 1480 542 Οὐδὲ
1506 490 1682 545 ταῦτα
1707 492 1829 544 τίνα
1855 492 1972 546 ἐστὶ

2079 500 2271 562 raptus
2300 507 2475 561 usque
2508 491 2574 545 ad
2612 492 2831 547 tertium
2862 493 3083 548 malum.
3119 492 3229 550 Nec
3260 495 3359 551 ista
3403 513 3653 568 quarnam

395 584 497 652 χρὴ
528 583 728 653 ζητεῖν.
767 584 833 635 ’Ἄ
866 584 973 653 γὰρ
1018 584 1129 635 οὐκ
1180 582 1323 646 ἐξὸν
1363 582 1652 650 ἀνθρώπῳ
1682 583 1969 652 λαλῆσαι,

395 675 485 724 καὶ
501 674 663 735 αὐτὸς
688 675 714 726 ὁ
748 673 1071 735 ’Λπόστολος
1101 673 1228 743 ἔφη.

474 766 725 834 Ἰωάννης
779 760 981 818 εἷπεντ
1031 766 1091 819 Ἃ
1146 766 1454 833 ὀφθαλμὸς
1501 768 1614 821 οὐκ
1674 764 1816 830 εἶδε,
1873 765 1973 820 καὶ

397 850 502 919 οὖς
531 856 640 909 οὐκ
678 854 929 923 ἤκουσε,
964 854 1062 907 καὶ
1091 854 1191 908 ἐπὶ
1221 855 1478 924 καρδίαν
1506 857 1820 924 ἀνθρώπου
1863 858 1974 911 οὐκ

394 946 598 1014 ἀνέϐη,
631 946 669 1000 ἃ
702 948 1033 1015 ἡτοίμασεν
1067 949 1100 1000 d
1124 948 1268 1012 Θεός
1290 948 1412 1013 τοῖς
1429 949 1746 1017 ἀγαπῶσιν
1766 951 1972 1004 αὐτόν.

399 1040 518 1104 Πῶς
544 1042 640 1093 καὶ
668 1040 842 1093 ταῦτα
872 1040 1064 1109 νοῆσαί
1094 1057 1176 1102 τις
1200 1037 1310 1103 οἷός
1338 1059 1396 1093 τε
1420 1042 1527 1110 εἴη.
1555 1040 1592 1096 ἃ
1624 1043 1762 1113 μήτε
1789 1044 1969 1113 αἰσθή-

399 1149 499 1193 σει,
534 1133 675 1201 μήτε
707 1136 889 1202 νοήσει
930 1132 1263 1187 ὑποπίπτειν
1291 1134 1552 1199 δυνατόν;

464 1226 537 1275 Τὸ
580 1225 872 1294 διάστημα,
900 1225 961 1277 τὸ
1006 1226 1113 1295 προ
1161 1226 1261 1294 τῆς
1315 1225 1410 1278 τοῦ
1451 1226 1629 1294 φωτὸς
1681 1226 1973 1295 γενέσεως,

396 1316 502 1368 τῶν
530 1316 721 1386 χρόνον
749 1316 951 1387 μορίων
980 1316 1080 1368 οὐκ
1105 1317 1297 1381 ὄντων,
1331 1317 1392 1370 οὐ
1422 1316 1795 1388 καταληπτὸν,
1829 1317 1975 1388 μόνῳ

397 1406 512 1476 Θεῷ
535 1408 901 1476 ἐγνωσμένον.

465 1499 688 1552 Τοιοῦτο
714 1500 807 1552 καὶ
850 1500 912 1552 τὸ
947 1500 1091 1553 κατὰ
1146 1500 1260 1573 (53)
1315 1501 1414 1572 τὴν
1440 1500 1705 1572 ἐσομένην
1734 1499 1830 1553 τοῦ
1878 1500 1973 1553 κό-

400 1605 538 1656 σμου
573 1590 905 1661 συναίρεσιν,
936 1592 1043 1658 ἕως
1093 1591 1417 1658 ἀναδείξεως
1465 1593 1564 1661 τῆς
1616 1592 1810 1661 καινῆς
1855 1591 1976 1644 κτί-

402 1697 559 1748 σεως,
583 1683 766 1735 ὲννοοῦ
775 1701 894 1751 μεν.

469 1775 533 1827 Al
570 1775 757 1844 νοεραὶ
811 1776 991 1829 οὐσίαι
1043 1779 1110 1831 τὰ
1136 1776 1374 1848 αἰσθητὰ
1410 1776 1506 1831 καὶ
1540 1774 1831 1847 σωματικὰ
1855 1774 1975 1838 πῶς

398 1867 584 1936 ὁρῶσι,
621 1870 905 1938 κρείττους
935 1868 1239 1939 αἰσθήσεως
1271 1867 1429 1921 οὖσαι
1455 1886 1469 1934 ;

466 1956 575 2010 Τοῦ
619 1957 753 2010 Θεοῦ
800 1959 898 2029 τὴν
954 1956 1349 2027 ἑφθαλμοφανῆ
1384 1956 1534 2021 θέαν,
1590 1954 1821 2025 ἀοράτου
1872 1953 1971 2023 τὴν

401 2047 559 2116 φύσιν
589 2049 763 2112 ὄντος.
798 2048 947 2103 Θεὸν
974 2050 1106 2119 γὰρ,
1153 2049 1338 2118 φησὶν,
1372 2046 1573 2111 οὐδεὶς
1608 2046 1830 2113 ἑώρακε
1857 2041 1971 2096 πώ-

399 2156 561 2195 ποτε.
592 2141 664 2194 Τὸ
724 2142 831 2212 γὰρ
873 2141 1012 2214 μόνῃ
1057 2141 1275 2211 καθαρᾷ
1319 2139 1517 2210 καρδίᾳ
1562 2138 1852 2209 θεώμενον,
1891 2137 1977 2189 αἰεί

402 2233 616 2303 σθητοῖς
641 2233 943 2305 ὀφθαλμοῖς
973 2234 1201 2289 θεᾶσθαι
1232 2233 1348 2296 πῶς
1381 2228 1494 2286 οἷόν
1526 2248 1619 2299 τε;

467 2414 927 2485 Δυσκατάληπτος
962 2413 1058 2467 καὶ
1092 2411 1247 2484 ἡτοῦ
1299 2412 1518 2483 Ἰσραὴλ
1554 2412 1839 2485 σωματικὴ
1880 2415 1971 2467 εὐι-

399 2507 574 2576 λογία,
605 2509 663 2560 ὲν
688 2513 760 2559 σε’
802 2506 1003 2577 ψυχαῖς
1028 2507 1124 2559 τοῦ
1162 2503 1358 2559 Ἰακὼὸ
1384 2504 1736 2567 κατελθόντος
1775 2508 1855 2568 είς
1878 2505 1976 2558 Ai-

398 2617 622 2669 γυπτον,
648 2601 741 2653 καὶ
768 2599 909 2655 κατὰ
946 2600 1043 2670 τὴν
1078 2599 1345 2668 τετάρτην
1366 2598 1562 2666 γενεὰν
1611 2601 1669 2652 ὲν
1709 2596 1751 2663 ξ’
1783 2600 1977 2670 μυριά-

399 2707 485 2742 σιν
516 2689 725 2759 ἀνδρῶν
760 2689 1165 2760 ἐξεληλυθότος.

471 2780 606 2851 Περὶ
633 2780 741 2850 γὰρ
771 2779 871 2849 τῆς
899 2779 1111 2850 ἡμέρας
1133 2777 1234 2846 τῆς
1260 2774 1568 2847 παρουσίας
1617 2777 1711 2829 τοῦ
1770 2776 1975 2847 Κυρίου

398 2873 494 2924 καὶ
517 2872 679 2935 αὐτὸς
710 2873 738 2924 δ
762 2871 966 2942 Κύριος
1000 2870 1282 2935 ἀπέδειξεν
1318 2884 1332 2898 ⁸
1365 2872 1487 2939 Οὐχ
1508 2868 1674 2940 ὑμῶν
1692 2868 1802 2939 γάρ
1824 2871 1979 2933 ἐστι,

397 2965 657 3031 χρόνους
684 2961 721 3031 ἢ
750 2962 996 3031 καιροὺς
1021 2961 1262 3027 ειδέναι,
1294 2962 1431 3031 πρὸς
1470 2963 1597 3025 τοὺς
1650 2961 1980 3022 ἀποστόλους

399 3055 527 3125 ἔφη,
558 3050 666 3120 οὓς
690 3054 724 3108 ό
756 3054 957 3122 Πατὴρ
977 3055 1142 3109 ἔθετο
1175 3055 1246 3108 ὲν
1273 3054 1350 3124 τῇ
1378 3055 1499 3121 ίδίᾳ
1528 3054 1803 3120 ἐξουσίᾳ.

401 3166 654 3222 ΚΕΦΑΛ.
679 3165 852 3221 ΡΚΘ’.
880 3197 950 3206 -
992 3166 1143 3252 Ὅσα
1171 3166 1246 3220 δι’
1271 3166 1575 3220 ἐνυπνίων
1600 3165 1762 3218 τισὶν
1799 3165 1973 3234 ἐμπε-

1034 3254 1342 3305 φανισται.

482 3354 536 3407 '0
575 3353 783 3408 Ἰακὼϐ
820 3352 1061 3421 κλίμακα
1106 3354 1207 3423 ὁρᾷ
1260 3352 1340 3415 εἰς
1396 3350 1660 3422 οὐρανοὺς
1711 3350 1817 3403 ἀπὸ
1875 3350 1980 3419 γῆς

404 3448 717 3517 διήκουσαν.
760 3445 979 3515 Ἰωσὴφ
1006 3446 1107 3509 τὰς
1154 3445 1263 3497 τῶν
1295 3444 1537 3516 ἀδελφῶν
1582 3442 1851 3515 δραγμάς,
1881 3443 1980 3513 τὴν

405 3540 570 3595 αὑτοῦ
603 3541 1017 3611 προσκυνούσας
1042 3536 1317 3611 δραγμὴν,
1344 3538 1438 3590 καὶ
1471 3536 1596 3599 τοὺς
1621 3537 1854 3607 ἀστέρας
1874 3536 1979 3587 πά-

404 3633 508 3698 λιν,
534 3632 628 3686 καὶ
648 3632 738 3685 τὸν
762 3632 913 3702 ἣλιον
940 3631 1033 3683 καὶ
1053 3632 1152 3701 τὴν
1181 3631 1410 3700 σελήνην
1435 3628 1719 3691 ποιοῦντας
1741 3628 1801 3681 τὸ
1826 3627 1978 3682 αὐτό.

406 3729 470 3778 Οἱ
505 3728 562 3779 ἐν
591 3723 850 3793 Αἰγύπτῳ
881 3722 1021 3793 μετὰ
1048 3722 1140 3775 τοῦ
1188 3722 1382 3793 Ἰωσὴφ
1436 3719 1819 3790 καθειγμένος
1845 3719 1976 3792 (59),

404 3822 433 3872 ὁ
483 3819 579 3888 μὲν
618 3817 985 3887 ἀπολυόμενος
1036 3816 1164 3879 τοὺς
1214 3818 1363 3885 τρεῖς
1408 3814 1640 3886 βότρυας
1691 3813 1979 3877 ἐκθλίὸων,

406 3910 614 3965 καὶτὸν
639 3905 779 3963 οἶνον
814 3907 1081 3970 ἐπιδιδοὺς
1134 3906 1213 3977 τῷ
1260 3906 1490 3976 βασιλεῖ,
1523 3908 1551 3959 ὁ
1597 3906 1654 3959 δὲ
1687 3904 1984 3976 κολαζόμε-

405 4019 497 4066 νος
528 4003 654 4064 toil;
682 4001 775 4053 ἐπὶ
803 3999 896 4054 τοῦ
936 3998 1103 4053 κανοῦ
1141 4002 1290 4070 τρεῖς
1334 3999 1514 4070 φέρων
1560 3997 1666 4051 ὑπὸ
1712 3997 1823 4050 τῶν
1886 3998 1983 4067 ὀρ-

405 4096 547 4149 νέων
577 4092 919 4163 ὲσθιομένους
969 4092 1188 4161 ἄρτους.
1230 4090 1295 4143 '0
1339 4089 1548 4158 Φαραὼ
1585 4090 1711 4151 τοὺς
1740 4087 1879 4140 ἑπτὰ
1907 4088 1986 4140 λι-

411 4188 623 4259 παροὺς
663 4185 815 4259 βόας,
839 4186 935 4239 καὶ
966 4185 1203 4255 στάχυας
1237 4183 1531 4255 εὐτραφεῖς
1561 4183 1724 4246 ἑπτὰ,
1762 4181 1856 4232 καὶ
1881 4180 1984 4233 πάι

408 4280 495 4331 λιν
555 4277 1086 4350 καταισχυνομένους
1135 4276 1265 4347 βόας
1316 4276 1492 4340 ἑπτὰ,
1551 4274 1645 4326 καὶ
1699 4272 1985 4335 τοσούτους

411 4373 672 4442 στάχυας.
715 4370 773 4423 Ὀ
806 4370 904 4441 τὴν
935 4369 1260 4441 κυλιομένην
1310 4368 1561 4439 κριθίνην
1596 4365 1799 4440 μαγίδα
1853 4363 1986 4419 θεώ-

412 4482 573 4534 μενος
596 4464 964 4532 Μαδιανίτης
1000 4463 1093 4515 ἐπὶ
1132 4462 1225 4514 τοῦ
1262 4460 1486 4526 Γεδεὼν,
1518 4461 1612 4512 καὶ
1656 4461 1754 4529 τὴν
1783 4458 1987 4528 σκηνὴν

2079 584 2185 635 sint
2218 582 2342 636 licet
2366 582 2809 651 inquirere.th
2834 584 2977 638 enim
3013 585 3165 639 homo
3184 586 3326 655 loqui
3342 604 3442 642 non
3463 598 3653 658 potest,

2079 674 2161 727 vel
2187 675 2416 743 ipsemet
2452 673 2749 742 Apostolus
2775 674 2870 729 ait.

2145 764 2382 820 Joannes
2415 765 2459 797 “
2479 766 2655 820 dixit:
2674 767 2804 831 Qua:
2825 771 3008 824 oculus
3031 788 3128 824 non
3154 771 3302 839 vidit,
3320 782 3369 827 ct
3388 774 3534 828 auris
3552 790 3656 827 non

2079 858 2305 921 audivit,
2340 869 2388 910 et
2418 859 2473 911 in
2512 874 2601 911 cor
2627 860 2855 914 hominis
2882 878 2985 915 non
3007 864 3267 926 ascendit,
3301 881 3418 935 qua:
3442 882 3653 936 prcepa-

2078 953 2211 1004 ravit
2239 952 2380 1006 Deus
2405 951 2742 1021 diligentibus
2774 954 2946 1008 illum.
2996 956 3280 1022 Quomodo
3304 968 3356 1012 et
3389 959 3489 1014 ista
3520 974 3652 1014 con-

2079 1043 2259 1111 cipere
2286 1043 2471 1096 animo
2494 1043 2617 1112 quis
2648 1043 2849 1109 valeat,
2887 1060 3009 1115 qua:
3037 1062 3213 1117 neque
3262 1049 3364 1102 sub
3401 1064 3643 1113 sensum,

2080 1146 2256 1200 neque
2280 1131 2383 1186 sub
2419 1132 2691 1186 rationem
2718 1133 2914 1187 cadere
2950 1142 3180 1202 possunt
3203 1136 3226 1189 ?

2152 1223 2499 1277 Intervallum
2548 1224 2694 1294 quod
2732 1223 2832 1278 fuit
2863 1237 3155 1295 antequam
3210 1228 3299 1281 lux
3351 1240 3653 1293 crearetur,

2078 1325 2200 1365 cum
2232 1314 2490 1383 temporis
2529 1315 2810 1383 particula:
2844 1316 3010 1371 nulla:
3034 1328 3241 1385 essent,
3267 1320 3655 1390 comprehendi

2080 1419 2187 1457 non
2216 1412 2414 1475 potest.
2436 1406 2549 1459 Soli
2581 1406 2688 1462 Deo
2728 1421 2916 1462 n0tum
2941 1394 3047 1463 est:

2150 1496 2432 1566 Ejusmodi
2475 1502 2568 1568 jest
2621 1511 2675 1553 et
2709 1501 2862 1567 illud,
2893 1503 3039 1572 quod
3075 1502 3201 1558 ﬂuet
3225 1520 3256 1558 α
3305 1504 3491 1562 futura
3523 1520 3655 1561 con-

2079 1591 2446 1645 summatione
2475 1592 2665 1645 mundi
2705 1608 2879 1662 usque
2915 1595 2981 1648 ad
3021 1596 3517 1653 manifestation’em
3550 1614 3653 1654 no—

2078 1696 2159 1735 ναι
2190 1690 2475 1737 creatura}.

2147 1770 2545 1827 lutellecttiales
2592 1774 2846 1828 essentiae
2878 1776 3158 1830 sensibilia
3204 1787 3363 1847 atque
3391 1791 3653 1846 corporea

2003 1844 2046 1899 Β
2071 1878 2308 1932 quanam
2341 1864 2550 1918 ratione
2582 1864 2786 1932 vident,
2823 1882 2945 1921 cum
2979 1869 3087 1922 sint
3111 1883 3274 1921 sensu
3303 1867 3654 1938 superiores?

2143 1954 2474 2025 lnvestigare
2506 1971 2612 2010 non
2655 1956 2779 2011 licet
2831 1960 2899 2012 de
2960 1959 3159 2014 intuitu
3199 1961 3289 2015 Dei
3338 1975 3435 2029 per
3467 1959 3648 2013 visum

2075 2046 2384 2112 oculorum,
2418 2062 2543 2103 eum
2585 2048 2700 2118 ipse
2746 2051 2818 2104 sit
2874 2052 3162 2108 invisibilis
3222 2060 3438 2106 natura.
3483 2050 3653 2107 Deus:

2074 2141 2247 2205 enim,
2273 2141 2475 2210 inquit,
2505 2157 2655 2197 nemo
2708 2143 2837 2195 vidit
2866 2159 3117 2213 unquam.
3145 2142 3303 2209 Quod
3352 2144 3497 2199 enim
3535 2146 3655 2202 solo

2076 2234 2282 2288 mundo
2328 2234 2492 2290 corde
2540 2237 2775 2300 videtur,
2839 2235 3193 2292 scnsibilibus
3242 2237 3420 2292 oculis
3472 2237 3657 2292 videre

2076 2327 2351 2397 quomodo
2386 2329 2645 2398 possibile
2673 2327 2881 2382 fuerit?

2148 2419 2370 2475 DilIlcile
2434 2422 2597 2474 etiam
2652 2429 2833 2474 mente
2878 2418 3092 2489 concipi
3151 2429 3330 2489 potest
3387 2435 3652 2490 corporea

2077 2510 2291 2567 lsraelis
2343 2513 2668 2578 benedictio,
2695 2528 2818 2567 cum
2855 2513 2908 2566 in
2953 2527 3093 2565 Lxxv
3146 2511 3436 2566 animabus
3484 2510 3657 2567 Jacob

2078 2606 2449 2662 descendisset
2482 2608 2534 2661 in
2557 2608 2873 2679 Egyptum,
2900 2614 2954 2660 et
2983 2613 3177 2675 quarta
3211 2605 3565 2675 generatione
3595 2606 3652 2661 in

2080 2702 2354 2754 sexcentis
2393 2701 2636 2755 millibus
2669 2701 2953 2755 hominum
2991 2698 3207 2752 exierit.

2152 2791 2423 2845 Caeterum
2467 2792 2535 2846 dc
2573 2792 2662 2846 die
2702 2792 2969 2846 adventus
3011 2790 3222 2845 Domini
3263 2788 3383 2859 ipse
3436 2803 3657 2860 quoque

2082 2881 2348 2937 Dominus
2425 2884 2750 2954 signiﬁcavit
2800 2900 2816 2938 :
2870 2882 3053 2951 Neque
3109 2881 3251 2935 enim
3300 2887 3527 2933 uestrum
3581 2887 3657 2932 est

2085 2984 2317 3045 tempora
2345 2976 2422 3029 vel
2462 2987 2723 3031 momenta
2751 2993 2923 3040 nosse,
2953 2977 3021 3031 ad
3075 2973 3354 3045 apostolos
3405 2973 3504 3037 ait,
3539 2987 3657 3043 qua!

2085 3066 2251 3119 Pater
2278 3069 2452 3135 posuit
2484 3071 2539 3120 in
2567 3069 2782 3137 propria
2812 3079 3091 3137 potestate.

2005 3181 2050 3241 C
2082 3178 2234 3235 CAP.
2289 3179 2529 3235 CXXIX.
2560 3210 2626 3221 -
2663 3181 2920 3245 Quaznam
2982 3197 3075 3250 per
3126 3179 3388 3234 somnium
3436 3177 3659 3249 quibus-

2504 3251 2630 3303 dam
2670 3252 3014 3320 manifestata
3045 3260 3189 3305 sunt.

2152 3363 2381 3418 Jacobus
2435 3363 2639 3418 scalam
2685 3365 2885 3419 videta
2943 3373 3083 3420 terra
3117 3366 3185 3422 ad
3237 3365 3404 3421 coelos
3446 3363 3661 3436 pertin-

2083 3456 2538 3527 gentemJosep/c
2591 3458 2822 3510 t'ratrum
2873 3473 3098 3512 suorum
3132 3456 3442 3527 manipulos
3497 3469 3658 3510 suum

2083 3549 2372 3603 adorantes
2426 3548 2756 3617 manipulum
2790 3565 2803 3600 :
2838 3547 3024 3601 stellas
3056 3547 3208 3611 item,
3265 3554 3320 3601 et
3387 3546 3556 3600 solem
3605 3552 3663 3599 et

2084 3642 2267 3695 lunam
2295 3638 2436 3694 idem
2470 3638 2749 3694 facientes.
2785 3638 2889 3706 Qui
2928 3642 2980 3693 in
3021 3639 3254 3711 [Egypto
3299 3654 3422 3693 cum
3457 3636 3659 3706 Juseph

2083 3732 2285 3787 carceri
2316 3731 2607 3799 mancipati
2630 3741 2785 3786 erant
2814 3750 2828 3785 :
2853 3731 3023 3785 acille
3050 3731 3270 3800 quidem
3300 3729 3391 3800 qui
3424 3729 3661 3784 liberan-

2084 3825 2186 3879 dus
2212 3823 2688 3891 absolvendusque
2719 3832 2855 3886 erat,
2881 3811 3217 3891 exprimebat
3248 3830 3359 3875 tres
3389 3833 3658 3884 racemos,

2083 3924 2138 3969 et
2160 3915 2345 3967 vinum
2382 3915 2493 3984 regi
2510 3914 2823 3983 porrigebat
2852 3912 2982 3982 :qui
3010 3926 3141 3967 vero
3166 3911 3498 3983 puniendus,
3531 3925 3660 3981 por-

2087 4007 2235 4060 tabat
2275 4015 2385 4061 tres
2420 4020 2591 4074 panes
2654 4004 2710 4059 in
2767 4005 3010 4060 canistro
3039 4018 3070 4059 a
3130 4003 3447 4059 volucribus
3478 4017 3664 4058 come-

2084 4098 2312 4152 dendos.
2334 4095 2548 4150 Pharao
2578 4097 2713 4150 vidit
2740 4105 2944 4166 septem
2968 4096 3197 4166 pingues
3219 4097 3406 4157 boves,
3440 4110 3504 4150 ac
3526 4095 3663 4150 bene

2085 4194 2356 4248 enutritus
2387 4194 2567 4262 Spicas
2606 4202 2848 4261 septem;
2885 4207 3215 4259 rursumque
3266 4191 3444 4245 foedos
3494 4190 3663 4244 boves

2086 4293 2316 4355 septem,
2373 4300 2436 4337 ac
2483 4281 2705 4337 totidem
2762 4282 2964 4350 spicas.
3001 4279 3322 4333 Madiauites
3371 4279 3465 4349 qui
3531 4278 3666 4334 vidit

2086 4376 2397 4432 devolutum
2428 4372 2789 4428 hordeaceam
2832 4371 2994 4426 ollam
3024 4372 3127 4425 sub
3170 4370 3448 4439 Gedeone,
3477 4380 3531 4426 et
3582 4379 3665 4425 ta-

2091 4467 2446 4521 bernaculum
2477 4479 2729 4520 eversum
2752 4462 2988 4518 Madian.
3032 4463 3539 4527 Nabuchodonosor,
3567 4464 3661 4534 qui

410 4525 891 4624 καταστρέψασαν,
1059 4552 1154 4605 τοῦ
1182 4551 1424 4622 Μαδιάμ.
1450 4525 1981 4620 Ναϐουχοδονόσορ

2091 4557 2374 4628 conspexit
2423 4565 2661 4611 statuam
2718 4570 2783 4610 ex
2828 4555 3061 4611 diversis
3104 4554 3347 4610 materiis
3402 4562 3661 4608 constan-

410 4648 505 4704 τδν
533 4648 829 4718 ἀνδριάντα
858 4645 1132 4717 θεώμενος
1165 4645 1256 4697 τὸν
1302 4643 1589 4708 πολύυλον,
1616 4644 1721 4695 ὑπὸ
1770 4640 1865 4696 τοῦ
1906 4641 1981 4695 λί-

2090 4660 2224 4713 tem,
2260 4664 2290 4702 a
2346 4647 2525 4717 lapide
2570 4647 2886 4711 contritam,
2919 4646 3012 4716 qui
3060 4644 3469 4711 sinennanibus
3495 4644 3547 4696 in
3580 4643 3667 4713 ip-

410 4741 507 4794 θου
561 4739 1002 4813 συντριϐόμενον,
1048 4736 1141 4791 τοῦ
1194 4738 1323 4792 ἄνευ
1368 4737 1549 4807 χειρὸς
1599 4735 1685 4789 ἐπ’
1734 4736 1895 4789 αὑτὸν
1929 4733 1981 4799 ἐξ

2092 4756 2205 4795 sam
2238 4739 2307 4793 de
2336 4747 2521 4793 muute
2555 4737 2933 4792 descenderat.
2966 4739 3147 4807 Atque
3195 4737 3396 4789 iterum
3460 4733 3669 4787 altissi-

410 4834 576 4904 ὅρους
626 4832 984 4894 καταὸάντος.
1016 4832 1126 4885 Καὶ
1178 4831 1338 4884 πάλιν
1369 4830 1430 4882 τὸ
1482 4828 1815 4899 ὑψηλότατον
1871 4829 1990 4881 δέν-

411 4928 563 4999 ὅρον,
620 4924 681 4979 τὸ
727 4923 1085 4997 ἐκτέμνεσθαι
1136 4922 1516 4993 κελευόμενον,
1549 4921 1641 4974 καλ⁵
1691 4919 1807 4988 μεθ’
1850 4918 1992 4973 ἑπτὰ

423 5019 724 5090 βλαστάνον
758 5015 1057 5079 ἐνιαυτούς.
1094 5015 1152 5069 'U
1187 5015 1410 5084 Δανιὴλ
1458 5015 1585 5084 περὶ
1618 5014 1725 5066 τῶν
1770 5016 1985 5068 ἀνιστα-

418 5114 599 5182 μένων
635 5113 698 5174 δ’,
744 5112 837 5165 καί
896 5109 1343 5180 καθαιρουμένων
1381 5111 1438 5162 ἐν
1485 5111 1718 5179 μορφαῖς
1762 5107 1988 5179 θηρίων,

417 5204 730 5274 βασιλειῶν,
767 5204 862 5257 καὶ
912 5203 1166 5274 περὶτῆς
1197 5202 1511 5265 τελευταίας
1571 5202 1868 5272 βασιλείας,
1891 5200 1992 5270 τῆς

420 5294 863 5366 καθαιρονμὲνης
894 5293 988 5348 τοῦ
1027 5294 1417 5366 Ἀντιχρίστου,
1448 5296 1675 5363 κέρατος
1716 5292 1990 5363 βραχυτά-

417 5403 515 5441 του
541 5387 799 5455 φανέντος
828 5386 997 5457 αὐτῷ.
1032 5388 1143 5442 Καὶ
1168 5388 1297 5457 περὶ
1321 5387 1419 5457 τῆς
1468 5385 1528 5454 ἐξ
1552 5386 1800 5458 οὐρανῶν
1824 5385 1992 5458 ἡκου-

425 5494 518 5531 σεν
557 5479 776 5532 αἰωνίου
819 5478 1124 5549 βασιλείας·
1166 5483 1199 5536 d
1235 5480 1612 5546 ’Λπόστολος,
1653 5478 1745 5533 τοῦ
1787 5477 1991 5550 Κυρίου

498 5657 544 5688 ⁵⁵
573 5657 687 5711 Ιιιιο
735 5655 931 5711 Paulus
970 5657 986 5709 l
1024 5656 1148 5712 Cor.
1204 5673 1264 5725 ιι,
1289 5659 1343 5714 9.

499 5813 610 5883 (58)
639 5810 802 5867 Forte
853 5814 1008 5883 μετά.

2094 4848 2236 4885 mam
2274 4832 2686 4899 arboremgqua‘.
2718 4829 2926 4886 succidi
2955 4830 3108 4900 jussa
3164 4837 3267 4891 est,
3299 4835 3354 4881 et
3384 4834 3508 4897 post
3552 4825 3669 4880 ela-

2093 4937 2223 4996 psos
2248 4933 2451 4993 septem
2476 4937 2649 4979 annos
2672 4936 2887 4978 rursum
2917 4919 3262 4990 germinavit.
3290 4917 3482 4973 Daniel
3510 4916 3671 4971 audi-

2094 5015 2249 5069 vitdc
2274 5030 2324 5069 IV
2367 5014 2706 5085 regnis,quaa
2726 5020 3040 5068 surrectura
3080 5018 3319 5065 erantac
3337 5006 3671 5065 destruenda

2088 5108 2144 5162 in
2203 5108 2390 5176 tignris
2450 5106 2804 5170 animalium;
2859 5105 3023 5160 etde
3094 5103 3288 5157 ultimo
3349 5114 3517 5171 regno
3570 5099 3672 5153 dc-

2092 5200 2349 5257 struendo
2367 5198 2711 5262 Antichristi,
2733 5212 2901 5253 cornu
2929 5195 3255 5249 brevissimo
3286 5194 3334 5248 ei
3358 5199 3670 5262 apparente.

2091 5294 2169 5348 Ac
2196 5291 2261 5347 de
2289 5303 2493 5347 aeterno
2520 5291 2723 5347 Christi
2777 5305 2944 5359 regno
2980 5289 3210 5344 cmlesti.
3246 5284 3549 5355 Apostolus,
3575 5280 3671 5352 qui

2093 5381 2266 5439 audiit
2320 5381 2533 5439 dicente
2590 5382 2668 5437 illi
2724 5380 2955 5435 Domino
3016 5397 3031 5435 :
3076 5378 3249 5432 Macte
3274 5386 3407 5440 esto,
3464 5371 3673 5435 Paule;

2094 5477 2381 5532 sicutem’m
2420 5474 2775 5529 testimonium
2815 5473 3129 5543 perlaibuisti
3160 5472 3221 5525 de
3260 5483 3337 5522 me
3366 5467 3419 5520 in
3441 5463 3671 5522 Jerusa-

2171 5808 2283 5883 (59)
2312 5808 2721 5881 καθειργμένοι.
