  <div class='ocr_page' id='page_1' title='image "/cluster/home/n/w/nwhite01/storage/ocr_20150623/106/hvd.32044051727071/080.png"; bbox 0 0 4050 6644; ppageno 0'>
   <div class='ocr_carea' id='block_1_1' title="bbox 280 513 376 577">
    <p class='ocr_par' dir='ltr' id='par_1_1' title="bbox 280 513 376 577">
     <span class='ocr_line' id='line_1_1' title="bbox 280 513 376 577; baseline 0 -1"><span class='ocrx_word' id='word_1_1' title='bbox 280 513 376 577; x_wconf 72' lang='grc'><strong><em>137</em></strong></span> 
     </span>
    </p>
   </div>
   <div class='ocr_carea' id='block_1_2' title="bbox 1449 519 2423 597">
    <p class='ocr_par' dir='ltr' id='par_1_2' title="bbox 1449 519 2423 597">
     <span class='ocr_line' id='line_1_2' title="bbox 1449 519 2423 597; baseline 0.004 -19"><span class='ocrx_word' id='word_1_2' title='bbox 1449 519 1828 580; x_wconf 83' lang='lat' dir='ltr'><strong><em>LIBELLUS</em></strong></span> <span class='ocrx_word' id='word_1_3' title='bbox 1871 519 2371 583; x_wconf 71' lang='lat' dir='ltr'><strong><em>MEMORIAIJS.</em></strong></span> <span class='ocrx_word' id='word_1_4' title='bbox 2418 592 2423 597; x_wconf 31' lang='grc' dir='ltr'><em>ι</em></span> 
     </span>
    </p>
   </div>
   <div class='ocr_carea' id='block_1_3' title="bbox 3425 521 3533 586">
    <p class='ocr_par' dir='ltr' id='par_1_3' title="bbox 3425 521 3533 586">
     <span class='ocr_line' id='line_1_3' title="bbox 3425 521 3533 586; baseline 0.019 -2"><span class='ocrx_word' id='word_1_5' title='bbox 3425 521 3533 586; x_wconf 79' lang='lat'><strong><em>138</em></strong></span> 
     </span>
    </p>
   </div>
   <div class='ocr_carea' id='block_1_4' title="bbox 275 633 1855 706">
    <p class='ocr_par' dir='ltr' id='par_1_4' title="bbox 275 633 1855 705">
     <span class='ocr_line' id='line_1_4' title="bbox 275 633 1855 705; baseline 0.002 -19"><span class='ocrx_word' id='word_1_6' title='bbox 275 633 468 688; x_wconf 66' lang='grc' dir='ltr'><em>πάντα</em></span> <span class='ocrx_word' id='word_1_7' title='bbox 487 633 558 688; x_wconf 85' lang='grc' dir='ltr'><em>τὰ</em></span> <span class='ocrx_word' id='word_1_8' title='bbox 582 633 740 699; x_wconf 76' lang='grc' dir='ltr'><em>ξύλα</em></span> <span class='ocrx_word' id='word_1_9' title='bbox 775 635 849 704; x_wconf 74' lang='grc' dir='ltr'><em>τῇ</em></span> <span class='ocrx_word' id='word_1_10' title='bbox 873 633 1040 704; x_wconf 74' lang='grc' dir='ltr'><em>συκῇ</em></span> <span class='ocrx_word' id='word_1_11' title='bbox 1067 651 1082 666; x_wconf 75' lang='grc' dir='ltr'><strong>ο</strong></span> <span class='ocrx_word' id='word_1_12' title='bbox 1109 635 1310 704; x_wconf 85' lang='grc' dir='ltr'>Δεῦρο,</span> <span class='ocrx_word' id='word_1_13' title='bbox 1341 635 1730 700; x_wconf 71' lang='grc' dir='ltr'><em>βασίλευσον</em></span> <span class='ocrx_word' id='word_1_14' title='bbox 1767 636 1855 705; x_wconf 67' lang='grc' dir='ltr'><em>σφ’</em></span> 
     </span>
    </p>
   </div>
   <div class='ocr_carea' id='block_1_5' title="bbox 1960 633 3536 706">
    <p class='ocr_par' dir='ltr' id='par_1_5' title="bbox 1965 637 3536 706">
     <span class='ocr_line' id='line_1_5' title="bbox 1965 637 3536 706; baseline 0.001 -15"><span class='ocrx_word' id='word_1_15' title='bbox 1965 639 2104 691; x_wconf 90' lang='lat' dir='ltr'><strong><em>inter</em></strong></span> <span class='ocrx_word' id='word_1_16' title='bbox 2153 655 2267 691; x_wconf 81' lang='lat' dir='ltr'><strong><em>nos.</em></strong></span> <span class='ocrx_word' id='word_1_17' title='bbox 2319 637 2387 690; x_wconf 85' lang='lat' dir='ltr'><strong><em>Et</em></strong></span> <span class='ocrx_word' id='word_1_18' title='bbox 2434 638 2511 691; x_wconf 88' lang='lat' dir='ltr'><strong><em>ait</em></strong></span> <span class='ocrx_word' id='word_1_19' title='bbox 2569 637 2838 706; x_wconf 79' lang='lat' dir='ltr'><strong><em>ﬁculnea:</em></strong></span> <span class='ocrx_word' id='word_1_20' title='bbox 2883 637 3161 692; x_wconf 85' lang='lat' dir='ltr'><strong><em>Dimittens</em></strong></span> <span class='ocrx_word' id='word_1_21' title='bbox 3211 637 3536 692; x_wconf 80' lang='lat' dir='ltr'><strong><em>dulcedinem</em></strong></span> 
     </span>
    </p>
   </div>
   <div class='ocr_carea' id='block_1_6' title="bbox 272 719 1860 796">
    <p class='ocr_par' dir='ltr' id='par_1_6' title="bbox 272 719 1860 796">
     <span class='ocr_line' id='line_1_6' title="bbox 272 719 1860 796; baseline 0.004 -21"><span class='ocrx_word' id='word_1_22' title='bbox 272 719 448 790; x_wconf 78' lang='grc' dir='ltr'><em>ἡμᾶς.</em></span> <span class='ocrx_word' id='word_1_23' title='bbox 485 724 595 776; x_wconf 81' lang='grc' dir='ltr'><strong><em>Καὶ</em></strong></span> <span class='ocrx_word' id='word_1_24' title='bbox 639 721 812 778; x_wconf 75' lang='grc' dir='ltr'><em>εἶπεν</em></span> <span class='ocrx_word' id='word_1_25' title='bbox 848 726 886 794; x_wconf 76' lang='grc' dir='ltr'><em>ἠ</em></span> <span class='ocrx_word' id='word_1_26' title='bbox 934 724 1101 794; x_wconf 85' lang='grc' dir='ltr'><em>συκῆ</em></span> <span class='ocrx_word' id='word_1_27' title='bbox 1132 742 1147 758; x_wconf 75' lang='grc' dir='ltr'><strong>ο</strong></span> <span class='ocrx_word' id='word_1_28' title='bbox 1175 725 1425 794; x_wconf 74' lang='grc' dir='ltr'><em>’Λφεῖσα</em></span> <span class='ocrx_word' id='word_1_29' title='bbox 1479 726 1595 792; x_wconf 84' lang='grc' dir='ltr'><em>τὴν</em></span> <span class='ocrx_word' id='word_1_30' title='bbox 1638 728 1860 796; x_wconf 78' lang='grc' dir='ltr'><em>γλυκύ-</em></span> 
     </span>
    </p>
   </div>
   <div class='ocr_carea' id='block_1_7' title="bbox 273 813 1858 890">
    <p class='ocr_par' dir='ltr' id='par_1_7' title="bbox 273 813 1858 890">
     <span class='ocr_line' id='line_1_7' title="bbox 273 813 1858 890; baseline 0.004 -23"><span class='ocrx_word' id='word_1_31' title='bbox 273 813 418 882; x_wconf 83' lang='grc' dir='ltr'><em>τητά</em></span> <span class='ocrx_word' id='word_1_32' title='bbox 440 833 588 883; x_wconf 83' lang='grc' dir='ltr'><em>μου,</em></span> <span class='ocrx_word' id='word_1_33' title='bbox 628 818 727 870; x_wconf 74' lang='grc' dir='ltr'><em>καὶ</em></span> <span class='ocrx_word' id='word_1_34' title='bbox 771 817 837 870; x_wconf 84' lang='grc' dir='ltr'><em>τὸ</em></span> <span class='ocrx_word' id='word_1_35' title='bbox 871 816 1138 887; x_wconf 73' lang='grc' dir='ltr'><em>γέννημα</em></span> <span class='ocrx_word' id='word_1_36' title='bbox 1160 835 1279 888; x_wconf 83' lang='grc' dir='ltr'><strong><em>μου</em></strong></span> <span class='ocrx_word' id='word_1_37' title='bbox 1322 821 1390 872; x_wconf 82' lang='grc' dir='ltr'><em>τὸ</em></span> <span class='ocrx_word' id='word_1_38' title='bbox 1440 819 1686 890; x_wconf 79' lang='grc' dir='ltr'><strong><em>ἀγαθὸν,</em></strong></span> <span class='ocrx_word' id='word_1_39' title='bbox 1748 837 1858 873; x_wconf 81' lang='grc' dir='ltr'><strong><em>πο-</em></strong></span> 
     </span>
    </p>
   </div>
   <div class='ocr_carea' id='block_1_8' title="bbox 271 904 1849 980">
    <p class='ocr_par' dir='ltr' id='par_1_8' title="bbox 271 904 1849 980">
     <span class='ocr_line' id='line_1_8' title="bbox 271 904 1849 980; baseline 0.004 -22"><span class='ocrx_word' id='word_1_40' title='bbox 271 904 456 975; x_wconf 80' lang='grc' dir='ltr'><em>ρευθῶ</em></span> <span class='ocrx_word' id='word_1_41' title='bbox 475 907 687 976; x_wconf 78' lang='grc' dir='ltr'><em>ἄρχειν</em></span> <span class='ocrx_word' id='word_1_42' title='bbox 712 908 831 964; x_wconf 83' lang='grc' dir='ltr'><strong><em>τῶν</em></strong></span> <span class='ocrx_word' id='word_1_43' title='bbox 865 909 1071 975; x_wconf 75' lang='grc' dir='ltr'><em>ξύλων</em></span> <span class='ocrx_word' id='word_1_44' title='bbox 1082 927 1101 975; x_wconf 87' lang='grc'><strong><em>;</em></strong></span> <span class='ocrx_word' id='word_1_45' title='bbox 1142 910 1251 965; x_wconf 81' lang='lat' dir='ltr'><strong><em>Kal</em></strong></span> <span class='ocrx_word' id='word_1_46' title='bbox 1279 907 1454 964; x_wconf 81' lang='grc' dir='ltr'><em>εἷπον</em></span> <span class='ocrx_word' id='word_1_47' title='bbox 1491 914 1562 965; x_wconf 85' lang='grc' dir='ltr'><em>τὰ</em></span> <span class='ocrx_word' id='word_1_48' title='bbox 1589 911 1745 976; x_wconf 79' lang='grc' dir='ltr'><em>ξύλα</em></span> <span class='ocrx_word' id='word_1_49' title='bbox 1773 911 1849 980; x_wconf 80' lang='grc' dir='ltr'><em>τῇ</em></span> 
     </span>
    </p>
   </div>
   <div class='ocr_carea' id='block_1_9' title="bbox 275 995 1846 1070">
    <p class='ocr_par' dir='ltr' id='par_1_9' title="bbox 275 995 1846 1070">
     <span class='ocr_line' id='line_1_9' title="bbox 275 995 1846 1070; baseline 0.005 -22"><span class='ocrx_word' id='word_1_50' title='bbox 275 995 522 1064; x_wconf 73' lang='grc' dir='ltr'><em>ἀμπέλῳ</em></span> <span class='ocrx_word' id='word_1_51' title='bbox 549 1014 565 1029; x_wconf 77' lang='grc' dir='ltr'><strong><em>ο</em></strong></span> <span class='ocrx_word' id='word_1_52' title='bbox 591 999 793 1068; x_wconf 81' lang='grc' dir='ltr'><strong><em>Δεῦρο,</em></strong></span> <span class='ocrx_word' id='word_1_53' title='bbox 831 1000 927 1054; x_wconf 80' lang='grc' dir='ltr'><em>καὶ</em></span> <span class='ocrx_word' id='word_1_54' title='bbox 943 1002 1334 1066; x_wconf 80' lang='grc' dir='ltr'><em>βασίλευσον</em></span> <span class='ocrx_word' id='word_1_55' title='bbox 1383 1001 1476 1070; x_wconf 69' lang='grc' dir='ltr'><strong><em>ἐφ’</em></strong></span> <span class='ocrx_word' id='word_1_56' title='bbox 1509 1001 1688 1070; x_wconf 74' lang='grc' dir='ltr'><em>ἡμᾶς.</em></span> <span class='ocrx_word' id='word_1_57' title='bbox 1738 1003 1846 1056; x_wconf 80' lang='grc' dir='ltr'><strong><em>Καὶ</em></strong></span> 
     </span>
    </p>
   </div>
   <div class='ocr_carea' id='block_1_10' title="bbox 273 1082 1848 1162">
    <p class='ocr_par' dir='ltr' id='par_1_10' title="bbox 273 1082 1848 1162">
     <span class='ocr_line' id='line_1_10' title="bbox 273 1082 1848 1162; baseline 0.004 -23"><span class='ocrx_word' id='word_1_58' title='bbox 273 1082 438 1141; x_wconf 76' lang='grc' dir='ltr'><em>εἶπεν</em></span> <span class='ocrx_word' id='word_1_59' title='bbox 469 1089 678 1156; x_wconf 82' lang='grc' dir='ltr'><em>αὐτοῖς</em></span> <span class='ocrx_word' id='word_1_60' title='bbox 719 1093 757 1158; x_wconf 78' lang='grc' dir='ltr'><em>ἠ</em></span> <span class='ocrx_word' id='word_1_61' title='bbox 782 1091 1051 1160; x_wconf 80' lang='grc' dir='ltr'><em>ἄμπελος</em></span> <span class='ocrx_word' id='word_1_62' title='bbox 1076 1108 1091 1124; x_wconf 79' lang='grc' dir='ltr'><strong>ο</strong></span> <span class='ocrx_word' id='word_1_63' title='bbox 1128 1089 1363 1161; x_wconf 71' lang='grc' dir='ltr'><em>Ἀφεῖσα</em></span> <span class='ocrx_word' id='word_1_64' title='bbox 1394 1092 1498 1146; x_wconf 83' lang='grc' dir='ltr'><em>τὸν</em></span> <span class='ocrx_word' id='word_1_65' title='bbox 1525 1092 1692 1146; x_wconf 72' lang='grc' dir='ltr'><em>οἶνόν</em></span> <span class='ocrx_word' id='word_1_66' title='bbox 1711 1109 1848 1162; x_wconf 85' lang='grc' dir='ltr'><strong><em>μου,</em></strong></span> 
     </span>
    </p>
   </div>
   <div class='ocr_carea' id='block_1_11' title="bbox 273 1180 1851 1256">
    <p class='ocr_par' dir='ltr' id='par_1_11' title="bbox 273 1180 1851 1256">
     <span class='ocr_line' id='line_1_11' title="bbox 273 1180 1851 1256; baseline 0.003 -24"><span class='ocrx_word' id='word_1_67' title='bbox 273 1181 367 1233; x_wconf 79' lang='grc' dir='ltr'><em>καὶ</em></span> <span class='ocrx_word' id='word_1_68' title='bbox 390 1180 508 1248; x_wconf 81' lang='grc' dir='ltr'><em>τὴν</em></span> <span class='ocrx_word' id='word_1_69' title='bbox 527 1185 919 1252; x_wconf 64' lang='grc' dir='ltr'><em>εὐφροσύνην</em></span> <span class='ocrx_word' id='word_1_70' title='bbox 943 1183 1060 1237; x_wconf 83' lang='grc' dir='ltr'><em>τῶν</em></span> <span class='ocrx_word' id='word_1_71' title='bbox 1079 1185 1425 1256; x_wconf 75' lang='grc' dir='ltr'><em>ἀνθρώπων,</em></span> <span class='ocrx_word' id='word_1_72' title='bbox 1461 1185 1732 1254; x_wconf 78' lang='grc' dir='ltr'><strong><em>πορευθῶ</em></strong></span> <span class='ocrx_word' id='word_1_73' title='bbox 1747 1185 1851 1252; x_wconf 81' lang='grc' dir='ltr'><strong><em>ἅρ-</em></strong></span> 
     </span>
    </p>
   </div>
   <div class='ocr_carea' id='block_1_12' title="bbox 274 1275 1851 1348">
    <p class='ocr_par' dir='ltr' id='par_1_12' title="bbox 274 1275 1851 1348">
     <span class='ocr_line' id='line_1_12' title="bbox 274 1275 1851 1348; baseline 0.012 -23"><span class='ocrx_word' id='word_1_74' title='bbox 274 1288 402 1340; x_wconf 78' lang='grc' dir='ltr'><em>χειν</em></span> <span class='ocrx_word' id='word_1_75' title='bbox 428 1275 552 1328; x_wconf 81' lang='grc' dir='ltr'><em>τῶν</em></span> <span class='ocrx_word' id='word_1_76' title='bbox 581 1276 818 1340; x_wconf 80' lang='grc' dir='ltr'><em>ξύλων;</em></span> <span class='ocrx_word' id='word_1_77' title='bbox 844 1279 949 1332; x_wconf 88' lang='lat' dir='ltr'><strong><em>Kal</em></strong></span> <span class='ocrx_word' id='word_1_78' title='bbox 977 1275 1151 1332; x_wconf 79' lang='grc' dir='ltr'><em>εἶπον</em></span> <span class='ocrx_word' id='word_1_79' title='bbox 1191 1279 1262 1332; x_wconf 87' lang='grc' dir='ltr'><strong><em>τὰ</em></strong></span> <span class='ocrx_word' id='word_1_80' title='bbox 1287 1281 1445 1343; x_wconf 79' lang='grc' dir='ltr'><em>ξύλα</em></span> <span class='ocrx_word' id='word_1_81' title='bbox 1491 1277 1567 1348; x_wconf 70' lang='grc' dir='ltr'><em>τῇ</em></span> <span class='ocrx_word' id='word_1_82' title='bbox 1604 1277 1810 1348; x_wconf 76' lang='grc' dir='ltr'><strong><em>ῥάμνῳ</em></strong></span> <span class='ocrx_word' id='word_1_83' title='bbox 1835 1293 1851 1310; x_wconf 85' lang='grc'><strong><em>⁸</em></strong></span> 
     </span>
    </p>
   </div>
   <div class='ocr_carea' id='block_1_13' title="bbox 273 1365 1858 1440">
    <p class='ocr_par' dir='ltr' id='par_1_13' title="bbox 273 1365 1858 1440">
     <span class='ocr_line' id='line_1_13' title="bbox 273 1365 1858 1440; baseline 0.004 -23"><span class='ocrx_word' id='word_1_84' title='bbox 273 1365 475 1433; x_wconf 78' lang='grc' dir='ltr'>Δεῦρο,</span> <span class='ocrx_word' id='word_1_85' title='bbox 489 1367 879 1429; x_wconf 57' lang='grc' dir='ltr'><em>βασίλευσω</em></span> <span class='ocrx_word' id='word_1_86' title='bbox 908 1370 1000 1439; x_wconf 76' lang='grc' dir='ltr'><strong><em>ἐφ’</em></strong></span> <span class='ocrx_word' id='word_1_87' title='bbox 1022 1371 1200 1440; x_wconf 72' lang='grc' dir='ltr'><em>ἡμᾶς.</em></span> <span class='ocrx_word' id='word_1_88' title='bbox 1243 1371 1350 1424; x_wconf 86' lang='lat' dir='ltr'><strong><em>Kal</em></strong></span> <span class='ocrx_word' id='word_1_89' title='bbox 1375 1367 1601 1440; x_wconf 79' lang='grc' dir='ltr'><em>εἴπενή</em></span> <span class='ocrx_word' id='word_1_90' title='bbox 1624 1370 1858 1440; x_wconf 77' lang='grc' dir='ltr'><em>ῥάμνος</em></span> 
     </span>
    </p>
   </div>
   <div class='ocr_carea' id='block_1_14' title="bbox 273 1457 1855 1533">
    <p class='ocr_par' dir='ltr' id='par_1_14' title="bbox 273 1457 1855 1533">
     <span class='ocr_line' id='line_1_14' title="bbox 273 1457 1855 1533; baseline 0.004 -25"><span class='ocrx_word' id='word_1_91' title='bbox 273 1457 394 1524; x_wconf 84' lang='grc' dir='ltr'><em>τοῖς</em></span> <span class='ocrx_word' id='word_1_92' title='bbox 407 1459 617 1526; x_wconf 74' lang='grc' dir='ltr'><em>ξύλοις</em></span> <span class='ocrx_word' id='word_1_93' title='bbox 642 1478 658 1492; x_wconf 76' lang='grc' dir='ltr'><strong><em>ο</em></strong></span> <span class='ocrx_word' id='word_1_94' title='bbox 683 1464 752 1516; x_wconf 86' lang='lat' dir='ltr'><strong><em>El</em></strong></span> <span class='ocrx_word' id='word_1_95' title='bbox 781 1464 853 1516; x_wconf 84' lang='grc' dir='ltr'><em>ἐν</em></span> <span class='ocrx_word' id='word_1_96' title='bbox 887 1464 1140 1532; x_wconf 78' lang='grc' dir='ltr'><strong><em>ἀληθείᾳ</em></strong></span> <span class='ocrx_word' id='word_1_97' title='bbox 1156 1463 1326 1530; x_wconf 84' lang='grc' dir='ltr'><em>ὑμεῖς</em></span> <span class='ocrx_word' id='word_1_98' title='bbox 1356 1463 1556 1533; x_wconf 76' lang='grc' dir='ltr'><strong><em>χρίετέ</em></strong></span> <span class='ocrx_word' id='word_1_99' title='bbox 1574 1481 1652 1533; x_wconf 80' lang='grc' dir='ltr'><em>με</em></span> <span class='ocrx_word' id='word_1_100' title='bbox 1668 1464 1855 1528; x_wconf 83' lang='grc' dir='ltr'><em>,βασι-</em></span> 
     </span>
    </p>
   </div>
   <div class='ocr_carea' id='block_1_15' title="bbox 1963 730 3537 802">
    <p class='ocr_par' dir='ltr' id='par_1_15' title="bbox 1963 730 3537 802">
     <span class='ocr_line' id='line_1_15' title="bbox 1963 730 3537 802; baseline 0.001 -18"><span class='ocrx_word' id='word_1_101' title='bbox 1963 747 2154 790; x_wconf 84' lang='lat' dir='ltr'><strong><em>meam,</em></strong></span> <span class='ocrx_word' id='word_1_102' title='bbox 2188 742 2234 784; x_wconf 90' lang='lat' dir='ltr'><strong><em>et</em></strong></span> <span class='ocrx_word' id='word_1_103' title='bbox 2270 745 2474 800; x_wconf 81' lang='lat' dir='ltr'><strong><em>germen</em></strong></span> <span class='ocrx_word' id='word_1_104' title='bbox 2499 746 2667 783; x_wconf 87' lang='lat' dir='ltr'><strong><em>meum</em></strong></span> <span class='ocrx_word' id='word_1_105' title='bbox 2696 730 2908 796; x_wconf 86' lang='lat' dir='ltr'><strong><em>bonum,</em></strong></span> <span class='ocrx_word' id='word_1_106' title='bbox 2940 747 3153 801; x_wconf 80' lang='lat' dir='ltr'><strong><em>pergam</em></strong></span> <span class='ocrx_word' id='word_1_107' title='bbox 3186 744 3237 784; x_wconf 84' lang='lat' dir='ltr'><strong><em>ut</em></strong></span> <span class='ocrx_word' id='word_1_108' title='bbox 3267 732 3422 802; x_wconf 77' lang='lat' dir='ltr'><strong><em>lignis</em></strong></span> <span class='ocrx_word' id='word_1_109' title='bbox 3447 734 3537 785; x_wconf 86' lang='lat' dir='ltr'><strong><em>im-</em></strong></span> 
     </span>
    </p>
   </div>
   <div class='ocr_carea' id='block_1_16' title="bbox 1961 822 3537 895">
    <p class='ocr_par' dir='ltr' id='par_1_16' title="bbox 1961 822 3537 895">
     <span class='ocr_line' id='line_1_16' title="bbox 1961 822 3537 895; baseline 0.001 -19"><span class='ocrx_word' id='word_1_110' title='bbox 1961 824 2216 892; x_wconf 86' lang='lat' dir='ltr'><strong><em>peritem?</em></strong></span> <span class='ocrx_word' id='word_1_111' title='bbox 2248 822 2315 874; x_wconf 72' lang='lat' dir='ltr'><strong><em>Et</em></strong></span> <span class='ocrx_word' id='word_1_112' title='bbox 2348 823 2596 876; x_wconf 72' lang='lat' dir='ltr'><strong><em>dixerunt</em></strong></span> <span class='ocrx_word' id='word_1_113' title='bbox 2633 824 2774 893; x_wconf 79' lang='lat' dir='ltr'><strong><em>ligna</em></strong></span> <span class='ocrx_word' id='word_1_114' title='bbox 2805 825 2893 876; x_wconf 80' lang='lat' dir='ltr'><strong><em>viti</em></strong></span> <span class='ocrx_word' id='word_1_115' title='bbox 2920 839 2938 876; x_wconf 89' lang='lat'><strong><em>:</em></strong></span> <span class='ocrx_word' id='word_1_116' title='bbox 2969 823 3256 889; x_wconf 78' lang='lat' dir='ltr'><strong><em>Adesdum,</em></strong></span> <span class='ocrx_word' id='word_1_117' title='bbox 3293 838 3340 880; x_wconf 91' lang='lat' dir='ltr'><strong><em>et</em></strong></span> <span class='ocrx_word' id='word_1_118' title='bbox 3379 842 3537 895; x_wconf 80' lang='lat' dir='ltr'><strong><em>regna</em></strong></span> 
     </span>
    </p>
   </div>
   <div class='ocr_carea' id='block_1_17' title="bbox 1961 913 3536 970">
    <p class='ocr_par' dir='ltr' id='par_1_17' title="bbox 1961 913 3536 970">
     <span class='ocr_line' id='line_1_17' title="bbox 1961 913 3536 970; baseline 0.002 -3"><span class='ocrx_word' id='word_1_119' title='bbox 1961 914 2096 967; x_wconf 87' lang='lat' dir='ltr'><strong><em>inter</em></strong></span> <span class='ocrx_word' id='word_1_120' title='bbox 2119 930 2232 968; x_wconf 88' lang='lat' dir='ltr'><strong><em>nos.</em></strong></span> <span class='ocrx_word' id='word_1_121' title='bbox 2264 913 2329 966; x_wconf 80' lang='lat' dir='ltr'><strong><em>Et</em></strong></span> <span class='ocrx_word' id='word_1_122' title='bbox 2357 914 2433 966; x_wconf 91' lang='lat' dir='ltr'><strong><em>ait</em></strong></span> <span class='ocrx_word' id='word_1_123' title='bbox 2468 913 2574 967; x_wconf 88' lang='lat' dir='ltr'><strong><em>illis</em></strong></span> <span class='ocrx_word' id='word_1_124' title='bbox 2609 915 2726 968; x_wconf 75' lang='lat' dir='ltr'><strong><em>ritis</em></strong></span> <span class='ocrx_word' id='word_1_125' title='bbox 2749 931 2768 969; x_wconf 90' lang='lat'><strong><em>:</em></strong></span> <span class='ocrx_word' id='word_1_126' title='bbox 2790 914 3070 968; x_wconf 85' lang='lat' dir='ltr'><strong><em>Dimittens</em></strong></span> <span class='ocrx_word' id='word_1_127' title='bbox 3091 917 3264 968; x_wconf 82' lang='lat' dir='ltr'><strong><em>vinum</em></strong></span> <span class='ocrx_word' id='word_1_128' title='bbox 3294 932 3461 969; x_wconf 89' lang='lat' dir='ltr'><strong><em>meum</em></strong></span> <span class='ocrx_word' id='word_1_129' title='bbox 3487 927 3536 970; x_wconf 91' lang='lat' dir='ltr'><strong><em>et</em></strong></span> 
     </span>
    </p>
   </div>
   <div class='ocr_carea' id='block_1_18' title="bbox 1962 1001 3538 1074">
    <p class='ocr_par' dir='ltr' id='par_1_18' title="bbox 1962 1001 3538 1074">
     <span class='ocr_line' id='line_1_18' title="bbox 1962 1001 3538 1074; baseline 0.003 -19"><span class='ocrx_word' id='word_1_130' title='bbox 1962 1001 2206 1056; x_wconf 76' lang='lat' dir='ltr'><strong><em>ltetitium</em></strong></span> <span class='ocrx_word' id='word_1_131' title='bbox 2258 1002 2548 1064; x_wconf 77' lang='lat' dir='ltr'><strong><em>hominum,</em></strong></span> <span class='ocrx_word' id='word_1_132' title='bbox 2582 1019 2796 1074; x_wconf 80' lang='lat' dir='ltr'><strong><em>pergam</em></strong></span> <span class='ocrx_word' id='word_1_133' title='bbox 2855 1013 2911 1056; x_wconf 87' lang='lat' dir='ltr'><strong><em>ut</em></strong></span> <span class='ocrx_word' id='word_1_134' title='bbox 2985 1003 3144 1074; x_wconf 86' lang='lat' dir='ltr'><strong><em>lignis</em></strong></span> <span class='ocrx_word' id='word_1_135' title='bbox 3200 1006 3538 1074; x_wconf 85' lang='lat' dir='ltr'><strong><em>imperitem?</em></strong></span> 
     </span>
    </p>
   </div>
   <div class='ocr_carea' id='block_1_19' title="bbox 1960 1092 3535 1162">
    <p class='ocr_par' dir='ltr' id='par_1_19' title="bbox 1960 1092 3535 1162">
     <span class='ocr_line' id='line_1_19' title="bbox 1960 1092 3535 1162; baseline 0.001 -17"><span class='ocrx_word' id='word_1_136' title='bbox 1960 1092 2319 1158; x_wconf 79' lang='lat' dir='ltr'><strong><em>Dixernntque</em></strong></span> <span class='ocrx_word' id='word_1_137' title='bbox 2343 1093 2485 1161; x_wconf 89' lang='lat' dir='ltr'><strong><em>ligna</em></strong></span> <span class='ocrx_word' id='word_1_138' title='bbox 2516 1093 2680 1160; x_wconf 70' lang='lat' dir='ltr'><strong><em>spinea</em></strong></span> <span class='ocrx_word' id='word_1_139' title='bbox 2706 1106 2722 1143; x_wconf 91' lang='lat'><strong><em>:</em></strong></span> <span class='ocrx_word' id='word_1_140' title='bbox 2756 1092 3044 1155; x_wconf 78' lang='lat' dir='ltr'><strong><em>Adesdum,</em></strong></span> <span class='ocrx_word' id='word_1_141' title='bbox 3071 1108 3228 1162; x_wconf 83' lang='lat' dir='ltr'><strong><em>regna</em></strong></span> <span class='ocrx_word' id='word_1_142' title='bbox 3255 1092 3390 1146; x_wconf 87' lang='lat' dir='ltr'><strong><em>inter</em></strong></span> <span class='ocrx_word' id='word_1_143' title='bbox 3417 1109 3535 1146; x_wconf 82' lang='lat' dir='ltr'><strong><em>nos.</em></strong></span> 
     </span>
    </p>
   </div>
   <div class='ocr_carea' id='block_1_20' title="bbox 1964 1182 3536 1254">
    <p class='ocr_par' dir='ltr' id='par_1_20' title="bbox 1964 1182 3536 1254">
     <span class='ocr_line' id='line_1_20' title="bbox 1964 1182 3536 1254; baseline 0.001 -17"><span class='ocrx_word' id='word_1_144' title='bbox 1964 1182 2027 1237; x_wconf 83' lang='lat' dir='ltr'><strong><em>Et</em></strong></span> <span class='ocrx_word' id='word_1_145' title='bbox 2057 1185 2135 1237; x_wconf 90' lang='lat' dir='ltr'><strong><em>ait</em></strong></span> <span class='ocrx_word' id='word_1_146' title='bbox 2169 1185 2320 1252; x_wconf 90' lang='lat' dir='ltr'><strong><em>spina</em></strong></span> <span class='ocrx_word' id='word_1_147' title='bbox 2345 1184 2500 1254; x_wconf 83' lang='lat' dir='ltr'><strong><em>lignis</em></strong></span> <span class='ocrx_word' id='word_1_148' title='bbox 2533 1199 2550 1238; x_wconf 91' lang='lat'><strong><em>:</em></strong></span> <span class='ocrx_word' id='word_1_149' title='bbox 2583 1183 2644 1238; x_wconf 88' lang='lat' dir='ltr'><strong><em>Si</em></strong></span> <span class='ocrx_word' id='word_1_150' title='bbox 2674 1186 2730 1238; x_wconf 87' lang='lat' dir='ltr'><strong><em>in</em></strong></span> <span class='ocrx_word' id='word_1_151' title='bbox 2763 1185 2980 1238; x_wconf 81' lang='lat' dir='ltr'><strong><em>veritate</em></strong></span> <span class='ocrx_word' id='word_1_152' title='bbox 3004 1201 3091 1238; x_wconf 87' lang='lat' dir='ltr'><strong><em>vos</em></strong></span> <span class='ocrx_word' id='word_1_153' title='bbox 3113 1184 3310 1253; x_wconf 81' lang='lat' dir='ltr'><strong><em>ungitis</em></strong></span> <span class='ocrx_word' id='word_1_154' title='bbox 3344 1201 3424 1240; x_wconf 89' lang='lat' dir='ltr'><strong><em>me</em></strong></span> <span class='ocrx_word' id='word_1_155' title='bbox 3454 1201 3536 1238; x_wconf 85' lang='lat' dir='ltr'><strong><em>re-</em></strong></span> 
     </span>
    </p>
   </div>
   <div class='ocr_carea' id='block_1_21' title="bbox 1961 1275 3539 1346">
    <p class='ocr_par' dir='ltr' id='par_1_21' title="bbox 1961 1275 3539 1346">
     <span class='ocr_line' id='line_1_21' title="bbox 1961 1275 3539 1346; baseline 0.001 -17"><span class='ocrx_word' id='word_1_156' title='bbox 1961 1292 2073 1346; x_wconf 86' lang='lat' dir='ltr'><strong><em>gem</em></strong></span> <span class='ocrx_word' id='word_1_157' title='bbox 2100 1277 2239 1330; x_wconf 86' lang='lat' dir='ltr'><strong><em>inter</em></strong></span> <span class='ocrx_word' id='word_1_158' title='bbox 2264 1293 2375 1339; x_wconf 81' lang='lat' dir='ltr'><strong><em>vos,</em></strong></span> <span class='ocrx_word' id='word_1_159' title='bbox 2400 1276 2660 1330; x_wconf 75' lang='lat' dir='ltr'><strong><em>succedite</em></strong></span> <span class='ocrx_word' id='word_1_160' title='bbox 2684 1289 2732 1329; x_wconf 89' lang='lat' dir='ltr'><strong><em>et</em></strong></span> <span class='ocrx_word' id='word_1_161' title='bbox 2761 1277 2929 1331; x_wconf 84' lang='lat' dir='ltr'><strong><em>subite</em></strong></span> <span class='ocrx_word' id='word_1_162' title='bbox 2961 1276 3199 1330; x_wconf 81' lang='lat' dir='ltr'><strong><em>umbram</em></strong></span> <span class='ocrx_word' id='word_1_163' title='bbox 3221 1293 3412 1332; x_wconf 86' lang='lat' dir='ltr'><strong><em>meam.</em></strong></span> <span class='ocrx_word' id='word_1_164' title='bbox 3444 1275 3539 1332; x_wconf 87' lang='lat' dir='ltr'><strong><em>Sin</em></strong></span> 
     </span>
    </p>
   </div>
   <div class='ocr_carea' id='block_1_22' title="bbox 1963 1369 3540 1440">
    <p class='ocr_par' dir='ltr' id='par_1_22' title="bbox 1963 1369 3540 1440">
     <span class='ocr_line' id='line_1_22' title="bbox 1963 1369 3540 1440; baseline 0.001 -17"><span class='ocrx_word' id='word_1_165' title='bbox 1963 1371 2157 1434; x_wconf 87' lang='lat' dir='ltr'><strong><em>minus,</em></strong></span> <span class='ocrx_word' id='word_1_166' title='bbox 2197 1379 2350 1423; x_wconf 73' lang='lat' dir='ltr'><strong><em>exeat</em></strong></span> <span class='ocrx_word' id='word_1_167' title='bbox 2378 1370 2517 1440; x_wconf 86' lang='lat' dir='ltr'><strong><em>iqnis</em></strong></span> <span class='ocrx_word' id='word_1_168' title='bbox 2547 1371 2609 1425; x_wconf 87' lang='lat' dir='ltr'><strong><em>de</em></strong></span> <span class='ocrx_word' id='word_1_169' title='bbox 2636 1372 2809 1440; x_wconf 82' lang='lat' dir='ltr'><strong><em>spina,</em></strong></span> <span class='ocrx_word' id='word_1_170' title='bbox 2849 1381 2898 1425; x_wconf 90' lang='lat' dir='ltr'><strong><em>et</em></strong></span> <span class='ocrx_word' id='word_1_171' title='bbox 2929 1371 3169 1424; x_wconf 82' lang='lat' dir='ltr'><strong><em>comedat</em></strong></span> <span class='ocrx_word' id='word_1_172' title='bbox 3217 1371 3405 1425; x_wconf 88' lang='lat' dir='ltr'><strong><em>cedros</em></strong></span> <span class='ocrx_word' id='word_1_173' title='bbox 3455 1369 3540 1425; x_wconf 88' lang='lat' dir='ltr'><strong><em>Li-</em></strong></span> 
     </span>
    </p>
   </div>
   <div class='ocr_carea' id='block_1_23' title="bbox 1967 1461 2111 1515">
    <p class='ocr_par' dir='ltr' id='par_1_23' title="bbox 1967 1461 2111 1515">
     <span class='ocr_line' id='line_1_23' title="bbox 1967 1461 2111 1515; baseline 0.014 -2"><span class='ocrx_word' id='word_1_174' title='bbox 1967 1461 2111 1515; x_wconf 87' lang='lat' dir='ltr'><strong><em>bnni.</em></strong></span> 
     </span>
    </p>
   </div>
   <div class='ocr_carea' id='block_1_24' title="bbox 271 1552 3517 1629">
    <p class='ocr_par' dir='ltr' id='par_1_24' title="bbox 271 1552 3517 1629">
     <span class='ocr_line' id='line_1_24' title="bbox 271 1552 3517 1629; baseline 0.002 -24"><span class='ocrx_word' id='word_1_175' title='bbox 271 1552 378 1606; x_wconf 87' lang='grc' dir='ltr'><em>λὲα</em></span> <span class='ocrx_word' id='word_1_176' title='bbox 409 1555 503 1622; x_wconf 58' lang='grc' dir='ltr'><strong><em>ἐφ’</em></strong></span> <span class='ocrx_word' id='word_1_177' title='bbox 535 1555 710 1625; x_wconf 81' lang='grc' dir='ltr'><strong><em>ὑμᾶς,</em></strong></span> <span class='ocrx_word' id='word_1_178' title='bbox 752 1559 1054 1614; x_wconf 72' lang='grc' dir='ltr'><em>εἰσέλθετε</em></span> <span class='ocrx_word' id='word_1_179' title='bbox 1088 1559 1552 1614; x_wconf 77' lang='grc' dir='ltr'><em>καὶὺποδύσατε</em></span> <span class='ocrx_word' id='word_1_180' title='bbox 1575 1561 1695 1614; x_wconf 82' lang='grc' dir='ltr'><strong><em>ὑπὸ</em></strong></span> <span class='ocrx_word' id='word_1_181' title='bbox 1740 1558 1854 1627; x_wconf 84' lang='grc' dir='ltr'><em>τὴν</em></span> <span class='ocrx_word' id='word_1_182' title='bbox 1887 1559 2131 1626; x_wconf 79' lang='grc' dir='ltr'><em>σκέπην</em></span> <span class='ocrx_word' id='word_1_183' title='bbox 2175 1575 2317 1627; x_wconf 82' lang='grc' dir='ltr'><em>μου.</em></span> <span class='ocrx_word' id='word_1_184' title='bbox 2353 1558 2460 1614; x_wconf 81' lang='grc' dir='ltr'><strong><em>Καὶ</em></strong></span> <span class='ocrx_word' id='word_1_185' title='bbox 2501 1561 2553 1612; x_wconf 86' lang='grc' dir='ltr'><em>εὶ</em></span> <span class='ocrx_word' id='word_1_186' title='bbox 2578 1559 2684 1628; x_wconf 80' lang='grc' dir='ltr'><strong><em>μὴ,</em></strong></span> <span class='ocrx_word' id='word_1_187' title='bbox 2738 1556 2956 1629; x_wconf 81' lang='grc' dir='ltr'><strong><em>ἐξέλθῃ</em></strong></span> <span class='ocrx_word' id='word_1_188' title='bbox 3000 1560 3120 1628; x_wconf 67' lang='grc' dir='ltr'>πῦρ</span> <span class='ocrx_word' id='word_1_189' title='bbox 3185 1560 3252 1613; x_wconf 76' lang='grc' dir='ltr'><em>ἐκ</em></span> <span class='ocrx_word' id='word_1_190' title='bbox 3291 1557 3401 1627; x_wconf 82' lang='grc' dir='ltr'><em>τῆς</em></span> <span class='ocrx_word' id='word_1_191' title='bbox 3437 1559 3517 1628; x_wconf 79' lang='grc' dir='ltr'><strong><em>ῥά</em></strong></span> 
     </span>
    </p>
   </div>
   <div class='ocr_carea' id='block_1_25' title="bbox 271 1651 1898 1724">
    <p class='ocr_par' dir='ltr' id='par_1_25' title="bbox 271 1651 1898 1724">
     <span class='ocr_line' id='line_1_25' title="bbox 271 1651 1898 1724; baseline 0.004 -23"><span class='ocrx_word' id='word_1_192' title='bbox 271 1665 422 1716; x_wconf 84' lang='grc' dir='ltr'><em>μνου</em></span> <span class='ocrx_word' id='word_1_193' title='bbox 459 1691 472 1715; x_wconf 87' lang='grc'><em>,</em></span> <span class='ocrx_word' id='word_1_194' title='bbox 497 1651 596 1704; x_wconf 73' lang='grc' dir='ltr'><em>καὶ</em></span> <span class='ocrx_word' id='word_1_195' title='bbox 624 1654 951 1724; x_wconf 63' lang='grc' dir='ltr'><em>καταφάγοι</em></span> <span class='ocrx_word' id='word_1_196' title='bbox 1014 1671 1120 1721; x_wconf 82' lang='grc' dir='ltr'><strong><em>τας</em></strong></span> <span class='ocrx_word' id='word_1_197' title='bbox 1158 1654 1410 1724; x_wconf 85' lang='grc' dir='ltr'><em>κέδρους</em></span> <span class='ocrx_word' id='word_1_198' title='bbox 1456 1655 1563 1709; x_wconf 86' lang='grc' dir='ltr'>τοῦ</span> <span class='ocrx_word' id='word_1_199' title='bbox 1616 1655 1898 1710; x_wconf 80' lang='grc' dir='ltr'><em>Λιϐάνου.</em></span> 
     </span>
    </p>
   </div>
   <div class='ocr_carea' id='block_1_26' title="bbox 343 1740 1856 1816">
    <p class='ocr_par' dir='ltr' id='par_1_26' title="bbox 343 1740 1856 1816">
     <span class='ocr_line' id='line_1_26' title="bbox 343 1740 1856 1816; baseline 0.005 -24"><span class='ocrx_word' id='word_1_200' title='bbox 343 1740 590 1811; x_wconf 82' lang='grc' dir='ltr'><strong><em>Σαμψὼν</em></strong></span> <span class='ocrx_word' id='word_1_201' title='bbox 619 1746 700 1807; x_wconf 85' lang='grc' dir='ltr'><em>εἰς</em></span> <span class='ocrx_word' id='word_1_202' title='bbox 720 1744 782 1797; x_wconf 74' lang='grc' dir='ltr'><em>τὸ</em></span> <span class='ocrx_word' id='word_1_203' title='bbox 813 1746 1132 1816; x_wconf 82' lang='grc' dir='ltr'><em>μελικήριον</em></span> <span class='ocrx_word' id='word_1_204' title='bbox 1159 1746 1186 1798; x_wconf 82' lang='grc' dir='ltr'><strong>ὃ</strong></span> <span class='ocrx_word' id='word_1_205' title='bbox 1221 1741 1378 1816; x_wconf 74' lang='grc' dir='ltr'><em>εὗρεν</em></span> <span class='ocrx_word' id='word_1_206' title='bbox 1412 1747 1471 1798; x_wconf 83' lang='grc' dir='ltr'><em>ὲν</em></span> <span class='ocrx_word' id='word_1_207' title='bbox 1515 1744 1595 1816; x_wconf 83' lang='grc' dir='ltr'><em>τῷ</em></span> <span class='ocrx_word' id='word_1_208' title='bbox 1624 1748 1856 1816; x_wconf 84' lang='grc' dir='ltr'><em>στόματι</em></span> 
     </span>
    </p>
   </div>
   <div class='ocr_carea' id='block_1_27' title="bbox 275 1825 1860 1906">
    <p class='ocr_par' dir='ltr' id='par_1_27' title="bbox 275 1825 1860 1906">
     <span class='ocr_line' id='line_1_27' title="bbox 275 1825 1860 1906; baseline 0.004 -23"><span class='ocrx_word' id='word_1_209' title='bbox 275 1825 332 1884; x_wconf 72' lang='grc' dir='ltr'><strong><em>οὗ</em></strong></span> <span class='ocrx_word' id='word_1_210' title='bbox 371 1833 664 1887; x_wconf 78' lang='grc' dir='ltr'><em>ἀπέκτεινε</em></span> <span class='ocrx_word' id='word_1_211' title='bbox 691 1835 926 1900; x_wconf 84' lang='grc' dir='ltr'><em>λέοντος,</em></span> <span class='ocrx_word' id='word_1_212' title='bbox 958 1839 1053 1890; x_wconf 72' lang='grc' dir='ltr'><em>καὶ</em></span> <span class='ocrx_word' id='word_1_213' title='bbox 1079 1837 1272 1906; x_wconf 79' lang='grc' dir='ltr'><strong><em>ἔφαγε,</em></strong></span> <span class='ocrx_word' id='word_1_214' title='bbox 1295 1835 1588 1906; x_wconf 86' lang='grc' dir='ltr'><em>πρόϐλημα</em></span> <span class='ocrx_word' id='word_1_215' title='bbox 1629 1838 1860 1906; x_wconf 78' lang='grc' dir='ltr'><strong><em>ποιήσας</em></strong></span> 
     </span>
    </p>
   </div>
   <div class='ocr_carea' id='block_1_28' title="bbox 2042 1741 3540 1816">
    <p class='ocr_par' dir='ltr' id='par_1_28' title="bbox 2042 1741 3540 1816">
     <span class='ocr_line' id='line_1_28' title="bbox 2042 1741 3540 1816; baseline 0.003 -18"><span class='ocrx_word' id='word_1_216' title='bbox 2042 1741 2272 1798; x_wconf 78' lang='lat' dir='ltr'><strong><em>Samson</em></strong></span> <span class='ocrx_word' id='word_1_217' title='bbox 2298 1743 2365 1798; x_wconf 89' lang='lat' dir='ltr'><strong><em>de</em></strong></span> <span class='ocrx_word' id='word_1_218' title='bbox 2400 1742 2544 1810; x_wconf 88' lang='lat' dir='ltr'><strong><em>favo,</em></strong></span> <span class='ocrx_word' id='word_1_219' title='bbox 2579 1760 2738 1813; x_wconf 84' lang='lat' dir='ltr'><strong><em>quem</em></strong></span> <span class='ocrx_word' id='word_1_220' title='bbox 2786 1753 3060 1816; x_wconf 85' lang='lat' dir='ltr'><strong><em>repererat</em></strong></span> <span class='ocrx_word' id='word_1_221' title='bbox 3101 1746 3150 1798; x_wconf 91' lang='lat' dir='ltr'><strong><em>in</em></strong></span> <span class='ocrx_word' id='word_1_222' title='bbox 3190 1761 3284 1799; x_wconf 91' lang='lat' dir='ltr'><strong><em>ore</em></strong></span> <span class='ocrx_word' id='word_1_223' title='bbox 3312 1746 3484 1802; x_wconf 86' lang='lat' dir='ltr'><strong><em>leonis</em></strong></span> <span class='ocrx_word' id='word_1_224' title='bbox 3512 1749 3540 1787; x_wconf 75' lang='grc'><strong>³</strong></span> 
     </span>
    </p>
   </div>
   <div class='ocr_carea' id='block_1_29' title="bbox 1969 1835 3539 1910">
    <p class='ocr_par' dir='ltr' id='par_1_29' title="bbox 1969 1835 3539 1910">
     <span class='ocr_line' id='line_1_29' title="bbox 1969 1835 3539 1910; baseline 0.001 -19"><span class='ocrx_word' id='word_1_225' title='bbox 1969 1852 2027 1891; x_wconf 86' lang='lat' dir='ltr'><strong><em>se</em></strong></span> <span class='ocrx_word' id='word_1_226' title='bbox 2059 1835 2351 1900; x_wconf 87' lang='lat' dir='ltr'><strong><em>interfecti,</em></strong></span> <span class='ocrx_word' id='word_1_227' title='bbox 2388 1852 2662 1908; x_wconf 86' lang='lat' dir='ltr'><strong><em>quemque</em></strong></span> <span class='ocrx_word' id='word_1_228' title='bbox 2721 1839 3054 1902; x_wconf 86' lang='lat' dir='ltr'><strong><em>comedcrat,</em></strong></span> <span class='ocrx_word' id='word_1_229' title='bbox 3084 1840 3315 1908; x_wconf 75' lang='lat' dir='ltr'><strong><em>:enigma</em></strong></span> <span class='ocrx_word' id='word_1_230' title='bbox 3345 1855 3539 1910; x_wconf 81' lang='lat' dir='ltr'><strong><em>prepo-</em></strong></span> 
     </span>
    </p>
   </div>
   <div class='ocr_carea' id='block_1_30' title="bbox 277 1915 1855 2001">
    <p class='ocr_par' dir='ltr' id='par_1_30' title="bbox 277 1922 1854 1996">
     <span class='ocr_line' id='line_1_30' title="bbox 277 1922 1854 1996; baseline 0.004 -22"><span class='ocrx_word' id='word_1_231' title='bbox 277 1922 436 1994; x_wconf 73' lang='grc' dir='ltr'><em>φησιν</em></span> <span class='ocrx_word' id='word_1_232' title='bbox 457 1939 472 1952; x_wconf 89' lang='grc'><strong>·</strong></span> <span class='ocrx_word' id='word_1_233' title='bbox 523 1925 618 1978; x_wconf 84' lang='grc' dir='ltr'><em>Ἐκ</em></span> <span class='ocrx_word' id='word_1_234' title='bbox 648 1928 947 1996; x_wconf 77' lang='grc' dir='ltr'><em>στόματος</em></span> <span class='ocrx_word' id='word_1_235' title='bbox 976 1929 1294 1992; x_wconf 73' lang='grc' dir='ltr'><em>ἐσθίοντος</em></span> <span class='ocrx_word' id='word_1_236' title='bbox 1335 1924 1556 1994; x_wconf 80' lang='grc' dir='ltr'><em>ἐξῆλθε</em></span> <span class='ocrx_word' id='word_1_237' title='bbox 1603 1925 1854 1996; x_wconf 79' lang='grc' dir='ltr'><strong><em>βρῶσις,</em></strong></span> 
     </span>
    </p>
   </div>
   <div class='ocr_carea' id='block_1_31' title="bbox 1960 1915 3540 2001">
    <p class='ocr_par' dir='ltr' id='par_1_31' title="bbox 1963 1927 3540 2001">
     <span class='ocr_line' id='line_1_31' title="bbox 1963 1927 3540 2001; baseline 0.003 -19"><span class='ocrx_word' id='word_1_238' title='bbox 1963 1943 2119 1990; x_wconf 88' lang='lat' dir='ltr'><strong><em>nens,</em></strong></span> <span class='ocrx_word' id='word_1_239' title='bbox 2152 1929 2360 1998; x_wconf 88' lang='lat' dir='ltr'><strong><em>inquit:</em></strong></span> <span class='ocrx_word' id='word_1_240' title='bbox 2391 1927 2474 1982; x_wconf 76' lang='lat' dir='ltr'><strong><em>Ex</em></strong></span> <span class='ocrx_word' id='word_1_241' title='bbox 2503 1946 2591 1983; x_wconf 91' lang='lat' dir='ltr'><strong><em>ore</em></strong></span> <span class='ocrx_word' id='word_1_242' title='bbox 2627 1930 2946 1984; x_wconf 88' lang='lat' dir='ltr'><strong><em>comedentis</em></strong></span> <span class='ocrx_word' id='word_1_243' title='bbox 2972 1948 3206 2001; x_wconf 77' lang='lat' dir='ltr'><strong><em>egressus</em></strong></span> <span class='ocrx_word' id='word_1_244' title='bbox 3256 1943 3332 1986; x_wconf 86' lang='lat' dir='ltr'><strong><em>est</em></strong></span> <span class='ocrx_word' id='word_1_245' title='bbox 3392 1934 3540 1986; x_wconf 81' lang='lat' dir='ltr'><strong><em>cibus</em></strong></span> 
     </span>
    </p>
   </div>
   <div class='ocr_carea' id='block_1_32' title="bbox 275 2013 971 2087">
    <p class='ocr_par' dir='ltr' id='par_1_32' title="bbox 275 2013 971 2087">
     <span class='ocr_line' id='line_1_32' title="bbox 275 2013 971 2087; baseline 0.009 -20"><span class='ocrx_word' id='word_1_246' title='bbox 275 2013 370 2068; x_wconf 71' lang='grc' dir='ltr'><em>καὶ</em></span> <span class='ocrx_word' id='word_1_247' title='bbox 384 2015 454 2079; x_wconf 80' lang='grc' dir='ltr'><strong><em>ἐξ</em></strong></span> <span class='ocrx_word' id='word_1_248' title='bbox 476 2017 732 2084; x_wconf 73' lang='grc' dir='ltr'><strong><em>ἰσχυροῦ</em></strong></span> <span class='ocrx_word' id='word_1_249' title='bbox 755 2021 971 2087; x_wconf 79' lang='grc' dir='ltr'><em>γλυκύ.</em></span> 
     </span>
    </p>
   </div>
   <div class='ocr_carea' id='block_1_33' title="bbox 343 2107 1832 2187">
    <p class='ocr_par' dir='ltr' id='par_1_33' title="bbox 343 2107 1832 2187">
     <span class='ocr_line' id='line_1_33' title="bbox 343 2107 1832 2187; baseline 0.006 -29"><span class='ocrx_word' id='word_1_250' title='bbox 343 2107 457 2158; x_wconf 76' lang='grc' dir='ltr'><strong><em>Καὶ</em></strong></span> <span class='ocrx_word' id='word_1_251' title='bbox 485 2109 514 2160; x_wconf 85' lang='grc' dir='ltr'>ὀ</span> <span class='ocrx_word' id='word_1_252' title='bbox 540 2109 704 2162; x_wconf 81' lang='grc' dir='ltr'><em>Δαϐὶδ</em></span> <span class='ocrx_word' id='word_1_253' title='bbox 735 2110 871 2181; x_wconf 82' lang='grc' dir='ltr'><em>πρὸς</em></span> <span class='ocrx_word' id='word_1_254' title='bbox 922 2111 1013 2164; x_wconf 82' lang='grc' dir='ltr'><em>τὸν</em></span> <span class='ocrx_word' id='word_1_255' title='bbox 1054 2113 1231 2168; x_wconf 77' lang='grc' dir='ltr'><em>Σαούλ</em></span> <span class='ocrx_word' id='word_1_256' title='bbox 1270 2133 1404 2187; x_wconf 81' lang='grc' dir='ltr'><em>φησι</em></span> <span class='ocrx_word' id='word_1_257' title='bbox 1428 2133 1443 2150; x_wconf 80' lang='grc' dir='ltr'><strong><em>ο</em></strong></span> <span class='ocrx_word' id='word_1_258' title='bbox 1472 2114 1721 2171; x_wconf 81' lang='grc' dir='ltr'><em>Δικάσαι</em></span> <span class='ocrx_word' id='word_1_259' title='bbox 1748 2116 1832 2168; x_wconf 84' lang='grc' dir='ltr'><strong><em>Κύ</em></strong></span> 
     </span>
    </p>
   </div>
   <div class='ocr_carea' id='block_1_34' title="bbox 273 2198 1858 2278">
    <p class='ocr_par' dir='ltr' id='par_1_34' title="bbox 273 2198 1858 2278">
     <span class='ocr_line' id='line_1_34' title="bbox 273 2198 1858 2278; baseline 0.007 -28"><span class='ocrx_word' id='word_1_260' title='bbox 273 2214 399 2265; x_wconf 85' lang='grc' dir='ltr'><em>ριος</em></span> <span class='ocrx_word' id='word_1_261' title='bbox 430 2198 747 2268; x_wconf 83' lang='grc' dir='ltr'><em>ἀναμέσον</em></span> <span class='ocrx_word' id='word_1_262' title='bbox 780 2203 930 2272; x_wconf 78' lang='grc' dir='ltr'>ἐμοῦ</span> <span class='ocrx_word' id='word_1_263' title='bbox 959 2205 1057 2258; x_wconf 80' lang='grc' dir='ltr'><em>καὶ</em></span> <span class='ocrx_word' id='word_1_264' title='bbox 1087 2207 1227 2274; x_wconf 88' lang='grc' dir='ltr'>σοῦ,</span> <span class='ocrx_word' id='word_1_265' title='bbox 1263 2211 1363 2263; x_wconf 76' lang='grc' dir='ltr'><em>καὶ</em></span> <span class='ocrx_word' id='word_1_266' title='bbox 1399 2210 1716 2278; x_wconf 63' lang='grc' dir='ltr'><em>ἐκδικῆσαι</em></span> <span class='ocrx_word' id='word_1_267' title='bbox 1740 2209 1858 2262; x_wconf 77' lang='grc' dir='ltr'><strong><em>Κύ-</em></strong></span> 
     </span>
    </p>
   </div>
   <div class='ocr_carea' id='block_1_35' title="bbox 273 2289 1861 2378">
    <p class='ocr_par' dir='ltr' id='par_1_35' title="bbox 273 2289 1861 2378">
     <span class='ocr_line' id='line_1_35' title="bbox 273 2289 1861 2378; baseline -0.003 -23"><span class='ocrx_word' id='word_1_268' title='bbox 273 2305 400 2355; x_wconf 77' lang='grc' dir='ltr'><strong><em>Ριος</em></strong></span> <span class='ocrx_word' id='word_1_269' title='bbox 425 2289 495 2343; x_wconf 76' lang='grc' dir='ltr'><em>ἐκ</em></span> <span class='ocrx_word' id='word_1_270' title='bbox 526 2290 664 2357; x_wconf 79' lang='grc' dir='ltr'><em>σοῦ,</em></span> <span class='ocrx_word' id='word_1_271' title='bbox 691 2294 790 2346; x_wconf 74' lang='grc' dir='ltr'><em>καὶ</em></span> <span class='ocrx_word' id='word_1_272' title='bbox 815 2294 850 2360; x_wconf 77' lang='grc' dir='ltr'><strong><em>ἡ</em></strong></span> <span class='ocrx_word' id='word_1_273' title='bbox 879 2295 1009 2363; x_wconf 81' lang='grc' dir='ltr'><strong><em>χείρ</em></strong></span> <span class='ocrx_word' id='word_1_274' title='bbox 1028 2314 1148 2364; x_wconf 88' lang='grc' dir='ltr'><strong><em>μου</em></strong></span> <span class='ocrx_word' id='word_1_275' title='bbox 1179 2302 1290 2353; x_wconf 85' lang='grc' dir='ltr'><strong><em>οὑκ</em></strong></span> <span class='ocrx_word' id='word_1_276' title='bbox 1315 2300 1487 2355; x_wconf 82' lang='grc' dir='ltr'><em>ἕσται</em></span> <span class='ocrx_word' id='word_1_277' title='bbox 1505 2301 1603 2354; x_wconf 83' lang='grc' dir='ltr'><strong><em>ἐπὶ</em></strong></span> <span class='ocrx_word' id='word_1_278' title='bbox 1633 2299 1734 2378; x_wconf 25' lang='grc' dir='ltr'><em>σὲ..</em></span> <span class='ocrx_word' id='word_1_279' title='bbox 1757 2317 1861 2352; x_wconf 81' lang='grc' dir='ltr'><em>κα-</em></span> 
     </span>
    </p>
   </div>
   <div class='ocr_carea' id='block_1_36' title="bbox 275 2379 1858 2462">
    <p class='ocr_par' dir='ltr' id='par_1_36' title="bbox 275 2379 1858 2462">
     <span class='ocr_line' id='line_1_36' title="bbox 275 2379 1858 2462; baseline 0.006 -28"><span class='ocrx_word' id='word_1_280' title='bbox 275 2379 388 2446; x_wconf 86' lang='grc' dir='ltr'><strong><em>θὼς</em></strong></span> <span class='ocrx_word' id='word_1_281' title='bbox 409 2380 574 2452; x_wconf 80' lang='grc' dir='ltr'><em>λέγει</em></span> <span class='ocrx_word' id='word_1_282' title='bbox 612 2384 651 2453; x_wconf 79' lang='grc' dir='ltr'><strong><em>ἠ</em></strong></span> <span class='ocrx_word' id='word_1_283' title='bbox 684 2389 992 2454; x_wconf 75' lang='grc' dir='ltr'><em>παραϐολή</em></span> <span class='ocrx_word' id='word_1_284' title='bbox 1024 2405 1036 2417; x_wconf 89' lang='grc'><strong>·</strong></span> <span class='ocrx_word' id='word_1_285' title='bbox 1083 2391 1178 2454; x_wconf 80' lang='grc' dir='ltr'><strong><em>Ἐξ</em></strong></span> <span class='ocrx_word' id='word_1_286' title='bbox 1213 2393 1453 2462; x_wconf 80' lang='grc' dir='ltr'><strong><em>ἀνόμων</em></strong></span> <span class='ocrx_word' id='word_1_287' title='bbox 1479 2393 1858 2459; x_wconf 78' lang='grc' dir='ltr'><em>ἐξελεύσεται</em></span> 
     </span>
    </p>
   </div>
   <div class='ocr_carea' id='block_1_37' title="bbox 275 2472 1437 2542">
    <p class='ocr_par' dir='ltr' id='par_1_37' title="bbox 275 2472 1437 2542">
     <span class='ocr_line' id='line_1_37' title="bbox 275 2472 1437 2542; baseline 0.015 -18"><span class='ocrx_word' id='word_1_288' title='bbox 275 2472 676 2542; x_wconf 67' lang='grc' dir='ltr'><em>πλημμέλεια.</em></span> <span class='ocrx_word' id='word_1_289' title='bbox 1429 2484 1437 2492; x_wconf 79' lang='grc'><em>’</em></span> 
     </span>
    </p>
   </div>
   <div class='ocr_carea' id='block_1_38' title="bbox 361 2567 1857 2645">
    <p class='ocr_par' dir='ltr' id='par_1_38' title="bbox 361 2567 1857 2645">
     <span class='ocr_line' id='line_1_38' title="bbox 361 2567 1857 2645; baseline 0.009 -27"><span class='ocrx_word' id='word_1_290' title='bbox 361 2567 422 2618; x_wconf 85' lang='grc' dir='ltr'><strong>Ὀ</strong></span> <span class='ocrx_word' id='word_1_291' title='bbox 461 2568 666 2637; x_wconf 74' lang='grc' dir='ltr'><strong><em>’Λχαὰϐ</em></strong></span> <span class='ocrx_word' id='word_1_292' title='bbox 708 2570 845 2640; x_wconf 79' lang='grc' dir='ltr'><em>πρὸς</em></span> <span class='ocrx_word' id='word_1_293' title='bbox 882 2573 973 2624; x_wconf 81' lang='grc' dir='ltr'><em>τ’.ν</em></span> <span class='ocrx_word' id='word_1_294' title='bbox 1007 2571 1198 2642; x_wconf 82' lang='grc' dir='ltr'><strong><em>Σύρων</em></strong></span> <span class='ocrx_word' id='word_1_295' title='bbox 1251 2574 1473 2645; x_wconf 83' lang='grc' dir='ltr'><em>βασιλέα</em></span> <span class='ocrx_word' id='word_1_296' title='bbox 1523 2576 1857 2632; x_wconf 80' lang='grc' dir='ltr'><em>ἀπειλοῦντα</em></span> 
     </span>
    </p>
   </div>
   <div class='ocr_carea' id='block_1_39' title="bbox 277 2659 1853 2740">
    <p class='ocr_par' dir='ltr' id='par_1_39' title="bbox 277 2659 1853 2740">
     <span class='ocr_line' id='line_1_39' title="bbox 277 2659 1853 2740; baseline 0.007 -30"><span class='ocrx_word' id='word_1_297' title='bbox 277 2659 445 2731; x_wconf 77' lang='grc' dir='ltr'><em>αὐτῷ,</em></span> <span class='ocrx_word' id='word_1_298' title='bbox 461 2663 644 2714; x_wconf 80' lang='grc' dir='ltr'><em>πᾶσαν</em></span> <span class='ocrx_word' id='word_1_299' title='bbox 660 2663 760 2731; x_wconf 79' lang='grc' dir='ltr'><em>τὴν</em></span> <span class='ocrx_word' id='word_1_300' title='bbox 777 2662 868 2715; x_wconf 80' lang='grc' dir='ltr'><em>τοῦ</em></span> <span class='ocrx_word' id='word_1_301' title='bbox 900 2663 1116 2736; x_wconf 85' lang='grc' dir='ltr'><em>Ἰσραὴλ</em></span> <span class='ocrx_word' id='word_1_302' title='bbox 1133 2664 1408 2735; x_wconf 79' lang='grc' dir='ltr'><em>βασιλείαν</em></span> <span class='ocrx_word' id='word_1_303' title='bbox 1422 2669 1679 2740; x_wconf 86' lang='grc' dir='ltr'><em>ἀνειρεῖν,</em></span> <span class='ocrx_word' id='word_1_304' title='bbox 1699 2671 1853 2740; x_wconf 77' lang='grc' dir='ltr'><em>φησι·</em></span> 
     </span>
    </p>
   </div>
   <div class='ocr_carea' id='block_1_40' title="bbox 274 2751 1858 2826">
    <p class='ocr_par' dir='ltr' id='par_1_40' title="bbox 274 2751 1858 2826">
     <span class='ocr_line' id='line_1_40' title="bbox 274 2751 1858 2826; baseline 0.008 -24"><span class='ocrx_word' id='word_1_305' title='bbox 274 2751 369 2817; x_wconf 80' lang='grc' dir='ltr'><strong><em>Μὴ</em></strong></span> <span class='ocrx_word' id='word_1_306' title='bbox 393 2751 721 2821; x_wconf 82' lang='grc' dir='ltr'><strong><em>καυχάσθω</em></strong></span> <span class='ocrx_word' id='word_1_307' title='bbox 750 2755 785 2806; x_wconf 84' lang='grc' dir='ltr'><strong><em>ό</em></strong></span> <span class='ocrx_word' id='word_1_308' title='bbox 826 2753 1359 2826; x_wconf 81' lang='grc' dir='ltr'><em>περιζωννύμενος,</em></span> <span class='ocrx_word' id='word_1_309' title='bbox 1393 2758 1472 2825; x_wconf 87' lang='grc' dir='ltr'><strong><em>ὡς</em></strong></span> <span class='ocrx_word' id='word_1_310' title='bbox 1525 2763 1558 2814; x_wconf 86' lang='grc' dir='ltr'><em>ό</em></span> <span class='ocrx_word' id='word_1_311' title='bbox 1594 2759 1858 2821; x_wconf 82' lang='grc' dir='ltr'><em>ὑποζων-</em></span> 
     </span>
    </p>
   </div>
   <div class='ocr_carea' id='block_1_41' title="bbox 277 2843 558 2909">
    <p class='ocr_par' dir='ltr' id='par_1_41' title="bbox 277 2843 558 2909">
     <span class='ocr_line' id='line_1_41' title="bbox 277 2843 558 2909; baseline 0.018 -17"><span class='ocrx_word' id='word_1_312' title='bbox 277 2843 558 2909; x_wconf 80' lang='grc' dir='ltr'><em>νύμενος.</em></span> 
     </span>
    </p>
   </div>
   <div class='ocr_carea' id='block_1_42' title="bbox 359 2933 1852 3014">
    <p class='ocr_par' dir='ltr' id='par_1_42' title="bbox 359 2933 1852 3014">
     <span class='ocr_line' id='line_1_42' title="bbox 359 2933 1852 3014; baseline 0.009 -30"><span class='ocrx_word' id='word_1_313' title='bbox 359 2933 516 2998; x_wconf 72' lang='grc' dir='ltr'><em>Ἰωᾶς</em></span> <span class='ocrx_word' id='word_1_314' title='bbox 554 2935 582 2987; x_wconf 83' lang='grc' dir='ltr'>ὁ</span> <span class='ocrx_word' id='word_1_315' title='bbox 607 2934 703 2988; x_wconf 84' lang='grc' dir='ltr'><em>τοῦ</em></span> <span class='ocrx_word' id='word_1_316' title='bbox 755 2935 972 3009; x_wconf 88' lang='grc' dir='ltr'><em>Ἰσραὴλ</em></span> <span class='ocrx_word' id='word_1_317' title='bbox 1003 2937 1256 3008; x_wconf 83' lang='grc' dir='ltr'><em>βασιλεὺς</em></span> <span class='ocrx_word' id='word_1_318' title='bbox 1279 2978 1295 3004; x_wconf 87' lang='grc'><strong><em>,</em></strong></span> <span class='ocrx_word' id='word_1_319' title='bbox 1348 2939 1586 3014; x_wconf 69' lang='grc' dir='ltr'><strong><em>Ἀμασίᾳ</em></strong></span> <span class='ocrx_word' id='word_1_320' title='bbox 1626 2941 1704 3014; x_wconf 82' lang='grc' dir='ltr'><em>τῷ</em></span> <span class='ocrx_word' id='word_1_321' title='bbox 1756 2943 1852 2997; x_wconf 78' lang='grc' dir='ltr'><em>τοῦ</em></span> 
     </span>
    </p>
   </div>
   <div class='ocr_carea' id='block_1_43' title="bbox 285 3024 1855 3103">
    <p class='ocr_par' dir='ltr' id='par_1_43' title="bbox 285 3024 1855 3103">
     <span class='ocr_line' id='line_1_43' title="bbox 285 3024 1855 3103; baseline 0.008 -27"><span class='ocrx_word' id='word_1_322' title='bbox 285 3024 456 3078; x_wconf 82' lang='grc' dir='ltr'><em>Ἰούδα</em></span> <span class='ocrx_word' id='word_1_323' title='bbox 493 3025 708 3096; x_wconf 82' lang='grc' dir='ltr'><em>βασιλεῖ</em></span> <span class='ocrx_word' id='word_1_324' title='bbox 735 3029 920 3098; x_wconf 75' lang='grc' dir='ltr'><em>φιλίαν</em></span> <span class='ocrx_word' id='word_1_325' title='bbox 949 3028 1315 3103; x_wconf 80' lang='grc' dir='ltr'><em>ἁσπαξομένῳ</em></span> <span class='ocrx_word' id='word_1_326' title='bbox 1345 3033 1483 3103; x_wconf 85' lang='grc' dir='ltr'><em>πρὸς</em></span> <span class='ocrx_word' id='word_1_327' title='bbox 1504 3035 1688 3100; x_wconf 82' lang='grc' dir='ltr'><em>αὑτὸν,</em></span> <span class='ocrx_word' id='word_1_328' title='bbox 1719 3037 1855 3090; x_wconf 82' lang='grc' dir='ltr'><em>ἀλα-</em></span> 
     </span>
    </p>
   </div>
   <div class='ocr_carea' id='block_1_44' title="bbox 275 3117 1856 3196">
    <p class='ocr_par' dir='ltr' id='par_1_44' title="bbox 275 3117 1856 3196">
     <span class='ocr_line' id='line_1_44' title="bbox 275 3117 1856 3196; baseline 0.006 -26"><span class='ocrx_word' id='word_1_329' title='bbox 275 3117 630 3189; x_wconf 73' lang='grc' dir='ltr'><em>ζονευόμενος</em></span> <span class='ocrx_word' id='word_1_330' title='bbox 660 3121 846 3184; x_wconf 79' lang='grc' dir='ltr'><em>αὑτὸν,</em></span> <span class='ocrx_word' id='word_1_331' title='bbox 877 3122 972 3175; x_wconf 73' lang='lat' dir='ltr'><strong><em>xul</em></strong></span> <span class='ocrx_word' id='word_1_332' title='bbox 997 3123 1283 3194; x_wconf 81' lang='grc' dir='ltr'><strong><em>ὑπερορῶν</em></strong></span> <span class='ocrx_word' id='word_1_333' title='bbox 1307 3124 1476 3177; x_wconf 81' lang='grc' dir='ltr'><em>αὑτοῦ</em></span> <span class='ocrx_word' id='word_1_334' title='bbox 1505 3124 1604 3196; x_wconf 82' lang='grc' dir='ltr'><em>τὴν</em></span> <span class='ocrx_word' id='word_1_335' title='bbox 1630 3126 1856 3180; x_wconf 75' lang='grc' dir='ltr'><em>συντευ-</em></span> 
     </span>
    </p>
   </div>
   <div class='ocr_carea' id='block_1_45' title="bbox 276 3211 1856 3287">
    <p class='ocr_par' dir='ltr' id='par_1_45' title="bbox 276 3211 1856 3287">
     <span class='ocr_line' id='line_1_45' title="bbox 276 3211 1856 3287; baseline 0.006 -24"><span class='ocrx_word' id='word_1_336' title='bbox 276 3211 378 3277; x_wconf 79' lang='grc' dir='ltr'><em>ξιν,</em></span> <span class='ocrx_word' id='word_1_337' title='bbox 412 3213 565 3283; x_wconf 76' lang='grc' dir='ltr'><em>δηλοῖ</em></span> <span class='ocrx_word' id='word_1_338' title='bbox 611 3212 744 3283; x_wconf 84' lang='grc' dir='ltr'><em>πρὸς</em></span> <span class='ocrx_word' id='word_1_339' title='bbox 773 3213 936 3267; x_wconf 78' lang='grc' dir='ltr'><em>αὐτόν</em></span> <span class='ocrx_word' id='word_1_340' title='bbox 971 3229 984 3243; x_wconf 90' lang='grc'><strong>·</strong></span> <span class='ocrx_word' id='word_1_341' title='bbox 1029 3214 1096 3267; x_wconf 81' lang='grc' dir='ltr'><strong>Ἠ</strong></span> <span class='ocrx_word' id='word_1_342' title='bbox 1129 3215 1354 3283; x_wconf 82' lang='grc' dir='ltr'><em>ἄκανος</em></span> <span class='ocrx_word' id='word_1_343' title='bbox 1397 3215 1666 3285; x_wconf 80' lang='grc' dir='ltr'><em>ὲλάλησε</em></span> <span class='ocrx_word' id='word_1_344' title='bbox 1704 3219 1856 3287; x_wconf 84' lang='grc' dir='ltr'><em>πρὸς</em></span> 
     </span>
    </p>
   </div>
   <div class='ocr_carea' id='block_1_46' title="bbox 1959 2020 2527 2088">
    <p class='ocr_par' dir='ltr' id='par_1_46' title="bbox 1959 2020 2527 2088">
     <span class='ocr_line' id='line_1_46' title="bbox 1959 2020 2527 2088; baseline 0.005 -16"><span class='ocrx_word' id='word_1_345' title='bbox 1959 2029 2009 2072; x_wconf 91' lang='lat' dir='ltr'><strong><em>et</em></strong></span> <span class='ocrx_word' id='word_1_346' title='bbox 2045 2035 2110 2073; x_wconf 79' lang='lat' dir='ltr'><strong><em>ex</em></strong></span> <span class='ocrx_word' id='word_1_347' title='bbox 2130 2020 2258 2088; x_wconf 80' lang='lat' dir='ltr'><strong><em>forti</em></strong></span> <span class='ocrx_word' id='word_1_348' title='bbox 2288 2021 2527 2075; x_wconf 82' lang='lat' dir='ltr'><strong><em>dulcedo.</em></strong></span> 
     </span>
    </p>
   </div>
   <div class='ocr_carea' id='block_1_47' title="bbox 2036 2109 3539 2182">
    <p class='ocr_par' dir='ltr' id='par_1_47' title="bbox 2036 2109 3539 2182">
     <span class='ocr_line' id='line_1_47' title="bbox 2036 2109 3539 2182; baseline 0.005 -18"><span class='ocrx_word' id='word_1_349' title='bbox 2036 2109 2206 2166; x_wconf 81' lang='lat' dir='ltr'><strong><em>David</em></strong></span> <span class='ocrx_word' id='word_1_350' title='bbox 2236 2126 2458 2182; x_wconf 89' lang='lat' dir='ltr'><strong><em>quoque</em></strong></span> <span class='ocrx_word' id='word_1_351' title='bbox 2504 2112 2570 2167; x_wconf 84' lang='lat' dir='ltr'><strong><em>ad</em></strong></span> <span class='ocrx_word' id='word_1_352' title='bbox 2605 2114 2824 2168; x_wconf 85' lang='lat' dir='ltr'><strong><em>Saulem</em></strong></span> <span class='ocrx_word' id='word_1_353' title='bbox 2882 2115 2989 2172; x_wconf 86' lang='lat' dir='ltr'><strong><em>ait:</em></strong></span> <span class='ocrx_word' id='word_1_354' title='bbox 3018 2113 3230 2170; x_wconf 84' lang='lat' dir='ltr'><strong><em>.lndicet</em></strong></span> <span class='ocrx_word' id='word_1_355' title='bbox 3281 2117 3539 2173; x_wconf 83' lang='lat' dir='ltr'><strong><em>Dominus</em></strong></span> 
     </span>
    </p>
   </div>
   <div class='ocr_carea' id='block_1_48' title="bbox 1960 2205 3534 2269">
    <p class='ocr_par' dir='ltr' id='par_1_48' title="bbox 1960 2205 3534 2269">
     <span class='ocr_line' id='line_1_48' title="bbox 1960 2205 3534 2269; baseline 0.005 -12"><span class='ocrx_word' id='word_1_356' title='bbox 1960 2205 2095 2258; x_wconf 84' lang='lat' dir='ltr'><strong><em>inter</em></strong></span> <span class='ocrx_word' id='word_1_357' title='bbox 2136 2221 2218 2259; x_wconf 88' lang='lat' dir='ltr'><strong><em>me</em></strong></span> <span class='ocrx_word' id='word_1_358' title='bbox 2245 2216 2293 2260; x_wconf 90' lang='lat' dir='ltr'><strong><em>et</em></strong></span> <span class='ocrx_word' id='word_1_359' title='bbox 2313 2218 2395 2269; x_wconf 89' lang='lat' dir='ltr'><strong><em>te;</em></strong></span> <span class='ocrx_word' id='word_1_360' title='bbox 2427 2218 2472 2260; x_wconf 89' lang='lat' dir='ltr'><strong><em>et</em></strong></span> <span class='ocrx_word' id='word_1_361' title='bbox 2526 2208 2781 2262; x_wconf 76' lang='lat' dir='ltr'><strong><em>ultionem</em></strong></span> <span class='ocrx_word' id='word_1_362' title='bbox 2829 2219 3006 2262; x_wconf 85' lang='lat' dir='ltr'><strong><em>sumat</em></strong></span> <span class='ocrx_word' id='word_1_363' title='bbox 3037 2206 3300 2264; x_wconf 83' lang='lat' dir='ltr'><strong><em>Dominus</em></strong></span> <span class='ocrx_word' id='word_1_364' title='bbox 3331 2227 3396 2265; x_wconf 72' lang='lat' dir='ltr'><strong><em>ex</em></strong></span> <span class='ocrx_word' id='word_1_365' title='bbox 3449 2221 3496 2265; x_wconf 90' lang='lat' dir='ltr'><strong><em>te</em></strong></span> <span class='ocrx_word' id='word_1_366' title='bbox 3523 2231 3534 2265; x_wconf 93' lang='lat'><strong>:</strong></span> 
     </span>
    </p>
   </div>
   <div class='ocr_carea' id='block_1_49' title="bbox 1959 2301 3540 2369">
    <p class='ocr_par' dir='ltr' id='par_1_49' title="bbox 1959 2301 3540 2369">
     <span class='ocr_line' id='line_1_49' title="bbox 1959 2301 3540 2369; baseline 0.005 -20"><span class='ocrx_word' id='word_1_367' title='bbox 1959 2309 2005 2350; x_wconf 90' lang='lat' dir='ltr'><strong><em>et</em></strong></span> <span class='ocrx_word' id='word_1_368' title='bbox 2035 2313 2221 2351; x_wconf 87' lang='lat' dir='ltr'><strong><em>manus</em></strong></span> <span class='ocrx_word' id='word_1_369' title='bbox 2253 2315 2368 2352; x_wconf 89' lang='lat' dir='ltr'><strong><em>mea</em></strong></span> <span class='ocrx_word' id='word_1_370' title='bbox 2403 2315 2502 2351; x_wconf 89' lang='lat' dir='ltr'><strong><em>non</em></strong></span> <span class='ocrx_word' id='word_1_371' title='bbox 2531 2301 2630 2352; x_wconf 87' lang='lat' dir='ltr'><strong><em>erit</em></strong></span> <span class='ocrx_word' id='word_1_372' title='bbox 2652 2313 2835 2353; x_wconf 88' lang='lat' dir='ltr'><strong><em>contra</em></strong></span> <span class='ocrx_word' id='word_1_373' title='bbox 2861 2312 2908 2354; x_wconf 87' lang='lat' dir='ltr'><strong><em>te</em></strong></span> <span class='ocrx_word' id='word_1_374' title='bbox 2932 2317 2949 2354; x_wconf 89' lang='lat'><em>:</em></span> <span class='ocrx_word' id='word_1_375' title='bbox 2977 2301 3425 2369; x_wconf 79' lang='lat' dir='ltr'><strong><em>quemadmodum</em></strong></span> <span class='ocrx_word' id='word_1_376' title='bbox 3453 2303 3540 2357; x_wconf 84' lang='lat' dir='ltr'><strong><em>di-</em></strong></span> 
     </span>
    </p>
   </div>
   <div class='ocr_carea' id='block_1_50' title="bbox 1960 2388 3326 2460">
    <p class='ocr_par' dir='ltr' id='par_1_50' title="bbox 1960 2388 3326 2460">
     <span class='ocr_line' id='line_1_50' title="bbox 1960 2388 3326 2460; baseline 0.005 -20"><span class='ocrx_word' id='word_1_377' title='bbox 1960 2388 2029 2440; x_wconf 84' lang='lat' dir='ltr'><strong><em>cit</em></strong></span> <span class='ocrx_word' id='word_1_378' title='bbox 2057 2389 2418 2455; x_wconf 84' lang='lat' dir='ltr'><strong><em>proverbium:</em></strong></span> <span class='ocrx_word' id='word_1_379' title='bbox 2460 2389 2541 2440; x_wconf 68' lang='lat' dir='ltr'><strong><em>Ex</em></strong></span> <span class='ocrx_word' id='word_1_380' title='bbox 2576 2391 2766 2458; x_wconf 79' lang='lat' dir='ltr'><strong><em>iniquis</em></strong></span> <span class='ocrx_word' id='word_1_381' title='bbox 2790 2392 3087 2460; x_wconf 86' lang='lat' dir='ltr'><strong><em>egredietur</em></strong></span> <span class='ocrx_word' id='word_1_382' title='bbox 3135 2391 3326 2448; x_wconf 83' lang='lat' dir='ltr'><strong><em>scelus.</em></strong></span> 
     </span>
    </p>
   </div>
   <div class='ocr_carea' id='block_1_51' title="bbox 2031 2566 3538 2639">
    <p class='ocr_par' dir='ltr' id='par_1_51' title="bbox 2031 2566 3538 2639">
     <span class='ocr_line' id='line_1_51' title="bbox 2031 2566 3538 2639; baseline 0.005 -20"><span class='ocrx_word' id='word_1_383' title='bbox 2031 2566 2286 2624; x_wconf 80' lang='lat' dir='ltr'><strong><em>Acbabus</em></strong></span> <span class='ocrx_word' id='word_1_384' title='bbox 2349 2567 2418 2622; x_wconf 87' lang='lat' dir='ltr'><strong><em>ad</em></strong></span> <span class='ocrx_word' id='word_1_385' title='bbox 2455 2581 2636 2638; x_wconf 80' lang='lat' dir='ltr'><strong><em>regem</em></strong></span> <span class='ocrx_word' id='word_1_386' title='bbox 2694 2566 2957 2639; x_wconf 79' lang='lat' dir='ltr'><strong><em>Syrorum</em></strong></span> <span class='ocrx_word' id='word_1_387' title='bbox 3027 2570 3369 2626; x_wconf 68' lang='lat' dir='ltr'><strong><em>minitantem</em></strong></span> <span class='ocrx_word' id='word_1_388' title='bbox 3431 2571 3538 2628; x_wconf 85' lang='lat' dir='ltr'><strong><em>sibi</em></strong></span> 
     </span>
    </p>
   </div>
   <div class='ocr_carea' id='block_1_52' title="bbox 1959 2659 3540 2732">
    <p class='ocr_par' dir='ltr' id='par_1_52' title="bbox 1959 2659 3540 2732">
     <span class='ocr_line' id='line_1_52' title="bbox 1959 2659 3540 2732; baseline 0.006 -22"><span class='ocrx_word' id='word_1_389' title='bbox 1959 2660 2104 2728; x_wconf 88' lang='lat' dir='ltr'><strong><em>quod</em></strong></span> <span class='ocrx_word' id='word_1_390' title='bbox 2173 2659 2490 2715; x_wconf 85' lang='lat' dir='ltr'><strong><em>universum</em></strong></span> <span class='ocrx_word' id='word_1_391' title='bbox 2554 2659 2924 2716; x_wconf 84' lang='lat' dir='ltr'><strong><em>Israeliticum</em></strong></span> <span class='ocrx_word' id='word_1_392' title='bbox 2976 2678 3201 2732; x_wconf 82' lang='lat' dir='ltr'><strong><em>regnum</em></strong></span> <span class='ocrx_word' id='word_1_393' title='bbox 3252 2663 3540 2720; x_wconf 86' lang='lat' dir='ltr'><strong><em>ablaturus</em></strong></span> 
     </span>
    </p>
   </div>
   <div class='ocr_carea' id='block_1_53' title="bbox 1957 2749 3534 2826">
    <p class='ocr_par' dir='ltr' id='par_1_53' title="bbox 1957 2749 3534 2826">
     <span class='ocr_line' id='line_1_53' title="bbox 1957 2749 3534 2826; baseline 0.004 -23"><span class='ocrx_word' id='word_1_394' title='bbox 1957 2759 2120 2817; x_wconf 81' lang='lat' dir='ltr'><strong><em>esset,</em></strong></span> <span class='ocrx_word' id='word_1_395' title='bbox 2152 2751 2371 2822; x_wconf 87' lang='lat' dir='ltr'><strong><em>inquit:</em></strong></span> <span class='ocrx_word' id='word_1_396' title='bbox 2430 2749 2514 2805; x_wconf 87' lang='lat' dir='ltr'><strong><em>Nc</em></strong></span> <span class='ocrx_word' id='word_1_397' title='bbox 2545 2752 2803 2823; x_wconf 87' lang='lat' dir='ltr'><strong><em>glorietur</em></strong></span> <span class='ocrx_word' id='word_1_398' title='bbox 2831 2755 2920 2824; x_wconf 87' lang='lat' dir='ltr'><strong><em>qui</em></strong></span> <span class='ocrx_word' id='word_1_399' title='bbox 2953 2754 3205 2823; x_wconf 85' lang='lat' dir='ltr'><strong><em>cingitur,</em></strong></span> <span class='ocrx_word' id='word_1_400' title='bbox 3257 2756 3394 2809; x_wconf 85' lang='lat' dir='ltr'><strong><em>sicut</em></strong></span> <span class='ocrx_word' id='word_1_401' title='bbox 3443 2759 3534 2826; x_wconf 88' lang='lat' dir='ltr'><strong><em>qui</em></strong></span> 
     </span>
    </p>
   </div>
   <div class='ocr_carea' id='block_1_54' title="bbox 1959 2842 2301 2914">
    <p class='ocr_par' dir='ltr' id='par_1_54' title="bbox 1959 2842 2301 2914">
     <span class='ocr_line' id='line_1_54' title="bbox 1959 2842 2301 2914; baseline 0.006 -19"><span class='ocrx_word' id='word_1_402' title='bbox 1959 2842 2301 2914; x_wconf 86' lang='lat' dir='ltr'><strong><em>discingitur.</em></strong></span> 
     </span>
    </p>
   </div>
   <div class='ocr_carea' id='block_1_55' title="bbox 1970 2931 3536 3010">
    <p class='ocr_par' dir='ltr' id='par_1_55' title="bbox 1970 2931 3536 3010">
     <span class='ocr_line' id='line_1_55' title="bbox 1970 2931 3536 3010; baseline 0.006 -23"><span class='ocrx_word' id='word_1_403' title='bbox 1970 2950 1972 2953; x_wconf 93' lang='grc'><strong>·</strong></span> <span class='ocrx_word' id='word_1_404' title='bbox 2029 2931 2159 2989; x_wconf 79' lang='lat' dir='ltr'><strong><em>Joas</em></strong></span> <span class='ocrx_word' id='word_1_405' title='bbox 2217 2949 2313 2989; x_wconf 81' lang='lat' dir='ltr'><strong><em>rex</em></strong></span> <span class='ocrx_word' id='word_1_406' title='bbox 2362 2933 2528 2990; x_wconf 86' lang='lat' dir='ltr'><strong><em>Israel</em></strong></span> <span class='ocrx_word' id='word_1_407' title='bbox 2569 2935 2806 2990; x_wconf 77' lang='lat' dir='ltr'><strong><em>Amasia:</em></strong></span> <span class='ocrx_word' id='word_1_408' title='bbox 2847 2936 2958 3006; x_wconf 79' lang='lat' dir='ltr'><strong><em>regi</em></strong></span> <span class='ocrx_word' id='word_1_409' title='bbox 3009 2935 3148 2991; x_wconf 82' lang='lat' dir='ltr'><strong><em>Juda</em></strong></span> <span class='ocrx_word' id='word_1_410' title='bbox 3215 2938 3311 3010; x_wconf 87' lang='lat' dir='ltr'><strong><em>qui</em></strong></span> <span class='ocrx_word' id='word_1_411' title='bbox 3352 2957 3536 2996; x_wconf 84' lang='lat' dir='ltr'><strong><em>secum</em></strong></span> 
     </span>
    </p>
   </div>
   <div class='ocr_carea' id='block_1_56' title="bbox 1960 3026 3536 3102">
    <p class='ocr_par' dir='ltr' id='par_1_56' title="bbox 1960 3026 3536 3102">
     <span class='ocr_line' id='line_1_56' title="bbox 1960 3026 3536 3102; baseline 0.006 -22"><span class='ocrx_word' id='word_1_412' title='bbox 1960 3026 2100 3081; x_wconf 84' lang='lat' dir='ltr'><strong><em>inire</em></strong></span> <span class='ocrx_word' id='word_1_413' title='bbox 2127 3026 2426 3082; x_wconf 82' lang='lat' dir='ltr'><strong><em>amicitiam</em></strong></span> <span class='ocrx_word' id='word_1_414' title='bbox 2450 3028 2663 3094; x_wconf 83' lang='lat' dir='ltr'><strong><em>avebat,</em></strong></span> <span class='ocrx_word' id='word_1_415' title='bbox 2708 3029 3014 3099; x_wconf 84' lang='lat' dir='ltr'><strong><em>petulanter</em></strong></span> <span class='ocrx_word' id='word_1_416' title='bbox 3058 3046 3184 3084; x_wconf 90' lang='lat' dir='ltr'><strong><em>eum</em></strong></span> <span class='ocrx_word' id='word_1_417' title='bbox 3235 3035 3536 3102; x_wconf 81' lang='lat' dir='ltr'><strong><em>excipiens,</em></strong></span> 
     </span>
    </p>
   </div>
   <div class='ocr_carea' id='block_1_57' title="bbox 1958 3114 3537 3195">
    <p class='ocr_par' dir='ltr' id='par_1_57' title="bbox 1958 3114 3537 3195">
     <span class='ocr_line' id='line_1_57' title="bbox 1958 3114 3537 3195; baseline 0.004 -23"><span class='ocrx_word' id='word_1_418' title='bbox 1958 3120 2191 3190; x_wconf 81' lang='lat' dir='ltr'><strong><em>ejusque</em></strong></span> <span class='ocrx_word' id='word_1_419' title='bbox 2224 3128 2350 3174; x_wconf 84' lang='lat' dir='ltr'><strong><em>vota</em></strong></span> <span class='ocrx_word' id='word_1_420' title='bbox 2377 3130 2762 3187; x_wconf 89' lang='lat' dir='ltr'><strong><em>contemnens,</em></strong></span> <span class='ocrx_word' id='word_1_421' title='bbox 2793 3121 3066 3192; x_wconf 82' lang='lat' dir='ltr'><strong><em>signiﬁcat</em></strong></span> <span class='ocrx_word' id='word_1_422' title='bbox 3093 3123 3171 3178; x_wconf 90' lang='lat' dir='ltr'><strong><em>illi</em></strong></span> <span class='ocrx_word' id='word_1_423' title='bbox 3200 3143 3213 3178; x_wconf 88' lang='lat'><strong>:</strong></span> <span class='ocrx_word' id='word_1_424' title='bbox 3253 3114 3420 3195; x_wconf 84' lang='lat' dir='ltr'><strong><em>Spina</em></strong></span> <span class='ocrx_word' id='word_1_425' title='bbox 3455 3126 3537 3179; x_wconf 88' lang='lat' dir='ltr'><strong><em>lo-</em></strong></span> 
     </span>
    </p>
   </div>
   <div class='ocr_carea' id='block_1_58' title="bbox 1959 3211 3536 3288">
    <p class='ocr_par' dir='ltr' id='par_1_58' title="bbox 1959 3211 3536 3288">
     <span class='ocr_line' id='line_1_58' title="bbox 1959 3211 3536 3288; baseline 0.005 -24"><span class='ocrx_word' id='word_1_426' title='bbox 1959 3219 2083 3265; x_wconf 90' lang='lat' dir='ltr'><strong><em>cuta</em></strong></span> <span class='ocrx_word' id='word_1_427' title='bbox 2146 3219 2225 3265; x_wconf 88' lang='lat' dir='ltr'><strong><em>est</em></strong></span> <span class='ocrx_word' id='word_1_428' title='bbox 2270 3214 2340 3264; x_wconf 86' lang='lat' dir='ltr'><strong><em>ad</em></strong></span> <span class='ocrx_word' id='word_1_429' title='bbox 2388 3215 2600 3266; x_wconf 85' lang='lat' dir='ltr'><strong><em>cedrum</em></strong></span> <span class='ocrx_word' id='word_1_430' title='bbox 2651 3211 2844 3267; x_wconf 86' lang='lat' dir='ltr'><strong><em>Libani</em></strong></span> <span class='ocrx_word' id='word_1_431' title='bbox 2903 3215 3141 3283; x_wconf 82' lang='lat' dir='ltr'><strong><em>inquiens</em></strong></span> <span class='ocrx_word' id='word_1_432' title='bbox 3181 3217 3307 3270; x_wconf 88' lang='lat' dir='ltr'><strong><em>:Da</em></strong></span> <span class='ocrx_word' id='word_1_433' title='bbox 3367 3219 3536 3288; x_wconf 78' lang='lat' dir='ltr'><strong><em>filiam</em></strong></span> 
     </span>
    </p>
   </div>
   <div class='ocr_carea' id='block_1_59' title="bbox 273 3292 1855 3380">
    <p class='ocr_par' dir='ltr' id='par_1_59' title="bbox 273 3306 1855 3378">
     <span class='ocr_line' id='line_1_59' title="bbox 273 3306 1855 3378; baseline 0.007 -21"><span class='ocrx_word' id='word_1_434' title='bbox 273 3306 387 3372; x_wconf 79' lang='lat' dir='ltr'><strong><em>thr</em></strong></span> <span class='ocrx_word' id='word_1_435' title='bbox 413 3306 632 3374; x_wconf 82' lang='grc' dir='ltr'><em>κέδρον</em></span> <span class='ocrx_word' id='word_1_436' title='bbox 655 3306 762 3361; x_wconf 85' lang='grc' dir='ltr'>τοῦ</span> <span class='ocrx_word' id='word_1_437' title='bbox 818 3307 1080 3363; x_wconf 80' lang='grc' dir='ltr'><em>Λιϐάνου</em></span> <span class='ocrx_word' id='word_1_438' title='bbox 1106 3307 1376 3378; x_wconf 73' lang='grc' dir='ltr'><em>λέγουσα</em></span> <span class='ocrx_word' id='word_1_439' title='bbox 1395 3325 1408 3337; x_wconf 83' lang='lat'><strong><em>°</em></strong></span> <span class='ocrx_word' id='word_1_440' title='bbox 1450 3309 1560 3375; x_wconf 82' lang='grc' dir='ltr'><strong><em>Δὸς</em></strong></span> <span class='ocrx_word' id='word_1_441' title='bbox 1609 3311 1724 3378; x_wconf 82' lang='grc' dir='ltr'><em>τὴν</em></span> <span class='ocrx_word' id='word_1_442' title='bbox 1755 3317 1855 3368; x_wconf 83' lang='grc' dir='ltr'><strong><em>θυ-</em></strong></span> 
     </span>
    </p>
   </div>
   <div class='ocr_carea' id='block_1_60' title="bbox 1960 3292 3537 3380">
    <p class='ocr_par' dir='ltr' id='par_1_60' title="bbox 1962 3303 3537 3380">
     <span class='ocr_line' id='line_1_60' title="bbox 1962 3303 3537 3380; baseline 0.004 -23"><span class='ocrx_word' id='word_1_443' title='bbox 1962 3315 2109 3358; x_wconf 86' lang='lat' dir='ltr'><strong><em>tuam</em></strong></span> <span class='ocrx_word' id='word_1_444' title='bbox 2137 3305 2250 3375; x_wconf 81' lang='lat' dir='ltr'><strong><em>ﬁlio</em></strong></span> <span class='ocrx_word' id='word_1_445' title='bbox 2288 3319 2400 3359; x_wconf 91' lang='lat' dir='ltr'><strong><em>meo</em></strong></span> <span class='ocrx_word' id='word_1_446' title='bbox 2427 3320 2665 3360; x_wconf 74' lang='lat' dir='ltr'><strong><em>uxorem.</em></strong></span> <span class='ocrx_word' id='word_1_447' title='bbox 2703 3303 2771 3359; x_wconf 82' lang='lat' dir='ltr'><strong><em>Et</em></strong></span> <span class='ocrx_word' id='word_1_448' title='bbox 2805 3308 3165 3361; x_wconf 86' lang='lat' dir='ltr'><strong><em>discurrerunt</em></strong></span> <span class='ocrx_word' id='word_1_449' title='bbox 3212 3311 3336 3380; x_wconf 71' lang='lat' dir='ltr'><strong><em>{erat</em></strong></span> <span class='ocrx_word' id='word_1_450' title='bbox 3389 3329 3537 3364; x_wconf 66' lang='lat' dir='ltr'><strong><em>cum.</em></strong></span> 
     </span>
    </p>
   </div>
   <div class='ocr_carea' id='block_1_61' title="bbox 273 3397 1858 3472">
    <p class='ocr_par' dir='ltr' id='par_1_61' title="bbox 273 3397 1858 3472">
     <span class='ocr_line' id='line_1_61' title="bbox 273 3397 1858 3472; baseline 0.006 -24"><span class='ocrx_word' id='word_1_451' title='bbox 273 3397 488 3465; x_wconf 80' lang='grc' dir='ltr'><em>τατέρα</em></span> <span class='ocrx_word' id='word_1_452' title='bbox 521 3414 637 3452; x_wconf 88' lang='grc' dir='ltr'><strong><em>σου</em></strong></span> <span class='ocrx_word' id='word_1_453' title='bbox 665 3397 746 3464; x_wconf 85' lang='grc' dir='ltr'><em>τῷ</em></span> <span class='ocrx_word' id='word_1_454' title='bbox 775 3399 882 3465; x_wconf 79' lang='grc' dir='ltr'><strong><em>υἱῷ</em></strong></span> <span class='ocrx_word' id='word_1_455' title='bbox 898 3417 1018 3468; x_wconf 87' lang='grc' dir='ltr'><strong><em>μου</em></strong></span> <span class='ocrx_word' id='word_1_456' title='bbox 1053 3403 1142 3467; x_wconf 79' lang='grc' dir='ltr'><strong><em>εις</em></strong></span> <span class='ocrx_word' id='word_1_457' title='bbox 1181 3401 1453 3471; x_wconf 75' lang='grc' dir='ltr'><em>γυναῖκα.</em></span> <span class='ocrx_word' id='word_1_458' title='bbox 1500 3403 1607 3456; x_wconf 80' lang='lat' dir='ltr'><strong><em>Kal</em></strong></span> <span class='ocrx_word' id='word_1_459' title='bbox 1647 3402 1858 3472; x_wconf 77' lang='grc' dir='ltr'><em>διῆλθε</em></span> 
     </span>
    </p>
   </div>
   <div class='ocr_carea' id='block_1_62' title="bbox 276 3491 1856 3563">
    <p class='ocr_par' dir='ltr' id='par_1_62' title="bbox 276 3491 1856 3563">
     <span class='ocr_line' id='line_1_62' title="bbox 276 3491 1856 3563; baseline 0.004 -21"><span class='ocrx_word' id='word_1_460' title='bbox 276 3491 344 3544; x_wconf 84' lang='grc' dir='ltr'><em>τὰ</em></span> <span class='ocrx_word' id='word_1_461' title='bbox 386 3491 562 3558; x_wconf 80' lang='grc' dir='ltr'>θηρία</span> <span class='ocrx_word' id='word_1_462' title='bbox 597 3491 703 3545; x_wconf 87' lang='grc' dir='ltr'>τοῦ</span> <span class='ocrx_word' id='word_1_463' title='bbox 746 3492 935 3561; x_wconf 78' lang='grc' dir='ltr'>ἀγροῦ</span> <span class='ocrx_word' id='word_1_464' title='bbox 990 3492 1061 3545; x_wconf 83' lang='grc' dir='ltr'><em>ἐν</em></span> <span class='ocrx_word' id='word_1_465' title='bbox 1135 3493 1216 3559; x_wconf 82' lang='grc' dir='ltr'><em>τῷ</em></span> <span class='ocrx_word' id='word_1_466' title='bbox 1266 3494 1512 3558; x_wconf 79' lang='grc' dir='ltr'><em>Λιϐάνῳ,</em></span> <span class='ocrx_word' id='word_1_467' title='bbox 1556 3496 1654 3549; x_wconf 77' lang='grc' dir='ltr'><em>καὶ</em></span> <span class='ocrx_word' id='word_1_468' title='bbox 1712 3513 1856 3563; x_wconf 54' lang='grc' dir='ltr'><em>κατέ</em></span> 
     </span>
    </p>
   </div>
   <div class='ocr_carea' id='block_1_63' title="bbox 283 3583 1858 3660">
    <p class='ocr_par' dir='ltr' id='par_1_63' title="bbox 283 3583 1858 3660">
     <span class='ocr_line' id='line_1_63' title="bbox 283 3583 1858 3660; baseline 0.005 -23"><span class='ocrx_word' id='word_1_469' title='bbox 283 3583 598 3652; x_wconf 76' lang='grc' dir='ltr'><em>επὰτησαν</em></span> <span class='ocrx_word' id='word_1_470' title='bbox 650 3585 766 3654; x_wconf 83' lang='grc' dir='ltr'><em>τὴν</em></span> <span class='ocrx_word' id='word_1_471' title='bbox 811 3585 1060 3641; x_wconf 82' lang='grc' dir='ltr'><em>ι’ἱκανον.</em></span> <span class='ocrx_word' id='word_1_472' title='bbox 1096 3589 1339 3641; x_wconf 66' lang='lat' dir='ltr'><strong><em>Tostth</em></strong></span> <span class='ocrx_word' id='word_1_473' title='bbox 1383 3588 1686 3657; x_wconf 79' lang='grc' dir='ltr'><em>ἐπάταξας</em></span> <span class='ocrx_word' id='word_1_474' title='bbox 1745 3591 1858 3660; x_wconf 78' lang='grc' dir='ltr'><em>τὴν</em></span> 
     </span>
    </p>
   </div>
   <div class='ocr_carea' id='block_1_64' title="bbox 292 3679 1570 3751">
    <p class='ocr_par' dir='ltr' id='par_1_64' title="bbox 292 3679 1570 3751">
     <span class='ocr_line' id='line_1_64' title="bbox 292 3679 1570 3751; baseline 0.003 -18"><span class='ocrx_word' id='word_1_475' title='bbox 292 3679 630 3748; x_wconf 80' lang='grc' dir='ltr'><em>Ἰδουμαίαν</em></span> <span class='ocrx_word' id='word_1_476' title='bbox 669 3681 767 3733; x_wconf 78' lang='grc' dir='ltr'><em>καὶ</em></span> <span class='ocrx_word' id='word_1_477' title='bbox 792 3679 984 3749; x_wconf 74' lang='grc' dir='ltr'><strong><em>ἐπῆρέ</em></strong></span> <span class='ocrx_word' id='word_1_478' title='bbox 1016 3697 1090 3735; x_wconf 81' lang='grc' dir='ltr'><strong><em>σε</em></strong></span> <span class='ocrx_word' id='word_1_479' title='bbox 1119 3683 1158 3751; x_wconf 79' lang='grc' dir='ltr'><strong><em>ὴ</em></strong></span> <span class='ocrx_word' id='word_1_480' title='bbox 1195 3681 1406 3750; x_wconf 78' lang='grc' dir='ltr'><em>καρδία</em></span> <span class='ocrx_word' id='word_1_481' title='bbox 1435 3697 1570 3738; x_wconf 93' lang='grc' dir='ltr'><em>σου.</em></span> 
     </span>
    </p>
   </div>
   <div class='ocr_carea' id='block_1_65' title="bbox 359 3771 1856 3847">
    <p class='ocr_par' dir='ltr' id='par_1_65' title="bbox 359 3771 1856 3847">
     <span class='ocr_line' id='line_1_65' title="bbox 359 3771 1856 3847; baseline 0.002 -22"><span class='ocrx_word' id='word_1_482' title='bbox 359 3772 416 3825; x_wconf 85' lang='lat'><strong>&#39;0</strong></span> <span class='ocrx_word' id='word_1_483' title='bbox 444 3771 503 3825; x_wconf 80' lang='grc' dir='ltr'><em>δὲ</em></span> <span class='ocrx_word' id='word_1_484' title='bbox 535 3773 798 3842; x_wconf 82' lang='grc' dir='ltr'><em>Σαλομῶν</em></span> <span class='ocrx_word' id='word_1_485' title='bbox 823 3776 1012 3827; x_wconf 80' lang='grc' dir='ltr'><em>πᾶσαν</em></span> <span class='ocrx_word' id='word_1_486' title='bbox 1041 3773 1209 3827; x_wconf 81' lang='grc' dir='ltr'><em>αὑτοῦ</em></span> <span class='ocrx_word' id='word_1_487' title='bbox 1248 3775 1344 3846; x_wconf 80' lang='grc' dir='ltr'><em>τὴν</em></span> <span class='ocrx_word' id='word_1_488' title='bbox 1374 3775 1556 3845; x_wconf 78' lang='grc' dir='ltr'><em>βίϐλον</em></span> <span class='ocrx_word' id='word_1_489' title='bbox 1584 3774 1681 3847; x_wconf 77' lang='grc' dir='ltr'><em>τὴν</em></span> <span class='ocrx_word' id='word_1_490' title='bbox 1707 3775 1856 3847; x_wconf 86' lang='grc' dir='ltr'><em>πρώ-</em></span> 
     </span>
    </p>
   </div>
   <div class='ocr_carea' id='block_1_66' title="bbox 278 3865 1157 3941">
    <p class='ocr_par' dir='ltr' id='par_1_66' title="bbox 278 3865 1157 3941">
     <span class='ocr_line' id='line_1_66' title="bbox 278 3865 1157 3941; baseline 0.006 -23"><span class='ocrx_word' id='word_1_491' title='bbox 278 3883 374 3935; x_wconf 45' lang='grc' dir='ltr'><strong><em>την</em></strong></span> <span class='ocrx_word' id='word_1_492' title='bbox 399 3867 488 3920; x_wconf 70' lang='grc' dir='ltr'><em>διὰ</em></span> <span class='ocrx_word' id='word_1_493' title='bbox 518 3865 849 3938; x_wconf 81' lang='grc' dir='ltr'><em>παραϐολῶν</em></span> <span class='ocrx_word' id='word_1_494' title='bbox 875 3868 1157 3941; x_wconf 77' lang='grc' dir='ltr'><em>ἐξήνεγκε.</em></span> 
     </span>
    </p>
   </div>
   <div class='ocr_carea' id='block_1_67' title="bbox 283 3980 1855 4051">
    <p class='ocr_par' dir='ltr' id='par_1_67' title="bbox 283 3980 1855 4051">
     <span class='ocr_line' id='line_1_67' title="bbox 283 3980 1855 4051; baseline 0.002 -18"><span class='ocrx_word' id='word_1_495' title='bbox 283 3980 529 4035; x_wconf 78' lang='grc' dir='ltr'><strong><em>ΚΕΦΑΛ.</em></strong></span> <span class='ocrx_word' id='word_1_496' title='bbox 557 3981 725 4035; x_wconf 86' lang='lat' dir='ltr'><strong><em>PAB&#39;.</em></strong></span> <span class='ocrx_word' id='word_1_497' title='bbox 764 4011 833 4021; x_wconf 93' lang='lat'><strong>—</strong></span> <span class='ocrx_word' id='word_1_498' title='bbox 860 3983 1024 4048; x_wconf 81' lang='grc' dir='ltr'><em>Τίνες</em></span> <span class='ocrx_word' id='word_1_499' title='bbox 1053 3981 1216 4036; x_wconf 75' lang='grc' dir='ltr'><em>εἰσιν</em></span> <span class='ocrx_word' id='word_1_500' title='bbox 1236 3985 1294 4036; x_wconf 90' lang='lat' dir='ltr'><strong><em>al</em></strong></span> <span class='ocrx_word' id='word_1_501' title='bbox 1320 3981 1473 4050; x_wconf 76' lang='grc' dir='ltr'><strong><em>ὑπὲρ</em></strong></span> <span class='ocrx_word' id='word_1_502' title='bbox 1501 3983 1608 4036; x_wconf 87' lang='grc' dir='ltr'>τοῦ</span> <span class='ocrx_word' id='word_1_503' title='bbox 1637 3983 1855 4051; x_wconf 82' lang='grc' dir='ltr'><em>Κυρίου</em></span> 
     </span>
    </p>
   </div>
   <div class='ocr_carea' id='block_1_68' title="bbox 723 4053 1394 4123">
    <p class='ocr_par' dir='ltr' id='par_1_68' title="bbox 723 4053 1394 4123">
     <span class='ocr_line' id='line_1_68' title="bbox 723 4053 1394 4123; baseline 0.003 -17"><span class='ocrx_word' id='word_1_504' title='bbox 723 4053 1001 4120; x_wconf 76' lang='grc' dir='ltr'><em>ρηθεῑσαι</em></span> <span class='ocrx_word' id='word_1_505' title='bbox 1038 4055 1394 4123; x_wconf 81' lang='grc' dir='ltr'><em>παραϐολαι.</em></span> 
     </span>
    </p>
   </div>
   <div class='ocr_carea' id='block_1_69' title="bbox 349 4165 1849 4238">
    <p class='ocr_par' dir='ltr' id='par_1_69' title="bbox 349 4165 1849 4238">
     <span class='ocr_line' id='line_1_69' title="bbox 349 4165 1849 4238; baseline 0.001 -21"><span class='ocrx_word' id='word_1_506' title='bbox 349 4165 484 4236; x_wconf 72' lang='grc' dir='ltr'><strong><em>Περὶ</em></strong></span> <span class='ocrx_word' id='word_1_507' title='bbox 506 4166 609 4236; x_wconf 81' lang='grc' dir='ltr'><em>τῆς</em></span> <span class='ocrx_word' id='word_1_508' title='bbox 641 4165 769 4230; x_wconf 80' lang='grc' dir='ltr'><em>νέας</em></span> <span class='ocrx_word' id='word_1_509' title='bbox 824 4165 1068 4238; x_wconf 83' lang='grc' dir='ltr'><em>χάριτος,</em></span> <span class='ocrx_word' id='word_1_510' title='bbox 1122 4166 1197 4230; x_wconf 85' lang='grc' dir='ltr'><em>ὡς</em></span> <span class='ocrx_word' id='word_1_511' title='bbox 1241 4167 1316 4238; x_wconf 80' lang='grc' dir='ltr'><strong><em>μὴ</em></strong></span> <span class='ocrx_word' id='word_1_512' title='bbox 1340 4165 1449 4219; x_wconf 86' lang='grc' dir='ltr'><em>δεῖν</em></span> <span class='ocrx_word' id='word_1_513' title='bbox 1490 4165 1582 4219; x_wconf 74' lang='grc' dir='ltr'><strong><em>ἐπὶ</em></strong></span> <span class='ocrx_word' id='word_1_514' title='bbox 1633 4165 1849 4238; x_wconf 79' lang='grc' dir='ltr'><em>παλαῖῷ</em></span> 
     </span>
    </p>
   </div>
   <div class='ocr_carea' id='block_1_70' title="bbox 288 4258 1856 4331">
    <p class='ocr_par' dir='ltr' id='par_1_70' title="bbox 288 4258 1856 4331">
     <span class='ocr_line' id='line_1_70' title="bbox 288 4258 1856 4331; baseline 0.001 -23"><span class='ocrx_word' id='word_1_515' title='bbox 288 4258 480 4327; x_wconf 70' lang='grc' dir='ltr'><strong><em>ίματίῳ</em></strong></span> <span class='ocrx_word' id='word_1_516' title='bbox 512 4258 699 4312; x_wconf 83' lang='grc' dir='ltr'><em>καινὸν</em></span> <span class='ocrx_word' id='word_1_517' title='bbox 740 4259 904 4331; x_wconf 76' lang='grc' dir='ltr'><em>ῥάκος</em></span> <span class='ocrx_word' id='word_1_518' title='bbox 936 4259 1319 4331; x_wconf 74' lang='grc' dir='ltr'><em>ὲπιρρἁτειν.</em></span> <span class='ocrx_word' id='word_1_519' title='bbox 1357 4259 1572 4322; x_wconf 85' lang='grc' dir='ltr'><em>Ἀσκοίς</em></span> <span class='ocrx_word' id='word_1_520' title='bbox 1606 4258 1856 4321; x_wconf 84' lang='grc' dir='ltr'><em>παλαιοῖς</em></span> 
     </span>
    </p>
   </div>
   <div class='ocr_carea' id='block_1_71' title="bbox 289 4347 1854 4422">
    <p class='ocr_par' dir='ltr' id='par_1_71' title="bbox 289 4347 1854 4422">
     <span class='ocr_line' id='line_1_71' title="bbox 289 4347 1854 4422; baseline 0 -20"><span class='ocrx_word' id='word_1_521' title='bbox 289 4353 360 4420; x_wconf 76' lang='grc' dir='ltr'><strong>μὴ</strong></span> <span class='ocrx_word' id='word_1_522' title='bbox 399 4351 506 4403; x_wconf 83' lang='grc' dir='ltr'><em>δεῖν</em></span> <span class='ocrx_word' id='word_1_523' title='bbox 543 4351 664 4404; x_wconf 81' lang='grc' dir='ltr'><em>νέον</em></span> <span class='ocrx_word' id='word_1_524' title='bbox 701 4347 844 4404; x_wconf 75' lang='grc' dir='ltr'><em>οἶνον</em></span> <span class='ocrx_word' id='word_1_525' title='bbox 885 4352 1200 4422; x_wconf 76' lang='grc' dir='ltr'><em>ἐμϐάλλειν.</em></span> <span class='ocrx_word' id='word_1_526' title='bbox 1231 4352 1372 4414; x_wconf 80' lang='grc' dir='ltr'><em>Τοὺς</em></span> <span class='ocrx_word' id='word_1_527' title='bbox 1411 4350 1747 4414; x_wconf 78' lang='grc' dir='ltr'><em>ἀποστόλους</em></span> <span class='ocrx_word' id='word_1_528' title='bbox 1779 4350 1854 4412; x_wconf 83' lang='grc' dir='ltr'><em>ὡς</em></span> 
     </span>
    </p>
   </div>
   <div class='ocr_carea' id='block_1_72' title="bbox 287 4443 1853 4516">
    <p class='ocr_par' dir='ltr' id='par_1_72' title="bbox 287 4443 1853 4516">
     <span class='ocr_line' id='line_1_72' title="bbox 287 4443 1853 4516; baseline 0.001 -21"><span class='ocrx_word' id='word_1_529' title='bbox 287 4443 526 4513; x_wconf 81' lang='grc' dir='ltr'><em>πρόϐατα</em></span> <span class='ocrx_word' id='word_1_530' title='bbox 589 4446 649 4497; x_wconf 79' lang='grc' dir='ltr'><em>ὲν</em></span> <span class='ocrx_word' id='word_1_531' title='bbox 702 4445 851 4516; x_wconf 81' lang='grc' dir='ltr'><strong><em>μέσῳ</em></strong></span> <span class='ocrx_word' id='word_1_532' title='bbox 895 4444 1072 4499; x_wconf 83' lang='grc' dir='ltr'><em>λύκων</em></span> <span class='ocrx_word' id='word_1_533' title='bbox 1115 4445 1466 4500; x_wconf 79' lang='grc' dir='ltr'><em>ἀποστέλλειν</em></span> <span class='ocrx_word' id='word_1_534' title='bbox 1525 4445 1718 4515; x_wconf 70' lang='grc' dir='ltr'><em>ἔφησε.</em></span> <span class='ocrx_word' id='word_1_535' title='bbox 1779 4444 1853 4496; x_wconf 79' lang='grc' dir='ltr'><strong><em>Τὸ</em></strong></span> 
     </span>
    </p>
   </div>
   <div class='ocr_carea' id='block_1_73' title="bbox 288 4536 1852 4608">
    <p class='ocr_par' dir='ltr' id='par_1_73' title="bbox 288 4536 1852 4608">
     <span class='ocr_line' id='line_1_73' title="bbox 288 4536 1852 4608; baseline 0.001 -22"><span class='ocrx_word' id='word_1_536' title='bbox 288 4536 540 4605; x_wconf 80' lang='grc' dir='ltr'><em>κήρυγμα</em></span> <span class='ocrx_word' id='word_1_537' title='bbox 595 4537 871 4607; x_wconf 84' lang='grc' dir='ltr'><em>σπέρματι</em></span> <span class='ocrx_word' id='word_1_538' title='bbox 919 4537 1361 4608; x_wconf 79' lang='grc' dir='ltr'><em>παραϐέϐληκεν,</em></span> <span class='ocrx_word' id='word_1_539' title='bbox 1395 4539 1474 4601; x_wconf 75' lang='grc' dir='ltr'><em>εἰς</em></span> <span class='ocrx_word' id='word_1_540' title='bbox 1534 4537 1633 4607; x_wconf 82' lang='grc' dir='ltr'><strong><em>μὲν</em></strong></span> <span class='ocrx_word' id='word_1_541' title='bbox 1680 4536 1852 4607; x_wconf 76' lang='grc' dir='ltr'><em>καλὴν</em></span> 
     </span>
    </p>
   </div>
   <div class='ocr_carea' id='block_1_74' title="bbox 1958 3396 3536 3472">
    <p class='ocr_par' dir='ltr' id='par_1_74' title="bbox 1958 3396 3536 3472">
     <span class='ocr_line' id='line_1_74' title="bbox 1958 3396 3536 3472; baseline 0.003 -19"><span class='ocrx_word' id='word_1_542' title='bbox 1958 3409 2156 3468; x_wconf 83' lang='lat' dir='ltr'><strong><em>pestres</em></strong></span> <span class='ocrx_word' id='word_1_543' title='bbox 2193 3413 2287 3468; x_wconf 89' lang='lat' dir='ltr'><strong><em>per</em></strong></span> <span class='ocrx_word' id='word_1_544' title='bbox 2311 3396 2596 3466; x_wconf 86' lang='lat' dir='ltr'><strong><em>Libanum,</em></strong></span> <span class='ocrx_word' id='word_1_545' title='bbox 2646 3402 2704 3454; x_wconf 53' lang='lat' dir='ltr'><strong><em>et&quot;</em></strong></span> <span class='ocrx_word' id='word_1_546' title='bbox 2729 3400 3164 3455; x_wconf 80' lang='lat' dir='ltr'><strong><em>conculcaverunt</em></strong></span> <span class='ocrx_word' id='word_1_547' title='bbox 3192 3406 3424 3472; x_wconf 87' lang='lat' dir='ltr'><strong><em>spinam.</em></strong></span> <span class='ocrx_word' id='word_1_548' title='bbox 3457 3402 3536 3458; x_wconf 89' lang='lat' dir='ltr'><strong><em>Tu</em></strong></span> 
     </span>
    </p>
   </div>
   <div class='ocr_carea' id='block_1_75' title="bbox 1958 3489 3531 3562">
    <p class='ocr_par' dir='ltr' id='par_1_75' title="bbox 1958 3489 3531 3562">
     <span class='ocr_line' id='line_1_75' title="bbox 1958 3489 3531 3562; baseline 0.004 -17"><span class='ocrx_word' id='word_1_549' title='bbox 1958 3493 2253 3562; x_wconf 88' lang='lat' dir='ltr'><strong><em>percutiens</em></strong></span> <span class='ocrx_word' id='word_1_550' title='bbox 2277 3489 2848 3561; x_wconf 83' lang='lat' dir='ltr'><strong><em>cecidistildumteam,</em></strong></span> <span class='ocrx_word' id='word_1_551' title='bbox 2875 3501 2925 3547; x_wconf 88' lang='lat' dir='ltr'><strong><em>et</em></strong></span> <span class='ocrx_word' id='word_1_552' title='bbox 2950 3492 3145 3548; x_wconf 67' lang='lat' dir='ltr'><strong><em>extulit</em></strong></span> <span class='ocrx_word' id='word_1_553' title='bbox 3179 3506 3227 3549; x_wconf 91' lang='lat' dir='ltr'><strong><em>te</em></strong></span> <span class='ocrx_word' id='word_1_554' title='bbox 3245 3512 3334 3549; x_wconf 84' lang='lat' dir='ltr'><strong><em>cor</em></strong></span> <span class='ocrx_word' id='word_1_555' title='bbox 3361 3504 3531 3554; x_wconf 88' lang='lat' dir='ltr'><strong><em>tuum.</em></strong></span> 
     </span>
    </p>
   </div>
   <div class='ocr_carea' id='block_1_76' title="bbox 2031 3761 3537 3835">
    <p class='ocr_par' dir='ltr' id='par_1_76' title="bbox 2031 3761 3537 3835">
     <span class='ocr_line' id='line_1_76' title="bbox 2031 3761 3537 3835; baseline 0.002 -18"><span class='ocrx_word' id='word_1_556' title='bbox 2031 3763 2292 3818; x_wconf 88' lang='lat' dir='ltr'><strong><em>Salomon</em></strong></span> <span class='ocrx_word' id='word_1_557' title='bbox 2328 3776 2461 3817; x_wconf 86' lang='lat' dir='ltr'><strong><em>vero</em></strong></span> <span class='ocrx_word' id='word_1_558' title='bbox 2491 3770 2662 3817; x_wconf 88' lang='lat' dir='ltr'><strong><em>totmn</em></strong></span> <span class='ocrx_word' id='word_1_559' title='bbox 2696 3761 2931 3831; x_wconf 87' lang='lat' dir='ltr'><strong><em>primum</em></strong></span> <span class='ocrx_word' id='word_1_560' title='bbox 2990 3761 3185 3816; x_wconf 85' lang='lat' dir='ltr'><strong><em>librum</em></strong></span> <span class='ocrx_word' id='word_1_561' title='bbox 3233 3779 3391 3818; x_wconf 88' lang='lat' dir='ltr'><strong><em>suum</em></strong></span> <span class='ocrx_word' id='word_1_562' title='bbox 3444 3780 3537 3835; x_wconf 83' lang='lat' dir='ltr'><strong><em>per</em></strong></span> 
     </span>
    </p>
   </div>
   <div class='ocr_carea' id='block_1_77' title="bbox 1920 3855 2626 3927">
    <p class='ocr_par' dir='ltr' id='par_1_77' title="bbox 1920 3855 2626 3927">
     <span class='ocr_line' id='line_1_77' title="bbox 1920 3855 2626 3927; baseline -0.001 -17"><span class='ocrx_word' id='word_1_563' title='bbox 1920 3876 1921 3879; x_wconf 43' lang='grc' dir='ltr'><strong><em>η</em></strong></span> <span class='ocrx_word' id='word_1_564' title='bbox 1959 3856 2348 3911; x_wconf 85' lang='lat' dir='ltr'><strong><em>similitudines</em></strong></span> <span class='ocrx_word' id='word_1_565' title='bbox 2377 3855 2626 3927; x_wconf 76' lang='lat' dir='ltr'><strong><em>digessit.</em></strong></span> 
     </span>
    </p>
   </div>
   <div class='ocr_carea' id='block_1_78' title="bbox 1959 3968 3538 4039">
    <p class='ocr_par' dir='ltr' id='par_1_78' title="bbox 1959 3968 3538 4039">
     <span class='ocr_line' id='line_1_78' title="bbox 1959 3968 3538 4039; baseline 0 -13"><span class='ocrx_word' id='word_1_566' title='bbox 1959 3971 2109 4026; x_wconf 71' lang='lat' dir='ltr'><strong><em>CAP.</em></strong></span> <span class='ocrx_word' id='word_1_567' title='bbox 2129 3969 2385 4024; x_wconf 75' lang='lat' dir='ltr'><strong><em>CXXXII.</em></strong></span> <span class='ocrx_word' id='word_1_568' title='bbox 2411 4001 2477 4010; x_wconf 88' lang='lat'><strong><em>——</em></strong></span> <span class='ocrx_word' id='word_1_569' title='bbox 2508 3968 2764 4036; x_wconf 70' lang='lat' dir='ltr'><strong><em>Quanam</em></strong></span> <span class='ocrx_word' id='word_1_570' title='bbox 2792 3979 2913 4023; x_wconf 88' lang='lat' dir='ltr'><strong><em>sunt</em></strong></span> <span class='ocrx_word' id='word_1_571' title='bbox 2938 3971 3208 4039; x_wconf 72' lang='lat' dir='ltr'><strong><em>parabole:</em></strong></span> <span class='ocrx_word' id='word_1_572' title='bbox 3241 3989 3328 4024; x_wconf 78' lang='lat' dir='ltr'><strong><em>ore</em></strong></span> <span class='ocrx_word' id='word_1_573' title='bbox 3350 3971 3538 4026; x_wconf 81' lang='lat' dir='ltr'><strong><em>Domi-</em></strong></span> 
     </span>
    </p>
   </div>
   <div class='ocr_carea' id='block_1_79' title="bbox 2536 4042 2930 4108">
    <p class='ocr_par' dir='ltr' id='par_1_79' title="bbox 2536 4042 2930 4108">
     <span class='ocr_line' id='line_1_79' title="bbox 2536 4042 2930 4108; baseline 0.005 -16"><span class='ocrx_word' id='word_1_574' title='bbox 2536 4044 2656 4094; x_wconf 86' lang='lat' dir='ltr'><strong><em>nico</em></strong></span> <span class='ocrx_word' id='word_1_575' title='bbox 2681 4042 2930 4108; x_wconf 79' lang='lat' dir='ltr'><strong><em>prolatte.</em></strong></span> 
     </span>
    </p>
   </div>
   <div class='ocr_carea' id='block_1_80' title="bbox 2033 4156 3536 4227">
    <p class='ocr_par' dir='ltr' id='par_1_80' title="bbox 2033 4156 3536 4227">
     <span class='ocr_line' id='line_1_80' title="bbox 2033 4156 3536 4227; baseline 0.003 -15"><span class='ocrx_word' id='word_1_576' title='bbox 2033 4159 2103 4212; x_wconf 76' lang='lat' dir='ltr'><strong><em>Ile</em></strong></span> <span class='ocrx_word' id='word_1_577' title='bbox 2152 4156 2300 4211; x_wconf 82' lang='lat' dir='ltr'><strong><em>Novo</em></strong></span> <span class='ocrx_word' id='word_1_578' title='bbox 2328 4156 2700 4211; x_wconf 83' lang='lat' dir='ltr'><strong><em>Testamento.</em></strong></span> <span class='ocrx_word' id='word_1_579' title='bbox 2732 4156 2779 4208; x_wconf 81' lang='grc'><em>1.</em></span> <span class='ocrx_word' id='word_1_580' title='bbox 2814 4156 2966 4222; x_wconf 82' lang='lat' dir='ltr'><strong><em>Quod</em></strong></span> <span class='ocrx_word' id='word_1_581' title='bbox 3005 4174 3110 4210; x_wconf 91' lang='lat' dir='ltr'><strong><em>non</em></strong></span> <span class='ocrx_word' id='word_1_582' title='bbox 3138 4169 3350 4227; x_wconf 83' lang='lat' dir='ltr'><strong><em>oportet</em></strong></span> <span class='ocrx_word' id='word_1_583' title='bbox 3375 4163 3536 4216; x_wconf 84' lang='lat' dir='ltr'><strong><em>veteri</em></strong></span> 
     </span>
    </p>
   </div>
   <div class='ocr_carea' id='block_1_81' title="bbox 1959 4248 3537 4318">
    <p class='ocr_par' dir='ltr' id='par_1_81' title="bbox 1959 4248 3537 4318">
     <span class='ocr_line' id='line_1_81' title="bbox 1959 4248 3537 4318; baseline 0.004 -16"><span class='ocrx_word' id='word_1_584' title='bbox 1959 4252 2284 4305; x_wconf 78' lang='lat' dir='ltr'><strong><em>vestimento</em></strong></span> <span class='ocrx_word' id='word_1_585' title='bbox 2324 4265 2524 4303; x_wconf 87' lang='lat' dir='ltr'><strong><em>novum</em></strong></span> <span class='ocrx_word' id='word_1_586' title='bbox 2559 4249 2724 4318; x_wconf 87' lang='lat' dir='ltr'><strong><em>panni</em></strong></span> <span class='ocrx_word' id='word_1_587' title='bbox 2761 4248 2998 4302; x_wconf 81' lang='lat' dir='ltr'><strong><em>frustum</em></strong></span> <span class='ocrx_word' id='word_1_588' title='bbox 3027 4264 3283 4304; x_wconf 83' lang='lat' dir='ltr'><strong><em>assuere:</em></strong></span> <span class='ocrx_word' id='word_1_589' title='bbox 3319 4252 3537 4308; x_wconf 82' lang='lat' dir='ltr'><strong><em>utribus</em></strong></span> 
     </span>
    </p>
   </div>
   <div class='ocr_carea' id='block_1_82' title="bbox 1957 4340 3533 4412">
    <p class='ocr_par' dir='ltr' id='par_1_82' title="bbox 1957 4340 3533 4412">
     <span class='ocr_line' id='line_1_82' title="bbox 1957 4340 3533 4412; baseline 0 -13"><span class='ocrx_word' id='word_1_590' title='bbox 1957 4343 2230 4399; x_wconf 71' lang='lat' dir='ltr'><strong><em>veteribus</em></strong></span> <span class='ocrx_word' id='word_1_591' title='bbox 2262 4358 2370 4397; x_wconf 91' lang='lat' dir='ltr'><strong><em>non</em></strong></span> <span class='ocrx_word' id='word_1_592' title='bbox 2405 4352 2617 4412; x_wconf 86' lang='lat' dir='ltr'><strong><em>oportet</em></strong></span> <span class='ocrx_word' id='word_1_593' title='bbox 2665 4357 2868 4396; x_wconf 82' lang='lat' dir='ltr'><strong><em>novum</em></strong></span> <span class='ocrx_word' id='word_1_594' title='bbox 2924 4341 3108 4395; x_wconf 75' lang='lat' dir='ltr'><strong><em>vinum</em></strong></span> <span class='ocrx_word' id='word_1_595' title='bbox 3146 4340 3434 4398; x_wconf 80' lang='lat' dir='ltr'><strong><em>infundere</em></strong></span> <span class='ocrx_word' id='word_1_596' title='bbox 3463 4345 3533 4400; x_wconf 82' lang='grc'><strong><em>⁸⁵.</em></strong></span> 
     </span>
    </p>
   </div>
   <div class='ocr_carea' id='block_1_83' title="bbox 1955 4433 3536 4506">
    <p class='ocr_par' dir='ltr' id='par_1_83' title="bbox 1955 4433 3536 4506">
     <span class='ocr_line' id='line_1_83' title="bbox 1955 4433 3536 4506; baseline 0.001 -17"><span class='ocrx_word' id='word_1_597' title='bbox 1955 4437 2012 4490; x_wconf 69' lang='lat'><strong><em>2.</em></strong></span> <span class='ocrx_word' id='word_1_598' title='bbox 2045 4437 2188 4492; x_wconf 85' lang='lat' dir='ltr'><strong><em>Dixit</em></strong></span> <span class='ocrx_word' id='word_1_599' title='bbox 2216 4452 2276 4492; x_wconf 89' lang='lat' dir='ltr'><strong><em>se</em></strong></span> <span class='ocrx_word' id='word_1_600' title='bbox 2325 4437 2539 4491; x_wconf 88' lang='lat' dir='ltr'><strong><em>mittere</em></strong></span> <span class='ocrx_word' id='word_1_601' title='bbox 2577 4435 2855 4506; x_wconf 83' lang='lat' dir='ltr'><strong><em>apostolos</em></strong></span> <span class='ocrx_word' id='word_1_602' title='bbox 2890 4433 3055 4488; x_wconf 85' lang='lat' dir='ltr'><strong><em>veluti</em></strong></span> <span class='ocrx_word' id='word_1_603' title='bbox 3077 4449 3205 4490; x_wconf 84' lang='lat' dir='ltr'><strong><em>oves</em></strong></span> <span class='ocrx_word' id='word_1_604' title='bbox 3250 4435 3306 4489; x_wconf 90' lang='lat' dir='ltr'><strong><em>in</em></strong></span> <span class='ocrx_word' id='word_1_605' title='bbox 3338 4437 3536 4503; x_wconf 73' lang='lat' dir='ltr'><strong><em>medio</em></strong></span> 
     </span>
    </p>
   </div>
   <div class='ocr_carea' id='block_1_84' title="bbox 1957 4529 3536 4604">
    <p class='ocr_par' dir='ltr' id='par_1_84' title="bbox 1957 4529 3536 4604">
     <span class='ocr_line' id='line_1_84' title="bbox 1957 4529 3536 4604; baseline 0 -16"><span class='ocrx_word' id='word_1_606' title='bbox 1957 4535 2209 4604; x_wconf 85' lang='lat' dir='ltr'><strong><em>luporum</em></strong></span> <span class='ocrx_word' id='word_1_607' title='bbox 2259 4535 2325 4589; x_wconf 71' lang='grc'><strong><em>⁸⁸.</em></strong></span> <span class='ocrx_word' id='word_1_608' title='bbox 2355 4535 2410 4591; x_wconf 83' lang='grc'><em>5.</em></span> <span class='ocrx_word' id='word_1_609' title='bbox 2456 4533 2904 4590; x_wconf 65' lang='grc' dir='ltr'><em>Ρτωόίοαιίοηοιιι</em></span> <span class='ocrx_word' id='word_1_610' title='bbox 2951 4529 3146 4585; x_wconf 89' lang='lat' dir='ltr'><strong><em>semini</em></strong></span> <span class='ocrx_word' id='word_1_611' title='bbox 3192 4531 3536 4602; x_wconf 85' lang='lat' dir='ltr'><strong><em>assimilavit,</em></strong></span> 
     </span>
    </p>
   </div>
   <div class='ocr_carea' id='block_1_85' title="bbox 289 4625 1855 4710">
    <p class='ocr_par' dir='ltr' id='par_1_85' title="bbox 289 4627 1851 4701">
     <span class='ocr_line' id='line_1_85' title="bbox 289 4627 1851 4701; baseline 0.002 -22"><span class='ocrx_word' id='word_1_612' title='bbox 289 4629 386 4698; x_wconf 78' lang='grc' dir='ltr'><strong><em>γῆν</em></strong></span> <span class='ocrx_word' id='word_1_613' title='bbox 419 4628 897 4700; x_wconf 81' lang='grc' dir='ltr'><em>καταϐαλλομένῳ,</em></span> <span class='ocrx_word' id='word_1_614' title='bbox 955 4631 1048 4684; x_wconf 79' lang='grc' dir='ltr'><em>καὶ</em></span> <span class='ocrx_word' id='word_1_615' title='bbox 1081 4633 1138 4684; x_wconf 79' lang='grc' dir='ltr'><em>ὲν</em></span> <span class='ocrx_word' id='word_1_616' title='bbox 1185 4637 1228 4701; x_wconf 81' lang='grc' dir='ltr'><strong><em>ρ’</em></strong></span> <span class='ocrx_word' id='word_1_617' title='bbox 1260 4631 1354 4683; x_wconf 75' lang='grc' dir='ltr'><em>καὶ</em></span> <span class='ocrx_word' id='word_1_618' title='bbox 1409 4627 1448 4695; x_wconf 82' lang='grc' dir='ltr'><strong><em>ξ’</em></strong></span> <span class='ocrx_word' id='word_1_619' title='bbox 1479 4632 1573 4683; x_wconf 73' lang='grc' dir='ltr'><em>καὶ</em></span> <span class='ocrx_word' id='word_1_620' title='bbox 1623 4627 1666 4681; x_wconf 79' lang='grc' dir='ltr'><em>λ’</em></span> <span class='ocrx_word' id='word_1_621' title='bbox 1713 4646 1851 4700; x_wconf 84' lang='grc' dir='ltr'><em>καρ-</em></span> 
     </span>
    </p>
   </div>
   <div class='ocr_carea' id='block_1_86' title="bbox 1960 4625 3534 4710">
    <p class='ocr_par' dir='ltr' id='par_1_86' title="bbox 1960 4625 3534 4699">
     <span class='ocr_line' id='line_1_86' title="bbox 1960 4625 3534 4699; baseline 0.001 -18"><span class='ocrx_word' id='word_1_622' title='bbox 1960 4629 2102 4699; x_wconf 85' lang='lat' dir='ltr'><strong><em>quod</em></strong></span> <span class='ocrx_word' id='word_1_623' title='bbox 2158 4627 2212 4680; x_wconf 89' lang='lat' dir='ltr'><strong><em>in</em></strong></span> <span class='ocrx_word' id='word_1_624' title='bbox 2245 4636 2444 4680; x_wconf 88' lang='lat' dir='ltr'><strong><em>terram</em></strong></span> <span class='ocrx_word' id='word_1_625' title='bbox 2479 4629 2678 4681; x_wconf 82' lang='lat' dir='ltr'><strong><em>bonam</em></strong></span> <span class='ocrx_word' id='word_1_626' title='bbox 2733 4625 3040 4696; x_wconf 85' lang='lat' dir='ltr'><strong><em>projicitur,</em></strong></span> <span class='ocrx_word' id='word_1_627' title='bbox 3070 4633 3124 4680; x_wconf 90' lang='lat' dir='ltr'><strong><em>et</em></strong></span> <span class='ocrx_word' id='word_1_628' title='bbox 3167 4625 3220 4680; x_wconf 91' lang='lat' dir='ltr'><strong><em>in</em></strong></span> <span class='ocrx_word' id='word_1_629' title='bbox 3277 4641 3307 4682; x_wconf 90' lang='lat' dir='ltr'><strong><em>c</em></strong></span> <span class='ocrx_word' id='word_1_630' title='bbox 3341 4627 3424 4682; x_wconf 85' lang='lat' dir='ltr'><strong><em>vel</em></strong></span> <span class='ocrx_word' id='word_1_631' title='bbox 3467 4643 3534 4682; x_wconf 63' lang='grc' dir='ltr'><strong><em>ιχ</em></strong></span> 
     </span>
    </p>
   </div>
   <div class='ocr_carea' id='block_1_87' title="bbox 292 4720 1856 4794">
    <p class='ocr_par' dir='ltr' id='par_1_87' title="bbox 292 4720 1856 4794">
     <span class='ocr_line' id='line_1_87' title="bbox 292 4720 1856 4794; baseline 0.001 -23"><span class='ocrx_word' id='word_1_632' title='bbox 292 4720 630 4790; x_wconf 75' lang='grc' dir='ltr'><em>ποφοροῦντι.</em></span> <span class='ocrx_word' id='word_1_633' title='bbox 675 4722 763 4774; x_wconf 87' lang='grc' dir='ltr'><em>Ἐν</em></span> <span class='ocrx_word' id='word_1_634' title='bbox 795 4721 853 4774; x_wconf 85' lang='grc' dir='ltr'><em>δὲ</em></span> <span class='ocrx_word' id='word_1_635' title='bbox 882 4724 1059 4794; x_wconf 74' lang='grc' dir='ltr'><em>πέτρᾳ</em></span> <span class='ocrx_word' id='word_1_636' title='bbox 1089 4722 1184 4775; x_wconf 76' lang='grc' dir='ltr'><em>καὶ</em></span> <span class='ocrx_word' id='word_1_637' title='bbox 1227 4722 1466 4792; x_wconf 77' lang='grc' dir='ltr'><strong><em>φραγμῷ</em></strong></span> <span class='ocrx_word' id='word_1_638' title='bbox 1513 4721 1609 4776; x_wconf 73' lang='grc' dir='ltr'><em>καὶ</em></span> <span class='ocrx_word' id='word_1_639' title='bbox 1659 4721 1856 4774; x_wconf 84' lang='grc' dir='ltr'><em>ἁϐαθεῖ</em></span> 
     </span>
    </p>
   </div>
   <div class='ocr_carea' id='block_1_88' title="bbox 292 4808 1857 4884">
    <p class='ocr_par' dir='ltr' id='par_1_88' title="bbox 292 4808 1857 4884">
     <span class='ocr_line' id='line_1_88' title="bbox 292 4808 1857 4884; baseline -0.001 -17"><span class='ocrx_word' id='word_1_640' title='bbox 292 4812 382 4880; x_wconf 71' lang='grc' dir='ltr'><strong><em>γῇ.</em></strong></span> <span class='ocrx_word' id='word_1_641' title='bbox 422 4813 668 4884; x_wconf 83' lang='grc' dir='ltr'><em>ἄκαρπον</em></span> <span class='ocrx_word' id='word_1_642' title='bbox 715 4808 853 4866; x_wconf 84' lang='grc' dir='ltr'><em>εἶναι</em></span> <span class='ocrx_word' id='word_1_643' title='bbox 917 4813 1337 4883; x_wconf 79' lang='grc' dir='ltr'><em>ἀπελέγχεσθαι.</em></span> <span class='ocrx_word' id='word_1_644' title='bbox 1415 4814 1684 4878; x_wconf 78' lang='grc' dir='ltr'><em>Ζιζανίοις</em></span> <span class='ocrx_word' id='word_1_645' title='bbox 1739 4815 1857 4866; x_wconf 74' lang='grc' dir='ltr'><em>ἑπι-</em></span> 
     </span>
    </p>
   </div>
   <div class='ocr_carea' id='block_1_89' title="bbox 296 4905 1854 4978">
    <p class='ocr_par' dir='ltr' id='par_1_89' title="bbox 296 4905 1854 4978">
     <span class='ocr_line' id='line_1_89' title="bbox 296 4905 1854 4978; baseline 0.008 -25"><span class='ocrx_word' id='word_1_646' title='bbox 296 4907 659 4976; x_wconf 79' lang='grc' dir='ltr'><em>σπειρομένοις</em></span> <span class='ocrx_word' id='word_1_647' title='bbox 684 4907 810 4969; x_wconf 78' lang='grc' dir='ltr'><em>τοὺς</em></span> <span class='ocrx_word' id='word_1_648' title='bbox 853 4906 960 4959; x_wconf 83' lang='grc' dir='ltr'><em>τῶν</em></span> <span class='ocrx_word' id='word_1_649' title='bbox 988 4907 1254 4978; x_wconf 79' lang='grc' dir='ltr'><em>αἱρέσεων</em></span> <span class='ocrx_word' id='word_1_650' title='bbox 1294 4905 1507 4975; x_wconf 80' lang='grc' dir='ltr'><em>λόγους,</em></span> <span class='ocrx_word' id='word_1_651' title='bbox 1557 4906 1636 4977; x_wconf 79' lang='grc' dir='ltr'><em>τῷ</em></span> <span class='ocrx_word' id='word_1_652' title='bbox 1665 4905 1854 4976; x_wconf 80' lang='grc' dir='ltr'>ἀγαθῷ</span> 
     </span>
    </p>
   </div>
   <div class='ocr_carea' id='block_1_90' title="bbox 297 4998 1850 5071">
    <p class='ocr_par' dir='ltr' id='par_1_90' title="bbox 297 4998 1850 5071">
     <span class='ocr_line' id='line_1_90' title="bbox 297 4998 1850 5071; baseline 0.014 -31"><span class='ocrx_word' id='word_1_653' title='bbox 297 4998 580 5068; x_wconf 74' lang='grc' dir='ltr'><em>σπέρματι,</em></span> <span class='ocrx_word' id='word_1_654' title='bbox 621 5000 702 5069; x_wconf 76' lang='grc' dir='ltr'><strong><em>τῷ</em></strong></span> <span class='ocrx_word' id='word_1_655' title='bbox 752 5001 880 5071; x_wconf 87' lang='grc' dir='ltr'><em>παρ’</em></span> <span class='ocrx_word' id='word_1_656' title='bbox 914 5001 1079 5054; x_wconf 79' lang='grc' dir='ltr'><em>αὐτοῦ</em></span> <span class='ocrx_word' id='word_1_657' title='bbox 1116 5001 1377 5070; x_wconf 79' lang='grc' dir='ltr'><em>σπαρέντι</em></span> <span class='ocrx_word' id='word_1_658' title='bbox 1440 5001 1534 5052; x_wconf 73' lang='grc' dir='ltr'><strong><em>ἐπὶ</em></strong></span> <span class='ocrx_word' id='word_1_659' title='bbox 1576 4999 1676 5067; x_wconf 82' lang='grc' dir='ltr'><strong><em>τῆς</em></strong></span> <span class='ocrx_word' id='word_1_660' title='bbox 1727 5001 1850 5066; x_wconf 61' lang='grc' dir='ltr'><strong><em>γῆς.</em></strong></span> 
     </span>
    </p>
   </div>
   <div class='ocr_carea' id='block_1_91' title="bbox 297 5088 1855 5164">
    <p class='ocr_par' dir='ltr' id='par_1_91' title="bbox 297 5088 1855 5164">
     <span class='ocr_line' id='line_1_91' title="bbox 297 5088 1855 5164; baseline 0.005 -26"><span class='ocrx_word' id='word_1_661' title='bbox 297 5088 518 5161; x_wconf 58' lang='lat' dir='ltr'><strong><em>xiv-qm,</em></strong></span> <span class='ocrx_word' id='word_1_662' title='bbox 577 5092 670 5145; x_wconf 80' lang='grc' dir='ltr'><em>τὸν</em></span> <span class='ocrx_word' id='word_1_663' title='bbox 729 5093 824 5145; x_wconf 82' lang='grc' dir='ltr'><em>τοῦ</em></span> <span class='ocrx_word' id='word_1_664' title='bbox 882 5093 1237 5164; x_wconf 83' lang='grc' dir='ltr'><strong><em>κηρύγματος</em></strong></span> <span class='ocrx_word' id='word_1_665' title='bbox 1318 5093 1512 5160; x_wconf 80' lang='grc' dir='ltr'><em>λόγον,</em></span> <span class='ocrx_word' id='word_1_666' title='bbox 1573 5091 1855 5161; x_wconf 80' lang='grc' dir='ltr'><em>ὑπερτέρω</em></span> 
     </span>
    </p>
   </div>
   <div class='ocr_carea' id='block_1_92' title="bbox 295 5179 1852 5255">
    <p class='ocr_par' dir='ltr' id='par_1_92' title="bbox 295 5179 1852 5255">
     <span class='ocr_line' id='line_1_92' title="bbox 295 5179 1852 5255; baseline 0.004 -24"><span class='ocrx_word' id='word_1_667' title='bbox 295 5179 396 5232; x_wconf 82' lang='grc' dir='ltr'><em>τῶν</em></span> <span class='ocrx_word' id='word_1_668' title='bbox 463 5182 820 5254; x_wconf 82' lang='grc' dir='ltr'><strong><em>ἀνθρωπίνων</em></strong></span> <span class='ocrx_word' id='word_1_669' title='bbox 905 5185 1230 5254; x_wconf 82' lang='grc' dir='ltr'><em>τυγχάνοντι</em></span> <span class='ocrx_word' id='word_1_670' title='bbox 1299 5187 1439 5237; x_wconf 79' lang='grc' dir='ltr'><em>κατὰ</em></span> <span class='ocrx_word' id='word_1_671' title='bbox 1527 5182 1624 5255; x_wconf 73' lang='grc' dir='ltr'><em>τὴν</em></span> <span class='ocrx_word' id='word_1_672' title='bbox 1684 5181 1852 5250; x_wconf 79' lang='grc' dir='ltr'><em>αὔξη-</em></span> 
     </span>
    </p>
   </div>
   <div class='ocr_carea' id='block_1_93' title="bbox 299 5274 1854 5350">
    <p class='ocr_par' dir='ltr' id='par_1_93' title="bbox 299 5274 1854 5350">
     <span class='ocr_line' id='line_1_93' title="bbox 299 5274 1854 5350; baseline 0.003 -26"><span class='ocrx_word' id='word_1_673' title='bbox 299 5288 398 5338; x_wconf 85' lang='grc' dir='ltr'><em>σιν,</em></span> <span class='ocrx_word' id='word_1_674' title='bbox 428 5274 734 5346; x_wconf 73' lang='grc' dir='ltr'><em>δογμάτων.</em></span> <span class='ocrx_word' id='word_1_675' title='bbox 769 5277 880 5330; x_wconf 73' lang='grc' dir='ltr'><strong><em>Καὶ</em></strong></span> <span class='ocrx_word' id='word_1_676' title='bbox 921 5276 1070 5350; x_wconf 75' lang='grc' dir='ltr'><strong><em>ζύμῃ</em></strong></span> <span class='ocrx_word' id='word_1_677' title='bbox 1119 5277 1556 5348; x_wconf 78' lang='grc' dir='ltr'><em>παραϐέϐληται,</em></span> <span class='ocrx_word' id='word_1_678' title='bbox 1583 5279 1661 5341; x_wconf 81' lang='grc' dir='ltr'><em>εἰς</em></span> <span class='ocrx_word' id='word_1_679' title='bbox 1695 5276 1854 5330; x_wconf 74' lang='grc' dir='ltr'><em>ἁλεύο</em></span> 
     </span>
    </p>
   </div>
   <div class='ocr_carea' id='block_1_94' title="bbox 297 5370 1853 5443">
    <p class='ocr_par' dir='ltr' id='par_1_94' title="bbox 297 5370 1853 5443">
     <span class='ocr_line' id='line_1_94' title="bbox 297 5370 1853 5443; baseline 0.002 -26"><span class='ocrx_word' id='word_1_680' title='bbox 297 5381 388 5435; x_wconf 87' lang='grc' dir='ltr'><em>ρου</em></span> <span class='ocrx_word' id='word_1_681' title='bbox 431 5371 565 5422; x_wconf 85' lang='grc' dir='ltr'><em>σάτα</em></span> <span class='ocrx_word' id='word_1_682' title='bbox 615 5371 747 5441; x_wconf 75' lang='grc' dir='ltr'><em>τρία</em></span> <span class='ocrx_word' id='word_1_683' title='bbox 793 5370 1148 5442; x_wconf 77' lang='grc' dir='ltr'><em>ὲμϐληθείσῃ.</em></span> <span class='ocrx_word' id='word_1_684' title='bbox 1179 5370 1452 5443; x_wconf 85' lang='grc' dir='ltr'><em>Θησαυρῷ</em></span> <span class='ocrx_word' id='word_1_685' title='bbox 1487 5371 1853 5443; x_wconf 82' lang='grc' dir='ltr'><em>κεκρυμμένῳ</em></span> 
     </span>
    </p>
   </div>
   <div class='ocr_carea' id='block_1_95' title="bbox 297 5459 1851 5534">
    <p class='ocr_par' dir='ltr' id='par_1_95' title="bbox 297 5459 1851 5534">
     <span class='ocr_line' id='line_1_95' title="bbox 297 5459 1851 5534; baseline -0.016 2"><span class='ocrx_word' id='word_1_686' title='bbox 297 5459 432 5532; x_wconf 60' lang='grc' dir='ltr'><strong><em>ἐντῇ</em></strong></span> <span class='ocrx_word' id='word_1_687' title='bbox 494 5465 586 5533; x_wconf 68' lang='grc' dir='ltr'><strong><em>τῇς</em></strong></span> <span class='ocrx_word' id='word_1_688' title='bbox 641 5465 738 5515; x_wconf 77' lang='grc' dir='ltr'><em>καὶ</em></span> <span class='ocrx_word' id='word_1_689' title='bbox 773 5463 989 5516; x_wconf 81' lang='grc' dir='ltr'><em>πάντων</em></span> <span class='ocrx_word' id='word_1_690' title='bbox 1037 5464 1560 5534; x_wconf 78' lang='grc' dir='ltr'><em>ἀπεμπωλουμένων</em></span> <span class='ocrx_word' id='word_1_691' title='bbox 1619 5466 1699 5527; x_wconf 72' lang='grc' dir='ltr'><em>εἰς</em></span> <span class='ocrx_word' id='word_1_692' title='bbox 1754 5464 1851 5532; x_wconf 73' lang='grc' dir='ltr'><em>τὴν</em></span> 
     </span>
    </p>
   </div>
   <div class='ocr_carea' id='block_1_96' title="bbox 297 5549 1848 5626">
    <p class='ocr_par' dir='ltr' id='par_1_96' title="bbox 297 5549 1848 5626">
     <span class='ocr_line' id='line_1_96' title="bbox 297 5549 1848 5626; baseline 0.002 -26"><span class='ocrx_word' id='word_1_693' title='bbox 297 5549 473 5604; x_wconf 79' lang='grc' dir='ltr'><em>τούτου</em></span> <span class='ocrx_word' id='word_1_694' title='bbox 499 5555 711 5624; x_wconf 83' lang='grc' dir='ltr'><em>κτῆσιν.</em></span> <span class='ocrx_word' id='word_1_695' title='bbox 742 5553 1073 5625; x_wconf 76' lang='grc' dir='ltr'><em>Μαργαρίτῃ</em></span> <span class='ocrx_word' id='word_1_696' title='bbox 1094 5555 1280 5625; x_wconf 81' lang='grc' dir='ltr'><strong><em>τιμίῳ,</em></strong></span> <span class='ocrx_word' id='word_1_697' title='bbox 1308 5554 1712 5626; x_wconf 76' lang='grc' dir='ltr'><em>προτιμωμὲνῳ</em></span> <span class='ocrx_word' id='word_1_698' title='bbox 1743 5555 1848 5605; x_wconf 73' lang='grc' dir='ltr'><em>τῶν</em></span> 
     </span>
    </p>
   </div>
   <div class='ocr_carea' id='block_1_97' title="bbox 299 5641 1854 5719">
    <p class='ocr_par' dir='ltr' id='par_1_97' title="bbox 299 5641 1854 5719">
     <span class='ocr_line' id='line_1_97' title="bbox 299 5641 1854 5719; baseline 0.002 -27"><span class='ocrx_word' id='word_1_699' title='bbox 299 5641 389 5713; x_wconf 61' lang='grc' dir='ltr'><em>ἥδη</em></span> <span class='ocrx_word' id='word_1_700' title='bbox 421 5644 775 5716; x_wconf 80' lang='grc' dir='ltr'><em>κτησθέντων.</em></span> <span class='ocrx_word' id='word_1_701' title='bbox 815 5647 1059 5719; x_wconf 79' lang='grc' dir='ltr'><em>Πλουσίῳ</em></span> <span class='ocrx_word' id='word_1_702' title='bbox 1093 5647 1414 5718; x_wconf 81' lang='grc' dir='ltr'><em>κεκτημένῳ</em></span> <span class='ocrx_word' id='word_1_703' title='bbox 1452 5649 1509 5700; x_wconf 85' lang='grc' dir='ltr'><em>ὲν</em></span> <span class='ocrx_word' id='word_1_704' title='bbox 1544 5645 1620 5715; x_wconf 78' lang='grc' dir='ltr'><em>τῷ</em></span> <span class='ocrx_word' id='word_1_705' title='bbox 1644 5647 1854 5716; x_wconf 77' lang='grc' dir='ltr'><em>ταμείῳ</em></span> 
     </span>
    </p>
   </div>
   <div class='ocr_carea' id='block_1_98' title="bbox 298 5737 1852 5809">
    <p class='ocr_par' dir='ltr' id='par_1_98' title="bbox 298 5737 1852 5809">
     <span class='ocr_line' id='line_1_98' title="bbox 298 5737 1852 5809; baseline 0.002 -23"><span class='ocrx_word' id='word_1_706' title='bbox 298 5738 450 5790; x_wconf 75' lang='grc' dir='ltr'><em>αὑτοῦ</em></span> <span class='ocrx_word' id='word_1_707' title='bbox 517 5739 682 5792; x_wconf 78' lang='grc' dir='ltr'><em>καινὰ</em></span> <span class='ocrx_word' id='word_1_708' title='bbox 737 5741 832 5792; x_wconf 73' lang='grc' dir='ltr'><em>καὶ</em></span> <span class='ocrx_word' id='word_1_709' title='bbox 885 5738 1112 5801; x_wconf 80' lang='grc' dir='ltr'><em>παλαιὰ,</em></span> <span class='ocrx_word' id='word_1_710' title='bbox 1140 5739 1239 5809; x_wconf 75' lang='grc' dir='ltr'><em>τῆς</em></span> <span class='ocrx_word' id='word_1_711' title='bbox 1291 5739 1413 5802; x_wconf 86' lang='grc' dir='ltr'><em>νέας</em></span> <span class='ocrx_word' id='word_1_712' title='bbox 1458 5738 1553 5792; x_wconf 77' lang='grc' dir='ltr'><em>καὶ</em></span> <span class='ocrx_word' id='word_1_713' title='bbox 1592 5737 1723 5809; x_wconf 79' lang='grc' dir='ltr'><em>παρ’</em></span> <span class='ocrx_word' id='word_1_714' title='bbox 1764 5738 1852 5789; x_wconf 82' lang='grc' dir='ltr'><strong><em>Ἐ-</em></strong></span> 
     </span>
    </p>
   </div>
   <div class='ocr_carea' id='block_1_99' title="bbox 302 5829 1862 5904">
    <p class='ocr_par' dir='ltr' id='par_1_99' title="bbox 302 5829 1862 5904">
     <span class='ocr_line' id='line_1_99' title="bbox 302 5829 1862 5904; baseline 0 -20"><span class='ocrx_word' id='word_1_715' title='bbox 302 5829 495 5898; x_wconf 71' lang='grc' dir='ltr'><em>ὗραίοις</em></span> <span class='ocrx_word' id='word_1_716' title='bbox 541 5833 809 5903; x_wconf 76' lang='grc' dir='ltr'><em>διαθήκης</em></span> <span class='ocrx_word' id='word_1_717' title='bbox 891 5834 989 5904; x_wconf 75' lang='grc' dir='ltr'><em>τὴν</em></span> <span class='ocrx_word' id='word_1_718' title='bbox 1051 5834 1368 5902; x_wconf 78' lang='grc' dir='ltr'><em>ἐπίγνωσιν.</em></span> <span class='ocrx_word' id='word_1_719' title='bbox 1436 5834 1706 5887; x_wconf 82' lang='grc' dir='ltr'><em>Ἀλώπεκι</em></span> <span class='ocrx_word' id='word_1_720' title='bbox 1764 5833 1862 5902; x_wconf 75' lang='grc' dir='ltr'><em>τὴν</em></span> 
     </span>
    </p>
   </div>
   <div class='ocr_carea' id='block_1_100' title="bbox 1962 4717 3534 4786">
    <p class='ocr_par' dir='ltr' id='par_1_100' title="bbox 1962 4717 3534 4786">
     <span class='ocr_line' id='line_1_100' title="bbox 1962 4717 3534 4786; baseline 0.001 -16"><span class='ocrx_word' id='word_1_721' title='bbox 1962 4719 2044 4772; x_wconf 82' lang='lat' dir='ltr'><strong><em>vel</em></strong></span> <span class='ocrx_word' id='word_1_722' title='bbox 2089 4734 2192 4772; x_wconf 76' lang='lat' dir='ltr'><strong><em>xxx</em></strong></span> <span class='ocrx_word' id='word_1_723' title='bbox 2263 4717 2556 4771; x_wconf 78' lang='lat' dir='ltr'><strong><em>fi&#39;uctilieat</em></strong></span> <span class='ocrx_word' id='word_1_724' title='bbox 2591 4735 2604 4769; x_wconf 90' lang='lat'>:</span> <span class='ocrx_word' id='word_1_725' title='bbox 2647 4725 2702 4769; x_wconf 88' lang='lat' dir='ltr'><strong><em>at</em></strong></span> <span class='ocrx_word' id='word_1_726' title='bbox 2741 4717 2789 4770; x_wconf 88' lang='lat' dir='ltr'><strong><em>si</em></strong></span> <span class='ocrx_word' id='word_1_727' title='bbox 2844 4717 3162 4786; x_wconf 85' lang='lat' dir='ltr'><strong><em>projiciatur</em></strong></span> <span class='ocrx_word' id='word_1_728' title='bbox 3205 4717 3258 4770; x_wconf 92' lang='lat' dir='ltr'><strong><em>in</em></strong></span> <span class='ocrx_word' id='word_1_729' title='bbox 3304 4728 3534 4786; x_wconf 86' lang='lat' dir='ltr'><strong><em>petram,</em></strong></span> 
     </span>
    </p>
   </div>
   <div class='ocr_carea' id='block_1_101' title="bbox 1960 4805 3535 4875">
    <p class='ocr_par' dir='ltr' id='par_1_101' title="bbox 1960 4805 3535 4875">
     <span class='ocr_line' id='line_1_101' title="bbox 1960 4805 3535 4875; baseline -0.001 -12"><span class='ocrx_word' id='word_1_730' title='bbox 1960 4818 2055 4864; x_wconf 85' lang='lat' dir='ltr'><strong><em>aut</em></strong></span> <span class='ocrx_word' id='word_1_731' title='bbox 2084 4819 2286 4874; x_wconf 87' lang='lat' dir='ltr'><strong><em>sentes,</em></strong></span> <span class='ocrx_word' id='word_1_732' title='bbox 2320 4818 2416 4863; x_wconf 87' lang='lat' dir='ltr'><strong><em>aut</em></strong></span> <span class='ocrx_word' id='word_1_733' title='bbox 2457 4816 2656 4861; x_wconf 80' lang='lat' dir='ltr'><strong><em>terram</em></strong></span> <span class='ocrx_word' id='word_1_734' title='bbox 2716 4807 2899 4861; x_wconf 89' lang='lat' dir='ltr'><strong><em>minus</em></strong></span> <span class='ocrx_word' id='word_1_735' title='bbox 2932 4805 3283 4875; x_wconf 71' lang='lat' dir='ltr'><strong><em>profundant,</em></strong></span> <span class='ocrx_word' id='word_1_736' title='bbox 3330 4807 3535 4861; x_wconf 86' lang='lat' dir='ltr'><strong><em>infruc-</em></strong></span> 
     </span>
    </p>
   </div>
   <div class='ocr_carea' id='block_1_102' title="bbox 1962 4898 3536 4969">
    <p class='ocr_par' dir='ltr' id='par_1_102' title="bbox 1962 4898 3536 4969">
     <span class='ocr_line' id='line_1_102' title="bbox 1962 4898 3536 4969; baseline -0.005 -9"><span class='ocrx_word' id='word_1_737' title='bbox 1962 4915 2177 4960; x_wconf 89' lang='lat' dir='ltr'><strong><em>tuosum</em></strong></span> <span class='ocrx_word' id='word_1_738' title='bbox 2210 4902 2495 4960; x_wconf 79' lang='lat' dir='ltr'><strong><em>remanere</em></strong></span> <span class='ocrx_word' id='word_1_739' title='bbox 2514 4900 2904 4957; x_wconf 83' lang='lat' dir='ltr'><strong><em>ostenditur&quot;.</em></strong></span> <span class='ocrx_word' id='word_1_740' title='bbox 2935 4899 2990 4953; x_wconf 76' lang='grc'><em>4.</em></span> <span class='ocrx_word' id='word_1_741' title='bbox 3020 4898 3371 4969; x_wconf 80' lang='lat' dir='ltr'><strong><em>Comparavit</em></strong></span> <span class='ocrx_word' id='word_1_742' title='bbox 3424 4900 3536 4954; x_wconf 76' lang='lat' dir='ltr'><strong><em>lite-</em></strong></span> 
     </span>
    </p>
   </div>
   <div class='ocr_carea' id='block_1_103' title="bbox 1961 4993 3534 5061">
    <p class='ocr_par' dir='ltr' id='par_1_103' title="bbox 1961 4993 3534 5061">
     <span class='ocr_line' id='line_1_103' title="bbox 1961 4993 3534 5061; baseline -0.004 -9"><span class='ocrx_word' id='word_1_743' title='bbox 1961 5000 2256 5053; x_wconf 69' lang='lat' dir='ltr'><strong><em>reticorum</em></strong></span> <span class='ocrx_word' id='word_1_744' title='bbox 2311 5010 2599 5052; x_wconf 87' lang='lat' dir='ltr'><strong><em>sermones</em></strong></span> <span class='ocrx_word' id='word_1_745' title='bbox 2645 5009 2771 5049; x_wconf 90' lang='lat' dir='ltr'><strong><em>cum</em></strong></span> <span class='ocrx_word' id='word_1_746' title='bbox 2817 4993 3042 5047; x_wconf 71' lang='lat' dir='ltr'><strong><em>zizaniis</em></strong></span> <span class='ocrx_word' id='word_1_747' title='bbox 3083 4993 3534 5061; x_wconf 64' lang='lat' dir='ltr'><strong><em>suiierseminatis</em></strong></span> 
     </span>
    </p>
   </div>
   <div class='ocr_carea' id='block_1_104' title="bbox 1961 5087 3534 5160">
    <p class='ocr_par' dir='ltr' id='par_1_104' title="bbox 1961 5087 3534 5160">
     <span class='ocr_line' id='line_1_104' title="bbox 1961 5087 3534 5160; baseline -0.004 -14"><span class='ocrx_word' id='word_1_748' title='bbox 1961 5091 2104 5146; x_wconf 88' lang='lat' dir='ltr'><strong><em>bono</em></strong></span> <span class='ocrx_word' id='word_1_749' title='bbox 2167 5091 2407 5155; x_wconf 86' lang='lat' dir='ltr'><strong><em>semini,</em></strong></span> <span class='ocrx_word' id='word_1_750' title='bbox 2443 5088 2590 5160; x_wconf 89' lang='lat' dir='ltr'><strong><em>quod</em></strong></span> <span class='ocrx_word' id='word_1_751' title='bbox 2640 5087 2756 5158; x_wconf 90' lang='lat' dir='ltr'><strong><em>ipse</em></strong></span> <span class='ocrx_word' id='word_1_752' title='bbox 2792 5095 3006 5142; x_wconf 75' lang='lat' dir='ltr'><strong><em>severat</em></strong></span> <span class='ocrx_word' id='word_1_753' title='bbox 3067 5101 3233 5156; x_wconf 86' lang='lat' dir='ltr'><strong><em>super</em></strong></span> <span class='ocrx_word' id='word_1_754' title='bbox 3281 5096 3423 5140; x_wconf 78' lang='lat' dir='ltr'><strong><em>terra</em></strong></span> <span class='ocrx_word' id='word_1_755' title='bbox 3463 5088 3534 5140; x_wconf 72' lang='grc'><strong><em>⁸⁸.</em></strong></span> 
     </span>
    </p>
   </div>
   <div class='ocr_carea' id='block_1_105' title="bbox 1961 5177 3529 5252">
    <p class='ocr_par' dir='ltr' id='par_1_105' title="bbox 1961 5177 3529 5252">
     <span class='ocr_line' id='line_1_105' title="bbox 1961 5177 3529 5252; baseline -0.006 -13"><span class='ocrx_word' id='word_1_756' title='bbox 1961 5185 2016 5239; x_wconf 78' lang='grc' dir='ltr'><strong><em>ε.</em></strong></span> <span class='ocrx_word' id='word_1_757' title='bbox 2047 5185 2181 5237; x_wconf 82' lang='lat' dir='ltr'><strong><em>Cum</em></strong></span> <span class='ocrx_word' id='word_1_758' title='bbox 2239 5183 2412 5252; x_wconf 88' lang='lat' dir='ltr'><strong><em>sinapi</em></strong></span> <span class='ocrx_word' id='word_1_759' title='bbox 2439 5221 2454 5245; x_wconf 90' lang='lat'><strong><em>,</em></strong></span> <span class='ocrx_word' id='word_1_760' title='bbox 2504 5181 2667 5236; x_wconf 78' lang='lat' dir='ltr'><strong><em>verba</em></strong></span> <span class='ocrx_word' id='word_1_761' title='bbox 2717 5177 3118 5251; x_wconf 73' lang='lat' dir='ltr'><strong><em>praedicationis</em></strong></span> <span class='ocrx_word' id='word_1_762' title='bbox 3160 5182 3473 5248; x_wconf 81' lang='lat' dir='ltr'><strong><em>dogmatum</em></strong></span> <span class='ocrx_word' id='word_1_763' title='bbox 3515 5195 3529 5242; x_wconf 90' lang='lat'><strong>;</strong></span> 
     </span>
    </p>
   </div>
   <div class='ocr_carea' id='block_1_106' title="bbox 1959 5271 3528 5348">
    <p class='ocr_par' dir='ltr' id='par_1_106' title="bbox 1959 5271 3528 5348">
     <span class='ocr_line' id='line_1_106' title="bbox 1959 5271 3528 5348; baseline -0.007 -17"><span class='ocrx_word' id='word_1_764' title='bbox 1959 5279 2156 5348; x_wconf 81' lang='lat' dir='ltr'><strong><em>quippe</em></strong></span> <span class='ocrx_word' id='word_1_765' title='bbox 2171 5279 2315 5347; x_wconf 87' lang='lat' dir='ltr'><strong><em>quod</em></strong></span> <span class='ocrx_word' id='word_1_766' title='bbox 2339 5279 2674 5331; x_wconf 86' lang='lat' dir='ltr'><strong><em>incremento</em></strong></span> <span class='ocrx_word' id='word_1_767' title='bbox 2696 5274 2879 5327; x_wconf 88' lang='lat' dir='ltr'><strong><em>omnia</em></strong></span> <span class='ocrx_word' id='word_1_768' title='bbox 2907 5272 3144 5326; x_wconf 87' lang='lat' dir='ltr'><strong><em>humana</em></strong></span> <span class='ocrx_word' id='word_1_769' title='bbox 3162 5282 3450 5340; x_wconf 83' lang='lat' dir='ltr'><strong><em>exsuperet</em></strong></span> <span class='ocrx_word' id='word_1_770' title='bbox 3464 5271 3528 5320; x_wconf 75' lang='lat'><strong><em>&#39;9.</em></strong></span> 
     </span>
    </p>
   </div>
   <div class='ocr_carea' id='block_1_107' title="bbox 1955 5363 3530 5425">
    <p class='ocr_par' dir='ltr' id='par_1_107' title="bbox 1955 5363 3530 5425">
     <span class='ocr_line' id='line_1_107' title="bbox 1955 5363 3530 5425; baseline -0.006 -1"><span class='ocrx_word' id='word_1_771' title='bbox 1955 5374 2006 5424; x_wconf 84' lang='lat'><strong><em>6.</em></strong></span> <span class='ocrx_word' id='word_1_772' title='bbox 2027 5371 2266 5424; x_wconf 79' lang='lat' dir='ltr'><strong><em>Contulit</em></strong></span> <span class='ocrx_word' id='word_1_773' title='bbox 2295 5371 2454 5424; x_wconf 86' lang='lat' dir='ltr'><strong><em>etiam</em></strong></span> <span class='ocrx_word' id='word_1_774' title='bbox 2485 5385 2606 5425; x_wconf 89' lang='lat' dir='ltr'><strong><em>cum</em></strong></span> <span class='ocrx_word' id='word_1_775' title='bbox 2645 5368 2915 5422; x_wconf 84' lang='lat' dir='ltr'><strong><em>fermento</em></strong></span> <span class='ocrx_word' id='word_1_776' title='bbox 2945 5368 3111 5420; x_wconf 89' lang='lat' dir='ltr'><strong><em>misso</em></strong></span> <span class='ocrx_word' id='word_1_777' title='bbox 3131 5364 3186 5418; x_wconf 85' lang='lat' dir='ltr'><strong><em>in</em></strong></span> <span class='ocrx_word' id='word_1_778' title='bbox 3203 5363 3390 5418; x_wconf 81' lang='lat' dir='ltr'><strong><em>farinae</em></strong></span> <span class='ocrx_word' id='word_1_779' title='bbox 3411 5377 3530 5416; x_wconf 79' lang='lat' dir='ltr'><strong><em>sata</em></strong></span> 
     </span>
    </p>
   </div>
   <div class='ocr_carea' id='block_1_108' title="bbox 1961 5460 3531 5526">
    <p class='ocr_par' dir='ltr' id='par_1_108' title="bbox 1961 5460 3531 5526">
     <span class='ocr_line' id='line_1_108' title="bbox 1961 5460 3531 5526; baseline -0.003 -6"><span class='ocrx_word' id='word_1_780' title='bbox 1961 5478 2062 5521; x_wconf 69' lang='lat' dir='ltr'><strong><em>tria</em></strong></span> <span class='ocrx_word' id='word_1_781' title='bbox 2091 5467 2155 5519; x_wconf 78' lang='grc' dir='ltr'><strong><em>⁸ο.</em></strong></span> <span class='ocrx_word' id='word_1_782' title='bbox 2184 5465 2532 5522; x_wconf 86' lang='lat' dir='ltr'><strong><em>7.Thesauro</em></strong></span> <span class='ocrx_word' id='word_1_783' title='bbox 2563 5465 2688 5519; x_wconf 87' lang='lat' dir='ltr'><strong><em>item</em></strong></span> <span class='ocrx_word' id='word_1_784' title='bbox 2719 5463 2989 5519; x_wconf 87' lang='lat' dir='ltr'><strong><em>occultato</em></strong></span> <span class='ocrx_word' id='word_1_785' title='bbox 3019 5463 3071 5517; x_wconf 86' lang='lat' dir='ltr'><strong><em>in</em></strong></span> <span class='ocrx_word' id='word_1_786' title='bbox 3097 5471 3269 5526; x_wconf 84' lang='lat' dir='ltr'><strong><em>terra,</em></strong></span> <span class='ocrx_word' id='word_1_787' title='bbox 3299 5460 3531 5515; x_wconf 85' lang='lat' dir='ltr'><strong><em>venditis</em></strong></span> 
     </span>
    </p>
   </div>
   <div class='ocr_carea' id='block_1_109' title="bbox 1958 5551 3531 5626">
    <p class='ocr_par' dir='ltr' id='par_1_109' title="bbox 1958 5551 3531 5626">
     <span class='ocr_line' id='line_1_109' title="bbox 1958 5551 3531 5626; baseline -0.005 -12"><span class='ocrx_word' id='word_1_788' title='bbox 1958 5561 2214 5616; x_wconf 89' lang='lat' dir='ltr'><strong><em>omnibus</em></strong></span> <span class='ocrx_word' id='word_1_789' title='bbox 2257 5560 2326 5615; x_wconf 88' lang='lat' dir='ltr'><strong><em>ad</em></strong></span> <span class='ocrx_word' id='word_1_790' title='bbox 2366 5559 2518 5614; x_wconf 89' lang='lat' dir='ltr'><strong><em>illum</em></strong></span> <span class='ocrx_word' id='word_1_791' title='bbox 2577 5557 3006 5626; x_wconf 81' lang='lat' dir='ltr'><strong><em>comparandum</em></strong></span> <span class='ocrx_word' id='word_1_792' title='bbox 3039 5555 3104 5609; x_wconf 72' lang='grc'><strong><em>⁸³.</em></strong></span> <span class='ocrx_word' id='word_1_793' title='bbox 3135 5555 3190 5610; x_wconf 92' lang='grc'><em>8.</em></span> <span class='ocrx_word' id='word_1_794' title='bbox 3222 5551 3531 5625; x_wconf 74' lang='lat' dir='ltr'><strong><em>Margarilte</em></strong></span> 
     </span>
    </p>
   </div>
   <div class='ocr_carea' id='block_1_110' title="bbox 1959 5645 3531 5722">
    <p class='ocr_par' dir='ltr' id='par_1_110' title="bbox 1959 5645 3531 5722">
     <span class='ocr_line' id='line_1_110' title="bbox 1959 5645 3531 5722; baseline -0.002 -19"><span class='ocrx_word' id='word_1_795' title='bbox 1959 5652 2469 5722; x_wconf 73' lang='lat' dir='ltr'><strong><em>quoquepretiosae,</em></strong></span> <span class='ocrx_word' id='word_1_796' title='bbox 2503 5665 2623 5721; x_wconf 70' lang='lat' dir='ltr'><strong><em>qua:</em></strong></span> <span class='ocrx_word' id='word_1_797' title='bbox 2645 5649 3005 5705; x_wconf 64' lang='lat' dir='ltr'><strong><em>estimatione</em></strong></span> <span class='ocrx_word' id='word_1_798' title='bbox 3058 5645 3360 5703; x_wconf 87' lang='lat' dir='ltr'><strong><em>antefertur</em></strong></span> <span class='ocrx_word' id='word_1_799' title='bbox 3412 5661 3531 5700; x_wconf 83' lang='lat' dir='ltr'><strong><em>om-</em></strong></span> 
     </span>
    </p>
   </div>
   <div class='ocr_carea' id='block_1_111' title="bbox 1963 5737 3530 5813">
    <p class='ocr_par' dir='ltr' id='par_1_111' title="bbox 1963 5737 3530 5813">
     <span class='ocr_line' id='line_1_111' title="bbox 1963 5737 3530 5813; baseline -0.001 -19"><span class='ocrx_word' id='word_1_800' title='bbox 1963 5743 2122 5796; x_wconf 75' lang='lat' dir='ltr'><strong><em>nibus</em></strong></span> <span class='ocrx_word' id='word_1_801' title='bbox 2152 5743 2316 5797; x_wconf 85' lang='lat' dir='ltr'><strong><em>rebus</em></strong></span> <span class='ocrx_word' id='word_1_802' title='bbox 2336 5742 2450 5813; x_wconf 88' lang='lat' dir='ltr'><strong><em>jam</em></strong></span> <span class='ocrx_word' id='word_1_803' title='bbox 2500 5741 2854 5812; x_wconf 80' lang='lat' dir='ltr'><strong><em>possessis“.</em></strong></span> <span class='ocrx_word' id='word_1_804' title='bbox 2882 5739 2935 5795; x_wconf 92' lang='lat'><strong><em>9.</em></strong></span> <span class='ocrx_word' id='word_1_805' title='bbox 2969 5737 3186 5793; x_wconf 82' lang='lat' dir='ltr'><strong><em>Homini</em></strong></span> <span class='ocrx_word' id='word_1_806' title='bbox 3214 5737 3367 5793; x_wconf 78' lang='lat' dir='ltr'><strong><em>diviti</em></strong></span> <span class='ocrx_word' id='word_1_807' title='bbox 3400 5752 3530 5808; x_wconf 87' lang='lat' dir='ltr'><strong><em>pos-</em></strong></span> 
     </span>
    </p>
   </div>
   <div class='ocr_carea' id='block_1_112' title="bbox 1971 5831 3530 5906">
    <p class='ocr_par' dir='ltr' id='par_1_112' title="bbox 1971 5831 3530 5906">
     <span class='ocr_line' id='line_1_112' title="bbox 1971 5831 3530 5906; baseline -0.002 -18"><span class='ocrx_word' id='word_1_808' title='bbox 1971 5835 2167 5889; x_wconf 84' lang='lat' dir='ltr'><strong><em>sidenti</em></strong></span> <span class='ocrx_word' id='word_1_809' title='bbox 2192 5836 2245 5889; x_wconf 91' lang='lat' dir='ltr'><strong><em>in</em></strong></span> <span class='ocrx_word' id='word_1_810' title='bbox 2277 5851 2377 5891; x_wconf 89' lang='lat' dir='ltr'><strong><em>suo</em></strong></span> <span class='ocrx_word' id='word_1_811' title='bbox 2412 5851 2553 5906; x_wconf 78' lang='lat' dir='ltr'><strong><em>penu</em></strong></span> <span class='ocrx_word' id='word_1_812' title='bbox 2601 5850 2738 5890; x_wconf 78' lang='lat' dir='ltr'><strong><em>nova</em></strong></span> <span class='ocrx_word' id='word_1_813' title='bbox 2765 5843 2817 5898; x_wconf 75' lang='lat' dir='ltr'><strong><em>et</em></strong></span> <span class='ocrx_word' id='word_1_814' title='bbox 2845 5842 3027 5887; x_wconf 82' lang='lat' dir='ltr'><strong><em>vetera</em></strong></span> <span class='ocrx_word' id='word_1_815' title='bbox 3070 5831 3389 5887; x_wconf 81' lang='lat' dir='ltr'><strong><em>assimilavit</em></strong></span> <span class='ocrx_word' id='word_1_816' title='bbox 3435 5846 3530 5885; x_wconf 64' lang='lat' dir='ltr'><strong><em>nov</em></strong></span> 
     </span>
    </p>
   </div>
   <div class='ocr_carea' id='block_1_113' title="bbox 369 5973 3360 6078">
    <p class='ocr_par' dir='ltr' id='par_1_113' title="bbox 369 5973 3360 6078">
     <span class='ocr_line' id='line_1_113' title="bbox 369 5973 3360 6078; baseline -0 -32"><span class='ocrx_word' id='word_1_817' title='bbox 369 5993 410 6078; x_wconf 57' lang='lat' dir='ltr'><strong><em>ii</em></strong></span> <span class='ocrx_word' id='word_1_818' title='bbox 474 5993 658 6051; x_wconf 77' lang='lat' dir='ltr'><strong><em>Matth.</em></strong></span> <span class='ocrx_word' id='word_1_819' title='bbox 719 6011 794 6049; x_wconf 77' lang='lat' dir='ltr'><strong><em>Ix.</em></strong></span> <span class='ocrx_word' id='word_1_820' title='bbox 873 5994 1213 6049; x_wconf 55' lang='lat' dir='ltr'><strong><em>“Mallius.</em></strong></span> <span class='ocrx_word' id='word_1_821' title='bbox 1288 5995 1657 6050; x_wconf 73' lang='lat' dir='ltr'><strong><em>&quot;Lucam&quot;.</em></strong></span> <span class='ocrx_word' id='word_1_822' title='bbox 1736 5993 1781 6028; x_wconf 80' lang='grc'><strong><em>³⁸</em></strong></span> <span class='ocrx_word' id='word_1_823' title='bbox 1809 5992 2003 6052; x_wconf 83' lang='lat' dir='ltr'><strong><em>Matth.</em></strong></span> <span class='ocrx_word' id='word_1_824' title='bbox 2034 6011 2154 6054; x_wconf 74' lang='lat' dir='ltr'><strong><em>xm.</em></strong></span> <span class='ocrx_word' id='word_1_825' title='bbox 2231 5996 2448 6050; x_wconf 87' lang='lat' dir='ltr'><strong><em>&quot;Ibid.</em></strong></span> <span class='ocrx_word' id='word_1_826' title='bbox 2526 5994 2570 6025; x_wconf 72' lang='grc' dir='ltr'><strong><em>(ο</em></strong></span> <span class='ocrx_word' id='word_1_827' title='bbox 2605 5995 2739 6051; x_wconf 87' lang='lat' dir='ltr'><strong><em>Ibid.</em></strong></span> <span class='ocrx_word' id='word_1_828' title='bbox 2822 5997 2863 6028; x_wconf 68' lang='grc' dir='ltr'>θ’</span> <span class='ocrx_word' id='word_1_829' title='bbox 2924 5994 3054 6050; x_wconf 83' lang='lat' dir='ltr'><strong><em>Ibid.</em></strong></span> <span class='ocrx_word' id='word_1_830' title='bbox 3132 5994 3175 6024; x_wconf 71' lang='grc' dir='ltr'><strong><em>ε’</em></strong></span> <span class='ocrx_word' id='word_1_831' title='bbox 3226 5973 3360 6049; x_wconf 76' lang='lat' dir='ltr'><strong><em>Ibid.</em></strong></span> 
     </span>
    </p>
   </div>
   <div class='ocr_carea' id='block_1_114' title="bbox 610 6091 1258 6154">
    <p class='ocr_par' dir='ltr' id='par_1_114' title="bbox 610 6091 1258 6154">
     <span class='ocr_line' id='line_1_114' title="bbox 610 6091 1258 6154; baseline 0.003 -3"><span class='ocrx_word' id='word_1_832' title='bbox 610 6092 883 6153; x_wconf 74' lang='grc' dir='ltr'><em>ιἈτιιοι..</em></span> <span class='ocrx_word' id='word_1_833' title='bbox 933 6091 1050 6152; x_wconf 80' lang='lat' dir='ltr'><strong><em>Gn.</em></strong></span> <span class='ocrx_word' id='word_1_834' title='bbox 1103 6091 1258 6154; x_wconf 65' lang='grc' dir='ltr'><strong><em>(ΣΗ.</em></strong></span> 
     </span>
    </p>
   </div>
   <div class='ocr_carea' id='block_1_115' title="bbox 3139 6089 3175 6148">
    <p class='ocr_par' dir='ltr' id='par_1_115' title="bbox 3139 6089 3175 6148">
     <span class='ocr_line' id='line_1_115' title="bbox 3139 6089 3175 6148; baseline 0 0"><span class='ocrx_word' id='word_1_835' title='bbox 3139 6089 3175 6148; x_wconf 80' lang='grc'>5</span> 
     </span>
    </p>
   </div>
  </div>
