4032 6580
503 452 597 511 123
2008 444 2310 505 JOSEPPI

3644 433 3749 497 140

496 563 668 611 t-tiam
704 556 1021 612 testamenti
1058 557 1204 619 novi,
1227 565 1280 611 et
1306 556 1424 627 ejus
1442 558 1587 627 quod
1616 571 1781 625 penes
1814 554 2070 610 Ιιυιιτευοε

2186 553 2426 624 Ἡρώδου
2455 552 2717 622 πονηρίαν
2753 551 3154 621 ὑποϐαλλούσῃ.
3209 549 3296 610 Ὠς
3317 550 3377 601 οὐ
3418 550 3477 602 τὸ
3507 550 3753 621 είσερχό-

497 663 609 706 erat
648 652 715 705 “3.
758 653 844 704 10.
885 649 1029 703 Usus
1059 659 1143 704 est
1182 650 1538 705 similitudine
1568 650 1745 718 vulpis
1779 648 2068 703 indicantis

496 746 755 798 mahtiam
782 743 1093 797 lict-otiis“.
1126 744 1213 798 H.
1251 743 1459 808 Docuit,
1496 761 1601 797 non
1635 744 1684 797 id
1717 746 1860 812 quod
1901 743 2071 810 ingre-

494 838 662 897 ditur,
696 836 789 889 sed
831 836 976 904 quod
1013 836 1292 904 egreditur
1345 836 1705 904 coinquinare
1751 834 2066 887 hominem:

496 928 597 979 hm-
658 934 781 990 cst,
825 926 1185 995 Cogitationes
1233 942 1297 981 ae
1360 926 1665 979 locutiones
1725 925 1951 979 vitiosas
2000 925 2067 977 ⁸⁸.

496 1022 582 1075 12.
611 1020 697 1093 Est
729 1032 781 1075 ct
810 1019 1212 1074 Pharisaeorum
1251 1017 1668 1081 lermeututn,id
1695 1026 1796 1079 cst,
1840 1016 2065 1079 tnalitia,

494 1131 614 1183 qua:
654 1124 703 1166 et
729 1112 865 1166 alios
893 1113 1063 1165 malos
1090 1111 1333 1167 cﬂicil“.
1376 1111 1457 1163 15.
1480 1109 1733 1163 Ostensio
1758 1124 2069 1177 puerorum,

497 1204 566 1258 ad
633 1204 941 1258 innuendos
1006 1201 1283 1271 simplices
1342 1199 1727 1253 salvandorum
1778 1213 1959 1251 mores
2005 1198 2069 1249 °’.

500 1297 591 1351 H.
621 1294 910 1365 inquisitio
926 1294 1041 1347 ovis
1065 1292 1223 1345 unius
1240 1292 1484 1361 pcrditze,
1501 1306 1621 1358 qua:
1654 1290 1830 1342 innuit
1850 1289 2072 1341 humani

495 1389 709 1457 generis
767 1387 995 1441 salutem
1031 1385 1095 1437 ⁸⁸.
1152 1384 1235 1437 l5.
1262 1382 1526 1437 Parabola
1578 1384 1643 1436 de
1680 1398 1744 1435 eo
1793 1383 1884 1450 qui
1943 1396 2072 1434 ron-

493 1490 714 1534 secutus
767 1488 847 1531 est
878 1478 1085 1533 veniam
1135 1474 1429 1529 multorum
1460 1484 1806 1544 peccatorum
1852 1474 2074 1527 animo

494 1586 620 1635 suo,
660 1580 715 1623 at
744 1570 857 1640 ipse
884 1569 1162 1623 etitt~ervis
1197 1567 1311 1622 suis
1338 1581 1446 1621 non
1493 1566 1701 1621 remisit
1741 1580 1903 1634 parva
1950 1577 2073 1633 qua:

495 1664 633 1717 inse
659 1662 1060 1717 commiserunt
1086 1669 1307 1729 peccata
1338 1660 1403 1713 ".
1451 1659 1540 1712 16.
1583 1658 1761 1711 Altera
1796 1657 1861 1710 de
1902 1655 2073 1709 servis

498 1755 687 1808 missis
717 1755 781 1806 al
826 1753 1125 1821 exigendos
1188 1750 1397 1805 huctus
1447 1754 1615 1804 vincte
1642 1759 1695 1804 et
1744 1748 2072 1803 contumelia

496 1850 704 1903 allectis
740 1857 898 1916 atque
938 1847 1169 1909 ocetsis;
1204 1854 1258 1898 et
1288 1845 1355 1900 de
1382 1844 1492 1898 tilio
1515 1859 1611 1912 pro
1638 1843 1828 1896 eadem
1890 1856 1948 1895 re
1982 1854 2069 1893 rea

2182 658 2366 715 μενον,
2400 643 2534 696 ἀλλά
2567 642 2627 695 τὸ
2652 642 3009 713 ἐξερχόμενον
3063 641 3280 710 μολύνει
3307 642 3401 693 τὸν
3443 640 3754 711 ἄνθρωπον,

2178 736 2400 801 ὄὲστιν,
2445 737 2499 788 αί
2534 736 2631 804 τῆς
2671 734 2867 796 κακίας
2912 734 3111 787 ἔννοιαι
3167 735 3262 787 καὶ
3316 733 3485 801 λόγοι.
3535 732 3598 786 Ἥ
3648 735 3752 786 τῶν

2177 829 2491 899 Φαρισαίων
2527 829 2696 898 ζύμη,
2740 827 3018 879 τουτέστιν
3058 828 3090 895 ή
3130 828 3450 897 πονηρία,ή
3504 827 3597 879 καὶ
3632 828 3755 889 τοὺς

2179 920 2371 983 ἄλλους
2399 919 2719 984 κακίζουσα.
2751 919 2817 972 Ἦ
2846 919 2955 971 τῶν
2984 920 3214 972 παιδίων
3247 918 3588 985 παράδειξις,
3620 920 3757 987 πρὸς

2178 1012 2239 1065 τὸ
2260 1013 2461 1065 ἁπλοῦν
2495 1012 2603 1066 τῶν
2651 1012 2975 1081 σωζομένων
3002 1013 3223 1081 τρόπον.
3273 1013 3333 1063 Ἡ
3366 1011 3461 1064 τοῦ
3484 1010 3759 1065 ἀπολωλό·

2178 1123 2268 1168 τος
2292 1107 2409 1168 ἑνὸς
2438 1105 2717 1177 προϐάτου
2748 1106 2998 1176 ζήτησις,
3030 1105 3129 1175 τὴν
3150 1081 3460 1172 τοῦσγένους
3512 1104 3621 1157 τῶν
3669 1107 3759 1156 ἀν-

2181 1197 2416 1269 θρώπων
2441 1197 2801 1251 ὑποδεικνύσα
2834 1196 3127 1267 σωτηρίαν.
3147 1197 3212 1249 Ἠ
3247 1195 3339 1250 τοῦ
3352 1195 3603 1265 τυχόντος
3628 1196 3759 1247 πολο

2181 1289 2288 1342 λῶν
2319 1290 2713 1361 πλημμελειῶν
2752 1291 2903 1359 παρά
2942 1290 3035 1343 τοῦ
3090 1290 3349 1342 δεσπότου
3390 1288 3488 1359 τὴν
3538 1287 3757 1356 ἄφεσιν.

2181 1381 2343 1435 αὑτοῦ
2369 1382 2423 1434 δὲ
2454 1385 2527 1452 μὴ
2559 1382 2810 1450 ἀφιέντος
2838 1384 2951 1445 τοῖς
2987 1381 3293 1443 συνδούλοις
3323 1381 3421 1443 τὰς
3464 1381 3545 1444 εἰς
3596 1380 3760 1433 αὑτὸν

2187 1474 2388 1545 μικρὰς
2411 1475 2709 1545 ἁμαρτίας.
2737 1475 2949 1527 Δούλων
2968 1473 3386 1528 ἀποσταλέντων
3411 1472 3504 1525 ἐπὶ
3527 1475 3591 1542 τῇ
3648 1470 3759 1524 τῶν

2182 1566 2415 1638 καρπῶν
2448 1567 2607 1636 λήψει
2631 1567 2723 1620 τοῦ
2755 1567 3102 1636 ἀμπελῶνος,
3129 1569 3221 1619 καὶ
3267 1565 3636 1636 ὑδρισθέντων
3667 1566 3762 1617 καὶ

2182 1657 2573 1727 φονευθέντων,
2610 1660 2704 1711 καὶ
2745 1657 2837 1711 τοῦ
2866 1658 2981 1711 υίοῦ
3035 1659 3115 1720 είς
3153 1656 3311 1711 τοῦτο
3343 1656 3615 1721 ἐλθόντος,
3666 1657 3761 1710 καὶ

2180 1752 2250 1805 τὰ
2280 1752 2370 1804 ἶσα
2395 1750 2548 1823 παρά
2578 1752 2687 1803 τῶν
2714 1751 3046 1819 ἀγνωμόνων
3082 1750 3194 1811 τοῖς
3223 1748 3431 1811 δούλοις
3489 1748 3761 1801 πεπονθό-

2186 1862 2299 1908 τος.
2341 1845 2405 1897 Ἡ
2436 1845 2543 1899 τῶν
2573 1844 2680 1899 ἀπὸ
2709 1842 2931 1915 πρώτης
2963 1843 3109 1911 ῶρας
3132 1883 3147 1909 ,
3167 1843 3260 1897 καὶ
3293 1842 3504 1913 τρίτης,
3537 1842 3632 1895 καὶ
3670 1842 3763 1894 Ex-

498 1943 755 2005 uienti,et
784 1956 895 2009 part
924 1940 1085 1992 modo
1104 1948 1264 2006 atque
1288 1936 1430 1991 servi
1452 1938 1518 1989 ab
1552 1932 2067 2005 ingratisaﬂecto".

2183 1956 2275 2010 της
2300 1939 2395 1992 καὶ
2446 1939 2698 2009 ὲννάτης,
2730 1940 2824 1991 καὶ
2859 1936 2995 2008 πρὸς
3054 1937 3294 2007 ἑσπέραν
3330 1936 3412 1999 είς
3450 1936 3548 2005 τὴν
3584 1936 3758 2004 ἐργα-

496 2032 586 2085 17.
632 2032 893 2084 l‘arabola
949 2044 1137 2083 eorum
1192 2028 1285 2096 qui
1330 2027 1580 2080 mercede
1625 2025 1878 2079 conducti
1921 2022 2072 2077 missi

492 2134 621 2178 sunt
648 2124 713 2176 ad
773 2121 1130 2175 laborandum
1172 2120 1223 2172 in
1278 2120 1458 2183 vinea,
1495 2120 1622 2171 hora
1653 2118 1847 2187 prima,
1887 2126 1936 2170 et
1968 2126 2075 2169 ter-

492 2215 587 2280 tia,
615 2222 669 2269 et
700 2225 873 2276 sexta,
908 2223 960 2265 et
989 2227 1134 2264 ιιυιιίι
1166 2220 1219 2263 et
1260 2210 1361 2264 sub
1398 2225 1678 2280 vesperam
1712 2210 1778 2261 τι.
1820 2210 1903 2263 18.
1942 2207 2073 2261 Item

495 2306 719 2377 rcjcctio
744 2321 932 2360 eorum
976 2306 1067 2373 qtti
1124 2304 1191 2357 ad
1238 2302 1459 2372 nuptias
1512 2302 1691 2356 vocati
1716 2301 2076 2368 ,fuerantmrc

494 2406 880 2463 occurrerunt;
932 2399 1253 2465 vocatioque
1310 2412 1499 2451 eorum
1542 2396 1635 2464 qui
1693 2394 1931 2448 vicissim
1993 2394 2077 2446 in-

494 2494 643 2547 ducti
674 2490 979 2546 fuerttntde
999 2489 1236 2542 exitibus
1259 2497 1314 2542 et
1342 2488 1517 2542 triviis
1551 2488 1617 2539 τ’.
1652 2487 1738 2542 19.
1773 2486 2075 2555 Repudium

493 2585 614 2655 ejus
632 2584 721 2655 qui
740 2584 921 2637 minus
951 2582 1144 2635 decore
1168 2580 1234 2633 ad
1262 2580 1477 2649 nuptias
1507 2578 1811 2634 venerat".
1851 2577 1939 2631 20.
1980 2578 2075 2632 De-

495 2693 613 2731 cem
674 2675 942 2744 virginum
991 2684 1303 2744 paratarum
1338 2683 1390 2726 et
1447 2673 1836 2739 itnparatarum
1879 2671 2071 2725 obvia-

497 2771 572 2824 tio
598 2770 665 2823 7‘.
699 2768 790 2822 21.
826 2769 1093 2822 Acrrssos
1129 2768 1521 2835 negotiantium
1556 2780 1992 2827 (ncononmrum,
2025 2773 2079 2817 et

492 2863 821 2918 lucrantium
861 2878 923 2914 ex
949 2861 1147 2930 opibus
1184 2860 1325 2921 heri,
1361 2850 1525 2929 atque
1562 2858 1767 2912 idcirco
1800 2872 2081 2910 commen-

492 2956 747 3010 daturum
795 2972 808 3007 :
847 2954 1005 3007 otiosi
1036 2954 1163 3007 item
1216 2962 1270 3006 et
1324 2952 1650 3005 infructuosi
1685 2950 1977 3020 ignominia
2010 2949 2077 3002 ⁷⁸.

492 3048 584 3101 22.
615 3047 918 3102 Collocatio
954 3046 1137 3098 ovium
1167 3044 1234 3097 ad
1257 3044 1539 3099 dexteram
1571 3052 1625 3098 et
1663 3044 1729 3096 ad
1763 3042 2076 3108 sinistram;

495 3142 714 3195 ilarutn
773 3134 996 3210 quidem
1052 3136 1313 3209 gloriosa,
1368 3137 1559 3191 harum
1604 3152 1735 3191 vero
1791 3145 2079 3190 contume-

493 3232 633 3288 liosa
670 3234 736 3285 ⁷⁵.
779 3232 871 3286 ‘25.
915 3230 1171 3286 Ostensio
1216 3229 1337 3300 ejus
1385 3232 1477 3299 qui
1506 3228 1697 3283 incidit
1728 3229 1780 3281 itt
1818 3228 2078 3292 latrones,

499 3334 555 3379 et
614 3340 643 3379 a
714 3322 1063 3378 Samaritano
1107 3322 1542 3377 misericordiam
1594 3329 1678 3375 est
1728 3330 2076 3386 consecutus,

497 3433 596 3472 nec
632 3426 812 3471 tamen
866 3426 1194 3471 consecutus
1261 3413 1442 3469 fuerat
1485 3430 1515 3468 a
1547 3412 1826 3469 Pharisaeo
1867 3414 1949 3468 vel
1978 3412 2077 3467 Le-

495 3510 607 3563 vita
664 3509 741 3562 ⁷⁷.
805 3508 895 3561 ‘24.
931 3506 1197 3561 Parabola
1239 3507 1357 3575 ejus
1418 3506 1512 3575 qui
1572 3506 1625 3559 in
1683 3514 1841 3560 nocte
1880 3520 2075 3576 panem

2178 2031 2299 2084 σίαν
2330 2030 2425 2084 τοῦ
2446 2030 2764 2099 ἀμπελῶνος
2786 2029 3077 2098 ἐπίμισθον
3104 2027 3512 2098 κομισαμένων.
3559 2027 3621 2079 Ἦ
3651 2025 3761 2079 τῶν

2176 2125 2256 2187 εἰς
2281 2124 2407 2186 τοὺς
2448 2124 2657 2192 γάμους
2692 2119 3031 2190 κληθέντων,
3064 2119 3159 2170 καὶ
3203 2117 3277 2188 μὴ
3327 2116 3764 2184 ἀπαντησάντων

2177 2214 2443 2284 ἀποϐολὴ,
2472 2215 2567 2267 καὶ
2616 2214 2724 2267 τῶν
2751 2212 3214 2281 ἀντεισαχθέντων
3257 2214 3320 2264 ὲκ
3353 2210 3605 2276 διεξόδων
3663 2209 3761 2261 καὶ

2176 2305 2402 2375 τριόδων
2426 2304 2641 2375 κλῆσις.
2680 2304 2742 2356 Ἡ
2766 2304 2858 2356 τοῦ
2890 2305 2963 2374 μή
3003 2305 3322 2374 πρεπόντως
3347 2304 3766 2371 ἀπαντήσαντος

2179 2397 2407 2459 εῑςτοῦς
2430 2396 2642 2466 γάμους
2692 2395 2911 2466 ἐκϐολή.
2986 2395 3049 2447 'H
3113 2396 3223 2449 τῶν
3289 2395 3421 2448 δέκα
3472 2394 3763 2465 παρθένων

2177 2491 2394 2562 ἕτοιμος
2424 2493 2523 2545 καὶ
2560 2492 2848 2562 ἀνετοιμος
2903 2490 3230 2560 ἀπάντησις.
3297 2490 3359 2544 Ἢ
3389 2490 3498 2544 τῶν
3521 2488 3765 2561 ἐνεργῶν

2179 2586 2498 2655 οἰκονόμων,
2550 2585 2647 2637 καὶ
2698 2584 3048 2654 πορισάντων
3098 2585 3177 2647 εἰς
3218 2582 3289 2637 τὰ
3345 2582 3441 2635 τοῦ
3497 2582 3763 2635 δεσπότου

2180 2679 2465 2749 χρήματα,
2491 2677 2939 2747 ἀπάντησις,’καὶ
2963 2676 3053 2730 διὰ
3089 2676 3247 2730 τοῦτο
3278 2676 3633 2746 τιμωμένων,
3667 2675 3767 2729 καὶ

2180 2772 2214 2841 ή
2246 2768 2338 2823 τοῦ
2370 2768 2542 2840 ἀργοῦ
2577 2770 2673 2822 καὶ⁵
2713 2769 3011 2840 ἁπορίστου
3066 2769 3283 2838 ἀτιμία.
3331 2768 3395 2821 Ἠ
3424 2767 3533 2820 τῶν
3565 2770 3630 2821 ὲκ
3672 2766 3729 2821 δε
3753 2797 3767 2808 ο

2183 2862 2312 2929 ξιῶν
2346 2862 2634 2934 προϐάτων
2684 2862 2776 2915 καὶ
2809 2861 2918 2915 τῶν
2948 2860 3007 2926 ἐξ
3034 2862 3357 2932 εὐωνύμων,
3388 2860 3501 2914 τῶν
3541 2862 3641 2932 μὲν
3678 2861 3766 2913 Ev-

2181 2959 2350 3024 δοξος,
2391 2959 2500 3012 τῶν
2528 2958 2585 3012 δὲ
2618 2959 2705 3011 ἐπ’
2734 2957 2923 3029 ἀδοξία
2951 2958 3321 3028 παράστασις.
3366 2957 3430 3009 Ἢ
3461 2957 3557 3009 τοῦ
3586 2959 3767 3027 ὲμπε-

2183 3052 2365 3114 σόντο;
2392 3053 2471 3108 είς
2500 3052 2627 3114 τοὺς
2666 3051 2889 3125 λῃστὰς,
2933 3052 3026 3103 καὶ
3054 3050 3159 3103 ὑπὸ
3207 3049 3551 3119 Σαμαρείτου
3608 3048 3769 3118 ἐλεη-

2183 3145 2390 3210 θέντος,
2427 3145 2501 3215 μὴ
2536 3143 2855 3214 ἐλεηθέντος
2886 3142 2943 3197 δὲ
2992 3143 3097 3197 ὑπὸ
3134 3143 3430 3215 Φαρισαίου
3462 3146 3555 3197 καὶ¹
3605 3142 3769 3196 Λευῖ-

2182 3255 2298 3303 του,
2329 3236 2623 3302 ὑπόδειξις.
2661 3236 2725 3288 Ἦ
2754 3235 2849 3288 τοῦ
2873 3238 2930 3289 ὲν
2954 3237 3114 3288 νυκτὶ
3138 3235 3229 3287 τὸν
3280 3235 3443 3304 ἄρτον
3486 3232 3769 3296 αἰτοῦντος

2108 3294 2149 3352 C
2182 3294 2397 3399 ﬁzi'tip;
2428 3294 2747 3397 παρανόμου
2797 3326 3231 3399 ὲκλιπαρήσεως,
3252 3294 3433 3396 λῆξις.
3458 3326 3522 3377 Ἦ
3545 3324 3708 3393 συκῆ,

2183 3418 2275 3473 διὰ
2304 3418 2584 3488 ἀκαρπίαν
2615 3419 2688 3488 μή
2710 3416 3066 3488 ὲκτμηθεῖσα,
3095 3416 3327 3471 ἀλλ’ἵνα
3351 3416 3562 3484 καρπὸν
3583 3419 3770 3486 ἀγάγῃ

2182 3515 2274 3565 ἐπὶ
2306 3512 2600 3581 ὑποσχέσει
2656 3511 2910 3580 μείνασα.
2956 3510 3013 3562 'U
3043 3511 3239 3581 κριτὴς
3273 3511 3301 3561 ὁ
3335 3509 3641 3581 ἀνευλαϐὴς
3674 3511 3774 3563 καὶ

2176 3601 2535 3674 ἀναιδὴς,διά
2556 3600 2687 3671 γοῦν
2732 3602 2792 3655 τὸ
2843 3601 3144 3672 ὀχλεῖσθαι,
3198 3603 3298 3672 τῆς
3346 3601 3773 3672 προσοχλούσης

2175 3697 2344 3767 χήρας
2377 3694 2638 3755 άκούσαξ.
2680 3694 2743 3748 'll
2787 3694 2882 3746 τοῦ
2914 3694 3173 3763 εὐγενοῦς
3218 3696 3312 3747 ἐπὶ
3368 3694 3645 3764 βασιλείας
3674 3694 3773 3763 λή-

2176 3792 2267 3859 ψει
2294 3790 2373 3851 είς
2404 3787 2620 3859 μακρὰν
2646 3787 2957 3857 ἀποδημίαν
2976 3786 3327 3859 [ἀποδημίαι
3364 3789 3457 3840 καὶ
3482 3786 3590 3839 τῶν
3624 3802 3779 3855 παρα

2180 3879 2517 3950 αιτουμένων
2550 3878 2713 3933 αὐτὸν
2742 3881 2799 3933 ὲν
2836 3883 2904 3951 τῇ
2954 3880 3051 3949 τῆς
3085 3880 3361 3950 βασιλείας
3394 3878 3575 3949 λήψει,
3611 3880 3773 3933 ἀναί-

2184 3988 2353 4042 ρεσις.
2394 3968 2451 4022 Ὀ
2483 3970 2710 4040 ποιμὴν,
2737 3971 2765 4021 ὁ
2816 3970 2905 4022 διὰ
2956 3970 3057 4039 τῆς
3115 3968 3285 4041 θύρας
3314 3969 3500 4023 εἰσιὼν
3531 3973 3611 4032 εἰς
3662 3972 3769 4039 τὴν

2187 4064 2450 4136 μάνδραν,
2476 4062 2573 4116 καὶ
2595 4065 2663 4116 τὰ
2692 4061 2937 4134 πρόόατα
2986 4062 3107 4115 κατ’
3141 4062 3312 4133 ὄνομα
3359 4062 3562 4123 καλῶν,
3595 4062 3693 4115 καὶ
3745 4063 3779 4113 ό

498 4158 625 4211 bilis
684 4158 750 4211 ad
793 4158 1176 4226 accipiendum
1206 4172 1432 4226 regnum
1480 4171 1705 4225 ptregre
1732 4156 1872 4208 facta
1900 4160 2075 4224 proh:-

2189 4158 2263 4229 μὴ
2290 4158 2375 4211 διὰ
2404 4157 2505 4224 τῆς
2532 4156 2723 4228 θύρας,
2746 4156 2883 4210 άλλά
2908 4155 3227 4226 ἀλλαχόθεν,
3260 4155 3498 4225 κλέπτης
3520 4154 3619 4217 ὣν,
3646 4157 3768 4207 ἐπιο

496 4250 626 4316 ctio,
661 4259 713 4304 et
745 4250 1019 4309 excidium
1044 4264 1259 4314 eorum,
1289 4248 1381 4318 qtti
1424 4246 1572 4301 illunt
1607 4247 1962 4316 repudiarunt
2024 4248 2076 4300 in
2186 4247 2407 4302 ϐαίνων.

495 4346 841 4416 sns‘Ceptione
892 4347 1041 4415 regni
1091 4348 1159 4399 ⁸¹.
1203 4345 1294 4399 ‘28.
1337 4344 1530 4398 Pastor
1566 4386 1580 4409 ,
1623 4345 1714 4413 qui
1763 4360 1856 4414 per
1915 4346 2075 4398 nstitit

2185 4345 2486 4415 ingreditur
2517 4346 2570 4399 in
2620 4348 2868 4409 caulam,
2919 4360 3158 4415 ovesque
3209 4345 3529 4399 nominatim
3593 4354 3782 4397 vocat.

496 4450 549 4494 et
580 4441 646 4505 is,
686 4440 771 4492 cui
805 4455 931 4493 cum
970 4440 1109 4494 latro
1145 4438 1237 4503 sit,
1270 4436 1491 4491 aliunde
1519 4437 1823 4506 ingreditur
1853 4447 1907 4489 et
1961 4455 2068 4491 non
2140 4453 2234 4507 per
2266 4447 2479 4507 portam
2505 4439 2570 4492 ⁸³.

498 4549 653 4605 CAP.
686 4549 1041 4633 CXX.\:|ll..-—
1095 4549 1333 4633 Quorum
1381 4559 1720 4630 externorum
1755 4550 2075 4633 testimonio-

2192 4549 2443 4633 ΚΕΦᾼΛ..
2484 4550 2757 4633 ΙξΛΓἍ-
2788 4551 2981 4633 [ἵκων
3012 4550 3131 4606 τῶν
3165 4553 3388 4633 ξξωθεν
3432 4551 3794 4633 μᾳμτιῃοιιίν

498 3601 760 3671 petebat,
814 3609 867 3655 et
947 3608 1166 3669 propter
1244 3599 1613 3668 importunam
1692 3598 2073 3654 assiduitatem

498 3692 708 3763 accepit
754 3692 820 3745 ⁷⁸.
863 3690 1256 3754 25.Ficulnea,
1290 3706 1411 3760 qua:
1448 3703 1668 3761 propter
1715 3690 2075 3745 infecundita-

500 3794 605 3839 tem
639 3784 874 3838 nonfuit
907 3784 1111 3849 excisa,
1139 3784 1234 3838 sed
1271 3782 1461 3837 relicta
1506 3785 1607 3837 sub
1657 3783 2068 3853 pollicitatione,

501 3887 559 3931 ut
594 3876 832 3931 fructum
865 3876 1027 3931 faciat
1060 3876 1132 3929 '9.
1176 3874 1265 3929 26.
1304 3872 1479 3929 Judex
1526 3875 1865 3946 irreligiosus
1898 3884 1951 3928 ιι
1990 3875 2073 3927 in-

499 3972 866 4035 verecundus,
889 3972 980 4041 qui
1019 3972 1210 4025 saltem
1241 3969 1434 4034 audiit,
1479 3979 1765 4038 preptcrea
1800 3969 1945 4035 quod
1993 3968 2074 4020 vi-

498 4067 605 4120 tlna
637 4065 949 4136 apudillum
985 4066 1294 4134 importune
1338 4063 1572 4118 instabat
1602 4062 1672 4117 3°.
1711 4062 1801 4117 27.
1836 4061 1942 4115 Viri
1980 4077 2077 4114 no-

683 4638 796 4672 rnnt
852 4621 1051 4673 I’attlns
1102 4618 1370 4688 apostolus
1414 4620 1725 4672 mentionem
1753 4619 1905 4687 facit.

577 4734 817 4787 Causam
850 4732 1039 4788 diCCltS
1087 4733 1315 4787 Athenis
1348 4749 1452 4802 pro
1502 4731 1839 4786 defcndrnda
1894 4732 2087 4801 pra-di-

502 4827 716 4880 catione
748 4826 916 4892 verbi,
954 4828 1029 4879 ait
1064 4845 1075 4879 :
1114 4825 1180 4880 Ut
1203 4838 1248 4881 et
1279 4828 1499 4897 quidam
1528 4839 1694 4895 poetw
1741 4830 1897 4879 vestri
1937 4826 2086 4879 dixe-

506 4930 627 4971 runt
674 4935 691 4972 :
730 4916 887 4972 [flius
931 4936 973 4973 et
1006 4936 1167 4990 genus
1215 4920 1315 4987 ipsi
1360 4936 1565 4973 sumus.
1603 4919 1782 4989 Atque
1836 4920 2085 4973 scribens

506 5009 631 5065 'l‘ito
681 5014 861 5083 agenti
900 5014 950 5067 in
1000 5015 1179 5079 theta,
1219 5013 1296 5067 ait
1329 5031 1341 5067 :
1376 5011 1523 5065 Dixit
1561 5012 1780 5083 quidam
1822 5029 1889 5065 ex
1933 5013 2081 5081 ipsis,

505 5104 815 5172 aptissimus
848 5104 955 5158 illis
995 5105 1245 5174 propheta
1278 5122 1297 5160 :
1330 5105 1603 5159 Cretenses
1637 5121 1838 5175 semper
1867 5105 2088 5157 menda-

506 5216 608 5262 res,
649 5199 803 5251 multo
852 5200 1013 5267 ferae,
1070 5210 1271 5253 centre;
1305 5200 1519 5253 inertes.
1575 5198 1837 5253 Dominus
1871 5212 2091 5268 quoque

511 5309 640 5348 usus
674 5303 757 5348 est
807 5294 1167 5350 similitudine
1197 5294 1439 5349 exterius
1482 5294 1774 5358 accersita,
1801 5293 1995 5347 dicens
2024 5292 2091 5347 ad

512 5381 824 5438 Nazarenos
864 5401 879 5437 :
917 5382 1143 5437 Omnino
1176 5384 1362 5439 dicetis
1402 5384 1530 5436 milii
1579 5383 1715 5436 hanc
1768 5382 2090 5437 similitudi-

576 5541 623 5571 «³
666 5541 851 5595 Matth.
889 5557 1008 5594 xm.
1085 5541 1132 5570 “
1163 5540 1352 5594 Matth.
1386 5558 1414 5591 v
1443 5550 1494 5594 t-t
1524 5540 1657 5595 Luc.
1697 5557 1812 5594 xui.

510 5628 663 5665 xvttt.
770 5613 1019 5665 7"lilatth.
1053 5628 1161 5665 xvi.
1240 5613 1281 5643 '“
1311 5611 1498 5665 Matth.
1535 5629 1603 5665 xx

513 5698 569 5735 α.
643 5682 689 5713 ⁷⁸
738 5681 868 5739 Luc.
918 5687 996 5738 {\t.
1073 5686 1116 5715 ⁷⁹
1152 5681 1343 5737 Matth.
1384 5700 1459 5736 st.
1534 5681 1580 5714 ⁸⁸
1630 5682 1759 5738 Luc.
1829 5699 1982 5740 xvttt.

586 5836 696 5903 (60)
730 5798 1057 5893 Είειιιιιιιιρ
1089 5850 1139 5894 ct
1174 5837 1352 5894 Arato.
1389 5838 1553 5894 Fann.
1589 5839 1730 5894 Bibl.
1759 5839 1850 5895 Cr.
1886 5841 1982 5896 lib.
2012 5858 2093 5908 ttt,

512 5924 637 5979 cap.
684 5908 845 5979 15,1».
888 5910 1011 5964 537.

1894 5543 1938 5572 “
1967 5539 2157 5595 Matth.
2182 5557 2268 5595 XV.

1704 5614 1749 5643 ⁷²
1778 5611 1968 5666 Matth.
2014 5627 2146 5667 xxn.

2059 5683 2103 5714 ⁸⁸
2170 5681 2302 5739 Luc.
2343 5700 2453 5738 xix.

2336 4622 2368 4674 ὁ
2398 4620 2745 4687 ἀπόστολος
2779 4622 3020 4688 Παῦλος
3060 4625 3312 4693 μνήμην
3356 4625 3632 4677 ποιεῖται.

2272 4734 2737 4806 ’Δπολογούμενος
2766 4738 2826 4790 ἐν
2863 4736 3117 4809 Ἀθήναις
3150 4739 3279 4809 περὶ
3330 4738 3423 4791 τοῦ
3473 4738 3796 4808 κηρύγμα-

2188 4845 2278 4892 τος
2312 4830 2403 4883 τοῦ
2440 4830 2623 4898 λόγου,
2655 4831 2822 4902 φησιν
2848 4847 2861 4862 ·
2911 4832 2965 4885 Ὠ
2989 4834 3090 4887 καί
3119 4851 3277 4901 τινες
3310 4833 3428 4887 τῶν
3458 4835 3588 4889 καθ’
3625 4836 3803 4903 ὑμᾶς

2188 4922 2452 4989 ποιητῶν⁴
2468 4924 2743 4991 εἰρήκασι
2777 4924 2887 4995 (60)
2910 4940 2923 4953 °
2960 4925 3070 4980 Τοῦ
3090 4927 3198 4996 γὰρ
3231 4927 3328 4980 καί
3360 4929 3536 4996 γένος
3564 4928 3799 4999 ἐσμέν.

2198 5015 2305 5067 Καὶ
2353 5015 2497 5085 Ὶίτῳ
2550 5018 2778 5087 γράφων
2812 5020 2869 5070 ἐν
2908 5022 2971 5089 τῇ
3017 5021 3208 5090 Κρήτῃ
3258 5020 3532 5089 διάγοντι,
3570 5024 3751 5091 φησιν
3786 5040 3803 5053 -

2199 5103 2348 5160 Εἷπέ
2382 5122 2472 5172 τις
2501 5106 2569 5169 ἐξ
2597 5107 2815 5171 αὐτῶν,
2846 5108 2996 5175 ἴδιος
3022 5108 3223 5163 αὐτῶν
3244 5111 3560 5179 προφήτης
3583 5125 3598 5139 ’
3624 5111 3809 5180 Κρῆ-

2198 5216 2297 5264 τες
2318 5198 2407 5252 ἀεὶ
2432 5198 2713 5264 ψεῦσται,
2740 5204 2893 5254 κακὰ
2914 5201 3108 5269 θηρία,
3139 5203 3426 5271 γαστέρες
3450 5204 3626 5271 ἀργαί
3646 5204 3809 5274 (61).

2200 5290 2363 5344 Καὶό
2396 5290 2597 5360 Κύριος
2644 5291 2699 5343 δὲ
2752 5294 3027 5363 ἐχρήσατο
3072 5294 3360 5366 παραὸιλῇ
3415 5299 3481 5365 τῇ
3534 5294 3755 5360 ἔξωθεν
3785 5338 3806 5359 ,

2199 5382 2368 5437 εἰπὼν
2402 5384 2538 5455 πρὸς
2568 5384 2693 5448 τοὺς
2728 5387 2785 5436 ὲν
2811 5386 3063 5456 Ναζαρέθ
3095 5404 3107 5418 ⁸
3152 5387 3399 5455 Πάντως
3446 5389 3638 5457 ἐρεῖτέ
3682 5410 3814 5459 μοι

2348 5544 2391 5572 ⁶⁶
2425 5542 2558 5596 Ibid.

2224 5614 2270 5644 ⁷³
2296 5613 2428 5667 ibid.

3520 5548 3564 5579 ⁶⁹
3592 5546 3816 5605 Matth.

3576 5620 3619 5649 ττ
3648 5617 3818 5677 Luc.

3140 5546 3183 5577 ⁸⁸
3202 5545 3334 5599 Luc.
3355 5563 3441 5600 xv.

3024 5618 3217 5672 "Ibid.
3296 5620 3338 5647 7"
3363 5619 3496 5673 Ibid.

2636 5544 2679 5573 "
2706 5542 2869 5596 Matth
2912 5560 3062 5599 M’lli.

2508 5612 2549 5643 ⁷⁸⁸
2582 5613 2771 5667 Matth.
2807 5630 2932 5669 xxv.

2532 5684 2733 5738 “’Jnan
2776 5702 2828 5739 Χ.

2281 5844 2393 5915 (61)
2428 5840 2795 5912 ἰίρίιιιριιὶιιρε,
2831 5840 2969 5898 Bibl.
3009 5844 3100 5902 Gr.
3131 5844 3170 5915 l,
3203 5861 3322 5919 cap.
3366 5846 3419 5915 6,
3451 5864 3576 5919 pag.
3610 5848 3720 5904 56.
