4050 6660
276 496 368 563 lli

1438 484 1810 550 LIBELLUS
1850 480 2349 544 MEMORIALIS.

3425 472 3525 537 142

274 608 386 676 τὴν
405 604 763 676 παραϐολὴν
781 605 1006 673 ταύτην
1020 621 1034 636 ο
1064 600 1265 672 Ἰατρέ,
1276 600 1655 671 θεράπευσον
1665 616 1848 653 σεαυ-

1968 613 2068 651 tem
2102 610 2120 649 :
2152 595 2376 661 Mediae,
2417 610 2546 647 cura
2594 600 2642 647 te
2692 592 2864 662 ipsum
2894 590 2962 645 ⁸³.
2997 588 3197 646 Paulus
3232 588 3395 643 etiam
3431 605 3528 660 pro

278 699 401 753 τόν.
437 698 548 752 Καὶ
585 701 650 768 τῇ
680 700 957 768 ἐπιγραφῇ
994 700 1059 767 τῇ
1088 698 1145 749 ἐν
1174 694 1251 765 τῷ
1280 691 1448 764 βωμῴ
1475 691 1552 762 τῷ
1585 692 1643 744 ἐν
1686 689 1850 760 Ἀθή-

276 808 412 856 ναις,
450 791 479 843 6
510 789 744 857 Παῦλος,
780 790 977 861 ἐχούσῃ
998 805 1012 819 ’
1061 788 1372 858 Ἀγνώστῳ
1400 785 1543 851 Θεῷ,
1575 786 1852 856 ἐχρήσατο

277 883 578 955 μαρτυρίᾳ,
614 885 717 937 Ὃν
746 879 861 938 οὖν
900 882 1267 952 ἀγνοοῦντες
1302 880 1625 941 εὐσεϐεῖτε,
1655 877 1849 946 λέγων,

277 975 491 1029 τοῦτον
521 975 637 1045 ἐγὼ
664 974 1055 1046 καταγγέλλω
1084 972 1248 1043 ὑμῖν.

277 1090 527 1145 ΚΕΦΑΛ.
552 1090 717 1143 ΡΛΔ’.
741 1119 811 1129 -
830 1089 1016 1141 Πόσοι
1053 1087 1321 1141 Ἰάκωϐοι
1349 1086 1417 1140 ἐν
1445 1086 1570 1152 τοῖς
1595 1085 1854 1139 ἀποστό-

804 1162 939 1224 λοις
979 1159 1323 1228 γεγόνασιν.

362 1273 619 1338 Ἰάκωόος
647 1276 675 1327 6
698 1274 790 1328 τοῦ
828 1274 1076 1327 Ἰωάννου
1102 1271 1351 1341 ἁδελφὸς,
1377 1271 1489 1334 υἱὸς
1514 1270 1852 1333 Ζεϐεδαίου,

278 1364 337 1418 ὃν
388 1366 483 1418 καὶ
538 1366 748 1419 ἀνεῖλεν
823 1363 1073 1435 Ἡρώδης
1131 1363 1491 1434 χαριζόμενος
1560 1361 1851 1426 Ἰουδαίοις.

291 1456 548 1519 Ἰάκωϐος
579 1458 607 1509 6
635 1456 725 1509 τοῦ
773 1456 1073 1525 Ἁλφαίου.
1133 1454 1387 1519 Ἰάκωϐος
1436 1456 1464 1507 6
1498 1454 1730 1522 ἁδελφὸς
1760 1454 1854 1508 τοῦ

279 1551 492 1621 Κυρίου
528 1551 555 1601 6
597 1548 932 1618 καλούμενος
983 1549 1219 1613 Δίκαιος
1270 1547 1406 1619 (62),
1438 1548 1496 1612 ὃς
1525 1548 1620 1601 καὶ
1652 1548 1752 1617 τῆς
1799 1549 1857 1600 ὲν

292 1640 649 1712 Ἰερουσαλὴμ
686 1639 1011 1709 Ἐκκλησίας
1042 1640 1258 1712 πρῶτος
1289 1640 1551 1711 προέστη.

279 1755 534 1811 ΚΕΦΑΛ.
558 1753 730 1809 ΡΛΕ’.
766 1784 835 1794 -
860 1757 1049 1809 Πόσοι
1092 1754 1359 1810 Ἰωάννοι
1387 1758 1476 1822 εὶς
1493 1756 1561 1810 τὸ
1585 1756 1860 1825 κήρυγμα

582 1827 865 1895 γεγόνασι
894 1826 991 1879 καὶ
1016 1825 1216 1889 πόσοι,
1249 1828 1555 1896 Ζαχαρίαι.

1954 690 2268 745 testimonio
2299 702 2433 743 usus
2462 696 2547 741 est
2587 684 2944 755 inscriptione
2977 682 3187 746 altaris,
3220 680 3367 752 quod
3407 691 3523 735 erat

1953 781 2181 836 Athenis
2210 780 2553 849 habebatque
2585 796 2598 831 :
2642 776 2829 848 Ignoto
2860 774 2990 840 Deo,
3022 775 3190 840 Quem
3231 790 3353 845 ergo
3375 775 3526 844 igno-

1955 887 2130 929 rantes
2160 873 2352 937 colitis,
2396 871 2670 942 inquiens,
2702 871 2837 923 hunc
2867 886 2958 939 ego
2994 869 3253 922 annuntio
3284 868 3424 921 vobis
3457 866 3527 922 ⁸⁸.

1954 1076 2105 1132 CAP.
2168 1073 2452 1132 CXXXIV.
2503 1103 2572 1117 -—-
2622 1072 2763 1213 (Quot
2820 1070 3017 1195 ‘Jacobi
3075 1072 3212 1125 inter
3265 1070 3531 1137 apostolos

2648 1159 2809 1197 uerun
2845 1180 2859 1194 .

2648 1159 2859 1197 uerunt.

2028 1264 2266 1321 Iacobus
2319 1262 2548 1318 Ioannis
2604 1261 2793 1326 frater,
2847 1259 2991 1314 lilius
3044 1256 3325 1321 Zebedwi,
3370 1272 3533 1327 quem

1957 1352 2122 1407 etiam
2174 1352 2398 1406 sustulit
2436 1349 2677 1405 Herodes
2724 1363 2837 1403 rem
2871 1356 3077 1419 gratam
3126 1345 3308 1403 facere
3334 1345 3537 1401 Iudaeis

1960 1445 2150 1500 volens
2179 1444 2247 1499 ⁸⁵.
2284 1442 2520 1498 Iacobus
2552 1441 2779 1511 Alphwi.
2817 1437 3056 1495 Iacobus
3104 1440 3272 1494 frater
3322 1438 3537 1494 Domini

1958 1538 2053 1607 qui
2079 1536 2361 1592 dicebatur
2383 1536 2593 1600 Justus,
2622 1534 2715 1604 qui
2740 1543 2793 1587 et
2820 1533 3028 1603 primus
3050 1530 3539 1602 praefuitEcclesiae

1962 1629 2495 1700 llierosolymitana‘.

1960 1743 2111 1799 CAP.
2174 1740 2439 1798 CXXXV.
2471 1772 2537 1781 —
2574 1740 2713 1806 Quot
2778 1740 3007 1794 Ioannes
3060 1740 3113 1792 in
3167 1740 3541 1808 prwdicatione

2257 1813 2397 1867 verbi
2430 1812 2667 1881 fuerunt,
2698 1822 2746 1865 et
2770 1820 2895 1880 quot
2924 1809 3223 1864 Zachariaa.

360 1938 617 2010 Ἰωάννης
652 1940 680 1991 6
710 1939 1082 2006 Βαπτιστὴς,
1122 1937 1180 1990 ὃν
1237 1938 1483 2011 Ἡρώδης
1523 1939 1858 2009 ἀπεκεφάλι-

2032 1929 2272 1985 Ioannes
2298 1928 2572 1996 Baptista,
2593 1943 2755 1998 quem
2779 1925 3023 1980 llerodes
3050 1924 3420 1989 obtruncavit,
3448 1925 3543 1995 qui

284 2048 398 2097 σεν,
448 2030 508 2094 δς
552 2030 646 2083 καὶ
696 2030 760 2083 τὸ
791 2030 1122 2098 μαρτύριον
1175 2029 1287 2099 (65)
1331 2033 1389 2082 ὲν
1423 2032 1487 2101 τῇ
1528 2031 1860 2105 Παλαιστίνῃ

282 2118 395 2193 εἶχε
456 2123 719 2193 σεϐαστῇ.
791 2122 1049 2193 Ἰωάννης
1079 2122 1106 2175 6
1135 2121 1230 2175 τοῦ
1264 2123 1582 2178 Ζεϐεδαίου
1634 2124 1786 2188 υίὸς,
1836 2128 1863 2178 ὁ

282 2215 770 2285 εὐαγγελιστὴς,δ
804 2217 899 2267 καὶ
949 2214 1048 2285 τὴν
1100 2215 1446 2284 ἀποκάλυψιν
1504 2216 1862 2288 Θεασάμενος,

283 2311 378 2363 καὶ
406 2308 507 2379 τὴν
540 2308 831 2378 καθολικὴν
869 2307 1216 2371 ἀποστείλας,
1260 2307 1317 2370 ὃς
1347 2309 1442 2362 καὶ
1472 2309 1529 2360 ὲν
1576 2310 1785 2381 Ἐφέσῳ
1806 2310 1865 2363 τὸ

288 2402 591 2472 μαρτύριον
619 2400 755 2471 ἔχει.
799 2400 1053 2469 Ἰωάννης
1083 2400 1109 2450 6
1140 2399 1568 2471 ἐπικαλούμενος
1598 2400 1861 2470 Μάρκος,

284 2497 315 2548 6
341 2496 552 2566 Πέτρου
586 2493 897 2558 ἀκόλουθος,
931 2495 1025 2546 καὶ
1053 2491 1113 2544 τδ
1142 2492 1475 2561 Εὑαγγέλιον
1506 2494 1742 2565 γράψας,
1769 2496 1865 2549 καὶ

285 2586 505 2657 πρῶτος
528 2586 627 2657 τῆς
654 2585 1049 2657 Ἀλεξανδρέων
1066 2584 1390 2656 Ἐκκλησίας
1420 2587 1717 2653 ἐπίσκοπος
1736 2591 1867 2644 ἁνα-

284 2679 540 2749 δειχθείς.

360 2773 629 2844 Ζαχαρίαι
674 2774 730 2827 δὲ
791 2772 834 2827 δ’
872 2774 1144 2844 γεγόνασι.
1184 2776 1408 2847 Πρῶτος
1438 2779 1470 2831 ό
1506 2776 1613 2831 τοῦ
1674 2775 1866 2831 Ἰωδαὲ

284 2862 377 2917 τοῦ
394 2864 705 2935 ἀρχιερέως
730 2865 845 2930 υίὸς
866 2907 880 2930 ,
908 2868 967 2920 ὃν
996 2869 1317 2922 ἀπέκτεινεν
1356 2870 1510 2932 Ἰωᾶς
1536 2872 1564 2923 6
1592 2869 1864 2941 βασιλεὺς,

288 2955 567 3026 ἀναμέσον
612 2958 708 3013 τοῦ
758 2958 888 3013 ναοῦ
939 2960 1161 3014 καὶτοῦ
1201 2960 1614 3032 Ουσιαστηρίου.
1663 2962 1727 3016 '0
1759 2962 1867 3017 τοῦ

285 3049 614 3118 Βαραχίου,
641 3045 702 3105 οὗ
732 3052 955 3123 μνήμην
975 3053 1003 3105 ὁ
1025 3053 1313 3124 προφήτης
1351 3053 1578 3117 Ἡσαΐας
1602 3058 1865 3120 ποιεῖται,

284 3141 366 3202 είς
424 3143 738 3213 μαρτυρίαν
796 3143 960 3196 αὑτὸν
1010 3143 1340 3213 παραλαϐὼν
1388 3144 1481 3197 τοῦ
1551 3145 1867 3215 τικτομένου

284 3232 525 3287 παιδίου.
560 3234 670 3287 Καὶ
698 3237 729 3289 ό
754 3236 1066 3305 προφήτης
1089 3255 1103 3268 ·
1134 3238 1275 3291 καὶό
1304 3237 1500 3307 πατὴρ
1530 3236 1634 3291 τοῦ
1656 3240 1861 3291 Banti-

283 3325 460 3381 στοῦ.

284 3439 545 3497 ΚΕΦΑΛ.
604 3444 786 3511 ΡΛεῖν.
828 3476 897 3486 --
938 3446 1290 3501 Ἱππολύτου
1324 3446 1602 3511 Θηϐαίου.
1642 3446 1711 3500 ἐκ
1758 3444 1868 3499 τοῦ

502 3515 787 3580 χρονικοῦ
820 3516 1009 3570 αὑτοῦ
1055 3516 1478 3586 συντάγματος
1518 3516 1653 3587 (64).

373 3625 633 3689 Ἰάκωϐος
680 3627 709 3679 ὁ
754 3629 1074 3700 ἐπικληθεὶς
1126 3632 1366 3695 Δίκαιος,
1420 3630 1516 3684 κα)⁹
1580 3631 1870 3701 γενόμενος

290 3717 515 3789 πρῶτος
566 3718 867 3781 ἐπίσκοπος
906 3719 1324 3791 Ἰεροσολύμων,
1375 3720 1602 3788 ἀδελφὸς
1641 3721 1739 3791 μὲν
1776 3722 1869 3775 τοῦ

288 3808 502 3879 Κυρίου
528 3810 670 3862 κατὰ
701 3810 882 3881 σάρκα
913 3812 1131 3880 ἐλέγετο
1161 3808 1323 3876 εἶναι,
1350 3814 1461 3878 υἱὸς
1489 3813 1544 3867 δὲ
1567 3813 1659 3867 τοῦ
1685 3814 1872 3867 τέκτο-

287 3918 382 3966 νος
418 3903 641 3972 Ἰωσὴφ,
667 3904 730 3958 ἐκ
761 3903 859 3973 τῆς
891 3903 1155 3973 βιωτικῆς
1186 3904 1351 3958 αὑτοῦ
1375 3905 1657 3973 γυναικός.
1693 3906 1871 3959 Ἀδελ-

284 3995 391 4066 qua).
416 3995 660 4065 Συμεὼν,
698 3996 953 4061 Σιδόνιος,
1002 3998 1204 4060 Ἰούδας
1238 3999 1333 4052 καὶ
1374 4000 1552 4070 Ἰωσῆ.
1586 4000 1872 4068 Τέσσαρας

280 4088 409 4155 γὰρ
433 4087 579 4150 υἱοὺς
605 4087 805 4158 ἔσχενὸ
844 4089 1063 4161 Ἰωσὴφ,
1091 4091 1187 4144 καὶ
1210 4091 1303 4145 δύο
1331 4092 1657 4163 θυγατέρας,
1684 4094 1783 4165 τήν
1812 4111 1870 4147 τε

283 4178 527 4248 Μάρθαν
562 4179 657 4231 καὶ
703 4180 803 4249 τὴν
855 4182 1100 4251 Μαρίαν,
1146 4184 1209 4234 ὲκ
1256 4182 1355 4251 τῆς
1407 4183 1667 4251 γυναικὸς
1707 4185 1871 4237 αὐτοῦ

1962 2032 2017 2080 et
2030 2023 2346 2092 martyrium
2364 2020 2555 2074 habuit
2573 2020 2632 2074 in
2657 2018 2953 2073 venerabili
2976 2016 3285 2072 Palmstina.
3305 2014 3545 2071 Ioannes

1964 2118 2106 2172 filius
2158 2114 2421 2177 Zebedwi,
2459 2113 2827 2185 Evangelista,
2868 2119 2958 2183 qui
2991 2121 3043 2166 et
3073 2110 3435 2182 Apocalypsin
3466 2111 3545 2164 vi-

1962 2210 2062 2274 dit,
2093 2217 2148 2263 et
2174 2207 2473 2278 Epistulam
2498 2205 2821 2261 catholicam
2852 2205 3017 2270 misit,
3046 2205 3138 2274 qui
3159 2204 3323 2259 etiam
3346 2203 3545 2274 Ephesi

1964 2300 2287 2371 martyrium
2340 2299 2525 2354 habet.
2581 2296 2821 2352 Ioannes
2897 2296 3225 2366 cognomine
3302 2296 3543 2361 Marcus,

1967 2392 2117 2447 Petri
2202 2391 2609 2462 pedissequus,
2680 2390 2772 2458 qui
2854 2388 3209 2458 Evangelium
3289 2388 3543 2458 scripsit,

1964 2485 2279 2556 primusque
2299 2483 2610 2553 designatus
2627 2490 2709 2535 est
2728 2482 3019 2551 episcopus
3036 2479 3294 2535 Ecclesiae
3315 2479 3547 2534 Alexauv

1965 2577 2154 2632 drinw.

2038 2782 2315 2838 Zachariae
2367 2798 2493 2837 vero
2552 2797 2604 2835 ιν
2651 2784 2887 2836 fuerunt.
2922 2782 3139 2837 Primus
3191 2780 3337 2850 ﬁlius
3380 2779 3551 2834 Jodae

1968 2875 2261 2946 pontiﬁcis,
2296 2889 2460 2944 quem
2490 2873 2693 2929 occidit
2725 2872 2856 2928 Ioas
2889 2888 2982 2926 rex
3016 2872 3161 2926 inter
3197 2870 3456 2940 templum
3494 2882 3549 2928 et

1969 2968 2155 3022 altare.
2194 2965 2367 3021 Filius
2398 2966 2699 3029 Baraclu'aa,
2738 2966 2895 3036 cujus
2930 2963 3181 3019 meminit
3211 2962 3379 3018 Isaias
3425 2978 3550 3033 pro-

1970 3060 2130 3130 pheta
2161 3060 2229 3126 ⁸⁸,
2258 3060 2347 3131 qui
2377 3060 2428 3114 in
2456 3059 2824 3115 testimonium
2853 3058 3004 3113 illum
3036 3058 3338 3127 assumpsit
3364 3054 3550 3111 nasci-

1971 3151 2075 3205 turi
2106 3152 2279 3221 pueri.
2321 3151 2450 3207 Item
2496 3152 2749 3221 propheta
2783 3159 2875 3205 :et
2907 3160 3060 3218 pater
3096 3147 3377 3215 Baptistw.

1968 3446 2124 3503 CAP.
2156 3446 2445 3504 CXXXVI.
2469 3476 2538 3485 -
2558 3445 2830 3516 Hippolyti
2852 3442 3084 3498 Thebani
3114 3443 3284 3505 locus,
3311 3455 3375 3496 ea:
3393 3441 3550 3495 chro-

2429 3518 2545 3571 nico
2574 3516 2687 3587 ejus
2711 3523 3065 3586 syntagmate.

2039 3631 2276 3687 Iacobus
2314 3631 2641 3703 cognomine
2688 3629 2902 3695 Iustus,
2940 3629 3033 3699 qui
3085 3629 3251 3684 etiam
3300 3628 3402 3682 fuit
3435 3627 3549 3697 pri-

1972 3738 2094 3779 mus
2124 3720 2622 3794 Hierosolymorum
2654 3722 2943 3792 episcopus
2964 3761 2979 3784 ,
3015 3720 3298 3775 dicebatur
3326 3720 3549 3790 quidem

1973 3815 2143 3870 fuisse
2191 3816 2359 3869 frater
2414 3815 2625 3870 Domini
2683 3818 2982 3871 secundum
3036 3828 3282 3879 carnem,
3311 3820 3364 3867 et
3405 3812 3550 3867 filius

1974 3907 2112 3962 fabri
2173 3906 2396 3979 Iosephi
2454 3924 2520 3961 ex
2569 3908 2687 3978 ejus
2744 3922 2917 3962 uxore
2988 3906 3264 3977 populari.
3328 3904 3552 3960 Fratres

1972 4008 2132 4055 crant
2188 3999 2446 4072 Symeon.
2499 4001 2777 4065 Sidonius,
2827 3999 2998 4055 Iudas
3034 4010 3088 4053 et
3122 3998 3270 4054 Iose.
3305 3998 3554 4065 Quatuor

1975 4108 2209 4162 namque
2245 4094 2384 4148 lilios
2421 4092 2612 4148 habuit
2640 4090 2934 4160 Iosephus,
2966 4100 3019 4144 et
3046 4090 3186 4145 duas
3222 4091 3381 4153 tilias,
3415 4089 3555 4145 Mar-

1975 4182 2121 4236 tham
2172 4184 2424 4237 videlicet
2477 4191 2531 4237 et
2577 4181 2809 4236 Mariam
2841 4197 2905 4235 ex
2936 4195 3108 4235 uxore
3164 4196 3260 4235 sua
3316 4179 3551 4245 Salonis,

286 4272 394 4340 τῆς
442 4271 707 4342 Σαλώμης
737 4313 752 4338 ,
810 4273 1078 4344 θυγατρὸς
1144 4275 1446 4343 Ἀγγαίου,
1497 4277 1590 4329 τοῦ
1642 4277 1862 4345 ἁδελφοῐ

1974 4274 2082 4329 lilia
2123 4277 2304 4345 Aggaii
2345 4275 2531 4329 fratris
2566 4275 2848 4330 Zachariae
2879 4273 3201 4337 sacerdotis,
3257 4274 3347 4342 qui
3401 4281 3555 4341 pater

285 4363 568 4434 Ζαχαρίου
624 4364 718 4417 τοῦ
779 4366 1005 4436 ἱερέως,
1063 4367 1157 4420 τοῦ
1211 4367 1420 4437 πατρὸς
1491 4368 1739 4421 Ἰωάννου
1777 4369 1862 4421 τοῦ

1974 4368 2079 4423 fuit
2110 4366 2335 4423 Ioannis
2368 4367 2645 4439 Baptistae,
2679 4376 2733 4423 et
2759 4368 2902 4423 filius
2943 4365 3224 4422 Barachiaa
3266 4365 3361 4419 lilii
3400 4364 3553 4420 Abire

288 4454 631 4520 Βαπτιστοῦ,
656 4456 771 4509 υίοῦ
793 4457 1084 4528 Βαραχῖου,
1103 4458 1195 4511 τοῦ
1216 4458 1333 4511 υἱοῦ
1367 4457 1524 4512 Ἀὸιᾶ
1543 4459 1636 4512 τοῦ
1660 4460 1862 4532 ἱερέως.

1976 4464 2296 4518 sarerdmis.
2328 4461 2482 4517 Tunc
2506 4462 2700 4515 viduus
2726 4470 2843 4515 erat
2870 4458 3094 4526 Ioseph.
3121 4456 3310 4528 Itaque
3331 4456 3553 4511 Salome

286 4548 409 4600 Καὶ
439 4547 558 4599 τότε
594 4549 901 4619 ἐχήρευσεν
931 4550 959 4601 6
996 4551 1214 4622 Ἰωσήφ.
1254 4552 1341 4613 Ὠς
1366 4551 1466 4621 τὴν
1489 4549 1754 4624 Σαλώμην
1780 4554 1862 4606 κα)

1975 4564 2030 4609 et
2058 4554 2296 4609 Ioannes
2327 4553 2567 4625 Baptista
2623 4554 2716 4607 lilii
2768 4561 2985 4607 suntex
3026 4540 3304 4624 germanis
3336 4566 3556 4605 mascu-

286 4638 391 4691 τὸν
432 4640 748 4713 Βαπτιστὴν
794 4644 1048 4715 Ἰωάννην
1087 4644 1330 4715 ἀδελφῶν
1362 4644 1528 4698 τέκνα
1571 4646 1862 4719 ἀρρενικῶν

322 4726 341 4745 υ
524 4732 579 4747 η,
681 4736 690 4747 .
803 4733 846 4747 ..
976 4737 996 4747 -
1150 4734 1184 4747 ..
1277 4736 1317 4747 ..
1472 4736 1484 4747 .
1632 4736 1654 4747 -
1692 4739 1712 4747 _
1822 4738 1861 4747 -.

1984 4644 2071 4697 lis.
2100 4646 2332 4714 Aggteus
2384 4644 2528 4699 enim
2577 4644 2723 4698 filius
2771 4655 2888 4697 erat
2935 4642 3214 4698 Barachiae
3242 4654 3295 4696 et
3331 4651 3558 4710 patruus

286 4726 461 4784 εἶναι.
524 4732 581 4784 '0
629 4736 742 4803 γὰρ
803 4733 1055 4800 Ἀγγαῖος
1113 4734 1224 4800 υίὸς
1277 4736 1570 4807 Βαραχίου,
1630 4736 1770 4800 θεῖος
1818 4738 1862 4791 δὲ

1979 4736 2229 4792 Ioannis.
2267 4736 2507 4807 ltemque
2530 4735 2821 4791 Zacharias
2852 4735 3019 4789 frater
3044 4735 3222 4805 Aggwi
3248 4742 3301 4789 et
3331 4744 3558 4802 patruus

300 4821 558 4876 Ἰωάννου
575 4841 588 4853 ·
605 4826 806 4893 ὁμοίως
823 4825 878 4878 δὲ
896 4827 990 4878 καὶ
1003 4827 1030 4878 6
1049 4827 1321 4899 Ζαχαρίας
1339 4827 1565 4897 ἁδελφὸς
1592 4829 1862 4898 Ἀγγαίου,

1983 4832 2199 4886 Salome
2258 4832 2447 4885 uxoris
2499 4828 2697 4900 Ioseph
2742 4828 3023 4900 (Salomen
3065 4828 3208 4895 dico,
3260 4842 3368 4882 non
3408 4827 3557 4883 illam

288 4914 444 4975 θεῖος
476 4916 531 4967 δὲ
568 4914 840 4987 Σαλώμης
876 4919 974 4986 τῆς
1028 4918 1284 4987 γυναικὸς
1340 4919 1539 4992 Ἰωσὴφ
1585 4919 1862 4993 [Σαλώμην

1980 4920 2353 4985 obstetricem,
2392 4920 2485 4975 sed
2519 4918 2742 4989 Iosephi
2794 4918 3070 4987 uxorem).
3107 4916 3384 4972 Obstetrix
3410 4916 3557 4971 enim

287 5004 349 5057 δέ
385 5023 548 5075 φημι,
582 5009 643 5061 οὐ
679 5011 781 5079 τὴν
822 5012 988 5079 μαίαν
1039 5011 1175 5084 (65),
1208 5011 1345 5066 ἀλλὰ
1373 5012 1472 5083 τὴν
1496 5016 1725 5082 γυναῖνα
1762 5015 1873 5068 Ἰω-

288 5095 415 5164 σήφ
449 5097 584 5169 (66)]
607 5117 621 5129 ·
660 5101 828 5171 ἡγὰρ
860 5102 1044 5174 Μαρία
1075 5104 1186 5172 (6'7)
1219 5103 1326 5159 ἀπὸ
1354 5104 1601 5176 Βηθλεὲμ
1639 5105 1872 5176 ἐτύγχα-

406 5276 455 5310 ³³
496 5278 627 5335 Luc.
670 5297 743 5347 Iv,
779 5281 868 5335 23.

370 5435 489 5509 (62)
544 5435 750 5509 Confer
820 5438 1068 5495 Comhcl‘.
1127 5444 1346 5498 Λυσίαν.
1400 5442 1535 5500 Νου.
1602 5455 1737 5501 tom.
1810 5444 1875 5509 ll,

283 5522 341 5576 p.
552 5507 869 5590 Et_i.n_app.
903 5514 969 5564 ad
1014 5522 1150 5590 tom.
1195 5514 1211 5566 l
1250 5513 1825 5590 IlippolytiAPortuens
1856 5507 1872 5580 ,

280 5576 550 5661 ραις-ξιξ,
591 5580 684 5634 ubi
716 5576 975 5661 hos—(duos
1005 5582 1236 5661 Iacobus
1264 5576 1462 5661 et'ipse
1489 5587 1801 5661 distinguit.

351 5649 479 5721 (63)
511 5649 624 5704 lloc
663 5660 767 5714 est,
818 5653 1088 5721 templum,
1126 5655 1212 5710 hic
1266 5666 1320 5710 et
1369 5649 1541 5711 'inl'ra.
1586 5649 1875 5711 Fabricius

282 5735 412 5772 non
453 5719 582 5774 bene
610 5722 832 5794 videtur
856 5719 1102 5789 vertisse,
1120 5742 1506 5794 perpessus.....
1533 5728 1717 5791 subiit,
1749 5744 1872 5782 cum

282 5806 403 5913 ne?
440 5792 657 5913 proprie
690 5791 931 5848 Ioannes
965 5791 1292 5865 evangelista
1313 5797 1511 5869 Ephesi
1545 5808 1753 5871 martyr
1782 5814 1874 5853 oc-

282 5875 355 5913 CU
387 5876 529 5913 lllﬂ‘l
564 5902 576 5913 .

280 5872 576 5915 cuhttertt.

368 5931 495 6000 (64)
527 5930 726 5988 Totum
759 5934 861 5991 hoc
893 5944 1057 6008 caput
1097 5936 1221 6008 jure
1258 5949 1411 6010 putat
1441 5939 1666 5997 Cavaeus
1700 5938 1876 5996 aliena

969 5283 1016 5315 "
1056 5286 1178 5339 Act.
1212 5302 1344 5351 xvu,
1388 5287 1478 5341 27.
1540 5287 1585 5319 ⁸⁸
1615 5286 1737 5341 Att.
1767 5302 1868 5352 xu,
1896 5288 1951 5342 9.

1980 5026 2097 5071 erat
2133 5015 2200 5070 de
2228 5015 2564 5077 Betlilehem,
2594 5015 2696 5069 ista
2723 5029 2851 5069 vero
2884 5012 3211 5068 consobrina
3250 5011 3553 5073 Elisabcth.

1978 5119 2033 5163 et
2054 5121 2260 5163 sancta:
2292 5106 2535 5177 Virginis
2565 5106 2767 5164 Mariae.
2803 5105 2939 5162 Tres
2977 5108 3121 5159 enim
3154 5112 3310 5160 erant
3341 5118 3558 5158 sorores

2050 5290 2095 5321 ⁸⁸
2128 5288 2232 5344 lsa.
2266 5302 2383 5350 vttt,
2411 5286 2468 5341 2.

1989 5462 2151 5500 manu
2185 5446 2472 5501 insertum.

2058 5518 2170 5587 (65)
2211 5517 2395 5572 Mariae
2429 5517 2691 5587 [)eiparze.
2721 5518 3074 5573 Obstetricem
3097 5515 3315 5570 nomine
3344 5511 3556 5587 Salapia

1983 5585 2192 5657 Virgini
2227 5585 2551 5658 ccupartus
2592 5598 2781 5643 testem
2830 5589 3075 5643 adfuisse
3119 5587 3431 5655 frequenter
3456 5585 3555 5638 do-

1982 5670 2102 5713 cent
2138 5669 2367 5714 veteres.

2022 5730 2168 5853 l(0.6)
2204 5729 2334 5795 Quae
2360 5730 2575 5784 nucinis
2613 5730 2984 5795 includuntur,
3020 5743 3083 5785 ex
3118 5727 3404 5800 Hippolyto
3434 5743 3557 5800 ευρ.

2040 5817 2268 5853 ενιηιιις.

2040 5817 2268 5855 ενιηιιις.

1982 5817 2268 5871 ptevnuus.

2056 5873 2168 5942 (67)
2199 5871 2351 5925 Μαὶα
2381 5871 2496 5944 lege
2528 5887 2591 5927 ett
2627 5870 2839 5943 llippol.
