4032 6652
495 465 595 531 143

1999 465 2301 528 JOSEPPI

3639 466 3740 532 1H

489 581 555 632 de
587 576 923 639 Bethlebem,
979 575 1101 629 mire
1155 573 1398 630 Matthan
1456 576 1756 632 sacerdotis
1789 585 1840 631 et
1881 576 2059 630 Mariae

2170 594 2271 645 νεν,
2322 575 2517 646 ἀνεψιὰ
2550 575 2606 630 δὲ
2642 575 2782 646 αὕτη
2836 575 3098 648 ὲΰύγχανε
3143 577 3246 646 τῆς
3295 579 3594 644 Ἐλισὶιϐετ,
3647 585 3744 636 καὶ

493 671 681 725 uxoris
715 671 871 739 t-jns,
919 669 1062 722 circa
1114 683 1340 739 regnum
1391 668 1724 741 Cleopatrae,
1773 680 2060 740 antequam

491 757 744 831 regnaret
777 761 1018 816 Herodes
1051 760 1196 816 filius
1225 762 1515 832 Antipatri.
1559 763 1738 816 Prima
1780 763 2063 818 dicebatur

489 853 684 914 Maria,
730 852 968 907 secunda
1020 851 1394 922 appellabatur
1441 853 1608 918 Sube,
1640 854 1797 907 tertia
1829 853 2063 907 vocaba-

493 954 577 999 tur
617 946 795 1000 Anna.
840 945 995 999 Prior
1051 945 1235 1015 nupsit
1269 945 1321 998 iu
1366 944 1702 1008 Betlrleltom,
1748 953 1802 1000 et
1851 946 2058 1016 peperit

493 1037 747 1092 Salomon
776 1039 1151 1093 obstetricem.
1185 1037 1381 1106 Nupsit
1411 1038 1569 1092 etiam
1604 1038 1841 1092 secunda
1877 1037 2061 1092 itidem

492 1131 546 1185 in
599 1131 934 1195 Bethlebcm,
982 1140 1038 1186 et
1086 1131 1292 1200 peperit
1342 1129 1638 1185 Elisaheth.
1699 1128 1882 1184 Tertia
1934 1144 2062 1184 vero

493 1224 677 1293 nupsit
707 1224 760 1277 in
791 1232 931 1278 terra
963 1223 1367 1292 promissionis,
1397 1231 1450 1277 et
1481 1221 1689 1292 peperit
1710 1221 1936 1276 Mariam
1966 1220 2061 1276 Dei

493 1325 716 1372 matrem
746 1317 799 1370 in
832 1313 1168 1370 Bctltlebem.
1221 1315 1408 1384 Itaque
1460 1323 1589 1368 sunt
1637 1314 1855 1369 Salome
1882 1314 2062 1370 obste-

495 1410 624 1473 trix,
668 1420 720 1464 et
767 1417 954 1462 sancta
1009 1408 1201 1470 Anna,
1251 1421 1374 1476 qua:
1421 1407 1608 1476 genuit
1660 1406 2060 1462 sanctissimam

492 1497 712 1552 Mariam
765 1498 1066 1565 Deiparam,
1103 1505 1157 1551 et
1189 1506 1376 1552 sancta
1410 1496 1708 1560 Elisabetli,
1735 1511 1856 1566 qua:
1879 1495 2065 1567 genuit

490 1591 909 1651 Prmcursorem.
945 1589 1066 1643 filiae
1117 1589 1280 1643 trium
1332 1589 1618 1643 mulierum
1657 1604 2060 1659 germanarum.

492 1681 628 1736 llinc
691 1683 855 1751 igitur
911 1679 1150 1736 Joannes
1200 1680 1442 1752 Baptista
1481 1689 1535 1736 et
1565 1680 1828 1735 Dominus
1877 1688 2064 1735 noster

487 1773 647 1831 J.-5tts
694 1775 950 1830 Christus
981 1774 1298 1829 consobrini
1338 1789 1460 1830 esse
1496 1773 1772 1827 dicuntur.
1813 1771 1878 1827 At
1920 1772 2062 1826 filius

486 1865 685 1935 Josepb
723 1881 843 1919 esse
891 1865 1207 1934 putabatur,
1253 1871 1537 1934 propterea
1571 1864 1712 1934 quod
1748 1863 2062 1933 ,‘ptttabatur

2162 669 2261 738 τῆς
2291 669 2449 736 ἁγίας
2486 666 2762 740 Παρθένου
2794 669 3031 741 Μαρίας.
3065 670 3226 740 Τρεῖς
3262 672 3369 741 γὰρ
3397 668 3539 743 ἦσαν
3571 675 3733 727 ἀδελ-

2163 763 2264 828 φαὶ
2314 758 2424 814 ἀπὸ
2463 759 2746 830 Βηθλεὲμ,
2802 760 3100 832 θυγατέρες
3140 761 3372 828 Ματθὰν
3411 763 3504 816 τοῦ
3547 765 3742 835 ἱερέως

2163 853 2258 906 καὶ
2286 854 2504 926 Μαρίας
2533 853 2634 924 τῆς
2666 853 2834 907 αὑτοῦ
2863 855 3141 920 γυναικὸς,
3175 855 3303 924 περὶ
3326 856 3425 924 τῆς
3463 856 3742 925 βασιλείας

2165 944 2540 1016 Κλεοπάτρας,
2596 947 2700 1016 πρὸ
2743 948 2843 1017 τῆς
2883 947 3162 1016 βασιλείας
3223 947 3460 1018 Ἡρώδου
3492 949 3588 1003 τοῦ
3627 949 3742 1004 υἱοῦ

2177 1037 2556 1108 Ἀντιπάτρου.
2585 1040 2794 1110 Ὀνομα
2825 1043 2891 1110 τῇ
2922 1047 2967 1092 α’
3012 1040 3221 1112 Μαρία,
3254 1042 3347 1094 καὶ
3400 1041 3572 1110 ὄνομα
3601 1045 3668 1112 τῇ
3699 1042 3742 1111 β’

2165 1131 2360 1202 Σουόὴ,
2395 1133 2487 1186 καὶ
2519 1132 2687 1203 ὖνομα
2732 1136 2794 1202 τῇ
2827 1141 2874 1202 γ’
2910 1135 3096 1188 Ἀννα.
3129 1135 3374 1205 Ἐγημέν
3400 1152 3458 1187 τε
3487 1136 3518 1206 ἡ
3549 1135 3742 1206 πρώτη

2164 1227 2222 1279 ὲν
2248 1225 2514 1296 Βηθλεέμ,
2573 1227 2665 1281 καὶ
2697 1219 2884 1280 ἔτεκεν
2915 1226 3184 1297 Σαλώμην
3221 1226 3318 1298 τὴν
3352 1226 3538 1295 μαίαν.
3573 1228 3744 1296 Ἔγη-

2167 1316 2268 1386 μέν
2301 1335 2359 1370 τε
2405 1318 2499 1370 καὶ
2527 1319 2559 1388 ἡ
2589 1318 2821 1388 δευτέρα
2854 1321 2912 1371 ὲν
2956 1318 3204 1388 Βηθλεὲμ
3227 1359 3242 1384 ,
3284 1319 3381 1372 καὶ
3431 1319 3588 1371 ἔτεκε
3641 1319 3744 1389 τὴν

2177 1409 2476 1467 Ἐλισάὅετ.
2508 1411 2754 1480 Ἐγημέν
2782 1428 2838 1463 τε
2869 1412 2962 1464 καὶ
2987 1413 3018 1482 ὴ
3046 1411 3202 1482 τρίτη
3240 1411 3322 1475 είς
3359 1411 3458 1482 τὴν
3489 1411 3594 1480 γῆν
3641 1411 3744 1479 τῆς

2165 1502 2524 1570 ἐπαγγελίας,
2555 1505 2649 1556 καὶ
2699 1505 2958 1574 ἐγέννησε
2988 1503 3205 1573 Μαρίαν
3255 1505 3355 1574 τὴν
3388 1505 3653 1582 Θεοτόκον
3686 1507 3744 1557 ὲν

2165 1593 2432 1664 Βηθλεὲμ.
2483 1595 2569 1658 Ὡς
2615 1591 2754 1649 εἶναι
2801 1596 3071 1667 Σαλώμην
3119 1596 3220 1664 τὴν
3276 1597 3464 1667 μαίαν,
3503 1599 3598 1650 καὶ
3645 1597 3743 1666 τὴν

2165 1682 2327 1749 ἁγίαν
2380 1685 2598 1749 Ἄνναν,
2654 1685 2752 1756 τὴν
2803 1686 3149 1756 γεννήσασαν
3179 1685 3400 1755 Μαρίαν
3453 1686 3550 1754 τὴν
3610 1704 3746 1739 παν-

2165 1774 2326 1840 αγίαν
2352 1773 2636 1840 Θεοτόκον,
2667 1777 2762 1829 καὶ
2806 1777 2902 1846 τὴν
2941 1776 3102 1845 ἁγίαν
3142 1776 3447 1842 Ἐλισάϐετ,
3481 1777 3578 1847 τὴν
3618 1794 3744 1846 γεν-

2165 1865 2409 1933 νήσασαν
2459 1863 2551 1916 τὸν
2588 1865 2920 1936 Πρόδρομον,
2955 1865 3258 1938 θυγατέρας
3291 1866 3532 1933 ἀδελφῶν
3575 1866 3744 1938 τριῶν

487 1955 650 2013 rtiam
684 1954 852 2010 frater
883 1957 1050 2010 trium
1094 1955 1328 2010 filiorum
1358 1954 1503 2025 ejus,
1535 1969 1672 2024 quos
1712 1953 1971 2008 habuerat
1997 1970 2059 2008 ex

2170 1955 2420 2026 θηλειῶν.
2483 1956 2766 2011 Ἐντεῦθεν
2797 1959 2890 2012 οῦν
2922 1960 2950 2012 6
2982 1959 3289 2029 Βαπτιστὴς
3341 1957 3613 2028 Ἰωάννης,
3648 1961 3745 2011 καὶ

487 2048 656 2120 priori
693 2064 883 2103 uxore.

2163 2051 2192 2103 6
2225 2051 2428 2124 Κύριος
2460 2054 2618 2126 ἡμῶν
2657 2055 2863 2124 Ἰησοῦς
2912 2055 3169 2127 Χριστὸς,
3225 2053 3442 2125 ἀνεψιοὶ
3489 2053 3743 2122 λέγονται

486 2136 647 2194 εἶναι.
680 2139 808 2202 Υίδς
832 2139 886 2191 δὲ
911 2137 1002 2193 τοῦ
1068 2137 1248 2208 ίωσὴφ
1281 2136 1584 2209 ἐνομίζετο,
1615 2135 1804 2208 ἐπειδὴ
1829 2138 1921 2192 καὶ
1954 2138 2062 2191 τῶν
2103 2141 2234 2195 υἱῶν
2265 2144 2450 2208 αὑτοῦ,
2491 2145 2599 2198 τῶν
2664 2149 2728 2199 ὲκ
2755 2149 2850 2217 τῆς
2911 2145 3137 2218 πρώτης
3188 2147 3470 2217 γυναικὸς,
3501 2147 3732 2217 ἀδελφὸς

483 2230 788 2299 ινομίζετο.

555 2327 855 2383 Zacharias
885 2336 1036 2397 pater
1064 2325 1501 2381 Joannishabuit
1525 2324 1746 2380 fratrem
1770 2339 2056 2380 consacer-

485 2422 666 2475 tlotem
719 2419 985 2476 vocabulo
1015 2419 1294 2491 Aggaeum,
1327 2417 1420 2488 qui
1447 2415 1558 2471 fato
1594 2432 1716 2470 eum
1749 2417 2056 2471 antevertit.

486 2515 658 2586 llujns
689 2516 869 2587 Λεςωὶ
902 2514 1065 2568 tiliam
1105 2513 1258 2569 duxit
1292 2527 1518 2568 uxorem
1551 2511 1752 2582 Josepb
1786 2510 1956 2574 faber,
1992 2527 2058 2564 ex

487 2627 593 2682 qua
618 2611 860 2680 suscepit
887 2626 939 2664 tv
973 2610 1194 2674 liberos,
1224 2617 1278 2664 et
1306 2624 1364 2664 ιιι
1426 2608 1584 2671 tilias,
1623 2623 1855 2678 quorum
1916 2623 2060 2661 unus

486 2715 602 2760 erat
633 2704 873 2760 Jacobus
913 2704 1239 2774 cognomine
1271 2701 1442 2758 frater
1494 2701 1731 2764 Domini,
1771 2709 1824 2756 et
1853 2701 2060 2771 primus

490 2795 992 2867 Hierosolymorum
1043 2795 1356 2865 episcopus.
1402 2793 1465 2848 Et
1496 2809 1691 2849 nomen
1728 2793 1915 2848 uxoris
1965 2791 2061 2847 Jo-

486 2890 619 2962 sepb
679 2889 928 2953 Salome,
970 2903 1079 2942 non
1128 2888 1215 2942 illa
1280 2887 1572 2952 obstetrix,
1614 2886 1705 2940 sed
1768 2885 1894 2940 alia.
1934 2883 2063 2939 Post

488 2994 716 3039 mortem
752 2983 918 3047 illius,
964 2982 1258 3053 despondit
1297 2981 1400 3036 sibi
1429 2980 1628 3050 Joseph
1665 2979 1887 3034 Mariam
1937 2977 2060 3032 Dei-

2237 2331 2514 2400 Ζαχαρίας
2536 2333 2562 2384 6
2586 2331 2768 2401 πατὴρ
2801 2331 3045 2385 Ἰωάννου
3077 2331 3303 2402 ἀδελφὺν
3333 2331 3455 2403 ἔσχε
3489 2332 3746 2403 συνιερέα

2163 2422 2500 2494 καλούμενον
2570 2425 2858 2494 Ἀγγαῑον,
2913 2425 3020 2496 πρὸ
3076 2424 3241 2479 αὑτοῦ
3294 2426 3741 2497 τετελευτηκότα.

2165 2516 2368 2569 Τούτου
2401 2515 2494 2569 τοῦ
2533 2517 2786 2586 Ἀγγαίου
2814 2518 3090 2590 θυγατέρα
3117 2515 3358 2589 ἠγάγετο
3392 2519 3528 2590 πρὸς
3563 2520 3745 2589 γάμοι

2178 2609 2372 2679 Ἰωσὴφ
2402 2609 2430 2661 ὁ
2457 2609 2663 2668 τέκτων
2697 2651 2713 2674 ,
2746 2609 2806 2675 ἐξ
2833 2606 2901 2681 ἦς
2942 2611 3198 2682 ἐγέννησε
3254 2610 3294 2665 δ’
3349 2612 3498 2675 υἱοὺς
3545 2611 3641 2664 καὶ
3695 2617 3745 2678 γ’

2164 2697 2492 2769 θυγατέρας,
2527 2693 2602 2754 ὧν
2630 2695 2714 2763 εἷς
2745 2696 2814 2772 ἦν
2862 2700 3135 2765 Ἰάκωϐος,
3170 2703 3198 2754 6
3222 2697 3541 2773 ἐπικληθεὶς
3575 2702 3745 2755 ἁδελ-

2163 2793 2260 2861 φὸς
2290 2793 2382 2845 τοῦ
2415 2793 2645 2864 Κυρίου,
2689 2795 2784 2849 καὶ
2818 2795 3033 2861 πρῶτος
3089 2795 3389 2858 ἐπίσκοπος
3441 2793 3745 2866 Ἰεροσολύ-

2166 2903 2302 2956 μων.
2333 2887 2437 2940 Καὶ
2474 2887 2536 2940 τὸ
2567 2887 2737 2958 ὄνομα
2784 2887 2883 2958 τῆς
2931 2887 3190 2956 γυναικὸς
3244 2887 3443 2960 Ἰωσὴφ
3480 2887 3746 2959 Σαλώμη.

2162 2979 2262 3048 οὐχ
2299 2979 2333 3048 ἡ
2369 2977 2534 3047 μαία,
2589 2979 2705 3033 ἀλλ’
2752 2979 2935 3048 ἑτέρα.
2977 2979 3134 3034 Μετὰ
3177 2979 3235 3033 δὲ
3286 2980 3515 3035 θάνατον
3568 2979 3748 3052 αὐτῆς

485 3091 694 3147 param,
737 3091 860 3147 quae
901 3089 969 3130 ex
1020 3073 1270 3128 muliebri
1323 3073 1575 3144 prosapia
1613 3072 1978 3128 descendebat
2028 3085 2058 3125 a

2170 3070 2531 3139 μνηστεύεται
2577 3071 2771 3142 ’ῐωσὴςο
2806 3071 2905 3143 τὴν
2946 3072 3206 3126 Θεοτόκον
3232 3071 3466 3144 Μαρίαν,
3499 3073 3644 3127 κατὰ
3683 3077 3748 3127 τ’)

486 3169 729 3224 Mattban
788 3170 1093 3232 sacerdote,
1127 3167 1259 3238 quin
1295 3177 1349 3221 et
1395 3165 1464 3220 ab
1501 3166 1736 3235 ipsemet
1769 3163 2059 3219 Salomone

2170 3162 2435 3234 μητρικὸν
2475 3163 2630 3233 γένος
2662 3165 3045 3236 καταγομένην
3091 3164 3203 3219 ἀπὸ
3248 3164 3342 3218 τοῦ
3387 3165 3617 3220 Ματθὰν
3645 3165 3746 3220 τοῦ

483 3263 594 3317 tilio
625 3260 844 3316 Davidis
893 3275 1065 3331 genus
1103 3259 1357 3324 ducebat,
1421 3267 1479 3312 ut
1516 3257 1648 3312 dicit
1703 3255 2052 3327 Evangelium

2173 3255 2381 3327 ἱερέως,
2433 3257 2527 3310 καὶ
2558 3257 2722 3311 αὑτοῦ
2775 3257 2882 3311 ἀπὸ
2930 3257 3278 3329 Σολομῶντος
3303 3259 3397 3312 τοῦ
3430 3259 3546 3313 υίοῦ
3575 3260 3749 3316 Δαϐὶδ

485 3354 784 3410 secundum
816 3352 1020 3408 Lucam
1072 3353 1125 3405 in
1161 3350 1478 3406 recensione
1502 3348 1846 3420 genealogite.
1879 3347 2059 3418 Siqui-

486 3451 607 3504 dem
669 3447 770 3502 isle
802 3444 1043 3499 Mattban
1085 3443 1276 3498 habuit
1306 3443 1443 3497 tilias
1466 3458 1534 3496 ex
1563 3440 1731 3495 Maria
1750 3455 1918 3496 uxore
1934 3455 2056 3507 sua,

486 3555 609 3610 quae
640 3537 976 3593 vocabantur
1007 3535 1196 3600 Maria,
1236 3536 1403 3600 Sube,
1433 3536 1612 3589 Anna.
1659 3532 1828 3588 Maria
1877 3532 2060 3603 itaque

487 3633 673 3702 genuit
707 3629 982 3685 Elisabetlt
1012 3637 1240 3683 matrem
1288 3627 1516 3683 Joannis
1555 3626 1812 3698 Baptistae
1843 3643 1856 3682 :
1901 3626 2058 3680 Anna

484 3739 613 3779 vero
654 3725 793 3793 parit
823 3730 1066 3778 sanctam
1095 3719 1188 3774 Dei
1230 3728 1456 3776 matrem
1498 3721 1550 3774 in
1583 3719 1918 3784 Betltlchem,
1939 3733 2059 3788 qua:

483 3819 552 3872 de
584 3814 804 3870 nomine
832 3813 967 3868 aviae
997 3823 1051 3868 et
1094 3820 1400 3866 matertera:
1430 3812 1818 3867 nominabatur
1862 3809 2055 3866 Maria.

483 3911 671 3980 Itaque
703 3905 978 3963 Eli-sabeth
1011 3913 1095 3962 est
1114 3905 1444 3960 consobrina
1470 3905 1688 3975 quidem
1724 3905 1915 3967 Annae.
1945 3920 2060 3958 ma-

485 4002 678 4058 truelis
717 4014 846 4055 vero
886 3997 1152 4069 Deiparae.
1191 3997 1306 4053 Due
1342 3997 1455 4052 hare
1481 4008 1691 4054 asserta
1732 3998 2057 4068 Erangelica

485 4094 910 4157 conﬁrmantur,
944 4099 1228 4160 propterea
1251 4089 1395 4159 quod
1429 4098 1742 4144 recensetur
1769 4098 2055 4160 paternum

483 4201 654 4256 genus
693 4193 746 4240 et
780 4183 999 4239 carnale
1039 4181 1267 4239 Christi.
1301 4180 1432 4236 Erat
1463 4181 1628 4247 enim,
1665 4182 1864 4252 inquit,
1899 4179 2056 4235 Iesus

479 4278 690 4350 quando
724 4278 941 4347 incepit,
985 4275 1147 4330 veluti
1181 4291 1439 4329 annorum
1478 4291 1608 4340 xxx,
1637 4275 1730 4345 qui
1770 4274 2057 4342 putabatur

476 4372 715 4445 Josephi,
742 4389 858 4427 cum
883 4381 1014 4426 esset
1047 4370 1190 4436 Heli,
1225 4368 1521 4424 Matt/mnis
1551 4369 1619 4422 ⁸⁷.

2160 3347 2563 3418 καταγομένην,
2600 3349 2674 3411 ὥς
2706 3367 2838 3418 φησι
2867 3349 2927 3403 τὸ
2961 3349 3103 3404 κατὰ
3131 3351 3346 3404 Λουκᾶν
3404 3350 3749 3419 Εὐαγγέλιον

2161 3440 2541 3510 γενεαλογοῦν.
2596 3436 2766 3506 Οὗτος
2799 3443 2908 3513 γὰρ
2934 3442 2962 3496 6
2988 3443 3219 3497 Ματθάν
3259 3443 3384 3515 ἔσχε
3432 3443 3750 3515 θυγατέρας

2161 3535 2225 3588 ὲκ
2258 3533 2476 3604 Μαρίας
2509 3537 2608 3604 τῆς
2640 3535 2898 3602 γυναικὸς
2932 3535 3120 3601 αὐτοῦ,
3154 3534 3230 3590 ῶν
3257 3537 3324 3590 τὰ
3353 3538 3591 3606 ὀνόματα
3617 3540 3747 3591 Μα-

2167 3627 2277 3699 ρία,
2310 3625 2509 3698 Σουσὴ,
2571 3627 2759 3682 ΙἈνντιι.
2808 3627 2871 3680 Ἦ
2905 3627 2999 3681 οῦν
3025 3628 3216 3700 Μαρία
3263 3631 3426 3700 γεννᾷ
3453 3629 3552 3699 τὴν
3597 3630 3752 3683 Ἐλι-

2163 3719 2354 3784 σάϐετ,
2405 3719 2505 3790 τὴν
2538 3720 2752 3790 μητέρα
2797 3720 3043 3774 Ἰωάννου
3073 3719 3167 3773 τοῦ
3198 3719 3532 3776 Βαπτιστοῦ.
3581 3721 3648 3775 Ἡ
3679 3722 3746 3776 δὲ

2164 3813 2333 3866 ’Δννα
2368 3814 2534 3884 γεννᾷ
2581 3813 2682 3884 τὴν
2735 3814 2893 3881 ἁγίαν
2947 3813 3209 3867 Θεοτόκον
3241 3815 3298 3866 ἐν
3329 3813 3595 3885 Βηθλεὲμ,
3645 3815 3752 3882 τὴι.

2160 3903 2303 3957 κατὰ
2330 3903 2392 3957 τὸ
2421 3903 2592 3975 ὄνομα
2624 3904 2725 3974 τῆς
2760 3906 2989 3976 μάμμης
3018 3908 3111 3960 καὶ
3142 3906 3315 3973 θείας,
3349 3905 3755 3974 ὲιντικληθεῖσαιν

2159 3996 2400 4067 Μαρίαν.
2451 3996 2536 4060 Ὠς
2567 3993 2834 4065 εἶναιτὴν
2881 3998 3186 4064 Ἐλισάϐετ,
3225 3997 3453 4067 ἀνεψιὰν
3498 3997 3598 4068 μὲν
3641 3998 3755 4067 τῆς

2164 4089 2386 4160 Ἀννης,
2440 4088 2732 4160 ἐξάδελφον
2763 4090 2820 4142 δὲ
2847 4089 2947 4160 τῆς
2981 4091 3272 4146 Θεοτὸκου.
3318 4089 3632 4163 Κυροῦνται
3679 4093 3758 4145 τὰ

2161 4180 2401 4251 ἑκάτερα
2429 4179 2524 4234 τοῦ
2562 4181 2920 4249 Εὑαγγελίου,
2951 4179 3041 4235 διὰ
3072 4181 3164 4234 τοῦ
3204 4180 3510 4251 διηγεῖσθαι
3540 4179 3598 4232 τὸ
3629 4197 3723 4234 πα

2157 4274 2336 4346 τρῷον
2389 4273 2546 4342 γένος
2587 4273 2679 4326 καὶ
2731 4275 2992 4345 σαρκικὸν
3023 4273 3114 4327 τοῦ
3155 4273 3414 4345 Χριστοῦ.
3449 4269 3566 4328 Ἦν
3608 4274 3759 4344 γὰρ,

2160 4367 2346 4437 φησὶν,
2385 4369 2417 4419 ό
2472 4365 2714 4433 Ἰησοῦς
2776 4368 3110 4436 ἀρχόμενος
3154 4366 3305 4440 (68),
3352 4368 3432 4434 ὡς
3469 4366 3608 4420 ἐτῶν
3669 4373 3762 4430 .1',

2160 4461 2227 4525 ὃς
2279 4460 2574 4529 ἐνομίζετο
2636 4461 2741 4514 τοῦ
2793 4462 3033 4530 Ἰωσὴφ,
3077 4462 3183 4515 τοῦ
3228 4462 3413 4526 Ἠλεὶ,
3466 4461 3570 4516 τοῦ
3613 4464 3763 4518 Ma-

2162 4549 2331 4608 τθᾶν.

472 4676 634 4731 CAP.
659 4673 970 4731 CXXXVII.
995 4706 1064 4716 —-
1082 4675 1188 4740 Qui
1211 4685 1332 4728 sunt
1356 4677 1442 4742 qui
1479 4677 1806 4728 innotescunt
1833 4674 1896 4728 de
1949 4691 2051 4729 ιιι

2170 4665 2409 4720 ΚΕΦΛΛ.
2435 4668 2600 4721 PAZ'.
2629 4700 2697 4711 -
2728 4669 2889 4742 Τίνες
2907 4668 3066 4742 εἰσὶν
3093 4672 3146 4723 οἱ
3173 4669 3291 4724 ἀπὸ
3322 4667 3440 4724 τῶν
3459 4671 3760 4739 μαθητῶν

1116 4747 1418 4815 discipulis.

548 4861 852 4927 Barnabas,
885 4863 977 4931 qui
1000 4877 1123 4916 cum
1149 4859 1320 4915 Paulo
1346 4859 1692 4928 Evangelium
1721 4859 2053 4929 praedicarit,

481 4955 684 5026 quique
712 4955 974 5024 apostolis
1003 4968 1062 5009 se
1094 4952 1420 5023 discipulum
1453 4967 1574 5007 esse
1623 4952 1894 5021 Evangelii
1926 4951 2054 5006 llie-

479 5047 774 5119 rosolymis
807 5047 1063 5102 ostendit.

551 5227 854 5294 Sest/tenes,
891 5226 984 5298 qui
1026 5227 1078 5280 in
1108 5225 1284 5280 locum
1306 5223 1459 5280 Iudae
1491 5227 1799 5283 accensitus
1823 5238 1905 5284 est
1926 5243 2052 5286 cum

487 5321 776 5392 apostolis,
817 5329 1048 5377 vocatus
1082 5334 1177 5389 per
1197 5320 1522 5375 orationem.

547 5414 759 5481 Justus,
792 5415 886 5482 qui
927 5423 981 5469 et
1013 5413 1127 5484 ipse
1155 5412 1299 5468 clero
1328 5414 1694 5484 apostolorum
1721 5414 2048 5486 subjunctus

475 5518 582 5566 est.

554 5599 878 5663 Tumida-ns,
923 5600 1012 5668 qui
1062 5599 1113 5652 in
1152 5599 1597 5670 Mesopotamiam
1655 5603 1710 5657 in
1774 5601 2046 5660 civitatem

573 5777 616 5811 ⁸⁷
658 5777 786 5833 Luc.
825 5792 905 5844 ιιι,
943 5777 1033 5832 ‘25.

551 5937 661 6008 (68)
694 5936 746 5992 ιιι
775 5945 877 6005 est,
916 5937 1128 6008 quando
1159 5936 1346 6006 inrepit
1377 5936 1686 6006 prmlicare.

2681 4739 2800 4793 τῶν
2824 4745 2869 4793 ο⁹
2916 4741 3211 4809 γνώριμοι.

2231 4853 2556 4922 Βαρνάϐας,
2595 4855 2622 4907 ὁ
2652 4854 2748 4907 σὺν
2776 4854 2852 4924 τῷ
2887 4854 3084 4925 Παύλῳ
3128 4853 3368 4924 κηρύξας
3396 4856 3456 4908 τδ
3490 4857 3773 4926 Εὐαγγέ-

2159 4947 2294 5014 λιον,
2343 4947 2436 5001 καὶ
2487 4950 2599 5011 τοῖς
2653 4947 2972 5011 ἀποστόλοις
3025 4949 3219 5002 ἑαυτὸν
3267 4947 3519 5018 μαθητὴν
3575 4965 3774 5016 γεγο-

2159 5039 2285 5092 νότα
2332 5039 2426 5093 τοῦ
2478 5041 2846 5110 Εὐαγγεῌου,
2884 5041 2966 5104 εἰς
3012 5042 3109 5112 τὴν
3151 5039 3508 5112 Ἰερουσαλὴμ
3562 5041 3776 5110 ἐμφα-

2159 5136 2329 5198 νίσας.

2231 5227 2569 5295 Σωσθένης,
2607 5228 2664 5291 ὃς
2695 5229 2816 5281 ἀντὶ
2858 5227 2952 5281 τοῦ
3014 5226 3187 5283 Ἰούδα
3234 5228 3765 5302 συγκατεψηιρίσθη

2161 5319 2302 5391 μετὰ
2331 5319 2441 5374 τῶν
2468 5320 2806 5386 ἀποστόλων,
2832 5321 2901 5373 ὀι⁹
2931 5321 3097 5392 εὐχῆς
3130 5320 3381 5391 κληθείς.

2242 5415 2534 5483 Ἰοῦστος,
2559 5416 2619 5482 ὃς
2651 5415 2814 5478 αὐτὸς
2833 5413 2910 5486 τῷ
2936 5415 3126 5486 κλήρῳ
3142 5414 3251 5468 τῶν
3295 5414 3622 5469 ἀποστόλων
3652 5417 3784 5471 ὺπ-

2157 5510 2387 5583 εϐλὴθη.

2233 5603 2538 5669 Θαδδαῖος,
2575 5603 2634 5666 ὃς
2679 5605 2736 5658 ὲν
2770 5605 2836 5674 τῇ
2867 5603 3267 5675 Μεσοποταμία
3311 5605 3369 5658 ἐν
3397 5605 3460 5674 τῇ
3527 5603 3783 5681 Εδέσσῃ
