4050 6664
278 545 362 609 HS

1409 550 1782 614 LIBELLUS
1822 554 2325 617 MEMORIALIS.

3408 561 3509 623 146

276 656 426 726 κῆρυξ
504 657 598 709 τοῦ
677 658 836 725 λόγου
913 658 1050 728 πρὸς
1131 658 1382 729 Αΰγαρον
1444 660 1670 728 βασιλέα
1730 661 1834 715 ἀπ-

1965 666 2200 723 Edessam
2229 682 2403 735 praeco
2430 669 2578 724 verbi
2611 670 2752 739 apud
2783 669 3056 742 Abgarum
3087 686 3270 743 regem
3317 672 3521 728 missus

275 753 528 804 ἔσταλται.

333 844 432 896 Καὶ
475 842 762 911 Ἰωάννην
791 842 847 896 δὲ
871 841 960 895 τὸν
991 842 1356 912 ἐπικληθέντα
1384 845 1615 917 Μάρκον
1647 845 1705 913 ἐξ
1735 845 1836 900 αὑ-

275 935 364 987 τών
391 935 656 1003 γεγονότα
693 936 1162 1005 ὲπιγινώσκομεν.

345 1026 570 1093 Ἰούδας
593 1025 693 1080 καὶ
722 1028 930 1093 Σίλας,
962 1029 1011 1080 oi
1041 1028 1146 1081 ὑπὸ
1189 1027 1300 1080 τῶν
1347 1029 1663 1083 ἀποστόλων
1697 1032 1839 1101 μετὰ

1939 760 2064 816 fuit.

2008 853 2266 908 Joannem
2317 869 2535 924 quoque
2604 857 2928 926 cognomine
2982 856 3222 914 Marcum
3281 875 3349 916 ex
3385 859 3520 928 ipsis

1941 945 2114 1003 fuisse
2151 948 2563 1018 cognoscimus.

2011 1037 2184 1092 ludas
2222 1047 2274 1092 et
2324 1037 2488 1104 Silas,
2526 1040 2618 1110 qui
2668 1040 2737 1096 ah
2781 1043 3042 1112 apostolis
3091 1059 3216 1098 cum
3268 1044 3436 1098 Paulo
3472 1053 3527 1097 ct

277 1119 471 1173 Παύλου
507 1121 602 1174 καὶ
651 1121 928 1192 Βαρνάϐα,
976 1122 1066 1177 διὰ
1112 1124 1172 1177 τὸ
1215 1123 1436 1196 ζήτημα
1471 1126 1532 1179 τὸ
1564 1128 1697 1197 περὶ
1736 1127 1838 1196 τῆς

1965 1130 2210 1197 laruaba,
2240 1126 2460 1203 prepter
2484 1134 2842 1204 qumstioncm
2875 1135 2944 1190 de
2976 1136 3334 1192 observandis
3371 1137 3516 1206 lega-

279 1212 498 1282 νομικῶν
552 1213 823 1284 φυλακῆς,
878 1217 958 1278 είς
1007 1215 1108 1288 τὴν
1172 1218 1510 1289 ’ἡντιόχειαν
1561 1219 1670 1274 ἀπὸ
1737 1221 1838 1290 τῆς

291 1304 632 1378 Ἰερουσαλὴμ
661 1307 1086 1372 ἀποσταλέντες.

335 1401 577 1468 Κλήμης
606 1399 664 1451 δέ
697 1416 832 1469 φησι
863 1399 1000 1470 (69).
1045 1401 1140 1455 xui
1188 1402 1280 1456 τὸν
1315 1403 1568 1472 Κηφᾶν,
1620 1406 1750 1475 περὶ
1777 1400 1838 1460 οῦ

277 1508 428 1563 φησιν
450 1493 480 1545 ὁ
510 1492 720 1556 Παῦλος
745 1509 759 1524 ο
802 1494 932 1548 Ὅτε
961 1493 1028 1546 δὲ
1056 1490 1205 1565 ἦλθε
1245 1496 1453 1565 Κηφᾶς
1476 1499 1566 1564 εἰς
1630 1498 1843 1552 Ἀντιό-

275 1599 452 1653 χειαν,
484 1584 635 1637 κατὰ
665 1584 992 1651 πρόσωπον
1033 1584 1196 1651 αὐτῷ
1222 1587 1550 1655 ἀντέστην,
1579 1587 1670 1643 ὅτι
1703 1605 1845 1643 κατ-

1944 1223 2108 1288 libus,
2140 1225 2484 1282 Antiochiam
2511 1227 2580 1281 ab
2606 1224 2904 1283 Jerusalem
2938 1228 3090 1283 missi
3126 1237 3273 1284 sunt.

2017 1403 2256 1461 Clemens
2309 1414 2491 1459 autem
2527 1405 2795 1474 perhibet,
2845 1406 2989 1476 quod
3047 1405 3252 1475 Cephas
3306 1405 3373 1460 de
3406 1422 3522 1476 quo

1948 1496 2149 1551 Paulus
2173 1497 2250 1550 ait
2285 1515 2298 1551 :
2341 1496 2473 1552 Cum
2507 1508 2677 1552 autem
2717 1500 2855 1552 venit
2907 1499 3108 1566 Cephas
3159 1498 3524 1560 Antiochiam,

1947 1591 2002 1644 in
2033 1591 2222 1658 faciem
2257 1590 2304 1644 ei
2334 1591 2524 1656 restiti,
2552 1593 2739 1661 quippe
2769 1595 2858 1663 qui
2906 1603 3019 1647 erat
3056 1592 3528 1662 reprehensibilis;

275 1676 639 1746 εγνωσμένος
669 1673 770 1747 ἦν,
841 1677 937 1731 ἕνα
984 1679 1094 1732 τῶν
1143 1678 1184 1733 o'
1229 1675 1400 1734 εἶναι’
1452 1681 1527 1752 μὴ
1574 1684 1683 1754 γὰρ
1714 1684 1844 1754 περὶ

1965 1698 2097 1738 ιιιιιε
2127 1681 2293 1738 fuerit
2326 1683 2394 1738 de
2433 1700 2562 1738 ux.
2605 1682 2791 1755 Neque
2827 1686 2995 1749 enim,
3031 1689 3126 1749 ait,
3163 1685 3226 1741 de
3275 1683 3522 1754 apostolo

278 1765 358 1819 τοῦ
391 1767 694 1821 ἀποστόλου
729 1767 938 1839 Πέτρου
971 1769 1154 1824 ταῦτα
1183 1769 1366 1839 λέγειν
1393 1771 1580 1827 αὐτόν.

275 1904 524 1980 KEjliAA.
576 1902 750 1980 PAH'.
797 1935 869 1980 --_
924 1907 1113 1961 Πόσοι
1183 1906 1435 1980 memmi
1512 1912 1662 1964 κατὰ
1737 1911 1849 1980 τῆς

350 1975 714 2048 Ἑκκᾷηφ-ίας
731 1977 1053 2048 γεγόνασιν
1079 1979 1199 2033 ὑπὸ
1232 1975 1351 2032 τῶν
1381 1980 1705 2045 Ἰουδαίων,
1739 1975 1851 2048 eae

337 2045 444 2112 τῆς
460 2039 762 2125 ⁵ἁλώσεωζ-
791 2039 1011 2114 αὐτῶν,
1057 2049 1156 2102 καὶ
1192 2049 1298 2104 τοῦ
1340 2039 1703 2121 ἐμπρησμοῦ
1744 2039 1851 2106 τοῧ
1888 2039 1927 2092 Β

341 2132 512 2170 νιιου.

339 2252 498 2322 Τρεῖς
531 2253 630 2322 μὲν
665 2252 806 2306 κατὰ
833 2252 942 2307 τῶν
964 2253 1281 2308 ἀποστόλων
1303 2255 1362 2309 ὲν
1384 2257 1449 2327 τῇ
1485 2257 1849 2329 Ἰερουσαλὴμ

277 2346 548 2414 γεγόνασι.
587 2346 748 2417 Τρεῖς
776 2346 835 2400 δὲ
867 2348 961 2400 καὶ
995 2350 1140 2402 κατὰ
1183 2348 1281 2402 τοῦ
1316 2349 1558 2418 Παύλου,
1588 2353 1651 2405 οὐ
1689 2351 1850 2423 μόνον

276 2440 332 2492 ὲν
359 2440 423 2509 τῇ
469 2437 825 2510 Ἰερουσαλὴμ
849 2440 1164 2509 γεγόνασιν,
1235 2441 1376 2497 ἀλλὰ
1407 2445 1504 2496 καὶ
1542 2446 1600 2498 ἐν
1635 2446 1700 2515 τῇ
1733 2444 1851 2498 δια-

279 2533 471 2602 σπορᾷ,
503 2533 608 2585 ὑπὸ
637 2532 747 2585 τῶν
785 2533 1058 2588 Ἰουδαίων
1084 2534 1141 2588 δὲ
1162 2533 1258 2588 καὶ
1286 2529 1456 2590 οὗτοι.

346 2626 452 2678 Καὶ
486 2623 704 2696 πρῶτος
737 2625 837 2696 μὲν
866 2621 934 2696 ἦν
966 2627 994 2678 ό
1024 2627 1167 2681 κατὰ
1211 2627 1304 2681 τὸν
1339 2628 1708 2698 συγκλεισμδν
1745 2630 1851 2684 τῶν

283 2715 616 2778 ἀποστόλων,
644 2715 749 2770 ὑπὸ
782 2715 890 2770 τῶν
918 2718 1220 2788 ἀρχιερέων
1244 2720 1555 2790 γενόμενος.
1586 2720 1853 2792 Δεύτερος

275 2810 304 2858 ό
327 2808 418 2862 ἐπὶ
478 2809 748 2880 Στεφάνῳ
788 2809 866 2880 τῷ
903 2811 1360 2883 πρωτομάρτυρι,
1389 2805 1435 2880 ᾧ
1470 2814 1565 2866 καὶ
1588 2816 1617 2867 ὁ
1643 2815 1854 2879 Παῦλος

279 2903 609 2956 συνευδόκει.
632 2901 830 2974 Τρίτος
857 2905 886 2957 ό
914 2903 1006 2956 ἐπὶ
1025 2906 1092 2975 τῇ
1120 2903 1404 2975 ἀναιρέσει
1445 2906 1734 2974 Ἰακώϐου,
1760 2912 1856 2961 καὶ

279 2998 485 3067 Πέτρου
544 2996 848 3066 καθείρξει,
899 2999 967 3068 τῇ
1022 2997 1129 3051 ὐπό
1186 2997 1430 3070 Ἡρώδου
1485 3003 1854 3075 γεγενημένῃ.

277 3089 363 3142 ὅτε
393 3089 487 3142 καὶ
518 3091 546 3143 ό
581 3088 810 3158 ἄγγελος
842 3089 935 3142 τὸν
969 3089 1069 3158 μὲν
1111 3089 1318 3162 Πέτρον
1351 3091 1460 3144 ἀπὸ
1493 3091 1603 3146 τῶν
1638 3092 1856 3163 δεσμῷν

276 3181 456 3246 ἔλυσε,
491 3183 588 3235 xui
621 3179 716 3235 τοῦ
747 3181 1132 3252 δεσμωτηρίου
1165 3180 1426 3254 ἐξήγαγε,
1463 3182 1555 3236 τὸν
1593 3183 1649 3237 δὲ
1685 3184 1860 3256 Ἠρώ-

275 3275 370 3344 δην
397 3274 504 3346 μὴν
532 3273 952 3346 δημηγοροῦντα
985 3275 1042 3327 ὲν
1076 3276 1391 3348 Καισαρείᾳ
1419 3275 1604 3346 ἀθρόῳ
1633 3278 1690 3330 ἐν
1716 3277 1856 3350 όργῇ

278 3367 510 3437 πληγεῖν
551 3365 688 3438 (70).

350 3458 512 3512 Κατὰ
537 3458 594 3513 δὲ
617 3458 712 3513 τοῦ
741 3457 954 3512 Παύλου
983 3458 1080 3512 xui
1117 3458 1229 3514 τῶν
1270 3458 1544 3529 ἀδελφῶν,
1596 3461 1856 3532 τέταρτος

281 3554 340 3606 ὲν
372 3551 652 3622 Λυκαονία
687 3550 793 3606 ὑπὸ
840 3550 947 3604 τῶν
991 3550 1267 3606 Ἰουδαίων
1327 3553 1552 3624 ἐκινήθη
1595 3553 1857 3623 διωγμὸς.

279 3646 390 3699 Καὶ
421 3644 674 3715 πέμπτος
700 3646 760 3698 ὲν
790 3645 990 3716 Βεροίᾳ
1026 3645 1120 3698 καὶ
1167 3645 1439 3717 Κορίνθω.
1477 3646 1679 3710 Ἕκτος
1711 3647 1769 3700 δὲ
1802 3649 1860 3699 ὲν

278 3741 345 3810 τῇ
412 3737 800 3809 Ἰερουσαλὴμ,
863 3739 946 3805 ἐφ’
999 3729 1045 3805 ᾧ
1086 3737 1182 3791 καὶ
1225 3739 1284 3791 ἑν
1330 3739 1444 3802 τοῖς
1489 3737 1860 3809 δικαστηρίοις

284 3827 542 3892 ἐξέτασις
600 3825 867 3888 πολλάκις
916 3827 1136 3894 ἐγένετο
1179 3827 1273 3884 τοῦ
1322 3827 1701 3899 κηρύγματος.
1753 3829 1862 3881 Καὶ

278 3921 468 3990 τέλος,
520 3921 554 3992 ἠ
612 3921 694 3983 είς
753 3916 974 3989 Ῥώμην
1050 3917 1145 3971 ἐπὶ
1229 3918 1548 3990 Καίσαρος,
1629 3918 1860 3989 δεσμίου

281 4014 571 4085 ὲκπομπήτ

281 4151 535 4204 ΚΕΦΑΛ.
587 4146 757 4202 ΡΛΘ’.
795 4179 862 4190 -
897 4150 1081 4202 Πόσοι
1137 4147 1236 4200 καὶ
1303 4147 1357 4200 οί
1415 4148 1489 4199 δι’
1557 4147 1866 4212 Ἑλλήνων

523 4218 766 4289 διωγμοὶ
799 4219 1136 4290 γεγονότες,
1171 4216 1274 4270 καὶ
1304 4216 1402 4270 διὰ
1430 4218 1629 4272 τίνων.

354 4352 580 4423 Πρῶτος
605 4352 807 4420 Νέρων
836 4351 1074 4421 διωγμὸν
1102 4353 1280 4423 ἤγαγε
1328 4353 1470 4407 κατὰ
1497 4351 1864 4424 Χριστιανῶν,

283 4449 343 4512 ὃς
376 4449 584 4520 Πέτρον
610 4449 708 4520 μὲν
735 4447 1128 4518 σταυροῦσθαι,
1153 4447 1366 4503 Παῦλον
1397 4448 1454 4502 δὲ
1482 4446 1867 4512 πελεκίζεσθαι

285 4542 639 4614 προστάττει,
680 4540 775 4595 τοῦ
815 4542 1023 4612 Πέτρου
1069 4541 1222 4594 κάτω
1267 4541 1448 4609 κάραν
1483 4538 1867 4612 σταυρωθῆναι

284 4634 597 4704 δεηθέντος.

1951 1776 2110 1831 Petro
2142 1775 2258 1832 haec
2284 1777 2463 1848 ipsum
2496 1776 2666 1832 fuisse
2707 1779 2969 1833 locutum.

1952 1913 2106 1971 CAP.
2164 1911 2495 1968 CXXXVIII.
2537 1943 2605 1954 —-
2666 1915 2804 1979 Quot
2878 1915 3258 1979 persecutiones
3346 1918 3533 1979 contra

2029 1983 2322 2038 Ecclesium
2372 1987 2618 2038 excitata?
2647 1977 2768 2038 sunt
2818 1977 2885 2037 ab
2929 1982 3155 2044 Judrcis.
3214 1998 3374 2052 usque
3408 1977 3533 2032 dum

2028 2056 2170 2124 copti
2197 2067 2344 2119 sunt,
2379 2064 2428 2109 et
2465 2055 2714 2124 templum
2740 2057 3029 2108 incensum.

2025 2252 2161 2307 Tres
2189 2253 2408 2323 quidem
2435 2261 2626 2306 contra
2664 2251 2940 2320 apostolos
2973 2249 3368 2321 Hierosolymis
3412 2246 3533 2302 fue-

1957 2355 2102 2400 runt.
2136 2343 2274 2400 Tres
2305 2346 2431 2399 item
2467 2355 2660 2398 contra
2682 2343 2910 2398 Paulum
2950 2343 3194 2406 fuerunt,
3225 2357 3334 2395 nou
3369 2339 3533 2394 modo

1957 2438 2371 2508 Hierosolymis,
2407 2438 2499 2493 sed
2526 2447 2580 2492 et
2623 2438 2676 2491 in
2729 2437 3093 2507 dispersione,
3131 2451 3252 2505 quae
3298 2443 3351 2490 et
3404 2438 3536 2504 ipsa:

1957 2537 2026 2587 :II)
2051 2531 2257 2587 Judazis
2284 2531 2534 2586 excitata:
2560 2540 2710 2585 sunt.

2030 2626 2210 2679 Prima
2249 2624 2558 2695 persecutio
2608 2640 2636 2676 a
2663 2622 3011 2693 pontiﬁcibus
3039 2621 3270 2676 excitata
3303 2617 3401 2674 fuit
3429 2633 3527 2687 pro

1957 2719 2334 2773 carceralione
2391 2717 2785 2788 apostolorum.
2839 2713 3094 2771 Secunda
3141 2730 3204 2770 ea
3241 2713 3362 2774 fuit.
3413 2728 3535 2782 qum

1958 2811 2186 2881 contigit
2219 2811 2319 2866 sub
2351 2807 2627 2879 Stephano
2670 2816 3096 2878 protomartyre,
3129 2806 3217 2860 cui
3250 2815 3304 2859 et
3334 2801 3539 2856 Paulus

1961 2903 2493 2960 succenturiabatur.
2538 2901 2723 2956 Tertia
2779 2901 2832 2955 in
2881 2899 3160 2956 occisione
3216 2895 3440 2954 Jacobi.
3485 2905 3541 2948 et

1961 2997 2333 3052 carceratione
2385 2995 2552 3057 Petri.
2613 3011 2735 3064 quae
2781 2995 2884 3049 sub
2943 2991 3155 3047 Herode
3209 2992 3348 3044 facta
3397 2997 3536 3043 est:

1960 3095 2181 3163 quando
2211 3102 2266 3146 et
2302 3092 2530 3162 angelus
2567 3091 2786 3147 Petrum
2820 3105 2848 3144 a
2901 3088 3137 3143 vinculis
3167 3087 3330 3142 solvit
3375 3095 3540 3154 atque

1960 3187 2028 3240 de
2067 3201 2286 3240 carcere
2323 3185 2533 3249 eduxit,
2566 3183 2944 3253 Herodemque
2984 3181 3303 3236 concionem
3335 3179 3399 3232 ad
3440 3194 3537 3246 po-

1962 3278 2147 3349 pulum
2201 3277 2494 3333 habentem
2530 3275 2790 3332 Caesarea:
2839 3273 3121 3346 repentina
3167 3269 3540 3339 indignatione

1884 3395 1928 3452 ο
1964 3371 2288 3427 vulneravit.

2034 3466 2153 3520 Jam
2186 3479 2314 3520 vero
2346 3466 2604 3520 adversus
2632 3462 2861 3518 Paulum
2893 3471 3056 3530 atque
3087 3458 3284 3513 fratres
3344 3464 3537 3524 quarta

1966 3560 2018 3615 in
2052 3558 2323 3632 Lycaonia
2349 3559 2418 3612 ab
2445 3555 2647 3612 Judmis
2679 3565 2825 3611 mota
2865 3562 2948 3608 est
2972 3550 3305 3623 persecutio.
3329 3547 3531 3614 Quinta

1965 3655 2093 3708 item
2129 3651 2334 3706 Bermze
2357 3657 2412 3703 et
2439 3649 2709 3704 Corinthi.
2745 3647 2910 3701 Sexta
2945 3660 3072 3698 vero
3105 3638 3495 3708 Hierosolymis
3526 3656 3538 3689 :

1969 3749 2020 3801 in
2059 3763 2166 3817 qua
2207 3746 2370 3798 etiam
2421 3744 2564 3814 apud
2618 3741 2970 3810 magisuatus
3007 3735 3238 3807 (“uestio
3287 3747 3537 3802 saepenu-

1967 3856 2118 3897 mero
2148 3839 2330 3894 habita
2372 3837 2475 3892 fuit
2526 3837 2592 3890 de
2638 3833 2909 3902 praeconio
2946 3831 3120 3886 verbi.
3152 3828 3395 3897 Denique
3441 3825 3542 3878 fuit

1969 3933 2298 4004 persecutio,
2345 3948 2449 4000 qua
2498 3930 2700 3984 Paulus
2755 3927 2982 3980 Romam
3028 3924 3385 3978 ο.1(ὶ;ες;ιιθιτιιι
3418 3920 3538 3971 vin—

1967 4037 2088 4081 etus
2123 4027 2319 4080 missus
2342 4033 2446 4078 est.

1967 4161 2116 4218 CAP.
2151 4157 2439 4215 CXXXIX.
2479 4187 2549 4196 ——
2581 4157 2715 4220 Quo!
2745 4157 2955 4223 fuerunt
2982 4153 3045 4205 ob
3076 4150 3352 4220 gentilibus
3393 4158 3546 4200 mala:

2353 4229 2757 4298 persecutiones,
2781 4233 2828 4278 et
2851 4239 2943 4294 per
2970 4238 3121 4292 quos.

2045 4366 2261 4421 Primus
2309 4362 2450 4418 Nero
2492 4359 2928 4428 persecutionem
2972 4355 3024 4408 in
3065 4353 3409 4407 Christianos
3457 4347 3544 4400 in-

1970 4458 2148 4521 duxit,
2180 4456 2273 4526 qui
2319 4453 2543 4510 Petrum
2584 4449 2803 4519 quidem
2856 4446 3007 4502 cruci
3060 4443 3258 4512 suffigi.
3315 4441 3542 4495 I’aulum

1971 4563 2102 4603 vero
2132 4546 2310 4602 securi
2345 4543 2551 4614 percuti
2595 4540 2794 4611 iussit;
2828 4538 2992 4594 Petro
3032 4545 3090 4592 ut
3124 4537 3341 4590 inverso
3368 4532 3547 4602 capite

1977 4640 2386 4707 truciligerctur
2414 4635 2748 4707 postulante.

259 4725 270 4795 ί
358 4725 428 4798 β’.
455 4727 811 4796 Δομετιανὸς
860 4725 1034 4796 μέγαν
1066 4725 1207 4779 κινεῖ
1232 4725 1356 4779 καθ’
1401 4726 1558 4796 ἡμῶν
1596 4728 1861 4799 διωγμὸν,

2041 4732 2096 4786 2.
2131 4730 2468 4785 Domitianus
2500 4741 2750 4796 magnam
2787 4721 2954 4777 movit
2992 4729 3179 4776 contra
3234 4733 3332 4772 nos
3355 4730 3542 4787 perse—

289 4818 526 4890 πονηρὸς
549 4817 646 4871 καὶ
674 4809 829 4881 οὗτος
861 4817 1176 4887 γενόμενος,
1201 4816 1259 4881 ὃς
1297 4819 1390 4872 καὶ
1440 4818 1532 4872 τὸν
1566 4820 1862 4888 Εὑαγγελι-

292 4912 427 4982 στὴν
462 4911 720 4981 Ἰωάννην
742 4912 820 4974 εἰς
841 4911 1062 4980 Πάτμον
1087 4913 1187 4980 τὴν
1208 4910 1371 4981 νῆσον
1399 4913 1760 4981 ἐφυγάδευσε.

357 5005 433 5073 γ’.
479 5005 731 5074 Διωγμδς
777 5003 837 5071 ἐξ
883 5005 1307 5069 ἐπαναστάσεως
1354 5005 1542 5076 δήμων
1609 5007 1752 5061 κατὰ
1799 5009 1868 5062 τὰ

288 5099 421 5170 ἒθνη
474 5099 809 5169 κινηθέντων
849 5098 991 5151 κατὰ
1056 5097 1400 5170 Χριστιανῶν
1453 5100 1708 5169 συνέστη,
1761 5099 1870 5152 τῶν

289 5192 574 5262 ἀρχόντων
627 5189 828 5260 μᾶλλον
883 5188 1225 5259 κινησάντων
1277 5189 1495 5252 αὐτούς.
1565 5189 1767 5244 Τοῦτον
1813 5191 1870 5244 δὲ

288 5285 497 5353 ἐπέσχε
534 5281 821 5351 Τραϊανὸς
848 5281 1076 5351 ὕστερον
1107 5281 1167 5334 τὸ
1200 5281 1376 5351 δόγμα
1403 5281 1696 5352 διδαχθείς.
1746 5282 1872 5335 Ἐπὶ

287 5375 348 5428 δὲ
392 5376 489 5429 τοῦ
520 5373 767 5443 διωγμοῦ
819 5375 1033 5439 τούτου,
1079 5374 1294 5438 Πιόνιος
1340 5375 1433 5429 καὶ
1461 5377 1511 5428 oi
1542 5378 1660 5428 κατ’
1713 5376 1872 5429 αὑτὸν

290 5467 583 5536 μάρτυρες
615 5464 942 5535 διέπρεψαν.

362 5556 431 5612 δ’.
461 5559 712 5626 Διωγμὸς
742 5559 846 5611 ὑπὸ
869 5557 1124 5626 Οὺήρου,
1160 5557 1366 5610 καὶτοῦ
1397 5557 1514 5612 υἱοῦ
1543 5559 1654 5627 (7|)
1684 5560 1856 5613 αὑτοῦ

302 5649 653 5714 ’Δντωνίνου,
673 5649 815 5702 κατὰ.
842 5653 938 5720 τῆς
955 5648 1281 5719 Ἑκκλησίας
1312 5650 1574 5719 ἐκχεῖται.
1613 5650 1738 5702 Ἐπὶ
1762 5650 1878 5702 τού-

294 5757 409 5796 των
443 5743 800 5812 Πολύκαρπος
821 5742 878 5794 ὲν
898 5743 960 5810 τῇ
999 5740 1154 5812 Ἀσίᾳ
1179 5743 1464 5813 μαρτυρεῖ,
1494 5740 1872 5812 Μητρόδωρος,

373 5934 485 6001 (69)
516 5931 672 6002 Apud
708 5931 908 5987 Euseb.
946 5930 1015 6004 Η.
1068 5929 1262 6004 Ει-ίίΙ).
1291 5948 1333 6004 ι.
1363 5949 1482 6004 cap.
1520 5934 1600 5988 II.
1638 5930 1769 5988 Vide
1797 5945 1848 5988 et

303 6001 764 6070 Chrysostotnum
795 6005 848 6058 iu
878 6003 1068 6058 homil.
1104 6001 1248 6055 Μίαν
1280 6001 1454 6073 ὑμῶν’.

1976 4823 2274 4887 cntionem,
2301 4820 2384 4875 vir
2407 4831 2459 4873 et
2489 4819 2589 4873 istc
2617 4815 3023 4887 nequissimus:
3055 4811 3149 4882 qui
3180 4810 3344 4864 etiam
3379 4805 3548 4862 Joan-

1975 4929 2099 4969 nem
2129 4911 2526 4981 Evangelistam
2568 4911 2621 4963 in
2657 4907 2905 4962 Palmum
2943 4903 3172 4958 insulam
3201 4900 3476 4970 relegavit.

2039 5009 2092 5062 5.
2129 5006 2314 5062 Tertia
2369 5004 2678 5077 persecutio
2724 5019 2787 5057 ex
2832 4998 3195 5055 concitatione
3223 4994 3549 5065 populorum

1973 5118 2071 5172 per
2111 5102 2289 5154 varias
2340 5099 2590 5153 nationes
2625 5097 2678 5150 in
2733 5093 3080 5149 Christianos
3148 5089 3546 5144 concitatorum

1975 5193 2186 5263 obtigit,
2225 5191 2563 5261 principibus
2605 5188 2842 5242 maxime
2893 5200 2988 5240 eos
3051 5180 3546 5237 eommoveutiluts.

1977 5283 2130 5338 Hauc
2169 5281 2399 5338 subinde
2455 5280 2721 5349 Trajanus
2754 5275 3095 5346 compescuit
3129 5273 3322 5343 placita
3361 5277 3546 5323 nostra

1976 5376 2222 5430 edoctus.
2281 5373 2338 5427 In
2395 5375 2494 5428 hac
2544 5372 2920 5442 persecutione
2968 5367 3192 5423 Piouius
3245 5373 3297 5418 et
3323 5364 3410 5416 alii
3463 5359 3551 5415 sui

1980 5468 2242 5537 temporis
2283 5477 2549 5538 martyres
2581 5465 2914 5520 claruerunt.

2049 5564 2101 5616 .i.
2151 5560 2355 5626 Quarta
2412 5559 2723 5628 persecutio
2773 5559 2875 5613 sub
2917 5557 3066 5622 Vero,
3121 5556 3349 5625 ejusque
3438 5547 3550 5601 tilio

1977 5651 2254 5707 Antonino
2281 5659 2469 5705 contra
2506 5649 2803 5706 Ecelesiam
2845 5651 3014 5706 eﬂusa
3047 5658 3149 5703 est.
3182 5646 3295 5701 Sub
3319 5644 3404 5698 his
3444 5641 3549 5695 Po-

1978 5747 2232 5818 lycarpus
2278 5746 2333 5800 iu
2378 5745 2504 5801 Asia
2561 5755 2766 5818 martyr
2819 5746 2942 5809 fuit,
2989 5745 3329 5799 Metrodorus
3397 5740 3544 5798 item.

2026 5935 2138 6000 (70)
2175 5933 2336 5987 Forte
2364 5931 2607 6001 πληγὼν,
2642 5931 2727 5986 vel
2758 5930 3014 6002 ἕπληγεν.

2022 6005 2133 6073 (7|)
2167 6004 2280 6058 imo
2307 6003 2492 6058 fratre.
