4032 6650
478 531 576 595 1ίῖ

1995 532 2296 592 JOSEPPI

3621 525 3722 589 148

472 641 706 712 Carpus,
742 640 1001 710 I‘apulus,
1026 639 1343 711 agatonice,
1368 640 1582 711 aliaque
1605 642 1896 696 multitudo
1921 656 2037 695 san-

2149 642 2394 712 Κάρπος,
2433 643 2709 708 ίΙάπυλος,
2756 641 3125 711 Ἀγαθωνίκη,
3163 638 3258 693 καὶ
3279 639 3471 708 ἕτερον
3515 638 3723 711 πλῆθος

476 744 688 788 ctorum
717 749 808 802 per
837 733 1103 788 divinium
1130 733 1451 805 martyrium
1483 744 1862 791 consummata
1892 745 1996 789 est.

547 826 600 879 5.
633 825 747 905 Sub
797 823 983 880 Severo
1019 826 1282 882 adversus
1330 824 1630 881 Ecclesiam
1666 826 1856 896 ingens
1895 826 2044 881 exci-

473 927 584 976 tata
628 930 710 974 cst
766 920 1088 990 persecutio,
1140 919 1194 974 in
1254 934 1362 990 qua
1424 917 1674 974 Justinus
1723 919 2040 988 martyrium

473 1011 660 1076 subiit,
716 1022 770 1066 et
807 1010 1074 1068 Leonides
1133 1010 1384 1081 Origenis
1435 1019 1606 1079 pater,
1636 1019 1684 1064 et
1715 1009 2043 1064 Potatnimua

471 1115 657 1160 sancta
701 1105 874 1175 virgo,
916 1115 970 1160 et
1001 1104 1280 1168 Basilides,
1313 1113 1366 1158 et
1410 1103 1701 1157 multitudo
1735 1103 2040 1156 divinorum

463 1205 775 1266 martyrum
809 1196 1032 1250 coaluit.

537 1287 588 1340 6.
624 1287 947 1342 Maximinus
993 1301 1183 1341 omnes
1233 1286 1535 1355 praecipuos
1593 1285 1907 1354 ubicunque
1952 1299 2041 1339 es-

469 1389 611 1446 sent,
644 1388 771 1450 puta
803 1379 1062 1445 clericos,
1095 1395 1126 1434 e
1154 1379 1332 1433 medio
1362 1378 1475 1433 tolli
1519 1378 1702 1448 jussit,
1727 1389 1780 1432 et
1819 1377 2039 1446 quidem

467 1487 583 1537 eos,
625 1472 717 1542 qui
751 1487 811 1526 se
837 1487 960 1526 esse
982 1470 1322 1526 Christianos
1343 1471 1609 1526 dicerent.

539 1563 590 1617 7.
660 1561 852 1617 Decius
905 1561 1340 1616 crudelissimam
1396 1561 1830 1632 persecutionem
1885 1561 2043 1615 adhi-

467 1656 604 1710 buit.
664 1655 762 1709 llic
815 1653 935 1709 fidei
1003 1654 1376 1708 testimonium
1440 1652 1712 1721 perhibuit
1750 1651 2042 1707 Flavianus

466 1750 757 1818 cpiscopus
801 1746 1106 1810 Romanus,
1143 1745 1446 1800 Alexander
1467 1745 1758 1814 episcopus
1792 1745 2042 1799 Hieroso-

469 1841 793 1911 lymitauus,
820 1840 1052 1909 Babylas
1075 1839 1364 1908 episcopus
1388 1837 1784 1902 Antiocheuns,
1811 1835 2040 1906 Sarapio

468 1935 762 2004 episcopus
789 1933 1210 1995 Alexandrinus,
1237 1931 1522 2000 Apollonia
1558 1931 1707 1999 virgo
1743 1939 1796 1984 et
1819 1931 2040 1983 Ammo-

470 2027 666 2080 narion
714 2042 839 2079 cum
894 2027 1016 2079 aliis
1071 2032 1305 2092 quatuor
1366 2021 1675 2091 virginibus
1746 2021 2040 2074 crudeliter
2073 2002 2113 2057 Β

468 2118 627 2172 tortis
662 2137 674 2172 :
711 2115 984 2181 Julianus,
1020 2116 1112 2186 qui
1163 2115 1401 2185 podagra
1446 2115 1700 2168 laborans
1738 2113 1791 2167 in
1825 2112 2043 2167 fornace

466 2207 955 2265 t-ircutnferebatur
981 2215 1034 2261 et
1068 2207 1186 2261 viva
1219 2206 1368 2262 calce
1401 2204 1654 2275 perfusus
1685 2214 1786 2260 est.
1819 2204 2043 2276 Cypria-

466 2317 571 2356 nus
609 2301 897 2369 episcopus
947 2299 1432 2368 Carthagenensis.
1489 2297 1753 2352 Mercuria
1813 2297 1939 2351 item
1989 2306 2043 2351 et

467 2391 723 2462 Dionyse
777 2407 898 2462 quae
931 2391 1129 2444 multos
1180 2390 1413 2444 habebat
1463 2389 1686 2452 liberos,
1722 2403 1904 2443 coram
1952 2389 2038 2442 illa

470 2483 818 2538 adstantibus
845 2482 969 2536 liliis
991 2481 1138 2545 suis;
1176 2496 1274 2535 nec
1309 2489 1487 2534 tamen
1529 2481 1654 2534 dum
1702 2489 2043 2550 torqueretur

466 2590 708 2636 amorem
732 2589 1037 2629 numerosa:
1060 2575 1225 2644 prolis
1253 2576 1425 2628 amori
1461 2573 1693 2643 pt'mlulit
1724 2571 1948 2627 Christi.
1984 2572 2038 2626 lu

466 2672 570 2721 hac
625 2669 1008 2738 persecutione
1059 2666 1276 2737 plurimi
1312 2675 1579 2736 martyres
1636 2681 1730 2734 per
1776 2667 1941 2722 nrbes
1985 2675 2040 2720 et

465 2761 621 2814 villas
663 2759 975 2814 cmlesﬁbus
1019 2757 1199 2812 choris
1236 2757 1422 2812 iuscrti
1469 2765 1613 2811 sunt.
1666 2757 1731 2808 At
1777 2757 2038 2826 Origenes

466 2850 559 2919 qui
594 2866 688 2919 per
717 2850 818 2904 hoc
847 2858 1062 2917 tempus
1098 2847 1333 2910 vivebat,
1371 2863 1476 2900 non
1501 2855 1583 2902 est
1603 2847 1857 2916 dignatus
1889 2862 2038 2900 mar-

466 2941 606 3013 tyrio
643 2943 665 2995 ε’
688 2941 781 2996 sed
811 2942 1009 3007 victus,
1034 2941 1085 2994 in
1119 2941 1440 3011 ptenilentia
1471 2939 1742 3009 reliquum
1773 2938 1896 2992 vita:
1925 2953 2039 2993 suae

465 3042 682 3099 tempus
714 3031 1039 3086 transmisit.

537 3125 590 3180 8.
637 3121 951 3178 Valerianus
980 3121 1309 3177 Christianis
1328 3122 1527 3177 bellum
1549 3121 1736 3184 movit,
1769 3121 2036 3190 multique

461 3216 625 3272 etiam
656 3217 758 3271 sub
790 3216 881 3269 illo
915 3225 1180 3286 martyres
1235 3213 1453 3267 fuerunt
1490 3231 1504 3268 :
1559 3213 1698 3267 inter
1737 3227 1876 3282 quos
1907 3221 2036 3266 sunt

463 3318 577 3365 tres
608 3318 872 3381 martyres
900 3307 1161 3363 Cmsareze
1191 3304 1513 3371 Palaestinae,
1548 3303 1790 3368 Priscus,
1815 3302 2033 3359 Marcus

463 3413 517 3455 rt
550 3403 872 3457 Alexander.

541 3495 596 3548 9.
637 3494 961 3547 Aurelianus
1014 3493 1181 3545 movit
1221 3491 1678 3561 persecutionem,
1728 3503 1834 3542 non
1863 3504 2036 3558 usque

469 3585 604 3640 adeo
631 3584 906 3639 crudelem
940 3593 992 3637 ct
1035 3581 1400 3637 manifestam.
1452 3582 1638 3636 Solum
1676 3581 1819 3634 enim
1868 3579 2037 3650 magi-

466 3677 736 3732 stratibus
781 3692 848 3730 ex
895 3674 1290 3730 consuetudine
1337 3683 1579 3729 veterum
1621 3672 1796 3743 legum
1845 3679 2032 3747 contra

463 3768 810 3825 Christianos
841 3768 974 3839 quid
1003 3767 1270 3836 agendum
1293 3776 1435 3821 esset
1458 3764 1801 3837 signiﬁcavit.

546 3853 634 3912 10.
693 3860 736 3911 Α
787 3857 1119 3913 Diocletiano
1177 3872 1370 3926 magna
1426 3856 1691 3911 adversus
1736 3853 2034 3910 Eeclesiam

465 3954 702 4010 excitata
769 3955 1077 4025 persecutio
1115 3963 1229 4017 est,
1285 3954 1340 4008 in
1391 3969 1498 4024 qua
1550 3962 1605 4009 et
1647 3951 2034 4023 quamplurimi

465 4057 764 4119 martyres,
810 4047 909 4102 viri
942 4047 1248 4118 conspicui,
1300 4047 1353 4102 iu
1394 4045 1709 4103 testimonio
1737 4044 1860 4100 fidei
1910 4060 2036 4115 per-

467 4140 701 4196 hibendo
739 4140 1078 4196 eﬂ‘nlserunt.
1121 4141 1414 4196 Antbimns
1462 4141 1752 4210 episc0pus
1783 4136 2034 4193 Nicome-

463 4231 690 4287 diensis.
732 4231 963 4286 Philzeas
1012 4233 1304 4303 episcopus
1349 4233 1701 4288 Thmuensis.
1756 4231 2034 4285 Adauctus

462 4324 730 4380 Catholici
762 4325 1024 4394 dignitate
1050 4326 1360 4386 dcenratus,
1389 4325 1442 4379 in
1473 4342 1580 4395 qua
1613 4325 1782 4380 etiam
1814 4323 2033 4391 conspi-

460 4433 598 4472 cuus
635 4415 760 4470 fuit.
799 4415 1014 4486 Pelagia
1045 4416 1196 4484 virgo
1220 4417 1587 4479 Autiochcna,
1619 4416 1806 4485 junior
1832 4415 2032 4484 puella,

459 4524 585 4576 qua:
624 4523 742 4562 sese.
774 4507 841 4560 de
889 4507 1046 4560 tertia
1085 4507 1495 4575 contignatione
1522 4506 1719 4561 domus
1761 4521 1875 4560 suae.
1910 4521 2035 4575 pro-

2147 735 2320 803 ἀγίων
2346 735 2436 788 διὰ
2467 735 2560 789 τοῦ
2597 734 2743 788 θείου
2775 733 3077 787 τελειοῦται
3111 732 3437 803 μαρτυρίου.

2217 835 2275 883 ε’.
2293 825 2431 880 Ὑπὸ
2452 829 2742 895 Σευῆρον,
2766 827 2905 879 κατὰ
2926 826 3023 894 τῆς
3041 825 3368 896 Ἐκκλησίας
3397 825 3572 894 μέγας
3594 841 3724 892 συγ-

2145 921 2376 974 κινεῖται
2401 919 2642 990 διωγμὸς
2663 959 2679 983 ,
2705 918 2791 989 ἐφ’
2817 911 2878 972 οὗ
2902 917 3182 980 Ἰουστῖνος
3212 915 3585 987 ἐμαρτύρησε,
3626 917 3725 971 καὶ

2152 1011 2426 1083 Λεωνίδης
2465 1013 2494 1065 ό
2535 1011 2876 1083 Ὦρειγένους
2914 1008 3121 1081 πατὴρ,
3167 1009 3263 1062 καὶ
3309 1009 3652 1080 Ποταμίαινα
3685 1009 3720 1079 ἡ

2143 1104 2275 1172 ἁγία
2324 1105 2615 1176 παρθένος,
2648 1105 2742 1158 καὶ
2781 1101 3122 1174 Βασιλείδης,
3173 1101 3269 1155 καὶ
3302 1102 3508 1171 πλῆθος
3556 1100 3721 1155 θείων

2147 1196 2444 1250 τελειοῦται
2476 1194 2793 1269 μαρτύρων.

2214 1294 2286 1352 ς’.
2320 1287 2652 1356 Μαξιμῖνος
2702 1285 2955 1358 πρώτους
3003 1286 3214 1348 πάντας
3247 1285 3375 1348 τοῦς
3407 1286 3532 1338 ὅποι
3553 1285 3598 1338 δ’
3629 1285 3718 1352 ἂν,

2141 1380 2216 1444 ὼς
2245 1380 2564 1452 κληρικοὺς,
2597 1379 2941 1449 ἀναιρεῖσθαι
2967 1377 3301 1448 προστάξας,
3327 1378 3420 1430 καὶ
3449 1377 3568 1432 τότε
3589 1380 3720 1443 τοὺς

2141 1474 2400 1542 λέγοντας
2433 1473 2659 1534 ἐαυτοῦς
2683 1467 2825 1525 εἶναι
2857 1470 3244 1541 Χριστιανούς.

2212 1567 2276 1630 ζ’.
2311 1564 2512 1631 Δέκιος
2558 1562 2803 1634 σφοδρῶς
2849 1563 3121 1634 ἐχρήσατο
3173 1561 3250 1632 τῷ
3298 1561 3560 1633 διωγμῷ,
3613 1563 3714 1616 καὶ

2145 1659 2412 1730 μαρτυρεῖ
2437 1655 2733 1719 Φλασιανδς
2755 1655 3048 1717 ἐπίσκοπος
3095 1653 3336 1724 Ῥώμης,
3370 1653 3720 1722 Ἀλέξανδρος

2141 1751 2438 1812 ἐπίσκοπος
2470 1747 2879 1819 Ἰεροσολύμων,
2912 1747 3157 1810 Βαϐύλας
3180 1748 3476 1811 ἐπίσκοπος
3516 1749 3720 1800 Ἀντιο-

2141 1841 2622 1915 χείας,Σαραπίων
2651 1841 2951 1903 ἐπίσκοπος
2975 1839 3411 1910 Ἀλεξανδρείας,
3444 1839 3718 1893 Ἀπολλωο

2141 1938 2228 1989 νία
2259 1935 2525 2006 παρθένος
2553 1935 2647 1988 καὶ
2669 1933 3072 2003 Ἀμμωναρίων
3114 1934 3211 1986 σὺν
3242 1932 3430 1996 ἄλλαις
3453 1932 3719 2004 τέσσαρσι

2147 2028 2436 2101 παρθένοις
2477 2026 2669 2090 δεινῶς
2721 2025 3196 2096 βασανισθείσαις,
3253 2025 3540 2087 Ἰουλιανὸς
3565 2027 3592 2077 ό
3622 2042 3722 2078 ποι

2145 2120 2340 2189 δαλγὸς
2366 2120 2458 2173 ἐπὶ
2485 2119 2716 2189 καμίνου
2761 2117 3218 2188 περιφερόμενος,
3250 2117 3343 2169 καὶ
3367 2118 3434 2188 τῇ
3465 2115 3720 2186 ἁσὸἐστῳ

2145 2212 2618 2284 περιραινόμενος.
2665 2209 2723 2263 Ὃ
2747 2209 3048 2271 ἐπίσκοπος
3079 2208 3440 2279 Καρθαγένης
3471 2210 3721 2278 Κυπρια-

2145 2308 2254 2369 νός.
2290 2304 2606 2375 Μερκουρία
2634 2320 2694 2356 τε
2727 2302 2824 2357 καὶ
2882 2301 3132 2355 Διονυσία
3163 2304 3197 2372 ἡ
3226 2301 3516 2368 πολύπαις,
3546 2317 3721 2370 παρε-

2145 2393 2423 2462 στηκότων
2468 2391 2605 2461 αὐτῇ
2650 2389 2759 2443 τῶν
2806 2389 3016 2444 παίδων
3051 2390 3244 2459 αὐτῆς.
3282 2391 3391 2443 Καὶ
3423 2389 3717 2459 βασανιζο-

2146 2483 2280 2554 μένη
2321 2482 2422 2535 οὐκ
2451 2481 2630 2546 ἔστιξε
2659 2482 2772 2554 (72)
2803 2481 2904 2550 τῆς
2944 2481 3182 2552 Χριστοῦ
3211 2480 3396 2552 φιλίας
3423 2481 3522 2551 τὴν
3551 2481 3719 2533 πολυ-

2142 2575 2383 2630 παιδίαν.
2436 2575 2561 2628 Ἐπὶ
2605 2574 2662 2627 δέ
2703 2573 2897 2628 τούτου
2950 2573 3195 2627 πλεῖστοι
3253 2574 3532 2644 μάρτυρες
3575 2573 3720 2625 κατὰ

2141 2669 2325 2732 πόλεις
2393 2669 2490 2722 καὶ
2564 2667 2707 2722 κατὰ
2786 2667 2978 2737 κώμας
3043 2670 3157 2730 τοῖς
3213 2667 3485 2740 οὐρανίοις
3534 2671 3719 2739 χοροῖς

2144 2761 2680 2833 συγκατελέχθησαν.
2731 2761 3052 2832 Ὠρειγένης
3095 2761 3152 2816 δέ
3202 2763 3304 2815 οὐκ
3363 2759 3570 2832 ἠξιώθη
3615 2763 3719 2832 τῆς

2144 2855 2456 2928 μαρτυρίας
2504 2857 2564 2907 ἐν
2606 2853 2784 2924 τούτῳ
2845 2854 3130 2925 συσχεθεὶς
3189 2854 3267 2924 τῷ
3316 2854 3535 2926 χρόνῳ,
3597 2852 3716 2905 ἀλλ’

2138 2950 2429 3022 ἡττηθεὶς,
2483 2951 2562 3012 είς
2631 2949 2921 3018 μετάνοιαν
2971 2946 3104 2999 ἐϐίω
3169 2948 3260 3000 τὸν
3319 2947 3506 3000 λοιπὸν
3545 2945 3714 3000 αὑτοῦ

2139 3041 2352 3114 χρόνον.

2211 3133 2282 3206 η’.
2311 3134 2712 3204 Οὐαλεριανὸς
2729 3133 3088 3203 Χριστιανοὺς
3115 3132 3445 3202 ἐπολέμησε,
3466 3130 3560 3184 καὶ
3578 3128 3714 3184 πολ-

2138 3229 2220 3282 λοὶ
2244 3230 2339 3283 καὶ
2371 3229 2459 3282 ἐπ’
2485 3228 2652 3282 αὑτοῦ
2684 3229 3199 3298 μεμαρτυρήκασιν,
3230 3226 3289 3290 ἐξ
3313 3220 3387 3278 ὧν
3412 3227 3518 3277 είσι
3547 3223 3641 3276 καλ.
3661 3221 3716 3276 οι

2140 3321 2198 3373 ἐν
2246 3319 2552 3391 Καισαρείᾳ
2599 3319 2698 3388 τῆς
2749 3318 3119 3388 Παλαιστίνης
3178 3317 3454 3388 μάρτυρες
3517 3315 3711 3385 τρεῖς,

2138 3411 2396 3483 Πρίσκος,
2435 3411 2658 3483 Μάρκος
2693 3410 2788 3463 καὶ
2818 3409 3192 3480 Ἀλέξανδρος.

2206 3502 2270 3558 θ’.
2307 3504 2685 3572 Αὐρηλιανὸς
2713 3505 2856 3556 κινεῖ
2881 3501 3143 3572 διωγμὸν,
3188 3501 3288 3572 οὐχ
3313 3502 3486 3565 οὕτως
3517 3502 3712 3571 ἄγριον

2137 3607 2232 3648 και
2251 3594 2494 3664 ἐμφανῆ.
2527 3594 2704 3648 Μόνον
2722 3592 2832 3665 γὰρ
2856 3592 2962 3646 τῶν
2991 3590 3268 3662 ἀρχόντων
3290 3591 3391 3661 τῆς
3425 3591 3714 3662 συνηθείας

2135 3687 2244 3741 τῶν
2276 3687 2524 3743 παλαιῶν
2573 3688 2752 3758 νόμων
2797 3686 2938 3741 κατὰ
2965 3685 3310 3758 Χριστιανῶν
3350 3687 3404 3740 τί
3459 3684 3713 3755 γίνεσθαι

2145 3778 2221 3849 μὴ
2257 3777 2411 3851 [χρὴ]
2449 3777 2566 3850 (73)
2595 3777 2876 3843 διατάξας.

2213 3870 2264 3924 ι’.
2308 3869 2367 3924 '0
2397 3872 2569 3940 μέγας
2598 3868 2744 3925 κατὰ
2767 3868 3212 3940 τῆςἘκκλησίας
3237 3869 3709 3938 ῦπὸΔιοκλητια-

2136 3964 2248 4020 νοῦ
2272 3962 2514 4034 διωγμὸς
2546 3963 2846 4034 ἐγείρεται,
2878 3963 2963 4033 ἐφ’
2989 3958 3051 4018 οὗ
3079 3965 3172 4017 καὶ
3195 3963 3382 4017 πολλοὶ
3409 3965 3711 4035 μάρτυρες,

2137 4057 2329 4130 ἄνδρες
2362 4057 2668 4126 ἐπιφανεῖς,
2698 4054 3000 4127 διέπρεψαν
3021 4055 3080 4110 ἐν
3095 4054 3173 4126 τῷ
3197 4055 3508 4127 μαρτυρίῳ.
3533 4054 3715 4109 Ἀνθι-

2141 4166 2240 4218 μος
2292 4147 2591 4210 ἐπίσκοπος
2658 4145 3054 4218 Νικομηδείας.
3113 4147 3340 4210 Φιλαίας
3411 4147 3714 4209 ἐπίσκοπος

2136 4240 2391 4312 Θμούιος.
2431 4238 2753 4303 Ἀδαυκτος,
2791 4238 3117 4306 καθολικδς,
3171 4240 3266 4292 καὶ
3305 4241 3362 4291 ἐν
3400 4238 3550 4308 αὐτῷ
3593 4237 3715 4292 δια-

2137 4333 2364 4404 πρέπων
2390 4331 2469 4402 τῷ
2499 4330 2798 4403 ἀξιώματι.
2826 4331 3069 4400 Πελαγία
3097 4333 3130 4401 ή
3157 4333 3215 4385 ἐν
3243 4331 3545 4400 Ἀντιοχείᾳ
3573 4345 3710 4398 παρ-

2137 4423 2310 4488 θένος,
2336 4424 2430 4476 νέα
2460 4422 2619 4492 κόρη,
2656 4421 2860 4493 ῥίψασα
2894 4421 3096 4494 ἑαυτὴν
3144 4423 3253 4476 ἀπὸ
3295 4420 3579 4492 τριστέγου
3611 4419 3714 4488 τῆς

2143 4515 2277 4578 ἰδίας
2306 4514 2508 4577 οἰκίας.
2541 4512 2860 4584 Τυραννίων
2893 4512 3192 4574 ἐπίσκοπος
3227 4511 3427 4581 Τύρου.
3453 4509 3716 4580 Ζηνόδιος

457 4602 608 4668 jecit.
643 4598 918 4670 Tyrannio
942 4599 1234 4667 episcopus
1263 4599 1414 4668 'l'yri.
1447 4597 1722 4655 Zeuobius
1752 4599 2036 4669 presbyter

2140 4604 2507 4674 πρεσϐύτερος
2531 4604 2779 4668 Σιδῶνος.
2812 4604 3072 4669 Σιλὸανὸς
3095 4605 3398 4667 ἐπίσκοπος
3439 4603 3501 4655 Ἥ
3511 4601 3713 4672 μισῶν.

460 4695 822 4750 Sidoniensis.
887 4694 1141 4750 Silvanus
1225 4695 1511 4765 episcopus
1582 4695 2025 4752 llcmiseuorum.

2149 4697 2423 4768 Ῥωμανὸς
2468 4697 2766 4760 ἐπίσκοπος
2819 4696 3167 4766 Ἀντιοχείας.
3201 4695 3459 4766 Ζηνόϐιος
3509 4695 3713 4764 ἀρχία-

461 4784 748 4840 Romanus
787 4787 1080 4855 episcOpus
1109 4785 1426 4841 Antiochiae.
1469 4785 1743 4843 Zenobius
1776 4787 2026 4856 princeps

2140 4793 2264 4862 τρὸς
2321 4791 2676 4859 Ἀντιοχείας.
2747 4790 3003 4853 Σιλϐανὸς
3067 4790 3368 4852 ἐπίσκοπος
3424 4787 3718 4853 Γαζαίων,

462 4881 658 4935 ibidem
715 4881 1066 4939 medicorum.
1133 4879 1387 4935 Silvanus
1425 4881 1718 4950 episcopus
1768 4881 2029 4936 Gazensis

2143 4885 2277 4953 μετὰ
2334 4884 2426 4936 καὶ
2456 4882 2633 4936 ἄλλων
2668 4881 2742 4952 μ’.
2791 4881 3000 4953 Πηλεὺς
3050 4881 3147 4935 καὶ
3181 4881 3372 4942 Νεῖλος
3423 4880 3719 4934 ἐπίσκοποι

460 4988 584 5029 cum
618 4973 740 5026 aliis
771 4990 859 5028 ιι.
927 4974 1118 5030 Peleus
1175 4983 1229 5030 et
1281 4972 1436 5028 Nilus
1484 4974 1726 5043 episcopi
1767 4973 2026 5044 Egyptii.

2140 4976 2448 5044 Αἰγύπτιοι.
2483 4975 2764 5045 Πάμφιλος
2807 4975 3178 5047 πρεσῦύτερος
3215 4973 3575 5044 Καισαρείας.
3611 4973 3719 5028 Πέ-

458 5065 779 5138 Pamphilus
801 5069 1087 5141 presbyter
1110 5068 1498 5124 Caesar-censis.
1524 5065 1718 5121 Petrus
1743 5066 2032 5138 episcopus

2140 5083 2270 5137 τρος
2303 5066 2600 5126 ἐπίσκοπος
2648 5066 3077 5137 Ἀλεξανδρείας,
3109 5067 3203 5120 καὶ
3237 5066 3335 5119 σὺν
3369 5065 3522 5135 αὐτῷ
3548 5082 3720 5135 πρεσ-

456 5159 884 5221 Alexandrinus,
921 5169 975 5214 et
1007 5176 1130 5215 cum
1164 5160 1284 5228 ipso
1313 5158 1570 5224 Faustus,
1602 5157 1756 5221 Dius,
1805 5160 2029 5213 Ammo-

2140 5157 2353 5228 δῦτεροι
2384 5157 2647 5220 Φαῦστος,
2700 5161 2841 5221 Δῖος,
2898 5155 3251 5227 Ἀμμώνιος·
3304 5157 3596 5209 ἐπίσκοποι
3631 5155 3714 5219 δέ,

457 5265 586 5305 ntus
616 5249 918 5320 presbyteri
942 5268 954 5303 :
980 5251 1216 5322 epierpi
1249 5267 1376 5304 vero
1406 5249 1671 5322 Pltyla'as,
1704 5249 2028 5322 llesychins,

2140 5251 2392 5314 Φυλαίας,
2433 5251 2710 5320 Ἠσῦχιος,
2747 5253 3080 5322 Παχούμιος,
3135 5251 3431 5318 Θεόδωρος.
3459 5250 3619 5312 Γάϊός
3650 5265 3713 5301 τε

455 5341 812 5404 Pachumius,
846 5342 1187 5398 'lheodnrus.
1220 5343 1390 5400 Gaius
1430 5359 1648 5415 quoque
1685 5343 1966 5398 Laodicea:
1993 5359 2021 5396 a

2140 5346 2190 5396 ἐν
2227 5343 2514 5414 Λαοδικείᾳ
2571 5344 2676 5398 ὑπὸ
2733 5344 2841 5396 τῶν
2896 5345 3084 5413 δήμων
3160 5341 3347 5412 συρεὶς
3421 5322 3732 5412 μαρτυρεῖ..

459 5437 710 5506 plebibus
729 5444 976 5506 raptatus
1002 5437 1323 5507 martyrium
1345 5437 1490 5493 fecit.
1515 5440 1646 5492 Item
1670 5435 2024 5502 Sabinianus,

457 5529 550 5598 qui
595 5544 720 5584 cum
778 5529 936 5585 miles
965 5539 1112 5585 esset
1141 5531 1323 5600 gravis
1363 5539 1678 5591 armaturae,
1736 5526 2026 5583 confessus

459 5619 602 5688 quod
651 5620 1001 5674 Christianus
1049 5628 1226 5680 esset,
1273 5618 1452 5671 securi
1488 5617 1812 5685 percutitur.
1859 5614 2029 5680 Quiu-

461 5710 572 5766 imo
605 5711 813 5766 classes
847 5712 1073 5780 integra:
1114 5708 1342 5762 militum
1379 5722 1501 5761 cum
1553 5707 1787 5760 tribunis
1817 5715 1870 5760 et
1901 5721 2028 5761 cen-

463 5800 800 5862 turionibus.
833 5801 1051 5871 spoliati
1084 5799 1254 5854 armis
1280 5798 1601 5868 martyrium
1632 5797 1937 5851 subierunt.

526 5913 640 5988 (Ῐῖὶ
677 5915 836 5988 forte
861 5916 1102 5988 ἐπερξε,

2137 5436 2242 5487 Καὶ
2272 5435 2608 5500 Σαὸινιανὸς,
2658 5433 3000 5506 στρατιώτης
3028 5434 3104 5486 ὣν
3137 5433 3249 5488 τῶν
3281 5430 3539 5496 ὁπλιτῶν,
3583 5432 3718 5499 ὁμο-

2133 5525 2370 5591 λογήσας
2409 5526 2735 5596 Χριστιανὸς
2766 5522 2923 5588 εἶναι,
2950 5524 3316 5587 πελεκίζεται.
3350 5522 3458 5577 Καὶ
3483 5521 3718 5590 (Ξιριϐμοέ⁷

2134 5617 2192 5669 δέ
2222 5615 2504 5688 ὁλόκληροι
2555 5618 2926 5689 στρατιωτῶν,
2961 5618 3100 5689 μετὰ
3127 5617 3237 5671 τῶν
3272 5615 3572 5687 χιλιάρχων
3616 5613 3718 5666 καὶ

2134 5711 2586 5782 ἑκατοντάρχων,
2643 5710 3034 5787 ἀφαιρεθέντες
3069 5709 3180 5764 τῶν
3225 5708 3408 5762 ὃπλων
3469 5702 3718 5777 ἐμαρτύ-

2140 5817 2332 5870 ρησαν.

532 5985 642 6061 (73)
695 5986 827 6047 Vide
855 5983 1056 6046 Euseb.
1085 6003 1192 6056 vn,
1228 5986 1333 6054 30;
1378 5983 1630 6044 Lactant.
1679 5985 1751 6040 De
1795 5983 2004 6041 utortib.
2037 6001 2234 6058 persec.
2266 6000 2384 6058 cap.
2424 5986 2478 6041 6.
