4050 6596
377 424 476 488 Ii‘)

369 632 529 695 αὐτὸς
556 630 719 683 πάλιν
750 629 955 683 ἔπαυσε
985 631 1536 703 διατάγματι.Ἒνοεν
1572 635 1603 703 ἡ
1652 633 1949 701 Ἐκκλησία

367 724 477 777 τῶν
505 724 767 793 διωγμῶν
798 724 1048 778 ἀνεθεῖσα
1084 725 1194 778 τῶν
1224 726 1282 791 ἐξ
1325 726 1593 796 Ἑλλήνων
1616 770 1629 791 ,
1656 728 1747 779 ἐπὶ
1789 729 1944 780 Κων-

368 814 648 868 σταντίνου
695 815 789 868 καὶ
821 816 1235 881 Κωνσταντίου,
1279 816 1374 870 καὶ
1406 816 1760 879 Κώνσταντος
1795 818 1947 887 βασις

368 907 634 962 λευόντων
669 906 868 979 πολλὴν
899 908 1161 978 ὑπέμεινε
1204 909 1448 979 ταραχὴν
1473 909 1579 963 ὑπὸ
1625 910 1946 980 Ἀρειανῶν.

433 1086 588 1140 Μετὰ
610 1086 834 1149 τούτους
857 1129 870 1152 ,
907 1088 1242 1142 Ἰουλιανοῦ
1277 1088 1697 1157 βασιλεύσαντος
1726 1091 1797 1145 τὰ
1829 1092 1948 1145 'Ei-

364 1179 538 1247 λήνων
573 1178 852 1247 ἑλομένου,
894 1180 956 1233 ού
991 1178 1281 1244 διώξαντος
1315 1181 1371 1234 δὲ
1396 1184 1518 1245 τοὺς
1562 1184 1945 1253 Χριστιανοὺς,

362 1270 497 1322 ἀλλά
530 1269 925 1340 βδελυξαμὲνου
961 1271 1055 1323 καὶ
1103 1272 1560 1341 συγγραφομένου
1595 1276 1713 1326 κατ’
1745 1275 1944 1329 αὐτῶν.

363 1360 484 1415 Τῶν
513 1361 572 1414 δὲ
604 1362 796 1433 δήμων
826 1364 967 1417 κατά
996 1380 1054 1416 τε
1094 1364 1277 1428 πόλεις
1326 1367 1419 1420 καὶ
1474 1366 1685 1436 κώμας,
1717 1369 1813 1437 τῆς
1852 1368 1947 1421 τοῦ

364 1455 628 1524 βασιλέως
679 1456 906 1527 γνώμης
950 1460 1447 1529 συγχρησαμένων,
1481 1461 1629 1514 δεινᾶ
1677 1464 1783 1525 τοῖς
1818 1465 1949 1531 Χρισ-

361 1550 602 1611 στιανοίς
647 1549 1003 1619 δειχθέντων,
1041 1551 1193 1604 ἔνθεν
1233 1554 1327 1605 καὶ
1376 1556 1613 1621 αἱρέσεις
1662 1556 1804 1608 κατᾶ
1849 1557 1946 1623 τῆς

374 1638 699 1711 Ἑκκλησίας
728 1643 1121 1714 ἐπανέστησαν,
1157 1645 1265 1697 τῶν
1295 1663 1353 1698 τε
1405 1647 1693 1717 Ἀρειανῶν
1726 1648 1947 1701 καὶτῶν

374 1732 894 1802 Ἀνθρωπολατρῶν.

359 1847 608 1922 ΚΕΦΑΔ.
648 1847 779 1900 PM’.
827 1848 1133 1922 --Πόσαι
1184 1849 1445 1917 αἱρέσεις
1487 1852 1637 1906 κατὰ
1687 1854 1798 1922 τῆς
1844 1857 1940 1910 ἐκ·

530 1918 978 1986 κλησιαστικῆς
1004 1921 1265 1987 πίστεως
1289 1922 1740 1990 ἐπανέστησαν.

430 2031 654 2101 Πρῶτον
688 2031 782 2084 ἐπὶ
826 2035 891 2102 τῇ
929 2033 1181 2104 ὲνσάρκῳ
1239 2034 1335 2088 τοῦ
1383 2036 1585 2106 Κυρίου
1632 2040 1941 2111 παρουσίᾳ,

357 2123 615 2189 γεγόνασί
652 2143 791 2189 τινες
845 2124 1233 2195 Ἣρωδιανοὶ,
1280 2128 1515 2199 Χριστὸν
1556 2130 1648 2185 τὸν
1697 2131 1944 2203 Ἡρώδην

354 2210 500 2268 εἶναι
533 2214 752 2285 λέγοντε
760 2236 807 2281 ς.
1408 2276 1417 2283 η

427 2306 494 2378 β’.
528 2311 837 2365 Θευδιανοὶ
866 2312 1240 2383 ἀπατηθέντες
1263 2314 1397 2385 (74).
1429 2315 1635 2369 Τούτου
1665 2318 1944 2387 μέμνηται

355 2401 451 2453 καὶ
504 2402 846 2473 Γαμαλιῆλος
904 2405 932 2457 ό
1000 2406 1491 2474 νομοδιδάσκαλος,
1549 2409 1777 2479 γνώμην
1830 2412 1941 2473 τοῖς

354 2494 707 2564 ἀρχιερεῦσιν
754 2496 1169 2567 εἰσηγούμενος,
1230 2499 1642 2570 βουλευομένοις
1701 2520 1753 2554 τι
1812 2502 1944 2572 δρᾷν

355 2586 495 2637 κατὰ
542 2587 649 2638 τῶν
678 2590 992 2642 ἀποστόλων
1016 2631 1030 2653 ,
1064 2591 1197 2660 πρὸς
1226 2592 1284 2644 τὸ
1329 2591 1497 2662 μηδέν
1528 2609 1581 2645 τι
1611 2594 1732 2646 κατ’
1765 2595 1943 2648 αὐτῶν

352 2677 599 2745 ἐνεργεῖν
646 2679 848 2746 λέγων’
908 2683 1028 2747 Πρὸ
1083 2683 1194 2751 γὰρ
1248 2685 1475 2737 τούτων
1532 2684 1648 2737 τών
1707 2685 1944 2755 ἡμερῶν

349 2764 581 2834 ἀνέστη
617 2768 865 2835 Θευδᾶς,
893 2771 1088 2840 λέγων
1118 2768 1273 2826 εἶναι
1300 2791 1431 2827 τινα
1458 2776 1696 2831 ἑαυτόν.

425 2862 498 2922 γ’.
531 2858 654 2910 Ἐπὶ
676 2859 786 2911 τῶν
811 2861 1133 2913 ἀποστόλων
1155 2863 1288 2932 ἄλλη
1316 2864 1526 2934 αἵρεσις
1553 2868 1611 2918 ὲν
1638 2868 1704 2935 τῇ
1745 2864 1937 2936 Ἱερουο

352 2946 538 3016 σαλὴμ
563 2951 886 3017 Αἰγυπτίου
912 2952 1111 3020 μάγου
1142 2954 1285 3016 τινὸς
1321 2956 1550 3026 συνέστη
1578 2997 1593 3021 ,
1626 2958 1721 3009 καὶ
1748 2958 1938 3011 τούτου

354 3041 546 3113 μνήμη
569 3061 650 3105 τις
675 3045 733 3096 ἐν
760 3047 881 3107 ταῖς
910 3047 1299 3111 ἀποστολικαίς
1329 3050 1564 3120 Πράξεσι
1595 3051 1824 3119 γίνεται,
1849 3053 1938 3105 ὅτε

349 3132 520 3199 φησὶν
571 3133 599 3183 ὁ
648 3132 925 3202 χιλίαρχος
968 3133 1046 3203 τῷ
1094 3135 1319 3207 Παύλῳ·
1383 3138 1731 3205 Ἑλληνιστὶ
1770 3140 1938 3208 ’χιιι-ὠς

348 3236 557 3289 ante;
582 3226 703 3277 Οὐκ
732 3218 846 3292 ἆρα
875 3225 957 3278 σὺ
989 3222 1044 3279 εἴ
1072 3229 1103 3280 ό
1130 3230 1474 3297 Αἰγύπτιος,
1505 3234 1537 3283 ό
1567 3232 1679 3297 πρὸ
1710 3232 1938 3285 τούτων
1963 3262 2004 3297 ρ

348 3314 476 3367 τῶν
502 3316 737 3386 ἡμερῶν·
760 3317 1211 3386 ἀναστατώσας,
1244 3320 1341 3374 καί
1373 3322 1685 3393 ἐξαγαγὼν
1712 3326 1799 3391 εὶς
1823 3323 1939 3392 τὴν

348 3404 580 3475 ἔρημον
608 3407 743 3474 τοὺς
785 3413 1303 3480 τετρακισχιλίους
1337 3411 1563 3483 ἄνδρας
1600 3413 1720 3468 τῶν
1768 3431 1939 3470 σικαο

347 3499 499 3567 ρίων
516 3518 536 3567 ;

419 3594 484 3648 δ’.
515 3598 887 3662 Σιμωνιανοι.
918 3601 1100 3671 Σίμων
1130 3602 1224 3656 καὶ
1252 3600 1415 3663 αὐτὸς
1447 3600 1539 3653 ἐπὶ
1572 3600 1681 3654 τῶν
1708 3602 1938 3663 omne.

350 3687 461 3741 λων
488 3690 658 3758 μάγος
689 3693 979 3762 γενόμενος
1002 3733 1015 3755 ,
1057 3694 1269 3763 αἵρεσιν
1295 3694 1382 3746 διὰ
1425 3694 1524 3763 τῆς
1554 3694 1662 3747 τῶν
1696 3695 1938 3764 σημείων

351 3786 411 3835 ὲν
446 3785 633 3856 τέρασι
655 3785 884 3855 ψευδοῦς
925 3789 1204 3854 ἐνδείξεως
1233 3789 1516 3859 εἰσήγαγε,
1548 3789 1722 3856 λέγων
1750 3789 1939 3842 ἑαυτὸν

349 3873 493 3929 εἶναι
545 3878 639 3930 τοῦ
694 3880 830 3932 Θεοῦ
862 3879 962 3949 τὴν
1010 3881 1254 3950 μεγάλην
1297 3880 1548 3950 δύναμιν.
1593 3881 1702 3932 Καὶ
1744 3880 1938 3934 τούτου

353 3971 544 4039 μνήμη
577 3988 659 4032 τις
690 3973 747 4024 ἐν
774 3975 893 4036 ταῖς
923 3973 1166 4043 Πράξεσι
1194 3972 1300 4025 τῶν
1336 3972 1652 4025 ἀποστόλων
1684 3973 1935 4043 φέρεται.

423 4067 485 4114 ε’.
533 4062 883 4125 Ἐὄιωναῖοι.
917 4066 1011 4118 καὶ
1055 4062 1200 4120 οὗτοι
1232 4066 1375 4119 κατὰ
1408 4067 1536 4128 τοὺς
1568 4066 1676 4118 τῶν
1710 4067 1940 4119 ἀποστό-

348 4152 463 4206 λω)
488 4154 711 4224 χρόνους
737 4157 1013 4224 γεγόνασι,
1038 4156 1261 4226 πτωχοὶ
1288 4158 1736 4228 ἑρμηνευόμενοι,
1766 4157 1853 4211 διὰ
1880 4157 1940 4210 τὸ

350 4262 421 4297 πε
435 4245 487 4315 pl.
508 4246 605 4316 τὴν
626 4246 807 4300 πίστιν
834 4250 1159 4319 πτωχεύειν.
1186 4250 1265 4302 Τὰ
1287 4251 1396 4319 γὰρ
1421 4248 1711 4319 σωματικὰ
1732 4250 1941 4319 νόμιμα

349 4338 631 4402 Μωῦσέως
668 4340 933 4393 ἐπιτελεῖν
966 4341 1045 4394 ἔτι
1084 4342 1363 4411 βούλονται
1395 4342 1523 4404 τοὺς
1558 4342 1803 4404 πιστούς.

426 4436 500 4494 ς’.
538 4433 656 4484 Εἰσὶ
687 4434 780 4485 καὶ
818 4434 965 4486 ἄλλοι
1012 4433 1361 4497 Ἕϐιωναῖοι,
1394 4435 1439 4486 οἱ
1480 4434 1572 4486 καὶ
1615 4432 1940 4501 Ναζωραῖοι

350 4520 704 4590 καλούμενοι,
741 4522 809 4574 τὰ
844 4522 984 4575 αὐτὰ
1017 4523 1116 4592 μὲν
1156 4522 1283 4592 περὶ
1311 4523 1379 4576 τὰ
1420 4524 1700 4586 Μωῦσὲιςς
1731 4525 1939 4593 νόμιμα

1514 427 1889 488 LIBELLUS
1929 427 2428 487 MEMORI.\I.[S.

439 536 593 591 Μετά
615 534 817 589 τούτων
840 535 1167 605 Μαξιμῖνος
1193 536 1257 591 ια’
1276 538 1513 603 διωγμὸν
1539 538 1860 607 διαδέχεται,
1885 538 1944 589 ὃν
1975 544 2020 595 Α

3528 430 3629 495 150

2126 539 2209 591 il.
2246 538 2569 593 Maximinus
2609 548 2727 608 post
2787 540 2882 594 hos
2932 541 3277 595 underimam
3317 544 3627 612 aggreditur

2053 632 2487 699 persecutionem
2517 651 2529 687 :
2562 648 2723 701 quam
2757 634 2984 702 ipsemet
3018 644 3203 703 postea
3237 635 3457 687 decreto
3481 652 3621 688 enim

2055 725 2288 791 pescuit.
2324 724 2589 796 lhrinceps
2620 725 2860 780 Ecclesia
2888 741 2914 777 a
2944 728 3417 795 persecutionibus
3442 728 3629 782 intide-

2055 816 2183 868 lium
2244 816 2540 880 immunis,
2606 818 2709 872 sub
2779 818 3195 886 imperatoribus
3250 818 3630 885 Constantino,

2051 907 2372 961 Constantio
2402 918 2565 978 atque
2592 908 2889 965 Constante
2917 910 3117 966 multas
3150 912 3409 966 sustinuit
3440 912 3631 967 turbas

2052 1001 2121 1053 ab
2152 1001 2392 1056 Arianis.

2128 1094 2209 1146 Η.
2235 1093 2455 1147 Jnlimio
2494 1103 2682 1163 postea
2717 1093 3082 1164 imperitante,
3112 1094 3204 1163 qui
3236 1096 3449 1149 etlmica
3480 1095 3631 1148 insti-

2051 1194 2164 1238 tuta
2196 1187 2482 1255 amplexus
2520 1196 2625 1251 est,
2663 1200 2763 1241 nec
2794 1196 3117 1255 persecutus
3148 1195 3232 1240 est
3264 1194 3465 1249 tamen,
3500 1186 3627 1240 abo-

2051 1277 2289 1333 minatus
2321 1278 2697 1343 Christianos,
2721 1288 2911 1333 contra
2951 1293 3093 1348 quos
3124 1277 3288 1333 etiam
3324 1278 3492 1332 libros
3519 1279 3629 1333 edi-

2049 1368 2159 1434 dit;
2200 1385 2321 1422 rum
2353 1370 2534 1439 populi
2564 1385 2657 1440 per
2683 1370 2845 1424 urbes
2876 1372 3039 1440 atque
3070 1370 3220 1424 vicos
3255 1371 3307 1425 in
3337 1370 3628 1441 perniciem

2048 1472 2291 1514 no~tram
2327 1462 2588 1531 imperiali
2622 1470 2901 1515 uterentur
2938 1478 3099 1517 sensu
3126 1505 3140 1526 ,
3182 1463 3631 1531 Christianosque

2048 1552 2337 1606 crudeliter
2367 1552 2715 1621 exciperent;
2754 1552 2877 1605 hinc
2902 1555 3063 1605 etiam
3091 1552 3325 1606 Iuereses
3358 1550 3623 1606 adversus

2050 1645 2344 1699 Ecclesiam
2377 1656 2511 1699 orta:
2541 1656 2687 1707 sunt,
2725 1645 2838 1699 sive
2863 1643 3192 1697 Arianorum
3228 1645 3340 1699 sive
3378 1628 3628 1698 Homini-

2059 1737 2325 1790 colarum.

2046 1851 2197 1906 CAP.
2233 1850 2388 1904 CXL.
2433 1880 2499 1892 —
2543 1849 2680 1915 Quot
2726 1852 2943 1970 [turrescf
2984 1848 3227 1903 Ecclesia:
3269 1850 3426 1917 ﬁdem
3470 1866 3630 1919 uppe-

2731 1930 2901 1970 tierun
2934 1957 2948 1970 .

2731 1930 2948 1972 tierunt.

2120 2036 2362 2089 Primum
2386 2034 2502 2102 ipso
2519 2032 2754 2087 adventu
2782 2031 2992 2085 Domim
3019 2032 3070 2084 in
3094 2048 3276 2095 carne,
3300 2034 3629 2088 exstiterunt

2047 2126 2267 2196 quidam
2339 2122 2657 2185 llcrodiani,
2718 2121 2810 2191 qui
2879 2118 3123 2175 dicerent
3188 2121 3451 2175 llerodcm
3508 2139 3630 2178 esse

2046 2220 2344 2273 Christum.

2115 2312 2167 2365 2.
2211 2311 2503 2366 Theudiani
2527 2330 2554 2367 a
2588 2314 2807 2369 Thcuda
2840 2314 3073 2384 decepti,
3103 2314 3258 2382 cujus
3285 2314 3616 2365 mentionem

2048 2404 2176 2458 facit
2227 2405 2387 2459 etiam
2434 2407 2766 2461 Gamaliclus
2806 2408 2940 2477 legis
2990 2408 3197 2468 doctor,
3234 2405 3361 2457 dum
3405 2412 3631 2458 senten-

2047 2500 2173 2550 tiam
2205 2512 2359 2549 suam
2402 2499 2748 2565 pontiﬁcibus
2780 2500 3009 2553 suadere
3042 2499 3352 2559 nitebatur,
3401 2496 3493 2563 qui
3533 2510 3629 2547 ne-

2047 2583 2161 2635 scio
2194 2583 2322 2649 quid
2358 2598 2516 2653 agere
2550 2585 2798 2639 volebant
2839 2587 3099 2639 adversus
3136 2587 3429 2653 apostolos,
3467 2592 3523 2637 ut
3565 2600 3631 2635 ne

2048 2674 2177 2742 quid
2205 2674 2467 2729 adversus
2496 2678 2617 2731 illos
2648 2688 3002 2743 conarentur,
3038 2679 3291 2746 inquiens
3326 2696 3337 2730 :
3379 2678 3505 2729 Ante
3537 2676 3629 2727 hos

2044 2767 2181 2819 enim
2225 2768 2334 2820 dies
2369 2772 2598 2823 surrexit
2635 2770 2909 2829 Tlicudns,
2945 2770 3120 2821 dicens
3154 2786 3207 2821 se
3240 2770 3461 2837 aliquem
3497 2784 3626 2820 esse.

2116 2861 2168 2914 5.
2205 2861 2585 2930 Apostolorum
2622 2872 2866 2933 tempore
2891 2864 2993 2915 alia
3026 2858 3505 2915 int-resisconllata
3538 2870 3623 2911 est

2044 2953 2438 3025 Hierosolymis
2473 2956 2759 3022 cujusdam
2796 2956 2937 3024 magi
2977 2954 3219 3025 Egyptii
3253 2970 3271 3008 :
3306 2954 3463 3018 cujus
3490 2969 3630 3022 quo-

2041 3062 2147 3114 que
2184 3046 2438 3098 nonnulla
2488 3048 2693 3100 mentio
2724 3047 2775 3099 in
2819 3046 3139 3116 apostolicis
3176 3046 3398 3099 Actibus
3435 3059 3628 3097 occur-
3691 3098 3695 3105 ,

2042 3138 2132 3200 rit,
2169 3138 2388 3205 quando
2424 3138 2499 3190 ait
2535 3138 2785 3193 tribunus
2832 3138 3003 3191 Paulo
3050 3157 3062 3192 :
3113 3136 3351 3191 (inerant
3392 3136 3627 3205 linquam

2041 3228 2201 3282 calles
2220 3231 2245 3283 Σ)
2272 3227 2351 3281 An
2384 3246 2482 3282 non
2512 3246 2633 3299 ergo
2651 3246 2701 3283 es
2726 3239 2778 3281 tu
2805 3229 3091 3299 Egyplius
3123 3228 3233 3294 ille,
3262 3229 3353 3297 qui
3376 3236 3499 3281 ante
3529 3231 3624 3281 nos

2041 3322 2153 3375 dies
2204 3322 2488 3376 seditiones
2536 3323 2815 3376 concitavit
2846 3362 2861 3385 ,
2921 3322 3201 3391 eduxitque
3251 3323 3302 3374 in
3358 3321 3622 3375 desertum

2040 3424 2268 3485 quatuor
2302 3414 2475 3469 millia
2495 3416 2764 3469 hominum
2792 3416 3146 3469 sicariorum?

2113 3596 2165 3649 4.
2192 3594 2507 3649 Simoninni.
2542 3594 2730 3647 Simon
2757 3603 2808 3647 et
2847 3594 2963 3663 ipse
2992 3608 3182 3662 magus
3223 3602 3466 3661 tempore
3494 3605 3626 3659 apo-

2041 3687 2303 3741 stolorum
2343 3686 2462 3748 fuit,
2502 3686 2858 3755 limresiinque
2899 3686 3109 3740 induxit
3133 3701 3226 3754 per
3254 3684 3535 3754 signorum
3566 3698 3630 3736 ac

2044 3778 2414 3847 prodigiorum
2474 3780 2787 3831 mendacem
2845 3777 3252 3839 ostensionein,
3315 3776 3503 3830 dicens
3570 3790 3631 3829 sc

2041 3887 2163 3925 esse
2192 3870 2281 3924 Dei
2326 3887 2575 3940 magnam
2617 3871 2936 3939 potentiam.
2970 3870 3034 3923 Et
3070 3870 3231 3939 hujus
3261 3877 3442 3924 exstat
3470 3884 3627 3923 meu-

2043 3965 2118 4016 tio
2150 3963 2330 4031 aliqua
2366 3964 2418 4016 in
2448 3964 2670 4017 Actibus
2701 3964 3096 4033 apostolorum.

2113 4056 2167 4108 5.
2210 4054 2478 4121 It‘bionmi,
2521 4057 2624 4123 ipsi
2661 4072 2877 4124 quoque
2915 4056 3133 4110 fuerunt
3169 4054 3311 4109 circa
3346 4053 3628 4124 apostolo—

2043 4161 2161 4197 rum
2197 4148 2570 4215 temporu,qtti
2605 4146 2867 4212 Panperes
2902 4148 3345 4217 interpretantur,
3376 4153 3629 4216 propter-

2045 4245 2107 4282 ea
2176 4232 2319 4298 quod
2354 4233 2535 4301 in0pia
2569 4234 2691 4287 ﬁdei
2725 4234 2974 4288 laborant
3004 4253 3017 4288 :
3052 4235 3357 4304 corporalia
3392 4250 3628 4305 namque

2044 4333 2245 4381 statuta
2274 4324 2474 4397 Moysis
2508 4326 2845 4380 contendunt
2872 4325 3056 4381 ﬁdeles
3086 4325 3283 4380 debere
3310 4327 3626 4380 observare.

2118 4418 2168 4471 6.
2210 4417 2351 4471 Sunt
2392 4430 2444 4472 et
2479 4418 2567 4472 alii
2606 4417 2867 4483 Ebionmi,
2916 4420 3010 4488 qui
3048 4420 3207 4474 etiam
3246 4417 3503 4472 Nazarwi
3534 4432 3626 4472 v0-

2042 4523 2257 4566 cantur.
2296 4511 2354 4564 Ili
2388 4511 2530 4566 circa
2561 4511 2751 4581 legalia
2795 4511 2997 4583 Moysis
3032 4512 3254 4581 perinde
3294 4511 3514 4580 quidem
3546 4518 3626 4563 at-

349 4616 466 4676 τοῖς
505 4612 684 4677 ἄλλοις
724 4590 1092 4684 διακείμενοι,
1125 4615 1186 4667 ού
1386 4615 1476 4667 τὸν
1526 4614 1728 4683 Κύριον
1776 4590 1933 4684 fit).th

2046 4622 2145 4673 que
2189 4605 2571 4658 antecedentes
2608 4605 2784 4659 all‘ecti
2841 4614 3000 4662 sunt:
3036 4605 3393 4659 nihilominus
3444 4613 3624 4656 tamen

358 4704 572 4774 Ἰησοῦν
616 4706 850 4776 Χριστὸν
877 4746 892 4772 ,
921 4706 1055 4759 Θεοῦ
1088 4708 1280 4775 Λόγον,
1328 4708 1752 4777 προϋπάρχοντα
1797 4704 1935 4761 εἶναι

344 4798 485 4852 Θεὸν
512 4798 609 4850 καὶ
632 4796 766 4850 Θεοῦ
790 4797 917 4851 Υἱὸν
943 4797 1278 4862 δοξάζοντες,
1310 4798 1425 4851 ἀλλ’
1454 4799 1742 4868 ἄνθρωπον
1769 4801 1936 4870 τιμῆς

344 4891 470 4947 υἱοῦ
494 4891 631 4945 Θεοῦ
659 4892 982 4961 ἠξιωμένον.

420 4980 486 5046 ζ’.
527 4983 981 5051 Merci-aptarat.
1044 4984 1353 5053 Μένανδρός
1402 5001 1487 5044 τις
1536 4983 1643 5035 ἀπὸ
1690 4982 1934 5053 Σίμωνος

345 5076 652 5147 ἀποσχίσας
672 5118 684 5140 ,
714 5077 917 5130 ἄνωθεν
962 5076 1151 5129 ἑαυτὸν
1187 5077 1371 5145 ἔλεγεν
1398 5076 1791 5143 καταπέμφΟαι
1823 5074 1934 5145 (75)

348 5168 431 5228 εἰς
479 5166 826 5219 διδασκαλίαν
860 5166 971 5236 (76)
1027 5166 1179 5219 τοῦδε
1218 5166 1313 5219 τοῦ
1364 5166 1593 5236 κότμου.
1641 5167 1936 5235 Ἀγγέλους

348 5258 635 5325 γεγονέναι
666 5258 894 5322 πολλούς
925 5277 1077 5322 τινας
1105 5258 1199 5312 καὶ
1224 5258 1652 5330 ἀναριθμήτους.

422 5356 493 5419 η’.
530 5353 1020 5417 Σατορνηλιανοί.
1074 5351 1132 5404 '0
1166 5350 1497 5423 Σατορνῆλος
1525 5348 1677 5415 οὗτος
1707 5352 1814 5403 ἀπὸ
1841 5353 1934 5405 τοῦ

348 5443 668 5514 Μενάνδρου
699 5444 906 5513 διέστη,
934 5444 999 5495 δι’
1026 5444 1166 5496 ἑπτά
1193 5445 1353 5513 μόνον
1380 5444 1629 5512 ἀγγέλων
1656 5445 1942 5513 γεγονέναι

348 5536 683 5605 παραδιδοὺς
731 5538 823 5589 τὸν
866 5537 1071 5608 κόσμον
1094 5581 1107 5604 ,
1143 5537 1258 5591 ἀλλ’
1310 5537 1371 5590 οὐ
1403 5537 1493 5590 διὰ
1527 5537 1792 5591 πλειόνων
1814 5576 1829 5601 ,
1868 5538 1943 5599 ώς

343 5629 665 5699 Μένανδρος
686 5629 1023 5684 ύπετόπασε.

424 5788 537 5855 (74)
569 5788 728 5843 Deest
763 5790 869 5843 ἀπὸ
894 5790 1087 5844 Θευδᾶ.

427 5860 536 5922 (75)
572 5861 1053 5929 Καταπεπέμφοαι
1085 5860 1168 5916 vel
1195 5860 1673 5932 καταπεμφθῆναι.

2048 4716 2153 4752 non
2178 4701 2514 4753 arbitrantur
2530 4701 2814 4753 Dominum
2843 4710 3087 4753 nostrum
3114 4699 3298 4753 Jesum
3324 4697 3624 4762 Christum,

2049 4793 2137 4845 Dei
2174 4791 2450 4857 Verbum,
2498 4793 2961 4861 przeexsisteutem
3016 4792 3184 4845 fuisse
3227 4792 3389 4844 Deum
3430 4790 3625 4859 Deique

2044 4883 2265 4945 Filium,
2295 4884 2390 4937 sed
2421 4884 2695 4938 hominem
2729 4884 2935 4937 honore
2967 4884 3247 4951 diguatum
3284 4881 3377 4935 lilii
3414 4880 3530 4935 Dei.

2115 4979 2163 5031 7.
2205 4977 2602 5031 Menandriani.
2652 4976 2883 5044 Quidam
2930 4977 3219 5030 Menander
3258 4975 3553 5030 schismate
3598 4991 3624 5026 a

2044 5070 2268 5124 Simone
2330 5070 2649 5139 sejunclus,
2698 5069 2915 5124 coalitus
2979 5070 3158 5123 aiebat
3210 5083 3268 5123 se
3323 5065 3622 5119 demissqu

2047 5164 2211 5218 luisse
2234 5164 2297 5217 ad
2319 5164 2674 5218 erudiendum
2702 5164 2847 5218 hunc
2878 5163 3139 5217 mundum
3170 5179 3182 5214 :
3211 5160 3430 5231 angelos
3460 5159 3621 5213 exsti-

2044 5259 2178 5311 tisse
2214 5258 2648 5326 quamplurimos
2674 5266 2725 5310 et
2754 5256 3202 5309 innumerabiles.

2114 5352 2165 5406 8.
2199 5349 2588 5404 Saturneliani.
2627 5348 2952 5403 Saturnclus
2985 5365 3014 5403 a
3045 5347 3340 5401 Menandro
3373 5344 3619 5407 dissidet,

2049 5442 2255 5498 docens
2276 5459 2371 5512 per
2390 5452 2592 5511 septem
2623 5441 2785 5496 modo
2805 5442 3026 5512 angelos
3049 5441 3249 5496 factum
3282 5438 3449 5493 fuisse
3464 5452 3619 5491 mun-

2050 5537 2209 5601 dum,
2266 5536 2356 5590 sed
2403 5551 2510 5588 non
2548 5550 2641 5602 per
2674 5535 2896 5602 plures,
2946 5544 3001 5589 ut
3058 5532 3344 5587 Menander
3388 5529 3623 5585 absurde

2051 5639 2393 5685 commentus
2419 5637 2522 5681 est.

2117 5786 2227 5853 (76)
2290 5783 2504 5838 Fabric.
2569 5792 2722 5852 putat
2772 5780 3058 5853 legendum
3100 5779 3179 5838 εἰς
3232 5776 3621 5833 διδασκαλία-ιο

2046 5849 2265 5921 κτίστας
2295 5856 2445 5909 τοῦδε
2478 5849 2581 5908 τοῦ
2608 5855 2808 5922 κόσμου
2835 5849 3122 5919 ἀγγέλουςό
3163 5859 3268 5905 etc.
