4032 6580
427 400 522 462 ιΞί
1952 396 2029 456 J0

2161 399 2253 457 ῬΙ

3586 387 3686 454 152

485 520 537 568 9.
579 512 909 570 Basilidiani.
945 509 1209 566 Basilides
1241 510 1295 564 in
1328 506 1563 581 Aﬂgypto
1594 507 1786 563 fueral.
1818 506 1995 576 lnquit
2026 559 2029 567 γ

2171 508 2235 564 0'.
2262 506 2724 563 Βασιλειὸιανοί.
2760 505 2818 558 Ὀ
2845 503 3162 573 Βασιλείδης
3190 504 3247 556 ὲν
3272 501 3533 572 Αίγύπτῳ
3564 503 3686 570 ἐγε-

415 624 536 663 esse
572 607 676 661 ’565
708 608 905 672 οωιοε,
944 620 1175 675 quorum
1218 604 1378 657 etiam
1418 602 1637 657 nomina
1678 601 1888 654 recitat.
1931 600 1989 653 In

2162 619 2261 657 νει.
2297 602 2398 665 τξε¹
2426 596 2565 654 εἶναι
2590 599 2739 667 λέγει
2784 598 3067 668 οὐρανοὺς,
3093 598 3186 649 καὶ
3210 596 3452 665 ὀνόματα
3474 593 3687 656 τούτοις

417 699 589 770 pretio
621 698 781 753 habet
821 696 1143 750 vocabulum
1179 685 1452 757 Abraxas,
1489 693 1687 762 quippe
1712 689 1855 761 quod
1888 704 1992 742 nn-

418 810 626 849 merum
673 792 939 847 cmlorum
975 791 1251 845 contineat
1293 799 1346 842 et
1377 788 1589 842 dierum
1622 785 1748 840 anni
1788 803 1801 838 :

418 888 560 940 enim
598 894 870 940 trecentos
915 893 967 937 et
1001 883 1282 952 sexaginta
1330 881 1607 950 quinque,
1642 877 1686 931 si
1722 875 1993 931 calculum

418 980 724 1035 litterarum
764 978 940 1031 ineas.

491 1070 579 1126 10.
615 1069 920 1125 Nicolaiue.
950 1069 1206 1123 Nieolaus
1236 1071 1301 1121 de
1329 1075 1533 1135 septem
1553 1059 1801 1115 diaconis
1835 1074 1997 1122 untts,

2095 694 2443 765 ὲπιφημίζει,
2479 694 2571 746 καὶ
2598 693 2661 744 τὸ
2692 689 2958 759 ἀόραξᾶς
2997 691 3172 759 όνομα
3203 691 3361 760 τιμᾷ,
3397 690 3688 759 ἰσάριθμον

1853 782 1995 836 valet
2096 783 2156 839 ὃν
2187 787 2293 839 τῶν
2324 787 2570 858 οὐρανῶν
2608 786 2703 838 καὶ
2745 782 2968 855 ἡμερῶν
3000 782 3096 835 τοῦ
3133 782 3401 834 ἐνιαυτοῦ.
3447 781 3686 849 Τριακο-

2099 880 2249 941 σίους
2281 878 2388 950 γὰρ
2420 879 2513 931 καὶ
2544 877 2807 948 ἑξήκοντα
2839 879 3001 931 πέντε
3042 874 3253 946 ψήφους
3294 874 3471 944 φέρει.

2175 1057 2226 1113 ι’.
2257 1059 2624 1113 Νικολαῗτιιι.
2654 1057 2920 1121 Νικόλαος
2951 1056 3061 1111 ἀπὸ
3085 1057 3192 1110 τῶν
3216 1053 3357 1109 ἐπτά
3385 1052 3650 1108 διακόνων
3668 1092 3683 1118 ,

421 1166 515 1236 qui
557 1180 680 1221 eum
716 1164 983 1234 apostolis
1014 1162 1254 1217 fuerunt.
1296 1159 1431 1214 Cum
1474 1152 1784 1210 communia
1818 1159 2003 1205 essent

2161 1153 2211 1205 ὒν
2251 1154 2309 1206 ὲν
2349 1155 2463 1216 τοίς
2508 1152 2826 1215 ἀποστόλοις
2851 1194 2865 1218 ,
2896 1147 2977 1214 εἷς
3009 1152 3247 1219 ἐγένετο,
3294 1147 3384 1203 Ἐν
3413 1148 3491 1218 τῷ
3530 1148 3689 1200 κοινά

422 1258 676 1314 omnibus
703 1257 918 1321 omnia,
952 1257 1116 1310 etiam
1150 1268 1382 1307 uxorum
1422 1246 1865 1305 communionem
1915 1242 2003 1298 in-

2161 1265 2245 1299 ναι
2273 1246 2346 1300 τὰ
2375 1247 2552 1301 πάντα
2584 1250 2695 1311 τοῖς
2724 1248 2877 1308 πᾶσι,
2907 1247 3001 1299 καὶ
3028 1246 3126 1308 τὰς
3156 1246 3422 1313 γυναῖκας
3458 1244 3655 1311 είσηγη
3673 1271 3690 1286 ο

422 1352 600 1415 duxit,
633 1360 688 1406 et
718 1350 977 1405 inusitata
1005 1347 1253 1418 quaedam
1288 1344 1509 1398 nomina
1540 1335 1862 1394 honoranda
1893 1341 2005 1389 tra-

424 1445 584 1499 didit.
890 1491 899 1499 .

496 1537 522 1590 1
542 1537 588 1590 Ι.
609 1534 847 1590 Gnostici
872 1534 925 1589 in
949 1532 1184 1602 Ᾱίςγνῑο
1208 1536 1494 1599 coeperunt
1517 1524 1801 1580 haereticos
1825 1534 2005 1591 agere.

425 1627 637 1682 Alicubi
657 1627 821 1681 etiam
848 1622 1186 1687 Borboriam',
1213 1622 1268 1676 h.
1297 1636 1348 1674 e.
1381 1616 1651 1681 lntulenti,
1680 1614 2007 1669 vocitantur.

2108 1342 2363 1413 σάμενος,
2396 1342 2491 1395 καὶ
2521 1341 2647 1409 ξένα
2671 1340 2791 1395 τινὰ
2822 1340 3065 1411 όνόματα
3094 1337 3357 1409 τιμᾶσθαι
3392 1335 3689 1408 παραδούς.

2182 1522 2272 1579 ια’.
2310 1522 2640 1577 Γνωστικοί
2678 1522 2737 1573 ὲν
2767 1518 3029 1588 Αἰγύπτῳ
3060 1516 3296 1590 ἡρξαντο
3338 1512 3693 1586 αἰρεσιάζειν,

2110 1616 2342 1688 ἀλλαχοῦ
2373 1616 2431 1670 δὲ
2460 1612 2837 1683 Βορϐοριανοί
2876 1611 3285 1680 κικλήσκονται.
3335 1605 3690 1677 Αἰσχροποιοὶ

426 1719 753 1788 Turpissinii
789 1719 878 1773 isti
913 1716 1165 1772 homines
1196 1712 1502 1767 Barbiloten
1533 1718 1586 1764 et
1619 1708 1850 1761 Barbara
1883 1720 2010 1774 pro-

2161 1707 2255 1765 Ξτοι
2287 1709 2385 1780 τὴν
2414 1707 2799 1776 Βαρόιλώτην
2828 1704 2923 1757 καὶ
2945 1702 3219 1773 Βαρὸερὼ
3244 1700 3355 1775 (77)
3386 1698 3698 1772 προφέρου-

429 1812 688 1867 nuntiant
720 1811 775 1867 in
813 1812 929 1866 suis
963 1808 1240 1881 precibus.

504 1866 592 1959 12.
632 1903 844 1974 Ophin
877 1866 991 1957 sive
1036 1896 1387 1970 Serpentarii.
1424 1894 1517 1948 Isti
1573 1900 1877 1961 serpentem
1918 1903 2012 1941 eo-
2044 1866 2088 1926 Β

430 2010 553 2056 .unt
578 2007 630 2053 et
684 1997 899 2068 plurimi
943 1995 1183 2050 omnium
1219 1990 1457 2051 faiiunt;
1493 1985 1691 2055 quippe
1728 1980 1820 2050 qui
1853 1977 2017 2033 fuerit

431 2106 597 2147 causa
621 2087 952 2158 cognitionis
983 2082 1318 2139 hominibus.

508 2181 596 2234 l5.
628 2178 819 2233 σαὶαηὶ
848 2177 1079 2232 Cainum
1113 2180 1367 2242 reputant
1398 2166 1832 2239 gloriﬁeandum,
1860 2164 2019 2235 quasi

433 2274 525 2345 qui
558 2288 752 2341 magna
784 2269 1033 2341 quaedam
1063 2270 1236 2320 virtus
1262 2264 1444 2319 fuerit.

514 2366 598 2422 M.
636 2364 856 2419 Set/rita:
898 2360 1121 2415 Setinum
1147 2398 1161 2421 ,
1198 2367 1453 2426 tanquam
1510 2370 1539 2409 υ
1584 2367 1817 2423 superna
1852 2358 2023 2404 matre

436 2461 742 2518 venientem
795 2456 862 2510 ad
916 2454 1199 2508 conditum
1262 2451 1386 2504 novi
1443 2447 1671 2506 mundi.
1730 2446 2018 2499 honorant.

438 2552 788 2621 Principatus
820 2564 882 2603 ac
912 2555 1205 2617 potestates
1248 2558 1345 2613 pro
1382 2541 1697 2596 numinibus
1728 2537 1950 2592 habent.

516 2647 602 2702 15.
644 2640 1051 2711 Carpocratiaui
1081 2640 1133 2693 in
1170 2638 1297 2692 Asia
1342 2635 1584 2690 fuerunt.
1623 2632 1889 2699 imagines
1922 2630 2015 2680 hoc

445 2741 654 2795 minmn
677 2777 693 2803 ,
729 2736 821 2806 qui
853 2734 936 2787 vel
967 2731 1105 2801 apud
1137 2730 1365 2801 gentiles
1391 2725 1740 2782 admirationi
1801 2722 2020 2786 fuerint,

445 2834 727 2903 pingentes
755 2830 1047 2884 honorant.
1073 2823 1201 2879 Jesu
1232 2836 1453 2893 quoque
1475 2820 1714 2875 animam
1744 2819 1797 2871 in
1824 2815 2022 2870 cmlnm

449 2940 720 2982 reversam
753 2922 930 2986 aiunt,
966 2928 1024 2974 ut
1058 2934 1179 2989 quae
1207 2916 1315 2971 Deo
1347 2916 1603 2986 placeret.

522 3104 608 3158 l6.
642 3099 993 3158 Cerinthiani.
1017 3096 1310 3152 Corinthus
1338 3093 1405 3147 ab
1436 3091 1626 3160 angelo
1653 3090 1821 3159 legem
1846 3086 2024 3140 datam

2117 1821 2200 1857 σιν
2231 1805 2288 1857 ἐν
2320 1804 2440 1864 ταῖς
2470 1801 2650 1854 αὐτῶν
2679 1801 2883 1868 εὐχαῖς.

3077 1853 3101 1876 ς

2200 1890 2284 1963 ιβ’.
2323 1891 2568 1961 Ὀφῖταμ
2603 1884 2764 1944 Οὗτοι
2811 1891 2903 1942 τὸν
2927 1889 3049 1957 ὅφιν
3074 1888 3278 1957 τιμῶσι
3304 1884 3400 1938 καὶ
3420 1880 3701 1954 προτίθεν-

2124 2004 2235 2051 ται,
2261 1986 2337 2049 ὡς
2366 1985 2460 2037 καὶ
2489 1985 2661 2037 αἴτιον
2689 1982 2943 2051 γνώσεως
2978 1978 3285 2051 ἀνθρώποις
3319 1976 3630 2047 γενόμενον.

2200 2170 2290 2232 ιγ’.
2324 2161 2568 2217 Καῖανοὶ
2612 2160 2703 2213 τὸν
2738 2158 2876 2211 Καῒν
2904 2157 2979 2220 ὡς
3014 2134 3261 2226 μεγάλην
3307 2149 3428 2205 τινὰ
3473 2148 3706 2219 δύναμιν

2128 2257 2390 2326 γεγονότα
2420 2253 2723 2319 δοξάζουσι.

2202 2348 2281 2401 ιδ’.
2312 2345 2554 2413 Σηθῖται
2582 2343 2673 2398 τὸν
2711 2341 2843 2412 Σὴθ,
2869 2340 2945 2404 ὡς
2973 2338 3080 2393 ἀπὸ
3107 2337 3206 2407 τῆς
3237 2336 3349 2389 ἄνω
3388 2330 3591 2405 μητρὸς
3623 2328 3713 2382 ἔλ-

2131 2440 2290 2493 θόντα
2317 2438 2397 2500 εἰς
2420 2436 2539 2489 νέου
2571 2435 2776 2505 κόσμου
2830 2427 3217 2503 δημιουργίαν,
3245 2425 3507 2497 τιμῶσιν,
3537 2423 3713 2493 ἀρχὰς

2131 2534 2224 2586 καὶ
2251 2528 2498 2596 ἐξουσίας
2534 2526 2926 2587 θεοποιοῦντες.

2204 2631 2284 2679 ιε’.
2325 2619 2856 2692 Καρποκρατιανοί,
2887 2619 2944 2671 ὲν
2976 2619 3043 2685 τῇ
3088 2614 3243 2685 Ἀσίᾳ
3272 2613 3561 2681 γεγόνασιν
3587 2650 3601 2671 ,
3631 2607 3712 2660 εί-

2132 2720 2294 2782 κόνας
2322 2717 2429 2771 τῶν
2475 2713 2897 2787 θαυμασθέντων
2931 2708 3235 2779 ἀνθρώπων
3278 2705 3375 2759 καὶ
3418 2701 3572 2772 παρά
3601 2702 3716 2762 τοῖς

2134 2810 2394 2879 Ἕλλησι,
2425 2805 2735 2878 γράψαντες
2762 2802 2984 2872 τιμῶσι.
3016 2800 3126 2853 Καὶ
3167 2797 3266 2869 τὴν
3308 2794 3483 2865 Ἰησοῦ
3533 2790 3716 2862 ψυχὴν

2134 2906 2214 2968 εἰς
2239 2902 2465 2972 οὐρανὸν
2490 2896 2897 2969 ἀνεληλυθέναι,
2933 2894 3007 2956 ὡς
3046 2881 3339 2963 εὐάρεστον
3374 2884 3453 2957 τῷ
3477 2884 3596 2953 Θεῴ
3621 2897 3718 2951 γε-

2133 3002 2374 3068 γονυῖαν,
2408 2994 2597 3066 φασίν.
2938 3062 2941 3063 ν

2212 3090 2308 3157 ις’.
2345 3084 2746 3155 ΚηρινθιατὋί.
2786 3079 3060 3153 Κήρινθος
3093 3077 3198 3131 ὑπὸ
3233 3073 3467 3143 ἀγγέλου
3505 3069 3597 3124 τὸν
3627 3066 3718 3120 νό-

447 3198 622 3254 fuisse
646 3194 871 3255 Judaris,
907 3206 1017 3245 non
1046 3189 1101 3244 in
1136 3188 1339 3243 bonum
1366 3186 1473 3239 illis
1514 3195 1791 3237 cessuram
1827 3176 2022 3231 aiebat.

2161 3201 2237 3237 ιον
2264 3179 2507 3235 δεδόσθαι
2552 3172 2852 3237 Ἰουδαίοις,
2886 3172 2986 3224 οὐκ
3019 3170 3097 3232 εἰς
3128 3165 3332 3235 ἀγαθὸν
3368 3162 3552 3225 αὐτοῖς
3580 3175 3718 3230 προσ

526 3375 613 3429 17.
640 3371 940 3428 Valentiani
971 3367 1427 3425 resurrectionem
1452 3379 1572 3418 esse
1596 3369 1794 3431 negant
1824 3378 1837 3415 :
1873 3359 2037 3414 Vetus

455 3468 745 3539 repudiant
767 3464 1177 3519 Testamentum
1226 3477 1238 3512 :
1273 3458 1545 3513 Christum
1576 3456 1641 3508 de
1671 3454 1806 3507 cmio
1838 3466 2037 3521 corpus

458 3562 709 3619 attulisse
733 3558 940 3613 volunt.

536 3653 622 3706 18.
663 3648 956 3704 Ptolemwi.
1006 3646 1050 3700 A
1101 3644 1387 3699 Valentino
1438 3641 1762 3694 Ptolenimus
1818 3637 2036 3706 quidam

459 3744 755 3803 dissidens.
802 3740 1052 3811 coniugia
1080 3753 1291 3793 :eonum
1324 3735 1392 3789 50
1428 3732 1617 3787 haeresi
1652 3729 2041 3784 Valentiniame

461 3835 852 3911 superaddidit.

536 3932 624 3987 i9.
655 3927 999 3986 Secundiani.
1029 3921 1260 3990 Quidam
1306 3917 1593 3973 Secundus
1623 3915 1724 3970 fuit
1753 3929 1876 3968 cum
1903 3928 2042 3982 quo-

465 4028 589 4082 dam
617 4024 827 4080 lsidoro
851 4030 903 4076 et
927 4018 1225 4090 Epiphane.
1258 4015 1321 4069 lii
1344 4028 1498 4068 carere
1530 4007 1885 4064 Valentiniani
1917 4022 2042 4062 sen-

468 4120 650 4175 tcntiae
676 4118 838 4173 etiam
867 4124 1052 4182 turpes
1081 4109 1325 4164 actiones
1359 4105 1703 4159 addiderunt.

539 4211 629 4266 20.
662 4206 1046 4263 Ileraclconita:
1081 4202 1150 4256 ab
1183 4200 1405 4254 Heracla
1440 4198 1703 4268 quodam,
1730 4195 2044 4252 octouarios

469 4302 733 4372 quosdam
772 4295 1118 4352 honorandos
1156 4291 1599 4354 introduxerunt,
1628 4304 1866 4358 suosque
1896 4303 2043 4342 mor-

469 4408 592 4453 tuos
642 4390 923 4447 Hebraicis
969 4385 1435 4448 iuvocationibus,
1485 4393 1646 4450 atque
1675 4380 1901 4436 balsami
1940 4396 2043 4435 un-

471 4490 633 4561 guine
666 4484 855 4541 redimi
891 4488 1239 4553 putaverunt.

2139 3275 2442 3347 ϐησόμενον
2474 3270 2599 3340 ἔφη.

2212 3341 2297 3432 ιζ’.
2334 3360 2759 3419 Οὐαλεντίαν-οὶ
2786 3356 2899 3431 (78)
2930 3355 3229 3411 ἀνάστασιν
3258 3348 3319 3404 οὗ
3348 3363 3512 3420 φασιν
3541 3341 3683 3398 εἶναι
3703 3384 3719 3407 ,

2140 3461 2386 3516 Παλαιὰν
2414 3455 2668 3512 ἀθετοῢσι
2691 3448 3091 3520 Διαθήκην,τὺν
3115 3443 3352 3515 Χριστὸν
3377 3440 3470 3495 ἀπ’
3490 3436 3723 3509 οὐρανοῦ

2143 3556 2301 3625 σῶμα
2334 3549 2655 3623 ἐνηνοχέναι
2689 3546 2991 3618 βούλονται.

2215 3622 2303 3716 ιη’.
2330 3641 2705 3712 Πτολεμαῖοι.
2747 3636 2881 3693 Ἀπὸ
2902 3630 3256 3689 Οὐαλεντίνου
3281 3622 3618 3693 Πτολεμαῖός
3642 3636 3727 3678 τις

2140 3740 2395 3803 διαστὰς,
2430 3734 2690 3803 συζυγίας
2722 3729 2930 3784 αἰώνων
2962 3724 3124 3779 τινῶν
3160 3720 3232 3788 λ’,
3269 3723 3335 3791 τῇ
3370 3714 3728 3771 Οὐαλεντίνου

2144 3830 2354 3901 αἱρέσει
2388 3827 2730 3898 προσήγαγε.

2217 3917 2302 3973 ιθ’.
2354 3912 2802 3971 Σελουνδιανοί.
2848 3905 3139 3969 Σεκοῦνὸός
3185 3921 3268 3967 τις
3318 3900 3537 3969 ἐγένετο
3590 3892 3731 3967 μετά

2157 4008 2428 4079 Ἰσιδώρου
2458 4004 2604 4067 τινὸς
2648 4002 2744 4057 καὶ
2784 3996 3136 4068 Ἐπιφανοῦς.
3180 3989 3340 4048 Οὗτοι
3381 3994 3447 4062 τῇ
3491 3987 3732 4042 υὺαλεν-

2144 4104 2291 4158 τίνου
2318 4099 2493 4170 τυφλῇ
2523 4096 2717 4167 γνώμῃ
2759 4094 2852 4147 καὶ
2880 4088 3272 4160 αἰσχρουργίας
3302 4079 3731 4154 προστέθεικαν.

2216 4194 2286 4250 κ’.
2332 4187 2720 4261 Ἠρακλέονες
2753 4184 2859 4238 ἀπὸ
2898 4180 3146 4251 Ἠρακλᾶ
3170 4192 3334 4238 τινος,
3363 4170 3620 4241 όγδοάδας
3648 4185 3736 4220 τι-

2146 4288 2242 4349 νὰς
2278 4285 2442 4355 τιμᾷν
2470 4278 2824 4350 εἰσήχθησαν,
2866 4276 2959 4327 καὶ
2992 4272 3117 4333 τοὺς
3154 4265 3522 4326 ἀποθανόντας
3550 4260 3734 4315 αὐτῶν

2147 4382 2202 4432 ὲν
2241 4376 2550 4447 Ἑϐραϊκαῖς
2576 4370 2916 4439 ἐπικλήσεσι,
2950 4364 3045 4419 καὶ
3073 4362 3151 4433 τῷ
3180 4360 3273 4414 τοῦ
3315 4357 3422 4414 ἀπὸ
3455 4353 3735 4427 βαλσάμου

2153 4469 2310 4539 μύρῳ
2332 4463 2660 4536 λυτροῦσθαι
2686 4459 2991 4531 νομίζουσι.

545 4584 633 4638 2i.
664 4578 935 4634 Marcosii.
964 4573 1196 4639 Quidam
1241 4569 1451 4624 Marcus
1482 4567 1581 4621 fuit
1609 4564 1887 4619 Colobarsi
1915 4580 2029 4617 cnu-

2224 4538 2329 4613 κα¹.
2362 4557 2712 4625 Μαρκόσιοι.
2752 4553 2977 4621 Μάρκος
3003 4564 3085 4610 τις
3121 4543 3411 4613 γεγένηται
3438 4538 3739 4606 Κολωῆαρτ

473 4676 805 4746 discipulus,
837 4672 929 4742 qui
973 4670 1081 4722 duo
1131 4664 1395 4736 principia
1428 4661 1666 4722 invexit,
1709 4667 2043 4713 mortuorum

475 4784 680 4840 negans
715 4763 1198 4821 resurrectionem.

548 4862 639 4916 29..
684 4858 1000 4915 Culobarsii.
1047 4853 1375 4910 Colobarsus
1425 4846 1612 4902 eadem
1668 4845 1934 4899 sentiebat
1965 4852 2047 4896 at-

479 4971 582 5025 que
604 4953 838 5015 Marcus,
872 4960 927 5004 at
950 4950 1171 5015 insuper
1204 4940 1468 5012 quosdam
1496 4935 1805 4993 octouarios
1834 4934 2051 5003 adjecit.

550 5045 643 5100 25.
676 5039 1014 5097 Cerdoniaui.
1051 5036 1276 5103 Quidam
1312 5031 1488 5087 Cerdo
1530 5027 1771 5083 ileracla:
1810 5039 2051 5079 errorem

482 5135 779 5206 adoptavit,
833 5142 887 5187 et
931 5132 1039 5184 duo
1096 5124 1368 5184 contraria
1421 5120 1685 5192 principia
1738 5115 2053 5177 constituit,

482 5228 869 5296 Christumque
902 5238 1001 5277 nec
1041 5238 1103 5277 ex
1153 5220 1259 5274 Deo
1306 5227 1516 5284 natum;
1536 5214 1732 5275 aiebat,
1774 5225 1947 5278 neque
1990 5222 2055 5261 ex

487 5318 653 5373 Maria
695 5331 832 5372 esse.
875 5312 1347 5367 Resurreetionem
1383 5317 1563 5377 negat,
1585 5314 1638 5359 et
1669 5301 1835 5358 Vetus
1861 5299 2055 5355 Testa-

490 5419 731 5465 mentum
766 5423 871 5463 uon
900 5406 1156 5461 admittit.

559 5503 647 5557 ΞΛ.
682 5502 1060 5556 Marcionistw.
1093 5498 1294 5553 Marcio
1320 5496 1579 5551 Ponticus
1610 5494 1729 5549 fuit.
1756 5489 1881 5545 Tria
1908 5488 2059 5560 prin-

493 5596 630 5666 cipia
661 5610 780 5649 esse
815 5592 1142 5657 somniabat,
1174 5588 1642 5660 bonum.justum,
1673 5584 1894 5639 malum.
1920 5583 2054 5636 Eum

565 5792 678 5861 (77)
710 5792 877 5857 Quasr
906 5790 1055 5847 dicas
1077 5791 1364 5860 barbeltho,
1395 5791 1557 5846 iiiium
1588 5788 1836 5856 dominii,
1866 5796 1918 5844 et
1941 5785 2062 5839 bar-

499 5867 636 5920 bero.
669 5864 839 5918 lilium
870 5864 1148 5919 creatoris.

2157 4652 2253 4705 σοῦ
2282 4668 2344 4704 συ
2352 4647 2674 4720 μφοιτητὴς,
2692 4645 2785 4699 δύο
2806 4644 2979 4714 ἀρχὰς
2997 4639 3254 4706 εἰσάγων,
3278 4632 3486 4706 νεκρῶν
3506 4629 3741 4685 ἀνάστα-

2157 4761 2240 4798 σιν
2271 4742 2496 4797 ἀθετῶν.

2230 4835 2330 4907 κβ’.
2368 4830 2796 4899 Κολωϐαρσίοι.
2854 4827 2914 4877 '0
2968 4818 3330 4888 Κολωὸαρσὸς
3368 4814 3582 4883 Μάρκῳ
3641 4810 3744 4882 μὲν

2157 4934 2226 4987 τά
2250 4931 2386 4985 αὐτὰ
2416 4925 2647 4999 φρονῶν,
2684 4919 2939 4993 προσθεὶς
2963 4917 3021 4969 δὲ
3046 4917 3142 4969 καὶ
3169 4911 3426 4980 ὀγδοάδας
3455 4908 3631 4970 τινάς.

2233 5023 2336 5093 κγ’.
2365 5016 2781 5089 Κερδωνιανοι.
2815 5012 3037 5083 Κέρδων
3060 5025 3142 5071 τις
3175 5004 3419 5074 Ἠρακλᾶ
3439 5000 3745 5069 διαδέχεται

2164 5120 2262 5188 τὴν
2282 5090 2517 5183 ἑλάνην,
2555 5110 2646 5164 δύο
2667 5109 2725 5188 δὲ
2749 5105 2922 5177 ἀρχάς
2950 5100 3195 5163 ἐναντίας
3224 5097 3480 5165 ἀλλήλαις
3505 5090 3746 5159 ὑπεστή-

2164 5226 2315 5271 σατο,
2364 5205 2455 5258 τὸν
2508 5202 2565 5254 δὲ
2596 5186 2833 5269 Χριστὸν
2878 5194 3015 5265 μήτε
3050 5194 3114 5244 ἐκ
3151 5188 3244 5241 τοῦ
3286 5184 3422 5237 Θεοῦ
3462 5178 3745 5250 γεννητὸν,

2167 5304 2303 5371 μήτε
2344 5302 2407 5351 ἐκ
2450 5294 2669 5363 Μαρίας
2699 5288 2858 5345 εἶναι.
2911 5286 3236 5339 Ἀνάστασιν
3268 5279 3485 5340 ἀθετεῖ,
3515 5276 3609 5327 καὶ
3643 5270 3747 5341 τὴν

2162 5392 2406 5448 Παλαιὰν
2440 5387 2714 5458 Διαθὴκην
2738 5384 2797 5437 οὺ
2826 5379 3211 5451 παραδέχεται.

2235 5484 2331 5540 κδ’.
2385 5476 2850 5551 Μαρκιωνισταί.
2894 5471 3160 5543 Μαρκίων
3214 5463 3473 5525 Ποντικῦς
3530 5458 3747 5527 γέγονε.

2162 5580 2323 5653 Τρεῖς
2351 5578 2524 5650 ἀρχὰς
2550 5570 2687 5628 εἶναι
2714 5570 2983 5637 ἐδόξασεν,
3012 5562 3239 5635 ἀγαθὸν,
3267 5560 3493 5623 δίκαιον,
3520 5550 3747 5622 φαῦλον.

2245 5778 2355 5854 (78)
2392 5778 2553 5836 Forte
2581 5764 3037 5831 Οὐαλεντινιανοί.
