4050 6588
362 395 466 456 153
1531 410 1904 473 LIBELLUS
1945 413 2454 478 MEMORIALIS.
3529 422 3632 489 151

363 506 469 562 Τὸν
489 508 670 600 δὲτὴν
696 509 939 566 Παλαιὰν
959 514 1035 585 τῷ
1069 515 1285 588 Ἰσραὴλ
1309 519 1766 590 νομοθετήσαντα,
1793 527 1927 578 ἐναν⁴

2048 545 2208 598 porro
2228 531 2316 599 qui
2341 527 2510 585 Vetus
2532 531 2939 586 Testamentmn
2965 531 3144 586 Israeli
3171 531 3284 600 lege
3307 533 3486 587 sanxit
3504 533 3649 589 Novo

359 602 482 655 τίαν
519 598 687 658 οὖσαν
717 609 784 677 τῇ
813 607 986 678 Καινῇ
1010 648 1026 672 ,
1057 609 1244 680 ἓτερον
1275 611 1375 681 ἔφη
1412 612 1545 665 Θεὸν
1591 612 1752 670 εἶναι.
1789 619 1918 672 Ἀνά

2059 625 2417 686 ‹·οειιι·ειι·ἱυιιι,
2452 624 2617 677 alium
2647 623 2862 679 dicebat
2887 639 3008 679 esse
3041 624 3228 678 Deum.
3267 623 3642 680 Resurrcctiu-

363 712 554 748 στασιν
622 698 844 764 ἀθετεῖ,
906 700 1188 773 βάπτισμα
1271 705 1534 769 πολλάκις
1591 711 1702 772 τοῖς
1769 713 1924 765 αὐτοῖ

2059 730 2180 768 nem
2211 715 2438 784 respuit.
2473 715 2754 784 Baptisma
2786 717 3066 771 multoties
3096 718 3301 771 eisdem
3326 715 3648 772 conferebat

355 786 576 879 δίδωσιν
619 791 713 845 ἐπὶ
775 794 1062 865 ἁμαρτιῶν
1113 797 1284 852 λύσει.
1359 797 1539 871 ’Υπὲρ
1589 807 1927 875 κοιμωμένω

2057 808 2110 859 in
2149 808 2524 863 remissionem
2553 818 2929 878 peccatorum.
2961 807 3246 879 Baptizant
3268 824 3364 878 pro
3390 810 3641 864 mortuis.

360 877 711 949 βαπτίζουσι.

432 970 530 1028 κε’.
569 978 1021 1032 Λουκιανισταί.
1050 981 1276 1046 Λούκιός
1303 1001 1408 1047 τις,
1433 986 1556 1056 οὐχ).
1583 988 1610 1040 ό
1645 987 1943 1055 Ἀρειανὸς,

357 1065 552 1129 γέγονε
575 1069 716 1136 μετὰ
742 1069 1066 1138 Μαρκίωνα,
1094 1073 1161 1125 τὰ
1181 1076 1510 1144 Μαρκίωνος
1534 1078 1941 1150 διαδεξάμενος,

355 1156 452 1207 καὶ
484 1155 650 1227 ἕτερα
679 1161 864 1224 αὐτοῖς
895 1163 1246 1232 ἐπιπροσοεὶς
1285 1168 1624 1241 ἀτοπώτερα.

431 1247 546 1313 κς’.
583 1250 975 1307 Ἀπελλιανοί.
1021 1256 1153 1308 Ἀπὸ
1185 1258 1484 1312 Ἀπελλάου
1507 1263 1652 1324 τινὸς
1686 1264 1944 1336 ἦρξαντο.

357 1339 598 1404 Κακίζει
641 1343 697 1394 δὲ
730 1344 827 1414 τὴν
877 1347 1096 1417 ποίησιν
1130 1353 1332 1414 πᾶσαν,
1366 1353 1442 1416 ὼς
1472 1358 1566 1409 καὶ
1595 1360 1622 1409 ὁ
1653 1358 1940 1428 Μαρκίων.

367 1433 448 1486 Οὐ
477 1437 628 1503 τρεῖς
655 1435 712 1489 δὲ
751 1437 924 1509 ἀρχὰς
953 1435 1124 1506 εἶπεν,
1155 1442 1229 1507 ὠς
1255 1446 1463 1510 ἐκεῖνος
1485 1487 1500 1510 ,
1534 1449 1648 1502 ἀλλ’
1678 1450 1775 1504 ἕνα
1813 1451 1945 1504 Θεὸν

356 1525 702 1596 πεποιηκότα
721 1528 851 1582 Θεὸν
877 1529 964 1582 ἓτε
969 1548 1084 1598 ρον,
1103 1534 1195 1588 τὸν
1215 1535 1313 1605 τῆς
1339 1538 1569 1601 κτίσεως
1588 1540 1942 1612 δημιουργόν.

425 1705 529 1770 κζ’.
565 1709 851 1766 Τατιανοί.
891 1712 1158 1776 Τατιανὸς
1198 1717 1255 1768 ὲν
1285 1721 1350 1787 τῇ
1414 1721 1810 1794 Μεσοποταμίᾳ
1845 1741 1943 1792 γε-

351 1797 526 1864 γόνει,
552 1800 650 1869 τὴν
702 1801 1090 1874 Ἐγκρατητῶν
1123 1807 1336 1879 αἵρεσιν
1384 1815 1798 1884 συστησάμενος
1821 1859 1834 1882 ,
1876 1817 1942 1888 ἢν

353 1888 534 1942 ι’σασιν
553 1891 602 1943 οί
638 1892 840 1948 πολλοί.

422 1988 532 2050 κη’.
573 1986 817 2056 Φρύγες.
867 1992 1162 2057 Μωντανός
1209 2011 1294 2058 τις
1353 1996 1448 2051 καὶ
1499 1997 1799 2068 Πρισκίλλα
1837 2001 1938 2072 τὴν

351 2074 571 2146 αἵρεσιν
597 2079 655 2129 ἐν
685 2081 750 2149 τῇ
793 2082 1003 2151 Φρυγίᾳ
1044 2088 1446 2156 συνεστήσαντο
1466 2132 1480 2155 ,
1513 2090 1800 2155 Πεπουζᾶν
1842 2094 1939 2146 Ἰε-

354 2169 641 2239 ρουσαλὴμ
665 2172 849 2237 αὐτοῖς
879 2174 1034 2228 πόλιν
1063 2176 1164 2246 τῆς
1187 2179 1427 2246 Φρυγίας
1457 2184 1840 2254 ποιησάμενοι.

423 2261 527 2315 κδ’.
559 2264 944 2326 Πεπουζῖανοί
966 2269 1073 2322 ἀπὸ
1097 2270 1384 2341 Πεπούζης
1403 2273 1504 2342 τῆς
1528 2275 1770 2345 Φρυγίας
1797 2279 1942 2331 οὕτω

349 2359 928 2441 προσαγορευόμενοι,
989 2360 1277 2415 κοινωνίαν
1328 2364 1567 2436 ἄθεσμον
1620 2368 1937 2440 ποιούμενοι

348 2445 499 2497 κατὰ
528 2446 638 2498 τῶν
670 2448 1099 2526 δυσσιεδούντωνι

419 2533 486 2588 λ’.
523 2533 1328 2614 Τεσσαρεσκαιδεκατῐται,τδ
1343 2548 1534 2620 Πάσχα
1559 2551 1618 2604 ὲν
1640 2569 1937 2625 τεσσαρεσ·

350 2630 657 2703 καιδεκάτῃ
693 2633 794 2702 τῆς
835 2635 1066 2705 σελήνης
1119 2639 1258 2708 μετὰ
1312 2640 1582 2695 Ἰουδαίων
1629 2645 1932 2709 τελοῦντες.

419 2719 522 2774 λα’.
554 2723 802 2792 "Aderat
827 2743 973 2790 τινες
1006 2728 1316 2798 κληθέντες,
1346 2731 1434 2785 διὰ
1459 2732 1520 2786 τὸ
1566 2734 1638 2804 μὴ
1683 2734 1932 2805 δέχεσθαι

342 2811 442 2862 τὸν
464 2812 634 2881 Λόγον
662 2817 719 2867 ὲν
747 2818 891 2888 ἀρχῇ
935 2817 1070 2872 Θεὸν
1095 2820 1224 2874 ὄντα
1260 2822 1398 2892 πρὸς
1427 2823 1520 2876 τὸν
1549 2825 1770 2895 Πατέρα
1790 2865 1804 2886 ,
1840 2829 1935 2881 καὶ

342 2902 436 2958 διὰ
464 2904 622 2958 τοῦτο
656 2908 792 2977 μήτε
844 2910 1091 2964 Ἰωάννου
1130 2913 1459 2982 Εὐαγγέλιον
1490 2915 1757 2987 δέχεσθαι,
1797 2921 1933 2992 μήτε

343 2993 448 3060 τὴν
494 2992 550 3044 Ἀ
559 2995 862 3065 ποκὰλυψιν
896 2998 1084 3054 αὑτοῦ.

419 3081 520 3152 te.
571 3086 965 3145 Θεοδοτιανοί.
1011 3092 1268 3157 Θεόδοτός
1303 3110 1390 3158 τις
1428 3096 1485 3148 ὲν
1535 3097 1614 3168 τῷ
1647 3100 1931 3173 Βυζαντίῳ

344 3175 681 3246 γενόμενος,
735 3179 1022 3251 ἄνθρωπον
1072 3181 1227 3239 εἶπεν
1289 3181 1429 3240 εἶναι
1473 3189 1709 3260 Χριστὸν
1752 3191 1926 3261 ψιλὸν,

347 3271 584 3340 μετοχῆς
609 3270 745 3324 Θεοῦ
768 3273 1090 3343 ἠξιωμένον.
1237 3275 1258 3304 ⁹

420 3362 520 3426 λγ’.
585 3362 968 3431 Ἀρτεμιανοί.
1033 3366 1323 3435 ’Δρτεμίας
1378 3370 1570 3440 γέγονέ
1620 3391 1704 3438 τις
1753 3380 1808 3429 ἐν
1855 3381 1920 3448 τῇ

357 3450 536 3537 Ἀσία,
574 3451 673 3524 τὴν
728 3455 984 3510 Θεοδότου
1043 3458 1256 3529 αἵρεσιν
1286 3463 1546 3533 τιμήσας.
1605 3466 1923 3537 Ἄνθρωπον

341 3540 453 3608 γὰρ
482 3535 636 3594 εἶπεν
673 3541 830 3610 ψιλὸν
861 3545 950 3598 τὸν
981 3547 1239 3618 Χριστὸν,
1268 3551 1326 3604 ὲν
1359 3553 1509 3624 αὐτῷ
1537 3555 1628 3608 τὸν
1660 3535 1793 3610 Θεδν
1821 3560 1920 3611 Λό-

343 3647 443 3699 γον
476 3637 746 3687 κατοικεῖν
777 3635 1169 3709 εὐδοκήσαντα.

413 3721 508 3776 λδ’.
537 3726 1093 3795 Μελχισεδεκιανοί,
1123 3732 1357 3804 δύναμιν
1383 3736 1518 3790 Θεοῦ
1541 3738 1630 3792 τὸν
1652 3739 1918 3808 Μελχισε·

339 3811 440 3866 δὲκ
469 3810 607 3867 εἶναι
647 3817 928 3885 νομίζουσι
953 3859 967 3881 ,
1001 3821 1095 3874 καὶ
1123 3825 1203 3886 είς
1243 3826 1403 3878 αὑτὸν
1433 3829 1612 3891 πάσας
1643 3830 1743 3892 τὰς
1772 3830 1918 3899 Γρα-

341 3905 450 3972 cpit;
479 3907 842 3978 ἀναφέρουσιν
861 3951 876 3977 ,
908 3911 1067 3965 αὑτὸν
1094 3909 1232 3968 εἷναι
1257 3917 1509 3986 λέγοντες
1538 3921 1628 3974 τὸν
1657 3922 1914 3991 Χριστόν.

412 3997 506 4052 λε’.
537 3995 822 4053 Navitas.
855 4001 1101 4067 Ναυᾶτος
1125 4007 1412 4074 μετανοίας
1443 4011 1642 4078 τρόπον
1668 4010 1779 4081 (79)
1806 4015 1917 4076 τοῖς

339 4092 749 4164 ἁμαρτάνουσιν
769 4092 828 4147 οὐ
850 4094 1085 4151 δίδωσιν.
1114 4092 1270 4152 Οὗτοι
1294 4100 1350 4153 δέ
1374 4103 1509 4157 εἰσιν
1539 4104 1587 4155 οί
1612 4105 1919 4172 Καθαροὺς

338 4185 568 4249 ἑαυτοὺς
602 4188 1164 4258 προσαγορεύσαντες.
1635 4213 1638 4216 λ

411 4276 522 4340 λς’.
545 4279 918 4346 Σευηριανοί.
943 4280 1210 4345 Γυναῖκας
1235 4285 1262 4336 ὁ
1279 4285 1418 4354 Σευῆ
1429 4303 1517 4356 ρος
1542 4292 1913 4359 παραιτεῖται,

339 4367 569 4440 δύναμιν
600 4372 892 4440 ἀριστεράν
925 4372 1092 4443 αὐτὴν
1127 4375 1326 4429 καλῶν.
1363 4378 1467 4430 Τὸν
1495 4376 1637 4433 οἶνον
1669 4382 1914 4435 ἀποϐάλο

338 4459 525 4524 λεται,
560 4461 668 4514 ἀπὸ
701 4462 898 4530 μίξεως
928 4464 1219 4533 δράκοντος
1250 4470 1344 4521 καὶ
1368 4471 1466 4540 τῆς
1492 4471 1594 4542 γῆς
1625 4472 1788 4542 φῦναι
1816 4475 1914 4546 τὴν

338 4552 584 4620 ἄμπελον
608 4552 854 4620 φάσκων.

409 4642 503 4706 λζ’.
546 4644 990 4710 Βαρδισανῖται.
1041 4647 1171 4700 Ἀπὸ
1210 4651 1536 4720 Ιῖαρδισάνου
1570 4657 1714 4721 τινὸς
1748 4659 1807 4711 ἐν
1845 4662 1912 4731 τῇ

335 4734 736 4805 Μεσοποταμία
770 4738 1052 4805 γεγονότος
1072 4780 1086 4804 ,
1114 4733 1260 4793 οὗτοι
1289 4743 1345 4796 δὲ
1384 4745 1717 4816 ἁνεφύησαν.
1760 4751 1916 4806 Ἀνά-

338 4843 534 4879 στασιν
567 4827 823 4881 ἀθετοῦσι
864 4829 1151 4900 σώματος,
1205 4837 1299 4888 καὶ
1347 4837 1444 4907 τὴν
1490 4839 1768 4910 σάρκωσιν
1817 4842 1911 4896 τοῦ

331 4919 592 4990 Συτῆρος
634 4922 774 4974 κατὰ
805 4925 1107 4991 φαντασίαν
1140 4927 1471 4998 γεγενῆσθαι
1507 4931 1767 4987 τίθενται.

401 5014 502 5081 λη’.
543 5011 919 5067 Ἐλκεσιανοί
949 5018 1006 5068 ὲν
1036 5020 1101 5088 τῇ
1142 5018 1372 5091 Ἀραϐίᾳ
1405 5023 1715 5090 γεγόνασιν.
1750 5021 1910 5080 Οὗτοι

330 5106 441 5158 ἀπό
471 5122 618 5167 τινος
671 5105 907 5162 Ἐλκασᾶ
935 5109 1436 5186 ψευδοπροφητείας
1475 5117 1758 5190 φέροντες·
1794 5122 1912 5175 ὲλὲ-

329 5211 493 5263 γοντο
529 5197 588 5249 δὲ
619 5197 714 5250 καὶ
744 5201 1062 5268 Sapit-aiat.

402 5285 503 5344 λίπ’.
536 5293 945 5359 Βυριλλιαγοί.
976 5296 1230 5368 Βύριλλός
1259 5317 1341 5363 τις
1370 5303 1426 5353 ἐν
1447 5304 1513 5373 τῇ
1557 5302 1785 5375 Ἀραϐίᾳ
1817 5305 1910 5359 καί⁵

263 5459 276 5473 ⁸
326 5374 490 5444 οὗτος
521 5384 794 5452 γεγονὼς,
836 5387 1120 5454 ἄνθρωπον
1161 5393 1252 5445 τὸν
1282 5396 1516 5464 Χριστὸν
1545 5398 1816 5466 ἐνόμισεν,
1850 5399 1911 5452 οὐ

328 5474 602 5546 πρότερον
632 5476 796 5530 αὐτὸν
824 5477 952 5532 ὄντα
998 5482 1089 5545 τὸν
1121 5484 1355 5554 Χριστὸν
1393 5487 1564 5556 Λόγον
1608 5488 1915 5560 παραδεξά-

327 5582 525 5635 μενος.

407 5656 480 5727 μ’.
510 5658 853 5716 Οὐαλέσιοι.
889 5663 1120 5737 Οὐάλης,
1142 5671 1170 5722 ό
1190 5669 1247 5723 ἐν
1271 5672 1337 5740 τῇ
1377 5670 1606 5743 Ἀραϐίᾳ
1640 5671 1734 5726 καὶ
1754 5666 1909 5738 οὗτος

407 5833 515 5899 (79)
541 5837 706 5897 Forte
731 5841 912 5899 τόπον.

2124 983 2213 1038 25.
2252 982 2589 1039 Lucimtislw.
2633 985 2865 1050 Quidam
2910 985 3149 1050 Lucius,
3187 1001 3294 1040 non
3325 987 3512 1056 utique
3546 987 3636 1042 ille

2053 1077 2290 1134 Arianus
2317 1119 2332 1142 ,
2374 1088 2497 1148 post
2543 1080 2876 1134 Marcionem
2928 1078 3064 1143 fuit,
3102 1079 3298 1148 placita
3345 1079 3641 1136 Marcionis

2052 1173 2318 1241 adaptatis
2344 1211 2360 1234 ,
2408 1172 2622 1240 aliaque
2667 1172 2826 1242 longe
2853 1172 3174 1226 absurdiora
3206 1172 3311 1226 illis
3343 1172 3633 1240 adjiciens.

2119 1264 2208 1319 26.
2241 1261 2522 1332 Apelliam‘.
2549 1263 2591 1316 A
2627 1265 2864 1332 quodam
2905 1263 3126 1333 Apellae
3173 1271 3474 1332 coeperunt.
3517 1262 3634 1316 Ma-

2050 1357 2155 1410 lam
2187 1371 2310 1411 esse
2345 1357 2421 1410 ait
2461 1355 2770 1410 universam
2811 1364 3154 1421 creaturam,
3206 1365 3265 1409 ut
3315 1364 3369 1410 et
3409 1355 3635 1410 Marcio.

2050 1449 2168 1503 Non
2229 1457 2410 1504 tamen
2455 1459 2510 1503 ut
2560 1449 2651 1504 ille
2703 1447 2802 1503 tria
2847 1448 3114 1518 principia
3165 1448 3488 1507 atlirmabat.
3537 1447 3634 1502 sed

2049 1559 2219 1599 unum
2250 1558 2373 1599 esse
2407 1543 2595 1607 Deum,
2630 1541 2724 1613 qui
2755 1541 2921 1596 alium
2953 1541 3122 1595 Deum
3160 1539 3350 1594 fecerit
3380 1538 3630 1609 Opiﬁcem

2048 1644 2335 1690 creatum.

2116 1728 2205 1782 27.
2259 1710 2502 1782 Tatiam’.
2561 1725 2830 1805 Tatianus
2872 1725 2926 1778 in
2982 1723 3370 1794 Mesopotamia
3417 1722 3630 1785 fuerat,

2046 1820 2462 1876 Encratctarum
2497 1819 2745 1874 haeresim
2770 1819 3052 1881 confinxit,
3081 1832 3242 1887 quam
3273 1815 3493 1886 plurimi
3528 1829 3629 1867 no-

1975 1891 2015 1945 B
2050 1924 2196 1968 runt.

2111 2006 2203 2060 28.
2241 2004 2492 2073 Phryges.
2520 2001 2754 2070 Quidam
2783 2001 3073 2056 Montanus
3103 2017 3168 2056 ac
3201 1999 3447 2056 Priscilla
3489 1999 3629 2051 hanc

2045 2098 2288 2154 haeresim
2316 2098 2367 2150 in
2392 2096 2621 2167 Phrygia
2650 2095 3029 2156 condiderunt,
3052 2096 3303 2163 Pepuzan
3337 2091 3624 2161 Phrygiam

2041 2192 2313 2247 civitatem
2354 2190 2784 2260 Hierosolymam
2820 2203 2976 2243 suam
3013 2196 3350 2256 reputantes.

2109 2283 2200 2338 29.
2239 2282 2550 2352 Pepuziam‘,
2583 2297 2612 2335 a
2646 2281 2860 2350 Pepuza
2891 2281 3111 2334 civitate
3142 2277 3386 2348 Phrygiae
3419 2277 3488 2331 ita
3535 2291 3626 2328 co-

2039 2375 2374 2447 gnominati;
2413 2373 2638 2443 impiam
2664 2372 2982 2428 societatem
3015 2372 3277 2426 adversus
3303 2385 3398 2424 eos
3429 2369 3520 2439 qui
3550 2369 3625 2422 ir-

2041 2466 2291 2536 religiose
2311 2465 2570 2535 egissent.
2597 2465 2854 2520 inierunt.
3297 2502 3302 2508 .

2106 2560 2195 2614 50.
2250 2557 2745 2624 Quartadecimaai,
2794 2556 2887 2628 qui
2939 2553 3219 2610 celebrant
3248 2552 3456 2608 Pascha
3495 2565 3619 2606 cum

2035 2649 2242 2706 Iudaeis
2273 2650 2360 2704 die
2389 2650 2599 2706 decima
2627 2656 2822 2720 quarta
2855 2649 3017 2702 lunar.

2106 2744 2196 2799 5!.
2235 2742 2388 2814 Alogi
2425 2741 2650 2813 quidam
2684 2741 2765 2798 sic
2796 2740 2950 2801 dicti,
2994 2746 3273 2808 propterea
3321 2735 3462 2806 quod
3511 2750 3621 2790 non

2036 2838 2398 2893 admittebant
2456 2835 2708 2908 Legum,
2762 2835 2876 2891 sive
2910 2834 3180 2900 Verbum,
3239 2832 3293 2887 in
3355 2830 3623 2901 principio

2036 2929 2206 2983 Deum
2237 2936 2538 2984 exstantem
2574 2929 2716 2998 apud
2744 2928 2984 2991 Patrem,
3011 2928 3242 2997 ideoque
3265 2940 3364 2978 nec
3387 2923 3617 2978 Joannis

2034 3021 2386 3092 Evangelium
2415 3021 2767 3091 recipiebant,
2800 3035 2977 3089 neque
3007 3019 3124 3087 ejus
3153 3015 3539 3088 Apocalypsin.

2104 3115 2194 3169 52.
2263 3113 2628 3168 Theodotiani.
2691 3112 3005 3167 Theodotus
3062 3111 3229 3165 homo
3287 3109 3618 3181 Byzantinus

1957 3243 2000 3302 ο
2039 3205 2220 3260 aiebat
2257 3204 2535 3260 Christum
2587 3220 2708 3261 esse
2740 3221 2934 3275 purum
2984 3203 3293 3267 hominem,
3326 3201 3617 3271 participa-

2035 3297 2179 3350 tione
2206 3298 2508 3351 divinitatis
2543 3297 2841 3365 (lignatum.

2103 3390 2190 3442 55.
2221 3389 2538 3443 Artemiani.
2569 3388 2690 3442 Fuit
2719 3388 2940 3457 quidam
2983 3385 3252 3440 Artemias
3280 3385 3332 3438 in
3367 3382 3492 3438 Asia
3519 3385 3611 3453 qui

2031 3480 2292 3533 Theodoti
2356 3481 2600 3534 hmresim
2653 3481 2705 3533 in
2761 3481 2933 3550 pretio
2983 3477 3217 3532 habebat
3281 3493 3295 3528 :
3358 3491 3613 3530 asserens

2029 3571 2304 3625 Christum
2335 3586 2458 3624 esse
2491 3571 2692 3625 nudum
2725 3571 3038 3634 hominem,
3066 3568 3117 3622 in
3149 3581 3258 3636 quo
3296 3564 3435 3618 Deus
3476 3563 3610 3618 Ver-

2029 3665 2156 3717 bum
2184 3663 2428 3717 habitare
2450 3664 2677 3717 libenter
2703 3663 2905 3718 tulerit.

2098 3755 2187 3811 34.
2237 3755 2722 3810 Melchisedcchiani
2779 3757 3034 3811 virtutem
3099 3752 3192 3807 Dei
3245 3765 3367 3806 esse
3417 3759 3609 3820 putant

2027 3847 2535 3909 Melchisedechnm,
2556 3856 2608 3900 et
2644 3847 2696 3900 in
2732 3862 2857 3900 eum
2890 3863 3080 3901 omnes
3113 3845 3423 3918 Scripturas
3467 3845 3608 3901 refe-

2025 3949 2174 4006 runt,
2205 3941 2451 3995 dicentes
2482 3955 2604 3993 eum
2634 3955 2755 3994 esse
2778 3939 3077 3994 Christum.

2093 4033 2181 4088 35.
2214 4031 2434 4088 Navali.
2462 4031 2703 4087 Navatns
2730 4033 3065 4101 poenitentiae
3107 4031 3323 4085 modum
3356 4039 3604 4100 peccato-

2025 4125 2176 4180 ribus
2207 4141 2314 4180 non
2347 4125 2604 4192 indulget.
2631 4124 2698 4178 Ili
2729 4134 2904 4178 autem
2929 4133 3077 4189 sunt,
3110 4124 3204 4194 qui
3237 4139 3293 4178 se
3317 4122 3598 4189 Cat/raros,

2025 4218 2076 4272 id
2117 4229 2197 4271 est
2228 4232 2416 4286 puros,
2453 4215 2759 4269 nominant.

2095 4306 2182 4360 56.
2220 4305 2507 4360 Seueriani.
2538 4304 2792 4360 Mulieres
2839 4306 3073 4358 Severus
3119 4318 3224 4356 non
3254 4303 3476 4371 patitur,
3509 4317 3601 4357 eas

2022 4397 2129 4451 vim
2173 4397 2454 4451 sinistram
2482 4398 2822 4465 appellitans.
2861 4395 3058 4450 Vinum
3108 4394 3384 4463 repudiat,
3414 4394 3603 4448 dicens

2023 4504 2088 4544 ex
2116 4489 2262 4543 coitu
2300 4487 2558 4541 draconis
2589 4498 2642 4541 et
2671 4489 2881 4543 telluris
2918 4496 3093 4542 ortam
3130 4491 3316 4542 vitem.

2092 4668 2181 4722 '57.
2245 4666 2626 4731 Bardisanita’,
2681 4683 2711 4721 a
2768 4667 3068 4721 Bardisano
3119 4667 3354 4736 quodam
3403 4666 3493 4736 qui
3540 4666 3599 4721 in

2020 4759 2406 4829 Mesopotamia
2434 4759 2552 4822 fuit,
2585 4760 2689 4812 orti
2718 4768 2864 4813 sunt.
2893 4759 3363 4811 Ilesnrrectiouem
3393 4766 3597 4827 negant

2017 4849 2280 4918 corporis,
2310 4850 2844 4918 inrarnationemque
2875 4846 3173 4902 Salvator-is
3200 4846 3596 4916 phantasticam

2020 4941 2190 4994 fuisse
2217 4941 2430 4995 docent.

2089 5033 2178 5087 38.
2222 5032 2518 5086 Helcest'ani
2567 5034 2621 5087 in
2662 5033 2858 5088 Arabia
2892 5031 3134 5087 fuerunt.
3171 5033 3263 5088 lsli
3296 5047 3325 5087 a
3353 5031 3591 5097 quodam

2019 5123 2250 5180 Helcasa
2280 5125 2444 5180 falsas
2483 5125 2794 5194 prophetias
2826 5125 3057 5179 mutuati
3080 5133 3228 5179 sunt.
3266 5124 3591 5180 Dicebautut

2017 5220 2180 5274 etiam
2223 5219 2501 5290 Sampsa’i.

2087 5311 2174 5365 59.
2214 5310 2520 5382 Byrilliant'.
2553 5309 2789 5382 Byrillus
2815 5311 3037 5381 quidam
3069 5309 3122 5364 in
3153 5309 3351 5363 Arabia
3383 5307 3588 5375 pariter

2018 5405 2137 5460 fuit.
2183 5403 2466 5460 Hominem
2503 5404 2776 5458 Christum
2832 5406 3072 5474 putabat,
3119 5418 3219 5458 nec
3270 5401 3585 5457 admittebat

2014 5503 2264 5557 eunnlem
2291 5503 2441 5574 prius
2464 5503 2741 5558 exstitisse
2775 5503 3006 5558 Verbum
3031 5503 3334 5558 Christum.

2083 5676 2173 5733 40.
2213 5675 2426 5734 Valesii.
2455 5679 2671 5747 Valens,
2701 5679 2792 5752 qui
2823 5687 2878 5736 ct
2913 5679 3030 5752 ipso
3065 5677 3122 5737 in
3155 5679 3353 5736 Arabia
3383 5676 3580 5746 fuerat,
