4032 6584
459 376 558 441 155

1967 383 2268 445 JOSEPPI

3616 388 3716 451 156

451 492 695 549 evirabat
749 507 843 548 eos
880 492 969 564 qui
1019 493 1083 548 ad
1128 509 1186 549 se
1208 495 1559 563 accedebant,
1598 498 2017 568 excidebatque,

2137 500 2444 569 γενόμενος,
2504 496 2783 567 εὐνούχιζε
2830 494 2956 559 τοὺς
3010 495 3335 565 προσιόντας
3394 497 3563 568 αὐτῷ,
3620 502 3714 553 καὶ

454 600 553 640 nec
594 584 757 640 Vetus
785 586 1192 641 Testamentum
1229 588 1567 644 admittebat.

522 678 611 732 41.
647 678 964 732 Sabeltiam'.
1003 679 1233 744 Quidam
1268 680 1541 737 Sabellins
1583 681 2031 752 Pentapolitanus

453 778 565 823 tres
604 783 867 837 personas
910 768 1075 822 unius
1118 768 1425 824 Divinitatis
1465 786 1807 840 nequaquam
1839 770 2034 824 admit-

454 871 591 923 tens,
620 857 964 913 Divinitatem
980 861 1191 915 Patrem
1215 877 1335 916 esse
1355 878 1418 916 ac
1436 861 1656 925 Filium,
1675 862 2031 932 eamdemque

451 952 809 1019 compositam
848 953 1044 1007 stolide
1076 954 1401 1008 sustinebat.

522 1044 613 1099 42.
648 1043 907 1113 Origem‘i.
933 1045 1303 1115 Turpissimas
1325 1047 1565 1101 actiones
1588 1046 1896 1115 patrabant,
1931 1062 2031 1102 nec

454 1136 807 1191 sobrietatem
862 1137 1051 1192 colunt
1086 1139 1370 1193 abutentes
1418 1154 1601 1193 carne.
1647 1139 1717 1193 At
1749 1154 1859 1193 non
1902 1149 2032 1195 sunt

453 1225 542 1281 isti
565 1243 632 1281 ex
662 1228 895 1298 Origene
919 1227 1306 1293 Alexandrino,
1330 1230 1445 1284 sive
1466 1229 1816 1285 Adamantio.

521 1410 610 1463 42).
650 1408 1020 1480 Origeniastm.
1056 1408 1153 1464 llic
1183 1421 1266 1466 est
1298 1410 1679 1475 Adamantius.
1712 1414 1804 1483 qui
1838 1429 2031 1485 corpo-

452 1514 572 1552 rum
611 1502 1061 1555 resurrectionem
1089 1502 1324 1557 nolebat.
1358 1504 1414 1557 In
1449 1505 1735 1575 allegorias
1766 1508 2031 1565 absurdas

456 1591 767 1662 Scriptnras
816 1593 1158 1650 deﬂectebat.
1209 1596 1284 1649 De
1315 1597 1499 1666 gentili
1554 1598 1893 1668 phil050phia
1933 1616 2029 1653 ve-

452 1684 628 1747 niens,
657 1700 756 1739 nec
782 1686 1171 1742 ethnicismum
1198 1688 1478 1757 ahjurans,
1504 1690 1761 1746 tredecim
1795 1692 2031 1750 haereses

452 1774 506 1828 in
527 1773 825 1831 Ecclesia")
852 1779 1076 1833 invexit.

521 1868 611 1921 ΑΗ.
647 1867 949 1925 I’aulliani.
990 1874 1195 1927 Paulus
1228 1872 1649 1937 Samosatenus,
1693 1876 1785 1945 qui
1834 1877 2028 1933 Antio-

453 1960 674 2014 chensis
701 1964 988 2031 episcopus
1008 1964 1130 2029 fuit,
1160 1964 1423 2021 Theodoti
1441 1975 1494 2021 et
1517 1968 1750 2022 Artemae
1776 1968 2025 2023 hmresim

452 2050 754 2117 iunovans,
813 2055 1093 2110 Christum
1156 2058 1337 2111 aiebat
1403 2059 1673 2113 hominem
1727 2060 2026 2115 divinitatis

453 2144 658 2197 honore
703 2144 1045 2209 decoratum,
1090 2159 1372 2218 propterea
1425 2152 1567 2221 quod
1613 2149 1889 2217 Verbum,
1931 2153 2025 2208 Dei

453 2233 755 2303 Sapientia,
790 2236 845 2290 in
889 2238 1005 2306 ipso
1048 2240 1394 2296 habitaverit.

521 2327 610 2381 45.
667 2327 960 2383 Μαιιὶειιιιιὲ.
1016 2330 1199 2386 Manes
1260 2331 1425 2387 Persa
1488 2345 1679 2389 contra
1731 2335 2025 2391 Ecclesiam

450 2416 694 2470 emersit.
730 2416 847 2472 Duo
899 2420 1081 2475 aiebat
1117 2422 1381 2492 principia
1411 2439 1560 2489 esse,
1598 2425 1800 2477 bonum
1835 2439 2029 2495 nempe

450 2520 505 2565 et
540 2513 857 2583 malignum.
917 2514 1255 2586 Repudiabat
1298 2534 1423 2573 eum
1469 2521 1561 2588 qui
1607 2520 1884 2589 legislator
1927 2520 2029 2575 fuit

452 2600 689 2670 lsraelis,
720 2618 772 2659 et
796 2604 968 2661 factor
1000 2610 1403 2666 universorum.
1433 2612 1592 2666 Astra
1617 2612 1851 2669 colebat.

523 2781 615 2835 46.
650 2780 956 2838 Hieracitrc.
982 2783 1039 2839 In
1070 2783 1277 2842 Leonte
1297 2786 1515 2859 Egypli
1543 2791 1624 2843 vir
1656 2790 1875 2858 quidam
1906 2791 2029 2847 Hie.

452 2889 550 2927 rax
585 2876 805 2929 nomine
845 2878 1052 2941 suasit,
1082 2888 1140 2932 ut
1169 2895 1233 2934 ue
1277 2892 1587 2951 Speraretnr
1622 2884 1804 2939 carnis
1850 2900 2031 2939 resur-

451 2968 645 3021 rectio.
702 2967 929 3037 Nuptias
980 2973 1319 3041 repudiabat.
1379 2973 1569 3029 Laicos
1628 2977 1874 3031 homines
1920 2994 2028 3031 non

451 3056 805 3123 suscipiebat.
863 3058 1069 3116 Pueros
1127 3064 1353 3117 docebat
1389 3066 1591 3119 Christi
1640 3084 1865 3135 regnum
1919 3084 2027 3123 non

451 3146 697 3218 ingredi,
730 3166 794 3203 eo
825 3153 967 3220 quod
1000 3155 1149 3207 nullo
1178 3157 1476 3211 certamine
1505 3160 1813 3226 pugnarint.

520 3242 611 3295 47.
645 3242 938 3302 Μειειὶαηί.
979 3247 1036 3301 lu
1079 3248 1310 3319 Egypto
1351 3250 1690 3321 fuitquidam
1719 3253 2022 3308 schismati-

451 3350 551 3389 cus
572 3334 836 3393 Meletius.
901 3339 949 3394 ls
998 3341 1217 3396 nolebat
1258 3357 1416 3398 orare
1471 3360 1593 3398 eum
1638 3346 2030 3415 pmuitentibus

451 3438 675 3498 propter
698 3432 906 3500 lapsum
934 3434 986 3486 in
1015 3438 1412 3503 persecutione,
1440 3439 1532 3507 qui
1560 3456 1589 3492 a
1622 3441 1829 3510 synodo
1853 3441 2027 3496 susci-

455 3521 766 3588 piebantur,
795 3532 959 3593 atque
993 3542 1023 3579 a
1055 3526 1212 3581 l’etro
1242 3530 1497 3601 episcopo
1522 3543 1578 3586 et
1610 3544 1866 3603 martyre.

530 3699 617 3754 48.
658 3701 945 3756 Αάαηιὶαηὶ
1000 3706 1128 3760 nudi
1182 3716 1326 3763 stant
1375 3710 1427 3763 in
1477 3711 1817 3768 orationibus
1852 3729 2032 3771 mares

454 3804 609 3860 atque
653 3802 817 3862 atque
846 3794 1104 3852 mulieres
1129 3839 1142 3861 ,
1178 3801 1497 3855 memoriam
1538 3802 1857 3861 refricantes
1905 3806 2035 3861 sim-

456 3883 714 3952 plieitatis
749 3884 943 3941 Adami
977 3897 1032 3943 et
1070 3890 1214 3945 Erae.

523 3972 616 4029 49.
662 3971 984 4031 Marianitw.
1022 3977 1243 4034 Mariam
1291 3982 1357 4036 ad
1402 3983 1641 4037 divinam
1672 3987 1911 4040 evehunt
1943 4003 2029 4042 es.

456 4064 708 4129 Sentiam,
735 4064 1106 4138 alIirmantque
1121 4085 1240 4125 eam
1265 4084 1603 4144 assumptum
1631 4076 1684 4130 in
1714 4079 1902 4142 caalos,
1924 4095 2036 4134 me-

457 4156 686 4211 moriam
720 4158 864 4213 illius
889 4158 1149 4217 facientes
1173 4164 1225 4218 in
1251 4166 1528 4222 oblatione
1560 4169 1739 4237 panis.

526 4248 617 4302 50.
663 4248 953 4306 Masaliani
988 4256 1201 4324 operari
1237 4257 1457 4323 nolunt,
1490 4259 1586 4314 scd
1630 4263 1787 4317 aiunt
1830 4264 2036 4320 oratio-

458 4340 621 4395 nibus
644 4352 908 4413 perpetuo
942 4348 1267 4416 vacandum,
1290 4351 1419 4405 dum
1454 4352 1694 4408 laborem
1728 4356 1911 4411 odisse
1940 4358 2037 4413 de-

456 4432 749 4492 lectantur.

2132 592 2408 660 ἀπέτεμνε
2432 631 2446 654 ,
2480 589 2579 659 τὴν
2602 588 2847 642 Παλαιάν
2870 588 3093 657 Γραφὴν
3125 587 3200 658 μὴ
3227 588 3538 659 δεχόμενος.

2206 682 2315 751 μα’.
2363 683 2695 737 Σαϐἐλλιοι.
2734 681 3021 743 Σαὸέλλιός
3054 699 3134 743 τις
3176 682 3232 733 ὲν
3264 685 3332 751 τῇ
3382 682 3715 735 Πενταπόλει

2132 774 2395 840 γεγονὼς.
2440 773 2537 835 τὰς
2579 774 2728 841 τρεῖς
2779 771 3107 833 ὑποστάσεις
3153 770 3254 839 τῆς
3288 772 3416 840 μιᾶς
3450 770 3716 841 Θεότητος

2132 865 2229 916 οὐκ
2246 862 2671 931 ἀποδεξάμενος,
2690 861 3003 930 Υῖοπάτορα
3033 860 3132 926 τὴν
3166 859 3431 930 Θεότητα,
3462 860 3560 913 καὶ
3590 861 3716 913 σύν-

2134 954 2255 1008 θεον
2292 953 2644 1023 παρεφρόνει.

2206 1047 2311 1116 μβ’.
2354 1045 2706 1114 Ὠρειτένιοι.
2744 1044 3191 1113 Αίσχροποιοῦσι.
3235 1045 3332 1099 καὶ
3368 1046 3471 1116 τὴν
3500 1048 3713 1117 σώφρο-

2134 1136 2300 1208 σύνην
2329 1137 2389 1189 οὐ
2425 1135 2678 1206 τιμῶσιν,
2710 1133 3091 1205 ἀποχρώμενοι
3119 1138 3186 1206 τῇ
3224 1136 3408 1206 σαρκί.
3444 1138 3583 1191 Ἀλλ’
3612 1136 3714 1192 οὔκ

2132 1234 2270 1284 εἰσιν
2327 1222 2474 1283 οῦτοι
2554 1224 2949 1297 Ἀλεξανδρέως
3025 1229 3403 1299 Ὠρειγένους,
3464 1232 3557 1285 τοῦ
3619 1233 3714 1285 καὶ

2144 1322 2520 1393 Ἀδαμαντίου.

2205 1420 2315 1484 μγ’.
2366 1413 2847 1481 Ὠρειγενιασταί.
2876 1408 3045 1475 Οὗτός
3074 1416 3226 1467 ἐστιν
3254 1417 3282 1467 ὁ
3310 1415 3404 1468 καὶ
3444 1415 3714 1485 ’Δδαμάν-

2128 1525 2273 1573 τιος,
2332 1506 2601 1576 σωμάτων
2651 1504 2947 1559 ἀνάστασιν
2990 1506 3192 1558 ἀθετεῖ.
3240 1507 3331 1568 El;
3383 1506 3714 1575 ἀλληγορίας

2138 1601 2374 1662 ἀτόπους
2403 1599 2501 1660 τὰς
2532 1597 2756 1670 Γραφάς
2810 1598 3057 1668 ἔτρεψεν.
3117 1598 3252 1651 Ἀπὸ
3293 1598 3391 1667 τῆς
3446 1598 3715 1669 Ἑλλήνων

2133 1693 2446 1763 φιλοσοφίας
2465 1691 2656 1755 ἐλθὼν,
2679 1690 2771 1743 τὸν
2784 1690 2839 1742 δὲ
2866 1690 3223 1760 Έλληνισμὸν
3248 1692 3347 1744 οὐκ
3366 1692 3711 1755 ἀποπτύσας,

2130 1784 2483 1855 τρισκαίδεκα
2513 1781 2753 1852 αἱρέσεις
2781 1783 2847 1850 τῇ
2883 1780 3180 1850 Ἐκκλησία
3212 1782 3569 1850 ἐπεισήγαγε.

2204 1877 2304 1947 μδ’.
2340 1875 2691 1928 Παυλιανοί.
2739 1873 2949 1935 Παῦλος
2993 1872 3100 1924 ἀπὸ
3145 1872 3408 1942 Σαμοσᾶ,
3447 1873 3548 1941 τῆς
3591 1874 3713 1927 Ἀν-

2129 1970 2353 2035 τιοχέων
2407 1965 2695 2035 γενόμενος
2749 1965 3088 2027 ἐπίσκοπος,
3151 1964 3249 2034 τὴν
3304 1965 3559 2018 Θεοδότου
3614 1966 3712 2019 καὶ

2140 2059 2381 2129 Ἀρτεμά
2434 2058 2644 2128 αἵρεσιν
2698 2056 3181 2124 ἀνανεωσάμενος,
3238 2056 3524 2121 ἄνθρωπον
3575 2055 3711 2110 Θεοῦ

2129 2154 2264 2222 τιμῇ
2307 2149 2670 2220 τετιμημένον
2702 2148 2792 2201 τὸν
2831 2146 3069 2218 Χριστὸν
3095 2187 3111 2211 ,
3143 2148 3230 2202 διὰ
3272 2148 3335 2202 τὸ
3374 2150 3465 2203 τὸν
3500 2150 3709 2219 Λόγον,

2129 2239 2227 2309 τὴν
2263 2238 2460 2307 Σοφίαν
2485 2236 2579 2290 τοῦ
2611 2236 2770 2297 Θεοῦ,
2798 2236 3081 2305 ἐνοικῆσαι
3110 2238 3189 2299 είς
3217 2238 3401 2304 αὐτὸν,
3438 2235 3581 2295 εἶπε.

2205 2329 2306 2399 με’.
2360 2327 2697 2397 Ῑιιανιχαῖοι.
2746 2326 2878 2379 Ἀπὸ
2928 2329 3027 2397 τῆς
3071 2328 3332 2395 Περσίδος
3383 2325 3535 2392 οὗτος
3570 2332 3714 2386 κατά

2129 2426 2227 2492 τῆς
2264 2421 2591 2490 Ἐκκλησίας
2612 2422 2877 2488 ἀνεφάνη,
2899 2420 3087 2488 Μάνης
3124 2419 3436 2489 λεγόμενος·
3470 2423 3572 2477 Δύο
3602 2442 3710 2495 φη·-

2132 2514 2216 2568 σὶν
2250 2514 2423 2583 ἀρχὰς
2446 2554 2460 2576 ,
2498 2510 2713 2582 ἀγαθήν
2760 2528 2818 2564 τε
2860 2513 2954 2563 καὶ
2988 2511 3165 2581 κακὴν
3207 2508 3368 2568 εἶναι.
3413 2515 3515 2567 Τὸν
3547 2534 3713 2587 νομο-

2131 2606 2290 2675 θέτην
2322 2607 2379 2659 ὲν
2408 2603 2486 2673 τῷ
2540 2602 2759 2673 Ἰσραὴλ
2795 2602 3058 2671 γεγονότα
3102 2604 3193 2657 καὶ
3225 2607 3456 2678 ποιητὴν
3490 2609 3711 2664 πάντων

2130 2696 2335 2751 ἀθετεῖ.
2373 2697 2584 2765 ’Ἄστρα
2611 2695 2847 2749 σέϐεται.

2204 2785 2322 2857 μς·⁹.
2381 2786 2710 2856 ’1ερακῖται.
2758 2788 2849 2841 Ἐν
2893 2785 3107 2856 Λεοντῷ
3154 2790 3219 2857 τῇ
3258 2790 3378 2842 κατ’
3412 2791 3709 2858 Αἴγυπτον,

2141 2878 2314 2953 Ἱέραξ
2346 2896 2429 2942 τις
2476 2879 2769 2948 λεγόμενος
2819 2876 3006 2931 ἔπειθε
3052 2880 3254 2947 σαρκὸς
3299 2880 3595 2935 ἀνάστασιν
3633 2884 3709 2956 μὴ

2130 2972 2393 3036 ἐλπίζειν.
2423 2971 2603 3040 Γάμον
2635 2970 2838 3036 ⁴ᾕθέτει.
2874 2971 3186 3039 Κοσμικοῦς
3224 2972 3323 3025 οὐκ
3361 2974 3592 3043 ἐδέχετο.
3627 2976 3710 3030 Τὰ

2132 3065 2323 3118 παιδία
2354 3067 2434 3128 είς
2477 3066 2574 3135 τὴν
2607 3061 2845 3134 Χριστοῦ
2898 3062 3173 3133 βασιλείαν
3218 3064 3294 3135 μὴ
3341 3066 3711 3137 είσέρχεσθαι,

2053 3177 2095 3233 C
2130 3158 2250 3210 ἐπεὶ
2285 3157 2420 3227 μηδὲ
2450 3156 2714 3227 ἡολησαν.

2208 3249 2313 3321 μς.
2356 3250 2729 3305 Μελετιανοί.
2790 3249 2880 3303 Ἐν
2928 3252 3189 3321 Αἰγύπτῳ
3241 3251 3596 3321 σχισματικός
3627 3267 3713 3310 τις

2134 3344 2322 3414 γέγονε
2364 3344 2593 3397 Μελίτον
2639 3341 2998 3414 [Malis-tog],
3049 3343 3123 3413 μὴ
3162 3341 3553 3411 συνευξάμενος
3598 3341 3714 3404 τοῖς

2138 3437 2535 3506 μετανοήσασιν
2576 3436 2683 3488 ἀπὸ
2711 3436 2805 3487 τοῦ
2837 3435 3076 3505 διωγμοῦ
3104 3475 3119 3496 ,
3154 3438 3248 3489 καὶ
3284 3436 3516 3504 δεχθεῖσι
3557 3434 3714 3505 παρά

2132 3529 2232 3597 τῆς
2272 3527 2525 3592 συνόδου,
2578 3527 2671 3578 καὶ
2716 3526 2923 3598 Πέτρου
2968 3527 3063 3580 τοῦ
3106 3527 3406 3579 ἀποστόλου
3452 3525 3563 3595 (80)
3615 3526 3713 3578 καὶ

2138 3620 2434 3691 μάρτυρος,

2208 3717 2318 3780 μη⁹.
2364 3710 2689 3780 Ἀδαμιανοὶ
2722 3710 2920 3779 γυμνοὶ
2957 3712 3013 3763 ὲν
3040 3714 3159 3773 ταῖς
3189 3712 3375 3780 εὐχαῖς
3411 3709 3713 3779 παρίσταν-

2135 3820 2248 3865 ται,
2280 3802 2470 3873 ἀνδρες
2504 3802 2639 3871 ὁμοῦ
2678 3804 2773 3856 καὶ
2818 3808 3098 3871 γυναῖκες,
3139 3804 3235 3855 τοῦ
3281 3801 3453 3873 Ἀδὰμ
3480 3802 3575 3855 καὶ
3610 3801 3714 3870 τῆς

2138 3891 2282 3955 Εὔας
2318 3893 2417 3960 τῆς
2453 3891 2753 3961 ἁπλότητος
2788 3892 3245 3963 μνημονεύοντες.

2214 3984 2321 4053 μθ’.
2348 3984 2698 4052 Μαριανῖται
2736 3986 2837 4051 τὴν
2883 3984 3102 4054 Μαρίαν
3128 3986 3206 4047 είς
3238 3983 3390 4037 θείαν
3409 3982 3595 4036 οὐσίαν
3622 3984 3719 4037 ἀν-

2140 4075 2388 4143 άγουσιν.
2439 4074 2532 4128 καί
2565 4092 2727 4145 φασιν
2760 4074 2929 4147 αὐτὴν
2974 4076 3055 4138 εἰς
3085 4074 3312 4145 οὐρανὸν
3348 4073 3673 4143 ἀνειλῆφθαι
3697 4112 3713 4137 ,

2142 4168 2363 4239 μνήμην
2393 4166 2563 4235 αὐτῆς
2591 4168 2648 4220 ὲν
2680 4166 2846 4236 ἄρτου
2880 4167 3136 4237 προθέσει
3167 4166 3505 4237 ποιούμενοι.

2209 4266 2273 4314 ν’.
2319 4259 2736 4314 Μασαλλιανοὶ
2784 4260 3116 4330 ἐργάζεσθαι
3143 4260 3202 4312 οὐ
3248 4259 3550 4330 βούλονται,
3580 4259 3719 4314 ἀλλά

2143 4370 2308 4422 φασιν
2346 4353 2534 4423 εὐχαῖς
2569 4354 2648 4415 είς
2691 4353 2781 4405 ἀεὶ
2824 4353 3124 4416 διατελεῖν,
3164 4356 3449 4424 μισεργεῖν
3500 4352 3721 4423 ἀγαπὴ-

2143 4461 2353 4506 σαντες.

527 4524 615 4584 bi.
650 4527 961 4597 Apostoliri.
998 4531 1237 4587 Fuerunt
1293 4534 1343 4587 Ιιί
1397 4536 1543 4591 circa
1587 4536 1866 4603 Pisidiam,
1924 4541 2028 4594 sibi

2201 4533 2300 4588 vat'.
2346 4536 2759 4590 Ἀποστολικοὶ
2788 4579 2802 4599 ,
2856 4539 2984 4608 περὶ
3013 4539 3111 4604 τὴν
3143 4537 3389 4591 Πισιδίαν
3434 4529 3585 4591 οὗτοι
3625 4553 3719 4603 γε·

454 4622 731 4691 subjectos
760 4624 1028 4679 duntaxat
1069 4626 1358 4696 recipiunt,
1390 4644 1513 4683 cum
1547 4630 1695 4683 nullo
1716 4631 1822 4685 alio
1844 4641 2027 4687 orant.

529 4806 614 4862 52.
645 4807 951 4864 Archontici
982 4810 1320 4881 principatus
1350 4820 1404 4865 et
1435 4820 1730 4882 potestates
1763 4816 2031 4883 quasdam

460 4912 771 4967 recensent,
822 4904 1013 4973 hisque
1052 4904 1354 4967 subjiciunt
1398 4907 1558 4975 hujus
1593 4907 1759 4962 totius
1797 4908 2033 4963 universi

458 4994 1031 5063 administrationem,
1082 4997 1345 5069 aiuntque
1395 4997 1673 5054 Christum
1723 5000 1938 5055 venisse
1984 5001 2037 5056 in

457 5084 722 5154 judicium
750 5101 941 5141 eorum
976 5088 1492 5143 administrationis.

528 5180 617 5237 55.
664 5181 917 5251 Angelici.
975 5181 1379 5251 Superbissime
1418 5182 1701 5253 sapiebant
1751 5182 1827 5248 hi,
1879 5186 2037 5254 quasi

458 5288 611 5327 suam
661 5274 932 5343 propriam
994 5275 1292 5344 angelicam
1346 5276 1577 5329 classem
1629 5276 1922 5342 habentes,
1976 5293 2038 5332 ac

458 5366 818 5419 sectatoribus
843 5380 1033 5419 eorum
1057 5367 1435 5434 promittentes.

529 5458 618 5513 54.
669 5459 924 5513 Audiani.
978 5460 1042 5514 Et
1090 5459 1143 5513 hi
1180 5460 1374 5515 scissio
1428 5460 1675 5528 quaedam
1720 5458 1841 5513 fuit.
1896 5460 2035 5515 Cum

459 5552 613 5608 laicis
650 5567 756 5607 non
789 5552 1051 5616 orabant,
1084 5552 1226 5622 virga
1265 5570 1293 5606 a
1332 5552 1527 5622 seipsis
1560 5563 1878 5622 separaules
1905 5569 2034 5618 eos,

528 5734 642 5805 (80)
673 5732 843 5787 Error
870 5734 1083 5791 videtur
1114 5745 1292 5809 typog.
1326 5752 1424 5806 pro
1454 5737 1770 5800 ἐπισκόπου,
1804 5736 2029 5793 Alexan-

460 5806 621 5861 drino
651 5818 865 5862 nentuc.

2133 4625 2374 4692 γόνασιν,
2409 4626 2808 4691 ὑποτακτικοὺς
2847 4632 3005 4698 μόνον
3034 4631 3298 4700 δέχονται.
3335 4630 3467 4682 Μετ’
3500 4628 3716 4690 οὐδενὸς

2133 4718 2322 4788 ἑτέρου
2351 4719 2627 4789 εὔχονται.

2206 4809 2304 4881 νβ’.
2346 4812 2704 4881 Ἀρχοντικοὶ
2753 4814 2929 4884 ἀρχὰς
2963 4815 3059 4867 καὶ
3104 4811 3355 4878 ἐξουσίας
3391 4811 3545 4873 τινὰς
3575 4812 3719 4864 ἀπα-

2140 4902 2433 4974 ριθμοῦσι,
2494 4904 2589 4956 καὶ
2647 4904 2751 4957 ὑπὸ
2806 4904 3009 4968 ταύτας
3066 4904 3278 4957 τιθέασι
3328 4902 3426 4973 τὴν
3487 4902 3717 4955 καθόλου

2135 4996 2419 5067 διοίκησιν,
2453 4994 2684 5067 Χριστὸν
2718 4997 2773 5049 δὲ
2807 4999 2887 5060 εἰς
2914 4998 3014 5067 τὴν
3036 4996 3242 5049 τούτων
3270 4995 3372 5064 τῆς
3397 4993 3718 5064 διοικήσεως

2137 5088 2319 5159 κρίσιν
2346 5088 2507 5141 ἰέναι.

2209 5180 2308 5249 νγ’.
2370 5181 2715 5248 Ἀγγελικοί.
2764 5180 2923 5250 Μέγα
2969 5181 3383 5250 πεφρονήκασιν
3432 5174 3612 5243 οῦτοι,
3644 5178 3720 5242 ὼς

2138 5273 2434 5344 ἀγγελικὴν
2462 5274 2596 5326 ἰδίαν
2640 5273 2791 5339 τάξιν
2819 5275 3057 5345 ἔχοντες,
3089 5277 3183 5329 καὶ
3207 5279 3319 5339 τοῖς
3352 5274 3720 5343 συντεταγμέ-

2142 5385 2253 5431 νοις
2290 5368 2424 5438 (8|).

2214 5460 2305 5516 νδ’.
2330 5462 2634 5516 Αὐδιανοί.
2664 5462 2875 5533 Σχίσμα
2906 5461 3165 5529 γεγόνασι
3205 5462 3299 5515 καὶ
3326 5456 3491 5525 οὗτοι,
3525 5477 3721 5531 κοσμι-

2144 5554 2259 5615 κοῖς
2284 5552 2346 5605 οῦ
2388 5552 2791 5624 συνευχόμενοι.
2832 5552 3041 5623 Ῥἀὸδῳ
3077 5552 3422 5623 διορύξαντες
3454 5551 3546 5620 ἀφ’
3590 5551 3721 5605 ἑαυ-

2207 5734 2318 5806 (8l)
2350 5733 2508 5792 Deest
2536 5731 2978 5806 ὑπισχνούμενοι,
3010 5733 3090 5789 vel
3120 5731 3250 5803 quid
3282 5728 3413 5786 tale.
