4050 6594
354 424 454 496 157

1535 429 1910 492 LIBEI.LUS
1945 428 2451 496 maneamus.
2541 401 2556 410 ’

3523 433 3625 502 158

349 547 460 602 τῶν
483 547 602 610 ταῖς
636 546 823 616 εὐχαῖς
859 546 982 608 τοὺς
1022 544 1096 616 μὴ
1127 542 1478 607 κοινωνικοὺς
1526 544 1635 597 ἀπὸ
1668 547 1790 607 ταῖς
1824 545 1934 611 (8‘2)

2057 547 2130 614 jui
2158 546 2210 599 in
2233 546 2574 600 orationibus
2599 560 2706 598 non
2733 543 3216 600 communicabant
3244 559 3450 600 secum.
3481 549 3626 619 Apo-

351 639 696 712 ἀποκρύφοις
721 639 946 709 βιϐλίοις
970 638 1291 709 κέχρηνται,
1313 637 1409 691 καὶ
1435 637 1771 709 παραδόσεσι
1791 636 1939 703 ξέναι

351 732 465 786 τισὶ
491 731 588 784 τοῦ
623 731 856 802 ἐξάρχου
887 731 1087 785 αὐτῶν.

422 831 518 878 νεν.
565 823 1033 893 Μαρκελλιανοί.
1071 822 1418 893 Μαρκέλλιός
1463 839 1548 886 τις
1593 822 1651 875 ὲν
1697 820 1941 891 ’Δγκύρᾳ

352 917 570 987 γεγόνει
598 917 698 988 τὴν
746 915 1037 969 Σαδελλίου
1082 915 1240 980 δόξαν
1289 914 1533 984 φρονῶν,
1568 913 1941 967 ἀνυπόστατον

352 1013 445 1066 τὸν
467 1012 562 1066 τοῦ
590 1010 726 1066 Θεοῦ
745 1011 941 1079 Λόγον,
962 1011 1137 1064 καὶτὸ
1164 1011 1356 1078 ’Ἀγιον
1376 1007 1596 1078 Πνεῦμα
1616 1007 1867 1078 νομίσας.

425 1103 531 1169 νς·’.
595 1103 904 1170 Ἀρειανοί.
943 1102 1154 1173 Ἀρειός
1189 1118 1276 1165 τις
1319 1101 1543 1168 γέγονεν
1581 1101 1638 1152 ὲν
1683 1099 1939 1165 Ἀλεξαν-

350 1195 528 1266 δρείᾳ,
565 1194 659 1249 τδν
691 1194 821 1248 Υίὸν
862 1193 957 1248 τοῦ
997 1193 1132 1246 Θεοῦ
1179 1193 1398 1246 κτιστὸν
1425 1191 1520 1244 καὶ
1557 1189 1614 1256 ἐξ
1644 1190 1742 1243 ούκ
1771 1189 1940 1244 ὅντων

349 1286 636 1358 γεγονέναι
670 1286 918 1354 δοξάσας.

421 1378 518 1446 νς.
563 1379 898 1455 Ἠμιάρειοι.
950 1377 1040 1443 Ἐξ
1079 1377 1376 1449 Ἀρειανῶν
1405 1372 1553 1433 οῦτοι
1596 1367 1937 1447 ἀπέσχισαν,

351 1473 706 1543 ὀιιοιούσιον
728 1471 807 1541 τῷ
835 1469 954 1540 Θεῷ
977 1470 1280 1538 φάσκοντες
1305 1469 1396 1522 τὸν
1419 1469 1567 1535 Υίδν,
1592 1471 1700 1524 τῶν
1731 1471 1943 1540 ’Δρειαο

351 1564 460 1620 νῶν
494 1564 656 1632 μόνον
691 1563 759 1616 τὸ
787 1562 992 1631 ὅμοιον
1018 1555 1158 1614 εἶναι
1191 1561 1479 1629 λεγόντων.

424 1662 527 1726 'rq'.
581 1654 980 1708 Φωτεινιανοί.
1035 1653 1301 1716 Φωτεινός
1354 1670 1440 1715 τις
1491 1652 1714 1722 γέγονεν
1760 1653 1818 1705 έν
1869 1655 1936 1724 τῇ

353 1747 618 1818 Σειρμίῳ.
653 1748 734 1801 Τὰ
762 1746 975 1799 Παύλου
1004 1745 1099 1798 τοῦ
1145 1745 1525 1815 Σαμωσατέως
1558 1745 1795 1812 δοξάζει,
1842 1745 1939 1798 ἆν-

353 1840 577 1912 Θρωπον
616 1838 872 1908 Θεοφόρον
901 1837 1078 1906 λέγων
1108 1832 1248 1890 εἶναι
1278 1837 1370 1890 τὸν
1399 1838 1656 1908 Χριστὸν.

425 1928 524 1985 νϐ’.
568 1930 867 1986 Ἆετιανοί.
915 1929 1123 1992 Ἀέτιός
1161 1946 1244 1992 τις
1297 1929 1456 1994 Κίλιξ
1505 1931 1564 1982 τὸ
1605 1931 1783 1998 γένος,
1832 1930 1939 1984 τῶν

367 2024 666 2096 ’Δρειανῶν
698 2023 988 2094 χωρισθεὶς
1026 2024 1213 2092 ὅμοιον
1238 2021 1505 2090 λεγόντων
1533 2023 1609 2095 τῷ
1646 2024 1821 2094 Πατρὶ
1847 2024 1938 2077 τὸν

352 2118 508 2184 Υίδν,
533 2118 786 2186 ἀνόμοιον
810 2117 960 2188 αὐτῷ
987 2113 1129 2170 εἶναι
1149 2111 1294 2171 εἷπε.
1326 2117 1591 2188 Εὑνόμιος
1618 2118 1672 2171 δὲ
1697 2118 1937 2190 προέστη

358 2212 478 2283 μετ’
502 2210 672 2265 αὑτοῦ
703 2210 905 2280 ταύτης
936 2210 1034 2278 τῆς
1057 2210 1346 2280 αἱρέσεως,
1380 2212 1502 2264 ὅθεν
1536 2212 1631 2266 καὶ
1660 2214 1943 2282 Εὐνομία·

353 2305 448 2358 νοὶ
469 2303 518 2356 oi
559 2303 842 2372 ’Λνομῖται
877 2300 1196 2371 κέκληνται.

425 2397 492 2462 ξ’.
554 2396 857 2464 Ἆεριανοί.
921 2395 1131 2463 Ἀέριός
1165 2411 1250 2458 τις
1286 2396 1478 2464 γέγονε
1527 2396 1807 2460 Ποντικὸς,
1840 2398 1939 2466 τῆς

367 2489 659 2562 ’Δρειανῆς
706 2488 970 2560 αἱρέσεως
1015 2486 1112 2553 ὢν,
1163 2488 1452 2552 ἀνεδόξασε
1494 2488 1550 2542 δὲ
1597 2490 1801 2554 αὐτοῖς,
1845 2492 1940 2544 καὶ

347 2577 631 2651 ὶχωρίσοη
665 2579 759 2634 ἀπ’
791 2578 971 2632 αὐτῶν
1008 2577 1097 2631 διὰ
1136 2577 1366 2632 τοιαῦτα
1389 2593 1403 2610 ο
1442 2579 1739 2632 ἐπίσκοπον
1772 2580 1938 2651 μηδὲν

351 2672 634 2742 διαφέρειν
675 2670 1047 2741 πρεσϐυτέρου
1079 2669 1272 2738 λέγων.
1307 2670 1584 2740 Τετράδας
1624 2671 1718 2724 καὶ
1756 2689 1940 2742 παρα-

354 2763 562 2823 σκευὰς
633 2764 707 2833 μὴ
749 2763 1024 2834 προτιμᾷν
1075 2762 1184 2814 τῶν
1230 2763 1288 2814 ὲν
1338 2762 1524 2827 ἄλλαις
1577 2764 1811 2836 ἡμέραις
1847 2783 1941 2836 νη-

357 2851 590 2918 στεύων,
616 2851 738 2906 τινὰ
770 2851 975 2922 σκηνὴν
1006 2851 1117 2922 (85)
1146 2852 1415 2919 ὑπερεῖδε.

430 2939 528 3008 ξα’.
561 2943 1014 2997 Μακεδονιανοί.
1062 2944 1391 3007 Μακεδόνιός
1433 2963 1515 3009 τις
1555 2947 1614 3000 ὲν
1650 2948 1941 3002 Κωνσταν-

347 3034 667 3088 τινουπόλει
703 3034 931 3102 γίνεται,
965 3035 1022 3086 τὸ
1070 3034 1297 3099 Πνεῦμα
1322 3037 1381 3089 τὸ
1421 3039 1576 3106 ἅγιον
1607 3039 1816 3093 ἀθετῶν
1841 3042 1943 3111 τῆς,

349 3126 450 3181 τοῦ
477 3127 846 3197 ΘεοῦΠατρδς
890 3127 983 3179 καὶ
1005 3127 1134 3180 Υἰοῦ
1151 3127 1359 3191 οὐσίας.
1387 3128 1478 3182 Διὸ
1497 3130 1590 3183 καὶ
1609 3133 1942 3200 Πνευματο-

347 3220 538 3291 μάχοι
568 3221 862 3290 κέκληνται
890 3220 938 3274 οί
969 3221 1214 3272 κοινωνοὶ
1239 3220 1428 3274 αὐτοῦ.

430 3310 530 3381 ξβ’.
565 3312 1155 3381 Ἄνθρωπομορφῖται.
1193 3308 1350 3366 Οὗτοι
1377 3314 1456 3376 είς
1481 3313 1578 3385 τὴν
1621 3313 1934 3386 Ἐλευθερο-

356 3405 569 3467 πόλεως
613 3402 992 3474 ἀναπεφῄνασι
1031 3404 1235 3475 χώραν,
1267 3405 1326 3456 έν
1356 3399 1399 3472 ᾦ
1429 3408 1795 3462 ὲστιν.........
1832 3425 1937 3460 σωο

360 3495 589 3566 ματικὺν
609 3498 935 3566 χαρακτῆρα
962 3496 1056 3548 καὶ
1084 3495 1296 3566 μορφὴν
1320 3497 1666 3566 ἀνθρωπίνην
1689 3497 1781 3549 τὸν
1803 3496 1936 3550 Θεὸν

357 3589 504 3660 ἔχειν
551 3587 692 3641 κατὰ
734 3587 833 3658 τὴν
881 3585 1115 3657 ὓπαρξιν
1160 3585 1323 3639 αὑτοῦ
1368 3588 1468 3658 τὴν
1516 3589 1685 3641 ἀΐδιον
1723 3588 1935 3656 λογιζό-

359 3700 536 3753 μενοι,
565 3682 641 3747 ὡς
671 3683 764 3736 καὶ
803 3681 1069 3735 Ἰουδαίων
1103 3683 1152 3734 οἱ
1176 3681 1285 3734 τῶν
1315 3682 1546 3753 Γραφῶν
1579 3683 1814 3754 ἀμύητοι
1845 3701 1934 3738 νε-

359 3777 642 3845 νοὴκασιν.

432 3861 604 3921 Αῦται
632 3868 729 3938 μὲν
758 3863 852 3921 οὖν
885 3869 941 3921 αἱ
969 3868 1109 3921 κατὰ
1149 3871 1245 3940 τῆς
1294 3869 1804 3940 ἁγίαςἘκκλησίας
1842 3871 1938 3922 ir:-

359 3963 665 4016 αναστᾶσαι
698 3961 986 4030 γεγόνασιν
1017 3961 1276 4030 αἱρέσεις,
1305 3964 1401 4032 τῆς
1439 3962 1528 4014 τὸν
1556 3961 1759 4032 Κύριον
1782 3962 1937 4032 ἡμῶν

371 4053 584 4124 Ἰησοῦν
619 4052 872 4126 Χριστὸν,
916 4053 1008 4106 τὸν
1040 4053 1105 4106 δι’
1133 4046 1193 4106 οῦ
1241 4053 1309 4104 τὰ
1347 4053 1522 4108 πάντα
1569 4054 1804 4121 ἐγένετο,
1845 4055 1938 4107 καὶ

358 4144 693 4215 γεννηθέντα
734 4145 798 4198 ὲκ
838 4145 1058 4214 Μαρίας
1107 4144 1205 4212 τῆς
1243 4144 1523 4214 Παρθένου
1551 4145 1693 4197 κατὰ
1736 4146 1936 4215 σάρκα,

363 4237 461 4290 καὶ
483 4237 896 4307 ἐπιδημήσαντα
915 4238 981 4306 τῇ
1015 4235 1210 4288 ἑαυτοῦ
1245 4235 1443 4299 κτίσει,
1477 4235 1641 4287 αὑτὸν
1688 4233 1825 4289 εἶναι
1848 4237 1941 4290 τὸν

361 4329 473 4400 πρὸ
501 4329 608 4381 τῶν
639 4329 851 4383 αἰώνων
885 4330 1111 4381 συνόντα
1134 4327 1210 4397 τῷ
1238 4325 1356 4397 Θεῷ
1389 4327 1483 4379 καὶ
1520 4328 1713 4398 Πατρὶ,
1744 4345 1940 4399 γεννη-

363 4423 524 4475 Θέντα
555 4423 618 4474 ἐκ
636 4423 734 4491 τῆς
754 4421 942 4484 οὐσίας
969 4419 1064 4473 τοῦ
1109 4419 1342 4489 Πατρδς,
1383 4419 1476 4472 καὶ
1502 4418 1633 4472 ὄντα
1657 4420 1941 4488 ὁμοούσιον

361 4517 442 4586 τῷ
466 4515 583 4585 Θεῷ
617 4516 790 4583 Πατρὶ
823 4514 1224 4586 παρειληφυίας
1261 4515 1356 4567 καὶ⁸
1385 4512 1808 4584 παραδιδούσης,
1845 4514 1942 4566 σὺν

360 4609 442 4678 τῷ
483 4607 652 4678 ’Δγίῳ
681 4606 978 4677 Πνεύματι.

2045 637 2267 708 crypbis
2299 647 2528 690 utuntur
2551 637 2726 700 libris,
2749 643 2803 690 et
2827 636 3105 693 inusitatis
3131 637 3479 693 documentis
3500 642 3628 711 qui-

2042 733 2270 789 busdam
2303 733 2544 788 auctoris
2571 734 2677 787 sui.

2116 824 2206 878 55.
2245 823 2598 877 Marcelliani.
2636 822 2870 888 Quidam
2921 822 3231 880 Marcelline
3269 826 3322 880 in
3352 827 3482 882 urbe
3513 826 3629 880 An-

2041 931 2185 987 cyra:
2212 917 2312 971 fuit
2334 932 2456 971 cum
2486 917 2727 970 Sabellio
2748 917 3012 980 sentiens,
3041 916 3371 988 imaginatus
3395 934 3628 988 persona

2042 1025 2232 1064 carere
2274 1009 2362 1063 Dei
2397 1009 2634 1063 Verbum
2685 1018 2851 1078 atque
2887 1008 3149 1079 Spiritum
3180 1022 3448 1065 sanctum.

2111 1103 2199 1158 56.
2230 1102 2435 1156 Ariani.
2487 1102 2722 1168 Quidam
2765 1101 2930 1157 Arius
2985 1102 3086 1158 t'uit
3132 1102 3496 1168 Alexandrina,
3529 1103 3626 1174 qui

2041 1198 2372 1265 Opinabatur
2393 1194 2590 1248 Filium
2621 1193 2712 1248 Dei
2739 1204 3050 1250 creaturam
3072 1209 3213 1259 esse,
3240 1203 3403 1266 atque
3425 1209 3490 1249 ex
3520 1210 3629 1250 non

2040 1289 2381 1345 exstantibus
2417 1287 2642 1342 factum.

2113 1382 2201 1436 57.
2238 1379 2578 1435 Semiariani.
2623 1379 2703 1433 Ab
2733 1377 2953 1434 Arianis
2985 1379 3074 1433 isti
3107 1379 3403 1434 schismate
3430 1376 3631 1433 divulsi

2041 1485 2188 1538 sunt,
2235 1472 2460 1526 similem
2514 1481 2710 1524 natura
2755 1471 2863 1526 Deo
2921 1471 3063 1525 Patri
3113 1472 3356 1525 dicentes
3404 1469 3629 1536 Filium,

2043 1585 2209 1640 quum
2239 1565 2424 1620 Ariani
2455 1565 2704 1619 dicerent
2742 1565 3007 1619 duntaxat
3035 1580 3157 1619 esse
3195 1563 3446 1618 similem.

2115 1659 2205 1715 58.
2244 1658 2578 1712 Photiniuni.
2609 1658 2840 1723 Quidam
2866 1657 3136 1712 Photinus
3171 1657 3275 1712 fuit
3301 1656 3509 1718 Sirmii,
3535 1654 3628 1726 qui

2042 1769 2166 1809 cum
2193 1752 2364 1807 Paulo
2386 1753 2747 1806 Samosateno
2776 1751 3031 1820 opinione
3065 1750 3428 1805 conveniebat
3452 1788 3468 1815 ,
3498 1748 3629 1804 dum

2043 1845 2239 1899 asserit
2269 1843 2546 1898 Christum
2580 1842 2856 1896 hominem
2897 1857 3018 1896 esse
3052 1841 3340 1896 deil'ernm.

2113 1937 2202 1992 59.
2232 1936 2464 1989 Aetiani.
2501 1935 2690 1990 Aetius
2739 1949 2936 2003 genere
2967 1933 3130 1995 Cilix,
3186 1935 3254 1988 al)
3294 1932 3512 1987 Arianis
3539 1931 3631 1986 de-

2045 2028 2296 2083 sciscens
2344 2025 2436 2094 qui
2471 2025 2704 2079 similent
2735 2025 2992 2080 dicebant
3041 2025 3184 2078 Patri
3235 2022 3456 2086 Filium,
3505 2037 3631 2076 eum

2041 2117 2368 2174 dissimilem
2415 2115 2534 2186 ejus
2568 2131 2689 2170 esse
2720 2115 3048 2170 afﬁrmabat.
3089 2115 3219 2170 Post
3255 2117 3406 2170 illum
3447 2113 3634 2168 Euno-

2041 2209 2186 2264 mius
2218 2206 2436 2278 praefuit
2469 2207 2596 2261 huic
2627 2217 2789 2262 sectae
2819 2225 2833 2261 :
2864 2208 3221 2277 quamobrem
3247 2207 3412 2262 etiam
3448 2205 3632 2260 Euno-

2043 2301 2209 2355 miani
2238 2299 2510 2353 Anomita'.
2546 2308 2836 2354 vocantur.

2113 2393 2202 2448 60.
2235 2395 2473 2449 Aeriani.
2513 2392 2639 2448 Fuit
2667 2393 2931 2448 Ponticus
2961 2393 3182 2462 quidam
3231 2392 3429 2447 Acrius
3461 2393 3632 2446 haere-

2042 2487 2182 2542 ticus
2202 2488 2438 2540 Arianus
2461 2505 2474 2541 :
2500 2485 2732 2540 subinde
2754 2485 3027 2540 contraria
3052 2484 3243 2547 sensit,
3267 2493 3320 2538 et
3338 2484 3633 2538 schismate

2052 2579 2120 2632 ab
2171 2579 2252 2634 eis
2313 2577 2511 2633 defecit
2549 2586 2768 2648 propter
2821 2569 2934 2631 lucc
2983 2593 2996 2629 :
3041 2575 3264 2631 Dicebat
3316 2577 3631 2646 episcopum

2046 2671 2182 2724 nihil
2222 2686 2252 2725 a
2287 2675 2606 2743 presbytero
2633 2672 2873 2727 dili'erre.
2905 2668 3092 2724 Ferias
3117 2677 3343 2738 quartas
3367 2679 3420 2722 et
3451 2678 3633 2721 sexlas

2051 2777 2158 2816 non
2194 2763 2556 2832 praeferendas
2583 2763 2810 2834 jejuniis
2848 2763 3080 2817 aliarum
3113 2761 3350 2814 dierum.
3385 2759 3632 2825 Quadra-

2050 2854 2312 2924 gesimam
2345 2855 2748 2909 contemnebat.

2112 2945 2202 3000 61.
2244 2943 2637 2999 Macedoniani.
2685 2946 2813 3000 Fuit
2860 2941 3334 3011 Constantinopoli
3409 2939 3632 3010 quidam

2041 3038 2412 3105 Macedonius,
2449 3039 2543 3110 qui
2583 3038 2848 3108 Spiritum
2897 3045 3148 3094 sanctum
3185 3035 3338 3089 nullo
3375 3033 3495 3087 loco
3529 3033 3631 3086 ha-

2041 3131 2222 3197 bebat,
2249 3130 2623 3200 spoliabatque
2655 3129 2746 3183 Dei
2773 3129 2950 3184 Patris
2974 3145 3037 3184 ac
3067 3127 3186 3181 Filii
3217 3125 3474 3181 essentia.
3502 3123 3632 3193 Ejus

1967 3249 2010 3305 ο
2043 3234 2330 3295 propterea
2364 3234 2649 3278 consortes
2687 3222 3158 3276 Pneumatomachi
3196 3220 3448 3274 audiunt.

2113 3317 2201 3372 6:2.
2251 3316 2824 3386 Aut/iropmnorphitw.
2875 3315 2940 3368 lli
2983 3315 3085 3369 orti
3135 3323 3262 3368 sunt
3307 3313 3358 3366 in
3403 3310 3630 3380 regione

2041 3409 2618 3478 Eleuthempolitana,
2661 3409 2748 3462 ubi
2793 3418 2969 3462 est....
3014 3421 3331 3475 corpoream
3385 3403 3624 3473 speciem

2041 3501 2385 3571 formamque
2419 3503 2711 3555 humanam
2741 3499 2908 3554 Deum
2941 3500 3138 3553 habere
3157 3497 3332 3568 quoad
3363 3506 3626 3550 :eternam

2040 3591 2160 3661 ejus
2205 3592 2568 3646 substantiam
2611 3590 2710 3644 rati
2760 3598 2918 3655 sunt,
2955 3589 3420 3659 quemadmmlnm
3460 3587 3628 3641 etiam

2039 3693 2371 3754 putaverunt
2419 3701 2481 3738 ex
2540 3682 2742 3737 .luda-is
2790 3684 2883 3753 qui
2941 3682 3349 3752 Scripturarum
3407 3679 3632 3735 scientia

2042 3778 2236 3834 imbuti
2269 3794 2374 3832 non
2408 3789 2583 3831 erant.

2110 3869 2234 3924 Istae
2257 3880 2384 3924 sunt
2421 3888 2548 3943 ergo
2584 3873 2837 3934 lIIBI'e~(‘S,
2868 3887 2989 3936 qua:
3019 3878 3208 3926 contra
3245 3875 3487 3923 sanctam
3533 3866 3622 3919 Ec-

2041 3961 2261 4019 clesiam
2288 3976 2493 4017 exorta:
2523 3974 2667 4027 sunt,
2711 3980 2832 4034 quae
2865 3963 3055 4016 didicit
3105 3969 3269 4030 atque
3308 3960 3466 4012 docet
3524 3955 3632 4010 Do-

2045 4055 2251 4109 minum
2297 4066 2547 4110 nostrum
2597 4057 2783 4111 Jesum
2831 4057 3134 4113 Christum.
3175 4070 3270 4124 per
3311 4068 3470 4115 quem
3511 4066 3629 4101 om-

2043 4149 2130 4201 nia
2182 4150 2322 4204 facta
2373 4160 2524 4216 sunt,
2561 4153 2765 4220 quique
2809 4159 2968 4203 natus
2999 4164 3062 4200 ex
3100 4147 3266 4199 Maria
3304 4143 3525 4212 Virgine
3553 4151 3630 4195 est

2042 4239 2344 4295 secundum
2368 4257 2609 4299 carnem.
2631 4253 2792 4308 atque
2825 4239 2966 4292 inter
2991 4245 3296 4291 creaturam
3331 4250 3484 4288 suam
3514 4233 3630 4284 via-

2048 4343 2219 4388 torem
2255 4334 2398 4403 egit;
2445 4350 2568 4388 eum
2614 4335 2834 4404 inquam
2887 4347 2990 4385 una
3025 4347 3147 4386 cum
3193 4329 3396 4399 Spiritu
3434 4336 3629 4381 sancto

2042 4435 2168 4480 ante
2192 4427 2374 4481 omnia
2402 4427 2601 4482 srecula
2638 4427 2803 4480 Deum
2832 4441 2955 4479 cum
2995 4424 3156 4478 Patre
3192 4422 3380 4485 fuisse,
3419 4429 3623 4474 natum,

2044 4534 2151 4588 que
2182 4535 2247 4572 ex
2279 4529 2503 4589 paterna
2542 4519 2868 4584 substantia,
2906 4532 3138 4586 esseque
3183 4510 3628 4570 consubstantia-

1975 4607 2016 4658 D
2047 4613 2148 4666 lem
2178 4610 2288 4665 Deo
2317 4610 2482 4665 Patri.

357 4723 615 4777 ΚΕΦΛΛ.
652 4719 834 4775 PMA'.
865 4751 930 4760 —
957 4719 1412 4794 Ποῖαιναὶρέσεις
1439 4723 1598 4792 παρὰ
1636 4723 1939 4790 Ἰουδαίοις

2052 4723 2193 4780 CAP.
2226 4723 2409 4780 CXLI.
2435 4754 2504 4764 —
2533 4724 2727 4790 Quales
2769 4737 2919 4779 secta
2955 4739 3108 4794 penes
3146 4718 3364 4774 Judreus
3395 4718 3630 4788 fuerunt.

1006 4809 1308 4862 τεγονασι.

436 4901 766 4972 Φαρισαῖοι,
811 4903 1238 4975 ἐρμηνευόμενοι
1271 4904 1699 4975 κεχωρισμένοι
1724 4907 1756 4978 ἢ
1779 4906 1940 4975 ἀέρω-

355 4994 660 5066 ρισμένοι.
707 4995 844 5064 Περὶ
876 4996 944 5049 τὰ
965 4984 1332 5068 φυλακτήρια,
1365 4998 1461 5050 καὶ
1492 4997 1811 5070 καθαρμοὺς
1835 5015 1945 5052 σω-

367 5089 657 5158 ματικοὺς,
718 5089 813 5143 καὶ
877 5089 1218 5162 βαπτισμοὺς
1281 5090 1484 5156 ξεστῶν
1537 5094 1631 5144 καὶ
1692 5092 1938 5148 πινάκων

361 5181 572 5251 ἠσχολη
579 5181 755 5249 μένοι.

445 5273 506 5342 β’.
528 5271 943 5337 Σαδδουκαῖοι,
993 5274 1416 5345 έρμηνευόμενοι
1447 5273 1685 5340 δίκαιοι,
1732 5276 1944 5346 νεκρῶν

364 5367 666 5419 ἀνάστασιν
717 5365 1028 5438 ἀρνοῦνται,
1082 5367 1346 5436 ἀγγέλους
1383 5363 1524 5421 εἶναι
1554 5369 1616 5420 ού
1671 5368 1942 5436 λέγουσιν,

365 5459 491 5512 οὐδὲ
523 5461 747 5533 Πνεῦμα
800 5462 979 5529 ἆγιον,
1009 5461 1071 5514 ού
1122 5460 1338 5532 πνεῦμα
1378 5461 1569 5528 ἁγίων,
1600 5461 1632 5533 ἢ
1664 5461 1802 5524 ὅλως
1849 5463 1945 5514 ἁν-

367 5552 626 5622 Θρῶπων,
660 5551 800 5624 μετὰ
827 5553 926 5624 τὴν
955 5553 1060 5607 ἀπὸ
1086 5553 1177 5608 τοῦ
1211 5553 1460 5626 σώματος
1487 5554 1685 5622 ἔξοδον,
1721 5553 1780 5607 ού
1821 5554 1946 5625 κρί-

370 5659 460 5695 σιν
486 5642 597 5695 τῶν
625 5644 1032 5714 πεπραγμένων
1053 5644 1386 5715 ἀνθρώποις.

447 5741 517 5804 γ’.
562 5735 877 5804 Ἐσσηνοὶ,
925 5737 1172 5808 ἀκριϐεῖς
1209 5739 1335 5811 περὶ
1381 5739 1451 5794 τὰ
1489 5738 1715 5812 νόμιμα,
1767 5739 1949 5813 γάμου

447 5892 558 5962 (82)
592 5893 769 5952 Lucus
799 5893 1039 5951 vitiatus.

2118 4906 2398 4970 Pltarismi,
2439 4906 2529 4976 qui
2559 4905 2989 4973 interpretantur
3015 4899 3237 4970 sejuncti
3267 4907 3362 4952 aut
3413 4913 3627 4967 separa-

2046 5003 2107 5056 ti.
2141 5001 2562 5071 Occupabantur
2603 4999 2836 5051 maxime
2872 4996 3016 5050 circa
3068 4991 3402 5064 phylacteria
3433 5001 3487 5044 ct
3523 5005 3629 5060 pu-

2043 5093 2377 5149 riiiCationes
2417 5105 2733 5160 corporum,
2771 5096 2824 5142 et
2849 5086 3082 5142 lotiunes
3121 5097 3416 5138 urceorum
3457 5088 3624 5150 atque

2045 5185 2309 5240 lanciunt.

2115 5277 2170 5332 “2.
2202 5275 2507 5339 Sadducwi,
2555 5272 2648 5343 qni
2692 5272 2859 5326 latine
2893 5279 3086 5325 sonant
3133 5268 3298 5328 Iusti,
3355 5263 3627 5332 negabant

2057 5380 2395 5426 mortuorum
2445 5366 2925 5428 resurrectionem,
2972 5364 3192 5432 angelos
3247 5373 3368 5413 e~se
3418 5356 3630 5417 nolunt,

2059 5480 2235 5534 neque
2271 5462 2530 5530 Spiritum
2575 5469 2845 5523 sanctum,
2887 5471 3063 5526 neque
3114 5452 3366 5523 spiritum
3409 5458 3628 5504 sancto-

2058 5572 2200 5621 rum,
2241 5565 2335 5608 aut
2365 5553 2587 5607 omnino
2627 5550 2933 5612 hominum,
2971 5560 3150 5614 neque
3182 5553 3303 5613 post
3330 5540 3532 5596 exitum
3565 5538 3629 5593 de

2055 5661 2284 5718 corpore
2307 5645 2423 5700 fore
2446 5643 2713 5713 judicium
2749 5643 2816 5696 de
2859 5642 2923 5694 iis
2951 5640 3134 5702 rebus,
3163 5653 3302 5707 quas
3331 5636 3629 5706 egerimus.

2128 5741 2182 5794 3.
2214 5738 2419 5804 Esseni,
2444 5735 2749 5806 scrupulosi
2777 5731 3067 5787 admodum
3091 5730 3235 5784 circa
3263 5729 3476 5801 legalia,
3499 5727 3626 5784 abs~

2127 5896 2240 5967 (85)
2275 5895 2433 5950 Forte
2458 5893 2723 5968 νηστειῶν
2741 5934 2756 5964 ,
2785 5888 3249 5963 τεσσαρακοστήν.
