4032 6580
410 403 515 466 159
1934 405 2002 464 JC

2076 405 2237 465 EPPI
3568 397 3668 464 160

410 516 583 570 tinent
626 530 654 569 a
697 514 902 584 nuptiis
940 525 993 569 ct
1026 516 1379 587 procreandis
1414 515 1682 585 prolibus,
1738 516 1977 584 itemque

2084 518 2378 588 ἀπέχονται
2412 518 2505 572 καὶ
2542 518 2906 583 παιδοποιΐας,
2939 517 3036 571 καὶ
3072 516 3535 584 συναλλαγμάτων
3577 522 3670 576 καὶ

406 625 439 661 a
470 610 843 664 contractibus
879 618 1042 679 atque
1076 611 1433 680 proventibus
1459 610 1584 664 cazci
1613 626 1794 664 casus.

1480 610 1584 664 ξαεθὶ
1613 626 1794 664 casus.
2089 612 2333 683 προόῖων
2364 611 2466 681 τῆς
2495 613 2725 679 ἀνοήτου
2763 610 3072 680 συντυχίας.

481 702 534 755 4.
576 700 672 756 Est
708 711 759 756 ct
796 703 935 756 alius
976 702 1295 757 Essenorum
1328 704 1485 765 ordo,
1516 704 1608 773 qui
1649 702 1873 773 perinde
1901 712 1987 757 at-

2159 704 2222 759 δ’.
2260 707 2416 758 Ἐστι
2446 705 2501 758 δὲ
2551 705 2645 757 καὶ
2692 705 2819 758 ἄλλο
2846 704 3034 771 τάγμα
3077 704 3416 773 Ἐσσηνῶν,
3446 705 3516 759 τὰ
3572 704 3671 775 μὲν

410 808 516 863 que
545 793 797 848 aliicirca
829 794 1021 866 Icgalia
1051 798 1232 851 studio
1251 797 1520 859 feruntur,
1542 798 1757 866 nuptias
1789 797 1989 851 nihito-

2089 797 2300 868 νόμιμα
2327 796 2527 866 ὁμοίως
2548 799 2660 859 τοῖς
2684 794 2864 857 ἄλλοις
2885 795 3263 865 ἀκριϐοῦντες,
3296 797 3473 865 γάμον
3496 796 3553 848 δὲ
3577 797 3672 848 καὶ

410 886 592 941 minus
630 895 684 940 et
722 887 891 957 prolis
934 891 1365 958 procreationem
1386 906 1490 943 non
1520 890 1834 958 repudiant;
1860 888 1987 957 quin

2092 889 2440 944 παιδοποιΐαν
2465 889 2565 943 οὐκ
2608 888 2956 960 ἀρνούμενοι,
2989 887 3125 941 ἀλλὰ
3162 889 3257 941 καὶ
3293 889 3469 942 ἄλλων
3499 906 3672 941 κατα-

411 988 465 1032 et
488 988 714 1035 caeteros
733 982 1014 1044 damnant,
1038 983 1239 1053 quippe
1258 984 1347 1052 qni
1375 984 1591 1053 generis
1618 981 1988 1036 succssionetn

2092 981 2479 1049 γινώσκοντες,
2529 982 2612 1035 ὅτι
2662 980 2760 1051 τὴν
2804 979 2898 1032 τοῦ
2942 980 3133 1047 γένους
3176 980 3425 1050 διαδοχὴν
3478 980 3676 1035 ἀποτέο

412 1072 629 1126 tollant.

2096 1088 2339 1143 μνουσιν.

484 1165 537 1218 5.
579 1164 801 1218 Inducta
838 1164 1015 1220 fuerat
1040 1173 1095 1219 et
1130 1167 1316 1235 quinta
1351 1166 1455 1221 alia
1488 1166 1733 1235 quaedam
1770 1168 1994 1224 haeresis

2163 1173 2225 1220 ε’.
2255 1163 2493 1235 Εἰσήχθη
2516 1164 2572 1217 δὲ
2594 1165 2687 1217 καὶ
2716 1164 2940 1235 πέμπτη
2967 1163 3096 1233 παρ’
3114 1165 3330 1235 αὐτοῖςη
3348 1164 3543 1219 Ἰούδα
3568 1164 3676 1220 τοῦ

414 1256 556 1325 apud
594 1257 716 1311 illos
756 1255 914 1311 Judte
954 1257 1187 1323 Galilwi,
1224 1275 1346 1328 qua:
1385 1258 1602 1313 volebat
1640 1259 1847 1314 nullttm
1889 1260 1989 1315 ho-

2092 1258 2427 1313 Γαλιλαίου
2474 1258 2706 1329 αἴρεσις,
2764 1257 3068 1325 ἀνθρώπων
3129 1259 3331 1330 μηδένα
3388 1259 3576 1331 κύριον
3637 1261 3669 1329 ἦ

413 1350 620 1402 ntinttm
644 1350 943 1404 vocandum
976 1350 1166 1405 herum
1196 1352 1311 1406 sive
1331 1352 1611 1405 dominum
1642 1369 1655 1405 :
1683 1368 1805 1422 qua:
1828 1353 1992 1411 etiam

2093 1351 2365 1420 δεσπότην
2391 1350 2578 1403 καλεῖν
2604 1350 2997 1412 ἀναπείθουσα,
3030 1352 3063 1421 ἡ
3098 1352 3192 1404 καὶ
3214 1353 3314 1422 τὴν
3341 1353 3674 1423 ἀπογραφὴν

414 1440 734 1506 prohibebat
769 1442 971 1511 suscipi
1019 1442 1441 1512 descriptionem
1491 1443 1690 1498 factam
1724 1444 1827 1500 sub
1859 1443 1995 1510 Qui-

2097 1444 2190 1498 ἐπὶ
2234 1443 2469 1497 Κυρίνου
2522 1444 2896 1517 γεγενημένην
2934 1442 3221 1497 κωλύουσα
3254 1444 3672 1509 καταδέξασθαι.

413 1546 555 1586 1³1110.

412 1643 567 1702 CAP.
597 1643 799 1701 CXLII.
827 1676 896 1686 —-
914 1646 1174 1713 Quanam
1205 1648 1427 1701 Ita'resc:
1455 1649 1589 1701 inter
1616 1644 1997 1702 Samaritana:

2099 1649 2353 1705 ΚΕΦΑΛ.
2383 1644 2563 1704 PMB’.
2598 1677 2667 1691 ——-
2697 1648 2862 1712 Τίνες
2894 1647 3154 1715 αἱρέσεις
3187 1646 3347 1715 παρὰ
3391 1646 3678 1717 Σαμαρεί·

1022 1717 1377 1772 obtinuerunt.

2659 1736 2789 1784 ταις
2821 1722 3122 1788 γεγόνασι.

486 1833 651 1888 Primi
683 1832 969 1889 Samarin
990 1832 1278 1889 Persarum
1300 1835 1510 1889 colonia
1544 1834 1716 1899 fuere,
1748 1834 1994 1889 translati
2032 1895 2070 1909 _

2171 1838 2233 1893 Οἱ
2267 1838 2471 1909 πρῶτοι
2520 1834 2872 1905 Σαμαρεῖται
2922 1833 3147 1904 Περσῶν
3199 1833 3417 1885 ἄποικοι
3452 1830 3682 1901 γεγόνα-

416 1925 472 1981 in
505 1938 702 1982 terram
732 1927 895 1981 Israel
925 1944 953 1983 a
990 1928 1371 1983 Salmanasare
1396 1944 1521 1997 rege
1546 1928 1993 1999 Babyloniorum.

2100 1950 2206 1997 σιν,
2253 1895 2334 1995 εἰς
2379 1930 2478 1996 τὴν
2521 1895 2619 1983 τοέ
2659 1895 2878 1999 ’1σραὴλ
2925 1895 3029 1997 γῆν
3084 1895 3540 1996 μετοικισθέντες⁷
3578 1927 3680 1979 ὑπὸ

414 2017 509 2073 Isti
543 2019 732 2089 Iegalia
768 2019 1004 2075 Mosaica
1031 2030 1193 2090 atque
1224 2020 1698 2076 circumcisionctn
1733 2036 1762 2077 ο
1796 2019 1997 2075 Penta-

2099 2026 2530 2097 Σαλμανασάρου
2567 2023 2660 2077 τοῦ
2695 2022 3053 2076 Βαϐυλωνίων
3085 2019 3371 2091 βασιλέως,
3406 2020 3474 2073 τὰ
3513 2020 3680 2073 Moab—

418 2113 615 2165 tencbo
643 2121 992 2181 acceperunt,
1021 2128 1374 2182 permansere
1399 2123 1575 2169 tamen
1601 2114 1765 2169 etiam
1801 2115 1853 2169 in
1882 2115 1999 2169 cul-

2102 2121 2239 2184 σέως
2284 2120 2491 2190 νόμιμα
2540 2117 2634 2171 καὶ
2683 2114 2985 2187 περιτομὴν
3035 2116 3099 2168 ἐκ
3153 2115 3252 2184 τῆς
3306 2112 3682 2182 Πεντατεὺχου

416 2213 473 2257 ιιι
501 2220 564 2259 ac
591 2206 851 2275 religione
884 2206 1057 2275 patria
1089 2207 1430 2261 Persicorum
1470 2208 1721 2263 deorum.
1752 2208 1999 2262 Fuerunt

2102 2212 2521 2283 παρειληφότες,
2553 2209 2903 2276 ἐπιμένοντες
2940 2208 2996 2260 δὲ
3033 2209 3127 2261 καὶ
3158 2206 3236 2278 τῷ
3265 2206 3546 2276 σεϐασμίῳ
3570 2206 3680 2258 τῶν

416 2306 471 2350 et
515 2297 637 2351 alia:
668 2307 907 2367 quatuor
949 2298 1183 2353 Intercses
1216 2300 1359 2368 apud
1404 2300 1527 2354 illos
1548 2342 1562 2363 ,
1594 2300 1998 2356 Gortltcnorum

2104 2304 2373 2376 πατρῴων
2402 2304 2495 2357 καὶ
2523 2301 2807 2373 Περσικῶν
2834 2300 2994 2355 θεῶν.
3023 2300 3287 2368 Γεγόνασι
3321 2300 3377 2352 δὲ
3414 2300 3504 2353 καὶ
3526 2298 3682 2353 ἄλλαι

417 2404 635 2456 nempe,
682 2387 1055 2455 Seboazorum,
1094 2390 1451 2457 Essenorum,
1494 2402 1661 2462 atque
1708 2392 2001 2447 Dositbea-

2103 2397 2368 2468 τέσσαρες
2406 2395 2643 2465 αἱρέσεις
2667 2393 2800 2464 παρ’
2825 2393 3028 2458 αὐτοῖς,
3054 2390 3358 2463 Γορθηνῶν,
3390 2391 3686 2457 Σεϐοαίων,

419 2491 641 2532 Ιιυΐυιιιο
2118 2489 2413 2559 Ἐσσηνῶν,
2445 2486 2802 2541 Δοσιθεανῶν.

490 2570 742 2625 (ἱονιΙιεηί
781 2573 930 2626 enim
974 2573 1119 2628 circa
1152 2574 1531 2632 solemuitates
1569 2577 1835 2634 festorum
1872 2597 1996 2635 cum

2176 2578 2472 2649 Γορθηνοι
2528 2578 2626 2649 μὲν
2659 2578 2767 2650 γὰρ
2814 2576 2957 2630 κατὰ
2987 2576 3086 2640 τάς
3125 2574 3319 2647 ἑορτὰς
3348 2576 3458 2638 τοῖς
3506 2573 3688 2635 ἀλλοις

421 2664 543 2717 aIiis
590 2680 696 2719 non
740 2667 1005 2729 sentiunt,
1044 2668 1172 2721 dum
1222 2668 1441 2724 illorum
1487 2672 1605 2726 dies
1645 2686 2001 2742 permutant:

2104 2672 2167 2725 οὐ
2200 2670 2607 2742 συμφωνοῦσιν,
2644 2670 2742 2732 τὰς
2786 2669 2999 2739 ἡμέρας
3045 2666 3225 2721 αὐτῶν
3273 2665 3686 2731 ἐναλλάξαντες,

422 2755 558 2824 quin
588 2762 643 2811 et
678 2766 831 2812 extra
878 2760 1181 2814 Samariam
1218 2761 1366 2816 circa
1408 2762 1562 2818 cibos
1606 2766 1740 2820 nihil
1782 2767 2002 2820 solliciti

2107 2766 2202 2819 καὶ
2236 2765 2341 2830 ἔξω
2387 2765 2445 2818 δὲ
2486 2764 2581 2835 τῆς
2617 2763 2928 2834 Σαμαρείας
2979 2762 3109 2831 περὶ
3136 2761 3234 2824 τὰς
3278 2758 3511 2833 βρώσεις
3536 2758 3687 2812 ἀδια-

425 2857 575 2903 sunt.
2108 2856 2358 2928 φοροῦσι.

495 2939 698 2995 Sebuan'
723 2959 851 2997 vero
867 2945 1133 3001 dissident
1152 2948 1370 3017 quidem
1398 2949 1659 3008 adversus
1694 2951 2004 3008 th-tltenos

2179 2950 2485 3004 Σεϐουαῖοι
2530 2948 2587 3002 δὲ
2615 2947 2960 3017 διαφέρονται
2996 2945 3095 3017 μὲν
3140 2944 3279 3015 πρὸς
3306 2945 3433 3009 τοὺς
3474 2942 3685 3014 Γορθη-

423 3042 641 3101 propter
688 3034 951 3091 festorum
1009 3039 1497 3110 immutationem;
1558 3056 1615 3100 at
1655 3047 1723 3100 dc
1760 3046 2005 3103 Samaria

2108 3043 2232 3104 νοῦς
2262 3041 2351 3094 διὰ
2394 3040 2493 3111 τὴν
2526 3040 2636 3094 τῶν
2685 3039 2890 3110 ἑορτῶν
2920 3036 3245 3108 ἐναλλαγὴν,
3279 3037 3375 3107 τῆς
3404 3036 3461 3091 δὲ
3503 3036 3689 3105 Σαμα-

422 3140 530 3179 nou
549 3137 773 3194 exeunt,
801 3130 1187 3188 etimmundos
1212 3135 1553 3192 arbitrantur
1578 3139 1726 3210 quia
1752 3137 2005 3194 Samaria

2110 3134 2261 3205 ρείας
2291 3134 2392 3187 οὐκ
2420 3133 2652 3200 ἐξίασιν,
2700 3131 3044 3202 ἀκαθάρτους
3078 3130 3371 3201 ἡγούμενοι
3418 3129 3544 3192 τοὺς
3584 3130 3693 3182 ἀπὸ

422 3220 863 3290 peregrinantur.

2035 3246 2077 3304 α
2110 3228 2209 3297 τῆς
2238 3228 2556 3299 Σαμαρείας
2582 3225 3019 3297 ἀποδημοῦντας.

499 3312 683 3368 ιξδεειιε
714 3330 837 3371 cum
872 3318 1019 3373 nullo
1058 3319 1327 3378 dissident
1359 3342 1371 3379 :
1409 3325 1537 3395 quin
1578 3338 1633 3382 et
1684 3327 2002 3394 admittunt,

2186 3320 2249 3373 Oi
2282 3319 2337 3371 δὲ
2385 3317 2677 3385 Ἐσσηνοὶ
2731 3317 2867 3388 πρὸς
2906 3316 3100 3370 οὐδένα
3137 3316 3509 3385 διαφέρονται,
3556 3312 3692 3368 ἀλλά

424 3402 535 3458 imo
589 3413 642 3459 et
709 3409 1072 3463 convivantur
1133 3428 1258 3467 cum
1327 3418 1568 3472 externis
1646 3416 2002 3481 hominibus,

2110 3417 2204 3469 καὶ
2250 3412 2563 3483 προσίενται
2610 3410 2708 3464 καὶ
2759 3409 3137 3464 συσσιτοῦνται
3186 3412 3299 3474 τοῖς
3348 3406 3572 3474 ἔξωθεν,
3617 3406 3693 3469 ὡς

426 3497 645 3566 quando
681 3499 822 3568 apud
862 3500 982 3556 illos
1016 3501 1238 3569 degunt.

2113 3510 2248 3578 πρὸς
2282 3506 2478 3568 αὐτοὺς
2506 3502 2887 3573 ἐπιδημοῦσιν.

497 3589 819 3646 Dosithiam’.
855 3590 1301 3663 Scrupulosiorcs
1327 3599 1550 3669 reliquis
1581 3600 1838 3654 videntur
1862 3616 2003 3656 esse.

2183 3597 2515 3653 Δοσιθιανοὶ
2554 3598 2610 3651 δὲ
2662 3596 3042 3667 ἀκριϐέστεροι
3092 3595 3200 3650 τῶν
3241 3594 3418 3651 ἄλλων
3447 3593 3695 3648 δοκοῦσιν

427 3681 828 3737 Continentiam
847 3686 987 3739 enim
1004 3688 1310 3753 observant,
1339 3700 1391 3745 et
1416 3692 1777 3761 virginitatem
1799 3705 2003 3757 amant,

2114 3689 2274 3747 εἶναι.
2319 3694 2429 3745 Καὶ
2469 3694 2577 3761 γὰρ
2608 3689 3055 3760 ἐγκρατεύονται,
3091 3689 3185 3742 καὶ
3231 3688 3534 3759 παρθενίαν
3572 3689 3697 3741 ἑπι-

427 3777 883 3831 t'csttrrcctionent
906 3795 1122 3850 quoque
1157 3782 1390 3837 futuram
1421 3786 1664 3839 credunt.

2111 3786 2417 3856 τηδεύουσι,
2466 3786 2557 3838 καί
2614 3784 2916 3837 ἀνάστασιν
2947 3782 3276 3854 γενήσεσθαι
3322 3781 3693 3837 πιστεύουσιν.

432 3907 586 3963 CAP.
613 3909 837 3964 CXLIII.
868 3942 936 3953 —-
964 3916 1218 3979 Quwnam
1252 3931 1405 3973 sacta’
1439 3921 1580 3989 apud
1610 3920 1819 3976 ercos
1840 3923 2007 3991 fuere.

2115 3922 2363 3975 ΚΕΦΔΛ.
2421 3919 2594 3975 ΡΜΓ.
2627 3950 2697 3960 -ο
2746 3921 2911 4006 Τίνες
2957 3918 3218 3986 αιρέσεις
3268 3918 3405 3987 παρ’
3438 3919 3696 3986 Ἕλλησι

2746 4006 3052 4059 raporum.

505 4092 665 4148 Secta
722 4094 1101 4169 Pbysicorum.
1158 4099 1593 4174 Tbcologorum,
1644 4104 1859 4175 Septem
1910 4105 2011 4159 Sa-

2197 4102 2261 4156 'Il
2297 4099 2561 4171 περὶτῶν
2590 4099 2864 4163 Φυσικῶν,
2904 4100 2937 4171 ἡ
2983 4098 3110 4169 περὶ
3150 4097 3463 4167 Θεολογίας,
3494 4098 3527 4168 ή
3569 4098 3697 4167 περὶ

435 4182 700 4251 pientum.
736 4186 889 4241 Secta
941 4187 1241 4257 Socratica,
1268 4196 1586 4265 Cyrenaica,
1633 4195 1859 4265 Cynica,
1901 4196 2013 4251 116-

2115 4196 2224 4250 τῶν
2255 4196 2395 4248 ἑπτὰ
2426 4194 2637 4262 Σοιρῶν,
2666 4194 2699 4262 ἡ
2750 4191 3093 4263 Ἰσοκρατικὴ
3129 4191 3263 4263 (34),
3295 4193 3328 4261 ή
3364 4190 3696 4260 Κυριναῖκὴ,

434 4276 593 4339 Iiaca,
644 4278 800 4334 Secta
839 4282 1095 4349 Electiva,
1138 4284 1429 4355 Megarica,
1479 4288 1840 4359 Pythagorea,
1882 4288 2012 4342 Em-

2116 4291 2149 4360 ὴ
2188 4287 2421 4358 Κυνική,
2462 4289 2495 4358 ἡ
2536 4285 2786 4356 Ἠλιακὴ,
2830 4287 2862 4354 ἡ
2906 4285 3168 4355 Δίρετικὴ
3200 4284 3335 4355 (85),
3381 4282 3693 4353 Μεγαρική,

432 4372 711 4442 pcdoclea,
753 4375 1076 4440 lleraclitca.
1131 4380 1388 4447 Eleatica,
1443 4366 1827 4447 Democriiica,
1873 4384 2011 4437 Pro-

2120 4380 2509 4449 Πυθαγόρειος,
2577 4376 3015 4446 Ἐμπεδόκλειος,
3058 4375 3486 4446 Ἡρακλείτειος,
3550 4374 3697 4427 Ἐλεε

434 4468 713 4535 tagorica,
776 4468 1149 4540 Pyrrhonica,
1215 4474 1573 4540 Acadetaica,
1632 4473 2013 4544 [’eripatetiea,

2119 4471 2303 4540 ατικὴ,
2326 4470 2736 4541 Δημοκρίτειος,
2758 4469 3162 4541 Πρωταγόριος,
3186 4466 3510 4538 Πυρῤονεία,
3541 4467 3694 4519 Ἀκα-

437 4559 641 4626 Stoica,
677 4561 957 4629 Epicurea.

2042 4631 2079 4635 _
2119 4564 2381 4635 δημαῖκὴ,
2420 4564 2857 4635 Περιπατητικὴ,
2884 4561 3121 4630 Στωῖκὴ,
3161 4559 3554 4630 Ἐπικούρειος.

509 4652 615 4705 llas
662 4654 846 4722 viginti
878 4666 1051 4711 sectas
1091 4656 1402 4712 Heraclides
1442 4658 1836 4729 Pythagoricus
1868 4660 2015 4715 edis-
2042 4631 2095 4691 D

2173 4631 2409 4721 ’Ταύτας
2439 4631 2539 4720 τὰς
2570 4631 2742 4708 εἴκοσι
2791 4631 3033 4727 αἱρέσεις
3072 4652 3429 4725 Ἡρακλείδης
3453 4653 3479 4703 ό
3513 4650 3698 4704 IIan—

438 4740 610 4793 seruit
653 4742 703 4794 in
739 4743 876 4798 libro
905 4760 1004 4800 suo
1049 4748 1115 4801 de
1146 4750 1556 4802 conttttentariis
1584 4758 1860 4804 sectarum
1891 4750 2016 4821 phi-

2121 4754 2342 4826 γορικὺς
2373 4754 2587 4817 διεῖλεν,
2620 4756 2678 4805 ὲν
2712 4752 2789 4822 τῷ
2814 4751 2943 4820 περὶ¹
2979 4749 3078 4820 τῆς
3107 4751 3162 4801 ἐν
3206 4746 3520 4816 φιλοσόφοις
3546 4745 3697 4815 αἱρέ-

439 4826 868 4898 Iosopltiearunt.

2127 4841 2263 4912 σὲως
2295 4847 2683 4918 πραγματείας
2712 4844 2878 4899 αὐτοῦ
2916 4842 3128 4915 βιϐλίῳ.

441 4942 590 4999 CAP.
620 4945 936 5004 CXLIV.--
966 4950 1104 5016 Quot
1127 4962 1246 5003 sunt
1288 4952 1428 5018 apud
1452 4950 1661 5006 (ἔπεσθε
1691 4953 2016 5009 vaticinandi

2122 4962 2373 5016 ΚΕΦΑΛ.
2401 4961 2580 5015 PMA'.
2608 4988 2677 4998 —
2712 4960 2884 5012 Ὅσαι
2924 4955 3043 5010 εἰσὶ
3088 4952 3362 5025 μαντεῖαι
3394 4952 3527 5021 παρ’
3558 4950 3700 5004 Ἕλ-

1122 5039 1332 5091 gcnera.
2795 5032 3003 5096 .Inmr.

546 5136 569 5189 I
617 5138 996 5191 Astronomica
1028 5138 1309 5192 divinatio.

1112 5139 1309 5192 ‘iuatio.
2196 5147 2243 5201 α’
2291 5146 2704 5215 Ἀστρονομική.

544 5229 579 5283 2
617 5228 992 5285 Gcnctbliaea.

2197 5238 2242 5309 β’
2273 5238 2620 5306 Γενεθλιακὴ.

548 5322 581 5377 5
620 5322 693 5376 Ex
724 5324 1064 5376 somniorum
1103 5324 1567 5394 interpretatitmr.

1162 5326 1567 5394 tcrpretatitmr.
2194 5332 2241 5401 γ’
2284 5334 2753 5402 Ὀνειροσκοπικη.

548 5412 581 5465 4
622 5411 699 5465 Ex
729 5411 941 5466 avibus.

927 5452 941 5465 -
2192 5424 2232 5477 δ’
2257 5427 2512 5493 Οἰωνική.

550 5504 584 5559 5
624 5504 1019 5560 Consultativa.

2199 5522 2238 5568 ε’
2270 5516 2637 5585 Συμϐουλική.

550 5598 584 5654 6
619 5598 937 5655 Observatio
965 5602 1030 5656 de
1063 5602 1221 5656 ca-Io.

1126 5602 1221 5656 rlo.
2199 5613 2253 5671 ς’
2298 5607 2557 5679 Ἀρθρική
2588 5607 2718 5677 (86).

523 5775 638 5864 ςὲἑ)
665 5773 833 5864 EQ“?
863 5782 1207 5864 Σωκραῖιηῖῖ·
1443 5858 1451 5864 .

2203 5788 2315 5861 (86)
2342 5789 2424 5845 AI.
2463 5791 2686 5864 ἀθρικὴ.
2725 5792 2807 5846 AI.
2837 5791 3080 5864 αἱθρική.

522 5849 634 5914 (85)
662 5847 867 5909 Fabric.
904 5847 1103 5913 mavult
1138 5847 1483 5926 Ἐρετριακή.
