4050 6586
378 392 473 456 161
1544 394 1924 458 LIBELLUS
1963 399 1977 458 l

2036 401 2468 468 EMORIALIS.
3531 419 3635 485 162

444 511 490 576 ζ’
531 513 599 565 ἸΙ
628 512 717 566 διὰ
744 513 983 584 κλήρων.
1989 526 2029 577 Λ

971 551 983 566 .
1989 526 2029 577 Λ
2170 523 2199 574 7
2243 523 2344 578 Per
2370 538 2565 580 sortes.

442 603 492 677 η’
537 605 603 659 ἸΙ
627 606 696 659 δι’
727 607 1110 678 ἀστραγάλων.

1035 623 1110 661 ον.
2163 614 2198 668 8
2236 614 2338 670 Per
2377 627 2634 674 teSset'as.

444 698 492 750 θ’
532 699 597 751 Ἠ
624 698 712 751 διά
745 700 1051 771 πεμπύρων
1079 699 1210 771 (87).

962 716 1051 753 >ων
1079 699 1210 771 (87).
2162 707 2195 762 9
2235 707 2336 762 Per
2365 711 2561 779 ignem.

445 790 478 848 ι’
521 792 584 846 Ἡ
613 793 702 846 διὰ
726 792 972 862 λαχμῶν.

2129 794 2196 848 10
2235 797 2338 850 Per
2367 799 2703 853 Sol-titiones.

445 885 514 939 ια’
539 886 744 957 Θυτικὴ
783 885 956 950 ζώων.

2126 888 2185 942 Η
2233 887 2334 943 Per
2361 893 2675 947 animalium
2704 893 3097 964 jugulationcm

445 977 512 1047 ιβ’
557 979 884 1045 Ὠοσκοπική

2127 980 2194 1034 12
2235 982 2339 1036 Per
2367 999 2593 1040 ovorum
2625 985 3080 1045 observationem.

446 1069 513 1140 ιγ’
553 1073 617 1124 Ἠ
647 1072 736 1124 διά
767 1072 1036 1142 τεράτων.

1030 1108 1036 1123 ,
2125 1071 2190 1123 i5
2231 1074 2334 1126 Per
2366 1086 2629 1130 monstra.

443 1163 506 1217 ιδ’
554 1165 617 1218 Ἥ
644 1165 763 1218 κατ’
803 1163 1168 1218 ὲνθουσίασιν.

2127 1163 2193 1216 14
2231 1164 2334 1220 Per
2358 1168 2817 1226 entltusiasmum.

445 1256 507 1310 ιε’
555 1258 615 1310 Ἡ
647 1258 765 1309 κατ’
795 1257 1067 1326 εἰσκρισίν
1088 1275 1235 1320 τινος
1265 1257 1570 1322 ἐπιπνοίας.

2122 1255 2191 1308 15
2231 1257 2332 1312 Per
2357 1260 2779 1318 insinuationem
2805 1267 3088 1335 cujusdam
3121 1270 3353 1327 adlatus.

439 1347 516 1414 ις’
560 1349 622 1400 Ἦ
654 1348 740 1402 διὰ
767 1347 1062 1419 κληδόνων.

2125 1348 2189 1402 16
2228 1349 2331 1404 Per
2360 1357 2704 1411 nomenclatu
2717 1373 2854 1413 ram.

443 1438 510 1506 ιζ’
545 1440 611 1492 Ἠ
638 1440 728 1494 διά
757 1458 900 1504 τινος
935 1443 1221 1507 ἐπιπνοίας
1257 1444 1388 1514 (88).

2122 1441 2189 1494 17
2229 1441 2332 1497 Per
2355 1447 2648 1513 quamdam
2684 1450 3123 1520 inspirationem.

435 1529 508 1602 ιη’
552 1531 613 1583 Ἢ
642 1530 730 1584 διὰ
761 1533 970 1602 φήμης.

2121 1532 2190 1587 18
2231 1532 2334 1588 Pcr
2357 1535 2516 1591 fama:
2542 1557 2835 1598 rumorem.

439 1620 506 1676 ιθ¹
553 1624 619 1676 Ἣ
643 1623 728 1676 διὰ
758 1625 990 1678 πανικοῦ
1021 1627 1344 1696 κινήματος.

2121 1627 2187 1682 19
2225 1627 2329 1682 Per
2362 1633 2607 1700 panicam
2637 1640 3075 1696 commotionem.

435 1721 487 1768 κ’
523 1715 586 1768 Ἦ
617 1716 705 1768 διὰ
737 1719 1175 1786 μορφοσκοπίας.

2116 1719 2187 1774 20
2227 1722 2330 1776 Per
2369 1724 2552 1780 iormze
2585 1728 2998 1798 inspectionem.

430 1805 520 1859 κα¹
563 1807 625 1859 ’11
654 1807 743 1860 διὰ
762 1810 1165 1878 χειροσκοπίας.
1973 1873 2012 1892 “

1973 1873 2012 1892 ἢ
2115 1814 2176 1868 21
2229 1814 2330 1870 Per
2356 1834 2615 1874 manuuzn
2645 1823 3055 1892 inspectionem.

431 1898 519 1969 κβ¹
565 1901 628 1952 Ἢ
658 1873 1082 1955 διάγπιττακίων
1131 1905 1236 1956 ὑπὸ
1284 1905 1558 1982 σφραγίδα
1605 1906 1938 1960 πιπτόντων.
1973 1873 2015 1928 Β

1451 1905 1558 1975 τίδα
1605 1906 1938 1960 πιπτόντων.
1973 1873 2015 1928 Β
2116 1905 2186 1958 22
2223 1905 2326 1960 Per
2354 1910 2575 1978 pittacia
2607 1873 3050 1983 sigillo‘ttiunita.

431 1990 524 2061 κγ’
571 1991 635 2046 Ἠ
663 1993 750 2046 διὰ
791 1993 1065 2051 κοσκίνου.
1371 1983 1380 1992 ’

1024 2014 1065 2051 ).
1371 1983 1380 1992 ’
2113 1995 2184 2051 23
2224 1997 2328 2052 Per
2362 2001 2623 2058 cribrum.

430 2081 512 2137 κδ’
556 2084 619 2136 Ἢ
650 2085 737 2136 διὰ
769 2080 1002 2156 λεκάνης
1039 2088 1302 2158 μαγικῆς.

1287 2125 1302 2141 ,
2113 2088 2182 2142 24
2224 2089 2326 2143 Per
2357 2093 2556 2160 pelvim
2592 2097 2878 2168 magicam.

431 2177 514 2230 κε’
554 2177 618 2230 Ἠ
659 2179 717 2230 ὲν
741 2179 930 2252 φιάλῃ.

2111 2181 2183 2235 25
2223 2185 2328 2237 Per
2361 2187 2617 2254 phialam.

422 2265 520 2331 κς¹
564 2266 625 2320 Ἦ
660 2268 749 2322 διὰ
775 2270 1018 2340 κλήσεως
1051 2270 1408 2342 αὖτοπτικῆς.

2109 2275 2179 2328 26
2222 2276 2320 2329 Per
2352 2284 2688 2335 vocationem
2721 2285 2796 2337 rei
2831 2300 2932 2338 sun
2959 2298 3234 2356 aspectum
3269 2291 3533 2348 cadentis.

425 2357 513 2424 κζ’
557 2360 619 2412 Ἢ
652 2362 739 2415 διὰ
765 2361 1176 2432 ψυχοπομπίας.

2111 2367 2176 2419 27
2218 2369 2319 2422 Per
2352 2370 2654 2426 animarum
2687 2378 3079 2433 evocationem.

427 2448 516 2521 κη’
558 2450 624 2502 Ἦ
645 2451 732 2504 διά
766 2452 872 2504 τῶν
895 2453 1379 2525 ζυγοφορουμένων
1405 2454 1758 2524 ἀγαλμάτων.

1525 2454 1758 2524 λμάτων.
2111 2458 2178 2514 28
2218 2459 2322 2515 Per
2350 2461 2615 2534 imagines
2642 2466 2777 2535 jugo
2808 2480 3067 2537 gestatas.

425 2538 513 2592 κδ’
549 2541 610 2594 Ἠ
648 2541 714 2594 δι’
737 2542 935 2599 αὐλῶν.

2110 2552 2180 2606 29
2221 2553 2324 2607 Per
2357 2555 2538 2610 tibias.

426 2629 474 2684 λ’
514 2632 578 2686 Ἡ
606 2632 696 2686 διὰ
729 2634 1038 2705 συμϐόλων.

1006 2652 1038 2689 ρ.
2108 2642 2177 2697 50
2215 2644 2318 2698 Per
2341 2649 2605 2718 sytnbola.

426 2723 508 2777 λα’
543 2725 604 2779 Ἦ
639 2725 726 2780 διὰ
752 2727 1068 2797 κυμϐάλων.

1022 2745 1068 2782 ν.
2108 2737 2167 2790 51
2217 2739 2316 2792 Per
2343 2742 2616 2810 cymbala.

423 2815 506 2885 λβ⁹
555 2817 619 2870 Ἡ
637 2817 725 2870 διὰ
747 2819 1046 2889 τυμπάνων
1063 2820 1156 2873 καὶ
1171 2820 1402 2889 ὀργάνου
1425 2823 1624 2886 παντὸς
1648 2821 1932 2895 μουσικοῦ.

2109 2829 2177 2884 52
2217 2831 2319 2886 Per
2336 2842 2611 2904 tympana,
2627 2848 2674 2892 et
2693 2853 2852 2894 omne
2873 2842 3140 2896 musicum
3162 2845 3609 2905 instrumentum.

427 2904 511 2976 λγ’
554 2907 616 2960 Ἦ
641 2908 726 2961 διὰ
763 2909 1043 2973 Σαϐαζίων
1073 2911 1206 2981 (89).

2108 2924 2178 2978 5'5
2214 2922 2319 2978 Per
2348 2924 2728 2984 bacchantium
2765 2933 3100 2990 saltationes.

426 2997 504 3052 λδ¹
531 3000 865 3071 Μυρίςοντες
896 3001 1046 3056 ἄλλοι
1088 3001 1228 3056 κατὰ
1271 3004 1333 3056 τὸ
1368 3005 1734 3073 φανταστικὸν
1783 3006 1934 3061 θειά-

2107 3019 2176 3072 54
2217 3017 2522 3088 Unguentis
2558 3022 2786 3078 delibuti
2837 3025 2927 3080 alii
2975 3028 3312 3097 pliautastice
3338 3033 3609 3092 amamur.

349 3089 562 3156 ζουσιν.

424 3185 502 3240 λε’
528 3187 712 3241 ΙἈλλοι
746 3189 935 3253 σκότος
967 3190 1226 3260 συνεργὸν
1259 3190 1648 3262 λαμϐάνοντες.
1963 3211 2006 3268 c

1963 3211 2006 3268 ο
2110 3197 2178 3254 55
2216 3198 2320 3253 Alii
2362 3202 2612 3257 tenebras
2638 3203 2689 3259 in
2721 3206 3027 3263 subsidium
3063 3223 3366 3269 assumunt.

423 3281 515 3344 λς’
548 3283 732 3336 Ἄλλοι
771 3284 1120 3347 καταπόσεις.

2111 3289 2179 3343 56
2219 3291 2320 3344 Alii
2355 3291 2738 3350 inclinationes.

429 3375 506 3441 λζ’
544 3375 608 3427 Ui
635 3373 691 3427 δὲ
725 3373 938 3444 ἐπῳδὰς
967 3373 1060 3426 καὶ
1092 3375 1402 3438 συστάσεις.

2108 3380 2177 3434 37
2217 3382 2320 3436 Alii
2354 3383 2755 3440 incantamenta
2787 3403 2851 3441 ac
2889 3391 3172 3448 stationes.

425 3467 508 3537 λη’
539 3465 724 3518 Ἄλλοι
757 3469 836 3529 εἰς
868 3465 1007 3537 ὕδωρ
1043 3467 1426 3534 φαντάζονται.

2107 3469 2176 3524 58
2211 3471 2316 3526 Alii
2348 3489 2443 3542 per
2477 3491 2676 3545 aquam
2705 3477 3003 3545 plantasias
3039 3484 3142 3538 sibi
3172 3488 3431 3542 excitant.

424 3557 502 3609 λῖθ’
527 3558 590 3609 Ol
623 3557 678 3608 δὲ
713 3557 770 3608 ὲν
797 3557 980 3626 τοίχῳ.

2105 3563 2173 3620 59
2212 3564 2319 3619 Alii
2351 3566 2404 3620 in
2439 3568 2665 3637 pariete.

428 3652 480 3716 μ’
512 3647 575 3700 Oi
602 3646 658 3699 δὲ
683 3649 740 3698 ὲν
772 3646 1024 3718 ὑπαίθρῳ
1058 3647 1201 3718 ἀέρι.

1008 3664 1024 3698 ›
1058 3647 1201 3718 ἀέρι.
2104 3657 2172 3711 40
2219 3655 2322 3711 Alii
2363 3661 2466 3713 sub
2497 3659 2607 3714 dio.

427 3743 517 3808 μα’
548 3738 734 3790 nmo:
773 3739 830 3791 ὲν
865 3739 1018 3810 ἡλίῳ,
1059 3740 1153 3793 καὶ
1179 3742 1237 3793 ὲν
1280 3743 1393 3805 τοῖς
1435 3740 1635 3807 ἄλλοις,
1665 3746 1776 3808 τοῖς
1810 3745 1930 3799 κατ’

1832 3745 1930 3799 ιατ’
2103 3747 2165 3802 41
2213 3749 2317 3803 Alii
2351 3752 2405 3806 in
2435 3755 2570 3820 sole,
2605 3759 2927 3828 cunctisque
2961 3761 3218 3816 coriorum
3248 3764 3431 3819 astris.

346 3833 604 3905 οὐρανῶν
632 3833 876 3903 ἄστροις.

429 3924 519 3997 μβ¹
551 3926 614 3980 Οἱ
637 3926 694 3978 δὲ
717 3927 803 3981 διὰ
833 3927 1175 4000 σπλάγχνων.

1096 3946 1175 3982 υν,
2101 3925 2169 3978 42
2206 3929 2308 3982 Alii
2345 3946 2440 3998 per
2472 3932 2695 3988 viscera.

425 4017 516 4090 μγ¹
551 4020 614 4072 Οἱ
648 4018 705 4071 δὲ
727 4019 816 4072 διὰ
845 4020 1095 4090 ὀρνίθων.

2099 4019 2170 4072 45
2207 4021 2310 4076 Alii
2344 4039 2440 4093 per
2470 4026 2739 4083 volucres.

425 4112 510 4182 μϐ¹
545 4113 608 4165 Οί
636 4112 692 4166 δὲ
719 4113 786 4165 δι’
815 4114 1075 4183 ἀλφίτων.

2100 4113 2172 4167 44
2207 4115 2312 4168 Alii
2341 4130 2434 4184 per
2467 4115 2691 4173 farinas.

431 4203 511 4276 με’
543 4204 728 4259 ’Δλλοι
772 4205 860 4259 διὰ
891 4207 991 4278 τῆς
1029 4209 1264 4280 φυσικῆς
1311 4210 1748 4281 παρατηρήσεως
1788 4209 1927 4278 φοα-

1901 4240 1927 4250 -
2099 4205 2170 4258 45
2208 4206 2313 4259 Alii
2340 4222 2405 4260 ex
2446 4210 2682 4263 naturali
2713 4212 3084 4280 praesensione
3118 4219 3499 4282 praeveniente.

340 4321 572 4366 νουσης.

423 4323 484 4358 ua
558 4344 572 4358 .

423 4323 742 4470 μὲςἊλλοι
775 4399 869 4452 ἐπὶ
892 4397 1044 4464 ζώων
1069 4401 1448 4473 παραλλαγὰς,
1475 4401 1509 4472 ἢ
1542 4401 1746 4473 φυτῶν.

2101 4385 2170 4440 46
2206 4387 2313 4442 Alii
2338 4403 2402 4443 ex
2437 4391 2829 4448 mutationibus
2868 4395 3208 4462 animalium,
3248 4399 3360 4455 sive
3390 4400 3602 4472 planta-

2031 4493 2172 4532 rum.
2475 4514 2478 4516 ·

423 4580 512 4650 μζ¹
537 4581 600 4634 Oi
628 4580 685 4634 δὲ
711 4581 778 4634 δι’
808 4582 1080 4654 ἀριθμῶν.
1962 4569 2006 4625 D

1962 4569 2006 4625 D
2103 4571 2173 4625 47
2211 4573 2316 4626 Alii
2357 4588 2451 4643 per
2479 4591 2735 4632 numeros

422 4668 518 4742 μη⁹
544 4670 610 4728 Οἱ
645 4671 703 4725 δὲ
731 4672 819 4726 διὰ
857 4673 956 4744 τῆς
986 4675 1509 4745 φυσιογνωμονικῆς.

1453 4693 1509 4745 ις.
2102 4664 2172 4720 48
2209 4665 2313 4720 Alii
2345 4683 2444 4737 per
2468 4668 3052 4741 pltysiognomonicen.

419 4761 509 4834 μο’
544 4763 701 4818 Ἐστι
733 4765 830 4820 καὶ
861 4767 1088 4838 ἐπιϐολὴ
1116 4767 1550 4839 ὲνθουσιαστικὴ,
1581 4768 1671 4822 καὶ
1700 4767 1926 4842 ἐπιϐολὴ

2103 4757 2172 4811 49
2211 4756 2306 4812 Est
2330 4766 2384 4812 et
2422 4758 2636 4816 iuvasio
2667 4763 3080 4834 enthusiastica,
3105 4779 3158 4824 et
3179 4786 3437 4832 accessus
3458 4775 3601 4832 allia-

339 4855 659 4925 Θεοφορίας.

2033 4858 2120 4906 tus
2152 4851 2414 4905 numinis.

415 4954 462 5003 ν’
492 4949 818 5020 Χρηστήρια
835 4949 890 5004 δὲ
919 4951 1180 5022 διαϐόητα
1202 4952 1333 5023 παρ’
1363 4951 1546 5016 αὐτοῖς
1579 4955 1696 5008 ἐστι
1721 4972 1734 4987 ⁸
1767 4954 1834 5008 τά
1864 4955 1925 5010 ἐν

2106 4942 2174 4998 50
2201 4941 2426 4998 Oracula
2478 4961 2642 5014 porro
2698 4949 2839 5018 apud
2891 4950 3012 5007 illos
3071 4953 3433 5014 famosissima
3489 4960 3597 5016 fue-

338 5045 458 5106 τοῖς
491 5043 642 5104 ναοῖς
700 5043 1010 5108 Βαιτύλια,
1041 5043 1128 5098 διὰ
1177 5043 1342 5098 λίθων
1375 5046 1432 5099 ὲν
1482 5049 1594 5110 τοῖς
1639 5045 1924 5116 στοιχείοις

2033 5046 2161 5091 runt
2194 5054 2208 5090 :
2245 5037 2477 5108 Bwtylia
2506 5039 2556 5092 iu
2587 5039 2822 5109 templis,
2855 5058 2949 5112 per
2978 5045 3181 5116 lapides
3220 5049 3272 5103 in
3317 5051 3602 5109 elementis

341 5129 830 5200 προσρασσόντων.

674 5146 830 5184 ντων,
2022 5131 2273 5200 agilatos.

419 5217 503 5274 να¹
542 5221 633 5274 Ἐν
663 5221 923 5294 Αἰγύπτῳ
947 5223 1006 5277 τὸ
1045 5226 1183 5280 Βονί
1219 5225 1352 5298 (90),
1380 5229 1606 5300 ὄργανόν
1627 5248 1679 5284 τι
1713 5232 1919 5303 τρίγω-

2089 5225 2153 5280 5i
2202 5226 2341 5282 Βοιιὶ
2390 5231 2443 5286 in
2491 5232 2766 5305 Aigypto,
2805 5238 2951 5308 quod
2993 5249 3111 5293 erat
3175 5239 3596 5296 instrumentum

338 5333 436 5368 νον
485 5318 824 5388 ἐναρμόνιον,
872 5311 916 5386 ᾧ
974 5319 1212 5390 χρῶνται
1259 5321 1308 5375 οί
1361 5322 1674 5395 ἱεροψάλται
1705 5325 1763 5379 ἐν
1807 5327 1922 5390 τοῖς

2069 5318 2291 5374 uoddam
2327 5321 2659 5393 triangulare
2707 5329 2998 5396 musicum,
3025 5347 3135 5400 quo
3160 5331 3468 5388 sacerdotes
3491 5340 3593 5386 ute-
3666 5369 3668 5371 -

338 5408 555 5481 κώμοις
581 5410 1052 5482 πλεκτριζόμενοι.

2020 5410 2221 5467 bantur
2261 5415 2404 5470 inter
2449 5421 2757 5477 canendum
2809 5423 2862 5478 in
2905 5425 3133 5481 comicis
3171 5424 3442 5495 tripudiis.
3477 5423 3597 5480 Ple-

2025 5515 2142 5560 ctro
2174 5509 2514 5576 pulsabatur.

421 5701 536 5776 (87)
566 5702 732 5776 [orte
764 5705 1050 5776 ἐμπύρων.

786 5706 912 5775 ,μπύ
920 5723 1050 5776 ρων.
2033 5715 2099 5768 Iri
2134 5717 2385 5775 deorum.

558 5773 700 5861 llaec
724 5773 974 5861 vitientur
1013 5786 1213 5832 temere
1230 5776 1523 5861 inserta."
1629 5852 1640 5861 .
2103 5787 2212 5860 (90)
2236 5793 2318 5845 Al.
2353 5773 2501 5861 Buv‘t,
2539 5795 2718 5850 Bouvi.

418 5845 532 5910 (89)
558 5844 720 5902 Forte
750 5847 1039 5913 Σαϐαζίου,
1076 5847 1450 5920 μητρίζοντες,
1487 5849 1696 5904 llaccl—no
1723 5861 1776 5904 et
1805 5866 1922 5906 ma-
