  <div class='ocr_page' id='page_1' title='image "/cluster/home/n/w/nwhite01/storage/ocr_20150623/106/hvd.32044051727071/093.png"; bbox 0 0 4032 6640; ppageno 0'>
   <div class='ocr_carea' id='block_1_1' title="bbox 386 416 488 482">
    <p class='ocr_par' dir='ltr' id='par_1_1' title="bbox 386 416 488 482">
     <span class='ocr_line' id='line_1_1' title="bbox 386 416 488 482; baseline -0.029 0"><span class='ocrx_word' id='word_1_1' title='bbox 386 416 488 482; x_wconf 75' lang='lat'><strong>163</strong></span> 
     </span>
    </p>
   </div>
   <div class='ocr_carea' id='block_1_2' title="bbox 1911 393 2219 460">
    <p class='ocr_par' dir='ltr' id='par_1_2' title="bbox 1911 393 2219 460">
     <span class='ocr_line' id='line_1_2' title="bbox 1911 393 2219 460; baseline -0.026 0"><span class='ocrx_word' id='word_1_2' title='bbox 1911 393 2219 460; x_wconf 83' lang='lat' dir='ltr'><strong>JOSEPPI</strong></span> 
     </span>
    </p>
   </div>
   <div class='ocr_carea' id='block_1_3' title="bbox 3532 378 3635 442">
    <p class='ocr_par' dir='ltr' id='par_1_3' title="bbox 3532 378 3635 442">
     <span class='ocr_line' id='line_1_3' title="bbox 3532 378 3635 442; baseline 0 -1"><span class='ocrx_word' id='word_1_3' title='bbox 3532 378 3635 442; x_wconf 69' lang='grc'><strong>184</strong></span> 
     </span>
    </p>
   </div>
   <div class='ocr_carea' id='block_1_4' title="bbox 454 496 1987 592">
    <p class='ocr_par' dir='ltr' id='par_1_4' title="bbox 454 515 1987 592">
     <span class='ocr_line' id='line_1_4' title="bbox 454 515 1987 592; baseline -0.011 -7"><span class='ocrx_word' id='word_1_4' title='bbox 454 531 523 585; x_wconf 73' lang='grc'><strong>52</strong></span> <span class='ocrx_word' id='word_1_5' title='bbox 558 525 822 582; x_wconf 74' lang='lat' dir='ltr'><strong>Sex.......</strong></span> <span class='ocrx_word' id='word_1_6' title='bbox 857 522 1091 592; x_wconf 74' lang='lat' dir='ltr'><strong>virgines</strong></span> <span class='ocrx_word' id='word_1_7' title='bbox 1134 520 1385 576; x_wconf 85' lang='lat' dir='ltr'><strong>vestales.</strong></span> <span class='ocrx_word' id='word_1_8' title='bbox 1422 517 1620 573; x_wconf 85' lang='lat' dir='ltr'><strong>Dicunt</strong></span> <span class='ocrx_word' id='word_1_9' title='bbox 1647 515 1818 572; x_wconf 87' lang='lat' dir='ltr'><strong>sacris</strong></span> <span class='ocrx_word' id='word_1_10' title='bbox 1855 529 1947 565; x_wconf 80' lang='lat' dir='ltr'><strong>vn-</strong></span> <span class='ocrx_word' id='word_1_11' title='bbox 1979 545 1987 568; x_wconf 79' lang='grc' dir='ltr'><strong>ι</strong></span> 
     </span>
    </p>
   </div>
   <div class='ocr_carea' id='block_1_5' title="bbox 2090 496 3637 592">
    <p class='ocr_par' dir='ltr' id='par_1_5' title="bbox 2126 496 3637 576">
     <span class='ocr_line' id='line_1_5' title="bbox 2126 496 3637 576; baseline -0.009 -17"><span class='ocrx_word' id='word_1_12' title='bbox 2126 505 2202 576; x_wconf 79' lang='grc' dir='ltr'><strong>νβ’</strong></span> <span class='ocrx_word' id='word_1_13' title='bbox 2240 502 2338 569; x_wconf 80' lang='grc' dir='ltr'><strong>Ἓξ</strong></span> <span class='ocrx_word' id='word_1_14' title='bbox 2363 501 2593 573; x_wconf 81' lang='grc' dir='ltr'>ἄκαρ⁶αί</span> <span class='ocrx_word' id='word_1_15' title='bbox 2617 499 2719 570; x_wconf 84' lang='grc' dir='ltr'>τῆς</span> <span class='ocrx_word' id='word_1_16' title='bbox 2757 498 2975 561; x_wconf 80' lang='grc' dir='ltr'>Ἑστίας</span> <span class='ocrx_word' id='word_1_17' title='bbox 3006 496 3289 568; x_wconf 79' lang='grc' dir='ltr'><strong>παρθένοι·</strong></span> <span class='ocrx_word' id='word_1_18' title='bbox 3319 496 3637 566; x_wconf 78' lang='grc' dir='ltr'>ἱερουργοῦ-</span> 
     </span>
    </p>
   </div>
   <div class='ocr_carea' id='block_1_6' title="bbox 389 608 1953 686">
    <p class='ocr_par' dir='ltr' id='par_1_6' title="bbox 389 608 1953 686">
     <span class='ocr_line' id='line_1_6' title="bbox 389 608 1953 686; baseline -0.013 -9"><span class='ocrx_word' id='word_1_19' title='bbox 389 631 574 677; x_wconf 84' lang='lat' dir='ltr'><strong>cantes</strong></span> <span class='ocrx_word' id='word_1_20' title='bbox 603 633 696 673; x_wconf 86' lang='lat' dir='ltr'><strong>eas</strong></span> <span class='ocrx_word' id='word_1_21' title='bbox 725 631 940 686; x_wconf 83' lang='lat' dir='ltr'><strong>quoque</strong></span> <span class='ocrx_word' id='word_1_22' title='bbox 991 613 1310 684; x_wconf 62' lang='lat' dir='ltr'><strong>praedixisse</strong></span> <span class='ocrx_word' id='word_1_23' title='bbox 1363 610 1548 665; x_wconf 81' lang='lat' dir='ltr'><strong>futura</strong></span> <span class='ocrx_word' id='word_1_24' title='bbox 1586 625 1649 663; x_wconf 76' lang='lat' dir='ltr'><strong>ex</strong></span> <span class='ocrx_word' id='word_1_25' title='bbox 1679 608 1800 677; x_wconf 83' lang='lat' dir='ltr'><strong>igne</strong></span> <span class='ocrx_word' id='word_1_26' title='bbox 1827 620 1953 676; x_wconf 86' lang='lat' dir='ltr'><strong>per-</strong></span> 
     </span>
    </p>
   </div>
   <div class='ocr_carea' id='block_1_7' title="bbox 389 710 975 784">
    <p class='ocr_par' dir='ltr' id='par_1_7' title="bbox 389 710 975 784">
     <span class='ocr_line' id='line_1_7' title="bbox 389 710 975 784; baseline -0.017 -15"><span class='ocrx_word' id='word_1_27' title='bbox 389 723 548 784; x_wconf 88' lang='lat' dir='ltr'><strong>petuo</strong></span> <span class='ocrx_word' id='word_1_28' title='bbox 581 710 975 780; x_wconf 85' lang='lat' dir='ltr'><strong>conjectantes.</strong></span> 
     </span>
    </p>
   </div>
   <div class='ocr_carea' id='block_1_8' title="bbox 456 789 1958 870">
    <p class='ocr_par' dir='ltr' id='par_1_8' title="bbox 456 789 1958 870">
     <span class='ocr_line' id='line_1_8' title="bbox 456 789 1958 870; baseline -0.013 -11"><span class='ocrx_word' id='word_1_29' title='bbox 456 806 524 859; x_wconf 78' lang='lat'><strong>55</strong></span> <span class='ocrx_word' id='word_1_30' title='bbox 562 801 666 868; x_wconf 85' lang='lat' dir='ltr'><strong>Qui</strong></span> <span class='ocrx_word' id='word_1_31' title='bbox 691 800 832 870; x_wconf 88' lang='lat' dir='ltr'><strong>apud</strong></span> <span class='ocrx_word' id='word_1_32' title='bbox 868 798 1138 854; x_wconf 87' lang='lat' dir='ltr'><strong>Bacchum</strong></span> <span class='ocrx_word' id='word_1_33' title='bbox 1165 797 1218 850; x_wconf 93' lang='lat' dir='ltr'><strong>in</strong></span> <span class='ocrx_word' id='word_1_34' title='bbox 1251 792 1631 866; x_wconf 88' lang='lat' dir='ltr'><strong>Coryhanticis</strong></span> <span class='ocrx_word' id='word_1_35' title='bbox 1661 789 1816 844; x_wconf 82' lang='lat' dir='ltr'><strong>furiis</strong></span> <span class='ocrx_word' id='word_1_36' title='bbox 1842 804 1958 858; x_wconf 81' lang='lat' dir='ltr'><strong>agi-</strong></span> 
     </span>
    </p>
   </div>
   <div class='ocr_carea' id='block_1_9' title="bbox 391 897 663 948">
    <p class='ocr_par' dir='ltr' id='par_1_9' title="bbox 391 897 663 948">
     <span class='ocr_line' id='line_1_9' title="bbox 391 897 663 948; baseline -0.011 0"><span class='ocrx_word' id='word_1_37' title='bbox 391 897 663 948; x_wconf 67' lang='lat' dir='ltr'><strong>taliantur.</strong></span> 
     </span>
    </p>
   </div>
   <div class='ocr_carea' id='block_1_10' title="bbox 467 976 1961 1054">
    <p class='ocr_par' dir='ltr' id='par_1_10' title="bbox 467 976 1961 1054">
     <span class='ocr_line' id='line_1_10' title="bbox 467 976 1961 1054; baseline -0.009 -15"><span class='ocrx_word' id='word_1_38' title='bbox 467 985 535 1039; x_wconf 67' lang='grc'><strong>54</strong></span> <span class='ocrx_word' id='word_1_39' title='bbox 583 981 1204 1054; x_wconf 65' lang='lat' dir='ltr'><strong>Culophone,sacerdos</strong></span> <span class='ocrx_word' id='word_1_40' title='bbox 1255 977 1522 1048; x_wconf 83' lang='lat' dir='ltr'><strong>Apollinis</strong></span> <span class='ocrx_word' id='word_1_41' title='bbox 1569 976 1766 1029; x_wconf 89' lang='lat' dir='ltr'><strong>hausta</strong></span> <span class='ocrx_word' id='word_1_42' title='bbox 1803 986 1961 1041; x_wconf 87' lang='lat' dir='ltr'><strong>aqua,</strong></span> 
     </span>
    </p>
   </div>
   <div class='ocr_carea' id='block_1_11' title="bbox 392 1067 1772 1143">
    <p class='ocr_par' dir='ltr' id='par_1_11' title="bbox 392 1067 1772 1143">
     <span class='ocr_line' id='line_1_11' title="bbox 392 1067 1772 1143; baseline -0.008 -14"><span class='ocrx_word' id='word_1_43' title='bbox 392 1075 604 1130; x_wconf 82' lang='lat' dir='ltr'><strong>dicebat</strong></span> <span class='ocrx_word' id='word_1_44' title='bbox 632 1074 832 1143; x_wconf 82' lang='lat' dir='ltr'><strong>cuique</strong></span> <span class='ocrx_word' id='word_1_45' title='bbox 854 1073 918 1127; x_wconf 89' lang='lat' dir='ltr'><strong>de</strong></span> <span class='ocrx_word' id='word_1_46' title='bbox 948 1086 1132 1137; x_wconf 87' lang='lat' dir='ltr'><strong>causa,</strong></span> <span class='ocrx_word' id='word_1_47' title='bbox 1162 1071 1232 1125; x_wconf 77' lang='grc' dir='ltr'>ιιι)</span> <span class='ocrx_word' id='word_1_48' title='bbox 1262 1085 1424 1138; x_wconf 88' lang='lat' dir='ltr'><strong>quam</strong></span> <span class='ocrx_word' id='word_1_49' title='bbox 1458 1067 1772 1121; x_wconf 87' lang='lat' dir='ltr'><strong>advenerat.</strong></span> 
     </span>
    </p>
   </div>
   <div class='ocr_carea' id='block_1_12' title="bbox 463 1154 1967 1233">
    <p class='ocr_par' dir='ltr' id='par_1_12' title="bbox 463 1154 1967 1233">
     <span class='ocr_line' id='line_1_12' title="bbox 463 1154 1967 1233; baseline -0.009 -15"><span class='ocrx_word' id='word_1_50' title='bbox 463 1164 530 1220; x_wconf 74' lang='lat'><strong>55</strong></span> <span class='ocrx_word' id='word_1_51' title='bbox 565 1163 784 1233; x_wconf 86' lang='lat' dir='ltr'><strong>Delphis</strong></span> <span class='ocrx_word' id='word_1_52' title='bbox 810 1162 1180 1216; x_wconf 88' lang='lat' dir='ltr'><strong>vaticinantur</strong></span> <span class='ocrx_word' id='word_1_53' title='bbox 1213 1160 1472 1213; x_wconf 84' lang='lat' dir='ltr'><strong>mulieres</strong></span> <span class='ocrx_word' id='word_1_54' title='bbox 1495 1154 1562 1209; x_wconf 91' lang='lat' dir='ltr'><strong>ad</strong></span> <span class='ocrx_word' id='word_1_55' title='bbox 1595 1154 1776 1209; x_wconf 76' lang='lat' dir='ltr'><strong>fontes</strong></span> <span class='ocrx_word' id='word_1_56' title='bbox 1803 1165 1967 1220; x_wconf 83' lang='lat' dir='ltr'><strong>aqua-</strong></span> 
     </span>
    </p>
   </div>
   <div class='ocr_carea' id='block_1_13' title="bbox 395 1256 871 1311">
    <p class='ocr_par' dir='ltr' id='par_1_13' title="bbox 395 1256 871 1311">
     <span class='ocr_line' id='line_1_13' title="bbox 395 1256 871 1311; baseline -0.008 0"><span class='ocrx_word' id='word_1_57' title='bbox 395 1272 514 1311; x_wconf 90' lang='lat' dir='ltr'><strong>rum</strong></span> <span class='ocrx_word' id='word_1_58' title='bbox 547 1256 871 1309; x_wconf 76' lang='lat' dir='ltr'><strong>assidentes.</strong></span> 
     </span>
    </p>
   </div>
   <div class='ocr_carea' id='block_1_14' title="bbox 465 1335 1968 1406">
    <p class='ocr_par' dir='ltr' id='par_1_14' title="bbox 465 1335 1968 1406">
     <span class='ocr_line' id='line_1_14' title="bbox 465 1335 1968 1406; baseline -0.009 -2"><span class='ocrx_word' id='word_1_59' title='bbox 465 1348 532 1404; x_wconf 84' lang='lat'><strong>56</strong></span> <span class='ocrx_word' id='word_1_60' title='bbox 557 1348 728 1402; x_wconf 80' lang='lat' dir='ltr'><strong>Etiam</strong></span> <span class='ocrx_word' id='word_1_61' title='bbox 779 1347 832 1399; x_wconf 93' lang='lat' dir='ltr'><strong>in</strong></span> <span class='ocrx_word' id='word_1_62' title='bbox 879 1342 1195 1398; x_wconf 86' lang='lat' dir='ltr'><strong>Branchidis</strong></span> <span class='ocrx_word' id='word_1_63' title='bbox 1237 1356 1305 1396; x_wconf 77' lang='lat' dir='ltr'><strong>ex</strong></span> <span class='ocrx_word' id='word_1_64' title='bbox 1357 1353 1622 1406; x_wconf 83' lang='lat' dir='ltr'><strong>aquarum</strong></span> <span class='ocrx_word' id='word_1_65' title='bbox 1669 1335 1968 1406; x_wconf 84' lang='lat' dir='ltr'><strong>vaporibus</strong></span> 
     </span>
    </p>
   </div>
   <div class='ocr_carea' id='block_1_15' title="bbox 395 1427 1967 1501">
    <p class='ocr_par' dir='ltr' id='par_1_15' title="bbox 395 1427 1967 1501">
     <span class='ocr_line' id='line_1_15' title="bbox 395 1427 1967 1501; baseline -0.012 -3"><span class='ocrx_word' id='word_1_66' title='bbox 395 1441 585 1498; x_wconf 78' lang='lat' dir='ltr'><strong>amata:</strong></span> <span class='ocrx_word' id='word_1_67' title='bbox 629 1438 847 1494; x_wconf 86' lang='lat' dir='ltr'><strong>oracula</strong></span> <span class='ocrx_word' id='word_1_68' title='bbox 887 1437 1138 1491; x_wconf 82' lang='lat' dir='ltr'><strong>edebant.</strong></span> <span class='ocrx_word' id='word_1_69' title='bbox 1176 1433 1322 1488; x_wconf 89' lang='lat' dir='ltr'><strong>Intra</strong></span> <span class='ocrx_word' id='word_1_70' title='bbox 1356 1430 1621 1501; x_wconf 88' lang='lat' dir='ltr'><strong>quasdam</strong></span> <span class='ocrx_word' id='word_1_71' title='bbox 1657 1444 1787 1484; x_wconf 88' lang='lat' dir='ltr'><strong>vero</strong></span> <span class='ocrx_word' id='word_1_72' title='bbox 1826 1427 1967 1496; x_wconf 78' lang='lat' dir='ltr'><strong>ligu-</strong></span> 
     </span>
    </p>
   </div>
   <div class='ocr_carea' id='block_1_16' title="bbox 397 1519 1969 1598">
    <p class='ocr_par' dir='ltr' id='par_1_16' title="bbox 397 1519 1969 1598">
     <span class='ocr_line' id='line_1_16' title="bbox 397 1519 1969 1598; baseline -0.009 -10"><span class='ocrx_word' id='word_1_73' title='bbox 397 1536 635 1589; x_wconf 84' lang='lat' dir='ltr'><strong>rationes</strong></span> <span class='ocrx_word' id='word_1_74' title='bbox 657 1542 861 1586; x_wconf 85' lang='lat' dir='ltr'><strong>stantes</strong></span> <span class='ocrx_word' id='word_1_75' title='bbox 886 1529 987 1583; x_wconf 68' lang='lat' dir='ltr'><strong>riri</strong></span> <span class='ocrx_word' id='word_1_76' title='bbox 1013 1529 1290 1598; x_wconf 79' lang='lat' dir='ltr'><strong>replentur</strong></span> <span class='ocrx_word' id='word_1_77' title='bbox 1310 1523 1583 1580; x_wconf 85' lang='lat' dir='ltr'><strong>alllatibus</strong></span> <span class='ocrx_word' id='word_1_78' title='bbox 1602 1523 1658 1576; x_wconf 91' lang='lat' dir='ltr'><strong>in</strong></span> <span class='ocrx_word' id='word_1_79' title='bbox 1689 1519 1969 1576; x_wconf 91' lang='lat' dir='ltr'><strong>nonnullis</strong></span> 
     </span>
    </p>
   </div>
   <div class='ocr_carea' id='block_1_17' title="bbox 397 1623 924 1693">
    <p class='ocr_par' dir='ltr' id='par_1_17' title="bbox 397 1623 924 1693">
     <span class='ocr_line' id='line_1_17' title="bbox 397 1623 924 1693; baseline -0.011 -12"><span class='ocrx_word' id='word_1_80' title='bbox 397 1625 611 1693; x_wconf 78' lang='lat' dir='ltr'><strong>templis</strong></span> <span class='ocrx_word' id='word_1_81' title='bbox 637 1623 924 1693; x_wconf 87' lang='lat' dir='ltr'><strong>Apollinis.</strong></span> 
     </span>
    </p>
   </div>
   <div class='ocr_carea' id='block_1_18' title="bbox 473 1704 1973 1784">
    <p class='ocr_par' dir='ltr' id='par_1_18' title="bbox 473 1704 1973 1784">
     <span class='ocr_line' id='line_1_18' title="bbox 473 1704 1973 1784; baseline -0.011 -15"><span class='ocrx_word' id='word_1_82' title='bbox 473 1714 540 1769; x_wconf 86' lang='lat'><strong>5&#39;7</strong></span> <span class='ocrx_word' id='word_1_83' title='bbox 573 1713 764 1784; x_wconf 82' lang='lat' dir='ltr'><strong>Pythia</strong></span> <span class='ocrx_word' id='word_1_84' title='bbox 805 1728 869 1766; x_wconf 80' lang='lat' dir='ltr'><strong>ex</strong></span> <span class='ocrx_word' id='word_1_85' title='bbox 914 1709 1146 1780; x_wconf 84' lang='lat' dir='ltr'><strong>tripode,</strong></span> <span class='ocrx_word' id='word_1_86' title='bbox 1183 1707 1414 1776; x_wconf 76' lang='lat' dir='ltr'><strong>turpiter</strong></span> <span class='ocrx_word' id='word_1_87' title='bbox 1440 1704 1703 1768; x_wconf 84' lang='lat' dir='ltr'><strong>insidens,</strong></span> <span class='ocrx_word' id='word_1_88' title='bbox 1730 1718 1826 1772; x_wconf 91' lang='lat' dir='ltr'><strong>per</strong></span> <span class='ocrx_word' id='word_1_89' title='bbox 1854 1717 1973 1754; x_wconf 87' lang='lat' dir='ltr'><strong>mtt-</strong></span> 
     </span>
    </p>
   </div>
   <div class='ocr_carea' id='block_1_19' title="bbox 401 1795 1972 1865">
    <p class='ocr_par' dir='ltr' id='par_1_19' title="bbox 401 1795 1972 1865">
     <span class='ocr_line' id='line_1_19' title="bbox 401 1795 1972 1865; baseline -0.01 -4"><span class='ocrx_word' id='word_1_90' title='bbox 401 1806 587 1861; x_wconf 87' lang='lat' dir='ltr'><strong>liebria</strong></span> <span class='ocrx_word' id='word_1_91' title='bbox 627 1820 727 1860; x_wconf 89' lang='lat' dir='ltr'><strong>sua</strong></span> <span class='ocrx_word' id='word_1_92' title='bbox 765 1805 910 1859; x_wconf 91' lang='lat' dir='ltr'><strong>vires</strong></span> <span class='ocrx_word' id='word_1_93' title='bbox 950 1798 1281 1856; x_wconf 77' lang='lat' dir='ltr'><strong>vaticinandi</strong></span> <span class='ocrx_word' id='word_1_94' title='bbox 1321 1796 1731 1865; x_wconf 74' lang='lat' dir='ltr'><strong>amationesqne</strong></span> <span class='ocrx_word' id='word_1_95' title='bbox 1762 1795 1972 1864; x_wconf 79' lang='lat' dir='ltr'><strong>recipit.</strong></span> 
     </span>
    </p>
   </div>
   <div class='ocr_carea' id='block_1_20' title="bbox 472 1967 1972 2044">
    <p class='ocr_par' dir='ltr' id='par_1_20' title="bbox 472 1967 1972 2044">
     <span class='ocr_line' id='line_1_20' title="bbox 472 1967 1972 2044; baseline -0.008 -12"><span class='ocrx_word' id='word_1_96' title='bbox 472 1976 540 2032; x_wconf 82' lang='lat'><strong>58</strong></span> <span class='ocrx_word' id='word_1_97' title='bbox 566 1975 730 2030; x_wconf 89' lang='lat' dir='ltr'><strong>Plura</strong></span> <span class='ocrx_word' id='word_1_98' title='bbox 755 1975 919 2030; x_wconf 90' lang='lat' dir='ltr'><strong>etiam</strong></span> <span class='ocrx_word' id='word_1_99' title='bbox 955 1978 1008 2028; x_wconf 86' lang='lat' dir='ltr'><strong>in</strong></span> <span class='ocrx_word' id='word_1_100' title='bbox 1045 1973 1293 2044; x_wconf 84' lang='lat' dir='ltr'><strong>pluribus</strong></span> <span class='ocrx_word' id='word_1_101' title='bbox 1326 1987 1419 2040; x_wconf 86' lang='lat' dir='ltr'><strong>per</strong></span> <span class='ocrx_word' id='word_1_102' title='bbox 1447 1984 1613 2023; x_wconf 88' lang='lat' dir='ltr'><strong>urnas</strong></span> <span class='ocrx_word' id='word_1_103' title='bbox 1646 1977 1697 2021; x_wconf 91' lang='lat' dir='ltr'><strong>et</strong></span> <span class='ocrx_word' id='word_1_104' title='bbox 1728 1967 1972 2022; x_wconf 83' lang='lat' dir='ltr'><strong>calculos</strong></span> 
     </span>
    </p>
   </div>
   <div class='ocr_carea' id='block_1_21' title="bbox 403 2060 1975 2139">
    <p class='ocr_par' dir='ltr' id='par_1_21' title="bbox 403 2060 1975 2139">
     <span class='ocr_line' id='line_1_21' title="bbox 403 2060 1975 2139; baseline -0.007 -15"><span class='ocrx_word' id='word_1_105' title='bbox 403 2068 845 2139; x_wconf 75' lang='lat' dir='ltr'><strong>reSpondentium</strong></span> <span class='ocrx_word' id='word_1_106' title='bbox 879 2066 1026 2119; x_wconf 77' lang='lat' dir='ltr'><strong>fuere</strong></span> <span class='ocrx_word' id='word_1_107' title='bbox 1054 2063 1306 2129; x_wconf 84' lang='lat' dir='ltr'><strong>oracula;</strong></span> <span class='ocrx_word' id='word_1_108' title='bbox 1340 2063 1522 2130; x_wconf 85' lang='lat' dir='ltr'><strong>templi</strong></span> <span class='ocrx_word' id='word_1_109' title='bbox 1557 2060 1758 2114; x_wconf 69' lang='grc' dir='ltr'>ιιιιίίιυυ</span> <span class='ocrx_word' id='word_1_110' title='bbox 1790 2061 1975 2115; x_wconf 75' lang='lat' dir='ltr'><strong>cali-u-</strong></span> 
     </span>
    </p>
   </div>
   <div class='ocr_carea' id='block_1_22' title="bbox 403 2152 1972 2229">
    <p class='ocr_par' dir='ltr' id='par_1_22' title="bbox 403 2152 1972 2229">
     <span class='ocr_line' id='line_1_22' title="bbox 403 2152 1972 2229; baseline -0.004 -14"><span class='ocrx_word' id='word_1_111' title='bbox 403 2166 512 2215; x_wconf 92' lang='lat' dir='ltr'><strong>lum</strong></span> <span class='ocrx_word' id='word_1_112' title='bbox 542 2159 883 2229; x_wconf 78' lang='lat' dir='ltr'><strong>inspiciente,</strong></span> <span class='ocrx_word' id='word_1_113' title='bbox 912 2166 1074 2226; x_wconf 87' lang='lat' dir='ltr'><strong>atque</strong></span> <span class='ocrx_word' id='word_1_114' title='bbox 1103 2157 1170 2210; x_wconf 89' lang='lat' dir='ltr'><strong>de</strong></span> <span class='ocrx_word' id='word_1_115' title='bbox 1206 2158 1343 2209; x_wconf 87' lang='lat' dir='ltr'><strong>libro</strong></span> <span class='ocrx_word' id='word_1_116' title='bbox 1375 2153 1657 2209; x_wconf 84' lang='lat' dir='ltr'><strong>oraculum</strong></span> <span class='ocrx_word' id='word_1_117' title='bbox 1693 2152 1972 2208; x_wconf 87' lang='lat' dir='ltr'><strong>recitante.</strong></span> 
     </span>
    </p>
   </div>
   <div class='ocr_carea' id='block_1_23' title="bbox 404 2240 1976 2319">
    <p class='ocr_par' dir='ltr' id='par_1_23' title="bbox 404 2240 1976 2319">
     <span class='ocr_line' id='line_1_23' title="bbox 404 2240 1976 2319; baseline -0.008 -13"><span class='ocrx_word' id='word_1_118' title='bbox 404 2250 467 2306; x_wconf 86' lang='lat' dir='ltr'><strong>Et</strong></span> <span class='ocrx_word' id='word_1_119' title='bbox 521 2248 978 2319; x_wconf 86' lang='lat' dir='ltr'><strong>quemadmodum</strong></span> <span class='ocrx_word' id='word_1_120' title='bbox 1029 2243 1366 2315; x_wconf 85' lang='lat' dir='ltr'><strong>Porphyrius</strong></span> <span class='ocrx_word' id='word_1_121' title='bbox 1418 2242 1495 2295; x_wconf 90' lang='lat' dir='ltr'><strong>ait</strong></span> <span class='ocrx_word' id='word_1_122' title='bbox 1549 2242 1602 2294; x_wconf 90' lang='lat' dir='ltr'><strong>in</strong></span> <span class='ocrx_word' id='word_1_123' title='bbox 1650 2240 1879 2306; x_wconf 86' lang='lat' dir='ltr'><strong>epistola</strong></span> <span class='ocrx_word' id='word_1_124' title='bbox 1909 2241 1976 2294; x_wconf 85' lang='lat' dir='ltr'><strong>ad</strong></span> 
     </span>
    </p>
   </div>
   <div class='ocr_carea' id='block_1_24' title="bbox 406 2331 1976 2405">
    <p class='ocr_par' dir='ltr' id='par_1_24' title="bbox 406 2331 1976 2405">
     <span class='ocr_line' id='line_1_24' title="bbox 406 2331 1976 2405; baseline -0.007 -8"><span class='ocrx_word' id='word_1_125' title='bbox 406 2341 714 2398; x_wconf 73' lang='lat' dir='ltr'><strong>Anehnnem</strong></span> <span class='ocrx_word' id='word_1_126' title='bbox 749 2356 762 2392; x_wconf 89' lang='lat'><strong>:</strong></span> <span class='ocrx_word' id='word_1_127' title='bbox 799 2338 988 2393; x_wconf 76' lang='lat' dir='ltr'><strong>Multis</strong></span> <span class='ocrx_word' id='word_1_128' title='bbox 1035 2337 1173 2392; x_wconf 82' lang='lat' dir='ltr'><strong>enim</strong></span> <span class='ocrx_word' id='word_1_129' title='bbox 1202 2343 1388 2405; x_wconf 81' lang='lat' dir='ltr'><strong>agyrta</strong></span> <span class='ocrx_word' id='word_1_130' title='bbox 1427 2334 1516 2389; x_wconf 79' lang='lat' dir='ltr'><strong>ille</strong></span> <span class='ocrx_word' id='word_1_131' title='bbox 1548 2332 1775 2388; x_wconf 76' lang='lat' dir='ltr'><strong>illudens</strong></span> <span class='ocrx_word' id='word_1_132' title='bbox 1804 2331 1976 2388; x_wconf 81' lang='lat' dir='ltr'><strong>hianti</strong></span> 
     </span>
    </p>
   </div>
   <div class='ocr_carea' id='block_1_25' title="bbox 406 2434 856 2490">
    <p class='ocr_par' dir='ltr' id='par_1_25' title="bbox 406 2434 856 2490">
     <span class='ocr_line' id='line_1_25' title="bbox 406 2434 856 2490; baseline -0.007 0"><span class='ocrx_word' id='word_1_133' title='bbox 406 2434 616 2490; x_wconf 71' lang='lat' dir='ltr'><strong>ﬁducita</strong></span> <span class='ocrx_word' id='word_1_134' title='bbox 638 2442 856 2487; x_wconf 69' lang='lat' dir='ltr'><strong>nostrae.</strong></span> 
     </span>
    </p>
   </div>
   <div class='ocr_carea' id='block_1_26' title="bbox 409 2625 1980 2695">
    <p class='ocr_par' dir='ltr' id='par_1_26' title="bbox 409 2625 1980 2695">
     <span class='ocr_line' id='line_1_26' title="bbox 409 2625 1980 2695; baseline -0.005 -9"><span class='ocrx_word' id='word_1_135' title='bbox 409 2629 562 2685; x_wconf 79' lang='lat' dir='ltr'><strong>CAP.</strong></span> <span class='ocrx_word' id='word_1_136' title='bbox 593 2625 802 2684; x_wconf 80' lang='lat' dir='ltr'><strong>CXLV.</strong></span> <span class='ocrx_word' id='word_1_137' title='bbox 833 2651 909 2670; x_wconf 72' lang='grc' dir='ltr'><strong>-ο</strong></span> <span class='ocrx_word' id='word_1_138' title='bbox 945 2626 1054 2681; x_wconf 84' lang='lat' dir='ltr'><strong>Cur</strong></span> <span class='ocrx_word' id='word_1_139' title='bbox 1100 2625 1275 2681; x_wconf 70' lang='lat' dir='ltr'><strong>Judaei</strong></span> <span class='ocrx_word' id='word_1_140' title='bbox 1320 2626 1602 2681; x_wconf 75' lang='lat' dir='ltr'><strong>secundam</strong></span> <span class='ocrx_word' id='word_1_141' title='bbox 1644 2635 1692 2681; x_wconf 83' lang='lat' dir='ltr'><strong>et</strong></span> <span class='ocrx_word' id='word_1_142' title='bbox 1744 2626 1980 2695; x_wconf 82' lang='lat' dir='ltr'><strong>quintam</strong></span> 
     </span>
    </p>
   </div>
   <div class='ocr_carea' id='block_1_27' title="bbox 759 2697 1624 2766">
    <p class='ocr_par' dir='ltr' id='par_1_27' title="bbox 759 2697 1624 2766">
     <span class='ocr_line' id='line_1_27' title="bbox 759 2697 1624 2766; baseline 0.001 -17"><span class='ocrx_word' id='word_1_143' title='bbox 759 2697 1098 2752; x_wconf 75' lang='lat' dir='ltr'><strong>Itebdomadre</strong></span> <span class='ocrx_word' id='word_1_144' title='bbox 1135 2697 1324 2766; x_wconf 70' lang='lat' dir='ltr'><strong>feriam</strong></span> <span class='ocrx_word' id='word_1_145' title='bbox 1347 2697 1624 2766; x_wconf 84' lang='lat' dir='ltr'><strong>jejunant.</strong></span> 
     </span>
    </p>
   </div>
   <div class='ocr_carea' id='block_1_28' title="bbox 484 2809 1984 2880">
    <p class='ocr_par' dir='ltr' id='par_1_28' title="bbox 484 2809 1984 2880">
     <span class='ocr_line' id='line_1_28' title="bbox 484 2809 1984 2880; baseline -0.001 -15"><span class='ocrx_word' id='word_1_146' title='bbox 484 2812 609 2865; x_wconf 77' lang='lat' dir='ltr'><strong>Erat</strong></span> <span class='ocrx_word' id='word_1_147' title='bbox 648 2813 888 2864; x_wconf 85' lang='lat' dir='ltr'><strong>secunda</strong></span> <span class='ocrx_word' id='word_1_148' title='bbox 916 2809 1072 2875; x_wconf 78' lang='lat' dir='ltr'><strong>feria,</strong></span> <span class='ocrx_word' id='word_1_149' title='bbox 1113 2811 1333 2879; x_wconf 89' lang='lat' dir='ltr'><strong>quando</strong></span> <span class='ocrx_word' id='word_1_150' title='bbox 1359 2810 1620 2880; x_wconf 89' lang='lat' dir='ltr'><strong>templum</strong></span> <span class='ocrx_word' id='word_1_151' title='bbox 1659 2812 1832 2878; x_wconf 86' lang='lat' dir='ltr'><strong>prima</strong></span> <span class='ocrx_word' id='word_1_152' title='bbox 1866 2809 1984 2863; x_wconf 85' lang='lat' dir='ltr'><strong>vice</strong></span> 
     </span>
    </p>
   </div>
   <div class='ocr_carea' id='block_1_29' title="bbox 413 2901 1985 2972">
    <p class='ocr_par' dir='ltr' id='par_1_29' title="bbox 413 2901 1985 2972">
     <span class='ocr_line' id='line_1_29' title="bbox 413 2901 1985 2972; baseline -0.003 -12"><span class='ocrx_word' id='word_1_153' title='bbox 413 2920 442 2960; x_wconf 86' lang='lat' dir='ltr'><strong>a</strong></span> <span class='ocrx_word' id='word_1_154' title='bbox 473 2903 978 2959; x_wconf 83' lang='lat' dir='ltr'><strong>Nabuchodonosor</strong></span> <span class='ocrx_word' id='word_1_155' title='bbox 1006 2912 1273 2960; x_wconf 86' lang='lat' dir='ltr'><strong>vastatum</strong></span> <span class='ocrx_word' id='word_1_156' title='bbox 1317 2913 1400 2959; x_wconf 89' lang='lat' dir='ltr'><strong>est</strong></span> <span class='ocrx_word' id='word_1_157' title='bbox 1433 2905 1659 2972; x_wconf 86' lang='lat' dir='ltr'><strong>:quinta</strong></span> <span class='ocrx_word' id='word_1_158' title='bbox 1692 2918 1820 2958; x_wconf 86' lang='lat' dir='ltr'><strong>vero</strong></span> <span class='ocrx_word' id='word_1_159' title='bbox 1849 2901 1985 2956; x_wconf 79' lang='lat' dir='ltr'><strong>feria</strong></span> 
     </span>
    </p>
   </div>
   <div class='ocr_carea' id='block_1_30' title="bbox 411 2993 1988 3065">
    <p class='ocr_par' dir='ltr' id='par_1_30' title="bbox 411 2993 1988 3065">
     <span class='ocr_line' id='line_1_30' title="bbox 411 2993 1988 3065; baseline -0.001 -16"><span class='ocrx_word' id='word_1_160' title='bbox 411 2996 534 3060; x_wconf 72' lang='lat' dir='ltr'><strong>fuit,</strong></span> <span class='ocrx_word' id='word_1_161' title='bbox 562 2995 778 3065; x_wconf 88' lang='lat' dir='ltr'><strong>quando</strong></span> <span class='ocrx_word' id='word_1_162' title='bbox 810 2995 910 3049; x_wconf 87' lang='lat' dir='ltr'><strong>sub</strong></span> <span class='ocrx_word' id='word_1_163' title='bbox 935 2994 1057 3050; x_wconf 88' lang='lat' dir='ltr'><strong>Tito</strong></span> <span class='ocrx_word' id='word_1_164' title='bbox 1082 2996 1220 3050; x_wconf 90' lang='lat' dir='ltr'><strong>idem</strong></span> <span class='ocrx_word' id='word_1_165' title='bbox 1249 2996 1442 3051; x_wconf 86' lang='lat' dir='ltr'><strong>iterum</strong></span> <span class='ocrx_word' id='word_1_166' title='bbox 1467 3010 1685 3064; x_wconf 90' lang='lat' dir='ltr'><strong>passum</strong></span> <span class='ocrx_word' id='word_1_167' title='bbox 1713 3005 1816 3050; x_wconf 89' lang='lat' dir='ltr'><strong>est.</strong></span> <span class='ocrx_word' id='word_1_168' title='bbox 1846 2993 1988 3048; x_wconf 89' lang='lat' dir='ltr'><strong>Luc-</strong></span> 
     </span>
    </p>
   </div>
   <div class='ocr_carea' id='block_1_31' title="bbox 412 3086 1988 3158">
    <p class='ocr_par' dir='ltr' id='par_1_31' title="bbox 412 3086 1988 3158">
     <span class='ocr_line' id='line_1_31' title="bbox 412 3086 1988 3158; baseline 0.001 -18"><span class='ocrx_word' id='word_1_169' title='bbox 412 3098 526 3140; x_wconf 90' lang='lat' dir='ltr'><strong>tum</strong></span> <span class='ocrx_word' id='word_1_170' title='bbox 573 3087 715 3140; x_wconf 90' lang='lat' dir='ltr'><strong>enim</strong></span> <span class='ocrx_word' id='word_1_171' title='bbox 756 3097 918 3155; x_wconf 82' lang='lat' dir='ltr'><strong>agunt</strong></span> <span class='ocrx_word' id='word_1_172' title='bbox 967 3097 1184 3157; x_wconf 88' lang='lat' dir='ltr'><strong>propter</strong></span> <span class='ocrx_word' id='word_1_173' title='bbox 1224 3088 1534 3142; x_wconf 87' lang='lat' dir='ltr'><strong>incendium</strong></span> <span class='ocrx_word' id='word_1_174' title='bbox 1567 3087 1751 3157; x_wconf 87' lang='lat' dir='ltr'><strong>templi</strong></span> <span class='ocrx_word' id='word_1_175' title='bbox 1794 3086 1988 3158; x_wconf 88' lang='lat' dir='ltr'><strong>quavis</strong></span> 
     </span>
    </p>
   </div>
   <div class='ocr_carea' id='block_1_32' title="bbox 2060 588 3643 667">
    <p class='ocr_par' dir='ltr' id='par_1_32' title="bbox 2060 588 3643 667">
     <span class='ocr_line' id='line_1_32' title="bbox 2060 588 3643 667; baseline -0.009 -14"><span class='ocrx_word' id='word_1_176' title='bbox 2060 618 2150 653; x_wconf 90' lang='grc' dir='ltr'><strong>σαι</strong></span> <span class='ocrx_word' id='word_1_177' title='bbox 2176 599 2393 667; x_wconf 73' lang='grc' dir='ltr'>λέγουσι</span> <span class='ocrx_word' id='word_1_178' title='bbox 2415 595 2510 650; x_wconf 71' lang='grc' dir='ltr'>καὶ</span> <span class='ocrx_word' id='word_1_179' title='bbox 2535 592 2700 648; x_wconf 68' lang='grc' dir='ltr'>αὐταὶ</span> <span class='ocrx_word' id='word_1_180' title='bbox 2723 590 2785 644; x_wconf 84' lang='grc' dir='ltr'><strong>τὸ</strong></span> <span class='ocrx_word' id='word_1_181' title='bbox 2811 588 3024 660; x_wconf 82' lang='grc' dir='ltr'><strong>μέλλον,</strong></span> <span class='ocrx_word' id='word_1_182' title='bbox 3051 589 3275 658; x_wconf 83' lang='grc' dir='ltr'><strong>ἀσπέτῳ</strong></span> <span class='ocrx_word' id='word_1_183' title='bbox 3302 603 3643 660; x_wconf 79' lang='grc' dir='ltr'>περιτεκμηο</span> 
     </span>
    </p>
   </div>
   <div class='ocr_carea' id='block_1_33' title="bbox 2063 688 2454 763">
    <p class='ocr_par' dir='ltr' id='par_1_33' title="bbox 2063 688 2454 763">
     <span class='ocr_line' id='line_1_33' title="bbox 2063 688 2454 763; baseline -0.008 -18"><span class='ocrx_word' id='word_1_184' title='bbox 2063 693 2290 763; x_wconf 77' lang='grc' dir='ltr'>ρδμεναι</span> <span class='ocrx_word' id='word_1_185' title='bbox 2316 688 2454 761; x_wconf 77' lang='grc'><strong>(91).</strong></span> 
     </span>
    </p>
   </div>
   <div class='ocr_carea' id='block_1_34' title="bbox 2129 771 3642 852">
    <p class='ocr_par' dir='ltr' id='par_1_34' title="bbox 2129 771 3642 852">
     <span class='ocr_line' id='line_1_34' title="bbox 2129 771 3642 852; baseline -0.01 -13"><span class='ocrx_word' id='word_1_186' title='bbox 2129 784 2211 852; x_wconf 84' lang='grc' dir='ltr'><strong>νγ¹</strong></span> <span class='ocrx_word' id='word_1_187' title='bbox 2241 783 2309 836; x_wconf 74' lang='lat' dir='ltr'><strong>Ui</strong></span> <span class='ocrx_word' id='word_1_188' title='bbox 2333 799 2391 834; x_wconf 88' lang='grc' dir='ltr'><strong>τε</strong></span> <span class='ocrx_word' id='word_1_189' title='bbox 2430 778 2582 850; x_wconf 86' lang='grc' dir='ltr'><strong>παρά</strong></span> <span class='ocrx_word' id='word_1_190' title='bbox 2615 776 2689 847; x_wconf 84' lang='grc' dir='ltr'>τῷ</span> <span class='ocrx_word' id='word_1_191' title='bbox 2715 773 2959 846; x_wconf 83' lang='grc' dir='ltr'><strong>Διονύσῳ</strong></span> <span class='ocrx_word' id='word_1_192' title='bbox 2987 775 3076 828; x_wconf 82' lang='grc' dir='ltr'><strong>διὰ</strong></span> <span class='ocrx_word' id='word_1_193' title='bbox 3109 771 3501 844; x_wconf 86' lang='grc' dir='ltr'>Κορυϐαντιῶν</span> <span class='ocrx_word' id='word_1_194' title='bbox 3546 789 3642 826; x_wconf 89' lang='grc' dir='ltr'>κο-</span> 
     </span>
    </p>
   </div>
   <div class='ocr_carea' id='block_1_35' title="bbox 2069 873 2541 948">
    <p class='ocr_par' dir='ltr' id='par_1_35' title="bbox 2069 873 2541 948">
     <span class='ocr_line' id='line_1_35' title="bbox 2069 873 2541 948; baseline -0.006 -19"><span class='ocrx_word' id='word_1_195' title='bbox 2069 873 2541 948; x_wconf 78' lang='grc' dir='ltr'>ρυϐαντιζόμενοι.</span> 
     </span>
    </p>
   </div>
   <div class='ocr_carea' id='block_1_36' title="bbox 2133 955 3643 1031">
    <p class='ocr_par' dir='ltr' id='par_1_36' title="bbox 2133 955 3643 1031">
     <span class='ocr_line' id='line_1_36' title="bbox 2133 955 3643 1031; baseline -0.006 -12"><span class='ocrx_word' id='word_1_196' title='bbox 2133 964 2204 1019; x_wconf 80' lang='grc' dir='ltr'>νδ⁴</span> <span class='ocrx_word' id='word_1_197' title='bbox 2249 966 2337 1018; x_wconf 84' lang='grc' dir='ltr'>Ἐν</span> <span class='ocrx_word' id='word_1_198' title='bbox 2382 964 2439 1017; x_wconf 79' lang='grc' dir='ltr'>δὲ</span> <span class='ocrx_word' id='word_1_199' title='bbox 2487 961 2834 1031; x_wconf 83' lang='grc' dir='ltr'>Κωλοφωνίῳ</span> <span class='ocrx_word' id='word_1_200' title='bbox 2875 958 3052 1029; x_wconf 76' lang='grc' dir='ltr'>ἱερεὺς</span> <span class='ocrx_word' id='word_1_201' title='bbox 3084 955 3179 1011; x_wconf 88' lang='grc' dir='ltr'><strong>τοῦ</strong></span> <span class='ocrx_word' id='word_1_202' title='bbox 3229 955 3468 1026; x_wconf 81' lang='grc' dir='ltr'><strong>Κλαρίου</strong></span> <span class='ocrx_word' id='word_1_203' title='bbox 3498 955 3643 1029; x_wconf 80' lang='grc' dir='ltr'>ὕδωρ</span> 
     </span>
    </p>
   </div>
   <div class='ocr_carea' id='block_1_37' title="bbox 2065 1045 3342 1126">
    <p class='ocr_par' dir='ltr' id='par_1_37' title="bbox 2065 1045 3342 1126">
     <span class='ocr_line' id='line_1_37' title="bbox 2065 1045 3342 1126; baseline -0.007 -15"><span class='ocrx_word' id='word_1_204' title='bbox 2065 1057 2261 1123; x_wconf 86' lang='grc' dir='ltr'>πίνων,</span> <span class='ocrx_word' id='word_1_205' title='bbox 2295 1056 2482 1123; x_wconf 77' lang='grc' dir='ltr'>ἔλεγεν</span> <span class='ocrx_word' id='word_1_206' title='bbox 2508 1055 2723 1126; x_wconf 79' lang='grc' dir='ltr'><strong>ἑκάστῳ</strong></span> <span class='ocrx_word' id='word_1_207' title='bbox 2755 1053 2885 1124; x_wconf 74' lang='grc' dir='ltr'>περὶ</span> <span class='ocrx_word' id='word_1_208' title='bbox 2910 1045 2972 1105; x_wconf 78' lang='grc' dir='ltr'><strong>οὗ</strong></span> <span class='ocrx_word' id='word_1_209' title='bbox 3000 1050 3097 1104; x_wconf 74' lang='grc' dir='ltr'>καὶ</span> <span class='ocrx_word' id='word_1_210' title='bbox 3122 1051 3342 1120; x_wconf 80' lang='grc' dir='ltr'>ἀφῖκτο.</span> 
     </span>
    </p>
   </div>
   <div class='ocr_carea' id='block_1_38' title="bbox 2139 1143 3648 1214">
    <p class='ocr_par' dir='ltr' id='par_1_38' title="bbox 2139 1143 3648 1214">
     <span class='ocr_line' id='line_1_38' title="bbox 2139 1143 3648 1214; baseline -0.004 -14"><span class='ocrx_word' id='word_1_211' title='bbox 2139 1146 2212 1200; x_wconf 80' lang='grc' dir='ltr'>νε¹</span> <span class='ocrx_word' id='word_1_212' title='bbox 2257 1147 2347 1200; x_wconf 86' lang='grc' dir='ltr'>Ἑν</span> <span class='ocrx_word' id='word_1_213' title='bbox 2383 1146 2608 1214; x_wconf 84' lang='grc' dir='ltr'><strong>Δελφοῖς</strong></span> <span class='ocrx_word' id='word_1_214' title='bbox 2629 1145 2686 1199; x_wconf 76' lang='grc' dir='ltr'>δὲ</span> <span class='ocrx_word' id='word_1_215' title='bbox 2718 1144 3065 1209; x_wconf 81' lang='grc' dir='ltr'>θεσπίζουσιν</span> <span class='ocrx_word' id='word_1_216' title='bbox 3097 1145 3150 1196; x_wconf 87' lang='grc' dir='ltr'><strong>αί</strong></span> <span class='ocrx_word' id='word_1_217' title='bbox 3179 1145 3433 1210; x_wconf 83' lang='grc' dir='ltr'>γυναῖκες</span> <span class='ocrx_word' id='word_1_218' title='bbox 3451 1143 3510 1196; x_wconf 84' lang='grc' dir='ltr'><strong>ἐν</strong></span> <span class='ocrx_word' id='word_1_219' title='bbox 3532 1143 3648 1206; x_wconf 83' lang='grc' dir='ltr'>τοῖς</span> 
     </span>
    </p>
   </div>
   <div class='ocr_carea' id='block_1_39' title="bbox 2068 1237 3186 1311">
    <p class='ocr_par' dir='ltr' id='par_1_39' title="bbox 2068 1237 3186 1311">
     <span class='ocr_line' id='line_1_39' title="bbox 2068 1237 3186 1311; baseline -0.004 -16"><span class='ocrx_word' id='word_1_220' title='bbox 2068 1239 2313 1311; x_wconf 77' lang='grc' dir='ltr'><strong>στομίοις</strong></span> <span class='ocrx_word' id='word_1_221' title='bbox 2346 1239 2440 1292; x_wconf 86' lang='grc' dir='ltr'><strong>τοῦ</strong></span> <span class='ocrx_word' id='word_1_222' title='bbox 2475 1239 2666 1300; x_wconf 77' lang='grc' dir='ltr'>ὓδατος</span> <span class='ocrx_word' id='word_1_223' title='bbox 2695 1237 3186 1306; x_wconf 80' lang='grc' dir='ltr'>παρακαθήμεναι.</span> 
     </span>
    </p>
   </div>
   <div class='ocr_carea' id='block_1_40' title="bbox 2141 1329 3644 1401">
    <p class='ocr_par' dir='ltr' id='par_1_40' title="bbox 2141 1329 3644 1401">
     <span class='ocr_line' id='line_1_40' title="bbox 2141 1329 3644 1401; baseline -0.003 -15"><span class='ocrx_word' id='word_1_224' title='bbox 2141 1330 2227 1398; x_wconf 85' lang='grc' dir='ltr'>νς¹</span> <span class='ocrx_word' id='word_1_225' title='bbox 2269 1333 2376 1386; x_wconf 77' lang='grc' dir='ltr'>Καὶ</span> <span class='ocrx_word' id='word_1_226' title='bbox 2406 1335 2462 1384; x_wconf 82' lang='grc' dir='ltr'><strong>ἐν</strong></span> <span class='ocrx_word' id='word_1_227' title='bbox 2493 1333 2692 1401; x_wconf 80' lang='grc' dir='ltr'>Βραχεί</span> <span class='ocrx_word' id='word_1_228' title='bbox 2716 1330 2827 1401; x_wconf 73' lang='lat'><strong>(9‘2)</strong></span> <span class='ocrx_word' id='word_1_229' title='bbox 2860 1331 2916 1383; x_wconf 81' lang='grc' dir='ltr'>δὲ</span> <span class='ocrx_word' id='word_1_230' title='bbox 2949 1329 3113 1383; x_wconf 81' lang='grc' dir='ltr'>πάλιν</span> <span class='ocrx_word' id='word_1_231' title='bbox 3139 1329 3197 1396; x_wconf 82' lang='grc' dir='ltr'>ἐξ</span> <span class='ocrx_word' id='word_1_232' title='bbox 3235 1329 3444 1384; x_wconf 83' lang='grc' dir='ltr'>ὑδάτων</span> <span class='ocrx_word' id='word_1_233' title='bbox 3474 1329 3644 1398; x_wconf 85' lang='grc' dir='ltr'>ἀτμι-</span> 
     </span>
    </p>
   </div>
   <div class='ocr_carea' id='block_1_41' title="bbox 2069 1421 3649 1496">
    <p class='ocr_par' dir='ltr' id='par_1_41' title="bbox 2069 1421 3649 1496">
     <span class='ocr_line' id='line_1_41' title="bbox 2069 1421 3649 1496; baseline -0.002 -18"><span class='ocrx_word' id='word_1_234' title='bbox 2069 1424 2294 1496; x_wconf 79' lang='grc' dir='ltr'>ζόμεναι</span> <span class='ocrx_word' id='word_1_235' title='bbox 2323 1422 2815 1495; x_wconf 79' lang='grc' dir='ltr'>χρησμολογοῦσιν.</span> <span class='ocrx_word' id='word_1_236' title='bbox 2855 1422 2978 1474; x_wconf 74' lang='grc' dir='ltr'><strong>Ἐπὶ</strong></span> <span class='ocrx_word' id='word_1_237' title='bbox 3001 1421 3387 1493; x_wconf 82' lang='grc' dir='ltr'>χαρακτηρίων</span> <span class='ocrx_word' id='word_1_238' title='bbox 3411 1422 3468 1474; x_wconf 85' lang='grc' dir='ltr'><strong>δέ</strong></span> <span class='ocrx_word' id='word_1_239' title='bbox 3491 1421 3649 1476; x_wconf 78' lang='grc' dir='ltr'>στάν-</span> 
     </span>
    </p>
   </div>
   <div class='ocr_carea' id='block_1_42' title="bbox 2068 1511 3649 1585">
    <p class='ocr_par' dir='ltr' id='par_1_42' title="bbox 2068 1511 3649 1585">
     <span class='ocr_line' id='line_1_42' title="bbox 2068 1511 3649 1585; baseline 0 -18"><span class='ocrx_word' id='word_1_240' title='bbox 2068 1532 2160 1579; x_wconf 88' lang='grc' dir='ltr'><strong>τες</strong></span> <span class='ocrx_word' id='word_1_241' title='bbox 2192 1513 2528 1585; x_wconf 81' lang='grc' dir='ltr'>πληροῦνται</span> <span class='ocrx_word' id='word_1_242' title='bbox 2571 1512 2679 1566; x_wconf 85' lang='grc' dir='ltr'><strong>τῶν</strong></span> <span class='ocrx_word' id='word_1_243' title='bbox 2717 1512 3103 1582; x_wconf 81' lang='grc' dir='ltr'>ἀπεγκρίσεων</span> <span class='ocrx_word' id='word_1_244' title='bbox 3145 1512 3204 1566; x_wconf 81' lang='grc' dir='ltr'><strong>ἐν</strong></span> <span class='ocrx_word' id='word_1_245' title='bbox 3234 1530 3345 1566; x_wconf 90' lang='grc' dir='ltr'>τισι</span> <span class='ocrx_word' id='word_1_246' title='bbox 3379 1514 3525 1576; x_wconf 77' lang='grc' dir='ltr'>ναοῖς</span> <span class='ocrx_word' id='word_1_247' title='bbox 3550 1511 3649 1567; x_wconf 80' lang='grc' dir='ltr'><strong>τοῦ</strong></span> 
     </span>
    </p>
   </div>
   <div class='ocr_carea' id='block_1_43' title="bbox 2085 1607 2441 1670">
    <p class='ocr_par' dir='ltr' id='par_1_43' title="bbox 2085 1607 2441 1670">
     <span class='ocr_line' id='line_1_43' title="bbox 2085 1607 2441 1670; baseline -0.006 -8"><span class='ocrx_word' id='word_1_248' title='bbox 2085 1607 2441 1670; x_wconf 72' lang='grc' dir='ltr'>Ἀπόλλωνος.</span> 
     </span>
    </p>
   </div>
   <div class='ocr_carea' id='block_1_44' title="bbox 2143 1693 3653 1766">
    <p class='ocr_par' dir='ltr' id='par_1_44' title="bbox 2143 1693 3653 1766">
     <span class='ocr_line' id='line_1_44' title="bbox 2143 1693 3653 1766; baseline 0.001 -18"><span class='ocrx_word' id='word_1_249' title='bbox 2143 1695 2219 1761; x_wconf 74' lang='grc' dir='ltr'><strong>νζ¹</strong></span> <span class='ocrx_word' id='word_1_250' title='bbox 2247 1696 2383 1748; x_wconf 75' lang='grc' dir='ltr'><strong>Ἡδὲ</strong></span> <span class='ocrx_word' id='word_1_251' title='bbox 2415 1695 2590 1749; x_wconf 88' lang='grc' dir='ltr'>Πυθία</span> <span class='ocrx_word' id='word_1_252' title='bbox 2617 1696 2710 1748; x_wconf 71' lang='grc' dir='ltr'>ἐπὶ</span> <span class='ocrx_word' id='word_1_253' title='bbox 2726 1693 2820 1748; x_wconf 90' lang='grc' dir='ltr'><strong>τοῦ</strong></span> <span class='ocrx_word' id='word_1_254' title='bbox 2835 1695 3088 1766; x_wconf 85' lang='grc' dir='ltr'>τρίποδος</span> <span class='ocrx_word' id='word_1_255' title='bbox 3108 1695 3430 1765; x_wconf 72' lang='grc' dir='ltr'><strong>ἀσχημόνως</strong></span> <span class='ocrx_word' id='word_1_256' title='bbox 3459 1695 3653 1750; x_wconf 84' lang='grc' dir='ltr'>ἐπικα-</span> 
     </span>
    </p>
   </div>
   <div class='ocr_carea' id='block_1_45' title="bbox 2077 1787 3654 1860">
    <p class='ocr_par' dir='ltr' id='par_1_45' title="bbox 2077 1787 3654 1860">
     <span class='ocr_line' id='line_1_45' title="bbox 2077 1787 3654 1860; baseline -0.001 -17"><span class='ocrx_word' id='word_1_257' title='bbox 2077 1789 2310 1860; x_wconf 78' lang='grc' dir='ltr'>θημένη,</span> <span class='ocrx_word' id='word_1_258' title='bbox 2349 1789 2438 1843; x_wconf 83' lang='grc' dir='ltr'>διὰ</span> <span class='ocrx_word' id='word_1_259' title='bbox 2462 1789 2572 1842; x_wconf 82' lang='grc' dir='ltr'><strong>τῶν</strong></span> <span class='ocrx_word' id='word_1_260' title='bbox 2605 1789 2933 1857; x_wconf 76' lang='grc' dir='ltr'>γυναικείων</span> <span class='ocrx_word' id='word_1_261' title='bbox 2964 1788 3148 1858; x_wconf 84' lang='grc' dir='ltr'>πόρων</span> <span class='ocrx_word' id='word_1_262' title='bbox 3177 1788 3288 1859; x_wconf 76' lang='grc'><strong>(95)</strong></span> <span class='ocrx_word' id='word_1_263' title='bbox 3322 1787 3421 1850; x_wconf 80' lang='grc' dir='ltr'><strong>τὰς</strong></span> <span class='ocrx_word' id='word_1_264' title='bbox 3461 1803 3654 1859; x_wconf 81' lang='grc' dir='ltr'>μαντι-</span> 
     </span>
    </p>
   </div>
   <div class='ocr_carea' id='block_1_46' title="bbox 2009 1875 2873 1951">
    <p class='ocr_par' dir='ltr' id='par_1_46' title="bbox 2009 1875 2873 1951">
     <span class='ocr_line' id='line_1_46' title="bbox 2009 1875 2873 1951; baseline 0.007 -22"><span class='ocrx_word' id='word_1_265' title='bbox 2009 1875 2050 1929; x_wconf 83' lang='grc' dir='ltr'><strong>Β</strong></span> <span class='ocrx_word' id='word_1_266' title='bbox 2079 1882 2180 1943; x_wconf 69' lang='grc' dir='ltr'><strong>κάς</strong></span> <span class='ocrx_word' id='word_1_267' title='bbox 2208 1882 2504 1950; x_wconf 70' lang='grc' dir='ltr'>εἰσκρίσεις</span> <span class='ocrx_word' id='word_1_268' title='bbox 2530 1881 2873 1951; x_wconf 82' lang='grc' dir='ltr'>ὑποδέχεται.</span> 
     </span>
    </p>
   </div>
   <div class='ocr_carea' id='block_1_47' title="bbox 2147 1969 3656 2040">
    <p class='ocr_par' dir='ltr' id='par_1_47' title="bbox 2147 1969 3656 2040">
     <span class='ocr_line' id='line_1_47' title="bbox 2147 1969 3656 2040; baseline -0.002 -14"><span class='ocrx_word' id='word_1_269' title='bbox 2147 1970 2230 2039; x_wconf 80' lang='grc' dir='ltr'>νη¹</span> <span class='ocrx_word' id='word_1_270' title='bbox 2259 1972 2442 2026; x_wconf 85' lang='grc' dir='ltr'>Πολλὰ</span> <span class='ocrx_word' id='word_1_271' title='bbox 2479 1972 2535 2025; x_wconf 78' lang='grc' dir='ltr'>δὲ</span> <span class='ocrx_word' id='word_1_272' title='bbox 2565 1973 2623 2025; x_wconf 91' lang='grc' dir='ltr'><strong>ἐν</strong></span> <span class='ocrx_word' id='word_1_273' title='bbox 2655 1972 2867 2025; x_wconf 88' lang='grc' dir='ltr'>πλείοσι</span> <span class='ocrx_word' id='word_1_274' title='bbox 2910 1973 3058 2034; x_wconf 81' lang='grc' dir='ltr'>ναοῖς</span> <span class='ocrx_word' id='word_1_275' title='bbox 3105 1969 3203 2025; x_wconf 75' lang='grc' dir='ltr'>καὶ</span> <span class='ocrx_word' id='word_1_276' title='bbox 3230 1971 3319 2024; x_wconf 83' lang='grc' dir='ltr'>διὰ</span> <span class='ocrx_word' id='word_1_277' title='bbox 3364 1969 3656 2040; x_wconf 80' lang='grc' dir='ltr'>καμπιδῶν</span> 
     </span>
    </p>
   </div>
   <div class='ocr_carea' id='block_1_48' title="bbox 2075 2061 3653 2135">
    <p class='ocr_par' dir='ltr' id='par_1_48' title="bbox 2075 2061 3653 2135">
     <span class='ocr_line' id='line_1_48' title="bbox 2075 2061 3653 2135; baseline -0.011 -10"><span class='ocrx_word' id='word_1_278' title='bbox 2075 2063 2271 2133; x_wconf 72' lang='grc' dir='ltr'>ψήφων</span> <span class='ocrx_word' id='word_1_279' title='bbox 2331 2063 2443 2135; x_wconf 71' lang='grc'><strong>(94)</strong></span> <span class='ocrx_word' id='word_1_280' title='bbox 2499 2064 2910 2135; x_wconf 82' lang='grc' dir='ltr'>ἅποκρινόντων</span> <span class='ocrx_word' id='word_1_281' title='bbox 2965 2063 3197 2133; x_wconf 83' lang='grc' dir='ltr'><strong>συνέστη</strong></span> <span class='ocrx_word' id='word_1_282' title='bbox 3252 2063 3502 2131; x_wconf 77' lang='grc' dir='ltr'>μαντεία,</span> <span class='ocrx_word' id='word_1_283' title='bbox 3555 2061 3653 2116; x_wconf 75' lang='grc' dir='ltr'><strong>τοῦ</strong></span> 
     </span>
    </p>
   </div>
   <div class='ocr_carea' id='block_1_49' title="bbox 2077 2154 3657 2228">
    <p class='ocr_par' dir='ltr' id='par_1_49' title="bbox 2077 2154 3657 2228">
     <span class='ocr_line' id='line_1_49' title="bbox 2077 2154 3657 2228; baseline -0.003 -18"><span class='ocrx_word' id='word_1_284' title='bbox 2077 2157 2346 2226; x_wconf 84' lang='grc' dir='ltr'>νεωκόρου</span> <span class='ocrx_word' id='word_1_285' title='bbox 2371 2157 2468 2226; x_wconf 83' lang='grc' dir='ltr'>τὴν</span> <span class='ocrx_word' id='word_1_286' title='bbox 2497 2156 2677 2228; x_wconf 78' lang='grc' dir='ltr'>ψῆφον</span> <span class='ocrx_word' id='word_1_287' title='bbox 2707 2157 3036 2228; x_wconf 77' lang='grc' dir='ltr'>ἐφορῶντος,</span> <span class='ocrx_word' id='word_1_288' title='bbox 3073 2156 3170 2209; x_wconf 76' lang='grc' dir='ltr'>καὶ</span> <span class='ocrx_word' id='word_1_289' title='bbox 3199 2155 3305 2209; x_wconf 78' lang='grc' dir='ltr'>ἀπὸ</span> <span class='ocrx_word' id='word_1_290' title='bbox 3333 2154 3539 2225; x_wconf 88' lang='grc' dir='ltr'>βιϐλίου</span> <span class='ocrx_word' id='word_1_291' title='bbox 3566 2155 3657 2207; x_wconf 80' lang='grc' dir='ltr'><strong>τὸν</strong></span> 
     </span>
    </p>
   </div>
   <div class='ocr_carea' id='block_1_50' title="bbox 2077 2245 3658 2321">
    <p class='ocr_par' dir='ltr' id='par_1_50' title="bbox 2077 2245 3658 2321">
     <span class='ocr_line' id='line_1_50' title="bbox 2077 2245 3658 2321; baseline -0.003 -19"><span class='ocrx_word' id='word_1_292' title='bbox 2077 2249 2330 2321; x_wconf 82' lang='grc' dir='ltr'>χρησμὸν</span> <span class='ocrx_word' id='word_1_293' title='bbox 2381 2248 2867 2317; x_wconf 78' lang='grc' dir='ltr'>ἀναγινώσκοντος.</span> <span class='ocrx_word' id='word_1_294' title='bbox 2901 2249 3010 2302; x_wconf 80' lang='lat' dir='ltr'><strong>Kal.</strong></span> <span class='ocrx_word' id='word_1_295' title='bbox 3057 2246 3240 2310; x_wconf 88' lang='grc' dir='ltr'>καθὼς</span> <span class='ocrx_word' id='word_1_296' title='bbox 3268 2245 3575 2316; x_wconf 64' lang='grc' dir='ltr'>Πιορερύριος</span> <span class='ocrx_word' id='word_1_297' title='bbox 3599 2249 3658 2298; x_wconf 82' lang='grc' dir='ltr'><strong>ἐν</strong></span> 
     </span>
    </p>
   </div>
   <div class='ocr_carea' id='block_1_51' title="bbox 2077 2336 3658 2414">
    <p class='ocr_par' dir='ltr' id='par_1_51' title="bbox 2077 2336 3658 2414">
     <span class='ocr_line' id='line_1_51' title="bbox 2077 2336 3658 2414; baseline -0.003 -19"><span class='ocrx_word' id='word_1_298' title='bbox 2077 2345 2145 2414; x_wconf 84' lang='grc' dir='ltr'>τῇ</span> <span class='ocrx_word' id='word_1_299' title='bbox 2173 2341 2311 2413; x_wconf 81' lang='grc' dir='ltr'>πρὸς</span> <span class='ocrx_word' id='word_1_300' title='bbox 2358 2341 2648 2395; x_wconf 81' lang='grc' dir='ltr'>Ἀνέϐοντά</span> <span class='ocrx_word' id='word_1_301' title='bbox 2698 2359 2863 2412; x_wconf 82' lang='grc' dir='ltr'>φησιν</span> <span class='ocrx_word' id='word_1_302' title='bbox 2893 2341 3152 2410; x_wconf 73' lang='grc' dir='ltr'>ἐπιστολῇ</span> <span class='ocrx_word' id='word_1_303' title='bbox 3180 2356 3196 2372; x_wconf 74' lang='grc'><strong><em>⁸</em></strong></span> <span class='ocrx_word' id='word_1_304' title='bbox 3233 2337 3494 2405; x_wconf 76' lang='grc' dir='ltr'>Πολλοῖς</span> <span class='ocrx_word' id='word_1_305' title='bbox 3545 2336 3658 2408; x_wconf 73' lang='grc' dir='ltr'><strong>γὰρ</strong></span> 
     </span>
    </p>
   </div>
   <div class='ocr_carea' id='block_1_52' title="bbox 2078 2429 3660 2506">
    <p class='ocr_par' dir='ltr' id='par_1_52' title="bbox 2078 2429 3660 2506">
     <span class='ocr_line' id='line_1_52' title="bbox 2078 2429 3660 2506; baseline -0.004 -16"><span class='ocrx_word' id='word_1_306' title='bbox 2078 2436 2341 2506; x_wconf 82' lang='grc' dir='ltr'><strong>ἀγύρτης</strong></span> <span class='ocrx_word' id='word_1_307' title='bbox 2375 2434 2473 2488; x_wconf 81' lang='grc' dir='ltr'><strong>καί</strong></span> <span class='ocrx_word' id='word_1_308' title='bbox 2508 2431 2588 2499; x_wconf 86' lang='grc' dir='ltr'>τῷ</span> <span class='ocrx_word' id='word_1_309' title='bbox 2625 2433 2912 2504; x_wconf 73' lang='grc' dir='ltr'><strong>κεχηνότι</strong></span> <span class='ocrx_word' id='word_1_310' title='bbox 2946 2431 3058 2503; x_wconf 80' lang='grc' dir='ltr'>τῆς</span> <span class='ocrx_word' id='word_1_311' title='bbox 3095 2431 3462 2502; x_wconf 80' lang='grc' dir='ltr'>προσδοκίας</span> <span class='ocrx_word' id='word_1_312' title='bbox 3487 2429 3660 2500; x_wconf 71' lang='grc' dir='ltr'><strong>ἡμῶν</strong></span> 
     </span>
    </p>
   </div>
   <div class='ocr_carea' id='block_1_53' title="bbox 2078 2526 2447 2596">
    <p class='ocr_par' dir='ltr' id='par_1_53' title="bbox 2078 2526 2447 2596">
     <span class='ocr_line' id='line_1_53' title="bbox 2078 2526 2447 2596; baseline 0.003 -15"><span class='ocrx_word' id='word_1_313' title='bbox 2078 2526 2447 2596; x_wconf 77' lang='grc' dir='ltr'><strong>ἐπιθέμενος.</strong></span> 
     </span>
    </p>
   </div>
   <div class='ocr_carea' id='block_1_54' title="bbox 2083 2636 3662 2708">
    <p class='ocr_par' dir='ltr' id='par_1_54' title="bbox 2083 2636 3662 2708">
     <span class='ocr_line' id='line_1_54' title="bbox 2083 2636 3662 2708; baseline -0.003 -11"><span class='ocrx_word' id='word_1_314' title='bbox 2083 2644 2332 2697; x_wconf 76' lang='grc' dir='ltr'><strong>ΚΕΦΛΛ.</strong></span> <span class='ocrx_word' id='word_1_315' title='bbox 2366 2643 2542 2697; x_wconf 84' lang='grc' dir='ltr'><strong>ΡΜΕ’.</strong></span> <span class='ocrx_word' id='word_1_316' title='bbox 2572 2672 2640 2684; x_wconf 93' lang='grc'><strong><em>-</em></strong></span> <span class='ocrx_word' id='word_1_317' title='bbox 2666 2643 2830 2696; x_wconf 71' lang='lat' dir='ltr'><strong>Arat!</strong></span> <span class='ocrx_word' id='word_1_318' title='bbox 2852 2645 2906 2696; x_wconf 83' lang='grc' dir='ltr'><strong>οί</strong></span> <span class='ocrx_word' id='word_1_319' title='bbox 2937 2639 3205 2696; x_wconf 82' lang='grc' dir='ltr'>Ἰουδαῖοι</span> <span class='ocrx_word' id='word_1_320' title='bbox 3233 2639 3348 2708; x_wconf 82' lang='grc' dir='ltr'><strong>τὴν</strong></span> <span class='ocrx_word' id='word_1_321' title='bbox 3372 2636 3662 2705; x_wconf 76' lang='grc' dir='ltr'>δευτέραν</span> 
     </span>
    </p>
   </div>
   <div class='ocr_carea' id='block_1_55' title="bbox 2139 2711 3608 2782">
    <p class='ocr_par' dir='ltr' id='par_1_55' title="bbox 2139 2711 3608 2782">
     <span class='ocr_line' id='line_1_55' title="bbox 2139 2711 3608 2782; baseline -0.001 -16"><span class='ocrx_word' id='word_1_322' title='bbox 2139 2711 2258 2766; x_wconf 82' lang='grc' dir='ltr'>τῶν</span> <span class='ocrx_word' id='word_1_323' title='bbox 2282 2713 2594 2766; x_wconf 74' lang='grc' dir='ltr'>σαϐϐάτων</span> <span class='ocrx_word' id='word_1_324' title='bbox 2619 2715 2715 2766; x_wconf 73' lang='grc' dir='ltr'>καὶ</span> <span class='ocrx_word' id='word_1_325' title='bbox 2741 2713 2856 2778; x_wconf 75' lang='grc' dir='ltr'>τὴν</span> <span class='ocrx_word' id='word_1_326' title='bbox 2877 2711 3159 2782; x_wconf 78' lang='grc' dir='ltr'><strong>πέμπτην</strong></span> <span class='ocrx_word' id='word_1_327' title='bbox 3178 2711 3608 2779; x_wconf 75' lang='grc' dir='ltr'>νηστεύουσιν.</span> 
     </span>
    </p>
   </div>
   <div class='ocr_carea' id='block_1_56' title="bbox 2155 2819 3662 2896">
    <p class='ocr_par' dir='ltr' id='par_1_56' title="bbox 2155 2819 3662 2896">
     <span class='ocr_line' id='line_1_56' title="bbox 2155 2819 3662 2896; baseline -0.001 -18"><span class='ocrx_word' id='word_1_328' title='bbox 2155 2827 2394 2896; x_wconf 84' lang='grc' dir='ltr'>Δευτὲρα</span> <span class='ocrx_word' id='word_1_329' title='bbox 2446 2825 2716 2878; x_wconf 81' lang='grc' dir='ltr'>σαϐϐάτου</span> <span class='ocrx_word' id='word_1_330' title='bbox 2775 2824 3073 2895; x_wconf 78' lang='grc' dir='ltr'>ἐτύγχανεν</span> <span class='ocrx_word' id='word_1_331' title='bbox 3115 2823 3280 2889; x_wconf 75' lang='grc' dir='ltr'>εἶναι,</span> <span class='ocrx_word' id='word_1_332' title='bbox 3328 2824 3418 2877; x_wconf 84' lang='grc' dir='ltr'><strong>ὅτε</strong></span> <span class='ocrx_word' id='word_1_333' title='bbox 3455 2822 3484 2874; x_wconf 83' lang='grc' dir='ltr'><strong>δ</strong></span> <span class='ocrx_word' id='word_1_334' title='bbox 3534 2819 3662 2884; x_wconf 67' lang='lat' dir='ltr'><strong>vah;</strong></span> 
     </span>
    </p>
   </div>
   <div class='ocr_carea' id='block_1_57' title="bbox 2086 2915 3660 2987">
    <p class='ocr_par' dir='ltr' id='par_1_57' title="bbox 2086 2915 3660 2987">
     <span class='ocr_line' id='line_1_57' title="bbox 2086 2915 3660 2987; baseline 0.001 -17"><span class='ocrx_word' id='word_1_335' title='bbox 2086 2916 2193 2970; x_wconf 83' lang='grc' dir='ltr'>ὑπὸ</span> <span class='ocrx_word' id='word_1_336' title='bbox 2244 2915 2339 2969; x_wconf 86' lang='grc' dir='ltr'><strong>τοῦ</strong></span> <span class='ocrx_word' id='word_1_337' title='bbox 2379 2916 2850 2987; x_wconf 76' lang='grc' dir='ltr'>Ναϐουχοδονόσορ</span> <span class='ocrx_word' id='word_1_338' title='bbox 2893 2917 2954 2970; x_wconf 85' lang='grc' dir='ltr'><strong>τὸ</strong></span> <span class='ocrx_word' id='word_1_339' title='bbox 3005 2917 3271 2986; x_wconf 86' lang='grc' dir='ltr'>πρότερον</span> <span class='ocrx_word' id='word_1_340' title='bbox 3324 2915 3660 2987; x_wconf 75' lang='grc' dir='ltr'>ἐνεπρήσθη.</span> 
     </span>
    </p>
   </div>
   <div class='ocr_carea' id='block_1_58' title="bbox 2087 3007 3661 3079">
    <p class='ocr_par' dir='ltr' id='par_1_58' title="bbox 2087 3007 3661 3079">
     <span class='ocr_line' id='line_1_58' title="bbox 2087 3007 3661 3079; baseline 0 -19"><span class='ocrx_word' id='word_1_341' title='bbox 2087 3007 2322 3079; x_wconf 81' lang='grc' dir='ltr'>Πίμπτη</span> <span class='ocrx_word' id='word_1_342' title='bbox 2353 3008 2429 3070; x_wconf 78' lang='grc' dir='ltr'><strong>δὲ,</strong></span> <span class='ocrx_word' id='word_1_343' title='bbox 2465 3009 2553 3061; x_wconf 82' lang='grc' dir='ltr'><strong>ὅτε</strong></span> <span class='ocrx_word' id='word_1_344' title='bbox 2588 3009 2692 3062; x_wconf 80' lang='grc' dir='ltr'><strong>ὑπὸ</strong></span> <span class='ocrx_word' id='word_1_345' title='bbox 2724 3009 2882 3062; x_wconf 83' lang='grc' dir='ltr'>Τίτου</span> <span class='ocrx_word' id='word_1_346' title='bbox 2927 3008 2986 3062; x_wconf 79' lang='grc' dir='ltr'><strong>τὸ</strong></span> <span class='ocrx_word' id='word_1_347' title='bbox 3016 3007 3270 3079; x_wconf 85' lang='grc' dir='ltr'>δεύτερον</span> <span class='ocrx_word' id='word_1_348' title='bbox 3300 3007 3494 3062; x_wconf 80' lang='grc' dir='ltr'>ἔπαθε.</span> <span class='ocrx_word' id='word_1_349' title='bbox 3525 3009 3661 3061; x_wconf 88' lang='grc' dir='ltr'>Πεν-</span> 
     </span>
    </p>
   </div>
   <div class='ocr_carea' id='block_1_59' title="bbox 2089 3099 3664 3173">
    <p class='ocr_par' dir='ltr' id='par_1_59' title="bbox 2089 3099 3664 3173">
     <span class='ocr_line' id='line_1_59' title="bbox 2089 3099 3664 3173; baseline -0.001 -19"><span class='ocrx_word' id='word_1_350' title='bbox 2089 3101 2243 3155; x_wconf 86' lang='grc' dir='ltr'>θοῦσι</span> <span class='ocrx_word' id='word_1_351' title='bbox 2275 3101 2382 3173; x_wconf 81' lang='grc' dir='ltr'>γὰρ</span> <span class='ocrx_word' id='word_1_352' title='bbox 2435 3100 2530 3154; x_wconf 74' lang='grc' dir='ltr'><strong>ἐπὶ</strong></span> <span class='ocrx_word' id='word_1_353' title='bbox 2559 3105 2624 3172; x_wconf 84' lang='grc' dir='ltr'>τῇ</span> <span class='ocrx_word' id='word_1_354' title='bbox 2659 3103 2934 3172; x_wconf 83' lang='grc' dir='ltr'>ἐμπρήσει</span> <span class='ocrx_word' id='word_1_355' title='bbox 2975 3100 3067 3155; x_wconf 87' lang='grc' dir='ltr'><strong>τοῦ</strong></span> <span class='ocrx_word' id='word_1_356' title='bbox 3099 3100 3228 3155; x_wconf 85' lang='grc' dir='ltr'>ναοῦ</span> <span class='ocrx_word' id='word_1_357' title='bbox 3282 3100 3423 3154; x_wconf 82' lang='grc' dir='ltr'>κατὰ</span> <span class='ocrx_word' id='word_1_358' title='bbox 3460 3099 3664 3163; x_wconf 84' lang='grc' dir='ltr'>ταύτας</span> 
     </span>
    </p>
   </div>
   <div class='ocr_carea' id='block_1_60' title="bbox 411 3177 1987 3268">
    <p class='ocr_par' dir='ltr' id='par_1_60' title="bbox 411 3177 1982 3250">
     <span class='ocr_line' id='line_1_60' title="bbox 411 3177 1982 3250; baseline 0 -16"><span class='ocrx_word' id='word_1_359' title='bbox 411 3177 712 3248; x_wconf 72' lang='grc' dir='ltr'>ειιριίιιιιιηα</span> <span class='ocrx_word' id='word_1_360' title='bbox 759 3179 813 3232; x_wconf 92' lang='lat' dir='ltr'><strong>in</strong></span> <span class='ocrx_word' id='word_1_361' title='bbox 870 3179 1086 3234; x_wconf 85' lang='lat' dir='ltr'><strong>duabus</strong></span> <span class='ocrx_word' id='word_1_362' title='bbox 1136 3179 1290 3235; x_wconf 89' lang='lat' dir='ltr'><strong>hisce</strong></span> <span class='ocrx_word' id='word_1_363' title='bbox 1343 3181 1528 3242; x_wconf 78' lang='lat' dir='ltr'><strong>feriis.</strong></span> <span class='ocrx_word' id='word_1_364' title='bbox 1586 3187 1982 3250; x_wconf 88' lang='lat' dir='ltr'><strong>proptereaque</strong></span> 
     </span>
    </p>
   </div>
   <div class='ocr_carea' id='block_1_61' title="bbox 2090 3177 3665 3268">
    <p class='ocr_par' dir='ltr' id='par_1_61' title="bbox 2090 3190 3665 3264">
     <span class='ocr_line' id='line_1_61' title="bbox 2090 3190 3665 3264; baseline -0.001 -19"><span class='ocrx_word' id='word_1_365' title='bbox 2090 3192 2187 3256; x_wconf 81' lang='grc' dir='ltr'>τὰς</span> <span class='ocrx_word' id='word_1_366' title='bbox 2218 3192 2311 3246; x_wconf 73' lang='grc' dir='ltr'><strong>δύο</strong></span> <span class='ocrx_word' id='word_1_367' title='bbox 2345 3191 2487 3246; x_wconf 72' lang='grc' dir='ltr'>κατὰ</span> <span class='ocrx_word' id='word_1_368' title='bbox 2517 3194 2626 3246; x_wconf 84' lang='grc' dir='ltr'>πᾶν</span> <span class='ocrx_word' id='word_1_369' title='bbox 2675 3192 2945 3248; x_wconf 78' lang='grc' dir='ltr'>σάϐϐατον</span> <span class='ocrx_word' id='word_1_370' title='bbox 2981 3192 3217 3264; x_wconf 81' lang='grc' dir='ltr'>ἡμέρας,</span> <span class='ocrx_word' id='word_1_371' title='bbox 3250 3191 3346 3246; x_wconf 77' lang='grc' dir='ltr'>καὶ</span> <span class='ocrx_word' id='word_1_372' title='bbox 3371 3190 3460 3246; x_wconf 79' lang='grc' dir='ltr'>διὰ</span> <span class='ocrx_word' id='word_1_373' title='bbox 3503 3190 3665 3245; x_wconf 82' lang='grc' dir='ltr'>τοῦτο</span> 
     </span>
    </p>
   </div>
   <div class='ocr_carea' id='block_1_62' title="bbox 412 3269 865 3340">
    <p class='ocr_par' dir='ltr' id='par_1_62' title="bbox 412 3269 865 3340">
     <span class='ocr_line' id='line_1_62' title="bbox 412 3269 865 3340; baseline -0.002 -15"><span class='ocrx_word' id='word_1_374' title='bbox 412 3274 572 3325; x_wconf 87' lang='lat' dir='ltr'><strong>etiam</strong></span> <span class='ocrx_word' id='word_1_375' title='bbox 592 3269 865 3340; x_wconf 84' lang='lat' dir='ltr'><strong>jejunant.</strong></span> 
     </span>
    </p>
   </div>
   <div class='ocr_carea' id='block_1_63' title="bbox 413 3380 1986 3463">
    <p class='ocr_par' dir='ltr' id='par_1_63' title="bbox 413 3380 1986 3463">
     <span class='ocr_line' id='line_1_63' title="bbox 413 3380 1986 3463; baseline -0.002 -24"><span class='ocrx_word' id='word_1_376' title='bbox 413 3381 566 3439; x_wconf 78' lang='lat' dir='ltr'><strong>CAP.</strong></span> <span class='ocrx_word' id='word_1_377' title='bbox 597 3380 825 3438; x_wconf 74' lang='lat' dir='ltr'><strong>CXLVI.</strong></span> <span class='ocrx_word' id='word_1_378' title='bbox 855 3412 923 3426; x_wconf 89' lang='lat'><strong>—-</strong></span> <span class='ocrx_word' id='word_1_379' title='bbox 958 3380 1068 3438; x_wconf 86' lang='lat' dir='ltr'><strong>Cur</strong></span> <span class='ocrx_word' id='word_1_380' title='bbox 1097 3381 1387 3463; x_wconf 71' lang='lat' dir='ltr'><strong>Christiani</strong></span> <span class='ocrx_word' id='word_1_381' title='bbox 1422 3381 1671 3452; x_wconf 80' lang='lat' dir='ltr'><strong>jejunant</strong></span> <span class='ocrx_word' id='word_1_382' title='bbox 1711 3391 1905 3454; x_wconf 82' lang='lat' dir='ltr'><strong>quarta</strong></span> <span class='ocrx_word' id='word_1_383' title='bbox 1939 3392 1986 3438; x_wconf 83' lang='lat' dir='ltr'><strong>et</strong></span> 
     </span>
    </p>
   </div>
   <div class='ocr_carea' id='block_1_64' title="bbox 1025 3457 1367 3520">
    <p class='ocr_par' dir='ltr' id='par_1_64' title="bbox 1025 3457 1367 3520">
     <span class='ocr_line' id='line_1_64' title="bbox 1025 3457 1367 3520; baseline -0.003 -14"><span class='ocrx_word' id='word_1_384' title='bbox 1025 3463 1174 3506; x_wconf 77' lang='lat' dir='ltr'><strong>sexta</strong></span> <span class='ocrx_word' id='word_1_385' title='bbox 1211 3457 1367 3520; x_wconf 71' lang='lat' dir='ltr'><strong>feria.</strong></span> 
     </span>
    </p>
   </div>
   <div class='ocr_carea' id='block_1_65' title="bbox 488 3565 1991 3638">
    <p class='ocr_par' dir='ltr' id='par_1_65' title="bbox 488 3565 1991 3638">
     <span class='ocr_line' id='line_1_65' title="bbox 488 3565 1991 3638; baseline 0.001 -18"><span class='ocrx_word' id='word_1_386' title='bbox 488 3568 693 3634; x_wconf 86' lang='lat' dir='ltr'><strong>Quarta</strong></span> <span class='ocrx_word' id='word_1_387' title='bbox 730 3566 863 3621; x_wconf 79' lang='lat' dir='ltr'><strong>feria</strong></span> <span class='ocrx_word' id='word_1_388' title='bbox 899 3567 1249 3622; x_wconf 66' lang='lat' dir='ltr'><strong>liehdonmda:</strong></span> <span class='ocrx_word' id='word_1_389' title='bbox 1276 3565 1444 3623; x_wconf 71' lang='lat' dir='ltr'><strong>Iudas</strong></span> <span class='ocrx_word' id='word_1_390' title='bbox 1474 3568 1720 3638; x_wconf 90' lang='lat' dir='ltr'><strong>proditor</strong></span> <span class='ocrx_word' id='word_1_391' title='bbox 1751 3567 1991 3638; x_wconf 81' lang='lat' dir='ltr'><strong>suscepit</strong></span> 
     </span>
    </p>
   </div>
   <div class='ocr_carea' id='block_1_66' title="bbox 417 3657 1990 3727">
    <p class='ocr_par' dir='ltr' id='par_1_66' title="bbox 417 3657 1990 3727">
     <span class='ocr_line' id='line_1_66' title="bbox 417 3657 1990 3727; baseline -0.001 -14"><span class='ocrx_word' id='word_1_392' title='bbox 417 3659 474 3713; x_wconf 85' lang='lat' dir='ltr'><strong>in</strong></span> <span class='ocrx_word' id='word_1_393' title='bbox 515 3674 573 3714; x_wconf 83' lang='lat' dir='ltr'><strong>se</strong></span> <span class='ocrx_word' id='word_1_394' title='bbox 593 3658 965 3727; x_wconf 83' lang='lat' dir='ltr'><strong>operationem</strong></span> <span class='ocrx_word' id='word_1_395' title='bbox 993 3657 1193 3712; x_wconf 83' lang='lat' dir='ltr'><strong>diaboli</strong></span> <span class='ocrx_word' id='word_1_396' title='bbox 1225 3659 1290 3712; x_wconf 80' lang='grc' dir='ltr'>ιιιΙ</span> <span class='ocrx_word' id='word_1_397' title='bbox 1334 3660 1694 3726; x_wconf 83' lang='lat' dir='ltr'><strong>proditionem</strong></span> <span class='ocrx_word' id='word_1_398' title='bbox 1719 3659 1990 3714; x_wconf 86' lang='lat' dir='ltr'><strong>inducen-</strong></span> 
     </span>
    </p>
   </div>
   <div class='ocr_carea' id='block_1_67' title="bbox 418 3748 1993 3819">
    <p class='ocr_par' dir='ltr' id='par_1_67' title="bbox 418 3748 1993 3819">
     <span class='ocr_line' id='line_1_67' title="bbox 418 3748 1993 3819; baseline 0 -13"><span class='ocrx_word' id='word_1_399' title='bbox 418 3751 511 3815; x_wconf 86' lang='lat' dir='ltr'><strong>tis,</strong></span> <span class='ocrx_word' id='word_1_400' title='bbox 545 3751 789 3818; x_wconf 63' lang='lat' dir='ltr'><strong>acceptis</strong></span> <span class='ocrx_word' id='word_1_401' title='bbox 816 3764 920 3802; x_wconf 77' lang='lat' dir='ltr'><strong>xxx</strong></span> <span class='ocrx_word' id='word_1_402' title='bbox 955 3750 1195 3810; x_wconf 85' lang='lat' dir='ltr'><strong>aureisa</strong></span> <span class='ocrx_word' id='word_1_403' title='bbox 1231 3748 1435 3819; x_wconf 85' lang='lat' dir='ltr'><strong>Caipha</strong></span> <span class='ocrx_word' id='word_1_404' title='bbox 1466 3759 1520 3805; x_wconf 91' lang='lat' dir='ltr'><strong>et</strong></span> <span class='ocrx_word' id='word_1_405' title='bbox 1539 3751 1714 3806; x_wconf 80' lang='lat' dir='ltr'><strong>Anna.</strong></span> <span class='ocrx_word' id='word_1_406' title='bbox 1749 3750 1815 3805; x_wconf 86' lang='lat' dir='ltr'><strong>At</strong></span> <span class='ocrx_word' id='word_1_407' title='bbox 1842 3762 1993 3806; x_wconf 74' lang='lat' dir='ltr'><strong>sexta</strong></span> 
     </span>
    </p>
   </div>
   <div class='ocr_carea' id='block_1_68' title="bbox 421 3839 1993 3911">
    <p class='ocr_par' dir='ltr' id='par_1_68' title="bbox 421 3839 1993 3911">
     <span class='ocr_line' id='line_1_68' title="bbox 421 3839 1993 3911; baseline 0.001 -18"><span class='ocrx_word' id='word_1_408' title='bbox 421 3839 556 3894; x_wconf 80' lang='lat' dir='ltr'><strong>feria</strong></span> <span class='ocrx_word' id='word_1_409' title='bbox 600 3850 721 3892; x_wconf 87' lang='lat' dir='ltr'><strong>actu</strong></span> <span class='ocrx_word' id='word_1_410' title='bbox 761 3841 1123 3908; x_wconf 58' lang='lat' dir='ltr'><strong>proditionem</strong></span> <span class='ocrx_word' id='word_1_411' title='bbox 1169 3841 1436 3894; x_wconf 85' lang='lat' dir='ltr'><strong>excreuit.</strong></span> <span class='ocrx_word' id='word_1_412' title='bbox 1470 3839 1526 3894; x_wconf 89' lang='lat' dir='ltr'><strong>In</strong></span> <span class='ocrx_word' id='word_1_413' title='bbox 1561 3858 1665 3911; x_wconf 88' lang='lat' dir='ltr'><strong>qua</strong></span> <span class='ocrx_word' id='word_1_414' title='bbox 1711 3841 1798 3897; x_wconf 90' lang='lat' dir='ltr'><strong>die</strong></span> <span class='ocrx_word' id='word_1_415' title='bbox 1827 3844 1993 3895; x_wconf 59' lang='lat' dir='ltr'><strong>edam</strong></span> 
     </span>
    </p>
   </div>
   <div class='ocr_carea' id='block_1_69' title="bbox 422 3931 1993 4000">
    <p class='ocr_par' dir='ltr' id='par_1_69' title="bbox 422 3931 1993 4000">
     <span class='ocr_line' id='line_1_69' title="bbox 422 3931 1993 4000; baseline 0.001 -14"><span class='ocrx_word' id='word_1_416' title='bbox 422 3931 712 3986; x_wconf 81' lang='lat' dir='ltr'><strong>salutarem</strong></span> <span class='ocrx_word' id='word_1_417' title='bbox 771 3931 972 3984; x_wconf 85' lang='lat' dir='ltr'><strong>mundo</strong></span> <span class='ocrx_word' id='word_1_418' title='bbox 1037 3932 1344 4000; x_wconf 81' lang='lat' dir='ltr'><strong>passionem</strong></span> <span class='ocrx_word' id='word_1_419' title='bbox 1398 3932 1661 3989; x_wconf 89' lang='lat' dir='ltr'><strong>Dominus</strong></span> <span class='ocrx_word' id='word_1_420' title='bbox 1711 3935 1993 3989; x_wconf 85' lang='lat' dir='ltr'><strong>sustinuit.</strong></span> 
     </span>
    </p>
   </div>
   <div class='ocr_carea' id='block_1_70' title="bbox 427 4023 1995 4092">
    <p class='ocr_par' dir='ltr' id='par_1_70' title="bbox 427 4023 1995 4092">
     <span class='ocr_line' id='line_1_70' title="bbox 427 4023 1995 4092; baseline 0.003 -16"><span class='ocrx_word' id='word_1_421' title='bbox 427 4023 628 4077; x_wconf 80' lang='lat' dir='ltr'><strong>llatum</strong></span> <span class='ocrx_word' id='word_1_422' title='bbox 660 4024 822 4092; x_wconf 80' lang='lat' dir='ltr'><strong>igitur</strong></span> <span class='ocrx_word' id='word_1_423' title='bbox 856 4023 1089 4078; x_wconf 76' lang='lat' dir='ltr'><strong>duorum</strong></span> <span class='ocrx_word' id='word_1_424' title='bbox 1140 4024 1350 4079; x_wconf 87' lang='lat' dir='ltr'><strong>dierum</strong></span> <span class='ocrx_word' id='word_1_425' title='bbox 1378 4026 1584 4082; x_wconf 88' lang='lat' dir='ltr'><strong>ambitu</strong></span> <span class='ocrx_word' id='word_1_426' title='bbox 1609 4027 1995 4083; x_wconf 82' lang='lat' dir='ltr'><strong>abalienantur</strong></span> 
     </span>
    </p>
   </div>
   <div class='ocr_carea' id='block_1_71' title="bbox 424 4114 1999 4190">
    <p class='ocr_par' dir='ltr' id='par_1_71' title="bbox 424 4114 1999 4190">
     <span class='ocr_line' id='line_1_71' title="bbox 424 4114 1999 4190; baseline 0.001 -18"><span class='ocrx_word' id='word_1_427' title='bbox 424 4114 721 4172; x_wconf 73' lang='lat' dir='ltr'><strong>Christiani</strong></span> <span class='ocrx_word' id='word_1_428' title='bbox 747 4132 774 4169; x_wconf 87' lang='lat' dir='ltr'><strong>a</strong></span> <span class='ocrx_word' id='word_1_429' title='bbox 807 4115 1008 4170; x_wconf 81' lang='lat' dir='ltr'><strong>diaboli</strong></span> <span class='ocrx_word' id='word_1_430' title='bbox 1037 4117 1371 4186; x_wconf 82' lang='lat' dir='ltr'><strong>operatione,</strong></span> <span class='ocrx_word' id='word_1_431' title='bbox 1408 4119 1779 4187; x_wconf 88' lang='lat' dir='ltr'><strong>acceduntque</strong></span> <span class='ocrx_word' id='word_1_432' title='bbox 1804 4135 1896 4188; x_wconf 90' lang='lat' dir='ltr'><strong>per</strong></span> <span class='ocrx_word' id='word_1_433' title='bbox 1917 4119 1999 4190; x_wconf 75' lang='lat' dir='ltr'><strong>je-</strong></span> 
     </span>
    </p>
   </div>
   <div class='ocr_carea' id='block_1_72' title="bbox 418 4207 1878 4281">
    <p class='ocr_par' dir='ltr' id='par_1_72' title="bbox 418 4207 1878 4281">
     <span class='ocr_line' id='line_1_72' title="bbox 418 4207 1878 4281; baseline 0.001 -17"><span class='ocrx_word' id='word_1_434' title='bbox 418 4209 576 4280; x_wconf 84' lang='lat' dir='ltr'><strong>junia</strong></span> <span class='ocrx_word' id='word_1_435' title='bbox 605 4209 673 4264; x_wconf 88' lang='lat' dir='ltr'><strong>ad</strong></span> <span class='ocrx_word' id='word_1_436' title='bbox 704 4207 1040 4264; x_wconf 81' lang='lat' dir='ltr'><strong>salutiferam</strong></span> <span class='ocrx_word' id='word_1_437' title='bbox 1075 4209 1282 4264; x_wconf 89' lang='lat' dir='ltr'><strong>mundo</strong></span> <span class='ocrx_word' id='word_1_438' title='bbox 1315 4211 1627 4281; x_wconf 87' lang='lat' dir='ltr'><strong>passionem</strong></span> <span class='ocrx_word' id='word_1_439' title='bbox 1652 4211 1878 4267; x_wconf 85' lang='lat' dir='ltr'><strong>Christi.</strong></span> 
     </span>
    </p>
   </div>
   <div class='ocr_carea' id='block_1_73' title="bbox 421 4410 1999 4483">
    <p class='ocr_par' dir='ltr' id='par_1_73' title="bbox 421 4410 1999 4483">
     <span class='ocr_line' id='line_1_73' title="bbox 421 4410 1999 4483; baseline 0.001 -17"><span class='ocrx_word' id='word_1_440' title='bbox 421 4410 579 4468; x_wconf 80' lang='lat' dir='ltr'><strong>CAP.</strong></span> <span class='ocrx_word' id='word_1_441' title='bbox 610 4410 864 4467; x_wconf 75' lang='lat' dir='ltr'><strong>CXLVII.</strong></span> <span class='ocrx_word' id='word_1_442' title='bbox 898 4443 969 4453; x_wconf 89' lang='lat'><strong><em>—</em></strong></span> <span class='ocrx_word' id='word_1_443' title='bbox 995 4411 1126 4477; x_wconf 65' lang='lat' dir='ltr'><strong>Quae</strong></span> <span class='ocrx_word' id='word_1_444' title='bbox 1163 4423 1212 4466; x_wconf 84' lang='lat' dir='ltr'><strong>et</strong></span> <span class='ocrx_word' id='word_1_445' title='bbox 1251 4423 1376 4482; x_wconf 86' lang='lat' dir='ltr'><strong>quot</strong></span> <span class='ocrx_word' id='word_1_446' title='bbox 1402 4423 1576 4483; x_wconf 78' lang='lat' dir='ltr'><strong>gentes</strong></span> <span class='ocrx_word' id='word_1_447' title='bbox 1605 4429 1669 4468; x_wconf 79' lang='lat' dir='ltr'><strong>ea:</strong></span> <span class='ocrx_word' id='word_1_448' title='bbox 1698 4411 1999 4467; x_wconf 81' lang='lat' dir='ltr'><strong>Abrahamo</strong></span> 
     </span>
    </p>
   </div>
   <div class='ocr_carea' id='block_1_74' title="bbox 1005 4485 1438 4538">
    <p class='ocr_par' dir='ltr' id='par_1_74' title="bbox 1005 4485 1438 4538">
     <span class='ocr_line' id='line_1_74' title="bbox 1005 4485 1438 4538; baseline 0.005 -2"><span class='ocrx_word' id='word_1_449' title='bbox 1005 4485 1255 4537; x_wconf 75' lang='lat' dir='ltr'><strong>derivata:</strong></span> <span class='ocrx_word' id='word_1_450' title='bbox 1291 4494 1438 4538; x_wconf 78' lang='lat' dir='ltr'><strong>sunt.</strong></span> 
     </span>
    </p>
   </div>
   <div class='ocr_carea' id='block_1_75' title="bbox 495 4592 1998 4664">
    <p class='ocr_par' dir='ltr' id='par_1_75' title="bbox 495 4592 1998 4664">
     <span class='ocr_line' id='line_1_75' title="bbox 495 4592 1998 4664; baseline 0 -18"><span class='ocrx_word' id='word_1_451' title='bbox 495 4592 678 4646; x_wconf 90' lang='lat' dir='ltr'><strong>Primo</strong></span> <span class='ocrx_word' id='word_1_452' title='bbox 724 4595 814 4648; x_wconf 88' lang='lat' dir='ltr'><strong>illa</strong></span> <span class='ocrx_word' id='word_1_453' title='bbox 859 4609 981 4664; x_wconf 68' lang='lat' dir='ltr'><strong>quae</strong></span> <span class='ocrx_word' id='word_1_454' title='bbox 1019 4610 1084 4647; x_wconf 83' lang='lat' dir='ltr'><strong>cx</strong></span> <span class='ocrx_word' id='word_1_455' title='bbox 1136 4595 1309 4662; x_wconf 76' lang='lat' dir='ltr'><strong>Agare</strong></span> <span class='ocrx_word' id='word_1_456' title='bbox 1353 4604 1406 4649; x_wconf 89' lang='lat' dir='ltr'><strong>et</strong></span> <span class='ocrx_word' id='word_1_457' title='bbox 1435 4593 1656 4648; x_wconf 89' lang='lat' dir='ltr'><strong>lsmaele</strong></span> <span class='ocrx_word' id='word_1_458' title='bbox 1688 4592 1826 4660; x_wconf 79' lang='lat' dir='ltr'><strong>fuit;</strong></span> <span class='ocrx_word' id='word_1_459' title='bbox 1858 4595 1998 4664; x_wconf 80' lang='lat' dir='ltr'><strong>Aga-</strong></span> 
     </span>
    </p>
   </div>
   <div class='ocr_carea' id='block_1_76' title="bbox 429 4685 1997 4756">
    <p class='ocr_par' dir='ltr' id='par_1_76' title="bbox 429 4685 1997 4756">
     <span class='ocr_line' id='line_1_76' title="bbox 429 4685 1997 4756; baseline 0.001 -16"><span class='ocrx_word' id='word_1_460' title='bbox 429 4686 544 4740; x_wconf 81' lang='lat' dir='ltr'><strong>reni</strong></span> <span class='ocrx_word' id='word_1_461' title='bbox 566 4700 757 4755; x_wconf 90' lang='lat' dir='ltr'><strong>nempe</strong></span> <span class='ocrx_word' id='word_1_462' title='bbox 773 4695 826 4740; x_wconf 89' lang='lat' dir='ltr'><strong>et</strong></span> <span class='ocrx_word' id='word_1_463' title='bbox 847 4685 1161 4741; x_wconf 68' lang='lat' dir='ltr'><strong>lsmaelitaa:</strong></span> <span class='ocrx_word' id='word_1_464' title='bbox 1195 4687 1286 4756; x_wconf 87' lang='lat' dir='ltr'><strong>qui</strong></span> <span class='ocrx_word' id='word_1_465' title='bbox 1307 4687 1443 4742; x_wconf 81' lang='lat' dir='ltr'><strong>falso</strong></span> <span class='ocrx_word' id='word_1_466' title='bbox 1465 4685 1716 4740; x_wconf 78' lang='lat' dir='ltr'><strong>Saraceni</strong></span> <span class='ocrx_word' id='word_1_467' title='bbox 1749 4687 1997 4753; x_wconf 89' lang='lat' dir='ltr'><strong>audiunt,</strong></span> 
     </span>
    </p>
   </div>
   <div class='ocr_carea' id='block_1_77' title="bbox 427 4779 1996 4847">
    <p class='ocr_par' dir='ltr' id='par_1_77' title="bbox 427 4779 1996 4847">
     <span class='ocr_line' id='line_1_77' title="bbox 427 4779 1996 4847; baseline 0 -15"><span class='ocrx_word' id='word_1_468' title='bbox 427 4779 556 4832; x_wconf 90' lang='lat' dir='ltr'><strong>dum</strong></span> <span class='ocrx_word' id='word_1_469' title='bbox 582 4779 683 4832; x_wconf 87' lang='lat' dir='ltr'><strong>sibi</strong></span> <span class='ocrx_word' id='word_1_470' title='bbox 705 4780 1121 4847; x_wconf 85' lang='lat' dir='ltr'><strong>appellationem</strong></span> <span class='ocrx_word' id='word_1_471' title='bbox 1156 4780 1400 4834; x_wconf 87' lang='lat' dir='ltr'><strong>tribuunt</strong></span> <span class='ocrx_word' id='word_1_472' title='bbox 1427 4797 1454 4834; x_wconf 89' lang='lat' dir='ltr'><strong>a</strong></span> <span class='ocrx_word' id='word_1_473' title='bbox 1487 4779 1620 4833; x_wconf 89' lang='lat' dir='ltr'><strong>Sara</strong></span> <span class='ocrx_word' id='word_1_474' title='bbox 1651 4781 1996 4846; x_wconf 83' lang='lat' dir='ltr'><strong>accersitam,</strong></span> 
     </span>
    </p>
   </div>
   <div class='ocr_carea' id='block_1_78' title="bbox 428 4870 1190 4928">
    <p class='ocr_par' dir='ltr' id='par_1_78' title="bbox 428 4870 1190 4928">
     <span class='ocr_line' id='line_1_78' title="bbox 428 4870 1190 4928; baseline 0.004 -3"><span class='ocrx_word' id='word_1_475' title='bbox 428 4887 550 4925; x_wconf 88' lang='lat' dir='ltr'><strong>cum</strong></span> <span class='ocrx_word' id='word_1_476' title='bbox 585 4886 648 4926; x_wconf 80' lang='lat' dir='ltr'><strong>ex</strong></span> <span class='ocrx_word' id='word_1_477' title='bbox 680 4870 766 4925; x_wconf 82' lang='lat' dir='ltr'><strong>illa</strong></span> <span class='ocrx_word' id='word_1_478' title='bbox 801 4874 1022 4927; x_wconf 86' lang='lat' dir='ltr'><strong>minime</strong></span> <span class='ocrx_word' id='word_1_479' title='bbox 1062 4873 1190 4928; x_wconf 90' lang='lat' dir='ltr'><strong>sint.</strong></span> 
     </span>
    </p>
   </div>
   <div class='ocr_carea' id='block_1_79' title="bbox 498 4960 1995 5036">
    <p class='ocr_par' dir='ltr' id='par_1_79' title="bbox 498 4960 1995 5036">
     <span class='ocr_line' id='line_1_79' title="bbox 498 4960 1995 5036; baseline 0.002 -21"><span class='ocrx_word' id='word_1_480' title='bbox 498 4960 702 5017; x_wconf 87' lang='lat' dir='ltr'><strong>Deinde</strong></span> <span class='ocrx_word' id='word_1_481' title='bbox 754 4961 1078 5029; x_wconf 75' lang='lat' dir='ltr'><strong>Israelitica,</strong></span> <span class='ocrx_word' id='word_1_482' title='bbox 1124 4964 1190 5018; x_wconf 90' lang='lat' dir='ltr'><strong>ab</strong></span> <span class='ocrx_word' id='word_1_483' title='bbox 1220 4962 1402 5028; x_wconf 87' lang='lat' dir='ltr'><strong>Israel,</strong></span> <span class='ocrx_word' id='word_1_484' title='bbox 1435 4963 1639 5021; x_wconf 80' lang='lat' dir='ltr'><strong>Jacobo</strong></span> <span class='ocrx_word' id='word_1_485' title='bbox 1659 4981 1873 5036; x_wconf 82' lang='lat' dir='ltr'><strong>nempe,</strong></span> <span class='ocrx_word' id='word_1_486' title='bbox 1905 4965 1995 5034; x_wconf 88' lang='lat' dir='ltr'><strong>qni</strong></span> 
     </span>
    </p>
   </div>
   <div class='ocr_carea' id='block_1_80' title="bbox 429 5058 1623 5124">
    <p class='ocr_par' dir='ltr' id='par_1_80' title="bbox 429 5058 1623 5124">
     <span class='ocr_line' id='line_1_80' title="bbox 429 5058 1623 5124; baseline 0.003 -16"><span class='ocrx_word' id='word_1_487' title='bbox 429 5065 653 5123; x_wconf 68' lang='lat' dir='ltr'><strong>accepto</strong></span> <span class='ocrx_word' id='word_1_488' title='bbox 679 5058 1024 5124; x_wconf 77' lang='lat' dir='ltr'><strong>cognomine,</strong></span> <span class='ocrx_word' id='word_1_489' title='bbox 1063 5058 1224 5112; x_wconf 80' lang='lat' dir='ltr'><strong>Israel</strong></span> <span class='ocrx_word' id='word_1_490' title='bbox 1261 5070 1488 5113; x_wconf 80' lang='lat' dir='ltr'><strong>vocatus</strong></span> <span class='ocrx_word' id='word_1_491' title='bbox 1518 5069 1623 5113; x_wconf 88' lang='lat' dir='ltr'><strong>est.</strong></span> 
     </span>
    </p>
   </div>
   <div class='ocr_carea' id='block_1_81' title="bbox 501 5146 1998 5220">
    <p class='ocr_par' dir='ltr' id='par_1_81' title="bbox 501 5146 1998 5220">
     <span class='ocr_line' id='line_1_81' title="bbox 501 5146 1998 5220; baseline 0.001 -20"><span class='ocrx_word' id='word_1_492' title='bbox 501 5147 565 5200; x_wconf 84' lang='lat' dir='ltr'><strong>Et</strong></span> <span class='ocrx_word' id='word_1_493' title='bbox 600 5165 628 5198; x_wconf 86' lang='lat' dir='ltr'><strong>a</strong></span> <span class='ocrx_word' id='word_1_494' title='bbox 659 5146 953 5202; x_wconf 83' lang='lat' dir='ltr'><strong>Chetthura</strong></span> <span class='ocrx_word' id='word_1_495' title='bbox 985 5157 1174 5220; x_wconf 78' lang='lat' dir='ltr'><strong>gentes</strong></span> <span class='ocrx_word' id='word_1_496' title='bbox 1209 5161 1340 5204; x_wconf 71' lang='lat' dir='ltr'><strong>ortae</strong></span> <span class='ocrx_word' id='word_1_497' title='bbox 1374 5160 1502 5204; x_wconf 80' lang='lat' dir='ltr'><strong>sunt</strong></span> <span class='ocrx_word' id='word_1_498' title='bbox 1528 5150 1838 5204; x_wconf 82' lang='lat' dir='ltr'><strong>Abrahamo</strong></span> <span class='ocrx_word' id='word_1_499' title='bbox 1868 5159 1998 5204; x_wconf 84' lang='lat' dir='ltr'><strong>tres.</strong></span> 
     </span>
    </p>
   </div>
   <div class='ocr_carea' id='block_1_82' title="bbox 427 5237 1998 5313">
    <p class='ocr_par' dir='ltr' id='par_1_82' title="bbox 427 5237 1998 5313">
     <span class='ocr_line' id='line_1_82' title="bbox 427 5237 1998 5313; baseline 0.001 -20"><span class='ocrx_word' id='word_1_500' title='bbox 427 5237 642 5302; x_wconf 65' lang='lat' dir='ltr'><strong>Saba’a,</strong></span> <span class='ocrx_word' id='word_1_501' title='bbox 674 5241 785 5295; x_wconf 84' lang='lat' dir='ltr'><strong>sive</strong></span> <span class='ocrx_word' id='word_1_502' title='bbox 816 5241 1144 5311; x_wconf 64' lang='lat' dir='ltr'><strong>[Ethiopicm</strong></span> <span class='ocrx_word' id='word_1_503' title='bbox 1180 5241 1554 5304; x_wconf 82' lang='lat' dir='ltr'><strong>Madianitica.</strong></span> <span class='ocrx_word' id='word_1_504' title='bbox 1588 5244 1690 5299; x_wconf 87' lang='lat' dir='ltr'><strong>sub</strong></span> <span class='ocrx_word' id='word_1_505' title='bbox 1719 5259 1839 5313; x_wconf 69' lang='lat' dir='ltr'><strong>quae</strong></span> <span class='ocrx_word' id='word_1_506' title='bbox 1869 5259 1998 5297; x_wconf 85' lang='lat' dir='ltr'><strong>cen-</strong></span> 
     </span>
    </p>
   </div>
   <div class='ocr_carea' id='block_1_83' title="bbox 429 5334 2008 5403">
    <p class='ocr_par' dir='ltr' id='par_1_83' title="bbox 429 5334 2008 5403">
     <span class='ocr_line' id='line_1_83' title="bbox 429 5334 2008 5403; baseline 0.001 -17"><span class='ocrx_word' id='word_1_507' title='bbox 429 5345 618 5386; x_wconf 85' lang='lat' dir='ltr'><strong>sentur</strong></span> <span class='ocrx_word' id='word_1_508' title='bbox 654 5334 746 5402; x_wconf 85' lang='lat' dir='ltr'><strong>qui</strong></span> <span class='ocrx_word' id='word_1_509' title='bbox 791 5345 916 5387; x_wconf 87' lang='lat' dir='ltr'><strong>sunt</strong></span> <span class='ocrx_word' id='word_1_510' title='bbox 959 5334 1307 5403; x_wconf 60' lang='lat' dir='ltr'><strong>AlthiOpihns</strong></span> <span class='ocrx_word' id='word_1_511' title='bbox 1357 5336 1542 5389; x_wconf 72' lang='lat' dir='ltr'><strong>vieini.</strong></span> <span class='ocrx_word' id='word_1_512' title='bbox 1610 5334 1908 5396; x_wconf 74' lang='lat' dir='ltr'><strong>Exomitaz,</strong></span> <span class='ocrx_word' id='word_1_513' title='bbox 1953 5343 2008 5388; x_wconf 83' lang='lat' dir='ltr'><strong>et</strong></span> 
     </span>
    </p>
   </div>
   <div class='ocr_carea' id='block_1_84' title="bbox 431 5425 2010 5497">
    <p class='ocr_par' dir='ltr' id='par_1_84' title="bbox 431 5425 2010 5497">
     <span class='ocr_line' id='line_1_84' title="bbox 431 5425 2010 5497; baseline 0.001 -19"><span class='ocrx_word' id='word_1_514' title='bbox 431 5425 648 5478; x_wconf 83' lang='lat' dir='ltr'><strong>illorum</strong></span> <span class='ocrx_word' id='word_1_515' title='bbox 705 5427 1019 5497; x_wconf 86' lang='lat' dir='ltr'><strong>propinqui.</strong></span> <span class='ocrx_word' id='word_1_516' title='bbox 1067 5427 1336 5480; x_wconf 83' lang='lat' dir='ltr'><strong>Dedauica</strong></span> <span class='ocrx_word' id='word_1_517' title='bbox 1391 5441 1629 5496; x_wconf 83' lang='lat' dir='ltr'><strong>quoque.</strong></span> <span class='ocrx_word' id='word_1_518' title='bbox 1672 5426 1844 5481; x_wconf 80' lang='lat' dir='ltr'><strong>Porro</strong></span> <span class='ocrx_word' id='word_1_519' title='bbox 1896 5427 2010 5480; x_wconf 74' lang='lat' dir='ltr'><strong>hzec</strong></span> 
     </span>
    </p>
   </div>
   <div class='ocr_carea' id='block_1_85' title="bbox 432 5517 2005 5596">
    <p class='ocr_par' dir='ltr' id='par_1_85' title="bbox 432 5517 2005 5596">
     <span class='ocr_line' id='line_1_85' title="bbox 432 5517 2005 5596; baseline 0.001 -25"><span class='ocrx_word' id='word_1_520' title='bbox 432 5526 515 5572; x_wconf 79' lang='lat' dir='ltr'><strong>est</strong></span> <span class='ocrx_word' id='word_1_521' title='bbox 561 5521 731 5583; x_wconf 85' lang='lat' dir='ltr'><strong>natio,</strong></span> <span class='ocrx_word' id='word_1_522' title='bbox 777 5535 841 5574; x_wconf 81' lang='lat' dir='ltr'><strong>ex</strong></span> <span class='ocrx_word' id='word_1_523' title='bbox 884 5536 990 5590; x_wconf 87' lang='lat' dir='ltr'><strong>qua</strong></span> <span class='ocrx_word' id='word_1_524' title='bbox 1026 5519 1190 5596; x_wconf 81' lang='lat' dir='ltr'><strong>etiam</strong></span> <span class='ocrx_word' id='word_1_525' title='bbox 1230 5521 1328 5574; x_wconf 78' lang='lat' dir='ltr'><strong>fuit</strong></span> <span class='ocrx_word' id='word_1_526' title='bbox 1367 5519 1561 5574; x_wconf 86' lang='lat' dir='ltr'><strong>Jothor</strong></span> <span class='ocrx_word' id='word_1_527' title='bbox 1598 5517 1800 5590; x_wconf 81' lang='lat' dir='ltr'><strong>Moysis</strong></span> <span class='ocrx_word' id='word_1_528' title='bbox 1829 5536 2005 5585; x_wconf 86' lang='lat' dir='ltr'><strong>socer,</strong></span> 
     </span>
    </p>
   </div>
   <div class='ocr_carea' id='block_1_86' title="bbox 503 5691 1555 5769">
    <p class='ocr_par' dir='ltr' id='par_1_86' title="bbox 503 5691 1555 5769">
     <span class='ocr_line' id='line_1_86' title="bbox 503 5691 1555 5769; baseline 0.008 -26"><span class='ocrx_word' id='word_1_529' title='bbox 652 5693 934 5769; x_wconf 64' lang='lat' dir='ltr'><strong>’_Aa6éertp</strong></span> <span class='ocrx_word' id='word_1_530' title='bbox 969 5697 1101 5768; x_wconf 69' lang='grc' dir='ltr'>πυρὶ</span> <span class='ocrx_word' id='word_1_531' title='bbox 1125 5696 1555 5769; x_wconf 74' lang='grc' dir='ltr'>τεκμηράμεναι.</span> 
     </span>
    </p>
   </div>
   <div class='ocr_carea' id='block_1_87' title="bbox 531 5759 996 5833">
    <p class='ocr_par' dir='ltr' id='par_1_87' title="bbox 531 5759 996 5833">
     <span class='ocr_line' id='line_1_87' title="bbox 531 5759 996 5833; baseline 0.017 -20"><span class='ocrx_word' id='word_1_532' title='bbox 531 5759 620 5833; x_wconf 55' lang='grc' dir='ltr'><strong>ἓξ)</strong></span> <span class='ocrx_word' id='word_1_533' title='bbox 652 5759 996 5833; x_wconf 72' lang='grc' dir='ltr'>Βραγχίδαις.</span> 
     </span>
    </p>
   </div>
   <div class='ocr_carea' id='block_1_88' title="bbox 530 5829 998 5902">
    <p class='ocr_par' dir='ltr' id='par_1_88' title="bbox 530 5829 998 5902">
     <span class='ocr_line' id='line_1_88' title="bbox 530 5829 998 5902; baseline 0.013 -18"><span class='ocrx_word' id='word_1_534' title='bbox 530 5829 624 5892; x_wconf 65' lang='lat'><strong>95)</strong></span> <span class='ocrx_word' id='word_1_535' title='bbox 661 5829 743 5886; x_wconf 82' lang='lat' dir='ltr'><strong>AI.</strong></span> <span class='ocrx_word' id='word_1_536' title='bbox 764 5829 998 5902; x_wconf 50' lang='grc' dir='ltr'>μορίων.</span> 
     </span>
    </p>
   </div>
   <div class='ocr_carea' id='block_1_89' title="bbox 2088 3283 2429 3356">
    <p class='ocr_par' dir='ltr' id='par_1_89' title="bbox 2088 3283 2429 3356">
     <span class='ocr_line' id='line_1_89' title="bbox 2088 3283 2429 3356; baseline 0.009 -19"><span class='ocrx_word' id='word_1_537' title='bbox 2088 3283 2429 3356; x_wconf 82' lang='grc' dir='ltr'>νηστεύουσι.</span> 
     </span>
    </p>
   </div>
   <div class='ocr_carea' id='block_1_90' title="bbox 2089 3398 3669 3467">
    <p class='ocr_par' dir='ltr' id='par_1_90' title="bbox 2089 3398 3669 3467">
     <span class='ocr_line' id='line_1_90' title="bbox 2089 3398 3669 3467; baseline 0.001 -14"><span class='ocrx_word' id='word_1_538' title='bbox 2089 3400 2338 3454; x_wconf 82' lang='grc' dir='ltr'><strong>ΚΕΦΑΛ.</strong></span> <span class='ocrx_word' id='word_1_539' title='bbox 2367 3401 2560 3466; x_wconf 72' lang='grc' dir='ltr'><strong>ΡΜςν.</strong></span> <span class='ocrx_word' id='word_1_540' title='bbox 2596 3431 2667 3440; x_wconf 95' lang='lat'><strong>—</strong></span> <span class='ocrx_word' id='word_1_541' title='bbox 2696 3401 2798 3454; x_wconf 84' lang='grc' dir='ltr'><strong>Διά</strong></span> <span class='ocrx_word' id='word_1_542' title='bbox 2847 3402 2904 3454; x_wconf 87' lang='grc' dir='ltr'><strong>τί</strong></span> <span class='ocrx_word' id='word_1_543' title='bbox 2935 3402 2990 3454; x_wconf 84' lang='grc' dir='ltr'><strong>οί</strong></span> <span class='ocrx_word' id='word_1_544' title='bbox 3035 3398 3377 3467; x_wconf 76' lang='grc' dir='ltr'>Χριστιανοὶ</span> <span class='ocrx_word' id='word_1_545' title='bbox 3423 3398 3538 3467; x_wconf 80' lang='grc' dir='ltr'>τὴν</span> <span class='ocrx_word' id='word_1_546' title='bbox 3574 3413 3669 3454; x_wconf 74' lang='grc' dir='ltr'>τε·</span> 
     </span>
    </p>
   </div>
   <div class='ocr_carea' id='block_1_91' title="bbox 2279 3469 3472 3539">
    <p class='ocr_par' dir='ltr' id='par_1_91' title="bbox 2279 3469 3472 3539">
     <span class='ocr_line' id='line_1_91' title="bbox 2279 3469 3472 3539; baseline 0.002 -17"><span class='ocrx_word' id='word_1_547' title='bbox 2279 3469 2463 3537; x_wconf 80' lang='grc' dir='ltr'>τράᾶα</span> <span class='ocrx_word' id='word_1_548' title='bbox 2494 3471 2590 3523; x_wconf 79' lang='grc' dir='ltr'>καὶ</span> <span class='ocrx_word' id='word_1_549' title='bbox 2626 3470 3024 3539; x_wconf 77' lang='grc' dir='ltr'>παρασκευὴν</span> <span class='ocrx_word' id='word_1_550' title='bbox 3045 3473 3472 3538; x_wconf 75' lang='grc' dir='ltr'>νηστεύουσιν.</span> 
     </span>
    </p>
   </div>
   <div class='ocr_carea' id='block_1_92' title="bbox 2161 3581 3661 3656">
    <p class='ocr_par' dir='ltr' id='par_1_92' title="bbox 2161 3581 3661 3656">
     <span class='ocr_line' id='line_1_92' title="bbox 2161 3581 3661 3656; baseline 0.001 -22"><span class='ocrx_word' id='word_1_551' title='bbox 2161 3583 2393 3653; x_wconf 75' lang='grc' dir='ltr'>Τετρᾶδι</span> <span class='ocrx_word' id='word_1_552' title='bbox 2422 3582 2515 3637; x_wconf 86' lang='grc' dir='ltr'><strong>τοῦ</strong></span> <span class='ocrx_word' id='word_1_553' title='bbox 2551 3583 2822 3637; x_wconf 82' lang='grc' dir='ltr'>σαϐϐάτου</span> <span class='ocrx_word' id='word_1_554' title='bbox 2861 3584 3063 3649; x_wconf 81' lang='grc' dir='ltr'>Ἰούδας</span> <span class='ocrx_word' id='word_1_555' title='bbox 3091 3587 3120 3639; x_wconf 84' lang='grc' dir='ltr'><strong>δ</strong></span> <span class='ocrx_word' id='word_1_556' title='bbox 3143 3584 3406 3656; x_wconf 81' lang='grc' dir='ltr'>προδότης</span> <span class='ocrx_word' id='word_1_557' title='bbox 3437 3582 3536 3654; x_wconf 84' lang='grc' dir='ltr'>τὴν</span> <span class='ocrx_word' id='word_1_558' title='bbox 3565 3581 3661 3638; x_wconf 87' lang='grc' dir='ltr'><strong>τοῦ</strong></span> 
     </span>
    </p>
   </div>
   <div class='ocr_carea' id='block_1_93' title="bbox 2092 3671 3666 3746">
    <p class='ocr_par' dir='ltr' id='par_1_93' title="bbox 2092 3671 3666 3746">
     <span class='ocr_line' id='line_1_93' title="bbox 2092 3671 3666 3746; baseline -0.001 -18"><span class='ocrx_word' id='word_1_559' title='bbox 2092 3674 2340 3728; x_wconf 76' lang='grc' dir='ltr'>διαϐόλου</span> <span class='ocrx_word' id='word_1_560' title='bbox 2373 3674 2474 3742; x_wconf 74' lang='grc' dir='ltr'>τῆς</span> <span class='ocrx_word' id='word_1_561' title='bbox 2504 3675 2792 3744; x_wconf 83' lang='grc' dir='ltr'>προδοσίας</span> <span class='ocrx_word' id='word_1_562' title='bbox 2813 3677 3098 3746; x_wconf 78' lang='grc' dir='ltr'>ἐνέργειαν</span> <span class='ocrx_word' id='word_1_563' title='bbox 3121 3676 3439 3742; x_wconf 79' lang='grc' dir='ltr'>ὑπεδέξατο,</span> <span class='ocrx_word' id='word_1_564' title='bbox 3471 3676 3597 3738; x_wconf 60' lang='grc' dir='ltr'>τοὺς</span> <span class='ocrx_word' id='word_1_565' title='bbox 3620 3671 3666 3727; x_wconf 79' lang='grc' dir='ltr'>λ’</span> 
     </span>
    </p>
   </div>
   <div class='ocr_carea' id='block_1_94' title="bbox 2095 3761 3667 3838">
    <p class='ocr_par' dir='ltr' id='par_1_94' title="bbox 2095 3761 3667 3838">
     <span class='ocr_line' id='line_1_94' title="bbox 2095 3761 3667 3838; baseline 0.001 -21"><span class='ocrx_word' id='word_1_566' title='bbox 2095 3761 2324 3835; x_wconf 69' lang='grc' dir='ltr'>χρυσοῦς</span> <span class='ocrx_word' id='word_1_567' title='bbox 2359 3765 2510 3835; x_wconf 71' lang='grc' dir='ltr'>παρὰ</span> <span class='ocrx_word' id='word_1_568' title='bbox 2553 3766 2773 3834; x_wconf 77' lang='grc' dir='ltr'>Καῖάςρα</span> <span class='ocrx_word' id='word_1_569' title='bbox 2813 3765 2908 3820; x_wconf 74' lang='grc' dir='ltr'><strong>καὶ</strong></span> <span class='ocrx_word' id='word_1_570' title='bbox 2955 3768 3124 3820; x_wconf 75' lang='grc' dir='ltr'>’Ἄννα</span> <span class='ocrx_word' id='word_1_571' title='bbox 3164 3766 3550 3836; x_wconf 80' lang='grc' dir='ltr'>κομισάμενος.</span> <span class='ocrx_word' id='word_1_572' title='bbox 3585 3765 3667 3838; x_wconf 80' lang='grc' dir='ltr'><strong>Τῇ</strong></span> 
     </span>
    </p>
   </div>
   <div class='ocr_carea' id='block_1_95' title="bbox 2094 3855 3672 3929">
    <p class='ocr_par' dir='ltr' id='par_1_95' title="bbox 2094 3855 3672 3929">
     <span class='ocr_line' id='line_1_95' title="bbox 2094 3855 3672 3929; baseline -0.001 -19"><span class='ocrx_word' id='word_1_573' title='bbox 2094 3857 2151 3910; x_wconf 81' lang='grc' dir='ltr'><strong>δὲ</strong></span> <span class='ocrx_word' id='word_1_574' title='bbox 2190 3859 2505 3926; x_wconf 79' lang='grc' dir='ltr'>παρασκευῇ</span> <span class='ocrx_word' id='word_1_575' title='bbox 2534 3856 2644 3929; x_wconf 74' lang='grc'><strong>(95)</strong></span> <span class='ocrx_word' id='word_1_576' title='bbox 2679 3857 2776 3927; x_wconf 83' lang='grc' dir='ltr'><strong>τὴν</strong></span> <span class='ocrx_word' id='word_1_577' title='bbox 2801 3857 2900 3926; x_wconf 84' lang='grc' dir='ltr'>τῆς</span> <span class='ocrx_word' id='word_1_578' title='bbox 2934 3857 3223 3927; x_wconf 85' lang='grc' dir='ltr'>προδοσίας</span> <span class='ocrx_word' id='word_1_579' title='bbox 3251 3857 3448 3927; x_wconf 81' lang='grc' dir='ltr'>πρᾶξιν</span> <span class='ocrx_word' id='word_1_580' title='bbox 3476 3855 3672 3908; x_wconf 79' lang='grc' dir='ltr'>ἐπετέ-</span> 
     </span>
    </p>
   </div>
   <div class='ocr_carea' id='block_1_96' title="bbox 2095 3943 3671 4023">
    <p class='ocr_par' dir='ltr' id='par_1_96' title="bbox 2095 3943 3671 4023">
     <span class='ocr_line' id='line_1_96' title="bbox 2095 3943 3671 4023; baseline -0.001 -23"><span class='ocrx_word' id='word_1_581' title='bbox 2095 3947 2270 4001; x_wconf 87' lang='grc' dir='ltr'>λεσεν.</span> <span class='ocrx_word' id='word_1_582' title='bbox 2317 3949 2404 4001; x_wconf 84' lang='grc' dir='ltr'>Ἐν</span> <span class='ocrx_word' id='word_1_583' title='bbox 2523 3950 2705 4021; x_wconf 74' lang='grc' dir='ltr'>ἡμέρᾳ</span> <span class='ocrx_word' id='word_1_584' title='bbox 2743 3949 2837 4003; x_wconf 70' lang='grc' dir='ltr'><strong>καὶ</strong></span> <span class='ocrx_word' id='word_1_585' title='bbox 2867 3950 2926 4002; x_wconf 76' lang='grc' dir='ltr'><strong>τὸ</strong></span> <span class='ocrx_word' id='word_1_586' title='bbox 2978 3949 3420 4020; x_wconf 85' lang='grc' dir='ltr'>κοσμοσωτήριον</span> <span class='ocrx_word' id='word_1_587' title='bbox 3450 3947 3671 4009; x_wconf 78' lang='grc' dir='ltr'>πάθοςὸ</span> 
     </span>
    </p>
   </div>
   <div class='ocr_carea' id='block_1_97' title="bbox 2097 4038 3671 4112">
    <p class='ocr_par' dir='ltr' id='par_1_97' title="bbox 2097 4038 3671 4112">
     <span class='ocr_line' id='line_1_97' title="bbox 2097 4038 3671 4112; baseline -0.003 -18"><span class='ocrx_word' id='word_1_588' title='bbox 2097 4040 2300 4111; x_wconf 83' lang='grc' dir='ltr'>Κύριος</span> <span class='ocrx_word' id='word_1_589' title='bbox 2330 4041 2612 4109; x_wconf 78' lang='grc' dir='ltr'>ὑπέμεινε.</span> <span class='ocrx_word' id='word_1_590' title='bbox 2639 4042 2793 4095; x_wconf 75' lang='grc' dir='ltr'>Κατὰ</span> <span class='ocrx_word' id='word_1_591' title='bbox 2822 4041 2878 4094; x_wconf 85' lang='grc' dir='ltr'>δὲ</span> <span class='ocrx_word' id='word_1_592' title='bbox 2902 4041 2999 4112; x_wconf 77' lang='grc' dir='ltr'>τὴν</span> <span class='ocrx_word' id='word_1_593' title='bbox 3025 4041 3132 4094; x_wconf 81' lang='grc' dir='ltr'><strong>τῶν</strong></span> <span class='ocrx_word' id='word_1_594' title='bbox 3166 4040 3260 4094; x_wconf 80' lang='grc' dir='ltr'><strong>δύο</strong></span> <span class='ocrx_word' id='word_1_595' title='bbox 3287 4038 3514 4110; x_wconf 82' lang='grc' dir='ltr'>ἡμερῶν</span> <span class='ocrx_word' id='word_1_596' title='bbox 3541 4038 3671 4092; x_wconf 83' lang='grc' dir='ltr'>τού-</span> 
     </span>
    </p>
   </div>
   <div class='ocr_carea' id='block_1_98' title="bbox 2096 4130 3674 4203">
    <p class='ocr_par' dir='ltr' id='par_1_98' title="bbox 2096 4130 3674 4203">
     <span class='ocr_line' id='line_1_98' title="bbox 2096 4130 3674 4203; baseline 0 -20"><span class='ocrx_word' id='word_1_597' title='bbox 2096 4147 2207 4184; x_wconf 88' lang='grc' dir='ltr'>των</span> <span class='ocrx_word' id='word_1_598' title='bbox 2257 4131 2504 4200; x_wconf 83' lang='grc' dir='ltr'>περίοδον</span> <span class='ocrx_word' id='word_1_599' title='bbox 2553 4131 2959 4203; x_wconf 80' lang='grc' dir='ltr'>ἀλλοτριοῦνται</span> <span class='ocrx_word' id='word_1_600' title='bbox 3003 4131 3102 4201; x_wconf 79' lang='grc' dir='ltr'>μὲν</span> <span class='ocrx_word' id='word_1_601' title='bbox 3135 4132 3182 4184; x_wconf 82' lang='grc' dir='ltr'>οἱ</span> <span class='ocrx_word' id='word_1_602' title='bbox 3211 4130 3527 4202; x_wconf 75' lang='grc' dir='ltr'>Χριστιανοὶ</span> <span class='ocrx_word' id='word_1_603' title='bbox 3573 4131 3674 4197; x_wconf 76' lang='grc' dir='ltr'>τῆς</span> 
     </span>
    </p>
   </div>
   <div class='ocr_carea' id='block_1_99' title="bbox 2100 4221 3675 4294">
    <p class='ocr_par' dir='ltr' id='par_1_99' title="bbox 2100 4221 3675 4294">
     <span class='ocr_line' id='line_1_99' title="bbox 2100 4221 3675 4294; baseline 0 -21"><span class='ocrx_word' id='word_1_604' title='bbox 2100 4221 2197 4274; x_wconf 85' lang='grc' dir='ltr'><strong>τοῦ</strong></span> <span class='ocrx_word' id='word_1_605' title='bbox 2253 4221 2499 4276; x_wconf 84' lang='grc' dir='ltr'>διαϐόλου</span> <span class='ocrx_word' id='word_1_606' title='bbox 2531 4223 2804 4294; x_wconf 80' lang='grc' dir='ltr'>πράξεως,</span> <span class='ocrx_word' id='word_1_607' title='bbox 2851 4223 3177 4276; x_wconf 88' lang='grc' dir='ltr'>οἰκειοῦνται</span> <span class='ocrx_word' id='word_1_608' title='bbox 3205 4223 3262 4275; x_wconf 81' lang='grc' dir='ltr'>δὲ</span> <span class='ocrx_word' id='word_1_609' title='bbox 3309 4221 3397 4275; x_wconf 81' lang='grc' dir='ltr'><strong>διὰ</strong></span> <span class='ocrx_word' id='word_1_610' title='bbox 3440 4221 3550 4274; x_wconf 84' lang='grc' dir='ltr'><strong>τῶν</strong></span> <span class='ocrx_word' id='word_1_611' title='bbox 3575 4236 3675 4291; x_wconf 80' lang='grc' dir='ltr'>νη-</span> 
     </span>
    </p>
   </div>
   <div class='ocr_carea' id='block_1_100' title="bbox 2103 4312 3344 4386">
    <p class='ocr_par' dir='ltr' id='par_1_100' title="bbox 2103 4312 3344 4386">
     <span class='ocr_line' id='line_1_100' title="bbox 2103 4312 3344 4386; baseline 0.002 -21"><span class='ocrx_word' id='word_1_612' title='bbox 2103 4313 2298 4367; x_wconf 83' lang='grc' dir='ltr'>στειῶν</span> <span class='ocrx_word' id='word_1_613' title='bbox 2324 4313 2402 4384; x_wconf 79' lang='grc' dir='ltr'>τῷ</span> <span class='ocrx_word' id='word_1_614' title='bbox 2431 4315 2862 4386; x_wconf 84' lang='grc' dir='ltr'>κοσμοσωτηρίῳ</span> <span class='ocrx_word' id='word_1_615' title='bbox 2891 4313 3052 4368; x_wconf 82' lang='grc' dir='ltr'>πάθει</span> <span class='ocrx_word' id='word_1_616' title='bbox 3083 4312 3344 4386; x_wconf 78' lang='grc' dir='ltr'>Χριστοῦ.</span> 
     </span>
    </p>
   </div>
   <div class='ocr_carea' id='block_1_101' title="bbox 2101 4423 3674 4493">
    <p class='ocr_par' dir='ltr' id='par_1_101' title="bbox 2101 4423 3674 4493">
     <span class='ocr_line' id='line_1_101' title="bbox 2101 4423 3674 4493; baseline 0.002 -14"><span class='ocrx_word' id='word_1_617' title='bbox 2101 4425 2352 4480; x_wconf 79' lang='grc' dir='ltr'><strong>ΚΕΦΑΛ.</strong></span> <span class='ocrx_word' id='word_1_618' title='bbox 2406 4423 2581 4482; x_wconf 83' lang='grc' dir='ltr'><strong>ΡΜΖ’.</strong></span> <span class='ocrx_word' id='word_1_619' title='bbox 2609 4455 2681 4468; x_wconf 90' lang='grc'><strong><em>-</em></strong></span> <span class='ocrx_word' id='word_1_620' title='bbox 2712 4427 2854 4480; x_wconf 82' lang='grc' dir='ltr'>Τίνα</span> <span class='ocrx_word' id='word_1_621' title='bbox 2898 4428 3044 4493; x_wconf 75' lang='grc' dir='ltr'>ἔθνη</span> <span class='ocrx_word' id='word_1_622' title='bbox 3099 4426 3197 4480; x_wconf 77' lang='grc' dir='ltr'>καὶ</span> <span class='ocrx_word' id='word_1_623' title='bbox 3248 4429 3414 4482; x_wconf 80' lang='grc' dir='ltr'>πόσα</span> <span class='ocrx_word' id='word_1_624' title='bbox 3449 4425 3518 4480; x_wconf 83' lang='grc' dir='ltr'><strong>ἐκ</strong></span> <span class='ocrx_word' id='word_1_625' title='bbox 3565 4425 3674 4482; x_wconf 82' lang='grc' dir='ltr'><strong>τοῦ</strong></span> 
     </span>
    </p>
   </div>
   <div class='ocr_carea' id='block_1_102' title="bbox 2609 4497 3180 4566">
    <p class='ocr_par' dir='ltr' id='par_1_102' title="bbox 2609 4497 3180 4566">
     <span class='ocr_line' id='line_1_102' title="bbox 2609 4497 3180 4566; baseline 0 -15"><span class='ocrx_word' id='word_1_626' title='bbox 2609 4498 2667 4551; x_wconf 83' lang='grc' dir='ltr'><strong>Ἀ</strong></span> <span class='ocrx_word' id='word_1_627' title='bbox 2677 4499 2860 4566; x_wconf 80' lang='grc' dir='ltr'>ϐραὰμ</span> <span class='ocrx_word' id='word_1_628' title='bbox 2885 4497 3158 4565; x_wconf 83' lang='grc' dir='ltr'>συνέστη</span> <span class='ocrx_word' id='word_1_629' title='bbox 3167 4539 3180 4551; x_wconf 95' lang='grc'><strong>.</strong></span> 
     </span>
    </p>
   </div>
   <div class='ocr_carea' id='block_1_103' title="bbox 2180 4608 3676 4684">
    <p class='ocr_par' dir='ltr' id='par_1_103' title="bbox 2180 4608 3676 4684">
     <span class='ocr_line' id='line_1_103' title="bbox 2180 4608 3676 4684; baseline 0.003 -23"><span class='ocrx_word' id='word_1_630' title='bbox 2180 4608 2400 4680; x_wconf 81' lang='grc' dir='ltr'>Πρῶτον</span> <span class='ocrx_word' id='word_1_631' title='bbox 2431 4610 2491 4660; x_wconf 78' lang='grc' dir='ltr'>τὸ</span> <span class='ocrx_word' id='word_1_632' title='bbox 2522 4610 2586 4662; x_wconf 88' lang='grc' dir='ltr'><strong>ἐκ</strong></span> <span class='ocrx_word' id='word_1_633' title='bbox 2624 4608 2724 4679; x_wconf 80' lang='grc' dir='ltr'>τῆς</span> <span class='ocrx_word' id='word_1_634' title='bbox 2754 4610 2934 4679; x_wconf 75' lang='grc' dir='ltr'>Ἀγαρ</span> <span class='ocrx_word' id='word_1_635' title='bbox 2963 4612 3057 4664; x_wconf 76' lang='grc' dir='ltr'>καὶ</span> <span class='ocrx_word' id='word_1_636' title='bbox 3083 4611 3175 4666; x_wconf 86' lang='grc' dir='ltr'><strong>τοῦ</strong></span> <span class='ocrx_word' id='word_1_637' title='bbox 3221 4612 3470 4683; x_wconf 82' lang='grc' dir='ltr'>Ἰσμαὴλ,</span> <span class='ocrx_word' id='word_1_638' title='bbox 3508 4613 3676 4684; x_wconf 72' lang='grc' dir='ltr'><strong>Ἀγαο</strong></span> 
     </span>
    </p>
   </div>
   <div class='ocr_carea' id='block_1_104' title="bbox 2099 4701 3679 4776">
    <p class='ocr_par' dir='ltr' id='par_1_104' title="bbox 2099 4701 3679 4776">
     <span class='ocr_line' id='line_1_104' title="bbox 2099 4701 3679 4776; baseline 0.002 -21"><span class='ocrx_word' id='word_1_639' title='bbox 2099 4702 2282 4772; x_wconf 74' lang='grc' dir='ltr'>ρηνοὶ</span> <span class='ocrx_word' id='word_1_640' title='bbox 2335 4703 2427 4755; x_wconf 71' lang='grc' dir='ltr'><strong>καὶ</strong></span> <span class='ocrx_word' id='word_1_641' title='bbox 2488 4701 2825 4772; x_wconf 81' lang='grc' dir='ltr'>Ίσμαηλῖταί</span> <span class='ocrx_word' id='word_1_642' title='bbox 2875 4705 3042 4767; x_wconf 75' lang='grc' dir='ltr'>εἰσιν,</span> <span class='ocrx_word' id='word_1_643' title='bbox 3101 4705 3151 4757; x_wconf 87' lang='grc' dir='ltr'>οι</span> <span class='ocrx_word' id='word_1_644' title='bbox 3209 4703 3679 4776; x_wconf 69' lang='grc' dir='ltr'>ψευδοσαρακηνοὶ</span> 
     </span>
    </p>
   </div>
   <div class='ocr_carea' id='block_1_105' title="bbox 2109 4792 3681 4865">
    <p class='ocr_par' dir='ltr' id='par_1_105' title="bbox 2109 4792 3681 4865">
     <span class='ocr_line' id='line_1_105' title="bbox 2109 4792 3681 4865; baseline 0.001 -19"><span class='ocrx_word' id='word_1_645' title='bbox 2109 4792 2551 4862; x_wconf 83' lang='grc' dir='ltr'>κικλησκόμενοι,</span> <span class='ocrx_word' id='word_1_646' title='bbox 2598 4792 2810 4853; x_wconf 79' lang='grc' dir='ltr'>ἑαυτοῖς</span> <span class='ocrx_word' id='word_1_647' title='bbox 2841 4792 3266 4862; x_wconf 78' lang='grc' dir='ltr'>ἐπιφημίζοντες</span> <span class='ocrx_word' id='word_1_648' title='bbox 3305 4795 3400 4865; x_wconf 85' lang='grc' dir='ltr'>τὴν</span> <span class='ocrx_word' id='word_1_649' title='bbox 3438 4796 3545 4846; x_wconf 82' lang='grc' dir='ltr'>ἀπὸ</span> <span class='ocrx_word' id='word_1_650' title='bbox 3581 4797 3681 4865; x_wconf 72' lang='grc' dir='ltr'>τῆς</span> 
     </span>
    </p>
   </div>
   <div class='ocr_carea' id='block_1_106' title="bbox 2107 4881 3328 4955">
    <p class='ocr_par' dir='ltr' id='par_1_106' title="bbox 2107 4881 3328 4955">
     <span class='ocr_line' id='line_1_106' title="bbox 2107 4881 3328 4955; baseline 0.005 -21"><span class='ocrx_word' id='word_1_651' title='bbox 2107 4884 2342 4954; x_wconf 70' lang='grc' dir='ltr'>Σάρρας,</span> <span class='ocrx_word' id='word_1_652' title='bbox 2373 4884 2473 4934; x_wconf 79' lang='grc' dir='ltr'><strong>οὐκ</strong></span> <span class='ocrx_word' id='word_1_653' title='bbox 2498 4882 2648 4944; x_wconf 77' lang='grc' dir='ltr'>ὄντες</span> <span class='ocrx_word' id='word_1_654' title='bbox 2687 4881 2746 4947; x_wconf 81' lang='grc' dir='ltr'><strong>ἐξ</strong></span> <span class='ocrx_word' id='word_1_655' title='bbox 2775 4884 2963 4954; x_wconf 84' lang='grc' dir='ltr'>αὐτῆς,</span> <span class='ocrx_word' id='word_1_656' title='bbox 2992 4884 3328 4955; x_wconf 74' lang='grc' dir='ltr'>ἐπωνυμίαν.</span> 
     </span>
    </p>
   </div>
   <div class='ocr_carea' id='block_1_107' title="bbox 2177 4975 3683 5050">
    <p class='ocr_par' dir='ltr' id='par_1_107' title="bbox 2177 4975 3683 5050">
     <span class='ocr_line' id='line_1_107' title="bbox 2177 4975 3683 5050; baseline 0.003 -22"><span class='ocrx_word' id='word_1_657' title='bbox 2177 4975 2439 5046; x_wconf 79' lang='grc' dir='ltr'>Δεύτερον</span> <span class='ocrx_word' id='word_1_658' title='bbox 2472 4976 2531 5030; x_wconf 77' lang='grc' dir='ltr'>τὸ</span> <span class='ocrx_word' id='word_1_659' title='bbox 2581 4976 3036 5044; x_wconf 78' lang='grc' dir='ltr'>Ἰσριιηλιτικὸν,</span> <span class='ocrx_word' id='word_1_660' title='bbox 3071 4978 3178 5036; x_wconf 60' lang='grc' dir='ltr'>ἀπὶ)</span> <span class='ocrx_word' id='word_1_661' title='bbox 3215 4979 3306 5033; x_wconf 85' lang='grc' dir='ltr'><strong>τοῦ</strong></span> <span class='ocrx_word' id='word_1_662' title='bbox 3353 4979 3588 5050; x_wconf 80' lang='grc' dir='ltr'>Ἰσραὴλ,</span> <span class='ocrx_word' id='word_1_663' title='bbox 3623 4983 3683 5044; x_wconf 75' lang='grc' dir='ltr'>ὁς</span> 
     </span>
    </p>
   </div>
   <div class='ocr_carea' id='block_1_108' title="bbox 2106 5066 3680 5143">
    <p class='ocr_par' dir='ltr' id='par_1_108' title="bbox 2106 5066 3680 5143">
     <span class='ocr_line' id='line_1_108' title="bbox 2106 5066 3680 5143; baseline 0.004 -23"><span class='ocrx_word' id='word_1_664' title='bbox 2106 5069 2254 5120; x_wconf 82' lang='grc' dir='ltr'>ἐστιν</span> <span class='ocrx_word' id='word_1_665' title='bbox 2300 5066 2511 5132; x_wconf 82' lang='grc' dir='ltr'>Ἰακὼϐ,</span> <span class='ocrx_word' id='word_1_666' title='bbox 2536 5068 2854 5138; x_wconf 70' lang='grc' dir='ltr'>ἐπικληθεὶς</span> <span class='ocrx_word' id='word_1_667' title='bbox 2883 5069 2959 5132; x_wconf 82' lang='grc' dir='ltr'><strong>δὲ,</strong></span> <span class='ocrx_word' id='word_1_668' title='bbox 3003 5070 3221 5142; x_wconf 77' lang='grc' dir='ltr'>Ἰσραὴλ</span> <span class='ocrx_word' id='word_1_669' title='bbox 3255 5072 3680 5143; x_wconf 79' lang='grc' dir='ltr'>ὀνομαζόμενος.</span> 
     </span>
    </p>
   </div>
   <div class='ocr_carea' id='block_1_109' title="bbox 2179 5157 3680 5235">
    <p class='ocr_par' dir='ltr' id='par_1_109' title="bbox 2179 5157 3680 5235">
     <span class='ocr_line' id='line_1_109' title="bbox 2179 5157 3680 5235; baseline 0.008 -27"><span class='ocrx_word' id='word_1_670' title='bbox 2179 5157 2287 5208; x_wconf 74' lang='grc' dir='ltr'><strong>Καὶ</strong></span> <span class='ocrx_word' id='word_1_671' title='bbox 2315 5157 2422 5209; x_wconf 81' lang='grc' dir='ltr'><strong>ἀπὸ</strong></span> <span class='ocrx_word' id='word_1_672' title='bbox 2458 5157 2766 5226; x_wconf 84' lang='grc' dir='ltr'>Χετθούρας</span> <span class='ocrx_word' id='word_1_673' title='bbox 2786 5160 2912 5229; x_wconf 72' lang='grc' dir='ltr'>ἔθνη</span> <span class='ocrx_word' id='word_1_674' title='bbox 2940 5163 3200 5230; x_wconf 66' lang='grc' dir='ltr'>γεγόνασι</span> <span class='ocrx_word' id='word_1_675' title='bbox 3225 5164 3303 5235; x_wconf 82' lang='grc' dir='ltr'>τῷ</span> <span class='ocrx_word' id='word_1_676' title='bbox 3337 5162 3586 5234; x_wconf 78' lang='grc' dir='ltr'>Ἀϐραὰμ</span> <span class='ocrx_word' id='word_1_677' title='bbox 3609 5162 3680 5232; x_wconf 80' lang='grc' dir='ltr'><strong>γ’,</strong></span> 
     </span>
    </p>
   </div>
   <div class='ocr_carea' id='block_1_110' title="bbox 2105 5245 3680 5317">
    <p class='ocr_par' dir='ltr' id='par_1_110' title="bbox 2105 5245 3680 5317">
     <span class='ocr_line' id='line_1_110' title="bbox 2105 5245 3680 5317; baseline 0.006 -19"><span class='ocrx_word' id='word_1_678' title='bbox 2105 5246 2165 5298; x_wconf 73' lang='grc' dir='ltr'>τὸ</span> <span class='ocrx_word' id='word_1_679' title='bbox 2197 5245 2374 5308; x_wconf 79' lang='grc' dir='ltr'>Σαϐἇ,</span> <span class='ocrx_word' id='word_1_680' title='bbox 2404 5248 2432 5300; x_wconf 84' lang='grc' dir='ltr'>ὅ</span> <span class='ocrx_word' id='word_1_681' title='bbox 2481 5251 2594 5301; x_wconf 83' lang='grc' dir='ltr'>ἐστι</span> <span class='ocrx_word' id='word_1_682' title='bbox 2621 5250 2681 5302; x_wconf 77' lang='grc' dir='ltr'>τὸ</span> <span class='ocrx_word' id='word_1_683' title='bbox 2715 5251 3010 5308; x_wconf 76' lang='grc' dir='ltr'>Αἰθιόπων.</span> <span class='ocrx_word' id='word_1_684' title='bbox 3047 5254 3155 5307; x_wconf 82' lang='grc' dir='ltr'><strong>Καὶ</strong></span> <span class='ocrx_word' id='word_1_685' title='bbox 3194 5255 3254 5307; x_wconf 76' lang='grc' dir='ltr'>τὸ</span> <span class='ocrx_word' id='word_1_686' title='bbox 3285 5254 3680 5317; x_wconf 80' lang='grc' dir='ltr'>Μαδιανιτῶν,</span> 
     </span>
    </p>
   </div>
   <div class='ocr_carea' id='block_1_111' title="bbox 2104 5338 3682 5414">
    <p class='ocr_par' dir='ltr' id='par_1_111' title="bbox 2104 5338 3682 5414">
     <span class='ocr_line' id='line_1_111' title="bbox 2104 5338 3682 5414; baseline 0.006 -24"><span class='ocrx_word' id='word_1_687' title='bbox 2104 5338 2157 5390; x_wconf 78' lang='grc' dir='ltr'>οἵ</span> <span class='ocrx_word' id='word_1_688' title='bbox 2187 5339 2326 5390; x_wconf 79' lang='grc' dir='ltr'>εἰσιν</span> <span class='ocrx_word' id='word_1_689' title='bbox 2357 5341 2407 5390; x_wconf 88' lang='grc' dir='ltr'>οἱ</span> <span class='ocrx_word' id='word_1_690' title='bbox 2449 5341 2584 5410; x_wconf 73' lang='grc' dir='ltr'>πρδς</span> <span class='ocrx_word' id='word_1_691' title='bbox 2616 5343 2726 5404; x_wconf 84' lang='grc' dir='ltr'>τοῖς</span> <span class='ocrx_word' id='word_1_692' title='bbox 2755 5343 3023 5413; x_wconf 72' lang='grc' dir='ltr'>Αἰθίοψιν.</span> <span class='ocrx_word' id='word_1_693' title='bbox 3056 5348 3118 5398; x_wconf 85' lang='grc' dir='ltr'><strong>οί</strong></span> <span class='ocrx_word' id='word_1_694' title='bbox 3155 5345 3474 5414; x_wconf 78' lang='grc' dir='ltr'>Ἐξομῖται,</span> <span class='ocrx_word' id='word_1_695' title='bbox 3509 5350 3603 5401; x_wconf 81' lang='grc' dir='ltr'><strong>καὶ</strong></span> <span class='ocrx_word' id='word_1_696' title='bbox 3633 5348 3682 5400; x_wconf 79' lang='lat' dir='ltr'><strong>ot</strong></span> 
     </span>
    </p>
   </div>
   <div class='ocr_carea' id='block_1_112' title="bbox 2105 5429 3685 5504">
    <p class='ocr_par' dir='ltr' id='par_1_112' title="bbox 2105 5429 3685 5504">
     <span class='ocr_line' id='line_1_112' title="bbox 2105 5429 3685 5504; baseline 0.006 -22"><span class='ocrx_word' id='word_1_697' title='bbox 2105 5429 2317 5494; x_wconf 75' lang='grc' dir='ltr'>τούτοις</span> <span class='ocrx_word' id='word_1_698' title='bbox 2343 5432 2644 5502; x_wconf 84' lang='grc' dir='ltr'>πρόσοικοι.</span> <span class='ocrx_word' id='word_1_699' title='bbox 2679 5436 2786 5488; x_wconf 69' lang='grc' dir='ltr'><strong>Καὶ</strong></span> <span class='ocrx_word' id='word_1_700' title='bbox 2813 5437 2873 5488; x_wconf 81' lang='grc' dir='ltr'><strong>τὸ</strong></span> <span class='ocrx_word' id='word_1_701' title='bbox 2904 5435 3256 5504; x_wconf 80' lang='grc' dir='ltr'>Δεδανιτῶν,</span> <span class='ocrx_word' id='word_1_702' title='bbox 3287 5440 3437 5504; x_wconf 72' lang='grc' dir='ltr'>ἔθνος</span> <span class='ocrx_word' id='word_1_703' title='bbox 3464 5439 3522 5496; x_wconf 80' lang='grc' dir='ltr'>δέ</span> <span class='ocrx_word' id='word_1_704' title='bbox 3566 5443 3685 5493; x_wconf 80' lang='grc' dir='ltr'>ἐστι</span> 
     </span>
    </p>
   </div>
   <div class='ocr_carea' id='block_1_113' title="bbox 2107 5517 3682 5600">
    <p class='ocr_par' dir='ltr' id='par_1_113' title="bbox 2107 5517 3682 5600">
     <span class='ocr_line' id='line_1_113' title="bbox 2107 5517 3682 5600; baseline 0.006 -27"><span class='ocrx_word' id='word_1_705' title='bbox 2107 5519 2289 5587; x_wconf 86' lang='grc' dir='ltr'>τοῦτο,</span> <span class='ocrx_word' id='word_1_706' title='bbox 2329 5521 2389 5587; x_wconf 80' lang='grc' dir='ltr'><strong>ἐξ</strong></span> <span class='ocrx_word' id='word_1_707' title='bbox 2417 5517 2476 5577; x_wconf 75' lang='grc' dir='ltr'>οὗ</span> <span class='ocrx_word' id='word_1_708' title='bbox 2523 5525 2620 5578; x_wconf 70' lang='grc' dir='ltr'><strong>καὶ</strong></span> <span class='ocrx_word' id='word_1_709' title='bbox 2671 5525 2862 5594; x_wconf 83' lang='grc' dir='ltr'>Ἰόθορ,</span> <span class='ocrx_word' id='word_1_710' title='bbox 2896 5528 2924 5580; x_wconf 85' lang='grc' dir='ltr'>ὁ</span> <span class='ocrx_word' id='word_1_711' title='bbox 2971 5529 3063 5580; x_wconf 84' lang='grc' dir='ltr'><strong>τοῦ</strong></span> <span class='ocrx_word' id='word_1_712' title='bbox 3097 5529 3373 5592; x_wconf 81' lang='grc' dir='ltr'>Μωῦσέως</span> <span class='ocrx_word' id='word_1_713' title='bbox 3413 5527 3682 5600; x_wconf 81' lang='grc' dir='ltr'>γαμϐρὸς,</span> 
     </span>
    </p>
   </div>
   <div class='ocr_carea' id='block_1_114' title="bbox 2189 5700 3086 5774">
    <p class='ocr_par' dir='ltr' id='par_1_114' title="bbox 2189 5700 3086 5774">
     <span class='ocr_line' id='line_1_114' title="bbox 2189 5700 3086 5774; baseline 0.006 -21"><span class='ocrx_word' id='word_1_714' title='bbox 2189 5700 2302 5774; x_wconf 59' lang='grc' dir='ltr'>(ῼτί)</span> <span class='ocrx_word' id='word_1_715' title='bbox 2328 5701 2410 5756; x_wconf 82' lang='lat' dir='ltr'><strong>Al.</strong></span> <span class='ocrx_word' id='word_1_716' title='bbox 2445 5701 2719 5774; x_wconf 59' lang='grc' dir='ltr'>καλπίδων</span> <span class='ocrx_word' id='word_1_717' title='bbox 2753 5703 2841 5758; x_wconf 61' lang='grc' dir='ltr'>καὶ</span> <span class='ocrx_word' id='word_1_718' title='bbox 2868 5704 3086 5774; x_wconf 78' lang='grc' dir='ltr'>ψήφων.</span> 
     </span>
    </p>
   </div>
   <div class='ocr_carea' id='block_1_115' title="bbox 2188 5771 3685 5846">
    <p class='ocr_par' dir='ltr' id='par_1_115' title="bbox 2188 5771 3685 5846">
     <span class='ocr_line' id='line_1_115' title="bbox 2188 5771 3685 5846; baseline 0.004 -22"><span class='ocrx_word' id='word_1_719' title='bbox 2188 5771 2300 5846; x_wconf 60' lang='grc' dir='ltr'><strong>ι95)</strong></span> <span class='ocrx_word' id='word_1_720' title='bbox 2350 5775 2502 5846; x_wconf 72' lang='lat' dir='ltr'><strong>Apud</strong></span> <span class='ocrx_word' id='word_1_721' title='bbox 2555 5772 2768 5828; x_wconf 71' lang='lat' dir='ltr'><strong>Judaeos</strong></span> <span class='ocrx_word' id='word_1_722' title='bbox 2817 5771 3112 5846; x_wconf 80' lang='lat' dir='ltr'><strong>incipiebat</strong></span> <span class='ocrx_word' id='word_1_723' title='bbox 3159 5789 3386 5839; x_wconf 73' lang='lat' dir='ltr'><strong>veSperc</strong></span> <span class='ocrx_word' id='word_1_724' title='bbox 3445 5773 3592 5830; x_wconf 64' lang='lat' dir='ltr'><strong>feriae</strong></span> <span class='ocrx_word' id='word_1_725' title='bbox 3632 5789 3685 5844; x_wconf 72' lang='grc' dir='ltr'>ν,</span> 
     </span>
    </p>
   </div>
   <div class='ocr_carea' id='block_1_116' title="bbox 2116 5843 2562 5898">
    <p class='ocr_par' dir='ltr' id='par_1_116' title="bbox 2116 5843 2562 5898">
     <span class='ocr_line' id='line_1_116' title="bbox 2116 5843 2562 5898; baseline 0 -2"><span class='ocrx_word' id='word_1_726' title='bbox 2116 5843 2230 5897; x_wconf 88' lang='lat' dir='ltr'><strong>solc</strong></span> <span class='ocrx_word' id='word_1_727' title='bbox 2259 5844 2562 5898; x_wconf 84' lang='lat' dir='ltr'><strong>occidente.</strong></span> 
     </span>
    </p>
   </div>
  </div>
