4040 6580
326 428 431 488 ltiti

1498 418 1869 481 LIBELLUS
1910 416 2412 479 MEMORIALIS.

3489 413 3591 481 166

323 537 415 586 καὶ
445 535 493 584 οί
526 533 828 602 Φαρανῖται
868 529 967 601 τὴν
1004 530 1325 600 κατοίκησιν
1358 530 1594 601 ἔχοντες,
1626 531 1723 583 καὶ
1752 530 1911 598 ἄγον⁶

2026 539 2068 584 et
2102 528 2411 584 Pliaranitae
2450 528 2542 599 qui
2591 527 2883 583 incolatum
2914 526 3141 593 habent,
3176 528 3490 600 deguntqne
3519 532 3589 586 ad

330 642 413 676 ιαι
447 624 585 693 πρὸς
619 625 685 694 τῇ
723 622 961 693 Ἐρυθρᾷ
982 620 1247 694 θαλάσσῃ.
1298 621 1460 674 Ἀλλὰ
1505 622 1598 674 καὶ
1633 623 1665 690 ἡ
1703 622 1906 687 Συρίη,

324 717 359 784 ἡ
394 715 713 783 Δαμασκὸς
766 714 821 767 δέ
854 715 1003 766 ἐστιν
1034 714 1194 784 αὔτη,
1250 713 1312 767 τὸ
1362 713 1516 777 ἔθνος
1561 712 1710 782 αὑτῴ
1764 712 1912 764 λελό-

323 807 644 874 γισται.Ἐκ
679 807 787 875 γὰρ
826 804 921 857 τοῦ
955 804 1265 874 οίκογενοῦς
1296 805 1483 869 αὑτοῦ,
1518 803 1610 857 τοῦ
1647 802 1908 873 Ἐλιέζερ,

326 897 391 963 εξ
419 892 594 967 οὗπερ
622 899 650 950 ὁ
679 896 969 965 Δαμασκὸς
995 897 1261 961 τίκτεται,
1288 898 1380 949 καὶ
1401 896 1540 966 αὐτὴ
1566 895 1907 950 συνίσταται.

417 992 552 1044 Ἀπὸ
578 991 634 1044 δὲ
674 990 767 1044 τοῦ
813 990 1003 1054 Ἠσαῦ,
1035 989 1093 1053 ὃς
1139 988 1493 1057 ἔκγονοςτοῦ
1539 989 1790 1059 Ἀϐραὰμ
1820 1004 1911 1055 γε·

332 1086 505 1151 γόνει,
533 1086 595 1137 τὸ
638 1085 933 1153 Ἰδουμαῖον
968 1081 1117 1143 ἔθνος
1146 1082 1333 1151 ἕτερον
1356 1080 1730 1149 ἀναφαίνεται,
1759 1078 1788 1131 ὃ
1819 1079 1912 1132 καὶ

330 1178 519 1246 Ἐδὼμ
550 1175 1040 1248 προσαγορεύεται.
1071 1176 1182 1228 Οὐκ
1213 1174 1413 1239 ἔξωθεν
1437 1174 1494 1226 δὲ
1522 1173 1633 1224 τῶν
1658 1172 1717 1236 ἐξ
1747 1172 1911 1225 αὑτοῦ

334 1269 555 1338 φύντων
589 1268 784 1332 ἐθνῶν,
815 1268 1018 1321 οὐδὲτὸ
1050 1266 1371 1322 Μωαϐιτῶν
1407 1269 1499 1319 καὶ
1544 1261 1913 1333 Ἀμμανιτῶν

329 1360 487 1422 ἔθνος
509 1358 847 1430 ἀριθμεῖται.
902 1359 996 1412 Ἐκ
1025 1358 1133 1429 γὰρ
1160 1358 1253 1410 τοῦ
1284 1357 1406 1410 Λὼτ
1435 1350 1579 1409 οὗτοι
1607 1358 1910 1425 γενόμενοι,

331 1451 394 1513 ὃς
417 1447 486 1521 ἦν
514 1451 745 1520 ἀδελφοῦ
766 1449 972 1521 πατρὸς
993 1449 1156 1502 αὐτοῦ
1184 1449 1316 1513 υἱὸς,
1333 1447 1482 1517 αὑτῷ
1501 1447 1661 1501 πάλιν
1686 1446 1915 1516 ἐπιγρά-

333 1558 552 1611 φοινται
588 1541 723 1612 (96).

2018 637 2169 677 mare
2209 621 2476 675 Rubrum.
2504 620 2830 688 Quinetiam
2860 632 2913 677 et
2936 622 3117 693 Syria,
3153 622 3476 677 Dantauena
3507 626 3589 678 vi-

2014 714 2229 777 delicet,
2273 728 2404 783 gens
2433 722 2534 777 est,
2583 728 2705 782 qua:
2734 711 3047 767 Abrahamo
3078 723 3296 782 accc-pta
3339 714 3463 767 ferri
3494 714 3590 771 de-

2017 807 2123 861 bet.
2170 806 2377 859 Etenim
2405 823 2468 859 ex
2507 805 2625 875 ejus
2669 821 2830 859 verna
2864 805 3092 869 Eliezer,
3123 821 3187 861 ex
3226 822 3334 877 quo
3362 807 3590 863 Damas-

2015 917 2113 955 cus
2137 910 2298 955 natus
2318 911 2422 965 est,
2450 917 2512 956 ea
2536 917 2755 971 quoque
2777 916 2910 971 gens
2932 902 3197 971 originem
3225 903 3414 958 traxit.

2086 992 2169 1046 Ab
2205 991 2346 1047 Esau
2395 1002 2597 1058 autem,
2635 993 2727 1063 qui
2782 1009 2952 1063 nepos
2992 994 3283 1049 Abrahami
3319 996 3440 1061 fuit,
3484 996 3590 1051 alia

2016 1090 2135 1134 orta
2166 1090 2247 1135 est
2269 1097 2400 1151 gens
2424 1080 2680 1148 Idumam,
2709 1099 2829 1152 qua:
2857 1084 2964 1137 alio
2992 1085 3257 1138 vocabulo
3292 1086 3461 1143 Edom
3488 1102 3588 1157 ap-

2018 1172 2263 1241 pellatur.
2307 1173 2492 1243 Neque
2522 1184 2698 1228 tamen
2743 1186 2894 1230 extra
2928 1192 3212 1230 numerum
3248 1179 3490 1245 gentiqu
3522 1179 3591 1233 ab

2015 1281 2080 1321 eo
2125 1266 2489 1320 derivatarum
2526 1267 2761 1335 putanda
2806 1281 2887 1321 est
2926 1284 3060 1337 gens
3104 1268 3389 1322 Moabitica
3425 1281 3592 1339 atque

2017 1360 2391 1414 Ammouitica.
2422 1360 2493 1413 Ex
2522 1359 2620 1414 Lot
2651 1376 2886 1430 namque
2910 1362 2997 1414 isti
3028 1364 3293 1431 progeniti
3324 1374 3468 1427 sunt,
3501 1366 3593 1435 qui

2017 1451 2121 1505 fuit
2163 1450 2304 1505 Illius
2345 1452 2530 1507 fratris
2577 1452 2716 1521 ejus.
2759 1452 2839 1506 Illi
2879 1454 3066 1523 itaque
3112 1455 3309 1509 merito
3358 1457 3592 1511 adscribi

2016 1537 2252 1608 possint.

332 1655 591 1708 ΚΕΦΑΛ.
632 1654 812 1709 I’MH'.
847 1683 916 1693 -—
950 1656 1085 1707 Τίνα
1118 1651 1358 1724 ἐστὶν-ἀ
1397 1651 1854 1720 προεφήτευσεν
1880 1652 1914 1704 ό

2026 1647 2169 1703 CAP.
2195 1647 2469 1706 CXLVIII.
2498 1682 2564 1694 υ-
2594 1650 2723 1716 Quae
2743 1664 2862 1706 sunt
2895 1651 3056 1707 Pauli
3080 1657 3304 1724 apostoli
3323 1658 3593 1715 vaticinia.

797 1726 1145 1789 ἀπόστολος
1190 1722 1450 1787 Παῦλος.

410 1842 580 1893 Ὅσοι
635 1838 923 1893 θέλουσιν
963 1834 1227 1903 εὐσεϐῶς
1281 1834 1406 1903 ζῇν,
1453 1834 1911 1903 διωχθήσονται.

2094 1824 2401 1896 Quicunque
2456 1826 2632 1881 volunt
2704 1829 2787 1896 pie
2828 1830 3011 1894 virere,
3054 1834 3461 1898 persecutionem
3498 1850 3593 1902 pa-

334 1934 474 1995 Καὶ,
492 1931 571 1997 ὡς
592 1932 702 1984 οὐκ
734 1929 1048 1994 ἀνέξονται
1079 1926 1185 1995 τῆς
1199 1885 1417 1997 ζῢγιόῦς
1441 1885 1837 1990 διδασκαλίας
1865 1928 1919 1978 οὶ

2026 1922 2236 1976 tientur.
2270 1922 2351 1986 Et,
2378 1920 2497 1975 Non
2529 1923 2857 1977 sustinebunt
2890 1941 3074 1978 sanam
3099 1928 3397 1980 doctrinam
3422 1930 3597 1982 multi.

336 2025 582 2079 πολλοί.
627 2022 1183 2091 Ἐπαναστήσονται
1226 2021 1293 2073 δὲ
1326 2019 1399 2088 τῇ
1435 2021 1634 2073 πίστει
1662 2018 1916 2086 πονηροὶ

2026 2013 2300 2084 Insurgent
2327 2017 2463 2069 enim
2497 2026 2681 2069 contra
2711 2016 2869 2084 [idem
2901 2019 3030 2069 mali
3063 2020 3301 2072 homines
3328 2028 3377 2073 et
3404 2022 3596 2085 impos-

336 2117 639 2186 ἄνθρωποι
686 2115 783 2169 καὶ
811 2115 1040 2183 γόητες,
1077 2111 1428 2177 πλανῶντες
1454 2111 1550 2164 καὶ
1606 2107 1919 2177 πλανώμε-

2026 2118 2179 2167 tores.
2209 2109 2518 2175 decipientes
2547 2119 2593 2161 et
2636 2110 2856 2176 decepti,
2897 2110 3140 2163 habentes
3174 2112 3399 2179 formam
3422 2115 3595 2181 pieta-

334 2226 458 2271 νοι,
509 2209 755 2274 ἔχοντες
794 2206 908 2273 τὴν
934 2208 1249 2274 μόρφωσιν
1288 2201 1399 2269 τῆς
1444 2203 1775 2267 εὐσεϐείας,
1808 2202 1922 2268 τὴν

2026 2202 2109 2263 tis,
2159 2209 2213 2251 at
2264 2201 2367 2252 vim
2418 2200 2531 2268 ejus
2582 2200 2917 2268 abneguntes.
2971 2201 3053 2265 Et,
3097 2200 3313 2266 Oportet
3366 2206 3597 2272 primum

334 2300 406 2353 δὲ
435 2300 695 2368 δύναμιν
725 2297 915 2366 αὐτῆς
965 2298 1339 2365 ἀρνούμενοι.
1376 2295 1506 2361 Καὶ,
1534 2293 1620 2347 ὅτι
1659 2293 1775 2361 χρὴ
1803 2293 1922 2346 ἀπὸ

2026 2294 2344 2360 apostasiam
2384 2310 2414 2344 ιι
2455 2294 2559 2361 ﬁde
2595 2294 2785 2357 renire,
2810 2304 2858 2345 et
2885 2304 3007 2346 tunc
3036 2296 3251 2348 revelari
3282 2297 3453 2365 ﬁlium
3487 2299 3595 2351 ini-

335 2390 454 2459 τῆς
472 2391 732 2455 πίστεως
757 2388 1141 2444 ἀποστασίαν
1166 2384 1401 2454 πρῶτον
1421 2385 1641 2447 ἐλθεῖν,
1666 2384 1762 2438 καί
1790 2386 1922 2436 τότε

2026 2384 2238 2452 quitatis
2265 2383 2664 2435 Antic/n'istum.
2704 2385 2868 2446 Quem
2906 2385 3157 2438 Dominus
3182 2388 3459 2455 interﬁciet
3488 2392 3597 2459 spi-

334 2480 850 2551 ἀποκαλυξρθῆναι
882 2482 989 2533 τὸν
1015 2477 1151 2533 υιὸν
1179 2475 1288 2543 τῆς
1318 2478 1592 2546 ἀνομίας,
1623 2476 1730 2529 τὸν
1757 2476 1920 2529 ἀντί-

2026 2475 2126 2527 ritu
2160 2476 2267 2527 oris
2294 2476 2395 2535 sui,
2422 2486 2469 2528 et
2503 2477 2818 2544 inefﬁcacem
2849 2478 3024 2530 reddet
3060 2481 3390 2547 apparitione
3416 2482 3597 2551 gloria:

335 2586 610 2641 χριστόν.
647 2574 748 2624 Ὃν
778 2574 809 2625 ό
850 2570 1065 2638 Κύριος
1104 2568 1315 2621 ἀνελεῖ
1349 2567 1429 2632 τῷ
1486 2568 1777 2635 πνεύματι
1813 2565 1919 2619 τοῦ

2026 2583 2147 2619 tuw.
2189 2565 2270 2626 Et,
2323 2566 2546 2629 Impleta
2582 2573 2848 2623 vocatione
2895 2572 3143 2640 gentium,
3174 2581 3296 2625 tunc
3324 2575 3598 2641 ipsummet

335 2665 637 2733 στόματος
697 2662 908 2727 αὑτοῦ,
946 2660 1043 2715 καί
1080 2659 1445 2729 καταργήσει
1492 2658 1565 2727 τῇ
1599 2660 1919 2727 ἐπιφανείᾳ

2026 2656 2271 2711 Ιδταρίεηι
2309 2660 2564 2713 salutaris
2603 2666 2887 2717 vocationis
2930 2664 3168 2732 futurmn
3203 2678 3491 2734 compotem
3524 2669 3599 2723 ⁸⁸.

332 2758 453 2827 τῆς
482 2758 664 2825 δόξης
683 2756 889 2810 αὑτοῦ.
914 2756 1046 2818 Καὶ,
1070 2755 1158 2810 ὅτι
1179 2752 1287 2822 τῆς
1306 2752 1579 2819 κλήσεως
1603 2750 1723 2804 τῶν
1745 2750 1937 2803 ἐθνῶν
1976 2750 2424 2819 πληρουμένης,
2486 2754 2616 2807 τότε
2666 2754 2763 2807 καὶ
2804 2758 2837 2809 ό
2879 2755 3128 2825 Ἰσραὴλ
3170 2758 3278 2825 τῆς
3324 2760 3598 2830 κλήσεως

333 2852 455 2922 τῆς
484 2854 779 2924 σωτηρίου
811 2853 1112 2920 τεύξηται.

376 2970 630 3024 ΚΕΦΑΛ.
665 2966 926 3023 ΡΜΘ’.-
958 2970 1095 3023 Τίνα
1136 2968 1307 3022 ἐστίν
1344 2968 1381 3022 d
1425 2966 1883 3037 προεφήτευσεν

703 3040 987 3107 Ἰωάννης
1013 3043 1045 3093 ό
1076 3038 1547 3109 Εὐαγγελιστής.

2024 2963 2175 3019 CAP.
2229 2962 2460 3021 CXLIX.
2514 2997 2584 3007 —
2635 2967 2779 3089 Quqz.
2817 2978 2939 3047 sunt
2990 2968 3215 3027 Joannis
3248 2970 3601 3044 Erangelistat

2673 3055 2730 3089 ra
2763 3055 2945 3089 tcmm-

2673 3055 2945 3094 l'allClllla.

445 3154 517 3216 Ως
550 3154 949 3223 ἀποστήσονται
989 3152 1175 3206 πολλοὶ
1213 3152 1313 3222 τῆς
1350 3151 1609 3213 πίστεως,
1638 3166 1915 3220 προεγνω-

2093 3146 2289 3203 Multos
2322 3148 2675 3203 desciturosa
2696 3149 2819 3211 lide,
2844 3152 3206 3230 pracognitos
3232 3155 3376 3224 apud
3400 3154 3595 3223 Deum,

342 3246 538 3314 σμένοι
574 3247 725 3316 παρὰ
778 3245 857 3316 τῷ
891 3246 1010 3318 Θεῷ
1063 3246 1136 3317 μὴ
1191 3240 1332 3297 εἶναι
1378 3244 1479 3313 τῆς
1531 3242 1787 3305 πίστεως.
1833 3241 1920 3305 Ὠς

342 3337 712 3407 Ἀντίχριστος
736 3337 1434 3408 ὲλεύσεται,Ἀντιχρίστων
1458 3336 1552 3389 καὶ
1581 3336 1689 3388 τῶν
1718 3334 1810 3388 νῦν
1841 3336 1923 3388 al-

346 3430 580 3499 ρετικῶν
625 3432 755 3501 παρ’
786 3432 949 3484 αὑτοῦ
985 3431 1362 3501 κεκλημένων,
1399 3430 1449 3481 οἳ
1487 3429 1579 3481 καί
1610 3430 1750 3482 εἰσιν
1778 3423 1922 3481 οὗτοι

345 3518 552 3572 πολλοὶ.
606 3521 715 3571 Καὶ
763 3521 819 3571 ὲν
853 3523 917 3589 τῇ
962 3518 1326 3589 Ἀποκαλύψει
1368 3518 1554 3581 αὐτοῦ,
1602 3518 1732 3588 περὶ
1782 3518 1922 3572 ἑπτὰ

346 3610 573 3677 πληγῶν
618 3614 999 3681 ἐπερχομένων
1028 3612 1107 3681 τῷ
1144 3615 1333 3682 κόσμῳ
1364 3612 1468 3682 πρὸ
1513 3610 1614 3680 τῆς
1642 3608 1735 3663 τοῦ
1788 3611 1923 3680 Χρι-

347 3702 477 3755 στοῦ
517 3706 821 3774 παρουσίας
866 3706 1093 3776 ἀκήκοε.
1129 3706 1236 3758 Καὶ
1282 3706 1356 3769 ὡς
1403 3708 1435 3775 ή
1480 3704 1774 3773 Ἐκκλησία
1819 3702 1923 3755 ὑπὸ

344 3795 441 3847 τοῦ
482 3794 794 3866 δράκοντος,
820 3798 847 3850 ὅ
888 3798 1036 3850 ἐστιν
1064 3797 1093 3849 ὸ
1134 3795 1395 3860 διάὅολος,
1441 3798 1519 3859 είς
1551 3796 1649 3867 τὴν
1687 3794 1922 3865 ἐρημίαν

345 3887 801 3958 ὲκδιωχθήσεται,
837 3894 1083 3959 ποταμὸν
1132 3890 1487 3960 ἐπιφέροντος
1536 3890 1697 3958 αὐτῇ.
1730 3891 1793 3940 ἐκ
1826 3887 1921 3940 τοῦ

348 3982 623 4051 στόματος
653 3981 820 4035 αὐτοῦ
852 3980 1237 4045 ἐπικλύζοντος
1264 3980 1454 4052 αὐτὴν,
1495 3980 1524 4033 ὸ
1559 3982 1652 4035 καὶ
1686 3979 1832 4034 ἐστιν
1860 3982 1923 4033 ἐκ

343 4075 449 4142 τῆς
505 4076 793 4143 αἱρέσεως,
836 4060 954 4127 καὶ
1009 4074 1102 4128 τοῦ
1153 4073 1525 4143 Ἀντιχρίστου
1582 4073 1706 4125 κατ’
1755 4073 1923 4141 αὐτῆς

346 4166 529 4235 ὁρμήο
563 4166 655 4217 καὶ
689 4166 762 4227 ὡς
799 4165 1002 4236 Κύριος
1050 4166 1261 4234 ἀθρόως
1289 4163 1409 4233 ἥξει
1446 4163 1584 4232 μετὰ
1616 4162 1715 4231 τῆς
1756 4162 1924 4232 οὐρα-

346 4260 467 4309 νίου
501 4259 754 4328 στρατιᾶς
790 4256 975 4320 αὐτοῦ,
1003 4256 1101 4327 τὴν
1129 4257 1410 4327 ἀναίρεσιν
1457 4256 1553 4325 τῆς
1606 4250 1921 4314 δυσσεϐείας

347 4351 695 4421 ποιούμενος,
741 4350 837 4405 καὶ
870 4351 968 4422 τὴν
1009 4350 1281 4421 βασιλείαν
1313 4354 1420 4413 τοῖς
1453 4348 1630 4417 ἁγίοις
1662 4345 1761 4418 τὴν
1794 4343 1924 4398 αίώ-

346 4460 462 4495 νιον
487 4443 795 4507 ἀποδιδούς.

348 4554 602 4607 ΚΕΦΑΛ.
634 4554 726 4607 PN
748 4594 762 4608 .
789 4582 857 4595 -
881 4556 1058 4624 Πόσοι
1086 4555 1289 4624 χρόνοι
1314 4552 1473 4608 εἰσιν
1496 4552 1613 4607 ἀπὸ
1632 4550 1924 4622 γενέσεως
1948 4507 2003 4568 D

475 4627 709 4694 κόσμου
733 4666 748 4691 ,
780 4625 891 4693 ἕως
920 4622 991 4681 οὗ
1024 4622 1435 4696 παραγέγονεν
1470 4627 1501 4678 ό
1528 4624 1804 4691 Χριστός.

436 4761 569 4813 Ἀπὸ
599 4760 695 4814 τοῦ
725 4760 894 4830 Ἀδὰμ
917 4760 1019 4824 ἕως
1051 4759 1174 4814 Νῶε
1196 4760 1290 4828 ἐτη
1317 4754 1500 4830 ,βσξβζ
1533 4755 1663 4809 Ἀπὸ
1686 4754 1778 4807 τοῦ
1808 4753 1931 4807 Νῶε

348 4854 458 4917 ἓως
498 4853 752 4924 Ἀδραὰμ
800 4852 892 4924 ἐτη
948 4850 1086 4916 ,αιε’.
1124 4853 1256 4905 Ἀπὸ
1294 4850 1544 4922 Ἀϐραὰμ
1577 4850 1681 4913 ἕως
1716 4849 1930 4916 Ἐξόδου

350 4949 449 5015 ἔτη
488 4949 586 5002 υλ’.
660 4947 791 5001 ’Λπὸ
853 4947 1063 5013 Ἐξόδου
1115 4947 1218 5009 ἕως
1262 4946 1479 5016 Κριτῶν
1528 4945 1623 5013 ἔτη
1659 4940 1757 5011 [ιε’.
1798 4942 1932 4996 Ἀπὸ

351 5040 575 5111 Κριτῶν
600 5041 704 5103 ἕως
758 5040 905 5093 Ἠλεὶ
931 5040 1021 5093 καὶ
1074 5038 1329 5110 Σαμουὴλ
1383 5037 1475 5106 ἔτη
1507 5034 1616 5103 υι,’.
1663 5035 1793 5087 Ἀπὸ
1826 5035 1933 5087 Σα-

353 5133 531 5203 μουὴλ
566 5133 671 5196 ἕως
719 5133 894 5205 ἀρχῆς
931 5132 1207 5203 βασιλείας
1236 5133 1331 5201 ἔτη
1387 5134 1455 5197 l".
1498 5129 1788 5185 Βασιλειῶν
1823 5128 1928 5191 ἕως

349 5222 733 5293 αἰχμαλωσίας
788 5222 917 5276 λαοῦ
964 5221 1059 5293 ἐτη
1110 5227 1218 5289 UL].
1255 5220 1542 5283 Βασιλείας
1600 5218 1928 5275 Μακεδόνων

351 5315 449 5385 ἔτη
498 5314 543 5366 τ’
612 5317 717 5378 ἕως
777 5315 1303 5378 ὀκτωκαιδεκαετοῦς
1367 5315 1682 5367 ὐκταουὲου
1726 5312 1933 5380 Αὐγού-

354 5424 508 5461 στου.
555 5407 613 5459 '0
646 5407 703 5460 δὲ
736 5408 939 5479 Κύριος
974 5408 1130 5479 ἡμῶν
1182 5406 1386 5477 Ἰησοῦς
1415 5406 1647 5476 Χριστὸς
1675 5406 1931 5471 γεννᾶται

352 5502 417 5554 ὲν
435 5500 681 5572 Βηθλεὲμ
708 5500 805 5570 τῆς
839 5499 1113 5565 Ἰουδαίας,
1133 5500 1190 5553 ἐν
1209 5500 1320 5554 ἔτει
1354 5505 1442 5568 μγ¹
1487 5500 1585 5569 τῆς
1620 5497 1931 5551 Ὀκταουίου

434 5684 478 5717 ⁸⁸
508 5682 669 5737 Rom.
705 5699 784 5737 ιι.

437 5841 547 5913 (96)
573 5841 1014 5913 Ἐπιγράφοιντο,
1045 5838 1127 5894 ch
1167 5835 1578 5907 ἐπιγράφονται.

2024 3243 2167 3311 quod
2217 3258 2281 3297 ex
2332 3243 2434 3297 ﬁde
2474 3257 2581 3296 non
2618 3243 2746 3297 sint.
2794 3242 3091 3299 Venturum
3143 3247 3542 3305 Antichristum
3581 3268 3599 3308 :

2023 3332 2374 3389 Antichrislis
2410 3334 2618 3389 vocatis
2654 3335 2722 3389 ab
2769 3351 2833 3389 eo
2863 3338 3024 3392 etiam
3059 3338 3332 3395 haereticis
3361 3357 3602 3411 praesen.

2023 3426 2190 3491 tibus,
2221 3426 2313 3495 qui
2348 3427 2565 3496 quidem
2603 3436 2731 3481 sunt
2765 3428 2937 3484 multi.
2970 3428 3028 3483 In
3070 3445 3169 3484 sua
3199 3445 3417 3501 quoque
3454 3433 3605 3502 Apo-

2024 3517 2224 3588 calypsi
2256 3519 2459 3572 audivit
2488 3519 2555 3573 de
2595 3528 2801 3588 septem
2840 3520 3012 3590 plagis
3048 3523 3250 3578 mundo
3274 3524 3595 3579 obventuris

2024 3618 2149 3661 ante
2182 3607 2381 3661 Christi
2428 3611 2740 3667 adventum.
2781 3608 3083 3665 Ecclesiam
3126 3628 3154 3666 a
3186 3613 3446 3677 dracone,
3478 3615 3601 3669 dia-

2025 3699 2149 3755 bolo
2178 3700 2404 3765 scilicet,
2434 3702 2486 3754 in
2542 3702 2813 3757 desertum
2874 3706 3304 3772 persecutionem
3346 3708 3603 3775 laturam,

2027 3791 2343 3847 infundente
2386 3793 2436 3848 ei
2477 3792 2678 3849 ﬂumen
2727 3810 2790 3848 ex
2823 3811 2919 3850 ore
2943 3812 3043 3850 suo
3070 3798 3213 3851 illam
3244 3798 3547 3855 inundaute
3587 3816 3603 3855 :

2025 3882 2170 3952 quod
2208 3882 2383 3937 innuit
2427 3883 2685 3953 impetum
2718 3894 2904 3938 contra
2943 3888 3087 3940 illam
3115 3887 3184 3939 ab
3227 3887 3526 3943 hseresibus
3549 3898 3604 3943 et

2024 3977 2360 4031 Antichristo
2388 3978 2819 4048 provenientem.
2849 3979 3136 4033 Dominum
3163 3984 3444 4049 repentino
3472 3998 3604 4036 ven-

2028 4075 2207 4120 turutu
2247 4082 2371 4121 cum
2414 4068 2622 4123 etnlesti
2653 4069 2892 4122 exercitu
2933 4086 3053 4136 suo,
3084 4070 3150 4123 ad
3188 4071 3487 4128 faciendam
3520 4072 3604 4127 in~

2026 4158 2392 4211 terneciouem
2424 4158 2739 4229 impietatis,
2764 4160 3114 4229 dandumque
3136 4165 3346 4217 sanctis
3372 4179 3603 4233 regnum

2027 4260 2290 4305 azternum

2100 4540 2253 4597 CAP.
2289 4540 2398 4597 CL.
2428 4504 2514 4582 -ο
2540 4539 2678 4605 Quot
2730 4555 2857 4592 (tum
2888 4548 3007 4591 sunt
3043 4555 3074 4591 a
3110 4545 3373 4589 creatione
3420 4536 3605 4589 mundi

2404 4628 2566 4683 usque
2597 4612 2665 4663 ad
2701 4611 2896 4663 Christi
2932 4614 3231 4661 adventum.

2102 4749 2183 4803 Ab
2218 4748 2387 4802 Adam
2422 4746 2487 4800 ad
2518 4743 2651 4811 Noe,
2684 4752 2813 4799 sunt
2847 4742 2975 4796 anui
3010 4756 3285 4795 uuccuu.
3319 4740 3360 4794 Α
3392 4737 3504 4794 Noe
3540 4740 3604 4793 al

2030 4843 2330 4903 Abraham,
2370 4841 2496 4894 anni
2537 4855 2667 4893 uxv.
2698 4838 2779 4890 Ab
2802 4835 3078 4889 Abraham
3107 4834 3172 4887 ad
3204 4833 3443 4900 Exitum,
3477 4833 3605 4887 anui

2031 4952 2292 4992 ccccxxx.
2348 4936 2430 4987 Ab
2486 4932 2648 4987 Exitu
2686 4944 2857 4999 usque
2900 4927 2965 4982 ad
3004 4926 3245 4992 Indices,
3297 4929 3424 4980 anni
3484 4942 3604 4981 xor.

2040 5030 2122 5084 Ab
2154 5026 2441 5081 Iudicibus
2476 5038 2647 5092 usque
2692 5023 2757 5075 ad
2801 5020 2913 5073 lltli
2961 5028 3015 5073 et
3058 5018 3299 5079 Samuel,
3342 5017 3466 5070 anni
3514 5032 3607 5071 κο.

2039 5122 2121 5177 Ab
2174 5118 2394 5174 Samuel
2446 5132 2620 5186 usque
2650 5114 2715 5168 ad
2765 5113 2917 5167 initia
2968 5111 3141 5180 regni,
3175 5110 3301 5163 anni
3352 5109 3606 5163 )C.Anni

2039 5228 2327 5287 regnorum
2362 5226 2533 5279 usque
2570 5209 2634 5263 ad
2673 5206 3039 5277 captivitatem
3082 5204 3280 5273 populi.
3325 5210 3455 5257 sunt
3516 5216 3604 5253 λυ.

2042 5308 2215 5377 Itegni
2253 5306 2631 5364 Macedonum,
2668 5299 2793 5354 anni
2857 5314 2972 5364 ccc,
3016 5312 3187 5366 usque
3230 5297 3295 5350 ad
3336 5294 3606 5347 decimum

2038 5411 2288 5455 octavum
2321 5412 2523 5450 annum
2559 5392 2767 5449 Octavii
2802 5388 3051 5459 Augusti.
3087 5390 3154 5441 At
3199 5386 3461 5439 Dominus
3511 5400 3606 5436 no-

2041 5502 2151 5551 ster
2183 5491 2343 5547 Iesus
2372 5488 2623 5545 Christus
2660 5483 2903 5539 nascitur
2947 5481 3000 5535 in
3033 5478 3341 5535 Bctblcliem
3382 5475 3609 5543 Judazae,
