4032 6640
401 446 501 512 167

1957 417 2258 482 JOSEPPI

3562 398 3663 464 168

404 574 551 616 anno
583 570 711 611 mu
743 550 956 623 imperii
979 545 1216 611 Octavii,
1249 544 1322 599 ita
1345 549 1406 597 ut
1433 539 1541 596 sint
1580 535 1674 592 alii
1692 532 1821 589 armi
1852 547 1978 587 xxv.
2013 590 2014 594 η

2124 526 2388 590 ασιλείας,
2421 524 2495 587 ὡς
2533 517 2672 576 εἶναι
2729 518 2864 573 ἄλλα
2893 518 2987 588 ἐτη
3031 515 3126 571 κε’.
3171 513 3338 584 Ὁμοῦ
3381 511 3436 565 δὲ
3486 511 3663 566 πάντα

398 649 706 710 Universim
748 645 1082 714 colliguntur
1115 639 1186 694 ab
1220 636 1392 692 Adam
1427 633 1492 688 ad
1544 626 1843 686 Salvatoris
1877 641 1975 679 ua-

399 747 661 800 ti‘vitatem
697 738 826 796 anni
864 750 1115 792 ιιιιιιιιιιυ.

399 861 549 918 CAP.
588 857 718 912 CLI.
751 881 821 894 —-
863 853 1002 918 Quot
1061 848 1310 921 quibusve
1366 839 1665 921 norninib‘us
1704 835 1978 921 .pradixe:

473 908 839 983 eunti—sancta,
867 908 1175 991 WScripturte
1226 917 1520 972 rocandum
1562 910 1844 964 Dominum
1888 908 1977 958 ubi

472 1005 610 1056 inter
641 999 872 1051 homines
904 993 1258 1063 apparuisset.

478 1117 682 1188 Moyses
713 1112 1034 1183 prophetam
1071 1121 1195 1162 eum
1233 1113 1424 1158 vocat:
1460 1098 1527 1152 Et
1558 1095 1866 1164 prophetam
1893 1106 1982 1144 vo-

407 1212 484 1265 bis
514 1209 766 1264 excitabit
809 1204 1090 1265 Dominus,
1125 1200 1398 1268 inquiens,
1439 1209 1503 1246 ea:
1535 1189 1700 1255 vobis,
1730 1197 1785 1241 ut
1827 1203 1928 1240 me.

484 1393 648 1448 Vates
696 1388 777 1442 vel
816 1387 1017 1439 invitus
1064 1379 1313 1451 praedixit
1342 1393 1466 1432 cum
1509 1372 1721 1429 stellam
1765 1368 1984 1440 appari-

409 1496 588 1539 turum
618 1498 635 1536 :
676 1481 912 1541 Orietnr,
944 1475 1216 1546 inquiens,
1246 1471 1399 1525 stella
1431 1470 1486 1522 in
1514 1465 1703 1521 Iacob.

481 1656 710 1726 Angelus
750 1655 1116 1722 interrogatus
1158 1663 1188 1700 a
1225 1647 1418 1700 Manoe
1463 1641 1678 1711 judice,
1712 1637 1988 1707 quodnam

411 1725 635 1804 vocaret
663 1762 858 1802 ιιυιιιριι
892 1745 988 1798 visi
1024 1740 1342 1802 Salvatoris,
1389 1735 1561 1806 inquit
1587 1733 1651 1787 ad
1689 1731 1836 1784 illum
1873 1747 1885 1782 :
1922 1725 1991 1779 Ut

413 1844 536 1916 quid
568 1842 864 1908 interrogas
894 1850 1078 1888 nomen
1113 1831 1323 1885 meum?
1348 1839 1395 1883 et
1415 1830 1586 1898 ipsum
1619 1833 1694 1878 est
1729 1818 1985 1875 mirabile.

488 2013 658 2068 David
694 2009 972 2066 Christum
1023 2003 1440 2076 praenominavit
1488 2000 1638 2054 illum
1688 1998 1741 2050 in
1788 1993 1990 2064 psalmc-

417 2105 687 2162 secundo:
739 2111 793 2157 et
839 2101 892 2154 in
930 2116 1018 2161 xv.
1072 2101 1380 2152 Sanctum:
1417 2093 1469 2146 in
1531 2105 1666 2145 χχιιι
1707 2087 1997 2142 Dominum

416 2199 682 2250 virtutum
713 2202 765 2247 et
797 2206 975 2261 regem
1009 2189 1192 2260 glorise
1222 2204 1234 2240 :
1271 2187 1324 2239 in
1361 2199 1510 2239 xxvii
1545 2190 1726 2236 autem
1763 2178 1995 2235 Verbum

419 2288 536 2353 Dei,
574 2285 716 2356 quod
749 2284 918 2338 caelos
969 2279 1226 2335 firmavit.
1270 2279 1325 2331 In
1375 2292 1524 2340 XLIV,
1571 2275 1740 2328 Deum
1775 2279 1998 2325 unctum

420 2393 515 2447 per
549 2375 896 2430 dilectionem
943 2369 1171 2440 justitia:
1197 2408 1212 2434 ,
1248 2375 1303 2420 et
1335 2367 1520 2419 odium
1573 2362 1899 2432 iniquitatis.
1941 2357 1998 2412 lu

421 2485 614 2530 λινιιι,
649 2465 922 2521 hominem
955 2462 1379 2530 redemptorem,
1422 2466 1477 2511 at
1509 2472 1615 2511 non
1648 2456 1869 2509 fratrem
1905 2453 2004 2506 bo-

425 2562 653 2626 minum.
696 2554 753 2609 In
784 2569 930 2608 vau
963 2561 1180 2615 autem,
1223 2548 1331 2603 lter
1358 2550 1552 2617 tacite,
1588 2548 1783 2617 inquit,
1822 2545 1868 2600 ei
1919 2544 2007 2614 qui

427 2651 663 2704 ascendit
690 2648 743 2700 in
768 2647 957 2700 caelum
987 2642 1100 2696 caeli
1122 2642 1193 2695 ad
1219 2642 1472 2696 orientem
1495 2655 1512 2694 :
1536 2639 1797 2693 Dominus
1824 2653 2008 2691 nomen

426 2744 494 2796 ei.
526 2740 684 2807 Quod
714 2738 941 2809 Aquilus
981 2736 1151 2789 edidit
1185 2750 1278 2804 per
1311 2733 1418 2786 Jalt
1452 2732 1737 2803 appellatio
1768 2731 1911 2785 illius
1933 2730 2000 2785 ⁸⁸.

429 2834 496 2888 Et
537 2835 590 2888 in
625 2848 778 2896 an,
832 2829 1158 2885 vaticinatus
1186 2826 1343 2889 fore,
1390 2835 1450 2879 ut
1498 2841 1722 2894 regnum
1765 2824 1912 2878 illius
1959 2832 2013 2878 et

429 2928 638 2999 justum
671 2924 936 2993 judicium
968 2920 1429 2974 manifestandum
1465 2920 1626 2980 foret,
1662 2917 2012 2973 Salomonem

431 3021 583 3075 illum
634 3016 1020 3088 appellandum
1087 3012 1256 3067 fuisse
1306 3012 1361 3065 in
1416 3012 1574 3065 titulo
1614 3011 1811 3079 posuit.
1870 3008 2013 3076 Quin

432 3113 540 3166 imo
567 3109 765 3165 alicubi
789 3109 970 3164 lumen
1003 3108 1165 3163 etiam
1202 3115 1256 3160 et
1275 3106 1555 3161 veritatem
1592 3105 1730 3160 dixit
1769 3122 1782 3158 :
1819 3104 2016 3160 Emitte

431 3205 608 3259 (tamen
641 3216 787 3256 tuum
825 3211 875 3256 et
907 3203 1177 3256 veritatem
1213 3209 1357 3253 tuam
1383 3199 1452 3254 ”.
1489 3200 1556 3254 Et
1588 3199 1696 3253 alio
1732 3199 1873 3262 loco,
1905 3195 2018 3250 La-

2085 621 2378 688 συνάγεται
2407 616 2500 670 ἐπὶ
2520 615 2625 686 τὴν
2653 611 2748 667 τοῦ
2801 611 3051 681 Σωτῆρος
3079 609 3332 678 γέννησιν
3357 604 3465 660 ἀπὸ
3499 603 3666 674 Ἀδὰμ

2087 715 2178 782 ἔτη
2205 710 2297 781 se
2325 711 2458 784 (57)-

2088 829 2342 883 ΚΕΦΑΛ.
2400 825 2574 879 PNA’.
2628 855 2696 866 —
2749 821 2969 884 Πόσσις
3023 815 3122 870 καί
3175 814 3368 884 ποίοις
3419 814 3670 881 ὀνόμασι

2158 897 2595 966 προηγορεύετο
2621 893 2720 966 διὰ
2757 891 2876 944 τῶν
2900 883 3085 966 airle
3125 883 3381 966 Γραφιῦγ
3405 887 3436 937 ὀ
3459 885 3670 966 ιιξύριος

2157 954 2228 1022 ἐῖθ
2249 954 2588 1034 duim-(imam
2623 954 3124 1033 spgaarnddjteroc
3161 954 3598 1023 κληθήσεσθαι.

2161 1079 2422 1147 Μωῢσῆς
2450 1078 2737 1151 προφήτην
2772 1074 2934 1128 αὑτὸν
2989 1072 3160 1134 καλεῖ,
3217 1068 3322 1122 Kal
3359 1065 3673 1134 προφήτην

2092 1178 2236 1248 ὑμῖν
2261 1175 2598 1242 ἀναστήσει
2630 1174 2862 1240 Κύριος.
2897 1169 3093 1235 λέγων,
3122 1167 3190 1218 ἐκ
3221 1165 3335 1216 τῶν
3362 1160 3548 1232 ὑμῶν,
3595 1161 3674 1226 ὠς

2093 1271 2218 1341 ἐμέ.

2174 1364 2234 1416 '0
2294 1361 2503 1432 μάντης
2554 1359 2704 1412 ἄκων
2765 1355 2963 1424 ἄστρον
3011 1353 3173 1406 αὑτὸν
3228 1348 3677 1418 ἁναφανὴσεσθαι

2095 1455 2522 1527 προηγόρευσεν,
2569 1445 2891 1511 Ἀνατελεῑ,
2949 1444 3145 1512 λέγων,
3175 1442 3402 1509 ἄστρον
3453 1441 3524 1493 ἐν
3562 1441 3680 1494 Ἰα-

2097 1551 2234 1602 rabo“.

2183 1642 2246 1694 '0
2279 1640 2535 1710 ἅγγελος
2555 1633 2910 1706 ἐρωτώμενος
2945 1630 3051 1685 ὑπὸ
3078 1630 3275 1684 Μανωὲ
3323 1628 3418 1681 τοῦ
3463 1630 3678 1699 κριτοῦ,

2101 1738 2154 1790 τί
2182 1737 2243 1790 τὸ
2286 1736 2460 1804 ὄνομα
2517 1732 2738 1787 καλεσει
2781 1730 2876 1784 τοῦ
2925 1728 3348 1798 ἐπιφαινομένου
3406 1727 3680 1795 Σωτῆρος,

2106 1833 2240 1901 φησι
2269 1830 2406 1901 πρὸς
2437 1828 2596 1881 αὐτόν
2613 1843 2625 1858 ·
2646 1828 2769 1880 ἰνα
2797 1825 2853 1878 τί
2869 1823 3087 1892 ἐρωτᾷς
3105 1823 3170 1875 τὸ
3195 1821 3382 1890 ὄνομά
3399 1837 3550 1890 μου;
3581 1821 3684 1873 καί

2033 1933 2072 1986 Β
2102 1925 2250 1976 αὐτό
2275 1923 2406 1974 ἐστι
2429 1919 2800 1988 θαυμαστόν.

2176 2013 2351 2067 Δαόὶδ
2396 2011 2631 2082 Χριστὸν
2684 2010 2847 2063 αὑτὸν
2885 2012 3145 2077 προεῖπεν
3195 2008 3251 2060 ἐν
3283 2003 3687 2075 δευτέρῳψαλ-

2106 2107 2191 2177 μῷ
2211 2121 2227 2136 ·
2259 2108 2316 2158 ὲν
2337 2105 2391 2158 δὲ
2423 2102 2507 2168 ιε’,
2533 2104 2722 2156 Ὅσιον
2743 2119 2756 2133 ·
2788 2103 2844 2154 ὲν
2872 2108 2978 2170 κγ¹,
3014 2101 3216 2169 Κύριον
3251 2098 3360 2151 τῶν
3381 2097 3684 2167 δυνάμεων,

2101 2203 2194 2253 καὶ
2215 2197 2438 2268 βασιλέα
2489 2196 2586 2265 τῆς
2613 2195 2770 2263 δόξης
2795 2210 2808 2224 ·
2849 2196 2906 2246 ὲν
2946 2194 3002 2246 δὲ
3051 2190 3159 2261 λβ¹,
3195 2191 3366 2258 Λόγον
3391 2189 3526 2242 Θεοῦ
3561 2190 3690 2250 τοὺς

2104 2291 2372 2362 οὐρανοὺς
2425 2288 2839 2360 στερεώσαντα·
2883 2289 2942 2340 ὲν
2979 2283 3085 2355 μδ¹,
3138 2285 3271 2338 θεὸν
3312 2284 3598 2355 χριόμενον
3621 2281 3690 2335 δι’

2105 2385 2326 2452 ἀγάπην
2349 2381 2694 2450 δικαιοσύνης
2713 2381 2808 2434 καὶ
2826 2381 3056 2450 ἀνομίας
3073 2381 3226 2448 μῖσος
3247 2393 3261 2408 ·
3282 2379 3339 2429 ἐν
3357 2382 3466 2447 μην,
3481 2374 3694 2444 ἄνθρω-

2108 2495 2207 2529 πον
2234 2477 2533 2547 λυτρωτὴν,
2561 2475 2680 2528 ἀλλ’
2701 2475 2804 2527 οὐκ
2822 2472 3049 2541 ἀδελφὺν
3076 2470 3406 2542 ἀνθρώπων⁸
3433 2473 3490 2522 ὲν
3513 2469 3570 2522 δὲ
3593 2465 3668 2532 ξζ⁹
3675 2479 3693 2496 ⁸

2119 2569 2734 2639 Ὀδοποιήσατε,φησὶ,
2774 2567 2854 2632 τῷ
2887 2565 3258 2632 ἑπιόεόηκότι
3286 2564 3393 2617 τὸν
3432 2562 3696 2629 οἰιοανὸν

2109 2663 2216 2717 τοῦ
2243 2659 2504 2731 οὐρανοῦ
2534 2660 2686 2714 κατὰ
2715 2658 3020 2724 ἀνατολάς
3040 2673 3056 2690 ο
3097 2657 3314 2725 Κύριος
3350 2654 3536 2723 ὄνομα
3583 2654 3694 2706 αὑ-

2110 2754 2211 2820 τῷ.
2246 2755 2422 2823 Ὅπερ
2447 2754 2476 2806 ὁ
2504 2751 2734 2816 Ἀκύλας
2766 2751 2996 2819 ἐξέδωκε
3017 2749 3107 2802 διὰ
3145 2747 3263 2814 τοῦ,
3311 2748 3387 2801 Ἰὰ
3417 2747 3455 2815 ἠ
3481 2746 3698 2814 ὀνομαο

2113 2847 2218 2900 σία
2243 2847 2450 2901 αὑτοῦ.
2502 2845 2591 2899 Ἐν
2612 2846 2669 2900 δὲ
2688 2846 2789 2909 οαθ,
2819 2845 2919 2915 τὴν
2949 2841 3229 2915 βασιλείαν
3259 2839 3447 2907 αὐτοῦ,
3476 2840 3572 2892 καὶ
3597 2840 3699 2907 τὴν

2113 2937 2328 2993 δικαίαν
2356 2939 2538 3009 κρίσιν
2586 2937 2950 3010 ἐμφαίνεσθαι
2981 2933 3365 3008 προφητεύων,
3397 2931 3700 2999 Σαλομῶνα

2115 3031 2278 3084 αὑτὸν
2308 3030 2607 3102 κεκλῆσθαι
2634 3029 2936 3099 ἐπέγραψε.
2968 3029 3088 3091 Φῶς
3112 3026 3168 3080 δὲ
3193 3026 3287 3080 καὶ
3313 3024 3570 3096 ἀλήθειαν
3600 3025 3700 3077 ἁλ-

2116 3122 2282 3193 λαχοῦ
2308 3123 2371 3176 τέ
2421 3140 2587 3194 φησιν
2607 3139 2620 3152 ’
2666 3122 3137 3187 Ἐξαπόστειλον
3167 3120 3236 3174 τὸ
3265 3117 3391 3188 φῶς
3431 3133 3569 3183 σου,
3600 3116 3700 3170 καὶ

2121 3214 2236 3284 τὴν
2285 3213 2576 3282 ἀλήθειάν
2608 3231 2760 3270 σου·
2819 3216 2912 3268 καὶ
2957 3217 3015 3267 ὲν
3063 3213 3230 3284 ἄλλῳ,
3262 3211 3408 3265 λίθον
3451 3210 3704 3265 ἀποδεδο-

432 3297 606 3366 pidem
642 3295 1002 3361 reprobatum,
1039 3293 1130 3364 qui
1171 3293 1382 3364 quidem
1429 3292 1606 3363 factus
1649 3292 1720 3346 sit
1773 3291 1826 3346 in
1859 3298 2014 3357 caput

2125 3311 2485 3382 κιμασμὲνον,
2518 3311 2612 3366 καὶ
2655 3310 2844 3364 τοῦτον
2870 3309 3163 3380 γενόμενον
3188 3309 3268 3371 εἰς
3297 3307 3540 3376 κεφαλὴν
3587 3323 3702 3374 γω-

435 3387 617 3458 anguli
644 3387 712 3441 ⁸⁸.
759 3385 903 3454 Quin
950 3395 1005 3441 et
1053 3385 1146 3441 Dei
1181 3385 1502 3455 sapientiam
1533 3381 1784 3453 pranlixil
1818 3381 1969 3435 illum
2001 3398 2016 3435 :

443 3479 720 3544 Universa,
755 3479 1030 3548 inquiens,
1066 3481 1119 3531 in
1151 3479 1414 3546 sapientia
1445 3476 1636 3546 fecisti.

509 3575 576 3629 Et
607 3575 659 3629 in
693 3575 918 3630 Canti-co
939 3575 1280 3630 canticorum
1305 3571 1554 3627 Salomon
1574 3583 1837 3639 sponsum
1869 3567 2020 3621 illum

441 3666 797 3737 nuncupavit,
825 3676 881 3720 et
913 3664 1238 3729 fratrcm,et
1269 3662 1452 3717 fratris
1507 3661 1700 3726 filium,
1725 3669 1778 3714 et
1804 3659 2021 3712 botrmu

441 3759 844 3826 ﬂorescentem,
898 3757 1088 3812 ﬂorem
1117 3755 1319 3825 campi,
1356 3755 1559 3809 malum
1605 3755 1745 3807 inter
1777 3751 2019 3810 arbores.

443 3851 735 3907 salientem
786 3851 840 3905 in
898 3859 1140 3916 montes,
1177 3849 1378 3912 album,
1427 3847 1656 3910 fulvum,
1693 3845 1927 3900 electum
1958 3858 2022 3898 ex

441 3945 628 4001 decem
658 3945 919 4011 millibus,
953 3945 1318 4006 Salomonem,
1351 3944 1566 3996 ducem.

523 4038 660 4092 Etin
693 4039 844 4092 libris
870 4038 990 4107 ejus
1021 4036 1459 4106 sapientialibus,
1489 4033 1619 4090 dicit
1643 4048 1768 4088 eum
1802 4030 2023 4096 Eithiel,

449 4131 594 4202 quod
625 4141 726 4195 est,
762 4130 988 4199 aequalis
1019 4129 1148 4184 Deo.
1182 4127 1380 4182 Filium
1409 4128 1538 4183 item
1569 4125 1663 4180 Dei
1699 4144 1714 4182 :
1756 4125 1846 4180 Ait
1877 4122 2023 4178 enim

449 4229 530 4280 vir
563 4223 797 4278 Eitltieli.
820 4222 888 4278 Et
926 4223 1121 4277 iterum
1152 4239 1166 4276 ι
1197 4221 1350 4288 Quod
1381 4237 1569 4276 nomen
1587 4220 1701 4289 ﬁlio
1732 4218 1844 4289 ejus
1872 4215 1958 4270 9'?

527 4402 702 4457 Isaias
736 4410 916 4456 autem
948 4401 1284 4457 nasciturum
1320 4417 1442 4456 eum
1489 4417 1558 4457 ex
1581 4401 1794 4471 virgine
1831 4400 2028 4470 praedi-

451 4508 610 4559 cens,
659 4491 982 4546 Emmanuel
1016 4491 1193 4561 ipsum
1239 4493 1545 4547 vocandum
1579 4492 1676 4546 ait.
1717 4489 1781 4546 Et
1829 4491 2026 4544 iterum

454 4587 579 4640 aliis
617 4585 931 4640 nominibus
959 4595 1147 4638 natum
1178 4585 1486 4656 appellavit.
1513 4583 1677 4650 Voca,
1712 4585 1908 4654 inquit,
1935 4602 2030 4639 no-

2129 3404 2280 3468 νίαςο
2311 3403 2406 3458 καὶ
2437 3403 2628 3472 σοφίαν
2664 3403 2798 3456 Θεοῦ
2844 3404 3104 3473 προεῖπεν
3135 3400 3318 3464 αὐτὸν,
3351 3398 3571 3463 Πάντα,
3615 3397 3706 3450 λέ-

2130 3514 2263 3566 γων,
2288 3497 2358 3549 ὲν
2382 3496 2570 3564 σοφίᾳ
2601 3495 2915 3561 ἐποίησας.

2213 3589 2300 3642 Ἑν
2325 3588 2382 3641 δὲ
2399 3589 2477 3659 τῷ
2502 3587 2744 3658 ’ᾼσματι
2773 3588 2880 3640 τῶν
2909 3585 3168 3658 ᾀσμάτων
3201 3587 3232 3639 ό
3254 3581 3543 3652 Σαλομῶν
3563 3599 3625 3634 νυ
3636 3597 3708 3650 μο

2133 3678 2253 3746 φίον
2291 3678 2454 3732 αὐτὸν
2506 3677 2764 3747 κέκληκε,
2819 3677 2915 3731 καὶ
2964 3677 3210 3744 ἀδελφὸν,
3251 3675 3348 3730 καὶ⁵
3401 3673 3709 3743 ἀδελφιδδν,

2133 3771 2228 3824 καὶ
2260 3769 2455 3841 βότρυν
2485 3770 2842 3842 κυπρίζοντα.
2875 3769 3033 3832 ἄνθος
3079 3771 3283 3833 πεδίου,
3323 3767 3490 3838 μῆλον
3523 3769 3580 3821 ὲν
3613 3765 3710 3832 ξύ-

2127 3861 2266 3926 λοις,
2324 3861 2577 3931 πηδῶντα
2621 3861 2715 3914 ἐπὶ
2768 3861 2838 3915 τὰ
2881 3859 3005 3932 ὄρη,
3035 3860 3246 3924 λευκὸν,
3274 3859 3502 3930 πυρῥὺν,
3551 3857 3709 3911 ἐκλε-

2133 3953 2395 4024 λεγμένον
2425 3953 2532 4006 ἀπὸ
2565 3952 2860 4024 μυριάδων,
2896 3951 3214 4021 Σαλομῶνα,
3247 3951 3568 4020 ἡγούμενον.

2219 4045 2306 4098 Ἑν
2328 4043 2385 4096 δὲ
2413 4045 2524 4108 τοῖς
2544 4045 2728 4112 σοφοῖς
2751 4041 2918 4097 αὐτοῦ
2948 4041 3151 4109 λόγοις,
3174 4040 3384 4107 meum
3415 4039 3577 4094 αὐτὸν
3611 4056 3710 4092 κα-

2134 4136 2235 4199 λεῖ,
2269 4137 2296 4190 ὅ
2330 4137 2474 4190 ἐστιν
2524 4137 2638 4200 ἴσος
2677 4135 2796 4206 Θεῷ
2821 4151 2836 4166 ο
2878 4134 2976 4188 καὶ
3019 4135 3146 4188 Υίδν
3199 4132 3334 4186 Θεοῦ
3357 4150 3368 4160 ·
3405 4131 3562 4200 Φησὶ
3601 4129 3712 4202 γὰρ

2134 4228 2290 4296 ἀνὴρ
2339 4227 2418 4294 τῷ
2462 4227 2706 4296 Είθιήλο
2762 4227 2858 4282 καὶ
2894 4226 3090 4282 πάλιν
3146 4227 3207 4282 Τί
3257 4225 3447 4295 ὄνομα
3481 4221 3561 4289 τῷ
3600 4223 3714 4290 υἱῷ

2135 4320 2359 4383 αὺτοῦ;

2220 4413 2461 4479 Ἡσαΐας
2494 4412 2551 4466 δὲ
2579 4414 2898 4484 τικτόμενον
2919 4411 3080 4468 αὐτὸν
3112 4415 3174 4466 ὲκ
3206 4409 3478 4482 παρθένου
3499 4425 3715 4480 προκη-

2141 4505 2370 4576 ρύττων,
2416 4505 2769 4576 Ἐμμανουὴλ
2799 4505 2961 4559 αὑτὸν
2990 4504 3275 4560 καλεῖσθαι
3305 4503 3433 4574 ἔφη.
3469 4503 3578 4556 Καὶ
3605 4501 3713 4554 πά-

2139 4598 2222 4651 λιν
2256 4598 2433 4661 met;
2481 4598 2710 4668 ὀνόμασι
2761 4599 3018 4670 τεχθέντα
3051 4597 3488 4669 προσηγόρευσε.
3519 4594 3713 4650 Κάλε-

459 4695 576 4732 men
597 4677 864 4748 ejus,Cito
890 4677 1168 4732 manubias
1191 4677 1396 4747 collige,
1420 4680 1726 4747 festinanter
1745 4679 2012 4750 praedator

2139 4702 2274 4751 σον,
2311 4688 2467 4759 φησι,
2493 4688 2559 4741 τὸ
2589 4687 2776 4758 ὄνομα
2825 4690 3039 4753 αὑτοῦ,
3077 4689 3308 4756 Ταχέως
3338 4689 3715 4746 σκύλευσον,

458 4775 536 4825 Ac
571 4785 788 4824 rursum
813 4809 828 4834 ,
861 4777 1049 4824 uatum
1088 4770 1141 4824 in
1189 4768 1404 4840 signum
1453 4770 1642 4826 salutis
1675 4772 1864 4827 mundi
1899 4788 2033 4843 pue-

461 4878 606 4927 rum,
636 4864 818 4917 vocari
850 4863 989 4916 dixit
1037 4863 1216 4933 magni
1249 4863 1460 4916 consilii
1486 4864 1756 4934 angelum,
1801 4867 2038 4918 admira-

461 4954 640 5017 bilem,
675 4955 1060 5017 consiliarium,
1088 4964 1355 5008 auctorem
1378 4954 1543 5024 pacis,
1577 4965 1835 5022 potestate
1866 4958 2040 5010 valen-

460 5055 587 5111 tem,
627 5045 786 5100 Deum
816 5047 1027 5116 fortem,
1051 5056 1257 5116 patrem
1276 5048 1442 5116 tutari
1473 5047 1655 5102 swculi
1683 5047 1750 5100 ”.
1773 5045 2034 5117 Itemque,

464 5139 704 5192 animam
744 5153 843 5210 pro
874 5139 1042 5192 nihilo
1087 5151 1389 5212 reputatam
1411 5183 1424 5204 ,
1457 5141 1882 5196 abominabilem
1909 5157 2040 5211 gen-

465 5234 554 5299 tis,
595 5249 812 5288 servum
848 5243 1172 5302 p0testatem
1209 5236 1596 5301 obtinentium,
1627 5252 1806 5302 ovem,
1837 5251 2036 5307 agnum

467 5327 876 5389 subrummum.
911 5328 1148 5384 radicem
1179 5330 1247 5384 de
1273 5339 1413 5384 terra
1448 5329 1614 5394 invia,
1648 5331 1856 5400 virgam
1892 5345 1924 5383 ο
1955 5345 2043 5382 ra-

469 5421 588 5475 dice
613 5417 803 5485 Jcssaa,
850 5419 1037 5477 ﬂorem
1069 5437 1101 5475 e
1133 5422 1315 5476 radice
1343 5423 1726 5478 ascendentem
1749 5462 1764 5486 ,
1812 5421 2044 5491 lapidem

471 5516 834 5584 probationis,
869 5515 1102 5587 lapidem
1128 5516 1464 5584 angularem,
1495 5517 1815 5586 pretiosum,
1848 5514 2050 5569 funda-

2145 4779 2327 4846 ὀξέως
2366 4780 2821 4848 προνόμευσονο
2851 4781 2947 4832 καὶ
2979 4779 3159 4845 πάλιν,
3186 4778 3245 4831 τὸ
3273 4776 3460 4846 τεχθὲν
3507 4774 3600 4827 ἐπὶ
3625 4787 3720 4842 ora

2147 4871 2286 4939 μείῳ
2337 4869 2436 4940 τῆς
2477 4868 2574 4922 τοῦ
2609 4868 2818 4938 κόσμου
2853 4867 3131 4939 σωτηρίας
3165 4865 3399 4927 παιδίον,
3437 4861 3721 4916 καλεῖσθαι

2144 4963 2248 5034 ἔφη
2269 4961 2536 5032 μεγάλης
2572 4959 2812 5031 βουλῆς
2858 4960 3133 5031 ἄγγελον,
3169 4957 3536 5028 θαυμαστὸν,
3569 4955 3722 5023 σύμ-

2146 5057 2386 5117 ϐουλον,
2440 5053 2703 5120 ἄρχοντα
2758 5051 3025 5122 εἰρήνης,
3076 5047 3508 5115 ἐξουσιαστὴν,
3576 5044 3720 5099 Θεὸν

2145 5146 2422 5216 ἰσχυρὸν,
2464 5147 2694 5215 Πατέρα
2725 5146 2830 5200 τοῦ
2860 5144 3194 5215 μέλλοντος
3224 5140 3440 5207 αἰῶνος
3462 5158 3476 5171 ο
3506 5139 3600 5193 καὶ
3628 5139 3717 5192 πά-

2146 5242 2250 5304 λιν,
2308 5238 2740 5309 ὲξουδενωμένην
2787 5239 2988 5308 ψυχὴν,
3021 5236 3307 5308 βδελυκτὺν
3351 5235 3558 5298 ἔθνους,
3598 5231 3724 5284 δοῦ-

2147 5333 2237 5386 λον
2281 5329 2720 5397 ὲξουσιαζόντων.
2769 5331 3064 5401 πρόΰατον,
3123 5329 3293 5401 ἀμνὸν
3347 5326 3722 5396 τυθιζόμενον,

2148 5423 2303 5494 ῥίζαν
2355 5422 2465 5476 ἀπὸ
2515 5423 2617 5492 γῆς
2671 5421 2893 5488 ἀόάτου,
2954 5423 3148 5495 ῥάϐδον
3193 5423 3257 5475 ὲκ
3296 5421 3451 5492 ῥίζης
3502 5418 3724 5482 Ἰεσσαὶ,

2147 5514 2309 5579 ἄνθος
2339 5514 2404 5567 ἐκ
2432 5516 2532 5586 τῆς
2565 5514 2718 5586 ῥίζης
2752 5515 2920 5582 ἀνιὸν,
2957 5515 3104 5568 λίθον
3143 5513 3553 5584 δοκιμαστικὺν,
3581 5511 3726 5564 λίθον

569 5683 590 5713 ⁹
631 5679 775 5735 Psal.
807 5695 972 5745 van,
1003 5679 1092 5735 3i.
1167 5681 1211 5713 9°
1243 5679 1384 5734 l’sal.
1432 5693 1565 5744 un,
1591 5677 1646 5732 5.
1721 5677 1763 5710 "
1792 5677 1936 5732 Psal.
1965 5691 2130 5742 cmi,
2157 5675 2247 5731 22.
2323 5678 2368 5709 "
2401 5674 2559 5732 Prov.
2585 5692 2716 5740 xxx,
2752 5675 2801 5740 l,
2837 5675 2890 5730 ι.
2967 5676 3014 5710 ⁸³
3044 5673 3146 5731 lsa.
3177 5693 3251 5733 ts.
3281 5676 3334 5741 6,

552 5836 663 5906 (57)
699 5833 803 5892 Nec
834 5840 1041 5892 numeri
1067 5841 1152 5894 hic
1177 5840 1285 5893 dati
1311 5839 1548 5893 efﬁciunt
1571 5836 1733 5893 modo
1754 5838 1915 5899 5500.
1945 5853 2044 5893 nec

481 5917 690 5962 tantum
746 5922 920 5962 annos
968 5909 1129 5992 5500,
1164 5910 1254 5966 sed
1301 5911 1460 5977 5308,
1515 5919 1834 5980 corriputant
1880 5910 2041 5981 vulgo

2151 5836 2348 5900 Graeci,
2381 5836 2480 5891 nisi
2507 5837 2560 5890 in
2588 5851 2695 5890 tera
2728 5835 2987 5890 historica
3013 5836 3278 5893 Africani.
3303 5836 3484 5903 Quare
3515 5841 3728 5894 numeri

2152 5909 2240 5965 hic
2265 5908 2506 5978 corrupti
2533 5908 2790 5964 censendi
2816 5918 2964 5962 sunt.
