4040 6644
295 462 379 525 Ῑῆτ)
1425 469 1793 532 LIBELLUS
1835 472 2338 536 MEMORIALIS.

3416 473 3514 537 1το

290 573 541 643 γωνιαῖον,
573 572 808 642 ἔντιμον,
865 573 1133 644 θεμέλιον.
1173 574 1284 629 Καὶ
1333 575 1492 630 πάλιν
1522 577 1637 643 φῶς
1669 577 1831 632 αὐτὸν

1952 593 2202 638 nentunt.
2234 585 2412 654 Atque
2442 583 2636 640 iterum
2663 584 2840 640 lucem
2869 583 3019 640 illum
3047 583 3280 654 appellat
3309 601 3324 638 :
3377 583 3517 640 Illu-

291 666 441 728 καλεῖ,
477 666 727 726 Φωτίζου
751 656 943 735 λέγων,
974 668 1366 738 Ἰερουσαλήμ
1385 685 1399 699 ⁸
1425 670 1555 738 ἣκει
1591 671 1701 741 γὰρ
1723 686 1841 727 σου

290 757 344 811 τὸ
362 755 500 826 φῶς,
543 758 642 811 καὶ
669 758 712 826 ιή
766 757 910 823 δόξα
939 760 1157 828 Κυρίου
1197 761 1294 813 ἐπὶ
1327 761 1401 813 σὲ
1453 762 1840 817 ἀνατέταλκε.

293 849 384 902 Καὶ
410 849 571 902 πάλιν
618 851 844 921 Σωτῆρα
871 853 1032 905 αὐτὸν
1060 853 1336 922 ὀνομάζει,
1373 854 1614 922 Εἴπατε,
1642 856 1841 924 λέγων,

295 939 359 1007 Τῇ
391 942 631 1011 θυγατρὶ
662 941 811 996 Σιών
829 959 843 972 ·
885 943 1026 997 Ἰδοὺ
1050 948 1081 998 ό
1109 945 1306 1014 Σωτήρ
1325 961 1424 1000 σοι
1453 947 1840 1018 παραγέγονε.

292 1030 384 1082 Καὶ
412 1029 544 1084 Θεὸν
605 1032 767 1086 αὑτὸν
819 1035 1187 1105 ἀνακηρύττει
1245 1037 1418 1105 λέγων
1468 1041 1586 1102 ταῖς
1624 1037 1845 1092 πόλεσιν

301 1123 450 1176 Ἰούδα
473 1140 489 1156 ·
541 1125 700 1179 Ἰδοὺ
725 1128 758 1179 ὸ
792 1129 933 1194 Θεὸς
957 1127 1144 1196 ὑμῶν,
1183 1128 1312 1183 ίδοὺ
1365 1131 1581 1197 Κύριος
1607 1130 1845 1198 ἔρχεται

289 1219 348 1270 ἐν
379 1216 577 1285 κράτει
615 1221 848 1287 ἰσχύος,
892 1223 988 1276 καὶ
1031 1223 1101 1276 τό
1143 1223 1322 1291 ἔργον
1372 1223 1633 1276 ἑκάστου
1667 1225 1755 1288 εις
1782 1223 1844 1277 τὸ

291 1313 598 1375 πρόσωπον
626 1312 833 1365 αὐτοῦ.

357 1403 637 1473 Ἱερεμίας
693 1407 749 1459 δὲ
802 1407 1072 1460 Ἰωσεδὲκ
1105 1408 1288 1470 αὑτὸν,
1351 1409 1377 1461 ὃ
1411 1410 1551 1473 ἐστι,
1597 1411 1737 1477 Θεὸς
1770 1410 1848 1463 δίο

290 1513 470 1562 καιος,
537 1497 821 1552 καλεῖσθαι
873 1500 1243 1569 προηγόρευε’
1307 1500 1402 1552 καὶ¹
1462 1500 1626 1553 Δαϐὶδ
1683 1502 1848 1556 αὑτὸν

290 1590 521 1657 προεῖπε,
579 1589 717 1660 πρὸς
765 1592 1114 1662 ἐπιστρέφειν
1161 1597 1255 1645 καὶ
1283 1592 1550 1656 σώζεσθαι
1594 1595 1686 1649 τὸν
1724 1595 1849 1648 λαόν

291 1697 422 1749 φησι.

361 1774 634 1844 Ἰεζέςκιὴλ
661 1777 739 1842 δὲ,
764 1778 895 1843 Θεὸν
917 1779 1210 1850 ἐρχόμενον
1240 1779 1404 1832 αὐτὸν
1431 1781 1510 1843 εἰς
1532 1780 1593 1833 τὸ
1623 1781 1848 1852 ποιμαί-

296 1881 389 1917 νειν
430 1870 528 1921 καὶ
593 1872 786 1934 σώζειν
821 1871 890 1925 τὰ
933 1873 1250 1926 ἀπολωλότα
1291 1875 1543 1944 πρόόατα
1593 1875 1687 1928 τοῦ
1719 1875 1849 1928 λαοῦ

297 1963 583 2032 προλέγων,
614 1964 778 2018 Δαϐὶδ
808 1965 1006 2035 ὁμοίως
1036 1953 1311 2037 κέκληκε.

351 2056 448 2107 Καὶ
475 2056 725 2124 Δανιὴλ,
761 2058 835 2120 ὡς
873 2058 998 2111 Υἰὺν
1023 2057 1315 2128 ἀνθρώπου
1339 2060 1432 2112 ἐπὶ
1462 2060 1522 2112 τὸ
1550 2061 1754 2129 κρίνειν
1781 2061 1846 2113 τὰ

293 2147 453 2200 πάντα
484 2149 783 2218 ἐρχόμενον
814 2151 975 2204 αὑτὸν
1001 2151 1124 2222 ὁρᾷ.

363 2241 534 2308 Ὠσηὲ
565 2241 653 2307 δὲ,
686 2242 778 2296 τὸν
801 2245 876 2306 εἰς
898 2243 1066 2298 τύπον
1091 2244 1184 2298 τοῦ
1210 2245 1462 2316 Σωτῆρος
1485 2248 1550 2300 ἐκ
1579 2247 1677 2316 τῆς
1710 2264 1848 2318 πορ-

292 2336 542 2405 νευσὰσης
567 2338 888 2407 συναγωγῆς
908 2340 1020 2392 υἱὸν
1050 2340 1554 2410 αὐτῴτικτόμενον,
1582 2341 1844 2412 Ἰεσραὴλ,

291 2428 466 2496 ὅέστι,
496 2431 696 2498 σπορὰ
728 2430 901 2492 Θεοῦ,
926 2430 1432 2502 προσαγορεύεσθαι
1459 2431 1760 2485 κελεύεται.

351 2523 603 2592 Μιχαίας
667 2523 724 2576 δὲ
788 2521 1128 2594 γεννώμενον
1179 2523 1344 2577 αὐτὸν
1389 2526 1448 2577 ὲν
1480 2527 1543 2595 τῇ
1597 2523 1846 2593 Βηθλεὲμ

291 2615 594 2684 προλέγων,
634 2615 962 2687 Ἥγούμενον
999 2615 1306 2686 ὠνόμασεν,
1364 2615 1558 2686 ἔχοντα
1603 2616 1702 2686 τὴν
1746 2617 1849 2686 πρὸ

289 2707 488 2760 αἰώνων
519 2708 720 2774 ἔξοδον.
1515 2720 1524 2725 ’

353 2800 459 2851 Καὶ
479 2801 779 2868 Ζαχαρίας
818 2804 999 2865 παλιν,
1046 2801 1139 2854 τὸν
1163 2802 1458 2872 ἐρχόμενον
1491 2801 1718 2873 Σωτῆρα
1753 2800 1847 2854 τοῦ

290 2888 433 2958 λαοῦ,
496 2891 786 2964 Ἀνατολὴν
818 2892 961 2963 ἔχειν
990 2893 1163 2962 ὄνομα
1216 2894 1351 2964 ἔφη·
1384 2895 1478 2947 καὶ
1524 2894 1716 2964 νομέα,
1753 2894 1849 2947 καὶ

288 2985 414 3038 Θεοῦ
462 2987 740 3057 σύμφυλον
773 2987 939 3058 ἄνδρα
991 2987 1151 3040 αὐτὸν
1187 2988 1358 3053 καλεῖ,
1420 2987 1696 3058 ῥομφαίας
1729 2989 1848 3040 κατ’

289 3076 444 3130 αὑτοῦ
482 3078 854 3150 ὲγειρομένης.

344 3171 600 3238 ,Ἰησοῦ-ν
635 3172 693 3224 δὲ
755 3171 914 3224 αὐτὸν
965 3173 1192 3244 Σωτῆρα
1250 3171 1455 3242 κόσμου
1506 3171 1847 3240 τικτόμενον,

290 3267 337 3318 Γ
339 3265 551 3333 αὸριὴλ
592 3267 620 3318 ὁ
659 3265 884 3333 ἄγγελος
934 3265 1424 3336 εὐαγγελιζόμενος
1451 3264 1549 3335 τὴν
1591 3265 1848 3334 γέννησιν

290 3359 470 3423 αὑτοῦ,
504 3359 638 3430 πρὸς
663 3360 761 3430 τὴν
808 3359 1078 3431 Παρθένον
1123 3360 1405 3414 καλεῖσθαι
1438 3360 1597 3431 μόνος
1621 3358 1843 3428 ἔφησεν.

291 3450 463 3524 Ὅπερ
483 3453 653 3523 όνομα
675 3453 994 3524 ἐσημαίνετο
1022 3455 1079 3507 ὲν
1113 3453 1187 3524 τῷ
1217 3453 1466 3524 μυστικῷ
1497 3453 1592 3506 καὶ
1621 3453 1850 3524 ἀρρήτῳ

290 3545 528 3614 ὀνόματι,
585 3545 662 3613 τῷ
692 3547 747 3598 ὲν
769 3549 836 3617 τῇ
887 3548 1123 3618 στεφάνῃ
1154 3547 1256 3616 τῆς
1286 3547 1439 3615 ἱερᾶς
1460 3545 1694 3599 κιϐωτοῦ
1725 3547 1838 3597 ὲπι·

291 3639 652 3708 γεγραμμένῳ
670 3653 686 3670 ο
719 3638 806 3692 διὰ
831 3638 942 3703 τοῦ,
964 3640 1026 3693 τὸ
1044 3639 1150 3696 iac
1173 3639 1269 3693 καὶ
1293 3638 1389 3708 ac,
1425 3637 1848 3708 σημαινομένου,

291 3732 316 3784 ὃ
344 3735 480 3800 ἐστι,
537 3733 755 3786 δέκατον
797 3734 889 3786 καὶ
939 3735 1143 3804 ὃγδοον,
1192 3735 1377 3804 σαφῶς
1410 3733 1848 3803 ὑποδηλουμένου

291 3825 378 3877 τοῦ
406 3827 564 3894 ἁγίου
605 3825 796 3898 Ἰησοῦ,
824 3827 914 3882 τοῦ
949 3829 1155 3900 Κυρίου
1180 3828 1279 3898 τῆς
1309 3826 1464 3896 δόξης
1487 3826 1768 3896 ὀνόματος.

290 3962 538 4038 ΚΕΦᾹΛ.
570 3963 804 4038 ιξΝῧθᾷ-
828 3965 894 4017 Αἱ
920 3964 1065 4019 δέκα
1103 3965 1438 4034 ἐπιφάνειαι
1467 3964 1578 4038 (98)
1607 3964 1710 4019 τοῦ
1737 3968 1853 4038 K31-

354 4036 490 4098 plov
525 4034 646 4098 τοῖς
682 4036 850 4106 ἰδίοις
880 4039 1210 4106 γενόμεναι,
1236 4037 1384 4106 μετὰ
1417 4038 1482 4090 τὸ
1507 4034 1575 4090 ἐμὲ
1624 4037 1853 4103 νεκρῶν

355 4107 546 4157 αὑτὸν
572 4105 892 4174 ἐγερθῆναι.

362 4243 586 4313 Πρῶτον
619 4246 733 4307 ταῖς
757 4244 882 4314 περὶ
910 4243 1004 4315 τὴν
1033 4245 1248 4316 Μαρίαν
1279 4247 1336 4298 ἐν
1366 4245 1443 4316 τῷ
1477 4246 1744 4316 μνημείῳ.

361 4336 427 4406 β’.
463 4336 552 4405 Τῷ
585 4337 742 4408 Κηφᾷ
770 4339 934 4407 μόνῳ,
967 4339 1038 4402 ὡς
1069 4340 1160 4392 καὶ
1185 4343 1213 4393 ὁ
1247 4339 1454 4402 Παῦλος
1478 4338 1581 4409 ἔφη
1604 4356 1617 4370 °
1651 4341 1853 4394 Ἔπει-

291 4446 361 4482 τα
388 4429 559 4499 ῶςρθη
593 4427 783 4498 Κηφᾷ.

362 4522 433 4590 γ’.
465 4523 588 4577 Τῶν
611 4525 788 4595 θυρῶν
828 4526 1249 4598 κεκλεισμένων,
1283 4527 1394 4585 τοῖς
1428 4524 1694 4596 μαθηταῖς
1721 4565 1736 4589 ,
1761 4523 1854 4578 τοῦ

291 4616 465 4688 Θωμᾶ
498 4616 572 4687 μὴ
594 4617 875 4687 παρόντος,
911 4621 975 4690 τῇ
1012 4621 1107 4690 μιᾷ
1132 4620 1241 4672 τῶν
1275 4618 1586 4672 Σαὸϐἀτων.

1945 679 2172 743 minare,
2211 679 2482 748 inquiens,
2517 676 2853 743 Jerusalem;
2876 680 3010 733 mit
3037 679 3177 733 enim
3206 677 3302 733 lux
3332 688 3446 741 tua.
3469 689 3520 734 et

1943 769 2118 840 gloria
2158 771 2369 824 Domini
2407 787 2563 840 super
2595 782 2642 826 te
2675 781 2863 826 exorta
2895 773 3056 828 est”.
3093 772 3216 827 Alio
3249 773 3368 828 loco
3401 773 3523 828 Sal-

1948 876 2186 916 vatorein
2244 863 2393 916 illum
2449 863 2716 929 nominat,
2773 863 2976 928 Dicite,
3026 863 3339 934 ,inquiens,
3391 865 3522 934 [ilic

1946 953 2098 1018 Sion,
2133 958 2264 1010 Ecce
2300 953 2549 1010 Salvator
2579 967 2700 1010 tuus
2727 957 2964 1009 adest“.
3001 955 3142 1022 Quin
3181 968 3235 1012 et
3264 958 3432 1023 Deum
3459 959 3524 1012 il-

1948 1048 2055 1102 lum
2105 1049 2432 1118 deprasdicat
2473 1050 2660 1103 dicens
2713 1049 2940 1104 urbibus
2990 1047 3172 1104 Juda:
3209 1049 3344 1105 Ecce
3383 1049 3523 1105 Deus

1947 1152 2132 1202 vester,
2178 1158 2293 1196 ecce
2330 1143 2585 1196 Dominus
2616 1144 2753 1196 venit
2801 1143 2854 1196 in
2902 1151 3162 1210 potestate
3203 1143 3424 1209 roboris,
3473 1154 3523 1198 et

1948 1249 2074 1300 opus
2100 1235 2352 1304 cujusque
2376 1237 2428 1288 in
2457 1235 2651 1304 faciem
2683 1236 2795 1305 ejus
2819 1235 2884 1290 ".

2019 1403 2279 1458 Jeremms
2311 1420 2440 1459 vero
2466 1405 2778 1462 Josedecum
2803 1410 2845 1440 ⁸⁷
2869 1409 3046 1478 illum,
3075 1409 3218 1480 quod
3243 1420 3347 1477 est,
3381 1410 3525 1466 Deus

1946 1495 2148 1564 justus.
2183 1498 2483 1553 vocandum
2519 1501 2786 1570 prazdixit.
2819 1502 2960 1570 Quin
2993 1514 3046 1559 et
3073 1503 3329 1559 Davidem
3370 1504 3523 1559 illum

1950 1591 2383 1658 pramominaVil,
2415 1593 2479 1648 ad
2506 1596 2930 1651 convertendum
2961 1607 3018 1654 et
3070 1597 3391 1653 salvandum
3426 1611 3526 1668 po-

1951 1682 2162 1751 pulum.

2024 1775 2262 1830 Ezechiel
2296 1786 2503 1845 autem,
2537 1779 2713 1849 ipsum
2753 1781 2921 1835 Deum
2977 1783 3284 1838 venientem
3320 1788 3387 1840 ad
3427 1801 3525 1856 pa-

1952 1870 2212 1924 scendum
2256 1881 2311 1926 et
2341 1873 2662 1927 salvandum
2709 1889 2844 1929 ores
2889 1875 3072 1946 populi
3097 1891 3219 1946 qua:
3251 1880 3529 1948 perierant

1880 1967 1919 2020 Β
1951 1963 2270 2030 praedicens,
2311 1964 2563 2020 Davidem
2606 1966 2858 2023 similiter
2884 1969 3190 2028 vocavit".

2020 2053 2212 2110 Daniel
2253 2072 2496 2127 quoque,
2539 2059 2683 2114 videt
2713 2060 2864 2115 illum
2912 2070 3167 2131 tanquam
3198 2063 3392 2119 l-‘iliunt
3425 2065 3524 2119 ho-

1951 2147 2114 2202 minis
2144 2149 2446 2204 venientem
2474 2153 2540 2206 ad
2573 2152 2927 2222 iudicandum
2967 2156 3171 2209 omnia.

2024 2237 2152 2292 Osee
2185 2255 2330 2306 vero,
2371 2242 2536 2296 lilium
2568 2244 2670 2298 sibi
2702 2255 2892 2298 natum
2928 2244 2982 2299 in
3013 2254 3198 2316 typum
3223 2246 3524 2306 Salvatoris

1950 2345 2015 2385 ex
2068 2331 2371 2391 foruicantc
2429 2352 2723 2407 synagoga,
2781 2355 2978 2394 vocare
3015 2340 3236 2410 jubetur
3279 2341 3525 2411 Jesrael,

1952 2428 2094 2496 quod
2129 2429 2423 2498 signiﬁcat,
2453 2447 2625 2486 semen
2657 2431 2776 2487 Dei.

2028 2519 2280 2575 Michazns
2327 2532 2509 2577 autem
2548 2526 2872 2581 vaticinatus
2915 2542 3039 2580 cum
3082 2527 3422 2582 nasciturum
3466 2531 3522 2584 in

1952 2611 2288 2678 Dethlchem,
2343 2615 2543 2670 Ducem
2585 2618 2936 2688 nuncupavit,
2981 2619 3266 2674 habentem
3309 2636 3527 2689 proces-

1953 2708 2161 2760 sionem
2193 2717 2317 2761 ante
2357 2711 2575 2763 saacula.

2027 2800 2088 2854 Et
2119 2800 2413 2856 Zacharias
2449 2803 2684 2870 ibidem,
2718 2805 3018 2862 venientem
3054 2806 3392 2862 Salvatorem
3428 2823 3527 2878 po-

1953 2895 2086 2964 puli,
2132 2893 2407 2952 Oi-ientem
2443 2899 2643 2953 habere
2677 2915 2877 2954 nomen
2929 2899 3100 2968 dixit;
3133 2910 3184 2956 et
3230 2911 3525 2971 pastorem,

1952 2997 2006 3041 ct
2034 2986 2125 3042 Dei
2170 2990 2531 3045 contribulem
2573 2991 2849 3046 hominem
2873 2993 3050 3064 ipsum
3084 2994 3341 3064 appellat,
3374 2995 3529 3064 phra-

1954 3095 2073 3134 mea
2100 3081 2365 3137 adversus
2393 3099 2516 3137 eum
2544 3085 2802 3139 excitata.
3499 3098 3505 3108 '

2023 3170 2208 3226 Iesum
2238 3189 2399 3244 porro
2424 3175 2570 3229 illum
2597 3175 2930 3231 Salvatorcm
2953 3177 3138 3230 mundi
3162 3177 3526 3240 nasciturum,

1955 3263 2169 3318 Gabriel
2199 3268 2422 3331 angelus
2445 3269 2537 3335 qui
2557 3269 2828 3321 nuntiavit
2851 3269 3186 3322 nativitatem
3216 3269 3360 3340 ejus,
3383 3267 3526 3339 apud

1953 3355 2230 3425 Virginem
2277 3357 2425 3410 solus
2478 3357 2657 3410 vocari
2694 3360 2950 3412 asseruit.
2997 3358 3153 3425 Quod
3205 3374 3402 3413 nomen
3452 3358 3530 3412 in-

1951 3449 2220 3503 nuebatur
2246 3449 2478 3520 mystico
2503 3460 2666 3520 atque
2691 3451 2948 3506 ineﬂ‘abili
2984 3453 3208 3507 nomine
3243 3450 3356 3516 illo,
3381 3453 3528 3520 quod

1953 3543 2276 3614 inscriptum
2316 3554 2433 3597 erat
2459 3559 2676 3600 corona:
2701 3561 2841 3600 area:
2870 3524 3088 3611 ’δορπίῃ
3121 3562 3216 3616 per
3247 3545 3528 3618 signiﬁca-

1952 3641 2154 3695 tionem
2177 3641 2277 3710 jod
2299 3639 2487 3709 etlted,
2521 3641 2572 3696 id
2600 3652 2683 3696 est
2717 3656 2809 3710 per
2835 3641 3108 3696 decimum
3138 3642 3464 3697 elementum
3487 3638 3529 3694 Ι.

1951 3745 2006 3788 et
2028 3742 2279 3789 octavum
2309 3731 2374 3787 H.
2405 3732 2751 3788 subindicato
2782 3732 3058 3802 sapienter
3086 3730 3309 3786 nomine
3338 3739 3530 3786 sancto

1948 3826 2100 3891 Jesu,
2132 3825 2344 3882 Domini
2371 3823 2573 3897 gloriae.

1952 3964 2105 4019 CAP.
2167 3961 2324 4018 CLII.
2383 3991 2453 4005 --
2509 3961 2696 4015 Decem
2753 3961 3108 4030 apparitiones
3145 3957 3364 4013 Domini
3416 3957 3530 4012 suis

2147 4035 2323 4104 facile,
2357 4041 2635 4103 postquam
2663 4032 2753 4087 ille
2788 4048 2816 4086 e
2845 4033 3065 4086 mortuis
3089 4030 3341 4084 surrexit.

2027 4235 2209 4290 Primo
2236 4232 2417 4289 Mariae
2439 4241 2493 4288 et
2514 4232 2679 4288 sociis
2705 4231 2772 4286 ad
2803 4241 3235 4286 monumentum.

2023 4330 2079 4383 2.
2109 4327 2304 4398 Cepha:
2334 4326 2455 4390 soli,
2494 4336 2555 4380 ut
2601 4333 2656 4380 et
2689 4323 2889 4380 Paulus
2937 4325 3184 4394 perhibet
3233 4327 3482 4399 inquiens
3511 4345 3532 4387 :

1956 4423 2158 4479 Deinde
2180 4423 2320 4478 visus
2343 4431 2420 4476 est
2454 4420 2664 4491 Cephae.

1978 4551 1980 4553 ›
2033 4521 2087 4574 '5.
2117 4518 2332 4573 Clausis
2362 4516 2549 4587 januis
2592 4515 2746 4573 visus
2775 4523 2858 4570 est
2902 4513 3205 4584 discipulis,
3239 4529 3348 4569 non
3391 4529 3534 4585 prte-

1959 4623 2111 4669 sente
2137 4610 2370 4676 Thoma,
2397 4609 2526 4664 feria
2563 4608 2736 4678 prima
2771 4605 3148 4662 hebdomadae.

360 4683 426 4764 δῖ.
459 4683 586 4771 οἷς
615 4683 741 4776 περὶ
761 4683 1284 4764 Κλεόπαννάιτιοῦσιν
1325 4713 1404 4774 εἰς
1459 4708 1556 4781 τὴν
1596 4707 1845 4779 Ἐμμαὼ,

2031 4708 2087 4762 4.
2139 4706 2208 4761 lis
2245 4705 2339 4776 qui
2381 4718 2505 4759 cum
2538 4701 2780 4774 Cleopha
2819 4700 3043 4756 abibant
3087 4700 3162 4768 in;
3188 4697 3436 4765 Emmao,
3480 4699 3535 4754 in

295 4804 349 4854 ὲν
369 4805 438 4874 τῇ
471 4802 658 4856 κλάσει
679 4803 767 4856 τοῦ
791 4803 973 4874 ἄρτου.

363 4896 425 4950 ε’.
454 4896 724 4966 Παρόντος
748 4896 839 4948 τοῦ
869 4896 1058 4966 Θωμᾶ,
1094 4901 1188 4949 καὶ
1219 4896 1328 4949 τῶν
1343 4895 1544 4950 λοιπῶν
1575 4894 1853 4966 μαθητῶν,

1961 4801 2224 4856 fractione
2254 4797 2430 4870 panis.

2039 4893 2092 4949 5.
2131 4891 2340 4946 Tlioma
2364 4896 2650 4960 praesente,
2672 4901 2736 4942 ac
2750 4886 2977 4957 reliquis
2998 4885 3302 4958 discipulis,
3320 4895 3538 4956 quando

293 4987 379 5040 ὅτε
409 4988 511 5042 καὶ
535 4989 622 5041 τὸν
643 4988 842 5056 Θωμᾶν
879 4989 1057 5044 ἐκάλει
1109 4989 1206 5054 τὰς
1233 4992 1421 5060 χεῖρας
1473 4989 1565 5043 καὶ
1617 4988 1845 5059 πλευρὰν

1965 5001 2184 5058 quoque
2224 4982 2494 5039 Thomam
2528 4983 2761 5047 vocavit,
2810 4992 2870 5035 ut
2907 4996 3104 5037 manus
3153 4989 3207 5037 et
3241 4980 3384 5035 latus
3424 4979 3540 5050 pal—

293 5081 685 5151 ψηλαφήσαντα
709 5080 840 5152 (99).

365 5179 445 5238 ς’.
497 5175 580 5226 Ἐν
607 5177 674 5244 τῇ
725 5175 944 5246 Γαλιλίᾳ
971 5177 1068 5246 τῆς
1112 5175 1386 5248 θαλάσσης
1434 5174 1773 5248 Τιϐεριάδος,
1802 5176 1859 5228 ὲν

293 5271 361 5338 τῇ
390 5268 540 5337 ἄγρᾳ
569 5267 676 5320 τῶν
710 5275 820 5339 ρνγ’
859 5267 1071 5338 ἰχθύων.

364 5360 434 5425 ζ’.
465 5359 591 5421 Τοῖς
627 5362 996 5424 πεντακοσίοις
1022 5363 1262 5432 ἐφάπαξ,
1291 5360 1434 5415 κατὰ
1456 5360 1547 5414 τὸν
1574 5359 1808 5413 Παῦλον.

366 5450 466 5524 (13'.
501 5449 580 5516 Τῷ
618 5451 874 5519 Ἰακώϐῳ,
897 5452 1045 5507 κατὰ
1072 5455 1177 5508 τόν
1195 5455 1382 5508 αὑτὸν
1407 5453 1672 5507 Παῦλον.
1702 5442 1823 5524 (1).]

2000 5090 2137 5136 aret.

1964 5100 2178 5228 νπίῗηίη
2205 5171 2428 5227 Galilaaa
2461 5169 2630 5224 maris
2670 5167 2999 5232 Tiberiadis,
3045 5168 3100 5223 in
3137 5148 3361 5236 captura
3410 5185 3538 5224 cun

1959 5263 2213 5335 piscium.

1968 5388 1979 5394 κ
2032 5357 2082 5412 7.
2121 5356 2444 5426 Quingentis
2470 5354 2658 5421 simul,
2695 5355 3000 5410 secundum
3036 5355 3289 5409 Paulum.

2029 5450 2106 5522 [8.
2145 5448 2367 5514 Jacobo,
2396 5447 2678 5502 secundum
2707 5449 2945 5501 eumdem
2981 5445 3262 5515 Paulum.)

371 5632 423 5665 ’δ
464 5629 545 5684 lsa
575 5645 661 5685 Lx.
693 5629 744 5683 ι.
819 5629 864 5662 ⁸⁸
896 5627 998 5685 lsa.
1033 5647 1164 5696 1.1m,
1214 5631 1300 5687 12.
1373 5631 1420 5663 ’⁸
1457 5628 1560 5683 lsa.
1588 5646 1676 5695 ιιι,
1715 5628 1748 5683 9
1777 5645 1845 5698 ser

1989 5632 2032 5662 ”
2073 5630 2274 5684 Jerem.
2311 5642 2500 5690 sunt,
2534 5626 2587 5680 6.
2664 5627 2708 5659 ⁸⁸
2744 5627 2941 5682 Εῑειοῑι.
2985 5639 3170 5689 sntv,

365 5789 486 5858 (98)
506 5788 805 5860 Pliotiusiin
843 5789 1306 5860 Amphilochianis,
1325 5791 1584 5860 interrog.
1612 5787 1736 5855 146,
1764 5805 1860 5844 un-

296 5861 486 5914 decies
512 5861 680 5913 visum
714 5859 988 5915 Christum
1013 5862 1188 5919 docet.

365 5930 485 6000 (99)
526 5929 682 5984 Forte
701 5928 1108 6001 ψηλαφήσοντα.

501 6026 766 6086 Pyrum.
812 6023 928 6088 Gn.
976 6027 1126 6090 CVI.

2038 5790 2114 5860 (l)
2142 5788 2274 5857 Quae
2316 5789 2408 5860 hic
2450 5787 2667 5860 uncinis
2712 5784 3064 5860 includuntur
3088 5779 3281 5860 Latine
3324 5791 3545 5860 exstant

1965 5861 2018 5914 in
2047 5852 2298 5916 vel-Sione
2321 5857 2576 5915 Fabricii.
2603 5857 2790 5914 Graeca
2815 5852 3042 5926 proinde
3065 5852 3386 5908 exciderunt
3410 5855 3541 5908 vitio

1965 5938 2146 6001 typog.

3091 6019 3130 6080 ϐ
