4040 6592
484 410 578 477 ΠΙ
1968 398 2271 462 JOSEPPI

3656 394 3762 462 172

553 523 609 576 9.
644 524 697 578 In
730 532 913 577 monte
946 523 997 576 in
1032 521 1277 583 Galilaca,
1328 520 1419 575 ubi
1455 518 1709 591 prmcepit
1742 516 1847 573 illis
1879 516 2065 571 Domi-

2245 512 2310 567 0'.
2350 511 2443 575 Είς
2476 510 2537 565 τὸ
2564 510 2688 583 ὅρος
2716 509 2772 565 ἒν
2799 513 2865 583 τῇ
2892 508 3176 581 Γαλιλαίᾳ,
3220 501 3281 562 οὗ
3316 508 3545 576 ἐτάξατο
3574 509 3763 575 αὐτοῖς

481 630 611 680 nus,
632 616 787 686 juxta
816 615 1125 670 Matthzeum
1149 616 1216 669 θ’.

550 708 636 763 10.
673 708 728 763 In
756 717 938 762 monte
959 705 1263 773 Olivarnm,
1291 720 1459 774 quum
1492 706 1545 759 in
1575 704 1747 759 cm‘os
1777 701 2047 757 ascendit.

478 910 632 967 CAP.
669 910 844 967 CLIII.
879 942 950 951 —-
984 912 1199 976 Quoties
1245 920 1525 980 pastquam
1561 908 1615 961 in
1647 907 1832 961 malum
1875 905 2067 969 rediit,

765 984 1012 1053 apparuit
1050 982 1303 1036 Dominus
1338 980 1614 1049 discipulis
1639 980 1770 1033 suis.

552 1169 796 1225 Primum
844 1169 1122 1241 Stephano
1176 1164 1568 1238 protomartyri
1622 1163 1953 1232 interempto
2002 1159 2072 1215 ab

483 1260 706 1329 Judzeis,
742 1278 907 1333 quum
945 1262 1118 1332 aperti
1148 1269 1274 1315 sunt
1301 1260 1445 1314 cwli.

558 1352 614 1406 2.
656 1352 827 1406 Paulo
868 1350 1196 1421 ingredienti
1241 1348 1591 1415 Damascum,
1634 1358 1694 1403 ut
1727 1355 1948 1404 sanctos
1977 1363 2074 1403 vo-

487 1444 633 1500 lebat
665 1444 936 1499 abducere
961 1444 1201 1499 vinctos.

557 1538 613 1591 '5.
642 1536 811 1591 Paulo
842 1536 894 1590 in
923 1534 1249 1603 Jerusalem,
1283 1536 1504 1607 quando
1527 1550 1795 1604 apparens
1818 1535 1865 1588 ei
1896 1534 2029 1588 dixit
2058 1554 2069 1589 :

488 1629 571 1684 Ne
600 1632 857 1692 timueris,
894 1629 1099 1695 Paule;
1136 1631 1274 1683 sicut
1314 1632 1451 1684 enim
1503 1629 1856 1683 testimonium
1904 1628 2077 1697 per/ti-

482 1723 649 1777 buisti
678 1723 743 1775 de
772 1739 849 1775 me
872 1724 928 1774 in
949 1722 1267 1788 Jerusalem,
1300 1723 1379 1775 ita
1407 1731 1608 1791 oportet
1647 1728 1702 1773 ut
1738 1719 1917 1773 Romae
1943 1736 2075 1789 quo-

485 1832 587 1886 que
614 1817 911 1885 perhibeas.

560 1911 612 1965 4.
646 1907 853 1964 Jacobo
878 1911 1049 1979 justo,
1085 1918 1143 1963 ut
1176 1908 1516 1980 llegesippns
1556 1917 1610 1963 et
1656 1908 1909 1962 Clctneus
1950 1922 2075 1959 nar-

482 2014 634 2067 rant,
663 2004 881 2072 quando
907 2002 1176 2057 adductus
1203 2011 1286 2058 est
1321 2003 1389 2056 ab
1411 2001 1615 2055 Judaeis
1641 2002 1693 2054 in
1722 1999 2074 2070 pinnaculnm

489 2095 695 2165 templi,
730 2106 784 2148 ut
812 2095 1037 2160 diceret,
1071 2110 1192 2166 quae
1218 2105 1358 2150 esset
1398 2103 1549 2165 purlzl
1588 2093 1737 2149 Jcsu.

488 2206 639 2262 CAP.
671 2207 851 2263 CLIV.
902 2240 973 2250 -—
1019 2207 1159 2273 Quot
1194 2211 1338 2263 idola
1387 2210 1551 2263 coluit
1610 2210 1858 2279 populus,
1896 2211 2076 2265 relicto

1060 2282 1155 2335 Dei
1195 2284 1299 2335 veri
1344 2290 1510 2335 cultu.

568 2414 755 2470 Primo
790 2424 955 2487 caput
984 2417 1163 2484 bovis,
1202 2418 1348 2487 quod
1381 2418 1431 2471 in
1462 2420 1678 2473 deserto
1714 2418 1843 2475 fecit
1872 2422 2076 2475 Aaron.

567 2602 621 2654 2.
647 2600 900 2656 Initiatus
924 2600 1043 2656 Becl
1065 2598 1277 2672 Phegor
1306 2602 1451 2658 idolo
1467 2602 1904 2659 Madianitarum.
1924 2605 2080 2658 Post-

494 2711 559 2749 ea
604 2694 814 2763 I’hegor
849 2695 1244 2750 abominationi
1282 2694 1595 2751 Judazorum
1625 2718 1637 2753 :
1678 2698 1893 2752 Bahalae
1918 2706 2080 2767 atque

490 2787 824 2852 Astartibns,
859 2786 1067 2843 deabus
1109 2786 1459 2845 Sidoniorum
1496 2808 1507 2843 :
1538 2790 1745 2860 Dagoni
1771 2800 1823 2846 et
1855 2790 2078 2853 Musca}.

491 2880 595 2933 diis
623 2881 922 2934 Accaron;
970 2878 1251 2948 Molocho,
1300 2894 1356 2937 et
1405 2881 1647 2937 Chamos
1680 2882 1824 2937 idolo
1874 2883 2076 2939 Moah..

492 2970 834 3045 Thamuzum
859 2989 1102 3044 quoque,
1137 2976 1227 3046 qui
1258 2985 1342 3030 est
1363 2975 1595 3042 Adonis,
1622 2977 1929 3031 lamentata:
1952 2987 2081 3032 sunt

493 3066 753 3121 mulieres
792 3065 845 3119 in
893 3068 1117 3137 templo,
1160 3079 1214 3124 et
1248 3069 1301 3124 in
1337 3070 1547 3126 aedibus
1589 3072 1705 3126 suis
1745 3072 2076 3126 coluerunt:

2171 611 2199 661 6
2223 606 2449 675 Κύριος,
2481 605 2626 659 κατὰ
2656 605 2748 659 τὸν
2768 603 3070 659 Ματθαίον.

2248 707 2300 754 ι’.
2334 701 2428 763 Εἰς
2453 699 2515 753 τὸ
2536 700 2661 771 ὄρος
2689 699 2797 752 τῶν
2838 698 3089 763 Ἐλαιῶν,
3116 700 3195 760 εἰς
3224 700 3315 753 τὸν
3346 698 3577 770 οὐρανὸν
3608 699 3766 770 ἀνερο

2172 791 2423 862 χόμενος.

2174 907 2427 960 ΚΕΦΛΛ.
2461 906 2633 960 PNI".
2668 936 2735 945 ——
2766 904 3031 970 Ποσάκις
3052 904 3203 972 μετὰ
3250 904 3365 973 τὴν
3389 908 3475 973 εἰς
3505 906 3769 974 οἱιραι-ἰν

2242 977 2571 1059 ἐπείνοδον,
2629 980 2660 1031 ό
2694 980 2909 1045 Κύριος
2954 975 3081 1039 τοῖς
3120 977 3293 1041 ἰδίοις
3348 976 3513 1045 ὠροη
3570 982 3768 1044 [tu/)7]-

2245 1066 2396 1116 ταις.

2249 1164 2470 1234 Πρῶτον
2503 1163 2764 1233 Στεφάνῳ
2809 1162 2890 1233 τῷ
2921 1161 3356 1233 πρωτομάρτυρι
3387 1160 3770 1231 ἀναιρουμένῳ

2176 1257 2281 1311 ὑπὸ
2304 1257 2411 1309 τῶν
2448 1256 2739 1319 Ἰουδαίων,
2760 1255 2868 1308 τῶν
2904 1256 3149 1324 οὐρανῶν
3178 1253 3563 1323 ἁνοιχθέντων.

2251 1347 2313 1419 β’.
2347 1347 2547 1418 Παύλῳ
2571 1348 2794 1400 εἰσιόντι
2822 1346 3227 1417 είςΔαμασκδν,
3248 1347 3305 1399 ὲν
3327 1345 3404 1417 τῷ
3429 1345 3556 1409 τοὺς
3579 1345 3770 1414 ἁγίους

2176 1440 2433 1511 δεσμίους
2463 1440 2669 1493 ἐθέλειν
2702 1440 2876 1509 ἄγειν.

2248 1534 2317 1601 γ’.
2352 1533 2449 1603 Τῷ
2483 1533 2683 1602 Παύλῳ
2710 1534 2787 1595 εἰς
2809 1532 2906 1603 τὴν
2952 1531 3328 1602 Ἰερουσαλὴμ,
3368 1531 3455 1583 ὅτε
3481 1530 3767 1597 ἐπιφανεὶς

2179 1626 2327 1699 αὐτῷ
2354 1626 2458 1699 ἔφη
2483 1642 2497 1659 ⁸
2524 1626 2620 1695 Μὴ
2656 1625 2865 1696 φοϐοῦ,
2897 1626 3118 1679 Παῦλε
3153 1625 3235 1688 ὡς
3258 1625 3369 1693 γὰρ
3400 1624 3768 1693 διεμαρτύρω

2180 1724 2313 1792 περὶ
2352 1722 2500 1793 ἐμοῦ
2524 1726 2613 1789 εἰς
2649 1720 3064 1791 Ἰερουσαλὴμ,
3095 1720 3282 1785 οὕτως
3315 1734 3387 1772 σε
3416 1716 3510 1771 δεῖ
3540 1718 3639 1771 καὶ
3681 1720 3771 1783 εις

2194 1820 2425 1888 Ῥώμην
2445 1817 2853 1888 μαρτιιρῆσοι.

2246 1913 2308 1966 δ’.
2347 1911 2543 1965 Ἰακὼϐ
2566 1910 2642 1982 τῷ
2662 1910 2873 1981 δικαίῳ,
2900 1909 2975 1971 ὡς
3018 1909 3366 1977 Ἡγήσιππος
3398 1908 3493 1961 καὶ
3530 1908 3767 1977 Κλήμης

2180 2005 2485 2076 ἱστοροῦσιν
2516 2003 2615 2074 (Ξ),
2668 2002 2956 2073 ἀναχθέντι
2989 2001 3094 2054 ὑπὸ
3122 2001 3232 2053 τῶν
3278 2001 3566 2063 Ἰουδαίων,
3595 2003 3673 2062 είς
3701 2002 3764 2051 τὸ

2184 2096 2483 2165 πτερύγιον
2501 2093 2593 2147 τοῦ
2640 2093 2809 2164 ἱεροῦ,
2839 2094 2927 2145 ἵνα
2956 2092 3084 2162 εἴπῃ
3112 2092 3195 2155 τίς
3224 2093 3256 2161 ἡ
3286 2089 3425 2161 θύρα
3454 2090 3545 2142 τοῦ
3564 2086 3766 2157 Ἰησοῦ.

2180 2210 2433 2264 ΚΕΦᾹΛ.
2453 2210 2544 2261 PN
2551 2213 2621 2261 A'.
2647 2241 2716 2249 -
2730 2209 2898 2261 Πόσα
2927 2205 3197 2260 εὶδωλεῖα
3213 2203 3513 2274 ἐσεϐάσθη
3542 2208 3574 2259 d
3593 2204 3766 2271 λαὸς,

2617 2280 2723 2332 τὸν
2753 2278 2901 2333 Θεὸν
2927 2279 3321 2345 καταλείψας.

2253 2418 2477 2487 Πρῶτον
2533 2416 2593 2470 τὸ
2655 2415 2977 2487 βούκρανον,
3028 2414 3055 2467 δ
3102 2416 3159 2467 ἐν
3208 2417 3274 2485 τῇ
3306 2414 3500 2485 ἑρήμω
3555 2413 3766 2483 Ἀαρὼν

2181 2509 2459 2578 ἐποίησεν.
2555 2523 2558 2525 ‘

2255 2600 2318 2672 β’.
2352 2600 2640 2665 Τελεσθεὶς
2662 2600 2739 2671 τῷ
2771 2600 2901 2653 Bas).
2928 2602 3118 2670 Φεγωρ
3142 2599 3343 2668 εἰδώλῳ
3377 2598 3726 2653 Μαδιανιτῶν
3751 2615 3765 2629 ο

2182 2697 2373 2749 ἔπειτα
2422 2695 2501 2766 τῷ
2550 2695 2743 2766 Φεγὼρ
2805 2694 3139 2765 βδελύγματι
3190 2694 3301 2746 τῶν
3360 2692 3652 2755 Ἰουδαίων,
3696 2694 3765 2763 τῇ

2183 2790 2328 2843 Βαὰλ
2371 2791 2465 2843 καὶ
2494 2791 2612 2852 ταῖς
2650 2790 3000 2855 Ἀστάρταις,
3032 2788 3181 2848 θεαῖς
3213 2786 3484 2841 Σιδωνίων
3506 2804 3519 2818 ⁸
3555 2786 3631 2856 τῷ
3659 2787 3766 2837 Δα-

2182 2881 2293 2951 γὼν
2320 2882 2413 2935 καὶ
2443 2885 2505 2952 τῇ
2540 2882 2710 2953 Mutat,
2743 2880 2887 2944 Θεοῖς
2932 2877 3251 2949 Ἀκκαρών·
3282 2878 3361 2948 τῷ
3405 2876 3642 2947 Μαιλὼχ,
3689 2877 3767 2947 τῷ

2182 2972 2392 3043 Χαμὼς
2422 2972 2624 3042 εἰδώλῳ
2677 2972 2853 3025 Μωᾱιϐ
2874 2986 2886 3000 ·
2950 2972 3043 3024 καὶ
3075 2971 3162 3024 τὸν
3202 2970 3447 3040 Θαμοῦς,
3476 2971 3534 3033 ὃς
3568 2974 3714 3023 ἐστιν
3738 2974 3765 3021 6

2188 3067 2436 3130 Ἀδωνις,
2489 3066 2755 3136 ἐθρήνουν
2788 3065 2843 3117 αἱ
2892 3065 3151 3132 γυναῖκες
3177 3063 3233 3115 ὲν
3264 3061 3341 3133 τῷ
3368 3061 3502 3131 ναῷ,
3536 3061 3630 3115 καὶ
3658 3064 3770 3124 τοῖς

492 3157 731 3227 itemque
756 3156 926 3213 solem
964 3157 1019 3213 in
1055 3159 1284 3215 collibus
1316 3168 1370 3216 et
1396 3161 1739 3228 nemoribus,
1774 3168 2076 3216 mactautes

2205 3159 2351 3223 .i'mt;
2376 3156 2554 3213 αὐτῶν
2576 3156 2973 3225 ἐσεϐάσθησαν,
2998 3155 3093 3210 καὶ
3122 3154 3211 3209 τὸν
3237 3155 3386 3227 ἥλιον
3417 3156 3474 3207 ὲν
3504 3157 3617 3219 τοῖς
3649 3153 3771 3224 βου-

492 3268 595 3306 CIS.

565 3346 617 3398 5.
674 3344 857 3400 Achaz
895 3360 987 3398 rex
1018 3343 1156 3399 Juda
1208 3344 1377 3401 coluit
1419 3347 1583 3401 etiam
1629 3348 1760 3403 deos
1803 3347 2079 3404 Damasci.

493 3436 745 3491 )lanasse
795 3452 929 3491 vero
970 3437 1133 3491 etiam
1179 3437 1522 3494 divinaculos
1577 3448 1629 3494 et
1669 3440 2080 3510 ventriloquos,

496 3532 742 3600 sculptas
791 3546 1015 3601 quoque
1066 3532 1328 3598 imagines
1370 3542 1421 3587 et
1452 3533 1645 3588 altaria
1690 3535 1977 3589 dzemoniis
2028 3536 2080 3590 in

501 3622 701 3690 templo
746 3620 1240 3693 Ilierosolymitano
1284 3623 1607 3692 constituit;
1650 3634 1704 3681 et
1756 3642 1853 3697 per
1901 3629 2079 3698 ignem

500 3715 746 3769 traduxit
786 3715 985 3769 liberos
1025 3731 1174 3770 suos.
1220 3718 1288 3771 At
1327 3716 1561 3787 pepulus
1603 3719 1698 3788 qui
1731 3719 1944 3776 lsraelis
1984 3737 2083 3775 no-

502 3807 650 3862 mine
677 3818 950 3873 censetur,
975 3808 1112 3863 facta
1147 3811 1419 3878 apostasia
1454 3810 1522 3865 ab
1554 3809 1888 3879 Jerusalem,
1916 3813 2084 3868 coluit

497 3901 780 3972 juvencas,
817 3916 954 3971 quas
988 3903 1161 3959 erexit
1183 3903 1473 3960 Jerohoam
1504 3906 1556 3960 in
1583 3906 1765 3961 Bethel
1790 3916 1842 3963 et
1874 3906 2011 3963 Dan.

503 4123 654 4179 CAP.
689 4122 843 4179 CLV.
870 4156 937 4166 —
971 4125 1199 4191 Quinam
1230 4126 1569 4194 ﬁrmissimas
1602 4128 1868 4183 amicitias
1903 4147 2083 4185 serva-

1248 4213 1380 4252 rere.

575 4339 742 4394 David
790 4356 917 4402 rex.
959 4348 1012 4393 ct
1044 4338 1313 4393 Jonathan
1353 4330 1500 4396 ﬁli-us
1552 4339 1702 4393 Saul.
1738 4342 2081 4410 Abessalom,

503 4443 550 4486 et
582 4429 773 4485 Jacob.
810 4431 996 4484 Achab
1030 4446 1121 4484 rex
1158 4430 1344 4495 Israel,
1384 4442 1437 4486 et
1463 4431 1728 4502 Iosophat
1760 4451 1848 4487 rex
1886 4434 2045 4489 Juda.

2107 3245 2152 3304 C
2186 3254 2294 3317 νοῖς
2324 3251 2418 3306 καὶ
2444 3254 2555 3317 τοῖς
2586 3250 2794 3314 δάσεσι,
2834 3249 3055 3313 θύοντες
3097 3250 3302 3313 αὐτοῖς.

2256 3352 2324 3413 γ’.
2369 3344 2535 3415 Ἀχὰζ
2565 3346 2592 3397 6
2628 3343 2882 3413 βασιλεὺς
2915 3341 3010 3397 τοῦ
3056 3342 3246 3405 Ἰούδα,
3312 3338 3545 3403 καὶτοῖς
3585 3341 3771 3408 Δαμα-

2188 3436 2319 3491 σκοῦ
2354 3436 2497 3500 θεοῖς
2550 3436 2865 3506 ὲλάτρευσε.
2923 3434 3195 3504 Μανασσῆ
3240 3433 3295 3487 δὲ
3346 3432 3442 3486 καὶ
3492 3432 3769 3487 κλειῗωνι-

2187 3532 2318 3596 στὰς
2355 3532 2429 3601 (5)
2493 3530 2587 3585 κα.)⁸
2622 3528 3117 3600 ἐγγαστριμύθους,
3168 3528 3261 3581 καὶ
3292 3526 3509 3595 γλυπτὰ
3541 3527 3635 3579 καὶ
3664 3527 3770 3596 βω-

2190 3624 2324 3695 μοὺς
2342 3625 2449 3686 τοῖς
2476 3622 2723 3692 δαίμοσιν
2746 3623 2803 3675 ὲν
2831 3622 2910 3694 τῷ
2938 3622 3053 3688 ναῷ
3096 3618 3459 3692 Ἰερουσαλὴμ
3489 3620 3767 3690 ὲνέστησε,

2187 3716 2279 3769 καὶ
2327 3716 2384 3768 ὲν
2439 3715 2571 3785 πυρὶ
2624 3714 2780 3785 διῆγε
2828 3714 2897 3768 τὰ
2949 3714 3116 3768 τέκνα
3169 3712 3371 3768 αὐτοῦ’
3402 3715 3428 3765 6
3457 3712 3513 3766 δὲ
3553 3712 3774 3783 Ἰσραὴλ

2186 3808 2427 3869 ἀποστὰς
2453 3808 2551 3878 τῆς
2593 3808 2973 3879 Ἰερουσαλὴμ,
3010 3810 3129 3871 ταῖς
3172 3807 3473 3877 δαμάλεσιν
3502 3806 3567 3872 ἃς
3612 3806 3771 3877 ἐστη-

2188 3917 2278 3953 σεν
2311 3900 2337 3953 6
2369 3899 2653 3972 Ἰεροϐοὰμ
2676 3902 2731 3956 ὲν
2753 3904 2819 3973 τῇ
2853 3900 3025 3972 Βεθὴλ
3057 3900 3153 3955 καὶ
3178 3902 3237 3954 ὲν
3264 3903 3329 3970 τῇ
3361 3900 3490 3967 Δὰν,
3512 3898 3771 3973 ἐλάτρευ-

2188 4011 2299 4051 σεν.

2222 4138 2475 4195 ΚΕΦΑΛ.
2514 4140 2686 4201 PNE'.
2714 4170 2783 4181 —
2818 4140 2983 4203 Τίνες
3029 4136 3449 4203 βεϐαιοτάτοις
3504 4136 3735 4205 φιλίαις

2795 4209 3160 4279 ἐχρήσαντο.

2258 4346 2420 4400 Δαόὶδ
2449 4346 2476 4399 6
2509 4343 2785 4415 βασιλεὺς,
2809 4344 2902 4395 καὶ
2942 4342 3216 4406 Ἰωνάθαν,
3254 4339 3389 4395 6τοῦ
3420 4337 3595 4394 Σαοὺλ
3621 4338 3734 4401 υίός
3756 4354 3769 4368 ·

2186 4441 2215 4493 6
2258 4437 2612 4508 Ἀεεσσαλὼμ
2642 4436 2737 4489 καὶ
2762 4436 2955 4491 Ἰακὼό
3121 4434 3348 4505 Ἀχαὰ6,
3370 4434 3398 4487 6
3424 4433 3519 4487 τοῦ
3554 4430 3775 4504 Ἰσραὴλ

2192 4530 2467 4599 βασιλεὺς,
2501 4529 2595 4583 καὶ
2634 4528 2926 4597 Ἰωσαφὰτ,
2962 4530 2990 4581 6
3015 4527 3110 4581 τοῦ
3153 4527 3348 4583 Ἰούδα.

505 4627 660 4683 CAP.
708 4627 888 4683 CLVI.
934 4659 1003 4670 -—
1052 4630 1183 4696 Quis
1221 4632 1535 4710 ratioaalem
1575 4635 1631 4687 in
1672 4635 1815 4689 bruti
1851 4638 2076 4689 animam

2205 4640 2440 4694 ΚΕΦΑΛ.
2472 4641 2627 4708 ΡΝς
2629 4648 2661 4696 ⁸.
2714 4673 2779 4683 --
2806 4643 2892 4705 Τίς
2931 4640 3263 4710 μετέϐαλεν
3290 4642 3377 4705 είς
3406 4638 3622 4707 θηρίον
3659 4636 3776 4706 τὴν

1179 4706 1421 4758 mutavit.

579 4811 1071 4869 Nabuchodonosor
1107 4816 1478 4888 Babylonius,
1512 4819 1741 4889 punitus
1775 4836 1950 4877 annos
1989 4840 2084 4892 ut,

507 4912 730 4974 propter
759 4905 1102 4975 jactantiam.

579 4994 734 5060 Saul,
764 4997 857 5066 qui
907 4997 1089 5066 justos
1135 5013 1197 5053 ac
1232 4998 1407 5054 honos
1437 5016 1650 5065 mores,
1682 5013 1903 5073 propter
1948 5006 2086 5061 invi-

496 5090 650 5149 ,diam
682 5086 874 5144 contra
902 5089 1094 5156 David,
1127 5090 1181 5145 in
1211 5091 1449 5159 injustos
1493 5104 1657 5166 atque
1700 5098 1874 5153 malos
1906 5115 2087 5157 mores

508 5184 757 5239 mulavit.

575 5278 751 5334 Iudas
793 5281 858 5337 ad
896 5280 1288 5351 discipulatum
1335 5292 1597 5350 vocatus,
1636 5292 1690 5340 ct
1717 5295 1936 5356 propter
1960 5303 2090 5343 ara--

508 5372 691 5427 ritiatn
728 5372 906 5437 factus
936 5374 1203 5442 proditor.

587 5464 838 5519 Nicotaus
869 5467 960 5554 qui
989 5482 1132 5520 unus
1179 5465 1280 5520 fuit
1313 5482 1377 5521 ex
1411 5477 1615 5537 septem
1649 5470 1920 5541 diaconis,
1949 5484 2003 5531 et
2036 5475 2089 5530 in

510 5555 759 5609 Ilflfl‘eSIIll
798 5557 984 5627 lapsus
1016 5566 1117 5609 cst-

578 5694 624 5727 ”
666 5694 854 5749 Matth.
892 5709 1117 5759 xxxvm,
1161 5692 1247 5747 16.

525 5820 533 5831 ·
584 5813 662 5885 (2)
694 5812 893 5886 Euseb.
934 5812 1006 5866 Η.
1046 5812 1107 5869 Ε.
1142 5814 1237 5869 lib.
1270 5830 1329 5882 ll,
1362 5831 1479 5886 cap.
1515 5818 1602 5872 ‘23.

585 5886 661 5957 (5)
698 5885 857 5942 Forte
889 5886 1045 5957 κληδ.

2864 4712 3097 4782 ψυχήν.

2260 4827 2824 4896 Ναϐουχοδονόσορ,
2851 4829 2878 4881 6
2903 4824 3263 4890 Βαόυλώνιος,
3304 4823 3641 4896 τ.ρωρηθε“ις
3688 4824 3775 4878 ἐπ’

2187 4919 2493 4992 ἀλαζονείᾳ,
2520 4921 2612 4990 ἔτη
2636 4920 2699 4986 ζ’.

2261 5014 2483 5078 Σαοὺλ,
2515 5016 2578 5067 ὲκ
2607 5015 2817 5069 δικαίου
2855 5014 2947 5069 καὶ
2973 5014 3179 5083 ἀγαθοῦ
3201 5016 3424 5087 τρόπου,
3461 5014 3548 5069 διὰ
3580 5014 3777 5084 φθόνον

2193 5106 2284 5159 τὸν
2316 5108 2457 5163 κατὰ
2487 5106 2582 5161 τοῦ
2611 5110 2794 5173 Δαϐὶδ,
2826 5110 2903 5173 είς
2938 5109 3121 5164 ἄδικον
3152 5110 3242 5164 καὶ
3277 5108 3479 5179 φαῦλον
3512 5106 3775 5179 μετέϐαλε

2200 5218 2226 5251 τ
2234 5201 2419 5271 ριῦπον.

2283 5292 2533 5360 Ἰούδας,
2569 5293 2790 5364 κληθεες
2823 5296 2901 5357 είς
2937 5292 3261 5365 μαθητείαν,
3311 5293 3405 5346 καὶ
3449 5292 3537 5347 διὰ
3588 5290 3779 5362 φιλαρ-

2197 5399 2264 5451 γυ
2275 5383 2396 5453 ρίαν
2426 5385 2692 5456 προδότης
2716 5385 3029 5455 γενόμενος.

2266 5477 2584 5544 Νικόλαος,
2644 5480 2708 5531 ἐκ
2735 5480 2844 5531 τῶν
2893 5479 3033 5532 ἑπτὰ
3070 5479 3333 5534 διακόνων
3376 5476 3637 5548 γεγονὼς,
3686 5488 3778 5529 και

2198 5570 2278 5633 είς
2311 5570 2522 5643 αἵρεσιν
2548 5572 2864 5645 ἑκτραπείς.

2276 5828 2351 5899 (ί)
2392 5827 2549 5884 Forte
2590 5829 2729 5885 ’ῐοᾶὁ
2759 5847 2821 5886 ex
2848 5830 2886 5883 Il
2920 5830 3044 5903 Reg.
3075 5848 3185 5888 xxv.
