4040 6576
371 389 475 452 173

1537 378 1912 440 LIBELLUS
1951 377 2456 440 MEMORIALIS.

3516 369 3612 435 I74

361 499 609 556 ΚΕΦΑΛ.
662 495 830 549 ΡΝΖ’.
855 518 926 532 -—
954 493 1115 558 Τίνες
1143 491 1212 546 ἐκ
1241 491 1489 562 φαύλων
1531 491 1739 560 ἀγαθοὶ
1776 490 1938 560 γεγό-

2045 485 2196 542 CAP.
2234 485 2437 542 CLVJ.
2473 516 2541 528 -
2593 485 2822 551 Quinam
2879 483 3007 537 mali
3055 501 3170 538 cum
3219 495 3426 550 essent,
3462 487 3613 555 probi

1089 578 1254 617 νασι.

429 679 727 744 Matthiae
779 679 843 730 ἐκ
892 675 1123 730 τελώνου
1159 674 1458 738 ἀπόστολος
1509 674 1604 729 καὶ
1653 673 1938 742 εὐαγγελι-

360 775 493 846 στὴς
529 772 839 841 γενόμενος.
886 767 1138 838 Ζαχαῖος
1163 766 1494 836 καταλείψας
1529 765 1588 818 τὸ
1636 765 1936 829 τελωνεῖον,

358 867 734 926 καταδικάσας
767 862 982 924 ἑαυτὸν,
1027 860 1401 932 τετραπλάσια
1428 859 1463 912 ἃ
1500 857 1760 928 ἠδίκησεν
1801 858 1938 910 ἀπο-

355 960 503 1021 δοὺς,
537 957 630 1008 καὶ
673 953 816 1006 οὕτω
850 952 939 1005 τὸν
968 953 1172 1021 Κύριον
1222 949 1536 1020 δεξάμενος.
1587 947 1830 1015 Παῦλος
1875 946 1941 1000 ἐκ

355 1051 587 1103 διώκτου
617 1045 794 1118 κῆρυξ
823 1046 920 1116 τῆς
945 1045 1177 1107 πίστεως
1198 1044 1507 1113 γενόμενος.

355 1160 610 1213 ΚΕΦΛᾹ.
644 1153 821 1211 ΡΝΗ’.
848 1186 919 1197 -
957 1155 1052 1220 Τίς
1101 1154 1423 1223 μακρόϐιος
1483 1151 1626 1208 μετὰ
1683 1149 1941 1206 Μωῦσέα

1025 1225 1285 1294 ἐγένετο.

436 1341 624 1395 Ἰωδαὲ
675 1339 989 1410 ἀρχιερεὺς,
1043 1339 1070 1390 ὁ
1116 1335 1213 1406 τὴν
1265 1335 1514 1390 Γοδολίαν
1581 1333 1938 1400 ἀποκτείνας,

352 1436 526 1502 ζήσας
551 1433 865 1490 ἐκατὸνκαὶ
899 1432 1198 1501 τριάκοντα
1226 1429 1342 1499 ἔτη.

349 1545 610 1600 ΚΕΦΑΔ.
642 1543 792 1596 PNG’
821 1571 890 1584 -—
934 1543 1098 1597 Τίνες
1131 1541 1390 1596 λέοντας
1421 1541 1638 1612 χερσὶν
1670 1541 1941 1597 ἀνεῖλον.

417 1721 693 1793 Σαμψὼν
721 1724 748 1776 ὁ
787 1720 1110 1792 Ναζωραῖος
1129 1737 1144 1751 ·
1182 1721 1366 1788 Δαειδ,
1398 1722 1487 1776 ὅτε
1526 1721 1595 1776 τὰ
1619 1721 1711 1775 τοῦ
1741 1721 1947 1792 πατρὸς

2673 566 2975 611 evaserunt.

2120 672 2406 726 Matt/usus
2440 686 2506 726 ex
2538 670 2831 740 publicano
2853 669 3136 740 apostolus
3163 668 3339 726 factus
3370 678 3424 725 et
3452 685 3619 725 evan-

2040 765 2253 836 gelista.
2285 762 2564 825 Zachwus,
2591 762 2684 833 qui
2710 761 2929 832 reliquit
2952 762 3238 825 telonium,
3267 763 3619 833 seipsumque

2041 857 2320 914 damnavit
2354 857 2407 910 in
2436 856 2796 927 quadruplam
2827 855 3224 910 restitutionem
3259 871 3473 919 eorum,
3497 873 3619 926 qua:

2043 951 2242 1022 injuste
2280 948 2650 1009 fraudaverat,
2679 957 2843 1018 atque
2872 946 3132 1016 deinceps
3171 949 3461 1003 Dominum
3493 967 3618 1005 sus-

2043 1041 2205 1112 cepit.
2255 1039 2455 1093 Paulus
2481 1053 2545 1094 ex
2575 1045 2926 1108 persecutore
2951 1035 3178 1092 effectus
3209 1053 3386 1107 praeco
3415 1039 3558 1094 ﬁdei.

2043 1151 2196 1208 CAP.
2241 1149 2472 1206 CLVIII.
2499 1179 2570 1190 —
2612 1147 2743 1213 Quis
2778 1147 3209 1288 Iloqgavissimus
3249 1160 3366 1218 post
3405 1149 3621 1220 Moysen

2804 1235 2857 1271 ui
2891 1260 2904 1272 .

2804 1235 2904 1272 αιι.

2115 1337 2283 1392 Jodae
2310 1336 2576 1406 pontifex,
2605 1335 2695 1406 qui
2727 1333 3010 1391 Godoliam
3053 1334 3349 1402 interfecit,
3379 1339 3622 1407 vixitque

2047 1445 2221 1483 annos
2248 1437 2464 1482 centum
2488 1436 2544 1482 et
2577 1425 2821 1496 triginta.

2047 1541 2198 1597 CAP.
2246 1538 2423 1596 CLIX.
2468 1569 2495 1579 -
2571 1538 2676 1605 Qui
2705 1549 2847 1603 sunt,
2887 1540 2974 1611 qui
3001 1538 3176 1594 leones
3209 1541 3450 1596 manibus
3483 1543 3622 1596 occi-

2734 1613 2944 1664 derunt.

2121 1725 2347 1781 Samson
2381 1722 2680 1778 Naziraans.
2726 1721 2916 1786 David,
2949 1725 3172 1792 quando
3212 1721 3466 1792 pascebat
3494 1739 3626 1778 oves

349 1817 509 1887 ενεμε
565 1816 818 1886 ποίμνια.
861 1815 1100 1878 Βαναίας
1153 1816 1182 1868 ὁ
1237 1813 1332 1868 τοῦ
1399 1814 1577 1882 Ἰωάὄ,
1637 1814 1729 1869 τοῦ
1777 1813 1939 1867 Δαὸὶδ

2048 1820 2218 1889 patris
2257 1835 2284 1874 s
2309 1817 2364 1873 :i.
2413 1815 2650 1884 Banajas
2701 1814 2845 1869 illius
2872 1813 3029 1880 Joab,
3067 1814 3320 1885 idemque
3358 1816 3468 1870 dux
3527 1817 3626 1869 Da-

354 1911 694 1984 στρατηγός.

384 2047 642 2101 ΚΕΦΑΛ.
670 2046 767 2099 PE.’
793 2077 861 2087 —
889 2046 1052 2113 Τίνες
1075 2045 1192 2102 ὑπὸ
1210 2045 1474 2100 λεόντων
1495 2045 1898 2114 ἀνῃρέθησαν.

430 2161 613 2215 Ἰαὼδ
664 2161 692 2213 ὁ
729 2161 1035 2232 προφήτης,
1086 2163 1114 2214 ὁ
1158 2162 1218 2214 τὸ
1255 2164 1479 2231 σημεῖον
1510 2161 1590 2223 εἰς
1631 2161 1729 2232 τὴν
1769 2161 1942 2232 Βεθὴλ

350 2255 492 2318 δοὺς,
531 2255 636 2325 τὴν
663 2252 757 2307 τοῦ
786 2253 1173 2321 θυσιαστηρίου
1222 2253 1531 2325 διάρρηξιν.
1582 2253 1644 2305 '0
1683 2254 1942 2320 Ἀνθρω-

351 2363 466 2413 πος
488 2349 520 2400 ὁ
544 2345 858 2408 κελευσθεὶς
899 2346 1136 2410 πατάξαι
1180 2345 1269 2399 τὸν
1300 2349 1605 2417 προφήτην,
1631 2348 1723 2398 τὸν
1754 2345 1936 2415 βουλό-

357 2457 519 2510 μενον
564 2438 735 2503 δεῖξαι
782 2438 975 2490 ἑαυτὸν
1018 2438 1558 2508 τετραυματισμένον
1588 2438 1666 2509 τῷ
1714 2436 1939 2507 Ἀχαάϐ,

354 2531 447 2582 καὶ
475 2530 558 2599 μὴ
603 2529 917 2592 ὑπακούσας
939 2544 954 2558 ο
987 2529 1037 2581 οἰ
1067 2529 1510 2590 κατοικισθέντες
1543 2531 1682 2600 μετά
1709 2531 1805 2600 τὴν
1844 2530 1940 2583 τοῦ

369 2619 593 2688 Ἰσραὴλ
623 2619 1000 2689 αἰχμαλωσίαν
1031 2619 1398 2674 Βαϐυλώνιοι
1425 2623 1504 2684 εἰς
1534 2621 1871 2693 Σαμάρειαν.

357 2730 616 2786 ΚΕΦΑΛ.
646 2727 812 2786 ΡΞΑ’.
841 2759 911 2768 -
937 2731 1104 2796 Τίνες
1127 2731 1226 2784 ἐπὶ
1261 2734 1627 2800 ίεροσυλίαις
1649 2733 1941 2804 ἀνῃρέθη·

1081 2815 1220 2855 σαν.

438 2909 625 2980 Ἀχὰρ
652 2911 746 2966 ἐπὶ
797 2911 972 2982 Ἰησοῦ
1011 2911 1101 2966 τοῦ
1134 2913 1311 2984 Ναυῆ,
1353 2916 1446 2969 ἐπὶ
1479 2917 1590 2980 τοῖς
1623 2917 1941 2988 ἀναθήμασι

356 3003 457 3073 τῆς
498 3003 735 3074 Ἰεριχῶ.
796 3005 966 3074 Ὀερνί
996 3007 1088 3059 καὶ
1121 3007 1328 3075 Φινεὲς
1357 3009 1406 3061 οἱ
1429 3008 1522 3062 τοῦ
1566 3009 1736 3072 Ἠλεὶ,
1774 3011 1866 3062 ἐπὶ
1884 3009 1944 3063 τὸ

358 3097 579 3159 ἑαυτοῖς
619 3095 964 3168 ἀπάρχεσθαι
1004 3097 1072 3151 τά
1129 3100 1318 3169 ἱερεῖα.
1357 3101 1633 3168 Ἀνανίας
1667 3102 1760 3154 καὶ
1787 3104 1943 3155 Σαπ-

2047 1912 2211 1966 vidis.

2045 2046 2197 2103 CAP.
2231 2043 2387 2100 CLX.
2420 2074 2491 2087 --
2525 2042 2753 2109 Quinam
2779 2059 2811 2097 a
2832 2042 3070 2098 leonibus
3096 2042 3361 2112 interfecti
3387 2043 3621 2112 fuerunt.

2115 2157 2256 2211 Jaod
2295 2157 2578 2226 propheta,
2612 2156 2708 2226 qui
2744 2155 2959 2226 signum
3003 2154 3056 2210 in
3091 2155 3276 2211 Bethel
3318 2157 3510 2220 edidit,
3545 2157 3626 2214 al-

2046 2251 2179 2306 taris
2206 2265 2400 2321 nempe
2427 2249 2876 2305 destructionem.
2921 2246 3013 2302 Vir
3052 2248 3163 2311 ille,
3194 2251 3288 2318 qui
3318 2249 3506 2318 jussus
3541 2259 3626 2303 est

2047 2353 2329 2413 percutere
2357 2343 2699 2412 prophetam,
2731 2327 2828 2411 qui
2858 2340 3078 2396 volebat
3102 2342 3390 2395 ostendere
3415 2355 3475 2395 se
3506 2343 3624 2394 vul-

2046 2445 2291 2488 neratum
2322 2435 2566 2496 Achabo,
2609 2448 2710 2488 nec
2755 2433 3176 2503 obtemperavit.
3214 2431 3497 2504 Babylonii
3530 2435 3621 2502 qui

2045 2526 2260 2583 colonia
2289 2525 2503 2581 deducti
2528 2535 2657 2581 sunt
2686 2525 2738 2579 in
2770 2525 3101 2590 Samariam,
3138 2535 3428 2596 postquam
3459 2528 3623 2582 Israe.

2045 2618 2291 2688 captivus
2322 2617 2591 2672 abductus
2615 2617 2742 2671 fuit.

2043 2727 2197 2786 CAP.
2239 2727 2420 2783 CLXI.
2445 2758 2514 2772 ——
2547 2729 2779 2795 Quinam
2809 2738 3024 2799 propter
3050 2730 3334 2800 sacrilegia
3360 2731 3626 2802 interfecti

2769 2812 2915 2855 sunt.

2116 2917 2292 2971 Achar
2338 2924 2580 2986 tempore
2626 2915 2749 2971 Jesu
2802 2916 2968 2982 Nave,
3012 2926 3231 2986 propter
3275 2918 3624 2974 anathemata

2046 3007 2401 3066 Jericbuntis.
2451 3009 2624 3080 Opimi
2664 3022 2718 3065 et
2751 3009 2996 3075 Phineas,
3026 3008 3120 3063 ﬁlii
3156 3010 3297 3072 Heli.
3341 3021 3621 3082 prapterea

2046 3101 2191 3172 quod
2242 3113 2422 3172 partes
2470 3103 2817 3157 victimarum
2873 3103 2976 3156 sibi
3031 3104 3208 3169 primo
3259 3105 3622 3177 usurpabant.

357 3189 535 3260 gat-pa
569 3192 602 3260 ἡ
636 3190 824 3244 τούτου
849 3190 1008 3263 γυνη,
1038 3192 1131 3245 ἐπὶ
1159 3193 1235 3264 τῷ
1266 3194 1405 3266 μέρη
1435 3195 1555 3248 τινὰ
1585 3197 1748 3265 τιμῆς
1765 3194 1934 3266 ἀγροῦ

2045 3195 2278 3247 Ananias
2308 3203 2360 3248 et
2389 3193 2651 3262 Sapphira
2677 3193 2797 3261 ejus
2825 3209 2984 3260 uxor,
3014 3195 3106 3265 qui
3138 3203 3320 3265 partes
3355 3191 3623 3265 quasdam

358 3283 681 3354 προσάγειν,
741 3282 945 3337 ἐθέλειν
995 3284 1052 3338 δὲ
1099 3285 1199 3357 τὴν
1246 3285 1607 3359 ἀποστολικὴν
1661 3286 1940 3342 πολιτείαν

358 3375 598 3445 ἀπατᾷν,
647 3375 722 3439 ὡς
774 3375 901 3447 ὃλην
943 3376 1038 3429 τοῦ
1080 3375 1252 3448 ἀγροῦ
1299 3376 1396 3450 τὴν
1436 3378 1602 3450 τιμὴν
1660 3378 1736 3451 μὴ
1775 3393 1941 3450 προστ

359 3469 711 3536 ενέγκαντας.

360 3603 616 3659 ΚΕΦΛΛ.
651 3600 818 3658 ΡΞΒ’.
851 3631 910 3645 -
947 3604 1112 3670 Τίνες
1141 3606 1223 3672 εἰς
1260 3603 1529 3672 λάκκους
1553 3598 1641 3672 ἐίς
1670 3604 1737 3660 τὸ
1767 3606 1938 3662 ἀναι-

819 3672 1065 3744 ρεθῆναι
1111 3675 1482 3745 ἐϐλήθησαν.

441 3781 671 3854 Ἰωσὴφ
715 3784 821 3838 ὑπὸ
841 3785 951 3837 τῶν
982 3783 1244 3852 ἀδελφῶν.
1272 3785 1551 3854 Ἱερεμίας
1579 3783 1684 3840 ὑπὸ
1712 3785 1820 3837 τῶν
1840 3785 1938 3856 ἀρ-

359 3879 564 3950 χόντων
600 3877 693 3932 τοῦ
725 3877 876 3932 λαοῦ.
909 3877 1132 3946 Δανιὴλ
1158 3878 1260 3931 ὑπὸ
1287 3879 1530 3948 Περσῶν.
1895 3885 1910 3900 ⁸

427 3993 683 4047 ΚΕΦΑΛ.
714 3989 877 4045 ΡΞιν.
911 4021 981 4031 -
1017 3993 1182 4055 Τίνες
1208 3993 1382 4056 δίκας
1407 3992 1635 4046 ἔδοσαν
1665 3995 1937 4061 πλημμε-

977 4063 1301 4129 mitras-rec.

433 4174 588 4234 Kdl‘r
615 4178 944 4240 ἀποκτείνας
983 4178 1073 4230 τὸν
1101 4177 1349 4247 ἀδελφὸν,
1383 4179 1462 4242 εἰς
1494 4179 1721 4248 ἕϐδομον
1746 4179 1938 4247 γενεὰν

361 4272 726 4343 παραλυθείς·
762 4272 1041 4342 Σοδόμων
1068 4273 1124 4327 αἰ
1153 4272 1338 4337 πόλεις
1369 4274 1826 4344 καταφλεχθεῖσαι
1849 4273 1938 4327 διὰ

363 4365 466 4436 τὴν
486 4365 584 4432 τῆς
605 4365 822 4433 φύσεως
848 4365 1255 4436 παραχάραξιν.
1292 4367 1589 4420 Χαναναῖοι
1611 4365 1700 4420 καὶ
1743 4368 1938 4438 Ἀμορο

370 4460 515 4527 ραῖοι
541 4456 650 4510 τῶν
702 4457 921 4510 οἰκείων
966 4457 1326 4526 ἐκϐληθέντες
1365 4457 1456 4511 διὰ
1503 4457 1602 4528 τὴν
1649 4457 1937 4511 εἰδωλολα·

2047 3286 2205 3356 pretii
2239 3287 2352 3358 agri
2382 3287 2705 3352 attulerunt,
2732 3287 2825 3342 sed
2853 3288 3108 3343 volebant
3128 3289 3378 3358 decipere
3400 3299 3624 3360 aposto-

2046 3379 2206 3434 licam
2243 3380 2522 3450 politiam;
2556 3378 2757 3450 quippe
2787 3380 2879 3450 qui
2915 3396 3021 3435 non
3052 3382 3322 3452 integrum
3353 3382 3468 3453 agri
3499 3397 3620 3452 pre-

2046 3472 2181 3528 tium
2221 3473 2542 3528 attulerunt.

2045 3603 2197 3662 CAP.
2230 3603 2440 3661 CLXII.
2473 3635 2543 3646 —-
2575 3606 2817 3692 Quinam
2851 3607 3109 3692 infaveas
3143 3610 3214 3664 ad
3244 3622 3442 3667 certam
3478 3629 3624 3668 mor-

2570 3687 2671 3730 tem
2696 3694 2790 3746 pro
2787 3687 2917 3747 jecti
2946 3691 3092 3736 sunt.

2114 3788 2311 3859 Ioseph
2335 3806 2362 3844 a
2400 3790 2681 3847 fratribus.
2706 3791 2966 3850 Jeremias
2995 3811 3024 3850 a
3047 3796 3385 3868 principibus
3414 3799 3618 3870 p0puli.

2045 3879 2238 3935 Daniel
2263 3897 2292 3937 a
2323 3882 2525 3938 Persis.

2042 3994 2198 4050 CAP.
2229 3993 2458 4051 CLXIII.
2505 4025 2575 4037 —
2625 3996 2862 4079 Quinam
2910 4015 3086 4067 paruas
3131 4001 3344 4056 luerunt
3399 4018 3617 4058 suorum

2686 4083 2986 4122 cnmmum.

2118 4160 2403 4252 Cain.qui
2453 4180 2676 4238 fratrem
2731 4197 2891 4238 suum
2929 4183 3231 4250 interfecit,
3284 4190 3337 4252 in
3389 4189 3619 4257 septima

2045 4277 2397 4345 generatione
2423 4292 2454 4330 e
2476 4277 2656 4330 medio
2686 4274 2959 4332 sublatus.
2991 4274 3390 4331 Sodomitarum
3429 4281 3621 4334 civita-

2047 4378 2127 4423 tes
2166 4369 2444 4424 subversae
2471 4369 2544 4424 ob
2589 4379 2982 4439 praposterum
3014 4380 3222 4425 natura;
3252 4386 3434 4424 nsum.
3480 4369 3621 4428 Cha-

2047 4464 2219 4517 nanrei
2271 4472 2324 4516 et
2351 4462 2656 4517 Amorrlta'i
2701 4463 2770 4518 de
2795 4463 3018 4517 sedibus
3051 4464 3167 4517 suis
3201 4463 3353 4529 ejecti
3405 4473 3620 4533 propter

363 4550 554 4622 τρείαν
573 4566 588 4580 ο
614 4548 826 4618 Φαραὼ
853 4553 948 4603 καὶ
975 4549 1026 4602 οἱ
1051 4549 1341 4616 Αἰγύπτιοι
1357 4549 1521 4613 θείοις
1536 4551 1936 4620 ἐναντιούμενοι

2045 4554 2431 4610 idololatriam.
2458 4553 2672 4608 Pharao
2691 4561 2747 4609 et
2767 4552 3012 4626 [Egyptii
3043 4555 3341 4609 reniientes
3360 4555 3621 4627 prodigiis

365 4643 641 4713 σημείοις,
673 4643 754 4704 είς
783 4641 874 4695 τὸν
917 4641 1078 4711 βυθὸν
1108 4642 1478 4710 συσχεθέντες.
1522 4644 1724 4698 Σαοὺλ
1755 4645 1813 4695 ὲν
1844 4662 1943 4697 πο-

363 4733 518 4803 λέμῳ
548 4732 736 4786 πεσὼν
770 4732 889 4803 ἅμα
918 4736 1028 4796 τοῖς
1047 4735 1289 4798 οἰκείοις,
1313 4733 1409 4788 καὶ
1436 4736 1548 4798 τοῖς
1573 4735 1944 4798 Γαδαωνίταις

366 4827 729 4895 ὲκδιδομένων
758 4825 870 4878 τῶν
898 4825 1027 4878 υἱῶν
1056 4826 1237 4880 αὐτῶν
1267 4827 1358 4900 εἰς.
1380 4826 1678 4890 ὲξιλέωσιν.
1743 4828 1812 4882 Ἣ
1839 4829 1943 4883 τοῦ

367 4920 648 4991 Βενιαμίν
686 4918 848 4988 φυλὴ,
883 4919 977 4971 ἐπὶ
1022 4921 1088 4989 τῇ
1128 4919 1386 4990 ἀσελγείᾳ
1419 4921 1518 4990 τῆς
1558 4921 1817 4988 γυναικὸς
1849 4922 1941 4974 τοῦ

367 5013 756 5084 Βηθλεεμίτου.
799 5011 858 5066 Ἠ
895 5011 1184 5066 Βαὸυλὼν
1237 5012 1334 5067 ἐπὶ
1381 5015 1444 5082 τῇ
1507 5011 1753 5082 βασιλείᾳ
1789 5015 1943 5084 ἐγερ-

368 5107 542 5172 θεῖσα,
569 5108 648 5170 είς
673 5107 909 5177 ἐρημίαν
954 5105 1255 5160 ἐκδοθεῖσα.
1305 5107 1496 5175 Ἀχαρ
1540 5106 1902 5178 ἱεροσυλήσας
1925 5124 1939 5138 ·

378 5200 437 5254 '0
465 5203 524 5254 ἐν
571 5204 638 5270 τῇ
697 5202 889 5270 ἐρήμῳ
934 5202 1000 5253 τὸ
1038 5201 1339 5253 Σαϐϐαῖον
1383 5199 1698 5270 βεϐηλώσας
1737 5200 1830 5254 ἐπὶ
1876 5202 1939 5270 τῇ

362 5291 473 5346 τῶν
502 5291 676 5358 ξύλων
708 5291 941 5362 συλλογῇ
963 5307 976 5319 ο
1000 5294 1026 5343 ὁ
1050 5291 1181 5343 Θεὸν
1211 5291 1268 5342 ἐν
1296 5292 1362 5361 τῇ
1399 5291 1548 5364 μάχῃ
1565 5290 1942 5368 ,ϐλασφημή-

365 5400 483 5451 σας
539 5384 682 5439 κατά
727 5385 826 5452 τὴν
865 5384 1096 5455 ἔρημον.
1137 5387 1200 5437 Οἱ
1229 5384 1331 5438 τοῦ
1374 5385 1539 5439 Ἡλεί
1579 5384 1810 5451 παῖδες,
1842 5383 1942 5453 τῆς

371 5478 672 5549 ἱερωσύνης
710 5480 849 5548 μετὰ
879 5479 1152 5549 τιμωρίας
1205 5477 1627 5540 καταλυθέντες.
1658 5478 1942 5543 Σεδεκίας

369 5571 733 5640 ὲκτυφλωθεὶς
767 5571 872 5630 ὑπὸ
903 5570 994 5624 τοῦ
1023 5571 1388 5624 Βαϐυλωνίου.
1446 5569 1508 5622 '0
1541 5570 1688 5635 λαός
1715 5573 1746 5623 ό
1795 5568 1942 5622 Ἰου-

367 5662 569 5728 δαίων,
606 5665 699 5718 ἐπὶ
726 5666 793 5735 τῇ
833 5664 974 5717 κατὰ
1009 5662 1103 5716 τοῦ
1135 5663 1387 5734 Σωτῆρος
1415 5662 1807 5724 ἐπαναστάσει,
1843 5662 1940 5731 τὴν

370 5755 447 5810 ἐτι
485 5757 819 5826 κατέχουσαν
849 5757 1010 5812 αὑτὸν
1069 5755 1357 5824 ὑπομένων
1401 5754 1537 5827 μετὰ
1579 5753 1941 5825 ἀναισθησίας

368 5848 766 5919 αἰχμαλωσίαν.

2047 4647 2268 4714 divinis,
2302 4656 2356 4701 et
2415 4647 2466 4700 in
2517 4646 2847 4714 profundum
2882 4647 3172 4702 submersi.
3212 4645 3366 4710 Saul,
3423 4648 3519 4718 qui
3568 4649 3622 4702 in

2046 4741 2191 4796 bello
2220 4738 2415 4794 cecidit
2453 4754 2577 4793 cum
2611 4739 2749 4809 suis,
2783 4739 2999 4792 traditis
3035 4738 3222 4792 liberis
3255 4738 3374 4808 ejus
3405 4737 3622 4794 Gabao-

2047 4833 2177 4888 nitis
2237 4832 2290 4885 in
2331 4832 2717 4902 placationem.
2773 4830 3128 4901 Beujamitica
3179 4832 3350 4887 tribus
3405 4844 3624 4904 propter

2045 4939 2326 4978 eltnrmem
2362 4923 2646 4978 libidinem
2677 4940 2800 4978 cum
2837 4939 3008 4978 uxore
3044 4924 3140 4977 viri
3190 4923 3618 4980 Betlnlebetnitm.

2047 5013 2310 5082 Babylon,
2344 5029 2464 5082 quae
2498 5014 2568 5068 ob
2599 5028 2823 5084 regnum
2845 5015 3007 5075 elata,
3054 5017 3106 5067 in
3150 5013 3434 5068 desertum
3464 5017 3622 5068 retia-

2045 5117 2130 5160 cta
2156 5105 2278 5160 fuit.
2308 5105 2485 5160 Achar
2514 5106 2836 5176 sacrilegus.
2862 5105 2966 5171 Qui
2994 5103 3285 5160 Subbatum
3315 5106 3622 5174 profanavit

2048 5200 2098 5252 in
2133 5200 2354 5253 deserto
2386 5213 2483 5268 per
2514 5198 2888 5252 collectionem
2920 5199 3211 5269 lignorum.
3246 5196 3352 5263 Qui
3375 5196 3620 5264 blasphe-

2048 5293 2208 5346 mavit
2241 5292 2409 5347 Deum
2465 5290 2516 5344 in
2551 5290 2668 5344 rixa
2723 5306 2884 5360 quam
2919 5291 3044 5346 iniit
3091 5293 3144 5345 in
3192 5292 3429 5344 deserto.
3485 5285 3618 5341 Filii

2037 5386 2287 5457 Heli,qui
2322 5387 2374 5441 in
2406 5402 2622 5456 poenam
2649 5384 2844 5455 privati
2871 5395 2999 5440 sunt
3022 5383 3348 5440 saccr.!o:io.
3373 5381 3618 5435 Sedecias

2047 5490 2283 5536 Caecatus
2317 5496 2346 5533 a
2380 5495 2504 5550 rege
2543 5479 2858 5550 Babylonis.
2902 5477 3168 5531 Iudaicus
3216 5474 3441 5545 populus
3488 5490 3618 5544 prn-

2050 5581 2236 5642 pterea
2299 5573 2445 5644 quod
2499 5571 2838 5628 Salvatorcm
2896 5571 3082 5640 inique
3148 5577 3470 5638 persecutus
3524 5567 3618 5632 sit,

2046 5664 2280 5719 sustinet
2348 5663 2526 5721 adhuc
2587 5662 2980 5722 insensibiliter
3039 5659 3446 5731 captivitatem,
3499 5674 3620 5730 qua:

2046 5757 2196 5812 illum
2227 5758 2444 5828 premit.
