4040 6630
352 489 3227 538 ῤ--Μ

355 541 406 552 .—

1642 683 1814 730 ANNO
1857 683 2079 729 DOMINI
2126 685 2236 730 CM!

403 855 1796 1057 NICEPHORUS
1926 865 3481 1098 PHILOSOPHUS

1689 1184 2202 1279 ΝΟΤΙΤΙΑ

1299 1380 1492 1444 (Ouum.
1534 1380 1602 1433 De
1642 1377 1822 1444 Script.
1862 1377 2191 1431 eccles.'tom.
2219 1377 2284 1443 Il,
2319 1395 2431 1444 pag.
2467 1379 2603 1443 102.)

1922 1560 1993 1573 —

379 1679 722 1754 Nicephorus
756 1684 1118 1754 philosophus
1159 1692 1214 1742 ct
1239 1693 1426 1740 orator
1445 1683 1773 1754 patriarchae
1811 1683 2430 1753 Coustaritiuopolitani,
2471 1685 2576 1742 sub
2613 1685 2855 1742 Antonio
2893 1684 3098 1742 Caulca
3130 1683 3379 1752 ejusdem
3430 1686 3579 1740 sedis

313 1771 725 1842 arelriepiscOpo
765 1782 819 1827 et
844 1773 1155 1841 patriarcha
1186 1773 1398 1837 vivens,
1443 1773 1528 1828 bis
1564 1772 1755 1827 iisdem
1811 1773 2145 1843 tcmpOribus
2179 1775 2464 1844 aliquanto
2510 1785 2634 1844 post
2660 1790 2752 1830 an.
2800 1774 2907 1829 8H)
2955 1775 3166 1840 ﬂoruit,
3237 1776 3578 1845 scripsitque

317 1857 625 1912 Orationem
656 1859 925 1929 funebrem
959 1876 1057 1915 seu
1083 1859 1470 1914 Narrationem
1499 1860 1934 1914 encomiasticam
1976 1860 2111 1914 Vita:
2132 1864 2303 1916 sancti
2337 1862 2560 1917 Antonii
2583 1871 2928 1934 cognomento
2971 1863 3206 1925 Caulece,
3258 1863 3584 1930 patriarcha:

313 1945 914 2018 Constantinopolitani,
946 1951 1041 2021 qui
1075 1965 1222 2005 auuo
1251 1948 1454 2004 Christi
1483 1948 1611 2015 891,
1641 1949 1736 2003 sub
1763 1949 2078 2018 imperatore
2106 1946 2271 2001 Leone
2301 1945 2622 2017 Philosopho
2653 1964 2745 2001 seu
2771 1947 3040 2017 Sapiente,
3076 1947 3164 2002 die
3198 1946 3262 2000 ιε
3293 1946 3577 2001 Februarii

316 2047 564 2092 mortuus
594 2046 695 2092 est.
727 2037 921 2094 Exstat
967 2039 1081 2094 haec
1129 2038 1320 2094 Oratio
1353 2054 1450 2093 seu
1491 2037 1614 2092 Vita
1654 2039 1799 2108 apud
1839 2035 2198 2091 Laurentium
2227 2035 2471 2102 Surium,
2525 2043 2586 2091 ut
2629 2047 2683 2090 et
2732 2035 2877 2107 apud
2927 2034 3197 2091 Joannem
3256 2035 3583 2090 Bollandum

315 2134 479 2195 atque
513 2124 944 2188 Henscheuium,
983 2128 1036 2181 iu
1079 2127 1226 2182 Actis
1268 2125 1585 2181 Sanctorum
1614 2126 1682 2180 ad
1716 2127 1860 2180 diem
1914 2128 1982 2181 12
2009 2128 2320 2194 Februarii,
2375 2128 2470 2184 sed
2513 2127 2808 2198 utrobique
2859 2127 3050 2181 Latine
3106 2135 3340 2182 tantum.
3383 2125 3585 2180 Eadem

315 2223 495 2292 autem
537 2213 727 2268 Oratio
768 2230 865 2270 seu
916 2215 1037 2270 Vita
1067 2223 1248 2271 exstat
1275 2215 1466 2271 Graece
1496 2215 1894 2284 mauuscripta,
1953 2217 2006 2271 in
2041 2217 2377 2272 bibliotheca
2424 2216 2677 2273 Casarca
2725 2216 3165 2284 Viudobouensi,
3208 2217 3352 2271 inter
3386 2233 3586 2270 marm—

315 2303 553 2372 scriptos
585 2304 807 2360 codices
838 2307 1134 2363 historicos
1166 2305 1408 2370 Graecos,
1440 2306 1564 2360 cod.
1615 2304 1706 2369 XI,
1739 2322 1893 2360 num.
1922 2306 2012 2370 ‘20,
2060 2316 2114 2361 et
2147 2306 2368 2376 quidem
2416 2322 2446 2360 a
2479 2305 2612 2361 l‘olio
2641 2305 2732 2371 95,
2784 2321 2907 2376 pag.
2957 2304 3013 2370 2,
3047 2305 3155 2360 col.
3196 2305 3254 2370 ‘2,
3303 2322 3480 2375 usque
3517 2308 3584 2359 ad

317 2392 404 2445 fol.
447 2393 574 2455 109,
613 2409 736 2466 pag.
765 2394 822 2457 2.
853 2396 1054 2451 colum.
1096 2412 1134 2457 ι,
1173 2404 1230 2449 ιιι
1265 2395 1428 2450 habet
1456 2393 1651 2448 Petrus
1701 2394 2030 2450 Lambecius
2073 2395 2214 2449 libro
2262 2409 2357 2448 Vill
2399 2394 2938 2449 Commentariorum;
2991 2394 3156 2464 hujus
3211 2393 3580 2453 bibliotheem,

315 2497 361 2552 p.
392 2481 490 2548 83,
523 2483 683 2552 cujus
710 2484 906 2541 titulus
937 2494 991 2540 et
1037 2485 1371 2555 principium
1411 2502 1424 2538 :
1481 2484 1803 2556 Νικηφόρον
1855 2500 1910 2537 το

1989 2482 2413 2554 μακαριωτάτου
2464 2482 2757 2552 φιλοσόφου
2807 2482 2898 2536 irai
2955 2483 3207 2553 ῥήτορος,
3258 2483 3581 2551 Ἐπιτάφιον

312 2571 428 2640 ἦτοι
465 2571 584 2642 βίος
609 2573 875 2644 ἐγκωμίῳ
931 2573 1430 2646 συμπεπλεγμένος
1459 2574 1541 2636 εἰς
1567 2573 1660 2626 τὸν
1711 2574 1890 2644 μέγαν
1943 2572 2000 2624 ὲν
2035 2571 2387 2643 ἀρχιερεῦσιν
2417 2570 2578 2637 Θεοῦ,
2628 2571 2724 2625 καὶ
2755 2570 3072 2641 θαυμαστὸν
3113 2573 3170 2624 ὲν
3203 2571 3578 2643 πατριάρχης

323 2661 631 2716 Ἀντώνιον.
670 2663 783 2717 Οὐκ
811 2659 879 2736 ἦν
906 2665 1014 2735 ἄρα
1039 2665 1148 2718 τῶν
1175 2665 1562 2735 προλαϐόντων
1590 2662 1771 2716 καλῶν
1801 2664 1880 2725 εἰς
1905 2679 1918 2713 ι

1988 2677 2108 2723 ιτιν,
2147 2671 2255 2714 etc.‘
2293 2659 2347 2714 ιιι
2378 2668 2464 2714 est
2501 2677 2515 2713 :
2555 2658 2846 2728 Nicephori
2875 2659 3172 2715 beatissimi
3200 2661 3502 2731 philosophi
3533 2671 3583 2716 et

311 2753 544 2805 oratoris
579 2750 769 2807 Oratio
799 2752 1036 2820 funebris
1079 2755 1185 2807 sive
1226 2751 1346 2806 Vita
1377 2769 1497 2806 cum
1527 2752 1764 2806 encomio
1795 2750 2100 2820 conjuncta,
2132 2753 2187 2802 in
2219 2764 2471 2819 maguum
2501 2747 2598 2803 Dei
2639 2750 3092 2819 archiepiscopum
3127 2759 3176 2804 et
3208 2749 3584 2804 admirabilem

313 2841 362 2890 in
403 2840 732 2908 patriarchis
768 2842 1076 2906 Antonium,
1105 2850 1213 2897 etc.
1247 2839 1471 2895 Minime
1502 2849 1686 2895 autem
1723 2839 2144 2894 confundendus
2171 2847 2252 2893 est
2274 2838 2366 2893 hic
2391 2837 2737 2908 Nicephorus
2767 2839 3129 2909 philosophus
3163 2848 3216 2894 et
3247 2840 3437 2894 rhetor
3457 2855 3584 2894 cum

312 2925 623 2998 Nicephoro
649 2929 924 3001 Gregora,
967 2931 1196 3000 integris
1221 2929 1433 2999 aliquot
1463 2929 1682 2984 saeculis
1712 2927 2040 2992 recentiore,
2069 2927 2163 2994 qui
2192 2926 2489 2982 Ilistoriam
2525 2943 2685 2984 suam
2719 2927 3101 3000 Byzantiuam,
3138 2943 3317 2998 usque
3364 2930 3431 2983 ad
3465 2929 3588 2984 Obi-

313 3027 425 3070 tum
467 3019 602 3088 imp.
639 3021 940 3076 Andronici
975 3019 1243 3086 Junioris,
1278 3021 1394 3076 sive
1421 3021 1486 3074 ad
1520 3034 1724 3074 annum
1765 3017 1973 3074 Christi
2026 3018 2157 3073 1541
2198 3017 2472 3086 perduxit.
2530 3014 2668 3071 Nam
2703 3028 2754 3071 et
2777 3016 2845 3070 de
2871 3031 2938 3070 eo
2963 3017 3045 3070 vir
3082 3015 3443 3071 doctissimus
3476 3016 3587 3070 Leo

316 3107 551 3162 Allatius
582 3109 634 3162 in
685 3108 929 3165 Diatriba
962 3111 1027 3166 de
1054 3110 1376 3182 Symeonum
1420 3111 1656 3178 scriptis,
1685 3125 1809 3179 pag.
1859 3107 1950 3173 87,
1985 3106 2172 3170 relert,
2210 3103 2356 3175 quod
2399 3103 2572 3159 Vitam
2603 3104 2836 3173 ejusdem
2890 3103 2947 3158 S.
2997 3105 3219 3158 Antonii
3260 3106 3585 3174 patriarchae
3661 3157 3664 3160 .

313 3196 626 3265 scripserit,
662 3198 822 3266 cujus
867 3200 1084 3254 titulum
1120 3209 1174 3254 et
1206 3199 1534 3270 principium
1571 3198 1646 3254 ibi
1688 3199 1794 3252 hoc
1834 3196 1995 3250 modo
2040 3193 2264 3248 exhibet
2305 3210 2318 3246 :
2361 3191 2657 3263 Nicephori
2705 3192 2960 3262 Gregora:
2992 3192 3118 3256 Bia;
3160 3194 3256 3246 τοῦ
3305 3197 3364 3247 ὲν
3407 3195 3588 3262 ἁγίοις

312 3285 658 3354 πατριάρχου
690 3287 1334 3353 Κωνσταντινουπόλεως,
1379 3285 1670 3341 Ἀντωνίου
1729 3284 1825 3338 τοῦ
1860 3284 1958 3354 τὴν
1996 3280 2164 3353 μονήν
2189 3279 2284 3333 τοῦ
2316 3279 2545 3344 Καλέως
2588 3279 3029 3350 συστησαμένου.
3066 3282 3128 3335 Εἰ
3158 3281 3216 3335 δὲ
3257 3283 3352 3336 καὶ
3381 3282 3587 3354 θνητὴν

311 3369 496 3442 ψυχὴν
515 3373 545 3425 ὁ
571 3373 784 3442 χρόνος,
810 3376 903 3428 καὶ
929 3376 1148 3429 πάντων
1172 3377 1290 3429 ἐστὶ
1313 3375 1498 3446 πατὴρ
1524 3375 1697 3429 ὁπόσα
1734 3374 1906 3444 φθορὰ

1985 3374 2032 3427 at".
2062 3371 2278 3440 γένεσις
2323 3369 2536 3440 βόσκει,
2563 3379 2672 3426 etc.
2717 3371 2872 3437 Quod
2907 3386 3071 3440 porro
3095 3372 3164 3426 ad
3205 3369 3580 3443 Nicephorum

313 3457 598 3514 Orationis
641 3477 734 3516 seu
772 3460 906 3518 Vita:
952 3464 1112 3518 istius
1148 3465 1474 3534 scriptorem
1511 3465 1729 3528 attinet,
1768 3465 1859 3519 ille
1900 3461 2004 3518 sub
2052 3462 2234 3516 Leone
2269 3459 2530 3530 Sapieute
2592 3461 2927 3530 imperatore
2983 3463 3140 3530 vixit,
3186 3475 3247 3518 ut
3281 3463 3398 3533 ipse
3428 3463 3577 3518 clare

313 3547 448 3603 satis
480 3549 708 3615 inlicat,
742 3550 874 3604 dum
907 3552 1111 3606 diserte
1144 3553 1262 3607 ait:
1304 3551 1685 3622 Plerarumque
1717 3567 1892 3606 rerum
1921 3550 1985 3604 de
2020 3548 2079 3604 S.
2110 3548 2343 3603 Antonio
2368 3549 2683 3618 patriarcha
2710 3550 3110 3604 narrandarum
3140 3553 3453 3622 magistram
3485 3552 3590 3606 sibi

314 3653 418 3689 non
443 3637 613 3690 multo
649 3648 768 3692 ante
798 3649 1027 3708 tempore
1050 3640 1214 3708 fuisse
1260 3642 1433 3710 ipsam
1463 3641 1838 3712 inspectionem
1880 3650 1930 3694 et
1959 3638 2363 3708 experientiam.
2405 3635 2584 3692 Verba
2636 3639 2757 3707 ejus
2795 3637 2986 3694 Graeca
3022 3641 3139 3696 haec
3173 3651 3325 3703 sunt,
3349 3641 3446 3694 xui.
3475 3639 3586 3693 τῶν

316 3725 414 3791 μὲν
449 3725 749 3780 ἀνελίττειν
777 3727 882 3796 τὴν
914 3728 1160 3799 μνήμην,
1195 3722 1270 3783 ὧν
1300 3729 1423 3800 ὃψις
1470 3747 1564 3800 μοι
1599 3729 1694 3784 καὶ
1732 3732 1899 3800 πεῖρα
1930 3729 2150 3803 χρόνοις,
2175 3729 2237 3782 οὐ
2292 3731 2514 3799 συχνοῖς
2550 3729 2875 3793 διδάσκαλος
2909 3725 2998 3802 ἧν,
3034 3741 3142 3786 ctc.
3178 3731 3250 3786 De
3282 3731 3591 3801 Nicephoro

316 3813 424 3866 isto
460 3813 794 3884 philosopho
827 3823 882 3870 et
911 3825 1157 3880 oratore,
1190 3817 1468 3873 Gerardus
1496 3815 1740 3874 Joannes
1766 3818 1994 3873 Vossius
2027 3819 2168 3874 libro
2216 3835 2254 3874 ιι
2282 3818 2362 3873 De
2403 3820 2674 3875 historicis
2708 3820 2930 3887 ercis,
2969 3837 3093 3891 cap.
3135 3821 3227 3885 26,
3267 3822 3356 3878 ubi
3392 3837 3587 3891 perpe-

312 3922 431 3960 ram
466 3906 667 3976 legitur
692 3905 748 3962 S.
788 3909 1084 3964 Antonium
1109 3908 1364 3964 Cauleam
1399 3909 1605 3965 obiisse
1638 3926 1729 3965 au.
1777 3910 1983 3965 Christi
2009 3907 2135 3976 901,
2162 3923 2262 3980 pro
2291 3906 2414 3963 891.
2445 3908 2768 3964 Guillelmus
2805 3908 3059 3965 Cavusiu
3092 3909 3334 3964 Historia
3364 3912 3590 3980 scripto-

312 4010 432 4047 rum
470 3994 741 4062 Ecclesiw,
776 4001 841 4050 asl
873 4014 1077 4052 annum
1101 3997 1226 4060 895.
1263 4013 1384 4068 pag.
1409 3999 1536 4056 569.
1567 3997 1765 4054 Petrus
1794 3997 2143 4066 Lambecius,
2170 4015 2334 4069 quem
2366 3998 2455 4053 hic
2501 4000 2920 4071 exscripsimus,
2957 4001 3055 4057 lib.
3095 4017 3189 4056 vm
3238 4000 3590 4056 Commenta-

312 4083 521 4136 riormn
560 4082 902 4138 bibliothecae
949 4086 1212 4142 Caesareae
1245 4085 1793 4158 Viudohonensis,p.
1813 4087 1904 4153 85,
1936 4088 2072 4144 etin
2098 4071 2486 4159 itrdicibus,fp.
2527 4087 2633 4144 562
2664 4098 2719 4145 et
2749 4089 2876 4144 578.

1083 4421 1866 4600 NlGEPHORl
1950 4357 2817 4540 PHILOSOPHI

666 4658 946 4751 VITA
1018 4659 1112 4748 S.
1190 4643 1702 4750 ANTONII
1779 4657 2613 4754 COGNOMENTO
2687 4662 3226 4754 CAULE/E.

1629 4856 2138 4920 ΡΑΤΒΙΑΒΕΗᾹΞ
2177 4859 2286 4922 CP.

1166 5010 1310 5072 (Acta
1343 5007 1440 5058 SS.
1476 5005 1724 5070 Bolland-,
1757 5006 2020 5059 Februarii
2046 5015 2164 5062 tom.
2197 5013 2255 5074 ll,
2287 5012 2371 5064 die
2401 5013 2482 5077 12,
2515 5029 2566 5081 p.
2600 5015 2737 5081 621.)

1134 5325 2085 5425 COMMENTARIUS
2165 5335 2759 5479 PRJEVIUS.

399 5648 450 5707 1.
503 5648 726 5706 Relatus
766 5669 819 5706 ιη
857 5653 1100 5708 caelitum
1137 5655 1348 5710 tabulas
1393 5666 1474 5712 est
1499 5659 1642 5727 apud
1673 5658 1898 5720 Latinos
2004 5659 2255 5720 Ecclesiae
2288 5663 2916 5736 Constantiribpolitanac
2943 5668 3216 5736 praesedit.
3244 5669 3318 5726 De
3346 5686 3411 5726 eo
3446 5671 3588 5727 Mar-

321 5758 478 5832 a-que
527 5758 592 5799 ac
622 5743 842 5802 Gra'cos
873 5746 1180 5812 Antonius,
1216 5761 1582 5820 cognomento
1641 5753 1898 5823 Cauleas,
2006 5766 2168 5828 tyrot.
2206 5756 2518 5814 Romanum
2560 5774 2577 5814 :
2622 5776 2640 5811 ι
2697 5757 3173 5832 Constantinopoli
3237 5762 3297 5818 S.
3364 5765 3587 5820 Antonii

325 5831 424 5903 qui
455 5835 558 5890 sub
603 5837 808 5892 exitum
839 5837 968 5893 noni
1001 5853 1034 5895 α
1064 5837 1267 5897 Christi
1301 5842 1680 5903 incarnatione
1709 5849 1897 5905 saeculi
2005 5863 2090 5921 ep.
2129 5857 2376 5923 tempore
2404 5849 2604 5909 Leonis
2641 5848 2707 5907 Vl
2758 5850 2918 5926 imp.,
2970 5873 2989 5907 ι
3043 5855 3166 5928 ejus
3215 5873 3429 5930 nempe,
3484 5857 3584 5930 qui
