4040 6634
418 476 520 543 179

1587 476 1922 538 NICEPHO
1933 477 2010 536 111
2052 476 2183 537 P111
2195 477 2512 539 LOSOPIII

3584 474 3690 542 180

413 587 619 645 Basilio
634 584 929 642 Macedone
950 587 1186 656 genitus,
1218 583 1464 655 Sapiens,
1489 601 1581 642 seu
1613 585 1992 655 Philosophus,
2023 586 2072 646 A
2101 586 2297 641 vulnus
2344 589 2503 656 annis
2535 604 2548 640 :
2581 603 2711 659 ergo
2748 587 2799 642 id
2835 587 2910 642 illi
2937 587 3203 644 inllictum
3253 598 3373 644 erat
3404 604 3494 645 an.
3529 591 3690 646 1401,

411 691 495 735 est
526 678 854 749 appellatus.
888 676 1110 730 Antonii
1165 676 1412 746 ejusdem
1448 677 1768 732 memoriam
1814 677 1886 730 ita
1941 675 1994 729 in

416 775 600 827 Addit.
651 772 716 825 ad
759 769 1072 824 Usum-dum
1107 768 1392 823 annotavit
1434 768 1683 823 Molanus
1723 787 1734 822 :
1789 787 1807 819 ι
1865 769 1995 821 ltetn

411 861 888 934 Constantinopoli
925 861 986 920 S.
1039 863 1286 926 Antonii,
1333 861 1513 929 magni
1554 861 1696 916 inter
1732 860 1823 915 Dei
1861 875 1995 931 pon-

412 961 602 1018 titices.
631 968 685 1015 et
723 957 1063 1015 admirabilis
1115 959 1257 1011 inter
1304 955 1670 1025 patriarchas.
1708 975 1724 1006 ι
1766 952 1998 1010 l’rwiere

413 1051 612 1106 Mentea
653 1051 741 1106 his
800 1049 1030 1106 verbis:
1081 1068 1100 1101 ‹
1145 1048 1346 1102 Eodem
1411 1048 1496 1102 die
1545 1048 1638 1118 (12
1689 1045 1996 1116 Februarii)

413 1142 678 1196 memoria
724 1138 784 1196 S.
820 1139 882 1196 P.
924 1139 991 1194 N.
1027 1138 1252 1196 Antonii
1283 1140 1682 1209 archiepisc0pi
1728 1139 1999 1196 Constan-

416 1236 749 1306 tinopoleos.
788 1253 806 1288 ι
842 1234 1141 1290 adnectunt
1173 1233 1435 1304 elogium,
1463 1233 1531 1288 de
1556 1249 1663 1303 quo
1691 1232 1853 1288 infra.

482 1328 538 1383 Ξ.
573 1328 855 1399 Philippus
894 1327 1180 1382 Ferrarius
1211 1327 1537 1397 in.getterali
1567 1327 1827 1398 Catalogo
1871 1343 2000 1382 san-

411 1433 649 1488 ctorum,
695 1424 788 1493 qui
838 1423 1036 1478 desunt
1065 1421 1455 1492 Martyrologio
1505 1421 1776 1486 Romano,
1831 1423 1898 1476 ad
1936 1422 1993 1476 11

412 1514 697 1569 Februarii
753 1515 812 1568 S.
867 1515 1168 1569 Antonium
1223 1514 1527 1584 inscripsit,
1576 1530 1642 1569 ex
1693 1513 2000 1585 Menologio

412 1605 752 1670 (irascorum,
790 1613 850 1659 ut
881 1605 934 1660 in
955 1602 1348 1660 Notationibus
1377 1606 1685 1675 profitetur.
1719 1605 1824 1660 Sed
1857 1611 2001 1676 quo?

411 1696 529 1750 Non
571 1712 636 1753 eo
693 1710 842 1752 certe
881 1701 1028 1768 quod
1092 1696 1262 1754 llcnr.
1315 1697 1572 1754 Canisius
1624 1698 1847 1754 edidit:
1886 1715 2000 1756 non

413 1789 605 1843 Graeco
637 1790 785 1860 quod
825 1789 1072 1846 Veneriis
1115 1805 1380 1847 excusum
1416 1809 1428 1845 :
1465 1805 1573 1846 non
1615 1791 1760 1862 quod
1813 1791 1999 1848 Basilii

414 1882 728 1938 Macedonis
757 1882 916 1953 jussu
959 1884 1350 1938 concinnatum
1383 1884 1656 1940 asservari
1707 1883 1893 1940 Roma:
1921 1884 2000 1940 fe-

2100 678 2162 732 51
2198 679 2359 746 Maii;
2395 683 2446 735 in
2500 697 2625 736 eum
2676 683 2823 738 enim
2861 683 3004 738 diem
3058 683 3383 738 Pentecoste
3415 684 3506 738 illo
3549 699 3696 739 anno

2100 773 2291 828 incidit
2322 792 2334 827 :
2370 790 2476 829 non
2525 775 2696 830 multo
2743 775 2904 846 igitttr
2948 787 3074 830 ante
3105 775 3368 842 Antonio,
3407 777 3584 846 pridie
3613 777 3691 832 ld.

2102 865 2382 922 Februarii
2415 869 2710 931 exstincto,
2757 878 3103 926 successerat
3155 867 3434 924 Nicolaus.
3481 867 3691 926 Verum

2099 961 2200 1016 etsi
2232 961 2418 1029 paucis
2443 961 2624 1018 verbis
2651 963 2938 1032 perstricta
2963 973 3117 1029 sunt,
3140 979 3261 1034 qua:
3287 964 3366 1019 illi
3395 964 3694 1033 scriptores

2098 1053 2472 1123 iuterjiciunt,
2519 1055 2770 1122 pluribus
2795 1064 2974 1111 tamen
2997 1067 3146 1128 gesta
3182 1067 3315 1113 sunt
3349 1059 3545 1124 annis;
3579 1075 3694 1128 qtto

2101 1147 2360 1203 nimirum
2389 1157 2546 1218 pacto
2574 1156 2698 1219 post
2733 1147 2790 1202 S.
2824 1149 3250 1219 Theophannnis
3286 1152 3474 1219 prima:
3505 1142 3696 1207 uxoris

2102 1239 2333 1307 obitum,
2361 1241 2654 1296 secundam
2675 1240 2798 1296 dein
2825 1249 2876 1296 et
2903 1243 3117 1296 tertiam
3146 1243 3364 1297 duxerit
3385 1242 3512 1308 Leo,
3532 1253 3696 1313 atque

2103 1332 2458 1403 imperatorio
2486 1331 2796 1388 diademate
2834 1332 3033 1403 insigni
3067 1334 3190 1387 erit.

2174 1424 2227 1478 5.
2273 1413 2613 1480 Retractavit
2649 1425 2793 1495 quod
2826 1423 2892 1479 ad
2931 1423 3374 1496 Martyrologium
3405 1433 3698 1480 annotarat

2105 1517 2374 1572 Baronius
2402 1526 2442 1571 t.
2491 1515 2558 1573 Χ.
2593 1517 2795 1572 Annal.
2833 1517 2923 1571 ubi
2972 1517 3038 1571 ad
3086 1533 3216 1571 ann.
3251 1517 3377 1582 890,
3411 1534 3463 1571 ιι.
3500 1517 3587 1580 15,
3621 1520 3696 1573 ita

2103 1612 2325 1682 scripsit
2368 1629 2381 1666 :
2419 1630 2437 1662 ι
2481 1609 2598 1667 Hoc
2636 1625 2781 1666 anno
2817 1611 3047 1665 moritur
3073 1609 3344 1665 Antonius
3387 1613 3698 1680 patriarcha

2101 1703 2749 1772 ConstantinOpolitanus
2773 1744 2786 1768 ,
2833 1702 2923 1758 ubi
2980 1711 3190 1756 tantmn
3227 1717 3400 1758 annos
3439 1704 3578 1758 duos
3607 1718 3698 1758 se-
3735 1762 3748 1778 ,

2104 1796 2295 1851 dissct.
2334 1795 2410 1849 Ita
2441 1793 2494 1848 in
2524 1795 2680 1850 Serie
2725 1794 3159 1866 patriarcharum
3192 1793 3695 1865 Constantinopoli-

2108 1897 2359 1943 tanorum
2402 1889 2457 1942 in
2500 1887 2744 1956 Corpore
2777 1885 2925 1942 Juris
2957 1887 3186 1940 intexta.
3231 1904 3248 1936 ι
3281 1888 3350 1940 At
3389 1902 3511 1956 qua:
3549 1887 3600 1939 itt
3633 1902 3697 1941 ea

415 1986 563 2040 runt,
600 1991 724 2029 cum
788 1976 853 2030 ad
923 1976 1107 2046 plures
1158 1992 1334 2032 annos
1385 1985 1668 2048 superstes
1713 1975 1998 2033 Macedoni
2035 1947 2076 2003 Β
2108 1978 2262 2035 Serie
2293 1981 2589 2034 traduntur
2618 1977 2686 2034 de
2717 1978 2878 2034 annis
2914 1979 3374 2049 patriarcharum,
3428 1979 3520 2049 qui
3557 1989 3698 2032 terti-

411 2069 685 2122 Antonius
718 2068 904 2124 fuerit.
926 2069 1042 2124 Alia
1076 2077 1265 2140 peccat
1299 2070 1352 2124 in
1381 2069 1580 2126 iisdem
1604 2067 1998 2129 Notationibus

413 2159 716 2225 Ferrarius,
749 2162 876 2216 dum
926 2178 1051 2217 eum
1102 2163 1179 2217 ait
1214 2183 1232 2216 ι
1301 2162 1485 2218 Plotio
1533 2165 1892 2222 schismatico
1947 2176 2004 2222 et

417 2257 674 2310 lueretiro
707 2256 1062 2325 subrogatum
1101 2258 1202 2312 sub
1232 2257 1413 2314 Leone
1445 2257 1511 2314 iV
1559 2259 1694 2330 imp.
1733 2279 1752 2312 ι
1793 2261 2002 2330 (Συρισ-

415 2347 564 2416 nymi
600 2345 744 2398 [ilius
788 2345 893 2399 fuit
928 2345 1038 2401 Leo
1083 2345 1152 2400 ιν
1194 2359 1358 2418 atque
1403 2349 1566 2406 annis
1597 2360 1817 2407 centum
1852 2351 2004 2420 prior

414 2437 676 2503 Antonio,
703 2439 798 2506 qui
823 2438 1002 2492 Leone
1025 2437 1089 2492 Vl
1121 2441 1572 2509 itnperantc,non
1595 2443 1788 2500 Photio
1817 2446 2001 2518 (quem

413 2530 674 2585 mendose
720 2527 955 2582 Plotium
988 2533 1170 2600 vocat)
1217 2533 1313 2587 sed
1351 2532 1412 2588 S.
1457 2533 1759 2606 Stephano,
1806 2537 2003 2594 Leonis

416 2624 768 2693 imperatoris
801 2624 956 2678 fratri
992 2625 1277 2681 sulfectus.

485 2718 540 2771 5.
568 2719 726 2772 Anno
761 2717 954 2772 Leonis
1005 2720 1186 2784 tertio,
1223 2721 1314 2791 qui
1348 2730 1629 2786 craterae,
1661 2739 1824 2795 quam
1859 2741 2006 2781 nunc

415 2810 608 2866 Latina
660 2809 898 2866 Ecclesia
943 2822 1206 2882 usurpat,
1258 2815 1410 2878 1588,
1453 2815 1520 2868 ad
1573 2817 2002 2885 patriarchatum

410 2908 638 2963 evectus
681 2899 949 2955 Antonius
991 2914 1094 2956 est.
1140 2903 1212 2956 Ita
1242 2903 1523 2961 Crtlrenus
1573 2907 1626 2960 in
1667 2907 2004 2978 Compendio

419 2996 770 3051 historiarum
810 3014 823 3049 :
874 3017 892 3049 t
935 2999 1092 3052 Auno
1145 3000 1456 3071 insequenti
1503 3005 1700 3074 (antea
1744 3006 2004 3061 retulerat

419 3103 504 3143 tes
536 3100 720 3160 gestas
763 3089 842 3160 τῷ
889 3092 1130 3162 δευτέρῳ
1157 3094 1266 3146 ἔτει
1301 3095 1400 3163 τῆς
1443 3095 1722 3165 βασιλείας
1753 3099 2001 3164 Λέοντος,

415 3195 561 3235 anno
604 3184 849 3238 secundo
900 3185 1114 3256 imperii
1165 3185 1406 3257 Leonis)
1465 3191 1772 3261 insequenti
1813 3194 2032 3263 igitur,’

2106 2087 2237 2144 pore
2292 2069 2490 2126 Leonis
2541 2087 2659 2127 eam
2713 2071 2954 2126 rexerint
3003 2069 3325 2133 Ecclesium,
3380 2069 3523 2124 haud
3561 2071 3700 2124 satis

2103 2172 2229 2235 apte
2258 2164 2489 2218 invicem
2531 2172 2866 2234 congruunt.
2922 2161 3132 2216 Dicitur
3183 2162 3328 2216 enim
3383 2161 3700 2230 Stephanus

2105 2255 2318 2311 sedisse
2375 2268 2550 2307 annos
2583 2255 2636 2308 5.
2707 2272 2724 2303 ι
2782 2253 3057 2307 Antonius
3087 2252 3142 2316 2,
3196 2250 3456 2306 Nicolaus
3512 2249 3701 2322 Mysu-

2106 2361 2203 2402 cns
2232 2345 2319 2408 11,
2351 2361 2417 2399 eo
2467 2344 2640 2414 ejecto
2683 2343 3009 2415 Euthymius
3056 2358 3234 2398 annos
3282 2343 3336 2406 5,
3394 2357 3610 2396 menses
3640 2342 3698 2402 6,

2106 2438 2442 2506 tandemque
2474 2445 2690 2490 ruortuo
2722 2435 2924 2499 Leooe,
2955 2437 3111 2504 pulso
3132 2435 3452 2506 Eutltymio,
3475 2435 3700 2488 restitu-

2111 2541 2196 2585 tus
2225 2529 2506 2584 Nicolaus.
2550 2529 2710 2583 Anno
2739 2530 2762 2583 1
2804 2527 3026 2591 Leonis,
3059 2529 3266 2584 Christi
3329 2527 3487 2594 1586,
3522 2528 3572 2581 iu
3607 2542 3701 2580 so-

2105 2618 2239 2673 lium
2271 2618 2635 2689 patriarchale
2665 2629 2888 2674 evectus
2909 2632 2993 2673 est
3021 2619 3354 2689 Stephanus,
3382 2617 3698 2684 exturbato,

2104 2713 2198 2783 qui
2239 2727 2515 2782 nunquam
2559 2711 2610 2766 id
2660 2712 2896 2783 legitime
2935 2712 3269 2773 obtinuerat,
3322 2710 3520 2765 Photio
3555 2729 3568 2763 :
3602 2710 3700 2764 de-

2105 2805 2272 2859 cessit
2298 2803 2611 2874 Stephanus
2650 2805 2811 2858 tertio
2840 2814 2964 2876 post
2989 2821 3157 2866 anno,
3190 2805 3348 2860 1588.
3389 2806 3688 2869 Antonius.

2105 2898 2151 2954 si
2181 2897 2321 2952 duos
2349 2897 2615 2952 duntaxat
2661 2896 2804 2953 sedit
2832 2912 3030 2964 annos,
3071 2897 3278 2952 obiisse
3314 2899 3580 2953 dicendus
3611 2906 3699 2952 est

2108 2991 2266 3055 1590,
2304 2989 2380 3045 uti
2415 2988 2685 3045 Baronius
2721 2991 2912 3045 statuit
2949 3010 2960 3043 :
2998 3005 3128 3061 ergo
3172 2989 3304 3044 “Ol
3361 2991 3569 3060 ejectus
3599 2988 3699 3045 Ni-

2107 3084 2315 3148 colaus,
2359 3099 2485 3138 cum
2531 3082 2763 3139 sedisset
2801 3099 2978 3139 annos
3012 3084 3100 3138 11.
3151 3085 3445 3154 Sequetur,
3492 3085 3699 3156 Euthy-

2108 3179 2279 3232 mium
2309 3176 2397 3232 cui
2429 3177 2462 3232 5
2490 3177 2637 3232 sedis
2659 3176 2812 3240 anui,
2841 3192 3058 3232 menses
3089 3177 3143 3242 6,
3179 3178 3515 3244 tribuuntur,
3547 3193 3700 3234 anno

415 3274 531 3328 sive
559 3276 717 3329 tertio
742 3276 956 3345 imperii
980 3277 1100 3347 ejus
1131 3296 1300 3344 anno,
1325 3281 1635 3352 Stephanus
1656 3285 2003 3354 imperatoris

2108 3271 2212 3325 906
2251 3269 2467 3339 pulsum
2503 3283 2646 3333 esse,
2697 3269 2841 3338 quod
2889 3270 3110 3324 demum
3163 3269 3261 3325 911
3299 3271 3520 3340 accidit,
3569 3286 3696 3328 cum

417 3367 584 3422 frater
613 3383 676 3423 ac
721 3372 1032 3439 patriarcha
1075 3375 1312 3427 excessit
1352 3389 1381 3426 e
1412 3374 1544 3430 vita.
1578 3374 1633 3429 ln
1671 3376 1789 3445 ejus
1820 3376 1999 3431 locum

415 3462 703 3518 ordinatus
767 3471 851 3517 est
903 3464 1217 3533 patriarcha
1280 3467 1586 3536 Antonius,
1638 3480 2002 3540 cognomento

416 3555 670 3610 Cauleas.
711 3576 728 3607 ι
756 3555 1013 3612 Mendose
1039 3557 1140 3614 ista
1168 3559 1219 3613 in
1251 3557 1579 3630 Curopalate
1609 3563 1766 3618 vertit
1798 3557 2005 3620 Gabios

421 3649 506 3703 his
541 3650 768 3704 verbis:
808 3671 824 3702 ε
868 3651 1178 3720 Insequenti
1228 3669 1372 3708 anno
1421 3654 1730 3726 Stephanus
1766 3656 2003 3726 impera-

419 3741 556 3796 toris
596 3741 782 3808 frater,
833 3753 886 3796 et
931 3743 1242 3812 patriarcha
1283 3757 1635 3802 excesserunt
1680 3764 1711 3804 e
1760 3748 1870 3802 vita
1906 3764 1918 3799 :
1949 3748 2003 3802 in

417 3837 577 3904 cujus
635 3838 814 3891 locum
865 3837 1126 3893 sulTectus
1187 3851 1268 3893 est
1313 3841 1584 3895 Antonius
1641 3850 2007 3913 cognomento

419 3932 670 3986 Cauleas.
709 3950 726 3981 ‹
762 3931 949 3986 Grmcc
976 3940 1029 3986 et
1068 3933 1156 3987 hic
1199 3933 1453 3997 Καυλέας
1497 3935 1804 4004 appellatur
1843 3951 1872 3988 a
1907 3932 2008 3988 Ce-

419 4023 586 4076 drcno
618 4038 682 4077 ac
722 4021 932 4076 Zonara
964 4031 1019 4077 et
1049 4021 1102 4077 in
1139 4025 1294 4079 Serie
1343 4025 1724 4094 ep’scoporum
1759 4023 2004 4096 Byzantii

421 4116 494 4169 lib
546 4132 620 4171 tv.
648 4115 798 4172 Juris
821 4115 1171 4182 Grtncorum;
1201 4126 1256 4170 et
1287 4115 1600 4186 Stephanus
1631 4116 1801 4172 frater
1837 4117 2007 4188 impe-

416 4211 651 4273 ratoris,
697 4210 842 4266 idem
893 4221 948 4265 et
991 4212 1302 4280 patriarcha
1342 4220 1495 4276 erat,
1529 4211 1606 4266 uti
1639 4211 1755 4281 ipse
1787 4227 2008 4282 quoque

415 4303 772 4374 (inrepalatcs
823 4303 986 4373 paulo
1028 4314 1156 4359 ante
1197 4305 1494 4370 retulerat;
1538 4315 1592 4360 et
1625 4305 1766 4375 apud
1802 4306 2005 4360 Cedre-

418 4413 546 4450 nom
579 4409 662 4451 est
695 4397 928 4450 ἀπέλιπε
956 4395 1246 4469 τὴἎζωὴν,
1271 4399 1491 4451 excessit
1519 4415 1546 4450 ε
1576 4399 1719 4461 vita;
1753 4411 1860 4453 non
1903 4413 2005 4452 au-

418 4499 523 4540 tem
584 4497 936 4542 excesserunt.
997 4487 1245 4543 Mortuus
1294 4490 1512 4542 videtur
1563 4487 1873 4557 Stephanus
1918 4489 2006 4544 die

419 4581 486 4633 17
522 4580 672 4646 Maii,
717 4598 827 4651 quo
857 4597 886 4635 a
936 4580 1142 4635 Graecis
1183 4581 1286 4635 coli
1321 4581 1512 4637 scribit
1552 4580 1819 4637 Baronius
1869 4590 1910 4636 t.
1935 4581 2002 4636 Χ.

417 4671 616 4724 Annal.
651 4673 716 4724 ad
753 4689 844 4726 an.
878 4670 1004 4734 888,
1041 4689 1095 4728 ιι.
1131 4672 1184 4726 8.

490 4762 548 4814 Il.
591 4761 704 4815 Non
739 4767 873 4816 sat's
906 4763 1194 4831 perspicue
1234 4762 1468 4816 traditur
1496 4776 1607 4831 quo
1639 4775 1785 4815 anno
1819 4760 2009 4817 deces—

421 4866 496 4904 sei
514 4852 553 4904 it
583 4852 637 4906 S.
680 4854 974 4916 Antonius,
1028 4863 1121 4905 aut
1157 4862 1364 4922 quanto
1410 4859 1656 4920 tempore
1706 4851 2006 4907 Ecclesiatn

422 4943 568 4995 illam
609 4944 1028 4999 administrarit.
1081 4945 1348 4998 Baronius
1401 4945 1454 4998 in
1503 4946 1704 4998 Annot.
1754 4945 1820 5000 ad
1862 4943 2005 5000 Mar-

421 5035 580 5106 tyrul.
642 5045 696 5090 ct
746 5035 1006 5101 Vossius,
1063 5037 1156 5089 lib.
1207 5051 1266 5100 ιι,
1313 5034 1386 5087 De
1445 5032 1728 5089 Historicis
1784 5033 2004 5100 ercis,

420 5144 540 5196 cap.
574 5127 663 5191 26,
699 5129 948 5182 scribunt
979 5143 1126 5180 anno
1157 5127 1288 5181 MOI
1328 5125 1556 5181 obiisse.
1590 5125 1856 5182 Videntur
1884 5144 2016 5212 eaur

419 5222 737 5291 opinionem
781 5223 1033 5278 hausisse
1076 5237 1138 5276 ex
1182 5221 1530 5291 Curopalate,
1583 5222 1674 5292 qui
1705 5231 2003 5294 postquam

422 5314 644 5384 scripsit
687 5334 702 5365 ι
746 5316 852 5370 \ita
888 5315 1076 5370 functo
1121 5315 1433 5387 patriarcha
1467 5315 1728 5377 Antonio,
1763 5317 2007 5372 declara—

422 5418 535 5459 tum
581 5404 864 5461 Nicolaum
911 5406 1234 5478 Mysticum;
1278 5426 1295 5458 ι
1337 5407 1389 5462 in
1431 5407 1621 5460 eadem
1670 5407 1862 5477 pagina
1893 5407 2004 5476 (uti

421 5509 476 5554 et
506 5499 812 5566 Cedrenus,
841 5518 1000 5567 quem
1033 5512 1295 5572 perpetuo
1327 5498 1614 5571 sequitur)
1649 5510 1854 5564 narrat,
1905 5499 2006 5552 im-

423 5601 732 5662 peratorem
790 5593 1058 5660 Leonem,
1108 5594 1196 5649 die
1268 5595 1624 5651 Pentecostes
1689 5595 1742 5647 in
1802 5593 2006 5661 templo

370 5721 374 5732 ι
427 5691 486 5741 S.
511 5687 690 5753 Morii,
714 5688 851 5744 fuste
865 5691 932 5746 ab
956 5689 1178 5746 homine
1196 5689 1409 5744 nefario
1425 5689 1595 5743 fuisse
1621 5687 1962 5741 vulneratum
1987 5704 2005 5754 ;

424 5790 589 5850 atque
620 5782 665 5834 ei
689 5797 718 5835 a
746 5784 919 5838 Mario
952 5783 1220 5838 monacho
1244 5779 1591 5852 praedictum,
1612 5779 1798 5834 decem
1827 5780 2005 5834 adhuc

425 5891 599 5931 annos
633 5874 922 5935 victurum.
969 5879 1042 5934 Ita
1085 5879 1233 5942 enim
1269 5875 1488 5930 videtur
1531 5871 1656 5942 quis
1693 5871 2004 5927 ratiocinari

429 5986 606 6044 posse.
625 5971 770 6030 Obiit
800 5974 909 6031 Leo
927 5991 1018 6029 an.
1043 5974 1136 6030 141
1154 5974 1174 6026 1
1189 6015 1202 6040 ,
1224 5972 1410 6028 decem
1429 5967 1702 6050 postillud
1723 5975 2002 6036 acceptum

2041 4658 2086 4716 D
2118 4664 2362 4722 Zonaras
2409 4677 2465 4721 et
2521 4665 2805 4723 Cedrenus
2855 4667 3102 4722 scribunt

2109 3362 2293 3418 Leone
2349 3372 2602 3426 mortuo,
2658 3361 2952 3432 imperium
3005 3363 3304 3434 capessivit
3360 3363 3696 3420 Alexander.

2111 3457 2316 3513 Desunt
2346 3459 2509 3528 igitur
2537 3474 2770 3512 numero
2804 3475 3072 3514 annorum
3109 3459 3334 3516 Antonii
3377 3461 3505 3516 anni
3535 3461 3700 3531 quin-

2109 3566 2216 3620 que
2258 3560 2312 3604 et
2343 3566 2559 3606 menses
2592 3551 2802 3619 aliquot
2839 3569 2851 3606 :
2887 3568 3066 3622 neque
3100 3553 3246 3608 enim
3282 3554 3491 3623 uspiam
3525 3552 3699 3607 inter-

2113 3644 2262 3714 regni
2292 3645 2498 3698 mcntio
2527 3645 2604 3707 fit,
2633 3645 2766 3715 quin
2793 3661 3007 3716 semper
3038 3661 3144 3702 uno
3175 3657 3392 3701 mortuo
3417 3657 3510 3701 aut
3539 3646 3701 3719 pulso

2111 3739 2248 3794 alter
2276 3748 2494 3794 creatus
2529 3739 2598 3794 sit
2624 3741 2958 3810 patriarcha.

2184 3832 2235 3888 6.
2283 3832 2456 3887 Aliter
2508 3833 2738 3902 patescit
2787 3848 2961 3899 error,
3009 3833 3053 3889 si
3107 3833 3181 3889 ita
3230 3835 3631 3906 argumentcris
3681 3854 3696 3893 :

2111 3925 2307 3982 Pulsus
2358 3935 2440 3980 est
2501 3923 2832 3995 Euthymius
2865 3941 3010 3980 anno
3068 3925 3195 3990 911,
3261 3943 3448 3982 mense
3504 3927 3698 3996 Junio,

2112 4028 2329 4072 mortuo
2363 4015 2564 4072 Leone.
2599 4017 2703 4072 Sed
2745 4027 2861 4072 erat
2892 4030 3071 4072 autem
3100 4034 3272 4073 annos
3295 4019 3349 4083 5,
3393 4036 3608 4077 menses
3641 4024 3698 4088 6,

2111 4111 2179 4164 al)
2210 4110 2369 4165 initio
2404 4126 2599 4181 nempe
2639 4109 2767 4164 anni
2817 4111 2942 4166 906.
2984 4109 3126 4183 Ergo
3159 4120 3288 4167 tunc
3318 4113 3554 4182 primum
3587 4113 3702 4184 eje-

2109 4215 2231 4259 ctus
2262 4211 2381 4258 erat
2427 4201 2717 4268 Nicolaus,
2770 4213 3061 4271 postquam
3118 4218 3292 4260 annos
3330 4204 3390 4258 11
3436 4203 3701 4260 Ecclesia:

2113 4297 2440 4367 praefuisset,
2485 4297 2554 4351 ab
2608 4297 2734 4350 anni
2781 4296 2886 4350 895
2923 4294 3250 4364 Februario,
3305 4298 3464 4365 cujus
3513 4298 3601 4354 die
3633 4301 3701 4352 η

2110 4391 2323 4445 obierat
2367 4391 2628 4445 decessor
2671 4389 2793 4458 ejus
2841 4389 3134 4446 Antonius.
3171 4388 3412 4461 Denique
3440 4407 3566 4446 cum
3602 4407 3697 4449 an.

2111 4483 2236 4547 9m,
2265 4483 2572 4536 exstinctus
2600 4491 2684 4537 est
2715 4482 3046 4547 Alexander,
3076 4483 3470 4538 Constantinus
3498 4482 3700 4538 Leonis

2115 4575 2259 4626 Illius
2295 4575 2588 4643 septimum
2634 4575 2748 4644 jam
2802 4591 3007 4629 annum
3062 4577 3240 4630 aetatis
3287 4576 3563 4646 explebat,
3619 4577 3697 4630 uti

3163 4686 3176 4722 :
3233 4683 3394 4737 quem
3470 4669 3702 4738 proinde

2113 4771 2300 4816 azstatc
2329 4762 2458 4815 anni
2489 4761 2593 4816 905
2624 4771 2812 4816 natum
2848 4762 3016 4816 fuisse
3060 4769 3295 4831 oportet.
3327 4763 3492 4832 Atqui
3532 4779 3657 4818 eum
3680 4804 3696 4829 ,

2113 4862 2250 4908 teste
2277 4851 2551 4918 Cedreno,
2589 4851 2887 4920 baptizmit
2917 4851 2970 4905 in
3003 4852 3220 4907 Sanctae
3253 4852 3473 4921 Sophia:
3496 4855 3701 4925 templo

2111 4949 2389 5006 Nicolaus.
2426 4947 2554 5004 Dein
2589 4947 2728 5002 idem
2763 4948 3105 5017 imperatori,
3136 4949 3263 5019 quia
3295 4948 3466 5016 Zoen,
3495 4965 3617 5021 qua:
3645 4951 3699 5006 ei

2112 5057 2212 5096 nec
2248 5041 2480 5096 necdum
2533 5040 2693 5093 thoro
2720 5035 2910 5107 juncta
2974 5038 3144 5094 filium
3176 5040 3327 5096 illum
3375 5050 3697 5112 pepererat,

2111 5135 2213 5189 sibi
2245 5144 2495 5204 quartam
2520 5133 2634 5202 jam
2675 5131 2964 5203 conjugem
3017 5133 3353 5202 eopulasset,
3387 5144 3553 5204 atque
3579 5136 3696 5191 Au-

2111 5238 2324 5295 gustam
2350 5233 2686 5290 coronasset,
2715 5226 2886 5278 sacris
2912 5225 3190 5279 interdixit
3221 5225 3512 5291 Nicolaus;
3539 5244 3698 5283 cum-

2111 5334 2219 5390 que
2261 5317 2477 5373 exorari
2525 5334 2606 5381 se,
2659 5328 2717 5372 ut
2760 5332 2884 5371 cum
2921 5318 2972 5370 in
3017 5318 3315 5372 Eeclesiam
3359 5319 3696 5387 admitteret,

2111 5410 2276 5464 nullis
2305 5409 2557 5478 precibus
2599 5419 2896 5478 pateretur,
2933 5409 3049 5478 ipse
3072 5424 3102 5462 e
3127 5409 3384 5464 cathedra
3408 5412 3699 5470 submotus

2110 5504 2266 5558 initio
2307 5503 2437 5556 anni
2487 5503 2613 5566 906,
2662 5517 2785 5554 cum
2839 5502 3072 5556 sedisset
3111 5517 3288 5558 annos
3328 5504 3414 5570 11,
3453 5505 3523 5560 ab
3550 5523 3700 5561 anno

2110 5611 2305 5664 nempe
2321 5595 2444 5661 895,
2468 5611 2576 5665 quo
2597 5595 2798 5650 obiisse
2823 5595 3117 5650 Antonium
3140 5605 3376 5666 oportet,
3406 5609 3696 5669 postquam

2109 5686 2409 5745 Ecclesiam
2442 5688 2800 5760 gubernasset
2841 5703 3016 5744 annos
3046 5689 3101 5754 7,
3134 5689 3229 5759 qui
3263 5705 3431 5756 anno,
3468 5701 3524 5745 ut
3549 5693 3698 5747 dixi-

2112 5797 2254 5848 mus,
2287 5781 2391 5836 888
2421 5779 2698 5849 Stephano
2733 5782 2909 5834 fucrat
2941 5781 3224 5838 sull‘ectus.

2185 5873 2236 5927 7.
2278 5872 2560 5928 Cedrenus
2587 5882 2641 5927 et
2673 5873 3029 5943 Curopalates
3067 5875 3246 5930 solum
3295 5887 3546 5943 narrant,
3579 5879 3698 5935 An-

2112 5968 2264 6023 tonio
2312 5978 2530 6021 mortuo
2577 5967 2917 6038 designatum
2967 5967 3339 6038 patriarcbatn
3399 5970 3693 6033 Nicolaum
