4040 6582
303 396 402 464 18⁸1

1078 398 1255 460 VITA
1296 398 1356 458 S.
1401 396 1717 459 ANTONII
1757 399 2072 463 CAULE.’E
2110 399 2614 461 PATRIARCH/E
2654 383 2765 466 ΟΡ.

3465 400 3587 466 182’

300 511 610 583 .lllysticum,
659 518 789 579 quot
827 508 914 563 ille
948 507 1151 563 sederit
1197 508 1359 563 annis
1392 524 1499 565 non
1535 508 1871 577 exprimunt.
1902 511 1953 570 A
2047 508 2103 562 8.
2139 507 2292 563 Edita
2342 518 2425 563 est
2466 526 2495 563 a
2542 509 2845 579 Lipomano
2881 520 3013 565 tom.
3046 510 3108 575 V,
3150 510 3226 565 De
3262 510 3398 567 Vitis
3435 511 3564 584 88.,

298 606 652 673 Expressisse
674 602 723 656 id
748 601 992 657 Zonaras
1023 601 1254 666 videtur,
1279 600 1372 655 sed
1402 600 1614 656 incuria
1646 600 1873 663 librarii,

300 695 377 748 vel
410 694 618 748 codicis
646 691 861 758 antiqui
904 691 1061 752 vitio,
1095 690 1147 745 id
1192 691 1245 744 in
1281 690 1441 744 editis
1473 690 1879 761 exemplaribus

298 785 590 837 omissum.
643 783 829 838 Graece
884 782 958 836 ita
1007 781 1261 837 habetur.
1293 781 1400 833 Τοῦ
1437 781 1545 856 γὰρ
1588 781 1876 835 Ἀντωνίου

298 877 473 945 Θρόνῳ
517 876 617 944 τῆς
647 872 1269 936 Κωνσταντινουπόλεως
1298 872 1659 944 ἐπιζήσαντος
1685 873 1873 943 ﬁrm...

299 970 389 1021 καὶ
431 968 803 1037 μεταθεμένου
846 967 945 1037 τὴν
1004 966 1175 1038 ζωὴν,
1222 969 1249 1019 ὁ
1292 966 1566 1030 Μυστικὸς
1612 966 1879 1029 Νικόλαος

300 1062 646 1131 πατριάρχης
673 1062 1135 1130 ἐκεχειροτόνητο.
1168 1057 1403 1114 Wolﬁus
1433 1059 1592 1114 vertit
1623 1077 1637 1115 :
1682 1078 1698 1110 α
1741 1058 1874 1114 Nam

297 1169 417 1206 cum
465 1151 742 1207 Antonius
791 1153 931 1206 Sede
985 1152 1593 1221 Constantinopolitzina
1646 1152 1874 1207 annis...

298 1245 598 1315 gubernata
625 1246 975 1311 decessisset,
1006 1244 1267 1316 Mysticus
1282 1244 1535 1300 Nicolaus
1568 1245 1876 1315 patriarcha

297 1347 375 1391 est
405 1339 750 1408 designatus.
789 1359 807 1391 ι
850 1338 1007 1404 Quod
1048 1347 1232 1392 autem
1284 1338 1338 1391 in
1393 1339 1558 1392 citata
1586 1336 1740 1392 Seric
1777 1353 1875 1407 pa-

298 1430 666 1483 triarcharum
689 1429 1072 1485 eoatendimus
1108 1432 1290 1484 inesse
1322 1430 1605 1495 mendum,
1645 1431 1715 1484 ita
1746 1445 1880 1485 con-

298 1522 484 1590 tigisse
516 1522 737 1577 videtur
782 1523 928 1593 quod
967 1538 1062 1592 pro
1098 1524 1141 1586 ζ’
1177 1524 1248 1577 sit
1280 1522 1323 1593 β’
1357 1524 1628 1592 positum;
1656 1523 1740 1577 vel
1780 1538 1879 1593 pro

297 1614 407 1676 1111,
441 1617 648 1680 solum,
684 1616 772 1669 11.
804 1616 940 1670 Cum
978 1616 1219 1683 alioquin
1252 1626 1442 1670 auctor
1472 1614 1698 1672 forsitan
1734 1627 1880 1671 recte

296 1708 579 1777 scripserit
631 1726 645 1763 :
692 1707 979 1771 Ἀντώνιος
1031 1710 1059 1761 ὁ
1105 1707 1379 1773 Καυλέας,
1431 1708 1524 1761 ἐπὶ
1568 1707 1661 1761 τοῦ
1710 1709 1875 1762 αὐτοῦ

296 1801 520 1864 Λέοντος
547 1802 633 1854 ὲτι
654 1801 698 1866 ζ’
726 1803 806 1855 Vel
833 1802 925 1871 ἔτη
957 1803 1063 1853 Πιι.
1097 1801 1374 1857 Antonius
1400 1802 1653 1868 Cauleas,
1685 1803 1874 1857 eodem

298 1890 475 1947 Leone
511 1894 838 1963 imperante,
873 1909 1046 1948 annos
1077 1893 1129 1948 6.

313 2120 615 2135 ———

1980 614 2044 655 ac
2069 600 2191 654 dein
2233 615 2261 653 a
2294 598 2477 660 Surio.
2515 619 2534 652 ‹
2568 600 2880 672 Nieepbori,
2916 603 3218 659 beatissimi
3247 604 3593 676 philosophi

1979 702 2032 746 et
2056 692 2311 757 oratoris,
2344 693 2531 749 Oratio
2558 692 2824 760 funebris,
2865 711 2959 751 seu
3001 696 3122 751 Vita
3149 697 3401 751 encomio
3426 714 3558 753 con-

1981 790 2148 847 texta,
2178 783 2359 853 magni
2388 784 2531 838 inter
2563 784 2655 839 Dei
2692 785 2977 855 pontifices
3020 796 3073 840 et
3103 787 3446 843 admirabilis
3476 788 3565 842 in-

1982 884 2060 929 ter
2084 876 2420 945 patriarchas
2461 876 2701 931 Antonii.
2744 876 2918 944 Quam
2950 887 3004 932 et
3046 896 3145 934 nos
3181 880 3309 935 inde
3346 880 3433 935 hic
3464 881 3567 936 da—

1980 982 2121 1022 mus.
2156 969 2290 1035 Quis
2322 970 2410 1023 ille
2456 967 2795 1039 Nieephorus
2835 969 3019 1035 fuerit,
3064 979 3119 1025 et
3151 987 3281 1026 num
3314 971 3419 1026 alia
3446 972 3563 1025 edi~

1980 1059 2119 1114 derit
2146 1077 2338 1131 opera,
2390 1077 2661 1129 nusquam
2693 1063 2947 1134 legimus.
2993 1061 3215 1119 Vixisse
3248 1064 3351 1118 sub
3380 1062 3565 1117 Leone

1979 1152 2233 1223 Sapiente
2257 1154 2413 1225 imp.,
2446 1155 2545 1211 sub
2572 1170 2683 1225 quo
2706 1163 2760 1210 et
2787 1157 3077 1223 Antonius,
3106 1171 3173 1212 ex
3200 1156 3315 1228 ipsa
3347 1166 3563 1213 constat

1981 1248 2251 1302 oratione.

2050 1340 2104 1394 9.
2140 1337 2276 1394 Vitas
2306 1338 2363 1393 S.
2401 1340 2621 1395 Antonii
2650 1340 3060 1411 compendium,
3095 1356 3161 1396 ex
3212 1340 3402 1396 eadem
3429 1354 3563 1395 con-

1981 1433 2261 1487 cinnatum
2297 1435 2565 1500 oratione,
2597 1443 2779 1490 exstat
2810 1436 2861 1489 in
2898 1434 3141 1501 Menaeis,
3176 1436 3228 1487 in
3256 1448 3377 1504 quo
3395 1433 3567 1488 fuisse

1980 1525 2101 1596 ejus
2126 1526 2346 1582 nomine
2371 1529 2765 1583 monasterium
2809 1529 3033 1599 aliquod
3064 1528 3358 1589 indicatur,
3393 1528 3463 1581 ab
3497 1542 3565 1582 eo

1982 1617 2233 1673 fortassis
2268 1619 2572 1685 conditum,
2614 1630 2709 1674 aut
2758 1620 2810 1673 in
2851 1635 2962 1689 quo
3013 1621 3131 1690 ipse
3180 1620 3562 1675 monachicum

1982 1711 2223 1765 habitum
2272 1709 2405 1765 olim
2450 1721 2791 1781 susceperat.
2827 1711 2903 1765 Ita
2941 1711 3148 1765 habent
3175 1710 3376 1765 Mentea
3409 1728 3422 1763 :
3461 1712 3562 1763 Τε-

1981 1800 2155 1853 λεῖται
2187 1800 2297 1871 δὲή
2325 1801 2490 1853 αὐτοῦ
2518 1800 2774 1865 σύνταξις
2813 1802 2870 1853 ὲν
2891 1803 2958 1870 τῇ
2990 1800 3152 1854 αὑτοῦ
3182 1803 3339 1872 μονῇ.
3377 1818 3395 1851 ι
3432 1799 3577 1865 Agi-

1982 1904 2070 1948 tur
2098 1894 2217 1964 ejus
2252 1896 2704 1949 commemoratio
2728 1895 2781 1948 in
2818 1894 2993 1965 ipsius
3023 1894 3379 1949 monasterio.
3418 1909 3440 1945 ι

820 2281 1282 2377 ORATIO
1367 2282 1490 2369 ΙΝ
1567 2281 1661 2370 S.
1737 2276 2382 2367 ANTONlUM
2460 2279 3007 2369 CAULEAM

1034 2514 1815 2695 NICEPHpRt
1907 2513 2819 2629 PHILOSOPHI.

604 2881 974 2939 EXORDIUM
1019 2880 1107 2937 AC
1143 2880 1578 2941 PROI‘USI'I‘IO.

372 3047 419 3099 1.
460 3043 607 3097 Fieri
641 3058 769 3114 ergo
802 3058 908 3095 non
962 3049 1194 3110 poterat,
1242 3047 1299 3091 ut
1338 3054 1528 3092 eorum
1562 3037 1655 3108 qui
1686 3037 1738 3091 in
1777 3037 1879 3093 (ide

301 3144 447 3208 prius
506 3136 757 3207 pra-clari
805 3134 1155 3198 exstiterunt,
1216 3147 1323 3185 non
1380 3147 1574 3187 rursus
1636 3141 1875 3200 tempus,

300 3230 511 3284 etiamsi
560 3227 833 3282 videretur
861 3216 1239 3289 eonsennisse’,
1274 3222 1437 3281 foetus
1487 3222 1691 3277 similes
1721 3221 1879 3276 aﬂer-

301 3326 411 3381 ret,
441 3328 495 3373 et
528 3331 627 3387 per
656 3324 961 3370 extremum
991 3323 1226 3384 partum,
1261 3313 1424 3367 rebus
1452 3312 1587 3383 ipsis
1618 3323 1672 3367 et
1696 3312 1876 3379 factis,

302 3410 724 3479 prmcedentium
772 3407 1048 3462 fructuum
1100 3406 1502 3475 comprobaret.
1538 3406 1881 3460 admirabili-

302 3512 482 3557 tatem.
516 3503 656 3558 Cum
700 3501 848 3555 enim
891 3501 1045 3555 lictor
1088 3500 1155 3553 ab
1187 3499 1342 3552 initio
1373 3499 1667 3553 humanam
1716 3497 1883 3552 fabri-

304 3606 452 3649 catus
481 3603 632 3650 esset
667 3603 937 3660 naturam,
963 3602 1017 3646 et
1046 3592 1312 3646 bonorum
1344 3591 1611 3646 seminum
1652 3591 1699 3645 ei
1734 3591 1881 3643 indi-

302 3692 468 3745 disset
495 3688 809 3751 materiam,
842 3704 950 3740 non
977 3685 1102 3740 sivit
1138 3695 1195 3738 ut
1222 3700 1284 3740 ea
1322 3701 1446 3738 eum
1485 3694 1723 3753 tempore
1750 3702 1883 3739 con-

304 3790 634 3846 senesceret,
688 3781 780 3836 sed
808 3790 865 3835 ut
913 3781 963 3833 in
1012 3779 1130 3833 dies
1182 3778 1587 3847 repubescerct,
1634 3786 1688 3831 et
1720 3777 1884 3831 ferret

305 3874 464 3931 hctus
516 3890 808 3943 germanos
859 3872 1316 3944 przecedentibus,
1376 3886 1625 3939 superna:
1677 3887 1881 3938 cegnaa

303 3963 464 4017 tionis
499 3961 725 4015 minime
765 3962 1119 4015 adulteratam
1154 3960 1490 4016 nobilitatem
1525 3960 1578 4013 in
1613 3976 1670 4015 se
1706 3960 1885 4014 feren-

304 4067 402 4108 tes.
440 4054 630 4109 Virtus
653 4055 797 4109 enim
836 4072 942 4110 non
976 4056 1177 4125 accipit
1230 4055 1634 4110 dimensionem
1686 4071 1749 4110 ex
1795 4071 1880 4120 eo,

303 4148 443 4216 quod
486 4159 571 4202 est
603 4157 846 4218 tempore
880 4150 1154 4219 posterius
1186 4157 1280 4202 aut
1320 4148 1491 4217 prius,
1533 4149 1626 4203 sed
1654 4164 1718 4202 ex
1750 4164 1885 4217 pura

302 4250 353 4295 et
380 4241 699 4311 incorrupta
732 4252 909 4294 mente
945 4256 1161 4305 eorum,
1209 4240 1303 4309 qui
1348 4255 1406 4295 se
1441 4248 1585 4294 recte
1634 4250 1832 4310 gerunt
1868 4260 1880 4296 :

303 4331 575 4403 quomodo
606 4331 674 4395 is,
714 4331 808 4402 qui
856 4348 1001 4385 nunc
1033 4334 1282 4386 Oratione
1318 4331 1625 4386 laudandus
1655 4340 1737 4386 est
1764 4348 1887 4402 pro-

302 4425 535 4493 positus,
564 4424 657 4494 qui
682 4423 1016 4494 quotidianis
1040 4424 1449 4479 accessionibus
1472 4423 1718 4480 ascendit
1745 4435 1886 4481 totas

306 4516 477 4570 scalas
513 4518 797 4578 virtutum,
834 4526 886 4570 et
921 4518 1164 4583 pervenit
1200 4517 1264 4571 ad
1296 4534 1595 4573 summum.

370 4608 423 4661 9..
462 4606 572 4662 Sed
618 4615 853 4673 oportet,
906 4608 1052 4670 huic,
1102 4609 1195 4678 qui
1256 4626 1349 4679 per
1391 4618 1559 4664 totam
1594 4609 1761 4664 vitam
1828 4611 1879 4664 in

306 4700 507 4756 virtute
546 4717 605 4754 se
634 4702 900 4764 exercuit,
934 4718 1027 4756 eos
1054 4706 1145 4772 qui
1188 4718 1279 4772 per
1314 4713 1481 4756 totam
1514 4704 1680 4758 vitam
1715 4704 1769 4757 in
1802 4705 1884 4757 di-

306 4794 456 4847 cendi
486 4791 747 4849 facultate
779 4795 1018 4847 studium
1056 4804 1374 4862 posuerunt,
1410 4803 1703 4850 contexere
1731 4812 1885 4849 coro-

309 4901 450 4951 nam,
485 4887 575 4956 qni
618 4885 839 4956 quidem
875 4896 1003 4941 sunt
1034 4888 1220 4956 lingua
1254 4886 1380 4941 boni
1430 4896 1483 4941 et
1514 4896 1766 4956 potentes
1794 4907 1807 4954 ;
1832 4898 1886 4942 et

309 4976 565 5031 admirari
612 4992 698 5031 res
734 4978 998 5047 praeclare
1034 4988 1088 5033 et
1132 4987 1281 5031 recte
1328 4976 1395 5030 ab
1432 4991 1497 5031 eo
1546 4984 1762 5047 gestas;
1800 4994 1885 5032 me

308 5077 482 5123 autem
517 5070 735 5123 siientio
768 5070 927 5142 longo
957 5086 1018 5126 os
1047 5086 1227 5124 meum
1261 5070 1645 5139 comprimere,
1688 5079 1742 5123 et
1783 5070 1886 5123 lin-

311 5175 466 5227 guam
501 5159 720 5214 vinculo
738 5161 1021 5215 nominere
1048 5178 1060 5215 :
1090 5170 1144 5214 et
1175 5160 1305 5215 dum
1337 5160 1679 5214 aliioratoris
1704 5159 1884 5214 ollieio

312 5247 689 5320 fungerentur,
722 5267 807 5305 me
839 5252 892 5304 in
918 5268 1205 5308 numerum
1237 5252 1425 5306 relerri
1454 5252 1763 5306 auditorum
1791 5271 1804 5319 ;
1833 5262 1887 5307 et

310 5356 493 5395 eorum
546 5344 764 5410 quidem
804 5344 1081 5399 revolvere
1128 5344 1470 5411 memoriam,
1527 5361 1759 5414 quorum
1798 5347 1881 5399 in-

312 5435 514 5500 spectio
536 5444 589 5489 et
606 5437 944 5505 experientia
968 5436 1066 5507 (l),
1092 5452 1199 5490 non
1224 5438 1386 5507 longo
1409 5437 1611 5493 abhinc
1640 5450 1886 5509 tempore

316 5535 523 5591 poterat
563 5544 685 5583 esse
736 5530 1027 5600 magistra,
1082 5540 1141 5585 ut
1195 5531 1409 5585 veritati
1446 5545 1656 5600 possem
1700 5549 1885 5587 verum

316 5631 368 5675 et
418 5622 633 5677 lirmum
694 5623 837 5678 ferre
896 5624 1299 5689 testimonium;
1354 5641 1544 5681 eorum
1584 5618 1711 5682 vero
1750 5644 1889 5697 qua:

1991 2875 2316 2948 ignorantur
2352 2875 2668 2931 narratione
2698 2892 2794 2945 per
2816 2878 3122 2932 orationem
3147 2880 3427 2949 percipere
3471 2896 3568 2938 co-

1988 2973 2288 3043 gnitionem
2318 2988 2331 3025 :
2367 2986 2475 3025 non
2506 2980 2684 3025 autem
2730 2970 2909 3041 lingua
2939 2970 3231 3036 inerudita,
3260 2980 3314 3027 et
3342 2974 3567 3044 ψει-ἰω-
3598 2980 3601 2985 ’

1985 3065 2130 3120 diuis
2166 3062 2337 3117 animi
2388 3062 2533 3117 nube
2588 3061 2818 3116 confusa
2875 3072 3078 3127 mente,
3129 3064 3348 3134 aggredi
3406 3074 3569 3120 tanta:

1985 3156 2062 3210 rei
2095 3155 2549 3225 magnitudinem,
2592 3154 2874 3207 timentem
2900 3154 3235 3222 perieulum,
3275 3156 3418 3224 quod
3463 3157 3569 3211 im-

1987 3250 2156 3304 minet
2188 3250 2278 3312 iis,
2313 3250 2405 3319 qui
2446 3247 2756 3317 suscipiunt
2795 3262 2857 3301 ea
2891 3262 3012 3317 qua:
3039 3257 3169 3301 sunt
3196 3264 3361 3317 supra
3393 3250 3563 3305 vires.

1983 3342 2187 3398 Natura
2212 3342 2359 3411 enim
2395 3342 2465 3397 ita
2498 3351 2582 3395 est
2612 3349 3015 3410 comparatum,
3052 3350 3111 3395 ut
3148 3342 3311 3397 verba
3343 3358 3432 3397 res
3459 3359 3568 3398 non

1983 3438 2191 3507 possint
2230 3434 2480 3504 assequi.
2522 3434 2623 3489 llic
2658 3443 2840 3488 autem
2874 3447 3042 3496 nunc,
3072 3432 3162 3488 ubi
3212 3442 3267 3489 et
3309 3433 3570 3503 longissi-

1987 3545 2133 3583 mum
2172 3538 2384 3597 tempus
2415 3527 2724 3582 dimensam
2768 3533 2852 3579 est
2885 3524 3165 3589 virtutem,
3201 3533 3254 3580 et
3281 3524 3572 3581 ﬂoridissi-

1987 3638 2134 3675 mum
2180 3630 2395 3691 pratum
2455 3621 2744 3674 imitantur
2791 3628 2935 3673 recte
2990 3618 3155 3682 facta,
3198 3634 3323 3673 cum
3383 3618 3572 3674 omnia

1987 3719 2223 3763 tractare
2265 3709 2416 3762 nulla
2468 3705 2679 3777 possint
2730 3707 2978 3773 ratione,
3021 3708 3220 3763 merito
3271 3705 3570 3777 refugiunt.

1988 3800 2173 3869 Neque
2205 3800 2350 3852 enim
2375 3814 2534 3853 suum
2568 3797 2869 3867 ingenium,
2904 3813 3005 3853 nec
3036 3812 3218 3852 rerum
3254 3798 3573 3867 ignorantes

1987 3891 2443 3962 magnitudinem,
2497 3900 2782 3960 sperantes
2833 3898 3012 3943 tamen
3046 3905 3105 3945 se
3144 3889 3326 3959 potius
3364 3887 3572 3961 aliquid

1987 3991 2332 4050 accepturos,
2363 3995 2526 4051 quam
2565 3978 2812 4042 daturos,
2859 3978 3178 4033 existimant
3217 3995 3275 4033 se
3305 3979 3571 4041 virtutum

1989 4073 2540 4143 inagnittuline;esse
2571 4086 2725 4126 suam
2768 4071 3043 4124 celaturus
3079 4070 3512 4126 imbecillitatem
3552 4088 3568 4127 :

1990 4169 2262 4237 neminem
2298 4166 2442 4220 enim
2471 4164 2721 4234 judicare
2747 4165 3044 4226 orationes,
3089 4165 3455 4233 stupefactum
3488 4178 3573 4219 rc-

1992 4275 2111 4314 rum
2145 4257 2535 4314 admiratione.
2565 4255 2933 4322 Quamobrem
2970 4263 3191 4323 sperant
3227 4252 3368 4318 fore,
3403 4263 3464 4306 ut
3494 4253 3571 4307 si—

1990 4355 2102 4408 mul
2131 4362 2185 4407 et
2220 4352 2451 4414 lateant,
2473 4360 2526 4403 et
2555 4347 2941 4418 prmdiccntur,
2972 4346 3099 4401 dum
3133 4353 3351 4414 propter
3375 4344 3571 4399 horum

1990 4446 2391 4502 connexioncm
2436 4444 2711 4497 habentur
2744 4440 2796 4492 in
2846 4437 3233 4492 admiratione.
3277 4435 3387 4493 Sed
3431 4450 3574 4504 quo-

1918 4539 1959 4594 D
1990 4542 2136 4595 niam
2166 4539 2383 4603 mentis,
2417 4552 2537 4607 quae
2563 4536 2703 4589 inter
2734 4548 2925 4588 omnes
2948 4525 3311 4601 principatum
3336 4528 3570 4607 obtinet,

1994 4634 2159 4689 vincit
2216 4630 2508 4691 sententia,
2557 4644 2678 4696 qum
2726 4633 2848 4695 post
2877 4625 3168 4693 exsequias
3204 4630 3391 4677 censet
3421 4620 3574 4691 justa

1994 4724 2138 4779 Patri
2171 4738 2293 4778 esse
2327 4718 2641 4781 tribuenda,
2683 4718 2775 4787 jus
2804 4716 2857 4769 in
2891 4715 3122 4769 dicendo
3144 4712 3335 4784 gratia:
3358 4713 3577 4766 univer-

1994 4834 2116 4871 sum
2151 4817 2549 4885 permittentes,
2600 4810 2764 4879 (qum,
2812 4807 2914 4861 etsi
2974 4820 3199 4860 necesse
3239 4803 3309 4859 sit
3358 4803 3424 4857 ad
3465 4817 3573 4857 non

1991 4908 2231 4977 assequi,
2277 4907 2503 4958 omnino
2549 4902 2695 4972 quod
2743 4899 2925 4954 deﬁcit
2969 4896 3224 4967 adjiciet,
3265 4895 3347 4949 vel
3394 4894 3575 4965 potius

1989 4999 2225 5053 orationi
2278 4999 2546 5065 integram
2607 4991 2868 5064 praebebit
2933 4988 3356 5057 correctionem)
3420 5000 3578 5040 acce-

1987 5095 2168 5148 dimus
2203 5090 2269 5146 ad
2311 5087 2710 5150 narrationem,
2746 5082 2912 5138 veluti
2935 5080 3212 5152 quoddam
3253 5076 3577 5133 fundamen-

1992 5197 2106 5240 tum
2129 5181 2358 5252 patriam
2392 5178 2568 5248 primo
2607 5177 2729 5231 loco
2766 5181 3055 5245 ponentes.
3387 5217 3413 5223 -

2635 5288 2864 5345 CAPUT
2902 5287 2943 5341 l.

2034 5416 2217 5472 Sancti
2242 5414 2462 5468 Antonii
2498 5419 2672 5473 ortus,
2702 5406 2994 5469 institutio,
3027 5405 3134 5459 vita
3173 5399 3505 5457 monachica.

2059 5535 2112 5589 5.
2146 5533 2249 5588 Sed
2278 5534 2471 5604 patriae
2500 5543 2552 5586 et
2586 5528 2858 5599 majorum
2889 5524 3088 5579 nollem
3122 5522 3307 5575 facere
3338 5518 3577 5574 mentio-

2000 5643 2126 5683 nem
2161 5646 2173 5681 :
2202 5627 2464 5697 quoniam
2496 5641 2597 5681 nec
2627 5620 2833 5692 aliquid
2860 5632 3075 5681 eorum,
3102 5630 3225 5686 quae
3248 5612 3316 5670 ad
3354 5624 3575 5669 carnem

380 5800 629 5877 (t)_llinc
659 5813 827 5877 patet,
860 5819 968 5872 quo
1018 5813 1265 5876 tempore
1324 5804 1602 5877 scripserit
1662 5804 1804 5861 hanc
1842 5806 2147 5864 orationem
2194 5803 2571 5877 Nicephorus;
2618 5820 2741 5861 cum
2778 5819 2972 5876 nempe
3022 5799 3169 5858 haud
3230 5795 3441 5871 pridem
3497 5788 3581 5847 vi.

317 5884 436 5929 rere
466 5873 742 5933 Antonius
769 5876 1042 5935 desiisset.
