4040 6588
418 341 519 408 183

1590 352 2003 414 NICEPHORI
2049 355 2513 422 PHILOSOPHI

3569 353 3670 418 184

413 455 706 524 pertinent,
733 458 941 514 cmlesti
965 459 1040 514 illl
1061 468 1117 514 et
1133 463 1317 517 carnis
1338 465 1735 534 propemodum
1760 466 1990 535 experti,
2025 473 2068 528 Α
2097 467 2220 522 dam
2251 467 2622 537 possessione,
2676 481 2798 536 qua:
2830 480 2936 519 non
2973 466 3206 520 multum
3242 467 3430 522 aberat
3465 483 3496 522 a
3536 470 3675 523 civi-

414 555 470 602 et
496 548 591 618 qui
615 549 789 606 solam
829 562 1057 608 noverat
1087 552 1319 622 patriam
1352 570 1649 626 supernam
1689 557 1990 620 civitatem,

417 637 472 692 in
501 656 664 708 quam
697 642 843 696 cives
877 642 1284 710 adsciscuntur,
1317 647 1412 716 qu‘i
1452 656 1583 702 sunt
1612 647 1831 704 virtutis
1861 665 1995 718 ope-

417 741 648 797 ratores,
708 733 917 790 scimus
978 735 1149 791 fuisse
1208 740 1514 808 propriutn.
1559 741 1662 796 Sed
1729 742 1990 811 quoniam

415 838 563 885 eum.
592 820 684 894 qui
713 835 938 896 propter
994 844 1092 882 nos
1125 846 1324 885 massae
1373 842 1572 886 nostra:
1623 833 1995 904 assumptione

418 915 594 971 factus
627 928 712 972 est
748 918 892 974 sicut
926 935 1048 984 nos,
1081 922 1326 976 universi
1365 924 1615 994 opificem
1662 924 1911 980 videmus
1943 935 1998 976 et

417 1007 734 1075 Dominum,
757 1011 1048 1067 admisisse
1072 1014 1302 1083 patriam
1330 1024 1383 1069 et
1411 1015 1667 1084 majores,
1690 1025 1744 1072 et
1777 1017 1996 1071 humilis

422 1099 740 1156 Bethlehem
781 1104 1214 1175 magnitudinem
1246 1106 1395 1160 omni
1446 1106 1630 1174 lingua
1678 1108 1996 1177 praedicari;

422 1209 521 1246 nec
552 1193 604 1246 in
631 1205 824 1249 sancto
851 1212 1072 1266 quoque
1101 1197 1364 1252 Pontifice
1393 1196 1474 1253 fas
1506 1213 1628 1254 esse
1664 1201 1828 1254 statui
1860 1216 2000 1270 prae-

423 1286 725 1342 termittere
771 1306 785 1342 :
840 1288 932 1342 sed
968 1291 1124 1344 ineo
1161 1290 1343 1359 potius
1389 1289 1633 1360 jucunde
1693 1291 1996 1357 immorari,

424 1377 699 1433 reddendo
729 1379 1136 1449 quodammodo
1170 1382 1401 1450 gratiam
1455 1382 1860 1439 alimentorum.
1894 1383 1999 1439 Sed

425 1469 480 1523 in
511 1469 635 1525 aliis
665 1471 886 1540 quidem
922 1470 1161 1527 fortasse
1197 1475 1370 1543 patria
1405 1485 1459 1529 et
1485 1491 1657 1545 genus
1693 1476 2000 1547 proposita,

425 1560 644 1616 laudem
673 1577 739 1617 ex
791 1572 908 1618 arte
959 1564 1225 1633 aderunt;
1257 1567 1312 1621 in
1355 1582 1422 1622 eo
1468 1577 1676 1634 autem,
1708 1569 1775 1623 de
1809 1585 1920 1639 quo
1949 1570 2000 1623 in

423 1655 714 1724 prmsentia
761 1657 1000 1727 agimus,
1058 1667 1251 1729 partus
1290 1660 1474 1729 potius
1531 1660 1632 1726 iis,
1687 1675 1752 1715 ex
1805 1661 2005 1731 quibus

426 1754 582 1802 ortus
615 1757 716 1812 est,
751 1747 920 1802 donat
966 1749 1196 1818 gloriam
1249 1750 1635 1816 immortalem,
1672 1751 1885 1807 inferne
1919 1767 2005 1806 re-

427 1840 652 1896 mittens
703 1841 1070 1911 splendorem,
1130 1843 1380 1908 similiter
1415 1844 1681 1899 solarium
1729 1845 2002 1900 radiorum

426 1933 983 1990 reverberationibus.
1041 1933 1224 1990 Patria
1275 1951 1425 2006 ergo,
1459 1952 1582 2006 quae
1608 1937 1680 1991 sit
1727 1953 1857 1998 una.
1895 1951 2003 1990 non

429 2033 608 2094 potest
641 2026 893 2082 inveniri.
927 2025 1064 2081 Nam
1112 2028 1240 2082 Asia
1282 2029 1503 2099 quidem
1533 2037 1588 2084 et
1618 2030 1837 2099 Europa
1891 2030 2006 2098 glo-

430 2119 570 2173 riam
602 2119 746 2174 inter
781 2134 840 2174 se
884 2120 1114 2189 partitur
1142 2137 1158 2176 :
1192 2121 1304 2176 hzec
1335 2122 1554 2192 quidem
1585 2130 1808 2192 pr0pter
1837 2122 2010 2176 Thra-

428 2209 595 2277 ciam,
625 2209 716 2264 illa
747 2224 880 2265 vero
920 2218 1142 2281 propter
1179 2209 1496 2282 Phrygiam,
1537 2213 1660 2281 ejus
1693 2222 1873 2267 ortum
1903 2213 2006 2267 sibi

431 2302 790 2356 vindicantes.
826 2300 963 2356 Cum
1010 2317 1097 2357 res
1129 2311 1310 2357 antem
1349 2303 1418 2357 sit
1462 2302 1602 2357 inter
1634 2318 1730 2358 eos
1783 2314 2010 2358 contro-

431 2409 615 2459 versa,
662 2402 889 2466 apparet
935 2393 1046 2448 alia
1109 2397 1268 2448 tertia
1324 2396 1524 2466 patria,
1573 2409 1769 2467 nempe
1824 2396 2010 2466 regina

435 2491 682 2557 urbium,
714 2505 836 2560 quae
885 2489 1048 2544 etiam
1095 2505 1221 2544 eum
1270 2490 1427 2556 aluit,
1459 2490 1607 2546 ulnis
1655 2491 1772 2546 suis
1803 2491 2010 2558 ample-

435 2594 614 2646 ctens,
663 2596 729 2636 ex
766 2596 874 2651 quo
911 2580 1024 2636 fere
1066 2596 1096 2635 a
1125 2581 1427 2650 puerilibus
1459 2581 1647 2638 fasciis
1676 2598 1798 2637 cum
1835 2584 2010 2636 evolvi

437 2674 694 2745 contigit,
735 2683 794 2728 ut
826 2673 918 2743 qui
961 2673 1012 2727 ei
1061 2683 1248 2743 postea
1287 2672 1507 2728 futurus
1553 2683 1698 2728 esset
1743 2675 1910 2729 decus
1960 2684 2013 2729 et

437 2774 845 2820 ornamentum.
879 2763 943 2819 Et
971 2765 1086 2820 haec
1113 2765 1357 2835 quidem,
1390 2774 1576 2836 utpote
1603 2776 1786 2837 caput,
1824 2767 1872 2820 ei
1929 2765 2014 2821 fa-

438 2858 542 2913 cile
569 2863 623 2913 ct
647 2865 899 2928 prompto
928 2859 1114 2912 animo
1144 2859 1307 2925 cedit,
1340 2875 1566 2929 sperans
1599 2861 1715 2916 fore
1770 2869 1828 2914 ut
1862 2860 2012 2915 frua-

438 2958 529 3004 tur
556 2949 752 3020 gloria.
800 2951 928 3006 Asia
978 2966 1110 3006 vero
1140 2966 1284 3023 :rgre
1333 2950 1438 3006 fert
1488 2953 1728 3021 quidem,
1765 2954 1860 3009 sed
1904 2969 2011 3009 non

438 3056 611 3112 usque
639 3041 706 3097 ad
757 3041 1170 3098 immoderatam
1226 3041 1402 3098 fertur
1454 3043 1856 3099 contentionem
1899 3063 1913 3098 :
1954 3061 2015 3100 se

2101 571 2229 624 tate,
2268 561 2320 614 in
2353 576 2463 630 qua
2520 559 2859 623 habitabant,
2897 561 3139 614 urbanos
3173 561 3466 625 tumultus,
3509 570 3565 614 et
3595 561 3673 624 (Ξ)

2100 651 2608 715 lconomachorum,
2634 665 2755 719 quas
2799 660 2927 702 tunc
2972 648 3233 716 vigebat,,
3269 649 3475 702 rabiem
3508 649 3679 702 de‘cli-

2101 751 2311 803 nantes,
2364 739 2415 793 iu
2442 741 2616 794 lucem
2668 739 2873 800 editus,
2921 737 3098 804 magis
3146 737 3346 806 pietate
3397 737 3674 802 alebatur,

2097 849 2260 904 quam
2298 831 2639 889 lacte.-Cutn
2673 839 2854 883 autem
2885 828 2997 897 jam
3043 827 3338 898 incepisset
3380 828 3675 892 balbutire,

2099 925 2415 995 parentibus
2443 921 2743 994 jucundam
2791 919 3045 975 exhibuit
3078 919 3521 974 admirationem.
3553 918 3680 973 Bal-

2102 1017 2328 1072 bntienti
2363 1017 2508 1070 enim
2545 1015 2740 1085 linguae
2789 1012 2924 1068 nihil
2956 1011 3070 1067 fere
3102 1011 3250 1066 aliud
3278 1011 3553 1080 praabebat
3599 1013 3683 1064 lo-

2100 1107 2401 1178 quendum,
2457 1105 2560 1161 nisi
2619 1119 2962 1175 qumcunque
3025 1111 3184 1157 erant
3240 1103 3456 1174 mystici
3505 1105 3679 1156 nestii

2099 1199 2300 1264 cultus,
2335 1207 2602 1268 quantum
2638 1213 2666 1250 a
2714 1195 2865 1250 molli
2927 1203 2981 1249 et
3017 1204 3203 1249 tenera
3278 1193 3432 1264 pueri
3481 1204 3678 1248 natura

2100 1300 2280 1361 potest
2307 1289 2536 1360 exprimi
2557 1297 2612 1343 ct
2631 1304 2660 1343 e
2691 1288 2857 1343 labris
2879 1287 3130 1358 progredi
3175 1304 3186 1340 :
3213 1296 3264 1342 et
3287 1288 3388 1341 hoc
3413 1286 3677 1356 paulatim

2101 1396 2355 1440 crescens
2407 1397 2534 1437 cum
2588 1391 2887 1451 augmento
2941 1379 3234 1451 corporis,
3290 1379 3456 1433 simul
3512 1380 3680 1432 etiam

2101 1484 2442 1533 crescentem
2470 1473 2710 1529 habebat
2749 1448 3172 1527 admirationem
3207 1488 3221 1526 :
3254 1479 3310 1526 et
3359 1470 3682 1542 quicunque

2105 1571 2155 1626 id
2195 1569 2437 1635 videbat,
2472 1577 2591 1623 erat
2620 1566 2884 1636 propheta
2919 1563 3108 1620 futuri.

2173 1663 2228 1718 5.
2261 1659 2398 1716 Cum
2452 1657 2520 1713 ad
2555 1657 2808 1729 quintum
2852 1663 3033 1712 autem
3067 1671 3271 1710 annum
3311 1654 3674 1725 pervenisset,

2111 1755 2438 1810 Litterarum
2477 1751 2678 1822 figuras
2711 1749 2906 1804 doctus
2951 1764 2981 1804 a
3021 1757 3213 1804 sancto
3241 1748 3446 1818 Spiritu
3480 1748 3682 1818 (neque

2110 1845 2255 1899 enim
2288 1843 2474 1898 venire
2516 1842 2582 1897 ad
2625 1841 2734 1896 Indi
2759 1833 3103 1913 magistrum,
3136 1857 3431 1911 puerorum
3467 1841 3680 1896 irrisio-

2109 1953 2205 1992 nrs
2231 1949 2282 1992 et
2315 1937 2451 1990 alias
2494 1934 2732 2006 pueriles
2755 1935 2988 2006 ineptias
3014 1934 3316 1997 declinans.
3345 1925 3398 1987 in
3434 1934 3678 1989 animmn

2109 2020 2349 2099 induxit)
2381 2043 2575 2084 omnes
2618 2043 2804 2082 sacras
2834 2027 3131 2092 orationes,
3169 2028 3405 2083 maxime
3430 2043 3553 2098 qua:
3573 2041 3684 2081 non

2111 2123 2356 2194 mystica:
2390 2130 2691 2176 acsecreto
2727 2119 2972 2188 prolata},
3027 2121 3259 2175 sacrifici
3314 2135 3444 2175 voce
3491 2135 3686 2190 perve-

2113 2215 2274 2268 niunt
2307 2212 2374 2268 ad
2427 2227 2588 2267 aures
2621 2226 2838 2278 eorum,
2877 2211 2969 2281 qui
3031 2211 3342 2277 initiantur,
3406 2212 3687 2282 ingeniose

2114 2303 2426 2358 memoriter
2475 2303 2870 2370 pronuntians;
2900 2302 2965 2356 de
3002 2312 3199 2355 cmtero
3230 2303 3392 2356 etiam
3425 2317 3511 2356 res
3539 2303 3686 2372 ipsas

2113 2395 2433 2450 imitabatur
2454 2409 2518 2450 ac
2550 2394 2997 2463 repraesentabat,
3031 2409 3234 2464 panem
3273 2410 3609 2464 preponens,
3632 2405 3690 2450 et

2115 2501 2277 2541 manu
2313 2495 2503 2541 tenens
2532 2485 2870 2540 thnribulum
2911 2503 2924 2538 :
2957 2486 3182 2556 perinde
3210 2501 3273 2540 ac
3302 2488 3346 2541 si
3385 2504 3492 2542 non
3523 2488 3689 2541 susti-

2111 2593 2268 2634 neret
2293 2595 2449 2634 sacra
2481 2579 2686 2643 anima,
2716 2595 2827 2650 quo
2871 2580 3057 2634 minus
3087 2580 3250 2634 etiam
3283 2581 3336 2634 in
3375 2581 3686 2652 imperfecta

2112 2681 2269 2727 aetate
2309 2680 2634 2741 Operaretur
2677 2686 2764 2726 res
2792 2670 3026 2744 divinas,
3063 2681 3118 2725 et
3145 2681 3271 2726 ante
3316 2681 3530 2743 tempus
3567 2689 3689 2743 per-

2113 2763 2366 2819 fectionis
2385 2778 2448 2818 ea
2487 2778 2608 2832 qua:
2631 2761 2698 2816 ad
2727 2761 3114 2832 perfectionem
3149 2765 3420 2834 pertinent
3457 2765 3688 2820 inchoa-

2115 2866 2240 2912 ret:
2289 2865 2344 2910 et
2382 2865 2741 2910 sacrosancto
2785 2870 2957 2923 puero
3004 2870 3102 2925 pro
3146 2855 3340 2925 quovis
3387 2855 3516 2909 ludo
3569 2866 3690 2908 erat

2114 2962 2252 3018 opus
2281 2956 2334 3002 et
2359 2946 2623 3010 Studium,
2657 2961 2850 3014 parum
2880 2946 3098 3015 quidem
3132 2957 3358 3001 matrem
3385 2945 3688 3006 comitanti,

2116 3053 2310 3110 magna
2347 3047 2526 3093 autem
2563 3053 2628 3092 ex
2685 3048 2836 3108 parte
2886 3038 2937 3093 in
2989 3038 3072 3092 his
3122 3053 3368 3092 seorsum
3401 3048 3688 3108 occupato.

435 3135 637 3204 regina:
663 3142 845 3190 autem
871 3134 1222 3200 submittens,
1247 3145 1301 3190 et
1323 3135 1589 3205 majorum
1614 3135 1735 3206 ejus
1758 3146 2008 3192 contenta
2040 3155 2086 3217 ρ
2118 3131 2411 3202 Postquam
2442 3145 2570 3185 ver-0
2614 3130 2704 3185 illa
2745 3131 2812 3185 ad
2849 3130 3084 3197 beatam,
3120 3139 3174 3186 et
3213 3146 3334 3201 qua:
3383 3146 3690 3200 numquam

435 3225 632 3296 gloria,
672 3241 703 3281 a
746 3227 948 3296 quibus
1003 3238 1133 3282 sunt
1183 3227 1310 3283 huic
1362 3227 1541 3284 fontes
1595 3231 2009 3300 generationis:

435 3335 574 3390 quos
607 3335 780 3390 genus
819 3320 1080 3376 ducentes
1114 3337 1178 3376 ex
1227 3319 1488 3392 Phrygia,
1532 3333 1753 3392 propter
1785 3339 2012 3379 munera

438 3409 812 3479 imperatoria,
846 3425 968 3480 quae
999 3409 1256 3465 obierunt
1289 3411 1345 3465 in
1377 3411 1624 3468 exercitu
1649 3414 2012 3482 imperatoris,

437 3501 632 3557 habuit
669 3502 854 3572 regina
886 3503 1105 3557 urbium
1157 3503 1512 3566 habitatores,
1575 3505 1761 3561 animo
1792 3507 2012 3578 quidem

440 3593 635 3657 fortes,
667 3592 838 3649 fortes
867 3601 1047 3648 autem
1087 3609 1338 3665 corpore,
1376 3604 1429 3652 et
1459 3597 1611 3666 ejus,
1643 3599 1738 3668 qui
1771 3615 1837 3654 ex
1883 3599 2016 3668 ipsis

438 3693 560 3741 erat
587 3684 912 3758 glgnendus,
961 3686 1111 3756 prius
1145 3686 1198 3741 in
1229 3701 1288 3742 se
1315 3687 1690 3744 describentes
1743 3689 2016 3745 fortitudi-

441 3793 566 3833 nem
595 3786 784 3834 contra
815 3777 943 3834 vitia
971 3785 1024 3834 et
1046 3781 1436 3836 constantiam.

514 3871 569 3925 ι.
599 3869 641 3922 A
674 3869 875 3940 quibus
897 3878 1052 3927 ortns
1081 3870 1247 3940 hujus
1273 3882 1424 3943 pater
1447 3873 1517 3929 ab
1539 3875 1672 3945 ipsis
1702 3877 2017 3945 parentibus

441 3961 510 4016 ab
543 3960 763 4016 ineunte
792 3969 970 4026 aetate,
1029 3951 1290 4032 tanquam
1328 3964 1568 4030 Samuel,
1603 3975 1657 4020 et
1691 3965 1879 4020 habitu
1921 3965 2016 4020 Dci

443 4051 579 4108 sorti
608 4051 893 4107 dedicatur
920 4061 974 4109 et
995 4069 1054 4108 re
1081 4053 1197 4124 ipsa
1227 4072 1241 4108 :
1267 4063 1323 4109 et
1353 4054 1419 4110 ad
1459 4055 1676 4125 generis
1706 4056 2017 4112 successio-

443 4155 566 4195 nem
601 4140 718 4209 lege
749 4141 1084 4196 matrimonii
1119 4142 1474 4213 conjungitur
1498 4143 1736 4208 mulieri,
1776 4145 2016 4202 honesta

441 4233 657 4304 quidem
686 4233 894 4300 animo,
919 4235 1163 4291 honesta:
1197 4252 1323 4290 vero
1371 4237 1628 4292 omnibus
1659 4240 1928 4302 moribus,
1962 4248 2017 4295 et

438 4324 691 4392 corporis
745 4326 929 4394 specie
998 4341 1105 4379 non
1164 4326 1421 4382 afferente
1466 4328 1703 4384 dedecus
1745 4330 2012 4385 nobilitati

439 4414 640 4469 animae
670 4432 685 4469 :
728 4423 946 4484 etquaa,
987 4423 1047 4468 ut
1079 4415 1250 4470 semel
1285 4415 1484 4481 dicam,
1523 4417 1692 4471 animi
1721 4427 1774 4472 et
1822 4433 2017 4487 corpo-

2116 3227 2378 3291 senescit,
2424 3226 2679 3298 migravit
2710 3226 3102 3290 hrcreditatcm,
3141 3241 3265 3280 eum
3313 3236 3464 3293 patre
3505 3242 3693 3280 versa-

2116 3321 2276 3375 batur
2297 3331 2449 3381 tunc,
2486 3334 2544 3375 se
2572 3334 2835 3373 exercens
2865 3317 2916 3370 in
2942 3316 3408 3373 sacrisdiscendis
3439 3316 3690 3387 psalmis.

2117 3412 2324 3483 ingenii
2408 3390 2589 3466 aut'ém
2643 3410 2937 3474 felicitate,
2993 3409 3405 3480 intelligentiam
3471 3410 3690 3479 quidem

2117 3520 2282 3576 quam
2313 3520 2408 3574 pro
2432 3514 2588 3557 :rtate
2617 3503 2902 3571 majorem,
2927 3502 3280 3554 maturiorem
3311 3511 3492 3553 autem
3526 3515 3693 3567 quam

2117 3611 2216 3666 pro
2271 3604 2513 3663 tempore
2565 3592 2741 3647 aetatis
2802 3593 2962 3645 dabat
3021 3591 3369 3660 spectandam
3427 3599 3693 3642 staturam

2117 3686 2386 3757 corporis,
2443 3693 2844 3739 mentem'vcro
2884 3683 3025 3752 ejus,
3065 3683 3209 3753 quod
3269 3694 3353 3736 est
3393 3686 3597 3734 bonum
3639 3691 3695 3734 et

2121 3776 2432 3842 honestum,
2483 3775 2823 3843 capaciorem
2855 3788 3019 3842 quam
3071 3778 3336 3842 quantum
3399 3779 3696 3824 consenta-

2119 3882 2282 3922 neum
2360 3876 2507 3922 esset
2587 3876 2878 3934 utrumque
2935 3865 3222 3918 admittere
3299 3863 3695 3918 dimensioncm

2119 3957 2401 4029 temporis.

2189 4051 2240 4106 6.
2281 4050 2416 4106 llinc
2442 4067 2567 4108 cum
2591 4049 2655 4105 ad
2677 4065 2878 4104 annum
2913 4049 3249 4119 pervenisset
3279 4048 3692 4110 duodecimum,

2117 4144 2183 4200 ad
2231 4160 2316 4199 res
2366 4142 2683 4212 diligentius
2726 4140 3154 4195 considerandas
3205 4155 3263 4194 se
3293 4140 3601 4209 applicans,
3642 4139 3694 4201 (ο

2119 4248 2355 4291 mentem
2410 4234 2697 4291 stabilem!
2732 4248 2764 4286 ο
2814 4232 3019 4286 bonum
3071 4231 3411 4302 propositum
3437 4232 3475 4302 l)
3521 4247 3693 4301 genus

2120 4329 2242 4382 vitae
2284 4327 2541 4382 discrevit
2578 4332 2633 4380 et
2668 4323 2831 4394 elegit
2869 4341 2883 4378 :
2921 4324 3152 4394 aliisque
3201 4323 3434 4392 rejectis,
3469 4323 3535 4376 ad
3572 4339 3691 4373 mo-

2120 4417 2384 4473 nasticam
2414 4417 2660 4483 intuens,
2689 4413 2951 4486 ﬂagrabat
2973 4415 3288 4486 cupiditate.
3314 4413 3512 4468 Rerum
3545 4414 3690 4466 enim

438 4503 518 4558 ris
542 4504 786 4567 dotibus,
817 4503 1037 4563 marito.
1069 4503 1160 4573 qui
1211 4513 1331 4558 erat
1370 4505 1426 4558 in
1477 4506 1728 4574 utrisque
1759 4507 2010 4578 insignis,
2044 4496 2090 4555 D
2121 4507 2390 4580 principia
2430 4522 2460 4562 a
2491 4507 2602 4561 line
2641 4507 2933 4578 dijudicata
2968 4507 3212 4578 praebent
3247 4517 3414 4559 tutam
3471 4505 3696 4559 electio-

439 4593 592 4647 nnlla
624 4593 678 4646 in
711 4607 770 4647 re
798 4601 919 4646 erat
965 4592 1198 4647 inferior
1239 4607 1256 4646 :
1288 4594 1381 4649 sed
1415 4603 1534 4649 erat
1581 4595 1701 4665 biga
1762 4593 2012 4665 insignis,

442 4685 564 4755 biga
590 4685 923 4750 veneranda,
965 4685 1088 4756 biga
1132 4701 1252 4756 qua?
1289 4686 1444 4741 beata
1476 4688 1805 4742 censebatur
1835 4707 1846 4742 :
1881 4705 2014 4744 con-

437 4773 677 4843 jugium,
737 4773 883 4844 quod
939 4775 1234 4829 multorum
1285 4776 1476 4831 oculos
1530 4777 1882 4832 convertebat
1945 4779 2013 4833 ad

443 4864 898 4934 admirationem;
953 4883 1148 4938 parum
1203 4866 1420 4937 quidem
1488 4868 1661 4931 carni,
1719 4870 2012 4936 plurimum

442 4967 629 5011 autem
651 4955 762 5012 Deo
792 4959 1003 5022 vivens,
1035 4969 1089 5012 et
1120 4958 1187 5012 iis
1212 4973 1334 5028 qur.
1356 4973 1484 5013 vere
1512 4958 1577 5012 ad
1615 4958 1780 5014 Deum
1810 4960 2013 5027 ferunt,

442 5048 602 5104 factis
632 5058 686 5105 et
715 5049 880 5104 rectis
909 5050 1222 5106 actionibus
1247 5068 1258 5103 :
1292 5065 1390 5120 pro
1416 5051 1617 5121 quibus
1659 5060 1714 5105 et
1747 5068 1842 5122 per
1871 5069 2012 5123 ηυδε,

444 5153 702 5213 tanquam
753 5141 972 5213 aliquod
1017 5144 1302 5214 praemium
1355 5143 1595 5208 virtutis,
1646 5143 1855 5216 dignati
1887 5155 2019 5201 sunt

444 5251 663 5292 sacrum
705 5235 950 5292 fructum
983 5238 1314 5308 producere.
1343 5237 1445 5303 Qui
1500 5238 1553 5292 in
1601 5247 1842 5293 materna
1876 5254 2013 5309 qua-

521 5377 598 5447 (2)
631 5373 1118 5448 lconomachorum
1153 5376 1330 5448 rabies
1362 5378 1596 5448 primum
1620 5394 1648 5432 a
1670 5377 2016 5434 Leonclsau-

449 5451 564 5504 rico
612 5449 742 5518 imp.
770 5464 860 5502 an.
905 5447 1036 5502 Chr.
1068 5447 1194 5513 726,
1228 5449 1437 5510 imperii
1487 5449 1572 5504 sui
1608 5449 1662 5509 9.
1710 5451 2012 5514 suscitata;

446 5535 538 5573 an.
572 5517 706 5582 784,7
723 5518 825 5572 sub
849 5518 1208 5573 Constantino
1237 5529 1290 5572 et
1318 5519 1485 5581 lrene,
1509 5519 1790 5572 adnitente
1820 5518 1880 5573 S.
1908 5519 2016 5574 Ta-

447 5589 593 5643 rasio
623 5588 954 5658 patriarcha,
998 5604 1276 5658 repressa:
1309 5589 1527 5644 demum
1563 5605 1655 5644 an.
1683 5589 1804 5652 8l3,
1841 5590 2014 5658 impe—

447 5655 842 5713 rante’Leone
904 5655 1140 5715 Amne—uo
1201 5660 1516 5721 recruduit,
1583 5659 1864 5727 smv'iitqiie
1914 5655 2016 5712 sub

448 5727 710 5782 Michaele
763 5727 949 5793 Balbo,
981 5741 1032 5786 et
1061 5732 1220 5798 hujus
1268 5732 1378 5785 lilio
1410 5730 1749 5797 'l‘hcophilo;
1795 5728 2014 5798 penitus

452 5798 712 5854 restincta
752 5799 1004 5859 Micltaele
1041 5797 1159 5868 1H,,
1188 5812 1242 5856 et
1287 5801 1342 5857 S.
1380 5800 1664 5856 Theodoru
1702 5809 1872 5851 tnatt'c
1912 5797 2012 5849 itii-

2126 4617 2248 4657 nem
2277 4601 2395 4672 ejus
2419 4600 2565 4670 quod
2597 4608 2680 4656 est
2711 4601 2929 4656 melius.
2967 4601 3085 4654 Non
3120 4601 3265 4653 enim
3295 4600 3440 4666 quod
3468 4612 3698 4667 propor-

2126 4695 2272 4748 tione
2291 4692 2434 4747 aatati
2464 4693 2839 4762 responderet,
2863 4691 3158 4762 procedens
3180 4692 3368 4746 habuit
3393 4691 3658 4760 judicium
3683 4705 3697 4744 :

2125 4786 2218 4842 sed
2259 4785 2311 4840 in
2348 4784 2576 4855 juvenili
2625 4799 2857 4854 corpore
2896 4799 3086 4838 cauam
3130 4783 3452 4838 ostendebat
3500 4783 3700 4836 intelli-

2124 4877 2382 4944 gentiam,
2413 4887 2509 4944 per
2525 4889 2586 4928 ea
2611 4889 2732 4943 quae
2747 4871 3093 4941 operabatur,
3120 4888 3274 4926 suam
3297 4888 3417 4926 cum
3441 4886 3528 4933 eo,
3549 4873 3696 4940 quod

2119 4977 2202 5021 est
2237 4967 2438 5020 bonum
2481 4974 2536 5019 et
2567 4965 2881 5026 honestum,
2920 4962 3167 5018 indicans
3203 4963 3649 5032 conjunctionem
3682 4981 3696 5016 :
3761 5009 3766 5022 ,

2119 5069 2174 5115 et
2205 5059 2292 5121 iis,
2333 5057 2399 5111 ad
2441 5071 2564 5127 quae
2614 5069 2674 5110 se
2720 5055 3068 5121 extendebat,
3129 5055 3471 5123 significabat
3520 5056 3702 5108 incor-

2119 5160 2295 5221 rupta:
2353 5149 2549 5203 mentis
2603 5146 2954 5202 stabilitatem
3005 5164 3018 5200 :
3069 5154 3123 5200 et
3178 5147 3409 5216 gloriam
3473 5147 3696 5215 quidem

2119 5240 2454 5310 despiciens,
2498 5251 2761 5306 respuens
2797 5243 2979 5290 autem
3031 5235 3297 5306 quidquid
3352 5253 3459 5292 non
3488 5239 3594 5291 fert
3626 5237 3696 5290 ad

2121 5380 2464 5450 perantibus,
2537 5379 2629 5446 qui
2651 5447 2660 5450 Α
2685 5377 2901 5450 Reum;
2922 5394 3024 5450 an.
3076 5376 3690 5450 8.ll,__capessiverunt.

2124 5445 2198 5503 iiti
2256 5451 2312 5504 ll
2377 5445 2663 5502 Febrﬁad
2724 5447 2781 5501 S.
2843 5447 3142 5502 Theodorus
3197 5445 3374 5500 Vitam
3433 5447 3691 5502 diximus.

2119 5519 2257 5574 Cum
2289 5527 2470 5571 autem
2505 5516 2682 5570 factus
2716 5515 2772 5569 lit
2803 5518 3113 5585 patriarcha
3146 5518 3416 5572 Antonius
3436 5533 3528 5571 an.
3561 5518 3690 5578 888,

2121 5590 2276 5644 senili
2302 5589 2414 5656 jam
2459 5589 2540 5656 (ut
2573 5585 2783 5656 Menaea
2820 5587 3039 5656 habent)
3082 5598 3265 5656 aetate,
3299 5591 3698 5655 sexagenarius

2124 5655 2395 5720 fortasSis,
2430 5655 2852 5729 sequiturcirea
2894 5655 3043 5710 initia
3077 5655 3364 5729 Theophili
3397 5657 3533 5729 imp.
3591 5674 3695 5712 ua-

2125 5740 2234 5782 tum
2268 5729 2437 5782 luisse
2465 5741 2611 5780 anno
2647 5724 2772 5788 828,
2809 5735 2899 5780 aut
2935 5727 3205 5796 sequenti.
