4034 6582
341 415 434 485 185
1105 420 1275 480 νιΤΑ
1315 423 1375 480 S.
1420 422 1733 482 ANTONII
1776 424 1902 483 CAL

2007 424 2088 482 13E
2126 426 2626 487 ΡΑΤΠΙΛΗΟΙΙίΕ
2667 431 2775 491 CP.

3480 428 3581 493 186

338 539 520 600 Deum,
573 533 737 605 elegit
787 548 928 599 eam,
963 548 1084 603 quae
1115 533 1218 588 fert
1267 534 1333 587 ad
1376 534 1575 603 ipsum,
1650 552 1900 605 asperam
1934 544 1977 597 Δ
2009 540 2154 596 tledit
2199 543 2427 606 aditum,
2462 552 2521 595 ut
2572 542 2665 611 qui
2708 551 2967 612 tanquam
3021 541 3175 597 freno
3226 543 3412 613 aliquo
3459 560 3578 597 eam

333 631 568 700 quidem,
600 628 692 683 sed
728 640 1097 697 quaestuosam
1134 627 1295 693 viam,
1330 637 1384 681 et
1420 643 1542 697 qua:
1570 628 1684 681 sola
1724 640 1901 695 potest

335 728 501 780 bonos
536 730 873 777 mercatores
908 720 1283 775 transmittere
1314 720 1379 773 ad
1428 720 1573 774 illam
1620 736 1745 774 vere
1777 736 1901 788 pre-

334 820 523 872 tiosam
584 815 956 884 margaritam.
1014 813 1235 867 Sciebat
1283 813 1427 866 enim
1482 811 1666 865 divino
1716 828 1901 866 arnore

331 910 479 979 prius
510 922 668 977 capta
704 907 912 971 anima,
948 905 1013 960 ad
1046 906 1097 960 id
1124 906 1325 970 solum,
1359 906 1504 973 quod
1536 904 1897 969 desideratur,

326 1003 552 1055 omnino
603 1001 952 1064 contendere,
1004 1007 1058 1052 et
1108 997 1295 1051 omnia
1327 996 1460 1050 nihil
1501 997 1719 1058 dueere,
1780 1012 1902 1067 quae

331 1094 463 1147 nihil
500 1091 704 1146 faciunt
733 1093 799 1145 ad
832 1092 884 1145 id
920 1091 1064 1158 quod
1102 1090 1386 1159 quaeritur.
1423 1088 1575 1153 Quod
1617 1090 1759 1142 enim
1786 1098 1900 1144 toto

324 1188 512 1241 animo
541 1186 773 1239 electum
809 1193 892 1239 est
923 1183 987 1238 ad
1020 1182 1460 1251 acquisitionetn,
1490 1191 1571 1235 est
1596 1183 1807 1236 firmum
1838 1197 1901 1238 ac

322 1277 525 1331 stabile
553 1293 565 1327 :
598 1278 742 1344 quod
772 1284 953 1329 autem
983 1282 1065 1327 est
1091 1274 1318 1327 lirmiter
1343 1272 1697 1341 aequisitum,
1727 1288 1901 1340 proni-

322 1377 478 1436 ptum
508 1368 687 1421 estad
719 1365 1178 1421 conservandum.
1214 1364 1316 1429 Qui
1352 1366 1498 1419 enim
1530 1368 1697 1421 semel
1726 1366 1901 1421 fuerat

322 1460 588 1511 incitatus
612 1458 676 1510 ad
710 1457 761 1511 id
796 1456 943 1525 quod
973 1464 1053 1508 est
1076 1455 1386 1519 honestum,
1421 1466 1676 1524 tanquam
1705 1459 1773 1512 ab
1802 1458 1900 1513 ali-

318 1565 435 1617 quo
468 1563 693 1602 carcere
720 1563 750 1601 a
774 1546 972 1601 virtute
1002 1555 1309 1616 parentmu,
1346 1557 1605 1617 perpetuo
1627 1549 1901 1606 ferebatur

319 1645 551 1714 impetu,
596 1642 760 1696 Deum
779 1641 1063 1711 'quaerens.
1096 1653 1150 1696 et
1172 1643 1237 1697 ad
1264 1646 1439 1713 ipsum
1473 1646 1825 1701 contendens.

401 1736 452 1790 7.
492 1732 700 1788 Dehinc
725 1733 1013 1787 deducitur
1036 1733 1100 1787 ad
1124 1735 1299 1787 virum
1332 1743 1605 1790 sanctum.
1637 1735 1728 1803 qtti
1766 1750 1897 1805 prae-

317 1833 439 1875 erat
466 1836 629 1877 sacro
654 1822 1011 1886 monasterio,
1039 1829 1093 1875 et
1116 1830 1234 1875 erat
1264 1822 1493 1893 insignis
1528 1824 1723 1878 virtute
1757 1844 1770 1878 :
1811 1826 1897 1879 cui

2011 634 2315 701 repelleret.
2353 643 2405 685 et
2432 633 2660 702 pulchre
2685 634 2975 687 veheretur
3005 643 3058 687 et
3099 633 3336 688 ferretur
3367 635 3432 688 ad
3477 636 3585 687 vir-

2011 733 2198 778 tutem.
2237 723 2420 792 Neque
2448 726 2672 778 omnino
2703 725 2906 793 aliquid
2940 726 3164 780 indulsit
3199 726 3507 795 cupiditati.
3553 743 3581 778 ιι

2012 816 2243 885 proximi
2294 825 2348 869 et
2393 816 2467 869 rei
2501 824 2697 868 creatae
2734 816 3001 868 cbaritate
3035 815 3325 868 traducens
3356 816 3420 867 ad
3454 815 3584 868 effe-

2008 916 2236 971 ctorem,
2276 907 2418 975 qttod
2457 907 2675 975 quidem
2712 916 2795 960 est
2830 906 3080 959 ultimum
3132 907 3580 981 expetemlornm,

2007 1011 2060 1054 et
2122 1000 2356 1069 primum
2414 1000 2926 1054 desideramloruin.
2990 998 3094 1052 Per
3153 1000 3293 1053 hanc
3360 1000 3584 1054 minimc

2008 1094 2366 1147 adulteratam
2421 1092 2790 1147 conservabat
2830 1092 3231 1155 liberalitatem,
3260 1094 3326 1145 ab
3364 1092 3584 1145 ineunte

2006 1194 2165 1240 tetate
2227 1185 2495 1255 repellens
2546 1185 2882 1238 contrariam
2930 1183 3049 1253 ejus
3096 1184 3435 1238 achclionem
3484 1192 3585 1236 :t-t

2007 1290 2132 1328 cum
2182 1276 2249 1329 ab
2284 1291 2344 1329 ea
2395 1276 2740 1329 conciliatam
2796 1291 2983 1330 secum
3020 1275 3355 1347 habitantem
3394 1277 3585 1342 acqui-

2009 1367 2195 1422 siisset
2246 1368 2807 1431 commiserationem,
2846 1367 2934 1421 Dei
2990 1368 3217 1421 omnino
3270 1366 3446 1421 factus
3479 1376 3581 1420 est.

2011 1460 2102 1514 Sic
2142 1474 2270 1529 ergo
2304 1474 2362 1513 se
2414 1467 2555 1513 recte
2584 1476 2778 1529 gerens
2815 1461 2883 1513 ab
2917 1461 3138 1513 ineunte
3161 1468 3339 1524 atate,
3376 1467 3492 1511 erat
3533 1460 3582 1511 in

2008 1567 2100 1606 ore
2131 1552 2397 1614 omnium,
2427 1561 2481 1604 et
2513 1552 2866 1606 convertebat
2888 1552 2953 1605 ad
2990 1568 3047 1606 se
3078 1553 3325 1605 oumium
3371 1551 3582 1604 oculos.

2079 1643 2131 1697 9.
2159 1642 2279 1698 Jam
2311 1653 2491 1697 autem
2518 1644 2571 1697 in
2599 1645 2753 1714 genis
2785 1644 3009 1698 ﬂorente
3040 1644 3298 1711 lanugine
3326 1652 3382 1696 et
3416 1657 3578 1696 coro-

2010 1743 2177 1789 nante
2208 1736 2416 1788 vultum
2452 1736 2672 1804 plenum
2707 1736 2903 1806 gratia,
2945 1750 3063 1804 qua:
3109 1736 3159 1787 in
3211 1732 3421 1803 agendo
3463 1748 3583 1784 ver-

2010 1833 2182 1887 satur,
2233 1823 2595 1892 philosophize
2644 1836 2861 1892 pratum
2922 1825 2973 1877 in
3035 1840 3102 1878 eo
3155 1824 3316 1879 simul
3358 1822 3585 1891 pulchre

320 1932 579 1985 magnam
610 1916 930 1984 acquirebat
960 1915 1188 1984 gloriam
1232 1916 1378 1970 aetio
1408 1926 1461 1970 et
1492 1918 1896 1985 contemplatio,
1930 1902 1971 1958 Β
2003 1916 2246 1979 ﬂorebat,
2278 1928 2331 1970 et
2379 1916 2431 1968 in
2463 1916 2625 1970 corde
2654 1916 2952 1985 disponens
2996 1916 3371 1977 ascensiones,
3403 1912 3583 1979 perfe-

318 2023 447 2075 quze
472 2010 725 2077 corporis
772 2016 827 2062 et
875 2008 1070 2061 anima:
1115 2016 1295 2061 motus
1334 2008 1750 2076 dispertiebant.
1796 2010 1899 2075 Qui

324 2114 451 2153 cum
484 2113 613 2151 eum
641 2100 824 2151 statim
863 2098 965 2171 sibi
996 2096 1393 2165 coujunxisset,
1424 2105 1499 2162 et,
1536 2108 1593 2152 ut
1618 2116 1741 2168 qua-
1780 2115 1900 2153 esse

319 2200 505 2256 potest
544 2192 597 2241 in
629 2190 849 2257 juvene,
890 2188 1146 2242 virtutem
1194 2189 1535 2257 pra'videret,
1596 2206 1723 2245 eum
1798 2199 1902 2246 tra-

317 2283 479 2335 duxit
522 2281 591 2334 ad
628 2296 788 2334 suum
846 2282 1095 2334 habiturn
1149 2291 1205 2335 et
1250 2282 1510 2336 amictum
1568 2298 1582 2338 :
1638 2295 1896 2352 tanquam

317 2376 561 2444 quadam
578 2376 764 2429 tabula
788 2375 835 2429 ei
863 2376 980 2429 suis
1004 2376 1300 2444 propositis
1321 2376 1640 2440 virtutibus,
1665 2393 1901 2449 eumque

319 2485 429 2522 suo
452 2468 705 2536 exemplo
730 2466 1057 2532 informans,
1090 2467 1233 2523 facto
1257 2469 1438 2538 potius
1464 2486 1626 2539 quam
1648 2486 1902 2527 sermone

316 2562 428 2616 fuit
453 2562 504 2615 ei
534 2562 730 2616 doctor
768 2562 1031 2616 bonarum
1061 2561 1498 2633 disciplinarum.
1529 2563 1570 2617 A
1608 2579 1720 2634 quo
1748 2581 1903 2620 exer-

313 2662 523 2712 citatus
565 2658 618 2710 in
646 2657 781 2713 orbe
821 2657 1257 2726 disciplinarum,
1291 2658 1512 2712 attraxit
1539 2658 1697 2713 dulce
1730 2658 1903 2715 fluen-

314 2764 438 2806 tum
488 2752 793 2805 divinarum
845 2748 1281 2820 Scripturarum,
1334 2762 1573 2807 externa:
1621 2753 1903 2807 ebrietatis

308 2845 605 2916 crapulam
659 2844 925 2921 repellens
977 2844 1072 2921 illo
1110 2844 1465 2899 institutore:
1500 2854 1553 2899 et
1600 2845 1665 2900 de
1706 2856 1903 2901 ctrtero

311 2954 606 3006 nunquam
637 2951 959 3001 conversus,
988 2937 1236 2990 admovet
1280 2951 1501 2991 manum
1531 2948 1711 2992 aratro
1746 2954 1905 2990 exer-

310 3028 626 3090 citationis,
678 3025 982 3096 profundos
1028 3025 1388 3095 proscindens
1429 3027 1615 3081 sulcos
1664 3027 1901 3093 virtutis,

309 3132 369 3175 et
422 3122 492 3174 ad
525 3119 741 3177 fructus
773 3119 1029 3175 ferendos
1066 3129 1207 3173 recte
1234 3133 1563 3187 praeparans.
1600 3119 1667 3173 Et
1717 3130 1907 3175 noctes

2001 2010 2172 2063 etiorc
2223 2009 2457 2063 consilio
2518 2008 2841 2077 perfectiora
2916 2009 3337 2078 aggrediebatur
3393 2021 3580 2075 Opera.

2000 2100 2362 2156 Consultabat
2415 2117 2567 2163 vero,
2625 2118 2734 2156 non
2789 2101 2973 2156 divina
3015 2116 3191 2165 musa,
3226 2116 3336 2153 non
3385 2100 3581 2153 Demo-

2002 2192 2220 2247 sthenis
2271 2203 2431 2247 utens
2482 2193 2895 2273 ’vehetnentia;
2958 2192 3052 2247 sed
3104 2192 3287 2245 divina
3342 2190 3577 2259 qundam

2002 2284 2290 2353 prudentia
2330 2294 2383 2337 et
2426 2284 2703 2339 hominem
2733 2285 3050 2354 superabat,
3084 2294 3135 2337 et
3191 2284 3392 2351 ubique
3429 2283 3580 2336 inte-

2002 2375 2188 2429 niebat
2231 2391 2482 2444 magnam
2515 2376 2945 2443 possessionem,
2993 2391 3130 2437 rem,
3166 2376 3413 2443 inquam,
3442 2374 3582 2425 divi-

2002 2483 2152 2533 nam,
2182 2483 2375 2538 nempe
2401 2484 2522 2538 qua:
2554 2468 2685 2522 deos
2718 2468 2845 2521 facit
2873 2468 3215 2531 charitatem,
3285 2466 3365 2518 vel
3396 2465 3580 2533 potius

2003 2573 2168 2629 quam
2217 2558 2452 2613 habebat
2502 2556 2807 2627 proferens.
2862 2559 2928 2609 ad
2986 2572 3212 2624 scopum
3264 2554 3577 2617 ferebatur,

2004 2652 2267 2723 negotiali
2302 2652 2377 2722 (3)
2429 2649 2786 2719 Hermogenis
2820 2660 2935 2702 arte
2977 2648 3111 2701 nihil
3173 2647 3445 2714 indigens.
3481 2644 3581 2697 Per

2007 2749 2147 2802 hanc
2181 2746 2231 2801 ei
2264 2748 2454 2801 aderat
2503 2760 2715 2798 tuorum
2751 2744 2948 2796 lenitas
2970 2751 3023 2797 et
3052 2742 3376 2801 moderatio,
3406 2739 3583 2809 gravi-

2006 2850 2113 2904 tas,
2172 2838 2554 2901 mansuetudo,
2610 2835 2956 2905 simplicitas,
3010 2833 3275 2893 suavitas,
3312 2831 3581 2899 serpentis

2010 2931 2298 3003 prudentia
2328 2937 2735 2996 contetnperata
2776 2924 3045 2980 columba:
3077 2922 3411 2977 sinceritate.
3444 2919 3581 2974 llinc

2007 3026 2172 3081 etiam
2205 3025 2387 3087 liebat,
2424 3031 2481 3075 ut
2508 3020 2673 3075 sciret
2702 3033 3011 3072 mensuram
3041 3015 3314 3070 sermonis
3341 3024 3393 3067 et
3416 3014 3581 3067 silen-

2011 3120 2092 3184 tii,
2120 3128 2173 3172 et
2213 3124 2423 3171 motum
2476 3130 2691 3178 manus,
2730 3119 2781 3165 et
2818 3125 3062 3181 gressum
3093 3106 3266 3177 pedis,
3302 3114 3356 3160 et
3390 3114 3582 3176 gustus

312 3214 555 3284 quidem
596 3212 869 3267 habebant
898 3211 1137 3281 linguam
1171 3210 1424 3279 precibus
1448 3218 1502 3263 et
1546 3210 1764 3280 hymnis
1811 3226 1903 3263 va-
1936 3242 1977 3300 ο
2010 3226 2251 3274 cantum,
2280 3218 2334 3264 et
2363 3208 2659 3262 terminum
2697 3204 2868 3267 visus,
2911 3211 2965 3255 et
2999 3199 3265 3255 amussim
3298 3197 3579 3256 odoratus.

310 3319 565 3372 cantem,
627 3315 682 3360 et
714 3306 1025 3359 divinarum
1088 3317 1270 3357 rerum
1350 3302 1727 3368 meditationi;
1786 3304 1903 3357 dies

315 3411 512 3455 autem
563 3413 761 3452 manus
796 3396 1147 3451 vehementer
1198 3395 1559 3449 iuservientes
1614 3395 1679 3449 iis
1706 3395 1795 3464 qui
1826 3396 1902 3449 si-

315 3490 439 3544 tnnl
470 3506 594 3543 cum
645 3504 712 3543 eo
760 3487 1181 3543 exercebantur.
1222 3488 1423 3556 Aperte
1468 3486 1610 3541 enim
1674 3488 1900 3554 sciebat,

313 3583 473 3654 quod
508 3583 600 3638 alii
627 3582 843 3638 labores
875 3597 1134 3650 magnum
1166 3582 1409 3648 quidem,
1455 3580 1672 3649 (quidni
1698 3581 1901 3648 enim?)

315 3679 422 3732 sed
457 3692 561 3731 non
604 3684 813 3730 tantum
846 3676 1056 3729 lucrum
1092 3672 1369 3743 praebent;
1418 3672 1510 3740 qui
1557 3681 1737 3725 autem
1771 3689 1903 3726 con-

318 3772 578 3823 feruntur
628 3767 695 3822 ad
744 3766 997 3835 proximo
1046 3762 1481 3827 deserviendnm,
1548 3763 1899 3832 multiplicem

317 3862 567 3915 fructum
612 3859 872 3923 ferentes,
911 3858 1053 3926 quod
1090 3871 1120 3911 a
1145 3855 1255 3911 Deo
1279 3856 1467 3910 datum
1496 3864 1578 3911 est
1608 3856 1903 3926 unicuique

319 3957 615 4014 talentum.
663 3951 1044 4021 multiplicant,
1080 3951 1238 4020 cujus
1278 3966 1492 4005 summa
1530 3960 1613 4006 est
1642 3951 1901 4017 charitas,

315 4065 447 4116 qua:
486 4057 571 4102 est
610 4044 735 4105 fons
764 4046 1029 4100 bonorum
1065 4059 1134 4097 :a
1165 4059 1274 4114 quo
1308 4044 1402 4114 qui
1428 4044 1619 4099 sordes
1639 4046 1903 4114 abstergit

319 4141 480 4194 rivus
511 4136 809 4208 profluens,
844 4134 1160 4205 splendidos
1201 4134 1484 4203 splendide
1524 4132 1631 4188 Deo
1658 4135 1821 4200 sistit,
1852 4136 1903 4190 id

318 4231 474 4301 quod
505 4239 590 4284 est
610 4229 676 4283 ad
720 4228 841 4295 eius
874 4226 1188 4296 imaginem,
1222 4226 1405 4280 divina
1444 4226 1748 4280 imitatione
1808 4242 1903 4296 per

318 4323 865 4379 commiserationem
929 4322 1250 4377 describens
1322 4321 1635 4377 indelebile.
1692 4321 1904 4393 Optime

321 4418 475 4471 enim
509 4414 649 4483 apud
683 4429 742 4469 se
769 4423 821 4467 et
856 4413 1253 4483 sapientissime
1294 4412 1565 4474 dividens,
1600 4414 1737 4468 hanc
1775 4415 1905 4468 cha-

325 4509 544 4560 ritatem
606 4522 701 4575 per
757 4513 923 4560 totam
988 4505 1152 4557 vitam
1211 4504 1463 4558 adhibuit
1510 4505 1753 4571 sociam,
1810 4520 1903 4573 per

2010 3317 2061 3362 et
2102 3303 2408 3360 cautionem
2469 3301 2690 3356 auditus
2726 3316 2739 3353 :
2780 3306 2840 3351 ut
2879 3295 2933 3350 in
3002 3309 3135 3364 pura
3181 3300 3235 3347 et
3281 3290 3580 3348 secundum

2006 3412 2256 3457 naturain
2306 3396 2520 3467 specula
2579 3398 2822 3447 maneret
2854 3389 3084 3453 anima,
3141 3395 3197 3441 et
3249 3399 3358 3438 non
3408 3398 3580 3446 tuors,

2005 3506 2199 3561 nempe
2234 3490 2279 3543 is
2318 3488 2411 3557 qui
2447 3501 2550 3542 suo
2584 3486 2755 3538 utitur
2786 3480 3035 3542 arbitrio,
3074 3493 3170 3547 per
3215 3476 3485 3529 fenestras
3511 3488 3538 3561 a
3567 3476 3576 3523 l

2005 3560 2179 3652 ipsam
2216 3579 2444 3633 latenter
2477 3574 2833 3634 ascenderet,
2868 3579 2926 3624 tit
2951 3578 3035 3623 est
3071 3569 3121 3621 in
3167 3563 3478 3635 proverbio.
3521 3560 3584 3613 lit

2003 3674 2070 3729 de
2098 3683 2295 3727 cancro
2326 3684 2494 3722 unttm
2529 3677 2646 3721 erat
2673 3664 2721 3719 ei
2754 3662 3018 3725 studium,
3056 3668 3113 3714 ut
3149 3672 3370 3714 carnem
3405 3654 3584 3709 ellii-e-

2005 3774 2088 3820 ret
2134 3762 2340 3819 servire
2368 3759 2610 3830 spiritui,
2645 3766 2699 3812 et
2742 3753 2931 3809 venari
2978 3752 3123 3806 feras
3156 3750 3581 3819 cogitationum,

2004 3866 2060 3912 et
2100 3864 2256 3909 antra
2290 3866 2589 3923 repurgare
2620 3845 3077 3917 investigantibus
3108 3842 3310 3898 mentis
3343 3840 3583 3895 notiom-

2006 3946 2131 4008 bus,
2167 3944 2368 3999 sobriis
2398 3952 2450 3996 et
2471 3937 2851 4009 vigilantibus,
2897 3934 3063 3989 veluti
3098 3931 3351 3996 canibus,
3385 3929 3583 3984 mentis

2006 4038 2277 4096 celeribus
2304 4035 2370 4087 ad
2406 4034 2629 4087 meliora
2662 4028 3018 4083 motionibus.

2079 4132 2164 4185 10.
2186 4126 2557 4195 Quamobrem
2576 4122 2710 4176 nihil
2734 4135 2991 4191 magnum
3011 4117 3582 4178 existimabateorum,

2006 4239 2129 4296 qua:
2158 4228 2407 4275 annuunt
2437 4216 2503 4270 ad
2540 4214 2849 4275 interitum,
2883 4220 2936 4264 et
2971 4209 3173 4279 quibus
3202 4208 3449 4260 innatum
3480 4213 3581 4266 est,

2009 4325 2066 4371 ut
2102 4326 2345 4383 tempore
2392 4308 2643 4364 dimuant
2673 4347 2688 4370 ,
2743 4318 2850 4359 non
2890 4302 3139 4373 gloriam,
3176 4314 3284 4354 non
3337 4296 3580 4355 divitias.

2008 4423 2116 4463 non
2168 4408 2361 4475 ipsam,
2410 4417 2538 4472 qua:
2572 4412 2656 4455 est
2690 4400 2746 4453 in
2784 4396 3049 4459 dicemlo,
3084 4390 3445 4462 sapientiam;
3489 4390 3581 4441 sed

2011 4503 2200 4556 unicas
2236 4498 2470 4552 habebat
2496 4494 2739 4558 divitias,
2774 4505 2966 4559 nempe
3000 4490 3254 4542 virtutem
3302 4492 3356 4539 et
3396 4496 3581 4536 verant

323 4617 492 4669 quant
538 4600 722 4654 anima
754 4615 784 4652 a
810 4597 1164 4653 sensibilibus
1214 4596 1458 4663 evolans,
1501 4597 1792 4651 revertitur
1838 4596 1902 4651 ad
1932 4589 1983 4648 D
2010 4592 2399 4662 cognitionem,
2452 4602 2613 4655 quam
2648 4601 2705 4639 re
2751 4585 2866 4653 ipsa
2921 4579 3221 4636 conciliare
3258 4576 3432 4669 solum
3481 4574 3586 4669 scit

325 4694 560 4763 primam
592 4692 934 4759 dignitatem.

396 4787 449 4841 8.
491 4785 642 4838 llane
673 4785 881 4837 ﬁrmam
908 4783 1093 4853 posuit
1120 4784 1317 4838 basim.
1356 4781 1532 4851 Super
1557 4798 1677 4838 eam
1708 4784 1905 4839 donius

328 4876 549 4931 virtutis
590 4876 786 4930 stabile
814 4883 868 4928 et
906 4874 1123 4928 firmum
1157 4874 1293 4945 jecit
1332 4873 1770 4928 fundamentum.
1804 4873 1906 4927 Per

326 4986 446 5024 eam
500 4984 677 5038 neque
709 4982 861 5021 vana:
910 4966 1097 5038 gloriae
1157 4966 1381 5021 admisit
1436 4967 1748 5036 vestigium.
1811 4966 1905 5019 Siti

328 5062 473 5113 enim
517 5060 691 5126 ipsius
744 5073 984 5113 amorem
1043 5058 1181 5112 solet
1220 5058 1324 5112 hoc
1378 5054 1569 5111 vitium
1622 5056 1904 5123 consequi.

327 5150 465 5204 Nam
497 5152 643 5220 quod
694 5156 906 5204 tenetur
938 5149 1021 5202 sui
1045 5150 1219 5218 ipsius
1256 5164 1463 5212 amore,
1494 5150 1718 5203 omnino
1741 5149 1903 5202 etiam

330 5253 547 5298 tenetur
579 5241 767 5311 gloria:
822 5242 1119 5319 cupiditate
1154 5259 1167 5296 :
1208 5242 1293 5296 sui
1343 5251 1524 5297 autem
1560 5256 1747 5295 amore
1799 5257 1905 5295 non

332 5347 574 5400 tenetur,
609 5336 702 5405 qui
730 5337 927 5390 fratres
955 5335 1149 5406 diligit.
1182 5334 1275 5390 Est
1302 5352 1432 5404 ergo
1463 5336 1591 5389 vitio
1629 5335 1904 5404 superius,

332 5428 478 5498 quod
501 5428 669 5482 servit
693 5442 785 5497 per
821 5426 1168 5491 charitatem,
1201 5437 1253 5480 et
1280 5427 1331 5479 in
1358 5430 1675 5481 servitutem
1713 5426 1906 5493 redigit

334 5520 497 5583 feras,
548 5534 671 5587 qua:
711 5519 859 5572 intus
913 5527 1063 5581 sunt,
1127 5519 1355 5579 bestias.
1408 5518 1599 5581 animi,
1660 5518 1906 5585 inquam,

330 5610 805 5682 perturbationum
858 5608 1096 5666 furiosos
1147 5610 1421 5680 impetus:
1460 5626 1633 5681 neque
1665 5611 1758 5665 ulli
1816 5610 1909 5665 ira:

405 5814 481 5881 (5)
518 5812 889 5882 Hermogenes
939 5809 1229 5865 Tarsensis
1265 5811 1395 5865 clari
1448 5810 1688 5864 nominis
1722 5811 1908 5863 rhetor

342 5882 463 5950 fuit,
503 5884 663 5961 cuius
693 5885 853 5938 varia:
882 5883 1378 5940 exstantOratoriae
1410 5883 1802 5949 institutiones,
1838 5882 1903 5936 dc

2008 4681 2380 4754 philosophia.
2401 4678 2619 4733 Sciebat
2643 4674 2809 4735 enim,
2836 4671 2981 4742 quod
3005 4668 3221 4725 etiamsi
3242 4664 3582 4738 philosophia

2007 4777 2078 4831 sit
2147 4789 2338 4829 eorum
2391 4786 2511 4840 qua:
2570 4777 2700 4823 sunt
2754 4764 3029 4835 cognitio,
3087 4763 3229 4817 actio
3267 4773 3447 4815 tamen
3502 4766 3587 4811 est

2007 4882 2267 4923 ascensus
2300 4880 2441 4920 verm
2468 4858 2972 4930 contemplationis.
3013 4856 3089 4911 Et
3122 4854 3584 4924 contemplatione

2006 4969 2186 5013 autem
2246 4971 2434 5011 eorum
2498 4970 2621 5024 qua:
2678 4962 2825 5015 sunt,
2862 4949 3134 5019 exquisita
3187 4946 3578 5002 consideratio.

2006 5052 2235 5106 Actione
2255 5064 2384 5119 ergo
2404 5049 2618 5102 videtur
2642 5060 2829 5099 veram
2852 5044 3134 5114 acquirere
3154 5040 3581 5111 philosOphiani.

2009 5142 2155 5197 Talis
2181 5151 2296 5197 erat
2346 5141 2564 5209 quidem
2599 5154 2771 5192 novus
2803 5137 3004 5207 Joseplt
3056 5136 3242 5206 regula
3274 5142 3581 5202 temperan-

2009 5236 2098 5290 tia:
2130 5252 2144 5290 :
2178 5235 2272 5305 qui
2325 5233 2588 5287 adversus
2636 5231 2765 5283 vitia
2808 5240 2862 5284 et
2902 5231 3176 5285 dtcmoncs
3207 5228 3355 5281 clara
3406 5226 3580 5279 erexit

2011 5338 2211 5397 tropa-a
2254 5335 2349 5379 :rt
2401 5324 2505 5379 fuit
2552 5322 2770 5393 quidem
2829 5322 2943 5390 ipse
2992 5321 3316 5390 praeclarus,
3380 5314 3582 5370 multos

2011 5429 2189 5474 autem
2257 5416 2627 5488 prtcclariores
2677 5414 2908 5469 reddidit
2962 5427 3063 5468 suo
3115 5410 3385 5480 exemplo.
3439 5405 3579 5474 Quid

2011 5509 2142 5563 mibi
2205 5506 2500 5562 Socratica:
2553 5507 2617 5559 ad
2657 5506 2771 5560 haec
2826 5503 3254 5569 admonitiones,
3296 5509 3391 5555 aut
3435 5500 3583 5569 leges

2011 5600 2324 5665 Platonicw,
2358 5610 2453 5653 aut
2476 5598 2724 5652 universa
2764 5596 2937 5651 virtus
2964 5595 3271 5667 gentilium,
3308 5608 3431 5663 qua:
3459 5591 3583 5646 lieta

2011 5805 2293 5876 petEtionc,
2352 5804 2417 5860 dc
2465 5805 2798 5870 inventione,
2856 5801 3049 5859 formis
3102 5800 3339 5869 dicendi,
3396 5799 3579 5871 gravi.

2014 5888 2143 5943 tate,
2173 5887 2278 5932 ctc.

2990 5994 3003 6019 \
