4040 6604
445 405 542 469 187

445 635 572 688 hinc
605 632 832 688 monitis
885 634 1079 688 activa:
1128 635 1515 706 philosophiae,
1552 651 1675 705 qua:
1726 652 1784 691 re
1814 638 1928 706 ipsa
1972 646 2026 692 et

443 727 606 783 factis
641 728 961 796 loquuntur,
995 729 1221 783 deduxit
1253 730 1504 785 homines
1536 731 1602 784 ad
1640 731 1865 785 meliora
1902 741 2025 786 stu-

442 821 569 874 dia?
594 821 727 886 Quis
755 819 1104 890 Epimenides
1138 823 1190 875 in
1215 824 1379 878 rebus
1403 823 1602 879 divinis
1621 825 1756 877 adeo
1781 825 2022 892 sapiens,

443 915 564 968 vitae
597 915 798 968 divitum
827 914 1016 969 multis
1052 914 1153 968 fuit
1186 916 1440 970 occasio?
1470 915 1572 970 Per
1611 933 1772 986 quem
1803 915 2026 972 fuerunt

442 1009 663 1077 quidem
720 1019 897 1063 morte
957 1005 1148 1063 aiTecta
1203 1009 1356 1073 vitia,
1422 1019 1647 1079 purgata
1707 1027 1890 1064 autem
1926 1011 2026 1066 fttit

443 1101 622 1154 anima
680 1109 734 1154 et
783 1117 1004 1172 corpus,
1069 1102 1520 1172 resplenduitque
1563 1103 1670 1156 vita
1728 1105 1913 1172 quieta
1969 1115 2026 1159 et

445 1205 652 1248 remota
710 1210 739 1247 a
798 1194 1086 1264 negotiis:
1134 1195 1184 1247 in
1239 1211 1348 1264 quo
1403 1207 1457 1249 et
1497 1196 1590 1250 irae
1651 1197 2028 1252 fabricabatur

444 1304 654 1353 camus,
710 1296 762 1342 et
799 1287 1012 1342 frenum
1052 1289 1269 1357 linguae,
1301 1301 1350 1342 et
1377 1290 1613 1358 partium
1646 1291 1842 1345 anima:
1865 1307 2026 1346 exer-

442 1380 673 1434 cebatur
705 1388 1030 1435 concentus.
1060 1379 1132 1434 Ex
1161 1383 1381 1450 quibus,
1409 1392 1463 1436 et
1503 1398 1597 1450 per
1623 1399 1764 1452 qua),
1802 1385 2028 1453 pulchre

443 1471 778 1524 ellieiebatur
825 1487 993 1525 unum
1027 1486 1237 1542 genus;
1272 1473 1417 1543 quod
1453 1473 1694 1543 antiqua:
1725 1460 2028 1544 pulchritu-

444 1562 588 1617 dinis
615 1562 832 1618 divinos
861 1563 1146 1616 emittebat
1173 1563 1514 1631 splendores.

1055 1699 1286 1756 CAPUT
1322 1699 1385 1756 il.

447 1817 632 1873 Sancti
657 1819 873 1871 Antonii
906 1819 1256 1872 sacerdotium
1284 1837 1302 1873 .'
1327 1821 1644 1888 praefectura
1673 1825 1984 1878 monasterii
2010 1842 2027 1879 .'

1619 408 1796 469 NICE
1806 409 2039 470 PHORI
2082 410 2547 473 PHILOSOPHI

441 542 624 612 specie
675 541 1005 596 exercetur?
1050 539 1187 607 Quis
1221 540 1388 596 Solon
1425 542 1607 613 legum
1658 545 1916 609 decretis,
1960 553 2021 600 ut

2129 539 2234 577 non
2267 536 2476 594 pateret
2524 525 2706 579 aditus
2761 533 2980 595 propter
3012 525 3366 595 asperitatem

3611 412 3715 477 188

3424 542 3438 579 :
3480 526 3620 582 adeo
3653 535 3715 582 ιιι

2129 630 2273 673 esset
2307 618 2530 688 qttidam
2564 635 2660 688 per
2688 619 2873 672 omnia
2906 619 3176 672 bonorum
3209 627 3514 673 concentus
3537 619 3715 674 admi-

2129 710 2340 764 rabilis.
2379 709 2710 780 Lieebatque
2743 711 2926 764 videre
2959 711 3094 780 (illic
3123 711 3268 765 enim
3296 726 3412 765 mea
3459 719 3714 767 versatur

2129 805 2408 875 cogitatio)
2438 813 2681 874 tempore
2708 804 2877 858 divini
2904 805 3146 874 mysterii
3180 814 3416 859 stantem
3452 806 3710 859 sacerdo-

2131 909 2235 952 tem
2279 909 2405 952 ante
2445 898 2696 952 ordinem
2765 898 3156 961 monasticam,
3211 914 3321 951 non
3361 913 3522 953 secus
3547 909 3714 968 atque

2130 987 2442 1043 Samuelem
2485 990 2637 1044 illum
2690 991 2882 1044 scribit
2914 991 3110 1055 oratio,
3144 1000 3432 1060 totumque
3475 989 3585 1044 Deo
3629 989 3711 1046 af-

2131 1085 2296 1137 ﬁxum
2325 1091 2376 1136 et
2408 1083 2689 1149 tribunali,
2719 1093 2773 1137 et
2803 1100 2923 1139 cum
2961 1082 3068 1138 Deo
3099 1095 3409 1138 versantem
3444 1086 3712 1138 immacu-

2131 1175 2256 1229 latis
2285 1175 2484 1229 mentis
2519 1176 3004 1245 applicationibus,
3046 1185 3100 1231 et
3143 1177 3342 1230 divinis
3370 1176 3709 1245 contempla-

2131 1262 2377 1316 tionibus
2445 1264 2696 1320 effectum
2760 1275 2933 1320 totum
3016 1266 3298 1331 divinum,
3369 1276 3424 1321 et
3482 1266 3709 1336 pulchra

2131 1367 2402 1411 mutatum
2459 1359 2799 1412 alteratione.
2853 1358 2983 1412 Mihi
3042 1375 3175 1414 vero
3227 1361 3480 1412 videntur
3513 1358 3711 1412 divinae

2129 1467 2352 1521 quoque
2390 1451 2623 1507 virtutes
2679 1468 2805 1506 eum
2860 1452 3288 1517 circumsistere,
3347 1460 3402 1504 et
3449 1450 3498 1504 ei
3547 1448 3712 1502 mini-

2132 1541 2392 1598 SIrare.O
2417 1545 2662 1599 divinum
2697 1545 3031 1600 sacrificium
3059 1544 3440 1614 loperfectum
3471 1540 3711 1596 efﬁciens

2133 1639 2490 1709 mysterium!
2524 1653 2555 1693 ο
2604 1640 2734 1704 vita,
2781 1655 2900 1710 qua:
2941 1640 3008 1694 ah
3038 1655 3104 1692 eo
3159 1637 3480 1709 degebatur,
3531 1634 3711 1705 quiin

2133 1749 2365 1803 corpore
2388 1741 2505 1786 erat
2546 1742 2806 1803 tanquam
2841 1733 3224 1800 incorporeus.

2206 1826 2293 1880 15.
2338 1825 2462 1879 llaec
2509 1825 2699 1880 videns
2741 1826 2858 1896 ejus
2909 1835 3062 1895 pater
3110 1824 3412 1879 secundum
3468 1836 3711 1885 carnem,

517 1891 793 1984 arrectaria
823 1891 874 1943 in
915 1890 1012 1944 hoc
1053 1907 1266 1946 munere
1308 1894 1526 1947 virtutes
1562 1910 1579 1947 :
1625 1896 1794 1963 patris
1841 1913 2024 1950 monu-

2133 1919 2461 1974 desideravit
2499 1927 2714 1972 mutare
2765 1920 2888 1973 vitae
2933 1919 3202 1984 habitum,
3245 1925 3298 1971 et
3328 1915 3711 1971 indumentum

515 1963 770 2014 clu'smus.

516 2099 602 2152 tl.
635 2097 772 2167 cum
818 2110 1002 2152 autem
1058 2098 1388 2168 procedente
1439 2107 1683 2169 tempore
1714 2102 1780 2156 ad
1818 2102 2026 2158 virilem

444 2188 789 2256 pervenisset
846 2195 1084 2251 :ctatem,
1119 2197 1173 2242 et
1205 2188 1422 2244 virilius
1464 2192 1696 2246 activam
1750 2205 2032 2250 exerceret

448 2278 880 2348 philosophiam,
922 2279 1083 2333 laetus
1109 2279 1231 2348 ejus
1263 2288 1567 2350 praeceptor
1597 2294 1820 2352 propter
1854 2285 2030 2340 ineor-

446 2386 673 2439 pereant
711 2371 877 2424 vitam
913 2370 965 2424 in
998 2371 1100 2426 viri
1152 2386 1401 2441 corpore,
1430 2383 1484 2428 et
1518 2384 1776 2445 tanquam
1810 2380 2029 2448 propria

446 2461 686 2532 glorians
716 2476 842 2517 eum
873 2462 1025 2517 ducit
1053 2463 1122 2518 ad
1153 2463 1331 2529 illum,
1363 2465 1457 2535 qui
1493 2476 1621 2522 tunc
1662 2470 1879 2524 tenebat
1915 2472 2028 2526 cla-

445 2569 575 2609 vum
611 2553 688 2624 (ι)
734 2554 1101 2624 pontilicalem
1136 2556 1379 2610 civitatis
1415 2558 1598 2628 κλείω,
1633 2569 1689 2614 ιιι
1719 2560 2032 2617 initiaretur

447 2648 752 2703 chrismate
784 2647 1131 2720 presbyterii.
1175 2650 1277 2716 Qui
1331 2667 1439 2705 non
1492 2651 1668 2706 solum
1700 2669 1798 2724 per
1829 2658 2028 2726 gradus

449 2742 806 2797 intermedios
837 2759 962 2796 cuin
994 2742 1220 2798 deduxit
1261 2745 1327 2799 ad
1357 2746 1736 2800 indumentum
1771 2750 2028 2804 sacerdo-

445 2833 530 2898 tii,
589 2835 682 2889 sed
719 2835 866 2890 illius
905 2837 1222 2891 testimonio
1261 2855 1384 2892 eum
1421 2841 1581 2893 etiam
1643 2841 1942 2907 ordinavit,
1970 2852 2028 2898 ut

447 2934 704 2994 praeesset
741 2927 1080 2982 monasterio
1116 2948 1128 2983 :
1165 2939 1218 2983 et
1246 2932 1309 2984 de
1340 2942 1537 2986 czetero
1582 2949 1724 2988 novo
1753 2933 1887 2990 Mosi
1916 2946 2028 2992 tra-

444 3018 596 3073 ditur
630 3020 820 3090 populi
879 3023 1072 3085 rcetio,
1121 3032 1178 3076 ut
1207 3025 1299 3094 qui
1336 3040 1499 3094 parva
1544 3027 1888 3098 phi|050phia
1916 3031 2029 3084 col-

444 3113 637 3184 legerit
669 3116 894 3190 mu‘ltam
928 3117 1154 3186 pulchre
1187 3119 1448 3187 pascendi
1487 3121 1760 3189 peritiam.
1796 3119 2028 3181 Virtutis

443 3207 590 3261 enim
632 3194 910 3263 statuebat
943 3209 1337 3279 perfectionem
1369 3227 1475 3266 non
1501 3214 1680 3269 solum
1715 3216 1767 3269 in
1799 3231 1864 3271 eo
1903 3233 2026 3274 esse

443 3301 631 3362 sitam,
668 3310 728 3355 ut
770 3302 888 3372 ipse
923 3318 983 3358 se
1037 3312 1185 3358 recte
1225 3320 1467 3374 gereret;
1498 3309 1592 3362 sed
1646 3319 1703 3364 ut
1757 3311 1917 3365 etiam
1957 3329 2023 3368 ex
2051 3282 2093 3340 ϐ

442 3393 678 3459 quadam
735 3389 1098 3450 redundantia
1157 3405 1301 3450 esset
1350 3399 1604 3454 omnibus
1663 3401 1867 3471 regula.
1905 3401 2022 3459 Non

443 3495 570 3539 sunt
595 3486 740 3539 enim
796 3494 907 3539 tam
949 3501 1166 3540 sonora:
1222 3490 1365 3543 tubae
1395 3506 1460 3544 eo
1490 3500 1733 3560 tempore
1772 3509 1883 3563 quo
1919 3503 2028 3550 stat

446 3577 717 3631 instructa
751 3579 919 3645 acies,
957 3579 1024 3632 ad
1057 3579 1260 3634 milites
1292 3581 1356 3634 ad
1414 3599 1646 3653 pugnam
1680 3585 2022 3651 excitandos,

445 3679 505 3723 ut
536 3670 756 3724 virtutis
802 3671 1030 3726 sudores
1070 3687 1166 3727 eos
1201 3673 1293 3743 qui
1331 3683 1460 3729 sunt
1506 3676 1737 3746 subjecti
1785 3679 2027 3734 excitant

442 3760 508 3814 ad
541 3759 661 3814 acie
683 3761 1090 3815 decernendum
1121 3762 1386 3818 adversus
1418 3763 1694 3827 inimicos,
1732 3765 1825 3834 qui
1854 3767 2027 3834 perci-

443 3854 669 3920 piuntur
717 3852 1097 3922 intelligentia.
1145 3851 1214 3907 Et
1267 3856 1546 3924 quomodo
1603 3858 1712 3910 dux
1749 3859 2026 3913 exercitus

443 3941 927 4001 :ulversus’hostes
961 3962 1180 4001 omnem
1217 3957 1397 4002 movet
1425 3948 1623 4011 aciem,
1657 3950 1876 4020 quando
1913 3954 2026 4022 ipse

441 4053 678 4109 pugnam
731 4040 1030 4109 inceperit,
1067 4040 1226 4096 factis
1277 4057 1407 4097 suos
1455 4043 1705 4099 excitans
1737 4043 1803 4098 ad
1851 4047 2025 4102 virtu-

380 4131 382 4133 ’
441 4138 546 4180 tem
575 4144 589 4194 ;
622 4127 693 4181 ita
735 4129 896 4182 etiam
941 4130 1034 4199 qui
1075 4139 1205 4186 sunt
1239 4131 1512 4186 exercitus
1552 4133 1720 4189 duces
1761 4135 2024 4195 adversus

439 4221 592 4288 vitia,
624 4236 748 4276 cum
784 4222 991 4278 fuerint
1025 4225 1262 4279 redimiti
1295 4225 1573 4295 praeclaris
1605 4231 1826 4285 coronis
1857 4230 2022 4288 victo-

436 4313 551 4379 riai,
581 4312 891 4368 elﬁciuntur
922 4314 1181 4372 omnibus
1213 4315 1402 4371 efﬁcax
1435 4318 1756 4374 admonitio.

508 4404 597 4459 1'2.
634 4405 774 4459 llinc
805 4413 923 4458 erat
967 4405 1016 4459 ei
1044 4416 1310 4476 perpetua
1359 4412 1755 4477 propemodum
1813 4411 2019 4478 inedia,

433 4509 490 4554 et
524 4499 730 4567 vigilia,
774 4509 825 4551 et
857 4514 978 4567 qua:
1010 4515 1293 4570 nunquam
1336 4502 1801 4558 intermittebatur
1827 4520 2019 4573 preca-

2136 2013 2360 2066 induerc
2393 2013 2779 2066 monasticum.
2818 2012 2948 2066 Nam
2994 2013 3137 2082 quod
3188 2012 3254 2066 ad
3286 2010 3506 2065 virtutis
3543 2008 3708 2062 ratio-

2133 2119 2255 2157 nem
2295 2103 2520 2164 attinet,
2569 2103 2616 2157 ei
2653 2103 2764 2158 fere
2816 2104 2950 2156 nihil
2983 2103 3188 2167 deerat,
3235 2111 3294 2156 ut
3327 2101 3486 2169 cujus
3527 2116 3558 2154 a
3600 2113 3714 2152 me-

2135 2195 2254 2250 liori
2292 2197 2630 2250 institutione
2661 2205 2770 2250 tota
2804 2197 2910 2250 vita
2947 2196 3224 2265 penderet.
3264 2195 3430 2264 quue
3469 2207 3577 2246 non
3621 2205 3714 2260 per

2133 2287 2295 2340 aliam
2329 2302 2572 2348 inanum,
2601 2287 2694 2341 sed
2725 2302 2820 2356 per
2850 2287 2995 2339 illam
3027 2302 3236 2345 sacram
3272 2299 3518 2347 manum,
3553 2280 3714 2350 cujus

2133 2381 2246 2450 ipse
2277 2379 2454 2434 fuerat
2485 2379 2748 2449 agricola,
2782 2379 2924 2434 hanc
2951 2395 3171 2448 quoque
3197 2379 3423 2448 gratiam
3457 2374 3716 2446 cupiebat

2132 2475 2400 2543 accipere.
2430 2472 2536 2528 Pro
2571 2473 2828 2527 omnibus
2861 2471 3140 2526 alimentis
3170 2469 3502 2539 postulabat,
3534 2479 3590 2522 ut
3619 2466 3715 2520 lilii

2132 2583 2296 2621 manu
2323 2567 2654 2632 initiaretur,
2680 2575 2734 2621 et
2757 2582 2911 2621 suam
2946 2564 3158 2619 vivendi
3189 2566 3420 2618 formam
3456 2569 3711 2616 mutaret.

2134 2659 2436 2732 Regenerat
2470 2675 2599 2730 ergo
2623 2676 2771 2724 eum,
2797 2659 2890 2729 qui
2923 2667 3181 2728 genuerat
3209 2675 3221 2712 :
3250 2666 3304 2710 et
3331 2656 3403 2720 ei,
3437 2655 3526 2725 qui
3553 2665 3711 2709 ortus

2131 2755 2379 2821 corporis
2421 2753 2625 2808 fontem
2676 2753 3018 2823 praebuerat,
3072 2751 3268 2804 animae
3315 2749 3458 2802 filius
3515 2761 3709 2816 puram

2129 2844 2292 2901 efﬁcit
2327 2845 2817 2915 regenerationem.
2850 2843 2913 2897 Et
2949 2858 3071 2897 cum
3107 2843 3317 2912 aliquot
3349 2854 3523 2893 annos
3555 2837 3713 2892 forti-

2131 2948 2213 2994 ter
2238 2939 2428 3011 jugum
2477 2939 2737 2993 traxisset
2784 2936 3173 2995 monasticum.
3207 2934 3424 3006 plenum
3460 2931 3672 2985 dierum
3695 2969 3712 2994 ,

2129 3033 2352 3104 plenum
2387 3033 2668 3094 virtutum,
2699 3030 2914 3099 plenum
2949 3029 3272 3099 gratiarum,
3310 3034 3566 3095 tanquam
3593 3039 3714 3077 ma-

2131 3133 2315 3179 turum
2358 3124 2594 3194 aliquem
2645 3121 2910 3184 fructum,
2958 3120 3011 3173 in
3047 3117 3291 3173 cmlestia
3335 3117 3554 3178 horrea,
3588 3131 3714 3170 cum

2131 3217 2439 3273 advenisset
2476 3227 2710 3286 tempus,
2744 3231 2867 3270 eum
2898 3216 3035 3268 bona
3068 3230 3162 3284 spe
3190 3212 3531 3278 transmittit,
3563 3211 3716 3265 labo-

2129 3327 2249 3366 rum
2279 3310 2470 3380 dignas
2499 3325 2734 3364 coronas
2757 3315 3131 3377 accepturum.
3163 3304 3340 3374 Atque
3367 3303 3448 3357 sic
3489 3301 3713 3372 quidem

2128 3401 2525 3455 admirabiliter
2578 3416 2664 3454 res
2714 3399 2836 3469 ejus
2880 3413 2940 3453 se
2998 3398 3293 3451 habebant.
3343 3393 3529 3465 Neque
3566 3395 3711 3449 enim

2129 3492 2246 3546 ﬁeri
2280 3500 2483 3562 potest,
2513 3501 2572 3546 ut
2595 3493 2777 3545 omnia
2802 3490 3076 3544 describat
3108 3488 3306 3541 oratio.

2205 3585 2288 3638 l4.
2325 3583 2578 3640 Oblatum
2621 3593 2803 3636 autem
2840 3591 3053 3651 tempus
3082 3587 3338 3648 tanquam
3375 3576 3589 3632 lucrum
3623 3574 3728 3630 ac?

2130 3678 2360 3749 cipiens,
2395 3677 2766 3734 misericordis
2799 3675 2986 3742 animi,
3011 3673 3157 3744 quod
3181 3671 3403 3741 jamdiu
3426 3679 3551 3725 ante
3575 3685 3714 3724 con-

2129 3782 2370 3842 ceperat,
2411 3770 2590 3827 fontes
2633 3771 2867 3841 aperuit,
2899 3780 2952 3824 et
2984 3770 3129 3823 rivos
3178 3765 3362 3821 emisit
3397 3764 3714 3818 misericor-

2129 3863 2254 3928 dite,
2326 3864 2604 3919 solventes
2648 3861 2958 3931 squalorem
3002 3873 3327 3930 pauperum,
3385 3869 3714 3925 expromeus

2127 3957 2370 4025 quidem,
2415 3958 2462 4011 si
2493 3956 2622 4027 quid
2670 3954 3024 4018 redundabat,
3052 3952 3117 4005 ad
3155 3951 3372 4005 illorum
3407 3963 3586 4012 usum,
3617 3961 3716 4001 ex-

2128 4065 2386 4121 promens
2428 4057 2609 4103 autem
2653 4047 2819 4100 multa
2855 4059 3075 4116 quoque
3099 4059 3167 4097 ex
3207 4039 3558 4097 necessariis.
3588 4038 3708 4093 Non

2125 4144 2272 4198 enim
2325 4144 2380 4197 in
2424 4143 2491 4197 iis
2513 4183 2525 4206 ,
2556 4158 2678 4212 quae
2712 4139 3054 4205 redundant,
3081 4137 3490 4208 impertiendis,
3521 4135 3614 4190 sed
3653 4135 3708 4189 in

2127 4238 2196 4294 iis
2238 4238 2401 4292 etiam
2439 4252 2560 4307 qua:
2594 4236 2809 4299 desunt,
2836 4214 2930 4288 ille
2955 4249 3139 4288 veram
3181 4232 3456 4288 statuebat
3489 4229 3709 4285 miseri-

2124 4331 2389 4386 cordiam.
2424 4329 2486 4384 Et
2514 4329 2824 4384 communis
2853 4329 3016 4383 simul
3047 4327 3322 4399 proposita
3355 4334 3472 4382 erat
3503 4325 3709 4380 utilitas

2123 4422 2386 4477 divitibus
2409 4429 2463 4482 et
2490 4420 2822 4489 pauperibus
2857 4437 2870 4474 :
2913 4421 3000 4474 his
3041 4417 3310 4490 siquidem
3339 4418 3556 4472 solvens
3587 4416 3709 4471 ino-

2124 4517 2292 4586 piam,
2343 4515 2464 4569 illos
2495 4522 2675 4567 autem
2708 4513 2946 4583 eripiens
2979 4513 3046 4568 ab
3083 4512 3309 4576 invidia,
3341 4525 3463 4580 quae
3497 4519 3580 4564 est
3618 4523 3707 4562 re-

435 4591 513 4645 tio
558 4608 572 4644 :
607 4606 671 4643 ex
707 4590 908 4660 quibus
949 4601 1003 4644 et
1038 4607 1132 4660 per
1185 4608 1307 4662 quae
1336 4605 1453 4648 erat
1489 4597 1736 4663 corporis
1774 4611 2019 4651 tuacera-
2046 4632 2098 4692 Ι)
2125 4605 2297 4676 posita
2327 4606 2416 4670 iis,
2450 4605 2542 4672 qui
2582 4603 2728 4657 nulla
2769 4615 3057 4658 moventur
3090 4602 3467 4658 misericordia
3502 4619 3515 4656 :
3553 4616 3708 4656 com-

439 4684 536 4746 lio,
568 4693 619 4736 et
657 4683 710 4736 in
735 4697 902 4738 carne
930 4683 1036 4738 vita
1089 4685 1272 4740 carnis
1300 4701 1517 4755 expers,
1551 4699 1604 4742 et
1653 4689 2020 4758 tranquillitas

436 4777 1036 4846 cegitationumrllinc
1086 4794 1299 4845 eorum,
1355 4795 1477 4850 quae
1535 4781 1842 4851 oportebat,
1902 4792 2019 4838 erat

435 4871 652 4925 sincera
682 4872 1008 4944 disceptatio
1053 4883 1109 4929 et
1141 4872 1437 4943 judicium,
1468 4882 1522 4928 et
1566 4875 1810 4929 Omnium
1855 4876 2018 4931 simul

433 4964 777 5034 Voluptatum
813 4969 1177 5037 contemptio,
1212 4977 1266 5022 et
1304 4969 1514 5040 hyemis
1546 4984 1609 5023 ac
1636 4971 1844 5024 mstatis
1881 4977 2018 5025 tem-

434 5076 563 5126 pore
605 5076 806 5130 corpus
865 5077 1026 5116 suum
1079 5077 1188 5114 una
1242 5061 1468 5116 amicire
1500 5061 1704 5127 tunica,
1753 5063 2016 5132 humique

430 5153 675 5215 eubatio,
711 5163 763 5207 et
789 5169 976 5208 mensa
1014 5154 1162 5206 nullo
1200 5164 1464 5223 apparatu
1494 5156 1781 5220 instructa,
1812 5168 1870 5210 ut
1896 5172 2017 5226 quas

432 5263 570 5316 pane
619 5256 674 5301 et
705 5247 950 5302 oleribus
979 5248 1255 5315 exciperet
1287 5249 1705 5303 exercitatorem
1743 5267 1755 5304 :
1792 5266 1922 5314 non,
1957 5259 2016 5305 ut

436 5340 644 5407 multis,
682 5341 746 5395 ad
778 5341 990 5411 aliquot
1023 5358 1214 5405 annos,
1247 5343 1340 5397 sed
1385 5358 1413 5396 a
1448 5344 1650 5398 teneris
1682 5344 2012 5411 unguiculis,

431 5450 461 5487 a
505 5435 678 5504 prima
730 5435 952 5491 ineunte
986 5446 1141 5491 celate
1175 5436 1430 5507 perducta
1467 5453 1639 5507 usque
1668 5439 1734 5492 ad
1766 5439 2012 5492 ultimam

431 5537 485 5581 et
532 5529 782 5584 senilem.
828 5529 964 5587 llinc
990 5540 1107 5586 erat
1145 5532 1439 5588 austeritas
1479 5542 1782 5604 temperata
1830 5535 2016 5590 suavi-

434 5627 564 5684 tate,
616 5631 669 5676 et
714 5623 934 5680 lenitate
962 5626 1265 5696 asperitas;
1311 5639 1371 5682 ut
1426 5643 1601 5697 neque
1656 5628 2014 5696 reprehensio

433 5725 582 5769 esset
614 5716 819 5770 inutilis
849 5728 1071 5788 propter
1089 5720 1492 5785 austeritatem,
1515 5736 1691 5791 neque
1713 5721 2014 5792 disciplinae

506 5851 586 5927 (Α)
626 5850 672 5907 Is
705 5853 918 5910 videtur
947 5856 1008 5909 S.
1044 5857 1287 5926 lgnatius
1315 5856 1504 5921 fuisse,
1541 5864 1638 5912 aut
1672 5855 1792 5927 ejus
1820 5857 2018 5914 fortas-

437 5925 514 5982 sis
547 5926 799 5985 decessor
836 5927 893 5986 S.
931 5925 1264 5996 .‘llctliodius,
1299 5928 1345 5984 si
1377 5931 1560 5986 senior
1583 5925 1746 6002 quam
1771 5930 2012 6001 conjeci-

2127 4697 2306 4752 munis
2338 4697 2671 4759 benel'actor,
2697 4697 3008 4752 communis
3031 4708 3277 4760 curator,
3297 4695 3708 4765 magistratibus

2123 4800 2176 4847 et
2211 4792 2457 4862 privatis,
2503 4792 2745 4845 omnium
2781 4800 2990 4845 mentes
3023 4805 3125 4845 suo
3153 4792 3401 4860 exemplo
3433 4787 3707 4843 transfor-

2124 4903 2281 4943 mans
2307 4900 2358 4942 et
2385 4901 2721 4956 componens
2745 4885 2810 4938 ad
2837 4884 3086 4949 meliora,
3115 4899 3307 4954 parum
3331 4883 3552 4953 quidem
3586 4898 3708 4936 ver—

2124 4979 2228 5045 bis,
2265 4979 2422 5032 l‘acu‘s
2453 4994 2581 5032 vero
2621 4977 2918 5047 plurimum
2962 4991 3268 5045 provocans
3321 4975 3386 5029 ad
3422 4974 3704 5028 virtutem.

2127 5072 2276 5126 Unde
2311 5074 2474 5125 etiam
2520 5079 2638 5124 erat
2694 5073 3024 5124 reverendus
3071 5069 3504 5140 magistratibus,
3547 5083 3704 5122 reve-

2122 5167 2324 5219 rendus
2368 5166 2436 5219 iis
2483 5164 2576 5234 qui
2634 5174 2786 5217 erant
2838 5164 2889 5216 in
2933 5163 3312 5232 dignitatibus,
3365 5171 3531 5231 atque
3570 5160 3707 5230 ipsis

2122 5261 2255 5313 adeo
2288 5257 2706 5328 imperatoribus
2737 5276 2751 5312 :
2778 5269 3031 5328 recteque
3056 5258 3104 5311 ei
3129 5257 3454 5324 procedebat
3481 5256 3706 5309 univer-

2121 5371 2240 5410 sum
2275 5370 2410 5423 opus
2436 5351 2947 5415 administrationis,
2985 5351 3202 5404 nemine
3234 5357 3587 5418 repugnante.
3623 5345 3702 5400 Ex

2121 5446 2206 5501 his
2238 5460 2418 5500 autem
2451 5462 2556 5499 non
2590 5454 2705 5499 erat
2735 5445 3073 5510 incredibile,
3104 5443 3249 5513 quod
3276 5442 3418 5496 Deus
3449 5440 3515 5494 ad
3549 5455 3705 5494 com-

2122 5556 2337 5593 munem
2390 5541 2673 5593 utilitatem
2731 5541 2894 5592 multa
2946 5554 3163 5608 quoque
3197 5553 3294 5607 per
3341 5537 3517 5606 ipsum
3573 5533 3706 5589 fecit

2119 5633 2490 5696 admirabilia,
2540 5633 2752 5686 etiamsi
2805 5636 3072 5702 quantum
3122 5647 3217 5700 per
3275 5629 3533 5683 virtutem
3585 5637 3705 5682 erat

2119 5734 2315 5796 potens
2343 5724 2521 5780 facere
2554 5726 2838 5790 miracula,
2881 5732 3091 5778 tantum
3121 5733 3176 5779 ut
3210 5738 3272 5777 ea
3305 5723 3511 5778 celaret
3537 5730 3591 5775 et
3617 5729 3702 5775 te-

2119 5876 2245 5916 mus
2278 5859 2381 5915 fuit
2410 5859 2702 5916 Antonius.
2731 5859 2977 5916 Tradttnt
3011 5871 3195 5918 autem
3224 5860 3432 5917 Menaca
3469 5860 3701 5914 invitum

2117 5932 2294 5989 fuisse
2326 5933 2636 5989 sacerdotio
2666 5933 2961 5988 initiatum.
