4040 6578
296 452 401 520 189

1074 458 1247 520 VITA
1286 458 1347 521 S.
1388 458 1709 519 ANTONII
1746 459 2066 520 CAULEE
2108 460 2613 522 PATRIARCI‘LE
2655 463 2766 523 CP.

3474 462 3581 529 193

293 579 462 640 geret,
502 584 896 643 nonnunquam
948 588 1073 629 eum
1125 575 1380 641 fecisset,
1414 575 1797 646 :rnigmatibus
1826 584 1879 629 et
1911 580 1955 636 Α
1987 590 2114 628 eum
2154 575 2521 630 transmiserit
2567 582 2988 631 sacrosanctum
3030 576 3231 642 virum,
3264 576 3358 647 qui
3399 576 3467 631 ab
3495 578 3582 630 in-

294 662 504 717 umbris
534 674 944 735 assequeretur.
977 666 1081 723 Sed
1114 670 1260 740 quod
1298 668 1362 723 ad
1396 670 1691 723 multorum
1736 669 1885 722 venit

291 758 686 825 cognitionem,
752 770 807 815 et
854 759 1060 817 factum
1113 777 1237 818 esse
1296 762 1561 829 creditur,
1626 762 1881 833 persequi

293 851 520 906 n-ntabit
544 852 747 908 oratio.

366 944 450 998 l5.
473 945 710 999 Nolebat
736 962 839 1001 una
864 947 1106 1011 civitate,
1131 949 1231 1004 etsi
1257 949 1329 1003 sit
1354 957 1462 1003 tam
1488 964 1705 1023 magna,
1726 963 1880 1002 suam

288 1037 671 1091 circumscribi
731 1040 1274 1094 commiserationem
1315 1057 1329 1093 :
1367 1039 1458 1094 sed
1518 1043 1585 1091 ad
1620 1050 1880 1107 quantam

289 1129 371 1181 siit
415 1130 639 1197 aspicit,
690 1146 811 1186 eam
854 1133 1221 1187 contendebat
1250 1132 1565 1187 extendere.
1600 1132 1734 1185 Hine
1766 1148 1882 1184 ma-

291 1236 395 1275 nns
428 1223 694 1277 seatentis
730 1224 1106 1279 misericordia
1148 1226 1443 1294 participes
1475 1234 1631 1278 erant
1670 1223 1884 1294 Scythae

290 1323 340 1366 et
373 1312 657 1381 Thraces,
708 1328 761 1373 et
795 1334 917 1373 cum
969 1319 1092 1373 aliis
1124 1319 1255 1390 Mysi
1297 1334 1515 1389 quoque
1538 1322 1629 1389 qui
1665 1328 1794 1373 sunt
1827 1319 1880 1372 in

291 1408 444 1463 Asia.
479 1410 620 1476 Quin
649 1411 811 1466 etiam
860 1428 984 1467 cum
1018 1414 1084 1467 ad
1116 1428 1234 1477 eos,
1272 1413 1364 1482 qui
1396 1414 1798 1467 exercebantur
1828 1413 1880 1465 iu

292 1498 560 1572 Olympo,
599 1505 799 1573 quibus
857 1505 1099 1560 studium
1153 1514 1273 1560 erat
1320 1521 1381 1560 se
1425 1504 1638 1559 fortiter
1696 1520 1884 1573 gerere

293 1596 564 1651 adversus
605 1599 731 1653 vitia
773 1607 829 1653 et
860 1600 1159 1664 daemones,
1201 1601 1493 1669 aliquando
1535 1598 1880 1665 transiisset,

293 1697 343 1740 ct
407 1688 677 1759 quidquid
735 1692 854 1745 auri
913 1693 1146 1747 habebat
1203 1692 1258 1747 in
1318 1693 1591 1755 manibus,
1651 1694 1703 1745 in
1749 1707 1883 1747 usus

290 1795 488 1835 eorum
518 1786 992 1855 consumpsisset,
1052 1801 1307 1842 reversus
1343 1795 1426 1841 est
1453 1790 1517 1839 ad
1575 1786 1880 1851 civitatem,

292 1876 439 1943 apud
471 1893 531 1931 se
569 1879 781 1949 agitans
813 1890 867 1934 et
915 1880 1158 1949 undique
1189 1879 1567 1942 considerans,
1601 1879 1878 1933 undenam

1991 667 2163 721 fantia
2195 667 2260 720 ad
2301 666 2472 721 Deum
2526 670 2842 731 vocabatur,
2885 686 3033 735 eum,
3093 670 3338 741 inquam,
3376 670 3466 740 qui
3516 686 3581 725 ex

1986 776 2191 815 corona
2243 761 2559 817 nominatus
2611 763 2713 817 fuit
2748 763 2824 835 (5i
2888 764 3225 834 Stephanus,
3279 765 3327 819 ei
3384 766 3473 834 qui
3516 781 3582 819 ex

1987 852 2175 907 fasciis
2220 864 2301 908 est
2350 868 2759 920 sacrosanctus,
2802 866 3156 911 sacrosancte
3187 855 3578 925 conjungatur,

1985 946 2079 1014 qui
2137 962 2200 999 ex
2254 946 2396 1000 illius
2441 948 2747 1016 privatione
2774 951 2842 1001 ab
2882 964 2943 1002 ea
2967 958 3253 1019 acceptum
3288 964 3579 1003 inmrorem

1987 1037 2179 1093 solvet.
2237 1038 2375 1093 Cum
2422 1026 2605 1109 itaque
2653 1041 2973 1095 advenisset
3028 1050 3269 1111 tempus,
3317 1056 3426 1110 quo
3467 1041 3583 1095 hzec

1986 1130 2103 1183 lieri
2145 1131 2455 1200 Oportebat,
2500 1130 2763 1200 sutl'ragia
2795 1132 3035 1185 universi
3062 1142 3237 1186 cretus
3263 1130 3581 1200 pontificum

1984 1233 2036 1277 et
2074 1224 2444 1289 sacerdotum,
2475 1233 2529 1278 et
2554 1239 2744 1278 eormn
2790 1224 2882 1293 qui
2910 1227 3078 1277 vitam
3126 1225 3358 1293 agebant
3388 1239 3582 1278 mona-

1986 1317 2205 1378 sticam,
2233 1324 2286 1370 et
2313 1316 2485 1385 ipsius
2512 1331 2728 1386 quoque
2749 1315 3005 1381 Senatus,
3031 1316 3097 1369 ad
3119 1316 3339 1386 dignum
3367 1330 3586 1386 sponsae

1985 1407 2194 1463 Christi
2236 1410 2492 1464 Ecclesia:
2524 1424 2788 1479 sponsum
2829 1408 3164 1463 ferebantur.
3203 1408 3315 1463 Hoc
3364 1424 3585 1479 quoque

1987 1517 2222 1573 magnus
2268 1504 2457 1558 videns
2510 1504 2830 1573 imperator,
2886 1502 2939 1557 in
2974 1518 3191 1558 omnem
3224 1512 3427 1572 partem
3472 1504 3580 1557 cir-

1985 1594 2300 1651 cumfercns
2331 1595 2523 1651 oculos
2553 1596 2921 1665 cogitationis,
2948 1610 3162 1665 semper
3178 1610 3366 1649 curam
3390 1610 3585 1666 gerens

1984 1689 2107 1759 ejus
2161 1691 2307 1759 quod
2358 1690 2610 1761 urgebat,
2674 1698 2731 1744 ut
2788 1690 2879 1759 qui
2924 1689 3152 1759 pulchre
3192 1690 3356 1744 sciret
3400 1688 3582 1743 metiri

1986 1782 2351 1851 prmteritum,
2402 1793 2453 1836 et
2504 1782 2555 1835 id
2609 1782 2753 1850 quod
2786 1781 2962 1845 adest,
2989 1781 3357 1847 considerare,
3393 1790 3445 1835 et
3489 1796 3586 1850 per

1987 1884 2287 1944 utrumque
2328 1875 2395 1930 de
2448 1874 2636 1929 futuro
2689 1883 2895 1928 certam
2962 1873 3142 1929 facere
3186 1873 3585 1943 cenjeeturam,

294 1982 492 2023 tursus
542 1969 772 2038 vectigal
826 1979 1172 2040 compararet
1232 1970 1583 2039 pauperibus.
1634 1967 1737 2023 Sed
1774 1984 1883 2023 non
1918 1952 1958 2007 Β
1989 1966 2339 2020 continuavit
2375 1966 2738 2030 electionem;
2771 1967 2854 2021 Vel
2882 1967 3065 2036 potius
3100 1966 3241 2020 Deus
3275 1980 3369 2035 per
3400 1964 3583 2035 ipsum

290 2061 421 2115 sivit
449 2078 572 2115 eum
612 2060 757 2118 Deus
789 2063 882 2119 diu
915 2080 1037 2118 esse
1068 2062 1235 2117 anxio
1278 2063 1487 2117 animo.
1524 2060 1657 2115 Rem
1698 2070 1885 2115 autem

290 2153 451 2219 facit}
469 2164 529 2208 ut
558 2155 715 2218 solet,
742 2156 1147 2220 admirabilem,
1169 2163 1223 2210 et
1246 2171 1372 2209 eum
1405 2155 1601 2209 liberat
1629 2170 1657 2208 a
1681 2155 1886 2209 solliei-

290 2249 499 2301 tudine.
520 2247 754 2315 Quidam
787 2250 933 2303 enim
960 2250 1198 2320 ignotus,
1225 2249 1389 2303 simul
1414 2259 1579 2318 atque
1607 2248 1888 2318 ingressus

288 2351 374 2396 est
400 2342 707 2407 civitatem,
743 2344 857 2398 sive
893 2344 1077 2407 homo,
1117 2345 1232 2399 sive
1265 2342 1492 2413 angelus
1524 2341 1619 2411 qui
1653 2341 1883 2396 formam

290 2436 536 2490 hominis
580 2447 920 2505 susceperat,
988 2436 1297 2491 transeunti
1351 2452 1445 2504 per
1495 2437 1765 2505 porticum
1819 2452 1883 2489 ex

288 2528 534 2597 quotlam
586 2531 876 2600 angiportu
931 2530 1226 2590 accedens,
1276 2530 1323 2584 ei
1354 2530 1519 2584 tradit
1553 2530 1672 2584 auri
1709 2530 1886 2583 nrani-

288 2624 522 2692 pulum;
549 2632 602 2675 et
649 2638 772 2677 cum
812 2623 1043 2676 dixisset
1073 2639 1086 2675 :
1121 2622 1340 2689 Accipe,
1369 2623 1514 2691 quod
1555 2624 1798 2693 iltSlttttns
1831 2622 1883 2674 in

288 2731 428 2769 usus
465 2730 679 2779 eorum,
711 2730 948 2784 quorum
982 2694 1172 2767 curam
1200 2716 1366 2785 geris,
1390 2714 1542 2769 dicto
1575 2717 1739 2769 citius
1761 2730 1887 2768 evo-

290 2808 426 2862 lavit
459 2818 513 2861 et
543 2810 787 2861 recessit.
818 2808 885 2860 Et
916 2824 1109 2862 manus
1143 2807 1364 2877 quidem
1398 2808 1633 2863 habebat
1660 2823 1881 2872 aurum,

286 2903 433 2957 oeuli
461 2914 642 2955 autem
677 2918 783 2955 non
815 2910 1069 2970 poterant
1098 2901 1316 2970 assequi
1349 2916 1473 2955 eum
1508 2903 1599 2971 qui
1632 2902 1881 2969 praebue-

288 3006 402 3050 rat.
438 2994 555 3050 Hoc
590 3010 696 3049 non
731 3004 813 3049 est
847 2995 962 3049 leve
1010 2995 1226 3065 signum
1266 2994 1412 3049 illius
1444 3008 1568 3049 cum
1612 2993 1723 3047 Deo
1753 3009 1885 3048 con-

282 3088 598 3158 junctionis
629 3102 643 3140 :
685 3088 788 3142 hoc
813 3097 899 3142 est
929 3102 1038 3140 non
1079 3087 1195 3142 leve
1227 3086 1489 3141 indicium
1524 3086 1667 3139 illius
1702 3086 1884 3153 magni

287 3189 343 3234 et
370 3178 576 3233 exerisi
604 3178 777 3232 animi
808 3196 821 3232 :
856 3178 962 3231 hoe
1002 3178 1235 3232 Abraha:
1268 3178 1664 3231 benedictionis
1696 3177 1885 3230 habuit

292 3268 833 3338 multiplicationem,
868 3266 1015 3335 quod
1058 3266 1160 3319 fuit
1193 3264 1449 3335 hospitali
1480 3265 1720 3317 dexterae
1743 3261 1886 3316 velut

287 3363 544 3435 quaedam
582 3362 864 3417 sementis.
891 3360 1122 3429 PrOpter
1150 3361 1265 3413 haec
1297 3361 1433 3412 bona
1480 3372 1710 3427 magnus
1741 3363 1887 3411 recte

289 3474 353 3513 se
380 3458 548 3528 gessit
585 3456 875 3510 Antonius.
928 3454 1053 3509 llaec
1082 3453 1266 3508 manui
1304 3467 1604 3523 pauperqu
1636 3451 1885 3516 amanti,

294 3569 363 3605 ne
404 3551 764 3621 suppeditans
809 3557 1013 3619 egeret,
1062 3547 1164 3600 fuit
1217 3549 1461 3601 occasio.
1491 3544 1629 3599 Cum
1681 3560 1787 3614 qua
1830 3558 1889 3599 re

290 3645 473 3700 Croesi
505 3644 728 3713 quidem
763 3642 914 3696 illius
946 3640 1073 3712 Lydi
1104 3640 1354 3703 felicitas,
1394 3647 1449 3694 et
1475 3638 1629 3693 aurei
1664 3637 1886 3703 lateres,

294 3754 474 3809 neque
505 3736 690 3791 fabula
728 3735 884 3790 Μίδεω
916 3743 1092 3804 potest
1116 3734 1381 3788 conferri.

897 3845 1129 3903 CAPUT
1185 3845 1280 3900 ΙΙΙ.

292 3960 482 4018 Sancti
540 3962 757 4015 Antonii
816 3961 1247 4029 patriarchatns,
1308 3963 1362 4015 in
1412 3980 1471 4016 eo
1506 3964 1730 4017 labores.
1783 3962 1887 4017 Leo

779 4034 1068 4101 imperator
1125 4033 1400 4086 laudatus.

372 4172 457 4227 l6.
505 4169 641 4224 Eum
677 4182 885 4235 autem,
914 4185 1039 4225 cum
1072 4171 1125 4225 in
1158 4169 1241 4225 his
1273 4179 1442 4233 esset,
1475 4171 1778 4240 aspiciebat
1814 4172 1889 4227 ci-

299 4267 463 4330 vitas,
489 4276 539 4318 et
566 4265 826 4317 virtutum
856 4278 960 4317 non
982 4265 1194 4319 celabat
1221 4264 1683 4334 magnitudinem;
1714 4280 1889 4335 neque

298 4359 510 4432 egregia
550 4358 690 4412 fat-ta
722 4366 881 4411 terra:
934 4357 1258 4423 mandabat;
1293 4356 1436 4411 fama
1472 4373 1602 4411 vero
1650 4357 1888 4426 excipie-

301 4458 391 4509 bat
421 4473 434 4508 :
463 4465 515 4508 et
553 4454 679 4506 licet
710 4468 817 4506 non
851 4451 1085 4515 adesset,
1116 4466 1241 4506 eum
1267 4452 1525 4506 omnibus
1564 4453 1696 4521 ipsis
1727 4451 1888 4508 factis

297 4548 640 4605 ostendebat.
664 4556 717 4599 et
736 4547 1130 4615 pr0pemodum
1150 4560 1411 4615 responsa
1436 4546 1503 4599 ab
1522 4562 1615 4600 ore
1638 4546 1885 4600 omnium

1992 2060 2305 2127 obsignavit
2351 2060 2670 2112 universum
2709 2077 2721 2110 :
2756 2069 2810 2112 et
2845 2067 3103 2128 tanquam
3138 2058 3451 2127 quempiam
3504 2056 3583 2109 vi-

1992 2152 2224 2205 ctoriam
2286 2160 2644 2205 consecutum
2722 2152 2983 2205 athletam
3054 2152 3440 2204 transmittens
3513 2150 3581 2203 ad

1990 2244 2321 2315 Olympiam,
2377 2244 2557 2299 evehit
2616 2245 2681 2298 ad
2713 2245 2894 2298 sedem
2946 2243 3332 2313 pontiﬁcalem,
3372 2243 3583 2311 majora

1994 2336 2306 2389 habiturum
2347 2337 2680 2399 certamina,
2718 2346 2773 2390 et
2799 2351 3032 2389 coronas
3067 2336 3466 2405 pra-clariores.

2063 2429 2154 2482 17.
2194 2430 2262 2483 Et
2287 2429 2543 2498 deinceps
2580 2428 2814 2483 habebat
2850 2443 3053 2497 sponsa
3083 2427 3283 2483 Christi
3309 2444 3458 2492 eum,
3490 2428 3582 2495 qui

1992 2529 2139 2573 recte
2181 2519 2574 2589 tenebat'leges
2598 2518 2912 2585 sacerdotii,
2947 2530 3000 2573 et
3029 2519 3242 2573 virebat
3288 2520 3399 2589 spei
3441 2520 3585 2573 indi-

1990 2612 2266 2680 geutium,
2300 2622 2353 2666 et
2394 2612 2610 2666 abunde
2658 2611 2981 2666 elluudebat
3035 2612 3494 2674 misericordiam,
3532 2622 3588 2667 et

1989 2713 2107 2758 erat
2148 2704 2404 2760 manibus
2455 2719 2757 2774 pauperum
2795 2703 3111 2773 propositus
3151 2702 3286 2772 :qui
3330 2702 3384 2755 in
3420 2703 3585 2757 rebus

1989 2796 2215 2856 divinis,
2250 2796 2519 2863 initiabat,
2549 2806 2603 2851 et
2636 2796 2724 2860 iis,
2759 2796 2853 2865 qui
2887 2796 3264 2860 initiabantur,
3307 2796 3589 2864 exemplar

1992 2888 2234 2952 virtutis,
2274 2889 2567 2958 imaginem
2620 2888 2981 2950 fortitudinis,
3025 2888 3387 2943 simtnacrum
3441 2899 3583 2943 tem-

1992 2982 2253 3050 perantia:
2283 2992 2335 3035 et
2363 2981 2596 3049 justitia:
2625 2979 2946 3035 ostendebat
2975 2980 3217 3050 regulam
3254 2998 3267 3033 :
3293 2980 3386 3049 qui
3414 2981 3583 3034 vitam

1990 3075 2188 3142 magis,
2223 3088 2386 3141 quam
2430 3073 2695 3141 linguam,
2748 3072 3061 3142 proferebat
3094 3073 3435 3143 magistram.
3475 3070 3583 3127 Sed

1991 3181 2100 3217 non
2139 3164 2239 3217 fuit
2283 3175 2576 3220 contentus
2605 3165 2693 3227 iis,
2729 3182 2851 3235 qua:
2896 3176 3294 3235 praecesserunt
3326 3185 3339 3221 :
3379 3181 3483 3220 non
3514 3168 3585 3220 ad

1993 3258 2358 3313 relaxationes
2385 3260 2616 3328 aspexit,
2650 3267 2707 3311 ut
2737 3259 2935 3328 aliquis
2968 3258 3146 3326 alius;
3179 3274 3354 3328 neque
3389 3274 3584 3328 peper-

1990 3350 2066 3404 cit
2092 3334 2361 3405 senectuti
2395 3368 2407 3404 :
2438 3350 2532 3405 sed
2568 3350 2800 3404 sudores
2840 3350 3209 3406 succedebant
3255 3350 3579 3411 sudoribus,

1990 3453 2043 3498 et
2090 3443 2305 3498 labores
2350 3443 2653 3506 laboribus,
2698 3451 2751 3496 et
2799 3434 3008 3497 sanctis
3037 3442 3187 3497 euris
3224 3458 3370 3497 cura:
3404 3442 3581 3511 magis

1990 3546 2235 3592 sancta}:
2275 3544 2327 3589 ct
2381 3534 2606 3604 perinde
2655 3550 2718 3588 ac
2774 3534 2953 3589 alatus
3012 3534 3327 3604 quispiam,
3376 3532 3582 3593 virtute

1989 3631 2162 3686 sancti
2199 3629 2474 3699 Spiritus,
2515 3628 2567 3682 in
2610 3628 2684 3697 (li)
2720 3629 2877 3683 senili
2930 3643 3165 3697 corpore
3212 3627 3447 3682 assumit
3501 3626 3584 3680 vi-

1991 3730 2205 3789 gentem
2238 3722 2404 3775 animi
2446 3722 2808 3785 alacritatem,
2850 3729 2902 3776 et
2930 3736 3120 3775 Oznncs
3150 3720 3354 3775 Christi
3386 3719 3581 3775 Eccle—

1990 3816 2123 3881 sias,
2150 3828 2262 3868 tum
2316 3815 2573 3884 precibus
2623 3816 2790 3869 Deum
2838 3815 3081 3884 placatis,
3130 3825 3246 3870 tum
3298 3831 3426 3880 eas,
3458 3830 3583 3885 qua:

1990 3917 2233 3975 tempore
2275 3906 2689 3971 lahOraverant,
2722 3917 2777 3960 et
2828 3907 2969 3961 male
3000 3917 3157 3963 erant
3209 3907 3438 3971 alfectte,
3481 3923 3580 3977 pro

1991 4001 2197 4055 viribus
2234 4016 2493 4054 recreans
2518 4000 2595 4071 (7)
2637 4018 2648 4053 :
2682 4000 2859 4070 iisque
2894 4001 2984 4071 qui
3028 4017 3059 4055 e
3085 4011 3342 4071 suggestu
3373 4002 3425 4057 in
3458 4003 3582 4055 inoo

1990 4094 2132 4163 piam
2179 4093 2493 4147 deciderant
2542 4093 2779 4162 c0piosis
2813 4109 3146 4150 succurrens
3189 4095 3583 4165 suppeditatio-

1991 4186 2173 4251 uibus,
2208 4194 2264 4239 et
2293 4185 2626 4255 quotidianis
2660 4185 3019 4255 proventibus
3049 4186 3385 4241 distribuens
3435 4188 3579 4241 elce~

1992 4294 2277 4347 mosynam
2312 4278 2811 4333 innumerabilibus
2831 4278 3187 4347 pauperibus.
3207 4277 3577 4344 Quamobrem

1990 4382 2043 4426 et
2080 4372 2172 4440 qui
2226 4370 2508 4425 laborabat
2565 4370 2769 4441 inepia,
2822 4371 3005 4425 laetum
3058 4372 3200 4426 diem
3259 4372 3475 4440 agebat,
3525 4380 3581 4426 et

1994 4470 2196 4535 hospes
2228 4466 2660 4520 obliviscebatur
2683 4466 2892 4535 patriae,
2921 4476 2971 4521 et
2996 4466 3277 4535 orpbauus
3306 4458 3577 4535 lacryma-

1991 4558 2173 4623 batur,
2210 4568 2265 4612 et
2294 4558 2574 4613 viduitatis
2607 4556 2840 4612 ferream
2889 4556 3167 4613 fornacem
3193 4558 3579 4628 exstinguebat

300 4641 631 4701 excidentia,
664 4638 909 4692 futurum
943 4646 1199 4706 tanquam
1226 4653 1467 4706 ριέιξεριιδ
1490 4639 1881 4708 praedicabant.
1921 4665 1963 4721 Β
1994 4652 2176 4706 vidua,
2218 4651 2354 4717 Quis
2404 4662 2610 4706 tamam
2663 4667 2855 4705 curam
2918 4652 3090 4722 gessit
3135 4650 3396 4719 justitiag?
3445 4650 3579 4716 Qui;

300 4733 424 4790 Haec
465 4736 807 4788 canebantur
848 4732 899 4785 iu
936 4732 1122 4787 multis
1173 4730 1511 4795 civitatibus,
1549 4734 1889 4790 canebantur

302 4830 354 4883 in
383 4830 555 4899 agris,
590 4829 913 4882 dicebantur
940 4827 993 4880 in
1026 4826 1328 4888 montibus,
1356 4826 1410 4879 in
1442 4829 1637 4893 antris,
1673 4830 1724 4882 in
1758 4846 1890 4900 gen-

303 4927 469 4980 tibus.
523 4925 627 4979 Per
673 4939 865 4977 omnes
903 4922 1048 4977 enim
1096 4924 1430 4993 pervadebat
1460 4925 1805 4991 miraculum,
1837 4939 1890 4984 et

299 5031 415 5075 erat
438 5018 751 5073 communis
780 5018 930 5072 orbis
961 5027 1120 5072 tet-rte.
1148 5018 1412 5071 narratio.
1457 5018 1580 5073 llaec
1633 5018 1891 5077 Ecclesia:

301 5111 503 5167 Christi
539 5126 760 5181 sponsa:
809 5112 1103 5165 movebant
1135 5126 1402 5175 amorem,
1445 5111 1779 5182 ardebatque
1812 5114 1887 5168 si-

302 5206 442 5259 tiens
481 5219 631 5267 cum,
693 5220 853 5273 quem
906 5204 1186 5273 diligebat,
1245 5213 1299 5257 et
1349 5206 1627 5271 quaerebat
1674 5218 1889 5276 tempus

302 5297 728 5364 coniunctionis,
775 5305 827 5349 et
862 5297 1166 5367 prmvidens
1221 5307 1435 5364 tempus
1469 5297 1885 5366 despousionis,

302 5404 394 5458 spe
428 5388 574 5442 dulci
599 5388 839 5456 jucunde
874 5388 1195 5442 ducebatur.
1233 5386 1450 5441 Sciebat
1485 5389 1630 5442 enim
1662 5389 1779 5445 fore
1831 5399 1889 5444 ut

304 5481 658 5548 praecedentis
686 5480 871 5549 sponsi
913 5480 1176 5550 dignitate
1213 5480 1438 5535 minime
1468 5482 1721 5536 viduetur
1748 5502 1761 5538 :
1794 5483 1887 5538 sed

370 5616 449 5690 (Ti)
490 5616 587 5690 llic
616 5628 723 5690 est.
754 5617 964 5690 dequo
1012 5627 1138 5690 ante
1186 5617 1421 5690 dictum,
1576 5618 1888 5690 Stephanus

304 5689 641 5756 patriarcha,
695 5687 879 5743 Basilii
918 5687 1230 5743 Macedonis
1287 5689 1415 5758 imp.
1477 5689 1643 5749 ﬁlius.
1675 5687 1886 5745 Leonis

302 5759 496 5828 frater,
540 5761 633 5827 qui
687 5760 885 5813 colitur
930 5759 995 5813 17
1041 5759 1186 5824 Maii,
1238 5774 1348 5828 quo
1401 5770 1673 5827 mortuus,
1725 5763 1887 5818 tertio

306 5844 450 5884 atnxo
483 5827 704 5895 Leonis,
729 5830 862 5883 Chr.
894 5830 1019 5885 888.

371 5900 447 5968 (6)
482 5900 618 5953 llinc
667 5908 833 5969 patet,
878 5902 1045 5975 quod
1074 5909 1234 5957 antea
1268 5902 1534 5975 diximus,
1590 5918 1886 5975 sexagena-

306 5973 470 6040 rium,
505 5982 604 6026 aut
634 5986 744 6028 non
781 5973 953 6029 multo
981 5973 1242 6029 minorem
1280 5974 1471 6030 fuisse.

1994 4746 2192 4815 injuria
2228 4745 2438 4801 affectis
2469 4748 2645 4815 magis
2694 4744 2792 4800 fuit
2842 4745 3145 4800 salutaris?
3175 4744 3311 4810 Quis
3358 4759 3574 4805 eorum.

1992 4841 2083 4909 qui
2137 4840 2395 4908 injuriam
2432 4837 2722 4902 faciebant,
2773 4840 2853 4895 sic
2902 4839 3249 4910 prepulsavit
3304 4837 3577 4908 impetus?

1993 4934 2126 4999 Quis
2172 4934 2294 4989 lites
2316 4934 2670 5003 composuit?
2699 4933 2834 4999 Quis
2866 4933 3033 4989 nimis
3073 4942 3317 4988 erectum
3344 4933 3581 4987 detraxit

1993 5027 2392 5096 supercilium?
2426 5026 2562 5092 Quis
2598 5026 2897 5095 superbum
2943 5035 3000 5081 et
3052 5034 3402 5095 arrogantem
3462 5024 3581 5077 ani-

1993 5134 2142 5172 mum
2189 5119 2433 5172 traduxit
2467 5118 2535 5171 ad
2587 5119 3067 5172 moderationem?
3125 5116 3325 5173 Omnia
3376 5127 3430 5170 et
3488 5130 3583 5183 per

1993 5209 2178 5262 omnia
2238 5210 2352 5278 ipse
2403 5225 2504 5263 suo
2550 5210 2803 5280 exemplo
2856 5210 3269 5281 complanabat,
3334 5208 3576 5262 salutare

1992 5301 2452 5355 medicamentum
2494 5301 2721 5356 rﬂrctus
2755 5302 2965 5357 morbis
3017 5302 3237 5356 animae.
3296 5300 3398 5354 Sed
3456 5315 3580 5369 qus

1995 5413 2060 5452 ex
2094 5396 2431 5466 pauperibus
2460 5412 2583 5450 eum
2628 5398 2956 5465 aspersissct
2989 5397 3243 5468 lacrymis
3274 5394 3450 5447 forum
3484 5395 3576 5461 ju-

1991 5488 2209 5553 diciale,
2255 5496 2313 5543 ut
2362 5488 2454 5558 jus
2508 5504 2666 5543 suum
2719 5490 3014 5553 obtineret,
3078 5504 3202 5543 cum
3257 5498 3577 5557 paupertate

2065 5622 2141 5693 (7)
2180 5622 2381 5693 Menam
2412 5621 2481 5673 ita
2509 5620 2711 5693 habent
2753 5640 2765 5675 :
2800 5623 2911 5675 Καὶ
2952 5624 3064 5685 τοῖς
3108 5623 3315 5693 ἀπορίᾳ
3351 5640 3577 5692 συνεχως

1996 5692 2176 5761 μένοις
2222 5692 2330 5744 τῶν
2366 5692 2663 5760 κληρικῶν,
2726 5693 2820 5745 καὶ
2863 5693 2973 5743 τῶν
3021 5692 3336 5761 ἀναγκαίων
3382 5693 3579 5759 ἐνδεῶς

1991 5766 2227 5833 ἔχουσιν,
2250 5764 2473 5834 ἀφθόνῳ
2493 5763 2609 5836 ςῶν
2637 5764 2923 5836 χριμάτων
2955 5767 3217 5836 χορηγίᾳ,
3252 5764 3349 5836 τὴν
3382 5765 3581 5832 παροῦ-

1992 5854 2092 5888 σαν
2139 5836 2372 5905 ἀπορίαν
2424 5834 2629 5887 διέλυε·
2692 5834 2937 5901 lnopiam
2980 5834 3181 5905 quoque
3239 5834 3575 5901 clericorum,

1989 5908 2080 5976 qui
2123 5908 2426 5959 necessariis
2466 5922 2670 5975 quoque
2706 5907 2855 5959 rebus
2886 5906 3330 5976 drstilucbattlar,
3362 5908 3578 5964 liberali
3654 5944 3659 5951 κ

1988 5975 2333 6049 pecuniarum
2365 5979 2668 6046 erogatione
2707 5975 3031 6034 subteralmt.
