4034 6620
390 460 490 528 191
1565 458 1981 519 NICEPHORI
2023 458 2486 520 PIIILOSOPHI

3559 457 3662 520 192

387 572 541 633 abiit,
593 568 799 625 deﬂens
831 568 980 640 quod
1017 569 1109 639 jus
1143 585 1304 625 suttm
1348 584 1454 626 non
1489 578 1676 639 posset
1705 566 1966 637 assequi?
1994 565 2040 625 A
2072 580 2304 623 mentem
2325 567 2628 640 !)sedatam
2651 569 3105 630 immutarunt,ct
3128 568 3397 641 lacrymas
3412 573 3658 626 omnium

387 662 651 728 Quaenam
673 669 858 714 autem
901 661 1084 725 vidua,
1118 661 1242 730 quis
1274 662 1577 732 orphanus,
1613 660 1656 714 si
1692 660 1974 713 venissent

389 754 443 804 in
489 753 660 822 ipsius
695 760 1074 820 conspectum,
1124 752 1238 805 ant'
1281 754 1455 822 ipsam
1510 761 1694 822 postea
1753 748 1972 803 deflevit

389 843 710 903 orbitatem,
749 853 846 897 aut
874 859 981 897 non
1016 843 1227 897 levatus
1266 843 1370 896 fuit
1401 843 1750 899 calamitate?
1780 841 1974 896 Omni-

390 918 495 991 bus
524 936 714 990 aderat
761 949 862 990 sua
897 936 1267 1004 providentia,
1304 935 1530 998 malum,
1571 933 1718 1003 quod
1752 934 1975 989 unicui-

391 1045 498 1100 que
534 1028 796 1084 aﬂ‘erebat
849 1028 1186 1092 molestiam,
1213 1028 1329 1083 suis
1371 1025 1630 1099 auferens
1670 1025 1975 1092 beneficiis,

395 1125 580 1179 verbis
614 1125 932 1188 consolans,
972 1138 1108 1177 auro
1159 1137 1314 1190 Opem
1350 1119 1554 1185 ferens,
1589 1128 1776 1188 tegens
1807 1119 1978 1174 vesti-

394 1219 519 1272 bus.
559 1214 829 1271 Videbant
878 1215 1042 1270 etiam
1071 1213 1318 1284 quaedam
1372 1229 1537 1283 supra
1588 1213 1860 1268 rationem
1920 1212 1977 1266 in

397 1311 517 1380 ipso
543 1312 856 1371 convenire,
887 1324 1009 1379 qua:
1044 1306 1346 1362 secundum
1384 1316 1636 1375 naturam
1683 1321 1788 1360 non
1842 1320 1978 1360 con-

397 1403 657 1470 veniunt;
695 1402 1073 1456 austeritatem
1107 1410 1158 1454 ct
1215 1400 1568 1465 suavitatem,
1615 1400 1980 1455 humilitatem

397 1504 454 1549 et
503 1495 851 1565 gravitatem,
900 1494 1248 1555 severitatem
1284 1502 1340 1547 et
1384 1493 1685 1549 leuitatem.
1737 1491 1979 1560 Quorum

399 1588 504 1642 alia
539 1587 758 1657 quidem
801 1587 1110 1656 applicabat
1141 1586 1232 1649 iis,
1279 1586 1480 1653 quibus
1505 1587 1586 1641 vis
1617 1587 1980 1652 aﬂ'erebatur;

400 1683 507 1735 alia
549 1691 733 1735 autem
779 1682 868 1744 iis,
895 1682 988 1751 qui
1017 1681 1126 1734 vim
1154 1681 1454 1736 aﬂ‘erebaut
1493 1700 1504 1734 :
1543 1689 1597 1734 et
1625 1680 1731 1735 alia
1761 1680 1981 1749 quidem

402 1782 561 1829 erant
595 1774 1025 1840 medicamenta,
1065 1791 1188 1844 quae
1223 1773 1536 1867 superbiam
1568 1782 1621 1828 ct
1646 1771 1845 1827 fastum
1886 1771 1984 1826 de-

405 1868 697 1921 trahebant
743 1883 958 1933 eorum,
997 1868 1091 1939 qtti
1123 1865 1732 1935 adversusproxitnum
1772 1865 1985 1920 attolle-

404 1960 540 2014 bant
568 1961 926 2030 supercilinm
952 1978 968 2029 ;
999 1962 1106 2037 alia
1145 1949 1330 2017 adtem
1382 1960 1707 2016 recreabant
1739 1959 1815 2025 id,
1841 1959 1986 2029 quod

404 2064 522 2109 crat
548 2055 830 2110 amictum.

449 2149 568 2206 J8.
606 2147 701 2203 His
733 2148 994 2203 Ecclesia:
1017 2158 1195 2204 coetus
1223 2150 1616 2205 traducebatur
1645 2148 1712 2205 ad
1737 2149 1987 2217 meliora,

408 2239 661 2310 Deusque
710 2242 1002 2312 propitius.
1054 2253 1106 2297 et
1141 2259 1371 2312 magnus
1405 2243 1704 2312 imperator
1751 2245 1994 2314 gaudens

409 2335 801 2390 delectabatur.
860 2336 1168 2405 lucorrnpti
1201 2352 1328 2390 vero
1371 2337 1540 2392 animi
1574 2337 1762 2392 videns
1792 2338 1844 2390 itt
1879 2337 1994 2392 suf-

411 2428 903 2499 fragiojudicium,
933 2431 1080 2499 quod
1124 2431 1177 2483 in
1216 2431 1378 2486 rebus
1403 2432 1538 2502 ipsis
1579 2431 1693 2486 falli
1726 2447 1831 2486 non
1865 2447 1991 2499 pos—

411 2533 517 2589 set,
544 2539 668 2578 cum
691 2540 786 2594 per
819 2526 997 2595 ipsum
1028 2526 1314 2581 statuisset
1341 2536 1498 2581 vetus
1526 2524 1786 2581 Ecclesiae
1811 2526 1992 2588 ulcus,

411 2633 511 2674 seu
546 2617 623 2692 (8)
655 2619 914 2682 scltisnta,
955 2621 1020 2675 ad
1052 2621 1363 2676 cicatricem
1399 2619 1691 2686 deducere,
1725 2622 1778 2674 in
1821 2637 1992 2675 unum

413 2712 556 2781 cogit
591 2713 874 2768 orientalia
907 2724 962 2769 et
987 2716 1061 2783 (9)
1095 2715 1462 2771 occidentalia
1503 2735 1516 2770 :
1551 2726 1607 2770 et
1649 2731 1774 2772 cum
1811 2716 1991 2787 philo-

415 2807 623 2877 sophiae
674 2807 858 2862 ﬂorem
895 2817 1012 2862 arte
1047 2809 1264 2864 dicendi
1309 2818 1695 2880 temperasset,
1749 2811 1992 2882 linguam

418 2900 628 2969 profert
658 2902 979 2965 salutarem,
1013 2912 1067 2957 et
1096 2903 1245 2970 justa
1282 2904 1662 2973 persuasione,
1689 2905 1811 2959 laeto
1844 2906 1994 2960 vultu

415 3003 469 3046 et
509 2993 812 3049 ridentibus
859 2994 1036 3049 oculis
1091 2995 1259 3049 solvit
1293 2995 1658 3063 oﬂ‘ensiones,
1688 3005 1741 3050 et
1788 3013 1846 3050 re
1881 2997 1997 3068 ipsa

417 3085 676 3150 ostendit,
707 3097 974 3157 quantum
1010 3087 1231 3142 intersit
1264 3089 1406 3143 inter
1444 3105 1626 3160 regem
1663 3089 1716 3144 in
1747 3090 1996 3146 doctrina

415 3179 730 3246 educatum,
781 3190 836 3235 et
870 3188 1194 3250 potestatem
1245 3197 1366 3250 quae
1395 3181 1514 3250 ejus
1551 3197 1658 3236 non
1707 3191 1790 3236 est
1825 3182 1998 3252 parti-

2082 670 2485 732 rcpresseruut,
2525 661 2661 734 fusis
2707 663 3096 717 misericordia:
3142 662 3422 733 Iacrymis.
3472 670 3526 716 et
3560 679 3658 717 sua

2080 756 2132 810 itt
2167 771 2284 818 eos,
2312 758 2591 826 quierant
2635 756 2883 826 ejusdem
2919 756 3154 825 generis,
3200 755 3601 818 misericordia,
3629 771 3661 810 e

2079 849 2294 920 superis
2318 851 2556 903 divinam
2579 857 2924 904 attraxerunt
2945 848 3402 915 misericordiam,
3431 857 3484 903 et
3506 857 3664 903 teme

2080 943 2300 1001 faciem.
2335 959 2456 1010 qum
2499 944 2754 1012 squalore
2778 951 2833 996 et
2856 941 3103 997 siccitate
3135 941 3414 1007 interibat,
3447 940 3664 995 divinas

2081 1037 2462 1092 miserationes
2493 1045 2789 1105 coegerunt
2818 1050 3113 1088 renovare.-

2154 1131 2239 1187 i9.
2268 1131 2394 1186 Haec
2417 1139 2544 1185 sunt
2573 1130 2964 1199 philosophica:
2988 1129 3188 1184 mentis
3217 1127 3359 1182 facta
3379 1127 3662 1193 praeclara,

2081 1239 2204 1292 qua:
2239 1230 2369 1276 sunt
2396 1237 2655 1293 germana
2691 1220 2851 1276 factis
2891 1220 3057 1275 Mosis
3097 1229 3152 1276 et
3188 1220 3446 1283 Aaronis,
3477 1218 3666 1274 confe-

2083 1315 2254 1370 renda
2311 1330 2437 1370 cum
2497 1313 2655 1369 factis
2716 1314 2846 1368 Elia:
2882 1323 2935 1369 et
2977 1313 3191 1378 Elisaei,
3249 1312 3450 1367 similia
3509 1311 3668 1366 factis

2089 1409 2306 1464 Davidis
2339 1420 2394 1463 et
2427 1408 2723 1463 Samuelis.
2782 1408 3033 1477 Magnum
3063 1408 3213 1462 illius
3249 1405 3467 1460 virtutis
3525 1404 3671 1458 iudi-

2085 1505 2254 1568 cium,
2308 1503 2454 1572 quod
2494 1512 2626 1558 tunc
2675 1518 2859 1557 curam
2916 1501 3214 1556 sustineret
3270 1498 3666 1570 pontificalem,

2085 1599 2306 1666 quando
2347 1598 2644 1667 imperator
2679 1610 2708 1650 a
2740 1595 2928 1666 pueris
2964 1595 3110 1648 laute
3149 1591 3665 1663 nutritusjttstitim,

2087 1705 2197 1743 non
2226 1705 2283 1743 sc
2314 1691 2453 1744 dans
2503 1689 2899 1759 voluptatibus.
2954 1704 3082 1750 non,
3107 1703 3370 1742 recusans
3413 1689 3630 1743 labores
3653 1727 3667 1749 ,

2091 1797 2327 1850 quorum
2357 1781 2569 1837 fructus
2600 1781 2873 1836 sinceram
2907 1781 3144 1836 afferunt
3168 1781 3500 1850 voluptatem
3528 1798 3541 1846 ;
3577 1782 3668 1836 sed

2093 1889 2152 1928 se
2189 1874 2454 1929 doctrina:
2499 1874 2760 1929 dedicans
2803 1883 2858 1928 et
2886 1875 3234 1943 cloqueutim,
3272 1874 3668 1944 phil050pbiatn

2100 1969 2294 2036 magis,
2321 1983 2486 2037 quam
2522 1969 2626 2022 alia
2657 1969 2821 2029 bona.
2853 1977 2911 2022 ttt
2937 1984 3057 2037 quae
3084 1978 3308 2038 propter
3341 1968 3514 2038 ipsam
3539 1982 3674 2022 corp

2099 2062 2368 2126 ferantur,
2420 2061 2725 2128 eligendam
2777 2077 2899 2115 esse
2949 2061 3196 2125 ducens,
3253 2062 3672 2115 cunciouantem

2101 2155 2353 2208 movebat
2407 2154 2684 2224 linguam,
2735 2170 2857 2223 quae
2907 2153 3266 2220 profundebat
3297 2154 3459 2208 verba
3515 2154 3676 2207 melle

2101 2249 2396 2306 suaviora.
2453 2249 2655 2302 similia
2710 2248 2894 2303 verbis
2952 2248 3289 2310 Salomonis,
3349 2246 3676 2302 conferenda

2101 2356 2224 2395 cum
2253 2339 2490 2394 Davidis.
2533 2337 2652 2405 Quo
2695 2348 2944 2409 tempore
2981 2340 3154 2410 magis
3185 2340 3494 2410 apponebat
3522 2355 3679 2392 men-

2102 2449 2218 2488 sam
2253 2433 2543 2488 verborum
2589 2449 2750 2502 quam
2801 2433 3077 2496 ciborum,
3122 2443 3176 2488 et
3203 2433 3517 2504 dogmatum
3559 2441 3680 2486 tan-

2102 2542 2265 2596 quam
2295 2541 2360 2579 ex
2395 2525 2542 2580 fonte
2588 2525 2776 2595 aliquo
2811 2525 3075 2579 ﬂuentum
3122 2525 3342 2593 cepiose
3372 2524 3680 2589 emittebat,

2102 2633 2158 2676 et
2197 2619 2500 2688 Scriptura:
2533 2618 2922 2696 profunditatis
2948 2619 3086 2674 citra
3119 2619 3473 2673 offensionem
3506 2617 3682 2672 latens

2103 2728 2302 2768 sensus
2331 2713 2400 2767 ab
2431 2727 2496 2766 eo
2533 2713 2979 2782 investigabatur,
3008 2721 3062 2766 ct
3100 2713 3386 2766 universus
3410 2710 3680 2766 bonorum

2104 2806 2307 2860 chorus
2337 2814 2551 2875 poterat
2576 2805 2721 2876 loqui
2755 2805 2942 2861 libere.

2179 2900 2270 2955 ‘20.
2310 2901 2446 2956 Cum
2498 2901 2552 2953 in
2590 2899 2674 2954 bis
2727 2909 2871 2955 esset
2921 2900 3086 2954 homo
3121 2898 3250 2963 Dei,
3297 2908 3351 2953 ct
3400 2898 3682 2954 ﬂorentem

2105 2997 2413 3052 doctrinam
2456 2994 2664 3049 videret
2703 3009 2827 3048 cum
2881 2993 3176 3049 virtutibus
3227 2994 3282 3047 in
3337 2993 3687 3062 imperatoris

2107 3093 2312 3156 anima,
2349 3105 2470 3159 quae
2501 3088 2727 3157 juvenili
2779 3087 3033 3142 utebatur
3079 3103 3330 3156 corpore,
3373 3096 3426 3142 et
3458 3089 3685 3156 vestigia

2109 3185 2352 3253 antiquae
2375 3182 2670 3246 felicitatis,
2700 3191 2755 3236 et
2784 3182 3104 3234 universum
3137 3181 3304 3235 alium
3340 3196 3688 3251 consequen-

417 3289 580 3343 ceps;
628 3283 761 3329 tunc
793 3274 1031 3329 maxime
1068 3285 1378 3346 temperans
1425 3276 1698 3332 viventem
1743 3274 2002 3333 Ecclesiae
2031 3283 2074 3342 C
2109 3286 2215 3334 tem
2257 3285 2460 3333 statum
2511 3285 2618 3330 tam
2655 3275 2893 3340 civilem,
2942 3289 3107 3344 quam
3154 3273 3579 3335 oeconomicum,
3632 3282 3688 3328 et

419 3375 686 3423 craterem
718 3365 771 3421 in
805 3368 1081 3437 pontifice,
1107 3369 1200 3438 qui
1233 3384 1478 3424 mensam
1505 3369 1789 3439 proposuit
1812 3373 2004 3426 activa:

423 3459 782 3527 philosophiae
822 3458 983 3513 bonis
1011 3458 1214 3512 lautam
1259 3467 1314 3512 et
1359 3458 1637 3524 refertam,
1667 3458 2006 3530 decebatque

423 3560 479 3606 et
511 3549 862 3618 imperatoris
914 3545 1256 3621 phil050pbi,
1299 3560 1352 3605 et
1384 3551 1658 3620 pontificis
1689 3552 1741 3605 in
1796 3551 2008 3621 agendo

394 3662 398 3666 ·
427 3645 692 3700 industrii
728 3644 864 3700 illud
897 3659 1157 3714 magnum
1183 3653 1238 3699 et
1269 3643 1596 3698 admirabile
1628 3660 1768 3714 opus
1801 3661 1923 3699 esse
1953 3656 2008 3700 et

426 3741 695 3803 studium,
747 3755 849 3810 per
891 3754 1013 3808 qua:
1060 3747 1146 3792 est
1196 3736 1577 3806 incorruptum
1623 3737 1916 3805 judicium,
1956 3749 2011 3793 ct

426 3835 668 3890 tribunal
725 3833 1042 3888 muneribus
1093 3830 1468 3902 impollutum,
1523 3839 1577 3885 et
1622 3833 2007 3886 coutinuorum

423 3927 762 3999 judiciorum
805 3925 1025 3994 sapiens
1057 3924 1391 3994 excogitatio
1424 3943 1437 3978 :
1474 3939 1570 3992 per
1612 3940 1733 3993 quae
1755 3935 1808 3977 et
1845 3925 2012 3978 libere

427 4020 672 4089 loquitur
697 4026 750 4072 et
782 4017 862 4072 sic
901 4015 1041 4086 gerit
1067 4013 1305 4086 justitia,
1342 4023 1398 4067 et
1443 4013 1622 4068 locum
1665 4030 1770 4068 non
1805 4017 2011 4072 invenit

427 4107 746 4165 adversaria
782 4121 795 4158 :
837 4121 930 4176 per
957 4121 1083 4175 qua:
1107 4113 1162 4159 et
1197 4103 1425 4174 reprimi
1456 4114 1710 4174 poterant
1736 4108 2012 4176 orpbauo-

429 4219 552 4258 rum
617 4202 889 4272 lacrymaa.
933 4197 1282 4270 gemitusque
1339 4197 1660 4260 viduarum,
1723 4200 2014 4269 omnisque

432 4295 688 4365 maligna:
715 4302 770 4347 et
815 4291 1018 4347 dolosa:
1050 4289 1482 4346 machinationis
1515 4291 1643 4346 nodi
1681 4291 1928 4357 dissolvi,
1963 4305 2016 4348 et

430 4389 542 4444 dux
581 4386 859 4441 exercitus
914 4383 1207 4454 imperium
1245 4383 1499 4454 accipere
1526 4384 1810 4452 praemium
1845 4385 2014 4438 vit-tu-

431 4482 526 4547 tis,
559 4491 615 4536 et
659 4495 692 4537 e
754 4479 897 4548 turpi
957 4478 1110 4533 lucro
1181 4492 1406 4532 manum
1457 4477 1702 4547 praebere
1755 4478 2013 4532 mundam

433 4575 750 4631 communia
777 4583 830 4628 et
863 4571 1078 4641 publica
1104 4588 1118 4637 ;
1143 4579 1196 4626 et
1217 4571 1372 4626 dives
1397 4585 1504 4624 non
1539 4569 1813 4624 sustinere
1844 4570 2017 4624 bono-

435 4686 557 4724 rum
594 4668 1041 4738 publicationem,
1088 4675 1142 4720 et
1184 4680 1390 4736 pauper
1442 4663 1590 4717 nulla
1631 4660 1774 4718 affici
1819 4671 2014 4717 contu-
2051 4641 2097 4700 ί)

436 4765 631 4829 utelia;
661 4773 716 4818 et
742 4761 984 4833 agricola
1009 4761 1194 4816 sulcos
1221 4757 1467 4828 jucunde
1492 4756 1869 4824 proscindere,
1901 4770 2006 4810 non

439 4861 638 4916 timens
656 4857 1005 4928 vectigalium
1025 4853 1429 4910 exsolutionent
1460 4850 1598 4920 agri,
1625 4849 1782 4919 cujus
1809 4849 2018 4906 fructus

440 4970 547 5008 non
582 4951 844 5022 percepit.
880 4951 1086 5005 Horum
1123 4962 1319 5000 manus
1353 4945 1407 4998 in
1448 4944 1648 4998 caelum
1676 4953 1936 5002 extensrc.
1964 4950 2020 4996 et

439 5048 539 5102 rivi
582 5047 946 5117 lacrymarum
977 5041 1162 5098 emissi
1199 5055 1264 5094 ex
1306 5037 1501 5101 oculis,
1540 5036 1707 5090 Deum
1745 5036 1856 5103 jam
1890 5037 2018 5089 olim

441 5140 813 5208 placaveruut,
845 5147 896 5192 et
923 5152 1107 5206 quam,
1137 5133 1230 5203 qui
1256 5131 1334 5186 eis
1355 5138 1511 5184 erant
1531 5129 1785 5197 subjecti,
1817 5128 2020 5199 justam

445 5233 580 5287 iram
621 5233 674 5286 in
729 5247 788 5287 se
837 5231 952 5287 suis
1007 5226 1246 5298 peccatis
1287 5233 1744 5294 provocaverant,
1786 5239 1906 5276 eam
1948 5224 2022 5276 la-

443 5339 756 5397 crymarum
827 5322 1046 5377 ﬂuentis
1105 5317 1171 5388 (Ο
1238 5318 1528 5388 benignam
1589 5323 1643 5371 et
1697 5317 2020 5372 clementem

519 5467 591 5534 (8)
631 5465 879 5521 Sebi~ma
928 5477 974 5534 ag
1016 5458 1208 5534 _Ph_otio
1267 5456 1542 5534 invectum
1600 5455 1876 5534 intelligit.
1938 5455 2024 5513 Nil

451 5527 649 5593 mirum
679 5532 976 5590 desiderari
1016 5530 1179 5598 hujus
1209 5544 1365 5584 conc.
1417 5528 1574 5590 Acta,
1609 5542 1637 5579 a
1676 5527 1904 5588 Graecis.
1937 5546 2026 5583 re-

449 5608 805 5674 crudescente
830 5612 950 5674 post
979 5602 1196 5674 longum
1226 5611 1440 5674 tempus
1463 5599 1780 5674 schismate,
1807 5601 2026 5668 penitus

451 5671 636 5734 erasa.
670 5667 890 5733 Minime
913 5667 1138 5728 dubiuin
1173 5680 1276 5736 est,
1313 5667 1365 5724 in
1401 5671 1504 5724 hoc
1527 5667 1720 5725 concil.
1743 5667 2024 5734 damnata,

455 5752 536 5804 vel
608 5747 936 5809 «ειιιοιιιιηιει,
999 5759 1120 5812 qua:
1172 5743 1224 5798 in
1288 5737 1756 5812 Constantinopol.
1793 5740 2029 5806 pseudo-

457 5819 660 5875 concil.
696 5829 821 5886 post
879 5810 1106 5871 mortem
1141 5813 1199 5870 S.
1250 5813 1442 5886 lguatii
1493 5810 1703 5874 habito,
1760 5819 1909 5881 gesta
1963 5826 2028 5867 ac

458 5899 906 5964 statuta__ct'attt._
1056 5957 1075 5964 _
1160 5959 1170 5964 _
1385 5957 1397 5964 _
1786 5961 1794 5964 Α
1965 5953 1974 5964 ,
2014 5953 2025 5964 ,

532 5961 610 6034 (9)
650 5960 766 6018 Non
794 5961 1028 6018 arbitror
1055 5957 1279 6018 Latinos
1313 5957 1482 6030 cpisc.
1512 5971 1577 6013 co
1609 5961 1884 6022 evocatos,
1927 5957 2028 6011 nisi

2107 3383 2452 3442 quaecunque
2479 3367 2544 3421 de
2577 3366 2786 3436 judicio
2819 3381 3002 3420 rerum
3040 3364 3223 3419 habita
3247 3365 3444 3429 oratio,
3473 3380 3686 3418 morum

2109 3463 2301 3519 tribuit
2357 3460 2682 3530 disciplinas,
2718 3459 2918 3530 gaudio
2969 3468 3117 3514 totus
3171 3455 3595 3522 diﬂ‘undebatur,
3636 3467 3690 3512 et

2111 3558 2281 3613 Deum
2333 3555 2613 3621 laudabat,
2643 3571 2754 3609 rem
2803 3569 2922 3608 eam
2953 3553 3160 3607 ducens
3192 3544 3536 3606 occasionem
3568 3565 3693 3620 gra-

2111 3651 2313 3705 tiarum
2357 3647 2615 3714 actionis,
2639 3656 2693 3702 et
2723 3647 2912 3702 dicens
2937 3661 2997 3702 se
3028 3645 3097 3700 ab
3135 3646 3468 3715 imperatore
3501 3644 3694 3698 luben-
3751 3685 3754 3694 .

2113 3753 2195 3798 ter
2235 3741 2520 3813 superari;
2549 3741 2641 3811 qui
2672 3740 2774 3795 etsi
2811 3737 3105 3794 mundanis
3133 3738 3398 3792 obruatur
3427 3737 3694 3792 sollicitu—

2113 3833 2356 3899 dinibus,
2397 3832 2712 3888 accuratius
2748 3839 2931 3886 tamen
2968 3845 3056 3885 res
3083 3830 3421 3898 assequitur,
3458 3844 3622 3898 quam
3657 3828 3694 3882 ii

2113 3927 2208 3998 qui
2241 3926 2295 3979 in
2323 3923 2706 3994 spiritualibus
2737 3922 2903 3978 rebus
2933 3931 3364 3984 consenuerunt,
3397 3929 3509 3974 tum
3544 3919 3698 3988 inge-

2118 4021 2191 4074 nii
2238 4019 2519 4082 felicitate,
2571 4027 2685 4072 tum
2735 4014 2952 4069 dicendi
2988 4013 3251 4069 facultate
3293 4020 3390 4067 :ct
3418 4028 3541 4068 cum
3575 4013 3699 4067 aliis

2097 4126 2178 4165 -ea
2209 4123 2430 4179 quoque
2453 4106 2703 4176 apprime
2730 4105 2870 4161 sciat
2891 4120 3010 4174 qua:
3030 4103 3305 4175 pertinent
3333 4103 3399 4157 ad
3432 4104 3697 4168 animam,

2119 4212 2380 4272 tanquam
2432 4199 2524 4269 qui
2579 4214 2688 4253 non
2754 4198 2931 4252 solum
2986 4197 3333 4266 corporibus,
3388 4197 3482 4250 sed
3533 4196 3699 4250 etiam

2117 4296 2318 4352 animis
2349 4296 2579 4363 imperet
2615 4291 2839 4346 solertia
2867 4289 3070 4361 ingenii
3107 4297 3162 4344 et
3200 4289 3398 4343 tuentis
3424 4289 3697 4342 acumine.

2187 4387 2280 4443 2|.
2324 4386 2476 4441 Unde
2509 4384 2674 4438 etiam
2711 4391 2970 4452 tanquam
3007 4381 3091 4436 sui
3125 4381 3329 4448 pudore.
3363 4381 3590 4434 aﬂ’ectus
3621 4380 3703 4433 vir

2121 4482 2210 4535 ille
2241 4478 2617 4542 admirabilis,
2673 4459 2888 4529 omnem
2923 4475 3007 4530 sui
3052 4490 3240 4529 curam
3275 4473 3608 4544 despiciebat
3646 4473 3701 4528 in

2121 4583 2278 4629 :ctatc.
2319 4572 2409 4625 illa
2455 4569 2638 4631 senili,
2688 4583 2889 4637 corpus
2922 4567 3149 4621 omnino
3201 4565 3502 4636 negligens,
3547 4573 3600 4618 et
3639 4579 3703 4618 ca

2124 4664 2326 4737 quibus
2357 4661 2566 4718 sciebat
2602 4660 2653 4714 id
2689 4659 2942 4723 recreari,
2984 4669 3037 4712 et
3070 4673 3191 4727 qum
3222 4657 3288 4712 ad
3313 4671 3483 4726 opem
3526 4655 3706 4710 feren-

2125 4759 2248 4815 dam
2274 4755 2469 4812 anima:
2489 4754 2543 4809 in
2567 4753 2962 4808 certaminibus
2981 4751 3224 4815 virtutis,
3248 4765 3450 4819 corpus
3482 4747 3708 4803 minime

2128 4852 2404 4908 laederent.
2438 4847 2808 4915 Quamobrem
2833 4846 2886 4900 in
2917 4845 3079 4916 longa
3117 4842 3321 4908 inedia,
3355 4851 3409 4898 et
3434 4843 3707 4899 vincendo

2126 4947 2352 5002 dolores
2396 4942 2685 5014 corporis,
2737 4937 3075 5009 suscipiebat
3111 4936 3352 5001 labores,
3415 4937 3508 5006 qui
3564 4941 3710 4991 vires

2131 5038 2378 5108 corporis
2409 5035 2779 5106 superabant;
2814 5031 2960 5105 quod
2993 5031 3329 5111 quidem‘est
3368 5039 3578 5083 natura:
3607 5027 3713 5081 ini-

2132 5133 2357 5194 micum,
2383 5138 2436 5184 et
2462 5127 2605 5198 quod
2639 5135 2923 5181 aversatur
2955 5139 3047 5180 ars
3076 5123 3386 5178 medicinae.
3422 5120 3535 5176 Etsi
3565 5131 3712 5176 esset

2133 5227 2252 5296 ejus
2293 5239 2493 5295 corpus
2523 5220 2758 5277 calidius
2794 5217 3212 5288 temperatione,
3251 5225 3306 5269 et
3355 5213 3710 5283 significaret,

2135 5337 2243 5378 non
2269 5335 2392 5376 esse
2413 5317 2462 5374 ei
2490 5327 2676 5388 aptum
2700 5313 2844 5386 quod
2871 5311 3087 5378 deficit,
3125 5324 3193 5366 ne
3222 5308 3503 5363 videretur
3529 5315 3709 5362 tamen

2136 5459 2180 5514 si
2211 5455 2304 5528 qui
2336 5449 2813 5528 Constantinopol.
2839 5447 3100 5528 imperat.
3133 5441 3564 5528 subjectifzrant.
3596 5441 3713 5528 All.-

2135 5512 2354 5585 f'uerunt
2397 5534 2577 5578 tamen
2635 5512 2884 5594 fortassis
2928 5512 3184 5594 aliquiua
3237 5512 3713 5594 po'ntificelegaZti,

2134 5583 2583 5668 quandoquidem
2616 5603 2776 5668 antea
2811 5592 2881 5668 ab
2913 5606 2978 5644 eo
3016 5583 3432 5668 petiissctr'Lep,
3470 5584 3650 5668 utqui
3686 5599 3718 5638 a

2135 5654 2334 5726 f’hotio
2379 5654 2935 5737 pseudo-patriarcha
2983 5654 3158 5737 sacris
3193 5654 3394 5710 initiati
3428 5654 3720 5709 ordinibus

2136 5749 2313 5804 erant,
2345 5728 2598 5804 interque
2627 5728 2723 5789 eos
2750 5732 3064 5814 §tepltanus
3097 5728 3264 5814 frater
3296 5740 3722 5814 sittus.“munere

2138 5797 2705 5881 fttngi'suo_posscnt.
2732 5797 2876 5881 .Qui
2903 5801 2992 5881 hic
3033 5797 3404 5857 occidentales
3435 5797 3716 5860 dicuntur,

2135 5873 2267 5942 sunt
2297 5880 2390 5953 qui
2426 5873 2702 5948 Europam
2732 5873 3068 5932 incolebant.
