  <div class='ocr_page' id='page_1' title='image "/cluster/home/n/w/nwhite01/storage/ocr_20150623/106/hvd.32044051727071/108.png"; bbox 0 0 4040 6576; ppageno 0'>
   <div class='ocr_carea' id='block_1_1' title="bbox 317 363 422 430">
    <p class='ocr_par' dir='ltr' id='par_1_1' title="bbox 317 363 422 430">
     <span class='ocr_line' id='line_1_1' title="bbox 317 363 422 430; baseline 0.01 -1"><span class='ocrx_word' id='word_1_1' title='bbox 317 363 422 430; x_wconf 63' lang='grc' dir='ltr'><strong>1ξε3</strong></span> 
     </span>
    </p>
   </div>
   <div class='ocr_carea' id='block_1_2' title="bbox 1099 369 2780 448">
    <p class='ocr_par' dir='ltr' id='par_1_2' title="bbox 1099 369 2780 448">
     <span class='ocr_line' id='line_1_2' title="bbox 1099 369 2780 448; baseline 0.01 -16"><span class='ocrx_word' id='word_1_2' title='bbox 1099 369 1277 432; x_wconf 76' lang='lat' dir='ltr'><strong>VITA</strong></span> <span class='ocrx_word' id='word_1_3' title='bbox 1319 370 1380 430; x_wconf 89' lang='lat' dir='ltr'><strong>S.</strong></span> <span class='ocrx_word' id='word_1_4' title='bbox 1424 371 1743 435; x_wconf 80' lang='lat' dir='ltr'><strong>ANTONII</strong></span> <span class='ocrx_word' id='word_1_5' title='bbox 1784 376 2100 437; x_wconf 74' lang='lat' dir='ltr'><strong>CAUl.E/E</strong></span> <span class='ocrx_word' id='word_1_6' title='bbox 2137 378 2642 445; x_wconf 71' lang='lat' dir='ltr'><strong>PATRIARCILE</strong></span> <span class='ocrx_word' id='word_1_7' title='bbox 2675 388 2780 448; x_wconf 72' lang='grc' dir='ltr'><strong>(ΞΡ.</strong></span> 
     </span>
    </p>
   </div>
   <div class='ocr_carea' id='block_1_3' title="bbox 3493 398 3595 465">
    <p class='ocr_par' dir='ltr' id='par_1_3' title="bbox 3493 398 3595 465">
     <span class='ocr_line' id='line_1_3' title="bbox 3493 398 3595 465; baseline 0.01 -2"><span class='ocrx_word' id='word_1_8' title='bbox 3493 398 3595 465; x_wconf 75' lang='grc'><strong>194</strong></span> 
     </span>
    </p>
   </div>
   <div class='ocr_carea' id='block_1_4' title="bbox 309 493 1863 584">
    <p class='ocr_par' dir='ltr' id='par_1_4' title="bbox 309 507 1863 581">
     <span class='ocr_line' id='line_1_4' title="bbox 309 507 1863 581; baseline 0.007 -26"><span class='ocrx_word' id='word_1_9' title='bbox 309 518 432 558; x_wconf 86' lang='lat' dir='ltr'><strong>esse</strong></span> <span class='ocrx_word' id='word_1_10' title='bbox 463 510 709 558; x_wconf 87' lang='lat' dir='ltr'><strong>remotus</strong></span> <span class='ocrx_word' id='word_1_11' title='bbox 757 517 786 558; x_wconf 87' lang='lat' dir='ltr'><strong>a</strong></span> <span class='ocrx_word' id='word_1_12' title='bbox 821 513 1015 561; x_wconf 89' lang='lat' dir='ltr'><strong>natura</strong></span> <span class='ocrx_word' id='word_1_13' title='bbox 1055 507 1368 576; x_wconf 86' lang='lat' dir='ltr'><strong>hominum,</strong></span> <span class='ocrx_word' id='word_1_14' title='bbox 1409 513 1537 581; x_wconf 87' lang='lat' dir='ltr'><strong>quid</strong></span> <span class='ocrx_word' id='word_1_15' title='bbox 1578 511 1673 566; x_wconf 82' lang='lat' dir='ltr'><strong>fit?</strong></span> <span class='ocrx_word' id='word_1_16' title='bbox 1707 512 1863 566; x_wconf 84' lang='lat' dir='ltr'><strong>Anim</strong></span> 
     </span>
    </p>
   </div>
   <div class='ocr_carea' id='block_1_5' title="bbox 1973 493 3595 584">
    <p class='ocr_par' dir='ltr' id='par_1_5' title="bbox 1973 493 3595 584">
     <span class='ocr_line' id='line_1_5' title="bbox 1973 493 3595 584; baseline 0.015 -40"><span class='ocrx_word' id='word_1_17' title='bbox 1973 541 1978 554; x_wconf 64' lang='lat'><em>_</em></span> <span class='ocrx_word' id='word_1_18' title='bbox 2014 493 2140 546; x_wconf 91' lang='lat' dir='ltr'><strong>dam</strong></span> <span class='ocrx_word' id='word_1_19' title='bbox 2171 505 2224 548; x_wconf 89' lang='lat' dir='ltr'><strong>et</strong></span> <span class='ocrx_word' id='word_1_20' title='bbox 2261 510 2474 550; x_wconf 77' lang='lat' dir='ltr'><strong>sacram</strong></span> <span class='ocrx_word' id='word_1_21' title='bbox 2503 513 2749 567; x_wconf 90' lang='lat' dir='ltr'><strong>manum,</strong></span> <span class='ocrx_word' id='word_1_22' title='bbox 2781 517 2902 569; x_wconf 72' lang='lat' dir='ltr'><strong>qua:</strong></span> <span class='ocrx_word' id='word_1_23' title='bbox 2935 512 3078 560; x_wconf 82' lang='lat' dir='ltr'><strong>luam</strong></span> <span class='ocrx_word' id='word_1_24' title='bbox 3109 523 3139 562; x_wconf 91' lang='lat' dir='ltr'><strong>a</strong></span> <span class='ocrx_word' id='word_1_25' title='bbox 3176 508 3332 565; x_wconf 90' lang='lat' dir='ltr'><strong>nobis</strong></span> <span class='ocrx_word' id='word_1_26' title='bbox 3360 517 3595 584; x_wconf 73' lang='lat' dir='ltr'><strong>expellat</strong></span> 
     </span>
    </p>
   </div>
   <div class='ocr_carea' id='block_1_6' title="bbox 307 599 1899 665">
    <p class='ocr_par' dir='ltr' id='par_1_6' title="bbox 307 599 1899 665">
     <span class='ocr_line' id='line_1_6' title="bbox 307 599 1899 665; baseline 0.009 -18"><span class='ocrx_word' id='word_1_27' title='bbox 307 610 706 665; x_wconf 80' lang='lat' dir='ltr'><strong>nonnunquam</strong></span> <span class='ocrx_word' id='word_1_28' title='bbox 757 599 921 654; x_wconf 89' lang='lat' dir='ltr'><strong>veluti</strong></span> <span class='ocrx_word' id='word_1_29' title='bbox 959 600 1013 655; x_wconf 93' lang='lat' dir='ltr'><strong>in</strong></span> <span class='ocrx_word' id='word_1_30' title='bbox 1048 617 1108 657; x_wconf 91' lang='lat' dir='ltr'><strong>se</strong></span> <span class='ocrx_word' id='word_1_31' title='bbox 1168 613 1469 665; x_wconf 80' lang='lat' dir='ltr'><strong>contraeta,</strong></span> <span class='ocrx_word' id='word_1_32' title='bbox 1511 613 1562 658; x_wconf 88' lang='lat' dir='ltr'><strong>et</strong></span> <span class='ocrx_word' id='word_1_33' title='bbox 1611 606 1674 659; x_wconf 92' lang='lat' dir='ltr'><strong>ad</strong></span> <span class='ocrx_word' id='word_1_34' title='bbox 1730 607 1899 662; x_wconf 86' lang='lat' dir='ltr'><strong>Deum</strong></span> 
     </span>
    </p>
   </div>
   <div class='ocr_carea' id='block_1_7' title="bbox 305 689 1900 767">
    <p class='ocr_par' dir='ltr' id='par_1_7' title="bbox 305 689 1900 767">
     <span class='ocr_line' id='line_1_7' title="bbox 305 689 1900 767; baseline 0.009 -27"><span class='ocrx_word' id='word_1_35' title='bbox 305 689 602 754; x_wconf 79' lang='lat' dir='ltr'><strong>excedens,</strong></span> <span class='ocrx_word' id='word_1_36' title='bbox 655 691 708 743; x_wconf 88' lang='lat' dir='ltr'><strong>vi</strong></span> <span class='ocrx_word' id='word_1_37' title='bbox 766 701 1017 760; x_wconf 58' lang='lat' dir='ltr'><strong>natura,</strong></span> <span class='ocrx_word' id='word_1_38' title='bbox 1059 696 1230 749; x_wconf 90' lang='lat' dir='ltr'><strong>veluti</strong></span> <span class='ocrx_word' id='word_1_39' title='bbox 1286 698 1537 751; x_wconf 86' lang='lat' dir='ltr'><strong>consulto</strong></span> <span class='ocrx_word' id='word_1_40' title='bbox 1599 713 1900 767; x_wconf 76' lang='lat' dir='ltr'><strong>procurans</strong></span> 
     </span>
    </p>
   </div>
   <div class='ocr_carea' id='block_1_8' title="bbox 304 781 1896 855">
    <p class='ocr_par' dir='ltr' id='par_1_8' title="bbox 304 781 1896 855">
     <span class='ocr_line' id='line_1_8' title="bbox 304 781 1896 855; baseline 0.006 -23"><span class='ocrx_word' id='word_1_41' title='bbox 304 781 522 849; x_wconf 83' lang='lat' dir='ltr'><strong>corpori</strong></span> <span class='ocrx_word' id='word_1_42' title='bbox 576 783 999 852; x_wconf 78' lang='lat' dir='ltr'><strong>relaxationem,</strong></span> <span class='ocrx_word' id='word_1_43' title='bbox 1061 803 1252 855; x_wconf 90' lang='lat' dir='ltr'><strong>parum</strong></span> <span class='ocrx_word' id='word_1_44' title='bbox 1306 789 1619 843; x_wconf 88' lang='lat' dir='ltr'><strong>remittebat</strong></span> <span class='ocrx_word' id='word_1_45' title='bbox 1651 789 1896 844; x_wconf 92' lang='lat' dir='ltr'><strong>laborum</strong></span> 
     </span>
    </p>
   </div>
   <div class='ocr_carea' id='block_1_9' title="bbox 307 877 1894 952">
    <p class='ocr_par' dir='ltr' id='par_1_9' title="bbox 307 877 1894 952">
     <span class='ocr_line' id='line_1_9' title="bbox 307 877 1894 952; baseline 0.006 -26"><span class='ocrx_word' id='word_1_46' title='bbox 307 883 557 927; x_wconf 86' lang='lat' dir='ltr'><strong>tenorem</strong></span> <span class='ocrx_word' id='word_1_47' title='bbox 595 888 946 946; x_wconf 88' lang='lat' dir='ltr'><strong>perpetuum.</strong></span> <span class='ocrx_word' id='word_1_48' title='bbox 1006 877 1121 933; x_wconf 89' lang='lat' dir='ltr'><strong>Hoc</strong></span> <span class='ocrx_word' id='word_1_49' title='bbox 1166 891 1351 933; x_wconf 88' lang='lat' dir='ltr'><strong>autem</strong></span> <span class='ocrx_word' id='word_1_50' title='bbox 1391 880 1457 934; x_wconf 90' lang='lat' dir='ltr'><strong>iis</strong></span> <span class='ocrx_word' id='word_1_51' title='bbox 1507 881 1748 951; x_wconf 87' lang='lat' dir='ltr'><strong>quidem,</strong></span> <span class='ocrx_word' id='word_1_52' title='bbox 1803 883 1894 952; x_wconf 88' lang='lat' dir='ltr'><strong>qui</strong></span> 
     </span>
    </p>
   </div>
   <div class='ocr_carea' id='block_1_10' title="bbox 304 968 1892 1043">
    <p class='ocr_par' dir='ltr' id='par_1_10' title="bbox 304 968 1892 1043">
     <span class='ocr_line' id='line_1_10' title="bbox 304 968 1892 1043; baseline 0.004 -23"><span class='ocrx_word' id='word_1_53' title='bbox 304 978 455 1021; x_wconf 88' lang='lat' dir='ltr'><strong>recte</strong></span> <span class='ocrx_word' id='word_1_54' title='bbox 506 968 766 1024; x_wconf 88' lang='lat' dir='ltr'><strong>nolebant</strong></span> <span class='ocrx_word' id='word_1_55' title='bbox 801 971 1025 1037; x_wconf 89' lang='lat' dir='ltr'><strong>intueri,</strong></span> <span class='ocrx_word' id='word_1_56' title='bbox 1077 989 1199 1027; x_wconf 87' lang='lat' dir='ltr'><strong>esse</strong></span> <span class='ocrx_word' id='word_1_57' title='bbox 1235 973 1410 1028; x_wconf 84' lang='lat' dir='ltr'><strong>visum</strong></span> <span class='ocrx_word' id='word_1_58' title='bbox 1444 985 1529 1030; x_wconf 85' lang='lat' dir='ltr'><strong>est</strong></span> <span class='ocrx_word' id='word_1_59' title='bbox 1557 976 1892 1043; x_wconf 86' lang='lat' dir='ltr'><strong>ostentatio;</strong></span> 
     </span>
    </p>
   </div>
   <div class='ocr_carea' id='block_1_11' title="bbox 303 1059 1891 1133">
    <p class='ocr_par' dir='ltr' id='par_1_11' title="bbox 303 1059 1891 1133">
     <span class='ocr_line' id='line_1_11' title="bbox 303 1059 1891 1133; baseline 0.006 -19"><span class='ocrx_word' id='word_1_60' title='bbox 303 1059 371 1114; x_wconf 85' lang='lat' dir='ltr'><strong>iis</strong></span> <span class='ocrx_word' id='word_1_61' title='bbox 415 1075 564 1123; x_wconf 90' lang='lat' dir='ltr'><strong>vero,</strong></span> <span class='ocrx_word' id='word_1_62' title='bbox 603 1062 699 1130; x_wconf 88' lang='lat' dir='ltr'><strong>qui</strong></span> <span class='ocrx_word' id='word_1_63' title='bbox 742 1074 901 1118; x_wconf 89' lang='lat' dir='ltr'><strong>erant</strong></span> <span class='ocrx_word' id='word_1_64' title='bbox 956 1067 1088 1119; x_wconf 90' lang='lat' dir='ltr'><strong>recti</strong></span> <span class='ocrx_word' id='word_1_65' title='bbox 1145 1067 1331 1133; x_wconf 79' lang='lat' dir='ltr'><strong>corde,</strong></span> <span class='ocrx_word' id='word_1_66' title='bbox 1385 1079 1578 1122; x_wconf 89' lang='lat' dir='ltr'><strong>etnon</strong></span> <span class='ocrx_word' id='word_1_67' title='bbox 1638 1070 1776 1123; x_wconf 88' lang='lat' dir='ltr'><strong>tardi</strong></span> <span class='ocrx_word' id='word_1_68' title='bbox 1827 1072 1891 1124; x_wconf 90' lang='lat' dir='ltr'><strong>ad</strong></span> 
     </span>
    </p>
   </div>
   <div class='ocr_carea' id='block_1_12' title="bbox 297 1143 1893 1232">
    <p class='ocr_par' dir='ltr' id='par_1_12' title="bbox 297 1143 1893 1232">
     <span class='ocr_line' id='line_1_12' title="bbox 297 1143 1893 1232; baseline 0.009 -26"><span class='ocrx_word' id='word_1_69' title='bbox 297 1155 720 1222; x_wconf 87' lang='lat' dir='ltr'><strong>adspiciendum</strong></span> <span class='ocrx_word' id='word_1_70' title='bbox 770 1143 956 1212; x_wconf 75' lang='lat' dir='ltr'><strong>vetera</strong></span> <span class='ocrx_word' id='word_1_71' title='bbox 1017 1160 1240 1214; x_wconf 81' lang='lat' dir='ltr'><strong>Patrum</strong></span> <span class='ocrx_word' id='word_1_72' title='bbox 1289 1163 1560 1232; x_wconf 73' lang='lat' dir='ltr'><strong>exempla,</strong></span> <span class='ocrx_word' id='word_1_73' title='bbox 1609 1164 1782 1219; x_wconf 85' lang='lat' dir='ltr'><strong>virtus</strong></span> <span class='ocrx_word' id='word_1_74' title='bbox 1839 1172 1893 1220; x_wconf 89' lang='lat' dir='ltr'><strong>et</strong></span> 
     </span>
    </p>
   </div>
   <div class='ocr_carea' id='block_1_13' title="bbox 297 1251 1891 1316">
    <p class='ocr_par' dir='ltr' id='par_1_13' title="bbox 297 1251 1891 1316">
     <span class='ocr_line' id='line_1_13' title="bbox 297 1251 1891 1316; baseline 0.004 -11"><span class='ocrx_word' id='word_1_75' title='bbox 297 1266 579 1305; x_wconf 92' lang='lat' dir='ltr'><strong>summum</strong></span> <span class='ocrx_word' id='word_1_76' title='bbox 609 1251 901 1316; x_wconf 89' lang='lat' dir='ltr'><strong>virtutum,</strong></span> <span class='ocrx_word' id='word_1_77' title='bbox 933 1263 986 1306; x_wconf 90' lang='lat' dir='ltr'><strong>et</strong></span> <span class='ocrx_word' id='word_1_78' title='bbox 1019 1268 1076 1307; x_wconf 90' lang='lat' dir='ltr'><strong>re</strong></span> <span class='ocrx_word' id='word_1_79' title='bbox 1108 1268 1232 1306; x_wconf 76' lang='lat' dir='ltr'><strong>vera</strong></span> <span class='ocrx_word' id='word_1_80' title='bbox 1259 1254 1324 1308; x_wconf 92' lang='lat' dir='ltr'><strong>ad</strong></span> <span class='ocrx_word' id='word_1_81' title='bbox 1356 1254 1524 1309; x_wconf 82' lang='lat' dir='ltr'><strong>Deum</strong></span> <span class='ocrx_word' id='word_1_82' title='bbox 1549 1271 1807 1312; x_wconf 79' lang='lat' dir='ltr'><strong>excessus</strong></span> <span class='ocrx_word' id='word_1_83' title='bbox 1835 1268 1891 1312; x_wconf 89' lang='lat' dir='ltr'><strong>et</strong></span> 
     </span>
    </p>
   </div>
   <div class='ocr_carea' id='block_1_14' title="bbox 294 1343 1890 1420">
    <p class='ocr_par' dir='ltr' id='par_1_14' title="bbox 294 1343 1890 1420">
     <span class='ocr_line' id='line_1_14' title="bbox 294 1343 1890 1420; baseline 0.006 -25"><span class='ocrx_word' id='word_1_84' title='bbox 294 1344 612 1414; x_wconf 78' lang='lat' dir='ltr'><strong>eritigratio.</strong></span> <span class='ocrx_word' id='word_1_85' title='bbox 655 1343 806 1400; x_wconf 89' lang='lat' dir='ltr'><strong>Talis</strong></span> <span class='ocrx_word' id='word_1_86' title='bbox 843 1362 1062 1411; x_wconf 81' lang='lat' dir='ltr'><strong>cursus,</strong></span> <span class='ocrx_word' id='word_1_87' title='bbox 1097 1347 1219 1401; x_wconf 89' lang='lat' dir='ltr'><strong>talis</strong></span> <span class='ocrx_word' id='word_1_88' title='bbox 1250 1348 1379 1413; x_wconf 89' lang='lat' dir='ltr'><strong>vita,</strong></span> <span class='ocrx_word' id='word_1_89' title='bbox 1426 1349 1551 1402; x_wconf 89' lang='lat' dir='ltr'><strong>talia</strong></span> <span class='ocrx_word' id='word_1_90' title='bbox 1593 1350 1712 1420; x_wconf 86' lang='lat' dir='ltr'><strong>ejus</strong></span> <span class='ocrx_word' id='word_1_91' title='bbox 1742 1360 1890 1406; x_wconf 85' lang='lat' dir='ltr'><strong>recte</strong></span> 
     </span>
    </p>
   </div>
   <div class='ocr_carea' id='block_1_15' title="bbox 294 1436 1889 1506">
    <p class='ocr_par' dir='ltr' id='par_1_15' title="bbox 294 1436 1889 1506">
     <span class='ocr_line' id='line_1_15' title="bbox 294 1436 1889 1506; baseline 0.006 -16"><span class='ocrx_word' id='word_1_92' title='bbox 294 1437 460 1492; x_wconf 88' lang='lat' dir='ltr'><strong>facta.</strong></span> <span class='ocrx_word' id='word_1_93' title='bbox 502 1436 557 1492; x_wconf 92' lang='lat' dir='ltr'><strong>ln</strong></span> <span class='ocrx_word' id='word_1_94' title='bbox 590 1440 1015 1494; x_wconf 89' lang='lat' dir='ltr'><strong>necessitatibus</strong></span> <span class='ocrx_word' id='word_1_95' title='bbox 1050 1441 1359 1506; x_wconf 78' lang='lat' dir='ltr'><strong>tolerantia,</strong></span> <span class='ocrx_word' id='word_1_96' title='bbox 1393 1442 1445 1495; x_wconf 93' lang='lat' dir='ltr'><strong>in</strong></span> <span class='ocrx_word' id='word_1_97' title='bbox 1482 1441 1715 1498; x_wconf 72' lang='lat' dir='ltr'><strong>fortunae</strong></span> <span class='ocrx_word' id='word_1_98' title='bbox 1746 1446 1889 1499; x_wconf 85' lang='lat' dir='ltr'><strong>casi-</strong></span> 
     </span>
    </p>
   </div>
   <div class='ocr_carea' id='block_1_16' title="bbox 293 1531 1883 1608">
    <p class='ocr_par' dir='ltr' id='par_1_16' title="bbox 293 1531 1883 1608">
     <span class='ocr_line' id='line_1_16' title="bbox 293 1531 1883 1608; baseline 0.005 -24"><span class='ocrx_word' id='word_1_99' title='bbox 293 1531 398 1586; x_wconf 91' lang='lat' dir='ltr'><strong>bus</strong></span> <span class='ocrx_word' id='word_1_100' title='bbox 436 1547 671 1602; x_wconf 81' lang='lat' dir='ltr'><strong>magnus</strong></span> <span class='ocrx_word' id='word_1_101' title='bbox 705 1541 759 1586; x_wconf 90' lang='lat' dir='ltr'><strong>et</strong></span> <span class='ocrx_word' id='word_1_102' title='bbox 794 1534 1046 1589; x_wconf 81' lang='lat' dir='ltr'><strong>excelsus</strong></span> <span class='ocrx_word' id='word_1_103' title='bbox 1082 1535 1322 1600; x_wconf 91' lang='lat' dir='ltr'><strong>animus,</strong></span> <span class='ocrx_word' id='word_1_104' title='bbox 1363 1537 1415 1589; x_wconf 92' lang='lat' dir='ltr'><strong>in</strong></span> <span class='ocrx_word' id='word_1_105' title='bbox 1444 1535 1730 1592; x_wconf 91' lang='lat' dir='ltr'><strong>laboribus</strong></span> <span class='ocrx_word' id='word_1_106' title='bbox 1757 1555 1883 1608; x_wconf 86' lang='lat' dir='ltr'><strong>per-</strong></span> 
     </span>
    </p>
   </div>
   <div class='ocr_carea' id='block_1_17' title="bbox 292 1625 1886 1699">
    <p class='ocr_par' dir='ltr' id='par_1_17' title="bbox 292 1625 1886 1699">
     <span class='ocr_line' id='line_1_17' title="bbox 292 1625 1886 1699; baseline 0.004 -21"><span class='ocrx_word' id='word_1_107' title='bbox 292 1636 456 1693; x_wconf 90' lang='lat' dir='ltr'><strong>petua</strong></span> <span class='ocrx_word' id='word_1_108' title='bbox 491 1625 824 1699; x_wconf 84' lang='lat' dir='ltr'><strong>conStantia,</strong></span> <span class='ocrx_word' id='word_1_109' title='bbox 860 1627 912 1680; x_wconf 93' lang='lat' dir='ltr'><strong>in</strong></span> <span class='ocrx_word' id='word_1_110' title='bbox 948 1629 1209 1682; x_wconf 66' lang='lat' dir='ltr'><strong>aerumnis</strong></span> <span class='ocrx_word' id='word_1_111' title='bbox 1239 1627 1526 1695; x_wconf 81' lang='lat' dir='ltr'><strong>fortitudo,</strong></span> <span class='ocrx_word' id='word_1_112' title='bbox 1582 1632 1634 1684; x_wconf 93' lang='lat' dir='ltr'><strong>in</strong></span> <span class='ocrx_word' id='word_1_113' title='bbox 1682 1631 1886 1686; x_wconf 83' lang='lat' dir='ltr'><strong>labori-</strong></span> 
     </span>
    </p>
   </div>
   <div class='ocr_carea' id='block_1_18' title="bbox 293 1718 1883 1787">
    <p class='ocr_par' dir='ltr' id='par_1_18' title="bbox 293 1718 1883 1787">
     <span class='ocr_line' id='line_1_18' title="bbox 293 1718 1883 1787; baseline 0.006 -17"><span class='ocrx_word' id='word_1_114' title='bbox 293 1718 398 1770; x_wconf 87' lang='lat' dir='ltr'><strong>bus</strong></span> <span class='ocrx_word' id='word_1_115' title='bbox 427 1732 528 1787; x_wconf 91' lang='lat' dir='ltr'><strong>pro</strong></span> <span class='ocrx_word' id='word_1_116' title='bbox 560 1719 783 1783; x_wconf 82' lang='lat' dir='ltr'><strong>virtute,</strong></span> <span class='ocrx_word' id='word_1_117' title='bbox 817 1719 986 1773; x_wconf 90' lang='lat' dir='ltr'><strong>animi</strong></span> <span class='ocrx_word' id='word_1_118' title='bbox 1019 1720 1296 1787; x_wconf 88' lang='lat' dir='ltr'><strong>alacritas,</strong></span> <span class='ocrx_word' id='word_1_119' title='bbox 1327 1723 1380 1776; x_wconf 92' lang='lat' dir='ltr'><strong>in</strong></span> <span class='ocrx_word' id='word_1_120' title='bbox 1418 1723 1883 1780; x_wconf 91' lang='lat' dir='ltr'><strong>imbecillitatibus</strong></span> 
     </span>
    </p>
   </div>
   <div class='ocr_carea' id='block_1_19' title="bbox 292 1809 1878 1877">
    <p class='ocr_par' dir='ltr' id='par_1_19' title="bbox 292 1809 1878 1877">
     <span class='ocr_line' id='line_1_19' title="bbox 292 1809 1878 1877; baseline 0.005 -14"><span class='ocrx_word' id='word_1_121' title='bbox 292 1810 487 1876; x_wconf 89' lang='lat' dir='ltr'><strong>robur,</strong></span> <span class='ocrx_word' id='word_1_122' title='bbox 531 1809 585 1865; x_wconf 90' lang='lat' dir='ltr'><strong>in</strong></span> <span class='ocrx_word' id='word_1_123' title='bbox 629 1811 867 1877; x_wconf 87' lang='lat' dir='ltr'><strong>morbis,</strong></span> <span class='ocrx_word' id='word_1_124' title='bbox 897 1811 1127 1867; x_wconf 90' lang='lat' dir='ltr'><strong>minime</strong></span> <span class='ocrx_word' id='word_1_125' title='bbox 1155 1815 1381 1870; x_wconf 90' lang='lat' dir='ltr'><strong>omnino</strong></span> <span class='ocrx_word' id='word_1_126' title='bbox 1415 1818 1608 1872; x_wconf 87' lang='lat' dir='ltr'><strong>cedere</strong></span> <span class='ocrx_word' id='word_1_127' title='bbox 1656 1827 1711 1873; x_wconf 89' lang='lat' dir='ltr'><strong>et</strong></span> <span class='ocrx_word' id='word_1_128' title='bbox 1745 1833 1878 1873; x_wconf 85' lang='lat' dir='ltr'><strong>con-</strong></span> 
     </span>
    </p>
   </div>
   <div class='ocr_carea' id='block_1_20' title="bbox 291 1917 460 1956">
    <p class='ocr_par' dir='ltr' id='par_1_20' title="bbox 291 1917 460 1956">
     <span class='ocr_line' id='line_1_20' title="bbox 291 1917 460 1956; baseline 0 0"><span class='ocrx_word' id='word_1_129' title='bbox 291 1917 460 1956; x_wconf 89' lang='lat' dir='ltr'><strong>sumt.</strong></span> 
     </span>
    </p>
   </div>
   <div class='ocr_carea' id='block_1_21' title="bbox 905 2017 1252 2075">
    <p class='ocr_par' dir='ltr' id='par_1_21' title="bbox 905 2017 1252 2075">
     <span class='ocr_line' id='line_1_21' title="bbox 905 2017 1252 2075; baseline 0.006 -2"><span class='ocrx_word' id='word_1_130' title='bbox 905 2017 1134 2075; x_wconf 80' lang='lat' dir='ltr'><strong>CAPUT</strong></span> <span class='ocrx_word' id='word_1_131' title='bbox 1161 2019 1252 2075; x_wconf 81' lang='grc' dir='ltr'><strong>ιν.</strong></span> 
     </span>
    </p>
   </div>
   <div class='ocr_carea' id='block_1_22' title="bbox 433 2133 1733 2210">
    <p class='ocr_par' dir='ltr' id='par_1_22' title="bbox 433 2133 1733 2210">
     <span class='ocr_line' id='line_1_22' title="bbox 433 2133 1733 2210; baseline 0.008 -20"><span class='ocrx_word' id='word_1_132' title='bbox 433 2135 621 2191; x_wconf 81' lang='lat' dir='ltr'><strong>Sancti</strong></span> <span class='ocrx_word' id='word_1_133' title='bbox 649 2137 869 2194; x_wconf 77' lang='lat' dir='ltr'><strong>Antonii</strong></span> <span class='ocrx_word' id='word_1_134' title='bbox 889 2139 1085 2206; x_wconf 83' lang='lat' dir='ltr'><strong>obitus,</strong></span> <span class='ocrx_word' id='word_1_135' title='bbox 1123 2141 1418 2210; x_wconf 78' lang='lat' dir='ltr'><strong>sepultura,</strong></span> <span class='ocrx_word' id='word_1_136' title='bbox 1451 2133 1733 2200; x_wconf 64' lang='lat' dir='ltr'><strong>miractﬂa.</strong></span> 
     </span>
    </p>
   </div>
   <div class='ocr_carea' id='block_1_23' title="bbox 357 2234 1872 2328">
    <p class='ocr_par' dir='ltr' id='par_1_23' title="bbox 357 2234 1872 2328">
     <span class='ocr_line' id='line_1_23' title="bbox 357 2234 1872 2328; baseline 0.009 -25"><span class='ocrx_word' id='word_1_137' title='bbox 357 2250 449 2304; x_wconf 60' lang='grc' dir='ltr'><strong>εξ.</strong></span> <span class='ocrx_word' id='word_1_138' title='bbox 481 2252 585 2322; x_wconf 72' lang='lat' dir='ltr'><strong>sed</strong></span> <span class='ocrx_word' id='word_1_139' title='bbox 602 2252 752 2309; x_wconf 83' lang='lat' dir='ltr'><strong>venit</strong></span> <span class='ocrx_word' id='word_1_140' title='bbox 775 2234 1002 2311; x_wconf 69' lang='lat' dir='ltr'><strong>morbus</strong></span> <span class='ocrx_word' id='word_1_141' title='bbox 1029 2256 1275 2319; x_wconf 88' lang='lat' dir='ltr'><strong>ultimus.</strong></span> <span class='ocrx_word' id='word_1_142' title='bbox 1300 2267 1355 2312; x_wconf 89' lang='lat' dir='ltr'><strong>et</strong></span> <span class='ocrx_word' id='word_1_143' title='bbox 1375 2259 1566 2314; x_wconf 87' lang='lat' dir='ltr'><strong>aderat</strong></span> <span class='ocrx_word' id='word_1_144' title='bbox 1590 2275 1872 2328; x_wconf 79' lang='lat' dir='ltr'><strong>excessus,</strong></span> 
     </span>
    </p>
   </div>
   <div class='ocr_carea' id='block_1_24' title="bbox 286 2341 1872 2422">
    <p class='ocr_par' dir='ltr' id='par_1_24' title="bbox 286 2341 1872 2422">
     <span class='ocr_line' id='line_1_24' title="bbox 286 2341 1872 2422; baseline 0.007 -26"><span class='ocrx_word' id='word_1_145' title='bbox 286 2351 341 2396; x_wconf 88' lang='lat' dir='ltr'><strong>et</strong></span> <span class='ocrx_word' id='word_1_146' title='bbox 365 2358 488 2411; x_wconf 62' lang='lat' dir='ltr'><strong>qua}</strong></span> <span class='ocrx_word' id='word_1_147' title='bbox 517 2341 584 2396; x_wconf 90' lang='lat' dir='ltr'><strong>ad</strong></span> <span class='ocrx_word' id='word_1_148' title='bbox 615 2358 908 2399; x_wconf 80' lang='lat' dir='ltr'><strong>excessum</strong></span> <span class='ocrx_word' id='word_1_149' title='bbox 952 2349 1228 2415; x_wconf 87' lang='lat' dir='ltr'><strong>pertinent</strong></span> <span class='ocrx_word' id='word_1_150' title='bbox 1265 2364 1279 2402; x_wconf 91' lang='lat'><strong>:</strong></span> <span class='ocrx_word' id='word_1_151' title='bbox 1307 2356 1362 2402; x_wconf 88' lang='lat' dir='ltr'><strong>et</strong></span> <span class='ocrx_word' id='word_1_152' title='bbox 1407 2349 1646 2406; x_wconf 91' lang='lat' dir='ltr'><strong>humana</strong></span> <span class='ocrx_word' id='word_1_153' title='bbox 1678 2368 1872 2422; x_wconf 83' lang='lat' dir='ltr'><strong>argue-</strong></span> 
     </span>
    </p>
   </div>
   <div class='ocr_carea' id='block_1_25' title="bbox 287 2435 1873 2514">
    <p class='ocr_par' dir='ltr' id='par_1_25' title="bbox 287 2435 1873 2514">
     <span class='ocr_line' id='line_1_25' title="bbox 287 2435 1873 2514; baseline 0.006 -25"><span class='ocrx_word' id='word_1_154' title='bbox 287 2435 447 2490; x_wconf 80' lang='lat' dir='ltr'><strong>batur</strong></span> <span class='ocrx_word' id='word_1_155' title='bbox 483 2436 858 2514; x_wconf 80' lang='lat' dir='ltr'><strong>irnbecillitas,</strong></span> <span class='ocrx_word' id='word_1_156' title='bbox 894 2438 1088 2493; x_wconf 89' lang='lat' dir='ltr'><strong>intima</strong></span> <span class='ocrx_word' id='word_1_157' title='bbox 1120 2450 1444 2509; x_wconf 86' lang='lat' dir='ltr'><strong>penetrante</strong></span> <span class='ocrx_word' id='word_1_158' title='bbox 1475 2441 1648 2506; x_wconf 87' lang='lat' dir='ltr'><strong>febre,</strong></span> <span class='ocrx_word' id='word_1_159' title='bbox 1683 2454 1737 2499; x_wconf 90' lang='lat' dir='ltr'><strong>et</strong></span> <span class='ocrx_word' id='word_1_160' title='bbox 1774 2445 1873 2498; x_wconf 86' lang='lat' dir='ltr'><strong>de-</strong></span> 
     </span>
    </p>
   </div>
   <div class='ocr_carea' id='block_1_26' title="bbox 286 2530 1873 2601">
    <p class='ocr_par' dir='ltr' id='par_1_26' title="bbox 286 2530 1873 2601">
     <span class='ocr_line' id='line_1_26' title="bbox 286 2530 1873 2601; baseline 0.006 -17"><span class='ocrx_word' id='word_1_161' title='bbox 286 2541 545 2601; x_wconf 79' lang='lat' dir='ltr'><strong>pascente</strong></span> <span class='ocrx_word' id='word_1_162' title='bbox 593 2530 882 2586; x_wconf 86' lang='lat' dir='ltr'><strong>humorem</strong></span> <span class='ocrx_word' id='word_1_163' title='bbox 917 2533 1248 2598; x_wconf 87' lang='lat' dir='ltr'><strong>naturalem,</strong></span> <span class='ocrx_word' id='word_1_164' title='bbox 1280 2543 1334 2588; x_wconf 87' lang='lat' dir='ltr'><strong>et</strong></span> <span class='ocrx_word' id='word_1_165' title='bbox 1371 2536 1701 2592; x_wconf 87' lang='lat' dir='ltr'><strong>dissolvente</strong></span> <span class='ocrx_word' id='word_1_166' title='bbox 1729 2539 1873 2595; x_wconf 78' lang='lat' dir='ltr'><strong>vires</strong></span> 
     </span>
    </p>
   </div>
   <div class='ocr_carea' id='block_1_27' title="bbox 284 2623 1866 2698">
    <p class='ocr_par' dir='ltr' id='par_1_27' title="bbox 284 2623 1866 2698">
     <span class='ocr_line' id='line_1_27' title="bbox 284 2623 1866 2698; baseline 0.005 -22"><span class='ocrx_word' id='word_1_167' title='bbox 284 2625 408 2678; x_wconf 87' lang='lat' dir='ltr'><strong>illas</strong></span> <span class='ocrx_word' id='word_1_168' title='bbox 438 2623 844 2681; x_wconf 89' lang='lat' dir='ltr'><strong>adamantinas.</strong></span> <span class='ocrx_word' id='word_1_169' title='bbox 881 2624 971 2680; x_wconf 82' lang='lat' dir='ltr'><strong>Ille</strong></span> <span class='ocrx_word' id='word_1_170' title='bbox 999 2636 1180 2680; x_wconf 84' lang='lat' dir='ltr'><strong>autem</strong></span> <span class='ocrx_word' id='word_1_171' title='bbox 1205 2625 1441 2696; x_wconf 74' lang='lat' dir='ltr'><strong>benigno</strong></span> <span class='ocrx_word' id='word_1_172' title='bbox 1470 2641 1717 2698; x_wconf 86' lang='lat' dir='ltr'><strong>aspectu,</strong></span> <span class='ocrx_word' id='word_1_173' title='bbox 1747 2647 1866 2684; x_wconf 88' lang='lat' dir='ltr'><strong>om-</strong></span> 
     </span>
    </p>
   </div>
   <div class='ocr_carea' id='block_1_28' title="bbox 283 2717 1868 2786">
    <p class='ocr_par' dir='ltr' id='par_1_28' title="bbox 283 2717 1868 2786">
     <span class='ocr_line' id='line_1_28' title="bbox 283 2717 1868 2786; baseline 0.004 -17"><span class='ocrx_word' id='word_1_174' title='bbox 283 2731 382 2770; x_wconf 87' lang='lat' dir='ltr'><strong>nes</strong></span> <span class='ocrx_word' id='word_1_175' title='bbox 430 2729 769 2786; x_wconf 86' lang='lat' dir='ltr'><strong>proscquens</strong></span> <span class='ocrx_word' id='word_1_176' title='bbox 845 2717 1346 2785; x_wconf 82' lang='lat' dir='ltr'><strong>benedictionibus,</strong></span> <span class='ocrx_word' id='word_1_177' title='bbox 1406 2720 1658 2775; x_wconf 88' lang='lat' dir='ltr'><strong>ultimam</strong></span> <span class='ocrx_word' id='word_1_178' title='bbox 1719 2722 1868 2777; x_wconf 83' lang='lat' dir='ltr'><strong>dedit</strong></span> 
     </span>
    </p>
   </div>
   <div class='ocr_carea' id='block_1_29' title="bbox 286 2811 1867 2885">
    <p class='ocr_par' dir='ltr' id='par_1_29' title="bbox 286 2811 1867 2885">
     <span class='ocr_line' id='line_1_29' title="bbox 286 2811 1867 2885; baseline 0.005 -22"><span class='ocrx_word' id='word_1_179' title='bbox 286 2811 572 2865; x_wconf 87' lang='lat' dir='ltr'><strong>salutem:</strong></span> <span class='ocrx_word' id='word_1_180' title='bbox 628 2821 683 2865; x_wconf 92' lang='lat' dir='ltr'><strong>et</strong></span> <span class='ocrx_word' id='word_1_181' title='bbox 725 2826 850 2866; x_wconf 92' lang='lat' dir='ltr'><strong>eum</strong></span> <span class='ocrx_word' id='word_1_182' title='bbox 920 2811 1105 2880; x_wconf 74' lang='lat' dir='ltr'><strong>lingua</strong></span> <span class='ocrx_word' id='word_1_183' title='bbox 1162 2822 1308 2868; x_wconf 85' lang='lat' dir='ltr'><strong>esset</strong></span> <span class='ocrx_word' id='word_1_184' title='bbox 1357 2815 1652 2885; x_wconf 88' lang='lat' dir='ltr'><strong>impotens,</strong></span> <span class='ocrx_word' id='word_1_185' title='bbox 1711 2831 1867 2872; x_wconf 88' lang='lat' dir='ltr'><strong>sacra</strong></span> 
     </span>
    </p>
   </div>
   <div class='ocr_carea' id='block_1_30' title="bbox 281 2905 1866 2979">
    <p class='ocr_par' dir='ltr' id='par_1_30' title="bbox 281 2905 1866 2979">
     <span class='ocr_line' id='line_1_30' title="bbox 281 2905 1866 2979; baseline 0.004 -21"><span class='ocrx_word' id='word_1_186' title='bbox 281 2921 484 2961; x_wconf 90' lang='lat' dir='ltr'><strong>manus</strong></span> <span class='ocrx_word' id='word_1_187' title='bbox 523 2905 833 2976; x_wconf 74' lang='lat' dir='ltr'><strong>obsignavit</strong></span> <span class='ocrx_word' id='word_1_188' title='bbox 877 2921 990 2970; x_wconf 88' lang='lat' dir='ltr'><strong>eas,</strong></span> <span class='ocrx_word' id='word_1_189' title='bbox 1029 2923 1151 2976; x_wconf 66' lang='lat' dir='ltr'><strong>qua:</strong></span> <span class='ocrx_word' id='word_1_190' title='bbox 1180 2908 1422 2968; x_wconf 87' lang='lat' dir='ltr'><strong>dicinon</strong></span> <span class='ocrx_word' id='word_1_191' title='bbox 1468 2919 1737 2979; x_wconf 87' lang='lat' dir='ltr'><strong>poterant,</strong></span> <span class='ocrx_word' id='word_1_192' title='bbox 1773 2911 1866 2965; x_wconf 91' lang='lat' dir='ltr'><strong>be-</strong></span> 
     </span>
    </p>
   </div>
   <div class='ocr_carea' id='block_1_31' title="bbox 278 2997 1863 3070">
    <p class='ocr_par' dir='ltr' id='par_1_31' title="bbox 278 2997 1863 3070">
     <span class='ocr_line' id='line_1_31' title="bbox 278 2997 1863 3070; baseline 0.006 -22"><span class='ocrx_word' id='word_1_193' title='bbox 278 2997 645 3058; x_wconf 85' lang='lat' dir='ltr'><strong>nedictiones,</strong></span> <span class='ocrx_word' id='word_1_194' title='bbox 700 2998 959 3068; x_wconf 80' lang='lat' dir='ltr'><strong>&#39;Deusque</strong></span> <span class='ocrx_word' id='word_1_195' title='bbox 993 3014 1118 3053; x_wconf 89' lang='lat' dir='ltr'><strong>eum</strong></span> <span class='ocrx_word' id='word_1_196' title='bbox 1171 3000 1402 3054; x_wconf 71' lang='lat' dir='ltr'><strong>vocabat</strong></span> <span class='ocrx_word' id='word_1_197' title='bbox 1445 3002 1510 3054; x_wconf 89' lang='lat' dir='ltr'><strong>ad</strong></span> <span class='ocrx_word' id='word_1_198' title='bbox 1565 3015 1863 3070; x_wconf 86' lang='lat' dir='ltr'><strong>supernum</strong></span> 
     </span>
    </p>
   </div>
   <div class='ocr_carea' id='block_1_32' title="bbox 281 3091 1860 3165">
    <p class='ocr_par' dir='ltr' id='par_1_32' title="bbox 281 3091 1860 3165">
     <span class='ocr_line' id='line_1_32' title="bbox 281 3091 1860 3165; baseline 0.005 -22"><span class='ocrx_word' id='word_1_199' title='bbox 281 3091 723 3154; x_wconf 86' lang='lat' dir='ltr'><strong>tabernaculum,</strong></span> <span class='ocrx_word' id='word_1_200' title='bbox 747 3101 800 3146; x_wconf 90' lang='lat' dir='ltr'><strong>et</strong></span> <span class='ocrx_word' id='word_1_201' title='bbox 822 3093 1025 3148; x_wconf 91' lang='lat' dir='ltr'><strong>chorus</strong></span> <span class='ocrx_word' id='word_1_202' title='bbox 1049 3094 1382 3163; x_wconf 78' lang='lat' dir='ltr'><strong>Angelornm</strong></span> <span class='ocrx_word' id='word_1_203' title='bbox 1412 3109 1535 3149; x_wconf 87' lang='lat' dir='ltr'><strong>eum</strong></span> <span class='ocrx_word' id='word_1_204' title='bbox 1563 3097 1860 3165; x_wconf 65' lang='lat' dir='ltr'><strong>quaerebat,</strong></span> 
     </span>
    </p>
   </div>
   <div class='ocr_carea' id='block_1_33' title="bbox 275 3179 1864 3249">
    <p class='ocr_par' dir='ltr' id='par_1_33' title="bbox 275 3179 1864 3249">
     <span class='ocr_line' id='line_1_33' title="bbox 275 3179 1864 3249; baseline 0.007 -18"><span class='ocrx_word' id='word_1_205' title='bbox 275 3179 369 3248; x_wconf 84' lang='lat' dir='ltr'><strong>qui</strong></span> <span class='ocrx_word' id='word_1_206' title='bbox 399 3182 579 3249; x_wconf 90' lang='lat' dir='ltr'><strong>ipsum</strong></span> <span class='ocrx_word' id='word_1_207' title='bbox 617 3182 670 3234; x_wconf 92' lang='lat' dir='ltr'><strong>in</strong></span> <span class='ocrx_word' id='word_1_208' title='bbox 703 3190 850 3236; x_wconf 87' lang='lat' dir='ltr'><strong>terra</strong></span> <span class='ocrx_word' id='word_1_209' title='bbox 883 3191 1033 3237; x_wconf 87' lang='lat' dir='ltr'><strong>recte</strong></span> <span class='ocrx_word' id='word_1_210' title='bbox 1071 3193 1154 3238; x_wconf 87' lang='lat' dir='ltr'><strong>est</strong></span> <span class='ocrx_word' id='word_1_211' title='bbox 1193 3185 1438 3240; x_wconf 88' lang='lat' dir='ltr'><strong>imitatus</strong></span> <span class='ocrx_word' id='word_1_212' title='bbox 1470 3202 1485 3240; x_wconf 73' lang='grc' dir='ltr'><strong>ι</strong></span> <span class='ocrx_word' id='word_1_213' title='bbox 1537 3202 1568 3240; x_wconf 87' lang='lat' dir='ltr'><strong>a</strong></span> <span class='ocrx_word' id='word_1_214' title='bbox 1600 3202 1864 3242; x_wconf 79' lang='lat' dir='ltr'><strong>veneran-</strong></span> 
     </span>
    </p>
   </div>
   <div class='ocr_carea' id='block_1_34' title="bbox 278 3273 1860 3346">
    <p class='ocr_par' dir='ltr' id='par_1_34' title="bbox 278 3273 1860 3346">
     <span class='ocr_line' id='line_1_34' title="bbox 278 3273 1860 3346; baseline 0.008 -25"><span class='ocrx_word' id='word_1_215' title='bbox 278 3273 458 3338; x_wconf 91' lang='lat' dir='ltr'><strong>doque</strong></span> <span class='ocrx_word' id='word_1_216' title='bbox 493 3279 564 3335; x_wconf 85' lang='lat' dir='ltr'><strong>et</strong></span> <span class='ocrx_word' id='word_1_217' title='bbox 635 3285 796 3326; x_wconf 85' lang='lat' dir='ltr'><strong>sacro</strong></span> <span class='ocrx_word' id='word_1_218' title='bbox 859 3287 1091 3343; x_wconf 90' lang='lat' dir='ltr'><strong>corpore</strong></span> <span class='ocrx_word' id='word_1_219' title='bbox 1147 3274 1331 3328; x_wconf 89' lang='lat' dir='ltr'><strong>divina</strong></span> <span class='ocrx_word' id='word_1_220' title='bbox 1368 3286 1620 3346; x_wconf 86' lang='lat' dir='ltr'><strong>separata</strong></span> <span class='ocrx_word' id='word_1_221' title='bbox 1677 3277 1860 3333; x_wconf 88' lang='lat' dir='ltr'><strong>anima</strong></span> 
     </span>
    </p>
   </div>
   <div class='ocr_carea' id='block_1_35' title="bbox 277 3364 1862 3442">
    <p class='ocr_par' dir='ltr' id='par_1_35' title="bbox 277 3364 1862 3442">
     <span class='ocr_line' id='line_1_35' title="bbox 277 3364 1862 3442; baseline 0.009 -30"><span class='ocrx_word' id='word_1_222' title='bbox 277 3375 524 3431; x_wconf 84' lang='lat' dir='ltr'><strong>vespere,</strong></span> <span class='ocrx_word' id='word_1_223' title='bbox 567 3376 692 3417; x_wconf 89' lang='lat' dir='ltr'><strong>cum</strong></span> <span class='ocrx_word' id='word_1_224' title='bbox 726 3364 1109 3420; x_wconf 89' lang='lat' dir='ltr'><strong>accenduntur</strong></span> <span class='ocrx_word' id='word_1_225' title='bbox 1157 3366 1416 3432; x_wconf 66' lang='lat' dir='ltr'><strong>lucernae,</strong></span> <span class='ocrx_word' id='word_1_226' title='bbox 1452 3385 1574 3423; x_wconf 88' lang='lat' dir='ltr'><strong>cum</strong></span> <span class='ocrx_word' id='word_1_227' title='bbox 1604 3370 1862 3442; x_wconf 83' lang='lat' dir='ltr'><strong>lampade</strong></span> 
     </span>
    </p>
   </div>
   <div class='ocr_carea' id='block_1_36' title="bbox 273 3452 1858 3535">
    <p class='ocr_par' dir='ltr' id='par_1_36' title="bbox 273 3452 1858 3535">
     <span class='ocr_line' id='line_1_36' title="bbox 273 3452 1858 3535; baseline 0.01 -32"><span class='ocrx_word' id='word_1_228' title='bbox 273 3452 610 3520; x_wconf 81' lang='lat' dir='ltr'><strong>virginitatis</strong></span> <span class='ocrx_word' id='word_1_229' title='bbox 661 3454 820 3524; x_wconf 90' lang='lat' dir='ltr'><strong>plena</strong></span> <span class='ocrx_word' id='word_1_230' title='bbox 882 3457 1003 3512; x_wconf 89' lang='lat' dir='ltr'><strong>oleo</strong></span> <span class='ocrx_word' id='word_1_231' title='bbox 1036 3458 1286 3515; x_wconf 87' lang='lat' dir='ltr'><strong>sublatus</strong></span> <span class='ocrx_word' id='word_1_232' title='bbox 1338 3462 1441 3517; x_wconf 83' lang='lat' dir='ltr'><strong>fuit</strong></span> <span class='ocrx_word' id='word_1_233' title='bbox 1493 3463 1560 3518; x_wconf 91' lang='lat' dir='ltr'><strong>ad</strong></span> <span class='ocrx_word' id='word_1_234' title='bbox 1602 3480 1858 3535; x_wconf 81' lang='lat' dir='ltr'><strong>magnam</strong></span> 
     </span>
    </p>
   </div>
   <div class='ocr_carea' id='block_1_37' title="bbox 273 3546 472 3601">
    <p class='ocr_par' dir='ltr' id='par_1_37' title="bbox 273 3546 472 3601">
     <span class='ocr_line' id='line_1_37' title="bbox 273 3546 472 3601; baseline 0.015 -3"><span class='ocrx_word' id='word_1_235' title='bbox 273 3546 472 3601; x_wconf 88' lang='lat' dir='ltr'><strong>lucem.</strong></span> 
     </span>
    </p>
   </div>
   <div class='ocr_carea' id='block_1_38' title="bbox 339 3639 1854 3722">
    <p class='ocr_par' dir='ltr' id='par_1_38' title="bbox 339 3639 1854 3722">
     <span class='ocr_line' id='line_1_38' title="bbox 339 3639 1854 3722; baseline 0.011 -29"><span class='ocrx_word' id='word_1_236' title='bbox 339 3640 426 3695; x_wconf 71' lang='lat'><strong>23.</strong></span> <span class='ocrx_word' id='word_1_237' title='bbox 472 3639 591 3696; x_wconf 80' lang='lat' dir='ltr'><strong>Nox</strong></span> <span class='ocrx_word' id='word_1_238' title='bbox 638 3641 834 3700; x_wconf 88' lang='lat' dir='ltr'><strong>deinde</strong></span> <span class='ocrx_word' id='word_1_239' title='bbox 865 3653 952 3702; x_wconf 88' lang='lat' dir='ltr'><strong>est</strong></span> <span class='ocrx_word' id='word_1_240' title='bbox 987 3655 1303 3716; x_wconf 84' lang='lat' dir='ltr'><strong>consecuta,</strong></span> <span class='ocrx_word' id='word_1_241' title='bbox 1339 3659 1391 3705; x_wconf 89' lang='lat' dir='ltr'><strong>et</strong></span> <span class='ocrx_word' id='word_1_242' title='bbox 1424 3649 1480 3705; x_wconf 88' lang='lat' dir='ltr'><strong>lit</strong></span> <span class='ocrx_word' id='word_1_243' title='bbox 1508 3653 1854 3722; x_wconf 83' lang='lat' dir='ltr'><strong>miraculum,</strong></span> 
     </span>
    </p>
   </div>
   <div class='ocr_carea' id='block_1_39' title="bbox 272 3733 1856 3816">
    <p class='ocr_par' dir='ltr' id='par_1_39' title="bbox 272 3733 1856 3816">
     <span class='ocr_line' id='line_1_39' title="bbox 272 3733 1856 3816; baseline 0.011 -31"><span class='ocrx_word' id='word_1_244' title='bbox 272 3733 416 3802; x_wconf 91' lang='lat' dir='ltr'><strong>quod</strong></span> <span class='ocrx_word' id='word_1_245' title='bbox 459 3743 641 3804; x_wconf 87' lang='lat' dir='ltr'><strong>potest</strong></span> <span class='ocrx_word' id='word_1_246' title='bbox 690 3737 931 3792; x_wconf 89' lang='lat' dir='ltr'><strong>conferri</strong></span> <span class='ocrx_word' id='word_1_247' title='bbox 969 3756 1094 3794; x_wconf 91' lang='lat' dir='ltr'><strong>cum</strong></span> <span class='ocrx_word' id='word_1_248' title='bbox 1149 3741 1246 3806; x_wconf 91' lang='lat' dir='ltr'><strong>iis,</strong></span> <span class='ocrx_word' id='word_1_249' title='bbox 1297 3761 1419 3814; x_wconf 69' lang='lat' dir='ltr'><strong>qua:</strong></span> <span class='ocrx_word' id='word_1_250' title='bbox 1461 3762 1701 3816; x_wconf 87' lang='lat' dir='ltr'><strong>unquam</strong></span> <span class='ocrx_word' id='word_1_251' title='bbox 1739 3747 1856 3802; x_wconf 89' lang='lat' dir='ltr'><strong>fne-</strong></span> 
     </span>
    </p>
   </div>
   <div class='ocr_carea' id='block_1_40' title="bbox 271 3829 1855 3910">
    <p class='ocr_par' dir='ltr' id='par_1_40' title="bbox 271 3829 1855 3910">
     <span class='ocr_line' id='line_1_40' title="bbox 271 3829 1855 3910; baseline 0.009 -31"><span class='ocrx_word' id='word_1_252' title='bbox 271 3836 419 3888; x_wconf 87' lang='lat' dir='ltr'><strong>runt,</strong></span> <span class='ocrx_word' id='word_1_253' title='bbox 470 3829 776 3894; x_wconf 89' lang='lat' dir='ltr'><strong>miraculis,</strong></span> <span class='ocrx_word' id='word_1_254' title='bbox 816 3833 962 3902; x_wconf 90' lang='lat' dir='ltr'><strong>quod</strong></span> <span class='ocrx_word' id='word_1_255' title='bbox 1007 3833 1321 3902; x_wconf 88' lang='lat' dir='ltr'><strong>publicabat</strong></span> <span class='ocrx_word' id='word_1_256' title='bbox 1362 3839 1506 3892; x_wconf 89' lang='lat' dir='ltr'><strong>illius</strong></span> <span class='ocrx_word' id='word_1_257' title='bbox 1541 3856 1855 3910; x_wconf 81' lang='lat' dir='ltr'><strong>germanam</strong></span> 
     </span>
    </p>
   </div>
   <div class='ocr_carea' id='block_1_41' title="bbox 271 3917 1856 4003">
    <p class='ocr_par' dir='ltr' id='par_1_41' title="bbox 271 3917 1856 4003">
     <span class='ocr_line' id='line_1_41' title="bbox 271 3917 1856 4003; baseline 0.01 -32"><span class='ocrx_word' id='word_1_258' title='bbox 271 3918 337 3972; x_wconf 88' lang='lat' dir='ltr'><strong>ad</strong></span> <span class='ocrx_word' id='word_1_259' title='bbox 371 3917 541 3974; x_wconf 87' lang='lat' dir='ltr'><strong>Deum</strong></span> <span class='ocrx_word' id='word_1_260' title='bbox 589 3920 866 3989; x_wconf 83' lang='lat' dir='ltr'><strong>ﬁduciam,</strong></span> <span class='ocrx_word' id='word_1_261' title='bbox 923 3934 976 3979; x_wconf 89' lang='lat' dir='ltr'><strong>et</strong></span> <span class='ocrx_word' id='word_1_262' title='bbox 1008 3935 1196 3994; x_wconf 84' lang='lat' dir='ltr'><strong>aperte</strong></span> <span class='ocrx_word' id='word_1_263' title='bbox 1226 3928 1545 3985; x_wconf 89' lang='lat' dir='ltr'><strong>describens</strong></span> <span class='ocrx_word' id='word_1_264' title='bbox 1582 3934 1856 4003; x_wconf 83' lang='lat' dir='ltr'><strong>magnitu-</strong></span> 
     </span>
    </p>
   </div>
   <div class='ocr_carea' id='block_1_42' title="bbox 267 4012 1852 4094">
    <p class='ocr_par' dir='ltr' id='par_1_42' title="bbox 267 4012 1852 4094">
     <span class='ocr_line' id='line_1_42' title="bbox 267 4012 1852 4094; baseline 0.012 -31"><span class='ocrx_word' id='word_1_265' title='bbox 267 4012 452 4066; x_wconf 86' lang='lat' dir='ltr'><strong>dinem</strong></span> <span class='ocrx_word' id='word_1_266' title='bbox 505 4015 743 4070; x_wconf 87' lang='lat' dir='ltr'><strong>virtutis.</strong></span> <span class='ocrx_word' id='word_1_267' title='bbox 790 4014 925 4072; x_wconf 84' lang='lat' dir='ltr'><strong>Nam</strong></span> <span class='ocrx_word' id='word_1_268' title='bbox 980 4035 1104 4074; x_wconf 92' lang='lat' dir='ltr'><strong>cum</strong></span> <span class='ocrx_word' id='word_1_269' title='bbox 1161 4033 1484 4076; x_wconf 88' lang='lat' dir='ltr'><strong>consuetum</strong></span> <span class='ocrx_word' id='word_1_270' title='bbox 1527 4025 1745 4094; x_wconf 79' lang='lat' dir='ltr'><strong>signum</strong></span> <span class='ocrx_word' id='word_1_271' title='bbox 1789 4043 1852 4082; x_wconf 78' lang='lat' dir='ltr'><strong>ex</strong></span> 
     </span>
    </p>
   </div>
   <div class='ocr_carea' id='block_1_43' title="bbox 268 4106 1853 4187">
    <p class='ocr_par' dir='ltr' id='par_1_43' title="bbox 268 4106 1853 4187">
     <span class='ocr_line' id='line_1_43' title="bbox 268 4106 1853 4187; baseline 0.01 -31"><span class='ocrx_word' id='word_1_272' title='bbox 268 4106 376 4160; x_wconf 86' lang='lat' dir='ltr'><strong>alto</strong></span> <span class='ocrx_word' id='word_1_273' title='bbox 411 4109 736 4176; x_wconf 67' lang='lat' dir='ltr'><strong>patriarchae</strong></span> <span class='ocrx_word' id='word_1_274' title='bbox 765 4110 1079 4176; x_wconf 85' lang='lat' dir='ltr'><strong>decessum,</strong></span> <span class='ocrx_word' id='word_1_275' title='bbox 1117 4115 1262 4168; x_wconf 86' lang='lat' dir='ltr'><strong>circa</strong></span> <span class='ocrx_word' id='word_1_276' title='bbox 1298 4131 1555 4185; x_wconf 79' lang='lat' dir='ltr'><strong>maguum</strong></span> <span class='ocrx_word' id='word_1_277' title='bbox 1590 4119 1853 4187; x_wconf 90' lang='lat' dir='ltr'><strong>templum</strong></span> 
     </span>
    </p>
   </div>
   <div class='ocr_carea' id='block_1_44' title="bbox 264 4199 1854 4280">
    <p class='ocr_par' dir='ltr' id='par_1_44' title="bbox 264 4199 1854 4280">
     <span class='ocr_line' id='line_1_44' title="bbox 264 4199 1854 4280; baseline 0.01 -30"><span class='ocrx_word' id='word_1_278' title='bbox 264 4199 471 4253; x_wconf 71' lang='lat' dir='ltr'><strong>rivitati</strong></span> <span class='ocrx_word' id='word_1_279' title='bbox 510 4201 897 4271; x_wconf 78' lang='lat' dir='ltr'><strong>signiﬁcasset,</strong></span> <span class='ocrx_word' id='word_1_280' title='bbox 944 4206 1141 4260; x_wconf 86' lang='lat' dir='ltr'><strong>mulier</strong></span> <span class='ocrx_word' id='word_1_281' title='bbox 1192 4210 1543 4276; x_wconf 83' lang='lat' dir='ltr'><strong>paupercula,</strong></span> <span class='ocrx_word' id='word_1_282' title='bbox 1605 4226 1726 4280; x_wconf 72' lang='lat' dir='ltr'><strong>qua:</strong></span> <span class='ocrx_word' id='word_1_283' title='bbox 1759 4226 1854 4280; x_wconf 88' lang='lat' dir='ltr'><strong>per</strong></span> 
     </span>
    </p>
   </div>
   <div class='ocr_carea' id='block_1_45' title="bbox 266 4294 1844 4374">
    <p class='ocr_par' dir='ltr' id='par_1_45' title="bbox 266 4294 1844 4374">
     <span class='ocr_line' id='line_1_45' title="bbox 266 4294 1844 4374; baseline 0.008 -28"><span class='ocrx_word' id='word_1_284' title='bbox 266 4309 490 4348; x_wconf 89' lang='lat' dir='ltr'><strong>manum</strong></span> <span class='ocrx_word' id='word_1_285' title='bbox 524 4294 790 4352; x_wconf 83' lang='lat' dir='ltr'><strong>beneficio</strong></span> <span class='ocrx_word' id='word_1_286' title='bbox 821 4296 1144 4355; x_wconf 70' lang='lat' dir='ltr'><strong>efﬁcientem</strong></span> <span class='ocrx_word' id='word_1_287' title='bbox 1182 4301 1286 4356; x_wconf 86' lang='lat' dir='ltr'><strong>sibi</strong></span> <span class='ocrx_word' id='word_1_288' title='bbox 1335 4303 1716 4372; x_wconf 88' lang='lat' dir='ltr'><strong>quotidianum</strong></span> <span class='ocrx_word' id='word_1_289' title='bbox 1754 4319 1844 4374; x_wconf 80' lang='lat' dir='ltr'><strong>pa-</strong></span> 
     </span>
    </p>
   </div>
   <div class='ocr_carea' id='block_1_46' title="bbox 265 4387 1852 4468">
    <p class='ocr_par' dir='ltr' id='par_1_46' title="bbox 265 4387 1852 4468">
     <span class='ocr_line' id='line_1_46' title="bbox 265 4387 1852 4468; baseline 0.009 -30"><span class='ocrx_word' id='word_1_290' title='bbox 265 4387 420 4441; x_wconf 90' lang='lat' dir='ltr'><strong>rabat</strong></span> <span class='ocrx_word' id='word_1_291' title='bbox 475 4388 819 4454; x_wconf 87' lang='lat' dir='ltr'><strong>alimentum,</strong></span> <span class='ocrx_word' id='word_1_292' title='bbox 880 4406 1004 4446; x_wconf 90' lang='lat' dir='ltr'><strong>cum</strong></span> <span class='ocrx_word' id='word_1_293' title='bbox 1049 4408 1120 4449; x_wconf 77' lang='lat' dir='ltr'><strong>ex</strong></span> <span class='ocrx_word' id='word_1_294' title='bbox 1170 4396 1478 4451; x_wconf 85' lang='lat' dir='ltr'><strong>vehementi</strong></span> <span class='ocrx_word' id='word_1_295' title='bbox 1515 4398 1670 4468; x_wconf 86' lang='lat' dir='ltr'><strong>lapsu</strong></span> <span class='ocrx_word' id='word_1_296' title='bbox 1723 4408 1852 4454; x_wconf 88' lang='lat' dir='ltr'><strong>crus</strong></span> 
     </span>
    </p>
   </div>
   <div class='ocr_carea' id='block_1_47' title="bbox 263 4479 1848 4562">
    <p class='ocr_par' dir='ltr' id='par_1_47' title="bbox 263 4479 1848 4562">
     <span class='ocr_line' id='line_1_47' title="bbox 263 4479 1848 4562; baseline 0.009 -29"><span class='ocrx_word' id='word_1_297' title='bbox 263 4479 492 4535; x_wconf 86' lang='lat' dir='ltr'><strong>haberet</strong></span> <span class='ocrx_word' id='word_1_298' title='bbox 518 4480 778 4550; x_wconf 88' lang='lat' dir='ltr'><strong>fractum,</strong></span> <span class='ocrx_word' id='word_1_299' title='bbox 809 4484 863 4538; x_wconf 92' lang='lat' dir='ltr'><strong>in</strong></span> <span class='ocrx_word' id='word_1_300' title='bbox 907 4487 1127 4557; x_wconf 82' lang='lat' dir='ltr'><strong>tugurio</strong></span> <span class='ocrx_word' id='word_1_301' title='bbox 1162 4487 1307 4544; x_wconf 91' lang='lat' dir='ltr'><strong>facto</strong></span> <span class='ocrx_word' id='word_1_302' title='bbox 1333 4505 1399 4544; x_wconf 76' lang='lat' dir='ltr'><strong>ex</strong></span> <span class='ocrx_word' id='word_1_303' title='bbox 1425 4489 1573 4546; x_wconf 68' lang='lat' dir='ltr'><strong>freno</strong></span> <span class='ocrx_word' id='word_1_304' title='bbox 1607 4502 1660 4547; x_wconf 89' lang='lat' dir='ltr'><strong>et</strong></span> <span class='ocrx_word' id='word_1_305' title='bbox 1692 4493 1848 4562; x_wconf 88' lang='lat' dir='ltr'><strong>palea</strong></span> 
     </span>
    </p>
   </div>
   <div class='ocr_carea' id='block_1_48' title="bbox 2006 584 3594 671">
    <p class='ocr_par' dir='ltr' id='par_1_48' title="bbox 2006 584 3594 671">
     <span class='ocr_line' id='line_1_48' title="bbox 2006 584 3594 671; baseline 0.016 -33"><span class='ocrx_word' id='word_1_306' title='bbox 2006 584 2311 641; x_wconf 80' lang='lat' dir='ltr'><strong>deformem</strong></span> <span class='ocrx_word' id='word_1_307' title='bbox 2363 587 2671 646; x_wconf 87' lang='lat' dir='ltr'><strong>feritatem!</strong></span> <span class='ocrx_word' id='word_1_308' title='bbox 2726 593 2931 652; x_wconf 87' lang='lat' dir='ltr'><strong>Secure</strong></span> <span class='ocrx_word' id='word_1_309' title='bbox 2965 598 3226 671; x_wconf 85' lang='lat' dir='ltr'><strong>deinceps</strong></span> <span class='ocrx_word' id='word_1_310' title='bbox 3257 603 3476 671; x_wconf 84' lang='lat' dir='ltr'><strong>invade,</strong></span> <span class='ocrx_word' id='word_1_311' title='bbox 3508 610 3594 664; x_wconf 90' lang='lat' dir='ltr'><strong>in-</strong></span> 
     </span>
    </p>
   </div>
   <div class='ocr_carea' id='block_1_49' title="bbox 2005 676 3594 770">
    <p class='ocr_par' dir='ltr' id='par_1_49' title="bbox 2005 676 3594 770">
     <span class='ocr_line' id='line_1_49' title="bbox 2005 676 3594 770; baseline 0.018 -42"><span class='ocrx_word' id='word_1_312' title='bbox 2005 676 2148 730; x_wconf 83' lang='lat' dir='ltr'><strong>sulta</strong></span> <span class='ocrx_word' id='word_1_313' title='bbox 2187 676 2505 746; x_wconf 88' lang='lat' dir='ltr'><strong>jacentibus</strong></span> <span class='ocrx_word' id='word_1_314' title='bbox 2538 700 2552 736; x_wconf 87' lang='lat'><strong>:</strong></span> <span class='ocrx_word' id='word_1_315' title='bbox 2585 699 2710 738; x_wconf 91' lang='lat' dir='ltr'><strong>cum</strong></span> <span class='ocrx_word' id='word_1_316' title='bbox 2763 690 3012 759; x_wconf 89' lang='lat' dir='ltr'><strong>corporis</strong></span> <span class='ocrx_word' id='word_1_317' title='bbox 3043 693 3421 752; x_wconf 69' lang='lat' dir='ltr'><strong>contractione</strong></span> <span class='ocrx_word' id='word_1_318' title='bbox 3468 717 3594 770; x_wconf 88' lang='lat' dir='ltr'><strong>spes</strong></span> 
     </span>
    </p>
   </div>
   <div class='ocr_carea' id='block_1_50' title="bbox 2001 775 3592 861">
    <p class='ocr_par' dir='ltr' id='par_1_50' title="bbox 2001 775 3592 861">
     <span class='ocr_line' id='line_1_50' title="bbox 2001 775 3592 861; baseline 0.019 -41"><span class='ocrx_word' id='word_1_319' title='bbox 2001 784 2224 839; x_wconf 87' lang='lat' dir='ltr'><strong>quoque</strong></span> <span class='ocrx_word' id='word_1_320' title='bbox 2250 783 2335 826; x_wconf 89' lang='lat' dir='ltr'><strong>est</strong></span> <span class='ocrx_word' id='word_1_321' title='bbox 2386 775 2667 833; x_wconf 84' lang='lat' dir='ltr'><strong>confracta</strong></span> <span class='ocrx_word' id='word_1_322' title='bbox 2703 782 2850 848; x_wconf 67' lang='lat' dir='ltr'><strong>vitm,</strong></span> <span class='ocrx_word' id='word_1_323' title='bbox 2889 787 3049 854; x_wconf 87' lang='lat' dir='ltr'><strong>periit</strong></span> <span class='ocrx_word' id='word_1_324' title='bbox 3091 804 3391 861; x_wconf 89' lang='lat' dir='ltr'><strong>pauperum</strong></span> <span class='ocrx_word' id='word_1_325' title='bbox 3435 797 3592 850; x_wconf 71' lang='lat' dir='ltr'><strong>viari-</strong></span> 
     </span>
    </p>
   </div>
   <div class='ocr_carea' id='block_1_51' title="bbox 2001 863 3594 954">
    <p class='ocr_par' dir='ltr' id='par_1_51' title="bbox 2001 863 3594 954">
     <span class='ocr_line' id='line_1_51' title="bbox 2001 863 3594 954; baseline 0.019 -38"><span class='ocrx_word' id='word_1_326' title='bbox 2001 878 2150 917; x_wconf 86' lang='lat' dir='ltr'><strong>rum.</strong></span> <span class='ocrx_word' id='word_1_327' title='bbox 2184 863 2228 920; x_wconf 91' lang='grc' dir='ltr'><strong>Ο</strong></span> <span class='ocrx_word' id='word_1_328' title='bbox 2257 883 2510 935; x_wconf 69' lang='lat' dir='ltr'><strong>quaenam</strong></span> <span class='ocrx_word' id='word_1_329' title='bbox 2547 870 2786 946; x_wconf 85' lang='lat' dir='ltr'><strong>Erinnys</strong></span> <span class='ocrx_word' id='word_1_330' title='bbox 2819 892 2965 933; x_wconf 85' lang='lat' dir='ltr'><strong>meas</strong></span> <span class='ocrx_word' id='word_1_331' title='bbox 2997 882 3194 950; x_wconf 83' lang='lat' dir='ltr'><strong>pedum</strong></span> <span class='ocrx_word' id='word_1_332' title='bbox 3227 887 3440 954; x_wconf 83' lang='lat' dir='ltr'><strong>plantas</strong></span> <span class='ocrx_word' id='word_1_333' title='bbox 3471 907 3594 946; x_wconf 86' lang='lat' dir='ltr'><strong>mu-</strong></span> 
     </span>
    </p>
   </div>
   <div class='ocr_carea' id='block_1_52' title="bbox 1999 955 3584 1052">
    <p class='ocr_par' dir='ltr' id='par_1_52' title="bbox 1999 955 3584 1052">
     <span class='ocr_line' id='line_1_52' title="bbox 1999 955 3584 1052; baseline 0.021 -45"><span class='ocrx_word' id='word_1_334' title='bbox 1999 955 2194 1033; x_wconf 85' lang='lat' dir='ltr'><strong>tilavit,</strong></span> <span class='ocrx_word' id='word_1_335' title='bbox 2236 968 2296 1014; x_wconf 92' lang='lat' dir='ltr'><strong>ut</strong></span> <span class='ocrx_word' id='word_1_336' title='bbox 2325 976 2424 1017; x_wconf 89' lang='lat' dir='ltr'><strong>nec</strong></span> <span class='ocrx_word' id='word_1_337' title='bbox 2455 961 2621 1021; x_wconf 88' lang='lat' dir='ltr'><strong>funus</strong></span> <span class='ocrx_word' id='word_1_338' title='bbox 2651 968 2894 1037; x_wconf 88' lang='lat' dir='ltr'><strong>quidem,</strong></span> <span class='ocrx_word' id='word_1_339' title='bbox 2923 975 3068 1041; x_wconf 90' lang='lat' dir='ltr'><strong>quod</strong></span> <span class='ocrx_word' id='word_1_340' title='bbox 3105 977 3349 1044; x_wconf 82' lang='lat' dir='ltr'><strong>effertur,</strong></span> <span class='ocrx_word' id='word_1_341' title='bbox 3379 987 3584 1052; x_wconf 60' lang='lat' dir='ltr'><strong>possitn</strong></span> 
     </span>
    </p>
   </div>
   <div class='ocr_carea' id='block_1_53' title="bbox 1997 1054 3588 1143">
    <p class='ocr_par' dir='ltr' id='par_1_53' title="bbox 1997 1054 3588 1143">
     <span class='ocr_line' id='line_1_53' title="bbox 1997 1054 3588 1143; baseline 0.019 -41"><span class='ocrx_word' id='word_1_342' title='bbox 1997 1054 2260 1121; x_wconf 82' lang='lat' dir='ltr'><strong>consequi</strong></span> <span class='ocrx_word' id='word_1_343' title='bbox 2302 1054 2443 1123; x_wconf 84' lang='lat' dir='ltr'><strong>ejus,</strong></span> <span class='ocrx_word' id='word_1_344' title='bbox 2477 1058 2569 1126; x_wconf 91' lang='lat' dir='ltr'><strong>qui</strong></span> <span class='ocrx_word' id='word_1_345' title='bbox 2610 1061 2815 1117; x_wconf 89' lang='lat' dir='ltr'><strong>multos</strong></span> <span class='ocrx_word' id='word_1_346' title='bbox 2844 1069 3080 1123; x_wconf 77' lang='lat' dir='ltr'><strong>extraxit</strong></span> <span class='ocrx_word' id='word_1_347' title='bbox 3109 1085 3138 1124; x_wconf 90' lang='lat' dir='ltr'><strong>a</strong></span> <span class='ocrx_word' id='word_1_348' title='bbox 3187 1077 3442 1143; x_wconf 91' lang='lat' dir='ltr'><strong>sepulcro</strong></span> <span class='ocrx_word' id='word_1_349' title='bbox 3471 1095 3588 1132; x_wconf 87' lang='lat' dir='ltr'><strong>mo-</strong></span> 
     </span>
    </p>
   </div>
   <div class='ocr_carea' id='block_1_54' title="bbox 1999 1137 3584 1235">
    <p class='ocr_par' dir='ltr' id='par_1_54' title="bbox 1999 1137 3584 1235">
     <span class='ocr_line' id='line_1_54' title="bbox 1999 1137 3584 1235; baseline 0.022 -44"><span class='ocrx_word' id='word_1_350' title='bbox 1999 1137 2278 1196; x_wconf 89' lang='lat' dir='ltr'><strong>lestiarum</strong></span> <span class='ocrx_word' id='word_1_351' title='bbox 2301 1144 2324 1197; x_wconf 86' lang='lat'><strong>?</strong></span> <span class='ocrx_word' id='word_1_352' title='bbox 2351 1145 2488 1200; x_wconf 85' lang='lat' dir='ltr'><strong>Cum</strong></span> <span class='ocrx_word' id='word_1_353' title='bbox 2523 1149 2636 1205; x_wconf 73' lang='lat' dir='ltr'><strong>inec</strong></span> <span class='ocrx_word' id='word_1_354' title='bbox 2659 1163 2711 1206; x_wconf 90' lang='lat' dir='ltr'><strong>et</strong></span> <span class='ocrx_word' id='word_1_355' title='bbox 2735 1154 2888 1223; x_wconf 88' lang='lat' dir='ltr'><strong>plura</strong></span> <span class='ocrx_word' id='word_1_356' title='bbox 2913 1159 3042 1226; x_wconf 90' lang='lat' dir='ltr'><strong>alia,</strong></span> <span class='ocrx_word' id='word_1_357' title='bbox 3069 1172 3127 1216; x_wconf 93' lang='lat' dir='ltr'><strong>ut</strong></span> <span class='ocrx_word' id='word_1_358' title='bbox 3155 1173 3237 1218; x_wconf 90' lang='lat' dir='ltr'><strong>est</strong></span> <span class='ocrx_word' id='word_1_359' title='bbox 3265 1168 3584 1235; x_wconf 78' lang='lat' dir='ltr'><strong>verisimile,</strong></span> 
     </span>
    </p>
   </div>
   <div class='ocr_carea' id='block_1_55' title="bbox 1995 1231 3586 1328">
    <p class='ocr_par' dir='ltr' id='par_1_55' title="bbox 1995 1231 3586 1328">
     <span class='ocr_line' id='line_1_55' title="bbox 1995 1231 3586 1328; baseline 0.022 -42"><span class='ocrx_word' id='word_1_360' title='bbox 1995 1231 2245 1290; x_wconf 85' lang='lat' dir='ltr'><strong>deflendo</strong></span> <span class='ocrx_word' id='word_1_361' title='bbox 2279 1237 2485 1295; x_wconf 87' lang='lat' dir='ltr'><strong>diceret</strong></span> <span class='ocrx_word' id='word_1_362' title='bbox 2516 1244 2860 1316; x_wconf 77' lang='lat' dir='ltr'><strong>muliercula,</strong></span> <span class='ocrx_word' id='word_1_363' title='bbox 2899 1261 2954 1305; x_wconf 88' lang='lat' dir='ltr'><strong>et</strong></span> <span class='ocrx_word' id='word_1_364' title='bbox 2989 1256 3200 1313; x_wconf 89' lang='lat' dir='ltr'><strong>acerbis</strong></span> <span class='ocrx_word' id='word_1_365' title='bbox 3232 1231 3586 1328; x_wconf 52' lang='lat' dir='ltr'><strong>perfundere;</strong></span> 
     </span>
    </p>
   </div>
   <div class='ocr_carea' id='block_1_56' title="bbox 1996 1327 3584 1412">
    <p class='ocr_par' dir='ltr' id='par_1_56' title="bbox 1996 1327 3584 1412">
     <span class='ocr_line' id='line_1_56' title="bbox 1996 1327 3584 1412; baseline 0.022 -34"><span class='ocrx_word' id='word_1_366' title='bbox 1996 1334 2082 1379; x_wconf 91' lang='lat' dir='ltr'><strong>tur</strong></span> <span class='ocrx_word' id='word_1_367' title='bbox 2112 1327 2390 1401; x_wconf 80' lang='lat' dir='ltr'><strong>lacrymis,</strong></span> <span class='ocrx_word' id='word_1_368' title='bbox 2424 1336 2784 1410; x_wconf 90' lang='lat' dir='ltr'><strong>molestiaque</strong></span> <span class='ocrx_word' id='word_1_369' title='bbox 2815 1354 2866 1396; x_wconf 89' lang='lat' dir='ltr'><strong>et</strong></span> <span class='ocrx_word' id='word_1_370' title='bbox 2902 1345 3184 1405; x_wconf 87' lang='lat' dir='ltr'><strong>doloribus</strong></span> <span class='ocrx_word' id='word_1_371' title='bbox 3235 1327 3283 1405; x_wconf 79' lang='lat' dir='ltr'><strong>ei</strong></span> <span class='ocrx_word' id='word_1_372' title='bbox 3315 1353 3459 1410; x_wconf 88' lang='lat' dir='ltr'><strong>vires</strong></span> <span class='ocrx_word' id='word_1_373' title='bbox 3487 1357 3584 1412; x_wconf 88' lang='lat' dir='ltr'><strong>de-</strong></span> 
     </span>
    </p>
   </div>
   <div class='ocr_carea' id='block_1_57' title="bbox 1992 1419 3584 1504">
    <p class='ocr_par' dir='ltr' id='par_1_57' title="bbox 1992 1419 3584 1504">
     <span class='ocr_line' id='line_1_57' title="bbox 1992 1419 3584 1504; baseline 0.019 -31"><span class='ocrx_word' id='word_1_374' title='bbox 1992 1419 2273 1489; x_wconf 78' lang='lat' dir='ltr'><strong>fecissent,</strong></span> <span class='ocrx_word' id='word_1_375' title='bbox 2309 1441 2503 1483; x_wconf 89' lang='lat' dir='ltr'><strong>somno</strong></span> <span class='ocrx_word' id='word_1_376' title='bbox 2544 1435 2895 1502; x_wconf 90' lang='lat' dir='ltr'><strong>opprimitur,</strong></span> <span class='ocrx_word' id='word_1_377' title='bbox 2927 1451 2978 1491; x_wconf 84' lang='lat' dir='ltr'><strong>et</strong></span> <span class='ocrx_word' id='word_1_378' title='bbox 3012 1441 3157 1497; x_wconf 87' lang='lat' dir='ltr'><strong>dulci</strong></span> <span class='ocrx_word' id='word_1_379' title='bbox 3188 1448 3405 1500; x_wconf 90' lang='lat' dir='ltr'><strong>somnio</strong></span> <span class='ocrx_word' id='word_1_380' title='bbox 3439 1449 3584 1504; x_wconf 88' lang='lat' dir='ltr'><strong>videt</strong></span> 
     </span>
    </p>
   </div>
   <div class='ocr_carea' id='block_1_58' title="bbox 1991 1516 3576 1605">
    <p class='ocr_par' dir='ltr' id='par_1_58' title="bbox 1991 1516 3576 1605">
     <span class='ocr_line' id='line_1_58' title="bbox 1991 1516 3576 1605; baseline 0.021 -42"><span class='ocrx_word' id='word_1_381' title='bbox 1991 1516 2342 1571; x_wconf 87' lang='lat' dir='ltr'><strong>accedentem</strong></span> <span class='ocrx_word' id='word_1_382' title='bbox 2385 1521 2777 1592; x_wconf 84' lang='lat' dir='ltr'><strong>patriarcham,</strong></span> <span class='ocrx_word' id='word_1_383' title='bbox 2842 1545 3003 1584; x_wconf 90' lang='lat' dir='ltr'><strong>manu</strong></span> <span class='ocrx_word' id='word_1_384' title='bbox 3046 1521 3263 1605; x_wconf 80' lang='lat' dir='ltr'><strong>signum</strong></span> <span class='ocrx_word' id='word_1_385' title='bbox 3310 1541 3492 1596; x_wconf 90' lang='lat' dir='ltr'><strong>crucis</strong></span> <span class='ocrx_word' id='word_1_386' title='bbox 3525 1542 3576 1596; x_wconf 90' lang='lat' dir='ltr'><strong>in</strong></span> 
     </span>
    </p>
   </div>
   <div class='ocr_carea' id='block_1_59' title="bbox 1988 1604 3578 1690">
    <p class='ocr_par' dir='ltr' id='par_1_59' title="bbox 1988 1604 3578 1690">
     <span class='ocr_line' id='line_1_59' title="bbox 1988 1604 3578 1690; baseline 0.021 -32"><span class='ocrx_word' id='word_1_387' title='bbox 1988 1604 2108 1674; x_wconf 83' lang='lat' dir='ltr'><strong>ejus</strong></span> <span class='ocrx_word' id='word_1_388' title='bbox 2157 1607 2396 1667; x_wconf 83' lang='lat' dir='ltr'><strong>fractura</strong></span> <span class='ocrx_word' id='word_1_389' title='bbox 2453 1613 2818 1685; x_wconf 79' lang='lat' dir='ltr'><strong>ellingentem,</strong></span> <span class='ocrx_word' id='word_1_390' title='bbox 2883 1633 2934 1677; x_wconf 90' lang='lat' dir='ltr'><strong>et</strong></span> <span class='ocrx_word' id='word_1_391' title='bbox 2983 1604 3256 1682; x_wconf 86' lang='lat' dir='ltr'><strong>dicentem</strong></span> <span class='ocrx_word' id='word_1_392' title='bbox 3298 1651 3309 1686; x_wconf 90' lang='lat'>:</span> <span class='ocrx_word' id='word_1_393' title='bbox 3346 1631 3465 1688; x_wconf 84' lang='lat' dir='ltr'><strong>Jam</strong></span> <span class='ocrx_word' id='word_1_394' title='bbox 3519 1652 3578 1690; x_wconf 91' lang='lat' dir='ltr'><strong>es</strong></span> 
     </span>
    </p>
   </div>
   <div class='ocr_carea' id='block_1_60' title="bbox 1988 1705 3575 1797">
    <p class='ocr_par' dir='ltr' id='par_1_60' title="bbox 1988 1705 3575 1797">
     <span class='ocr_line' id='line_1_60' title="bbox 1988 1705 3575 1797; baseline 0.017 -45"><span class='ocrx_word' id='word_1_395' title='bbox 1988 1707 2198 1766; x_wconf 87' lang='lat' dir='ltr'><strong>curata,</strong></span> <span class='ocrx_word' id='word_1_396' title='bbox 2234 1711 2288 1756; x_wconf 85' lang='lat' dir='ltr'><strong>et</strong></span> <span class='ocrx_word' id='word_1_397' title='bbox 2330 1705 2468 1760; x_wconf 89' lang='lat' dir='ltr'><strong>citra</strong></span> <span class='ocrx_word' id='word_1_398' title='bbox 2518 1709 2970 1779; x_wconf 89' lang='lat' dir='ltr'><strong>impedimentum</strong></span> <span class='ocrx_word' id='word_1_399' title='bbox 3025 1719 3118 1771; x_wconf 91' lang='lat' dir='ltr'><strong>tibi</strong></span> <span class='ocrx_word' id='word_1_400' title='bbox 3160 1720 3286 1778; x_wconf 84' lang='lat' dir='ltr'><strong>licet</strong></span> <span class='ocrx_word' id='word_1_401' title='bbox 3328 1727 3575 1797; x_wconf 80' lang='lat' dir='ltr'><strong>ingredi;</strong></span> 
     </span>
    </p>
   </div>
   <div class='ocr_carea' id='block_1_61' title="bbox 1986 1795 3573 1876">
    <p class='ocr_par' dir='ltr' id='par_1_61' title="bbox 1986 1795 3573 1876">
     <span class='ocr_line' id='line_1_61' title="bbox 1986 1795 3573 1876; baseline 0.021 -34"><span class='ocrx_word' id='word_1_402' title='bbox 1986 1797 2041 1842; x_wconf 88' lang='lat' dir='ltr'><strong>et</strong></span> <span class='ocrx_word' id='word_1_403' title='bbox 2071 1795 2356 1851; x_wconf 89' lang='lat' dir='ltr'><strong>evanuisse</strong></span> <span class='ocrx_word' id='word_1_404' title='bbox 2395 1801 2647 1868; x_wconf 89' lang='lat' dir='ltr'><strong>protinus</strong></span> <span class='ocrx_word' id='word_1_405' title='bbox 2677 1804 2744 1858; x_wconf 86' lang='lat' dir='ltr'><strong>ab</strong></span> <span class='ocrx_word' id='word_1_406' title='bbox 2799 1809 2994 1864; x_wconf 81' lang='lat' dir='ltr'><strong>oculis.</strong></span> <span class='ocrx_word' id='word_1_407' title='bbox 3046 1809 3332 1870; x_wconf 91' lang='lat' dir='ltr'><strong>Somnium</strong></span> <span class='ocrx_word' id='word_1_408' title='bbox 3393 1795 3573 1876; x_wconf 82' lang='lat' dir='ltr'><strong>autem</strong></span> 
     </span>
    </p>
   </div>
   <div class='ocr_carea' id='block_1_62' title="bbox 1909 1853 3574 1971">
    <p class='ocr_par' dir='ltr' id='par_1_62' title="bbox 1909 1853 3574 1971">
     <span class='ocr_line' id='line_1_62' title="bbox 2395 1853 3573 1876; baseline 0.02 -25"><span class='ocrx_word' id='word_1_409' title='bbox 2395 1853 2413 1868; x_wconf 60' lang='grc' dir='ltr'>ι</span> <span class='ocrx_word' id='word_1_410' title='bbox 2590 1853 2640 1856; x_wconf 30' lang='grc' dir='ltr'>μή</span> <span class='ocrx_word' id='word_1_411' title='bbox 2678 1853 2740 1858; x_wconf 56' lang='grc' dir='ltr'><strong>ν...</strong></span> <span class='ocrx_word' id='word_1_412' title='bbox 2803 1853 2994 1864; x_wconf 68' lang='grc' dir='ltr'><strong>-..-.-υι</strong></span> <span class='ocrx_word' id='word_1_413' title='bbox 3047 1853 3332 1870; x_wconf 76' lang='grc' dir='ltr'>-υνιιιιιιυιιι</span> <span class='ocrx_word' id='word_1_414' title='bbox 3393 1853 3573 1876; x_wconf 67' lang='grc' dir='ltr'>οιιιιυιιι</span> 
     </span>
     <span class='ocr_line' id='line_1_63' title="bbox 1909 1853 3574 1971; baseline 0.021 -39"><span class='ocrx_word' id='word_1_415' title='bbox 1909 1853 1956 1913; x_wconf 81' lang='grc' dir='ltr'><strong>Β</strong></span> <span class='ocrx_word' id='word_1_416' title='bbox 1992 1879 2094 1934; x_wconf 89' lang='lat' dir='ltr'><strong>fuit</strong></span> <span class='ocrx_word' id='word_1_417' title='bbox 2131 1899 2218 1939; x_wconf 89' lang='lat' dir='ltr'><strong>res</strong></span> <span class='ocrx_word' id='word_1_418' title='bbox 2269 1885 2407 1955; x_wconf 88' lang='lat' dir='ltr'><strong>ipsa,</strong></span> <span class='ocrx_word' id='word_1_419' title='bbox 2433 1898 2486 1942; x_wconf 88' lang='lat' dir='ltr'><strong>et</strong></span> <span class='ocrx_word' id='word_1_420' title='bbox 2527 1907 2647 1960; x_wconf 61' lang='lat' dir='ltr'><strong>quin</strong></span> <span class='ocrx_word' id='word_1_421' title='bbox 2697 1892 2800 1949; x_wconf 90' lang='lat' dir='ltr'><strong>fuit</strong></span> <span class='ocrx_word' id='word_1_422' title='bbox 2835 1897 2886 1951; x_wconf 93' lang='lat' dir='ltr'><strong>in</strong></span> <span class='ocrx_word' id='word_1_423' title='bbox 2917 1903 3126 1959; x_wconf 91' lang='lat' dir='ltr'><strong>somnis</strong></span> <span class='ocrx_word' id='word_1_424' title='bbox 3164 1906 3324 1971; x_wconf 85' lang='lat' dir='ltr'><strong>visio,</strong></span> <span class='ocrx_word' id='word_1_425' title='bbox 3361 1919 3444 1965; x_wconf 89' lang='lat' dir='ltr'><strong>est</strong></span> <span class='ocrx_word' id='word_1_426' title='bbox 3483 1928 3574 1966; x_wconf 89' lang='lat' dir='ltr'><strong>ve-</strong></span> 
     </span>
    </p>
   </div>
   <div class='ocr_carea' id='block_1_63' title="bbox 1989 1971 3570 2065">
    <p class='ocr_par' dir='ltr' id='par_1_63' title="bbox 1989 1971 3570 2065">
     <span class='ocr_line' id='line_1_64' title="bbox 1989 1971 3570 2065; baseline 0.024 -42"><span class='ocrx_word' id='word_1_427' title='bbox 1989 1971 2142 2030; x_wconf 88' lang='lat' dir='ltr'><strong>ritas.</strong></span> <span class='ocrx_word' id='word_1_428' title='bbox 2181 1975 2316 2032; x_wconf 86' lang='lat' dir='ltr'><strong>Nam</strong></span> <span class='ocrx_word' id='word_1_429' title='bbox 2346 1995 2469 2035; x_wconf 93' lang='lat' dir='ltr'><strong>cum</strong></span> <span class='ocrx_word' id='word_1_430' title='bbox 2498 1999 2527 2037; x_wconf 90' lang='lat' dir='ltr'><strong>a</strong></span> <span class='ocrx_word' id='word_1_431' title='bbox 2558 2001 2755 2041; x_wconf 91' lang='lat' dir='ltr'><strong>somno</strong></span> <span class='ocrx_word' id='word_1_432' title='bbox 2785 2005 2928 2046; x_wconf 83' lang='lat' dir='ltr'><strong>esset</strong></span> <span class='ocrx_word' id='word_1_433' title='bbox 2956 2009 3305 2065; x_wconf 67' lang='lat' dir='ltr'><strong>expert-eota,</strong></span> <span class='ocrx_word' id='word_1_434' title='bbox 3339 2004 3441 2057; x_wconf 84' lang='lat' dir='ltr'><strong>etsi</strong></span> <span class='ocrx_word' id='word_1_435' title='bbox 3470 2006 3570 2060; x_wconf 89' lang='lat' dir='ltr'><strong>do-</strong></span> 
     </span>
    </p>
   </div>
   <div class='ocr_carea' id='block_1_64' title="bbox 1986 2061 3570 2156">
    <p class='ocr_par' dir='ltr' id='par_1_64' title="bbox 1986 2061 3570 2156">
     <span class='ocr_line' id='line_1_65' title="bbox 1986 2061 3570 2156; baseline 0.021 -41"><span class='ocrx_word' id='word_1_436' title='bbox 1986 2061 2130 2119; x_wconf 88' lang='lat' dir='ltr'><strong>lores</strong></span> <span class='ocrx_word' id='word_1_437' title='bbox 2181 2067 2230 2120; x_wconf 89' lang='lat' dir='ltr'><strong>ei</strong></span> <span class='ocrx_word' id='word_1_438' title='bbox 2281 2070 2517 2138; x_wconf 86' lang='lat' dir='ltr'><strong>amplius</strong></span> <span class='ocrx_word' id='word_1_439' title='bbox 2568 2077 2770 2131; x_wconf 88' lang='lat' dir='ltr'><strong>nullam</strong></span> <span class='ocrx_word' id='word_1_440' title='bbox 2819 2080 3074 2138; x_wconf 76' lang='lat' dir='ltr'><strong>afferrent</strong></span> <span class='ocrx_word' id='word_1_441' title='bbox 3111 2090 3440 2156; x_wconf 80' lang='lat' dir='ltr'><strong>molestiam,</strong></span> <span class='ocrx_word' id='word_1_442' title='bbox 3495 2098 3570 2149; x_wconf 88' lang='lat' dir='ltr'><strong>rei</strong></span> 
     </span>
    </p>
   </div>
   <div class='ocr_carea' id='block_1_65' title="bbox 1987 2156 3570 2251">
    <p class='ocr_par' dir='ltr' id='par_1_65' title="bbox 1987 2156 3570 2251">
     <span class='ocr_line' id='line_1_66' title="bbox 1987 2156 3570 2251; baseline 0.018 -45"><span class='ocrx_word' id='word_1_443' title='bbox 1987 2163 2094 2208; x_wconf 91' lang='lat' dir='ltr'><strong>tam</strong></span> <span class='ocrx_word' id='word_1_444' title='bbox 2126 2156 2458 2224; x_wconf 86' lang='lat' dir='ltr'><strong>admirabili,</strong></span> <span class='ocrx_word' id='word_1_445' title='bbox 2509 2173 2563 2218; x_wconf 91' lang='lat' dir='ltr'><strong>et</strong></span> <span class='ocrx_word' id='word_1_446' title='bbox 2596 2173 2703 2219; x_wconf 92' lang='lat' dir='ltr'><strong>tam</strong></span> <span class='ocrx_word' id='word_1_447' title='bbox 2743 2177 2938 2237; x_wconf 66' lang='lat' dir='ltr'><strong>praeter</strong></span> <span class='ocrx_word' id='word_1_448' title='bbox 2969 2172 3280 2241; x_wconf 79' lang='lat' dir='ltr'><strong>Opinionem</strong></span> <span class='ocrx_word' id='word_1_449' title='bbox 3315 2195 3422 2233; x_wconf 90' lang='lat' dir='ltr'><strong>non</strong></span> <span class='ocrx_word' id='word_1_450' title='bbox 3469 2197 3570 2251; x_wconf 88' lang='lat' dir='ltr'><strong>po-</strong></span> 
     </span>
    </p>
   </div>
   <div class='ocr_carea' id='block_1_66' title="bbox 1985 2253 3568 2334">
    <p class='ocr_par' dir='ltr' id='par_1_66' title="bbox 1985 2253 3568 2334">
     <span class='ocr_line' id='line_1_67' title="bbox 1985 2253 3568 2334; baseline 0.018 -33"><span class='ocrx_word' id='word_1_451' title='bbox 1985 2256 2128 2304; x_wconf 89' lang='lat' dir='ltr'><strong>terat</strong></span> <span class='ocrx_word' id='word_1_452' title='bbox 2181 2253 2406 2310; x_wconf 89' lang='lat' dir='ltr'><strong>credere</strong></span> <span class='ocrx_word' id='word_1_453' title='bbox 2467 2258 2682 2322; x_wconf 86' lang='lat' dir='ltr'><strong>mulier,</strong></span> <span class='ocrx_word' id='word_1_454' title='bbox 2745 2262 2839 2316; x_wconf 88' lang='lat' dir='ltr'><strong>sed</strong></span> <span class='ocrx_word' id='word_1_455' title='bbox 2905 2266 3129 2334; x_wconf 89' lang='lat' dir='ltr'><strong>putabat</strong></span> <span class='ocrx_word' id='word_1_456' title='bbox 3175 2285 3234 2325; x_wconf 91' lang='lat' dir='ltr'><strong>se</strong></span> <span class='ocrx_word' id='word_1_457' title='bbox 3266 2271 3447 2328; x_wconf 85' lang='lat' dir='ltr'><strong>adhuc</strong></span> <span class='ocrx_word' id='word_1_458' title='bbox 3497 2277 3568 2330; x_wconf 79' lang='lat' dir='ltr'><strong>ali</strong></span> 
     </span>
    </p>
   </div>
   <div class='ocr_carea' id='block_1_67' title="bbox 1982 2343 3566 2422">
    <p class='ocr_par' dir='ltr' id='par_1_67' title="bbox 1982 2343 3566 2422">
     <span class='ocr_line' id='line_1_68' title="bbox 1982 2343 3566 2422; baseline 0.018 -28"><span class='ocrx_word' id='word_1_459' title='bbox 1982 2343 2218 2399; x_wconf 86' lang='lat' dir='ltr'><strong>somnio.</strong></span> <span class='ocrx_word' id='word_1_460' title='bbox 2251 2345 2355 2402; x_wconf 86' lang='lat' dir='ltr'><strong>Sed</strong></span> <span class='ocrx_word' id='word_1_461' title='bbox 2381 2363 2506 2404; x_wconf 92' lang='lat' dir='ltr'><strong>cum</strong></span> <span class='ocrx_word' id='word_1_462' title='bbox 2538 2351 2833 2420; x_wconf 79' lang='lat' dir='ltr'><strong>perfectius</strong></span> <span class='ocrx_word' id='word_1_463' title='bbox 2880 2361 3112 2414; x_wconf 78' lang='lat' dir='ltr'><strong>excitata</strong></span> <span class='ocrx_word' id='word_1_464' title='bbox 3146 2366 3369 2420; x_wconf 90' lang='lat' dir='ltr'><strong>sustulit</strong></span> <span class='ocrx_word' id='word_1_465' title='bbox 3402 2368 3566 2422; x_wconf 87' lang='lat' dir='ltr'><strong>dubi-</strong></span> 
     </span>
    </p>
   </div>
   <div class='ocr_carea' id='block_1_68' title="bbox 1990 2435 3571 2522">
    <p class='ocr_par' dir='ltr' id='par_1_68' title="bbox 1990 2435 3571 2522">
     <span class='ocr_line' id='line_1_69' title="bbox 1990 2435 3571 2522; baseline 0.019 -35"><span class='ocrx_word' id='word_1_466' title='bbox 1990 2435 2274 2501; x_wconf 88' lang='lat' dir='ltr'><strong>tationem,</strong></span> <span class='ocrx_word' id='word_1_467' title='bbox 2304 2439 2420 2494; x_wconf 71' lang='lat' dir='ltr'><strong>lmta</strong></span> <span class='ocrx_word' id='word_1_468' title='bbox 2455 2443 2698 2509; x_wconf 84' lang='lat' dir='ltr'><strong>exsiluit,</strong></span> <span class='ocrx_word' id='word_1_469' title='bbox 2759 2450 2962 2515; x_wconf 77' lang='lat' dir='ltr'><strong>gratias</strong></span> <span class='ocrx_word' id='word_1_470' title='bbox 3006 2458 3292 2522; x_wconf 80' lang='lat' dir='ltr'><strong>agentibus</strong></span> <span class='ocrx_word' id='word_1_471' title='bbox 3327 2461 3571 2517; x_wconf 76' lang='lat' dir='ltr'><strong>vocibus</strong></span> 
     </span>
    </p>
   </div>
   <div class='ocr_carea' id='block_1_69' title="bbox 1980 2533 3567 2623">
    <p class='ocr_par' dir='ltr' id='par_1_69' title="bbox 1980 2533 3567 2623">
     <span class='ocr_line' id='line_1_70' title="bbox 1980 2533 3567 2623; baseline 0.02 -42"><span class='ocrx_word' id='word_1_472' title='bbox 1980 2544 2214 2587; x_wconf 83' lang='lat' dir='ltr'><strong>narrans</strong></span> <span class='ocrx_word' id='word_1_473' title='bbox 2260 2533 2610 2605; x_wconf 85' lang='lat' dir='ltr'><strong>miraculum,</strong></span> <span class='ocrx_word' id='word_1_474' title='bbox 2657 2547 2712 2594; x_wconf 91' lang='lat' dir='ltr'><strong>et</strong></span> <span class='ocrx_word' id='word_1_475' title='bbox 2742 2542 2969 2598; x_wconf 90' lang='lat' dir='ltr'><strong>salutem</strong></span> <span class='ocrx_word' id='word_1_476' title='bbox 3006 2549 3108 2602; x_wconf 89' lang='lat' dir='ltr'><strong>sibi</strong></span> <span class='ocrx_word' id='word_1_477' title='bbox 3137 2551 3316 2606; x_wconf 87' lang='lat' dir='ltr'><strong>datam</strong></span> <span class='ocrx_word' id='word_1_478' title='bbox 3351 2555 3567 2623; x_wconf 89' lang='lat' dir='ltr'><strong>publice</strong></span> 
     </span>
    </p>
   </div>
   <div class='ocr_carea' id='block_1_70' title="bbox 1977 2622 2283 2679">
    <p class='ocr_par' dir='ltr' id='par_1_70' title="bbox 1977 2622 2283 2679">
     <span class='ocr_line' id='line_1_71' title="bbox 1977 2622 2283 2679; baseline 0.02 -6"><span class='ocrx_word' id='word_1_479' title='bbox 1977 2622 2283 2679; x_wconf 88' lang='lat' dir='ltr'><strong>celebrans.</strong></span> 
     </span>
    </p>
   </div>
   <div class='ocr_carea' id='block_1_71' title="bbox 2047 2714 3562 2799">
    <p class='ocr_par' dir='ltr' id='par_1_71' title="bbox 2047 2714 3562 2799">
     <span class='ocr_line' id='line_1_72' title="bbox 2047 2714 3562 2799; baseline 0.021 -32"><span class='ocrx_word' id='word_1_480' title='bbox 2047 2714 2136 2769; x_wconf 66' lang='lat'><strong>24.</strong></span> <span class='ocrx_word' id='word_1_481' title='bbox 2169 2716 2290 2772; x_wconf 88' lang='lat' dir='ltr'><strong>Alia</strong></span> <span class='ocrx_word' id='word_1_482' title='bbox 2321 2734 2543 2791; x_wconf 88' lang='lat' dir='ltr'><strong>quoque</strong></span> <span class='ocrx_word' id='word_1_483' title='bbox 2576 2725 2795 2792; x_wconf 89' lang='lat' dir='ltr'><strong>mulier,</strong></span> <span class='ocrx_word' id='word_1_484' title='bbox 2823 2743 2944 2799; x_wconf 73' lang='lat' dir='ltr'><strong>quae</strong></span> <span class='ocrx_word' id='word_1_485' title='bbox 2989 2730 3274 2791; x_wconf 89' lang='lat' dir='ltr'><strong>laborabat</strong></span> <span class='ocrx_word' id='word_1_486' title='bbox 3303 2739 3562 2799; x_wconf 90' lang='lat' dir='ltr'><strong>diuturna</strong></span> 
     </span>
    </p>
   </div>
   <div class='ocr_carea' id='block_1_72' title="bbox 1977 2806 3559 2900">
    <p class='ocr_par' dir='ltr' id='par_1_72' title="bbox 1977 2806 3559 2900">
     <span class='ocr_line' id='line_1_73' title="bbox 1977 2806 3559 2900; baseline 0.018 -42"><span class='ocrx_word' id='word_1_487' title='bbox 1977 2806 2131 2878; x_wconf 80' lang='lat' dir='ltr'><strong>plaga</strong></span> <span class='ocrx_word' id='word_1_488' title='bbox 2172 2812 2372 2866; x_wconf 91' lang='lat' dir='ltr'><strong>occulti</strong></span> <span class='ocrx_word' id='word_1_489' title='bbox 2408 2816 2605 2882; x_wconf 90' lang='lat' dir='ltr'><strong>morbi,</strong></span> <span class='ocrx_word' id='word_1_490' title='bbox 2640 2833 2749 2872; x_wconf 89' lang='lat' dir='ltr'><strong>non</strong></span> <span class='ocrx_word' id='word_1_491' title='bbox 2777 2835 2935 2876; x_wconf 91' lang='lat' dir='ltr'><strong>secus</strong></span> <span class='ocrx_word' id='word_1_492' title='bbox 2969 2833 3133 2894; x_wconf 86' lang='lat' dir='ltr'><strong>atque</strong></span> <span class='ocrx_word' id='word_1_493' title='bbox 3166 2827 3255 2883; x_wconf 90' lang='lat' dir='ltr'><strong>illa</strong></span> <span class='ocrx_word' id='word_1_494' title='bbox 3304 2848 3426 2900; x_wconf 64' lang='lat' dir='ltr'><strong>qua:</strong></span> <span class='ocrx_word' id='word_1_495' title='bbox 3478 2835 3559 2888; x_wconf 68' lang='lat' dir='ltr'><strong>la-</strong></span> 
     </span>
    </p>
   </div>
   <div class='ocr_carea' id='block_1_73' title="bbox 1973 2896 3563 2981">
    <p class='ocr_par' dir='ltr' id='par_1_73' title="bbox 1973 2896 3563 2981">
     <span class='ocr_line' id='line_1_74' title="bbox 1973 2896 3563 2981; baseline 0.019 -31"><span class='ocrx_word' id='word_1_496' title='bbox 1973 2896 2202 2954; x_wconf 83' lang='lat' dir='ltr'><strong>borabat</strong></span> <span class='ocrx_word' id='word_1_497' title='bbox 2233 2903 2502 2972; x_wconf 84' lang='lat' dir='ltr'><strong>profluvio</strong></span> <span class='ocrx_word' id='word_1_498' title='bbox 2528 2911 2835 2979; x_wconf 82' lang='lat' dir='ltr'><strong>sanguinis,</strong></span> <span class='ocrx_word' id='word_1_499' title='bbox 2868 2923 3011 2968; x_wconf 88' lang='lat' dir='ltr'><strong>tactu</strong></span> <span class='ocrx_word' id='word_1_500' title='bbox 3061 2917 3225 2973; x_wconf 88' lang='lat' dir='ltr'><strong>loculi</strong></span> <span class='ocrx_word' id='word_1_501' title='bbox 3261 2896 3563 2981; x_wconf 63' lang='lat' dir='ltr'><strong>sull’uratur</strong></span> 
     </span>
    </p>
   </div>
   <div class='ocr_carea' id='block_1_74' title="bbox 1973 2993 3560 3078">
    <p class='ocr_par' dir='ltr' id='par_1_74' title="bbox 1973 2993 3560 3078">
     <span class='ocr_line' id='line_1_75' title="bbox 1973 2993 3560 3078; baseline 0.02 -34"><span class='ocrx_word' id='word_1_502' title='bbox 1973 2993 2226 3060; x_wconf 87' lang='lat' dir='ltr'><strong>salutem,</strong></span> <span class='ocrx_word' id='word_1_503' title='bbox 2279 3005 2334 3052; x_wconf 77' lang='grc' dir='ltr'><strong>ει</strong></span> <span class='ocrx_word' id='word_1_504' title='bbox 2370 2997 2750 3059; x_wconf 87' lang='lat' dir='ltr'><strong>liberationem</strong></span> <span class='ocrx_word' id='word_1_505' title='bbox 2792 3022 2823 3060; x_wconf 90' lang='lat' dir='ltr'><strong>a</strong></span> <span class='ocrx_word' id='word_1_506' title='bbox 2855 3008 3016 3078; x_wconf 76' lang='lat' dir='ltr'><strong>longo</strong></span> <span class='ocrx_word' id='word_1_507' title='bbox 3048 3019 3323 3070; x_wconf 89' lang='lat' dir='ltr'><strong>tormento</strong></span> <span class='ocrx_word' id='word_1_508' title='bbox 3351 3017 3560 3074; x_wconf 78' lang='lat' dir='ltr'><strong>invenit</strong></span> 
     </span>
    </p>
   </div>
   <div class='ocr_carea' id='block_1_75' title="bbox 1971 3082 3559 3179">
    <p class='ocr_par' dir='ltr' id='par_1_75' title="bbox 1971 3082 3559 3179">
     <span class='ocr_line' id='line_1_76' title="bbox 1971 3082 3559 3179; baseline 0.019 -43"><span class='ocrx_word' id='word_1_509' title='bbox 1971 3082 2123 3139; x_wconf 84' lang='lat' dir='ltr'><strong>brevi</strong></span> <span class='ocrx_word' id='word_1_510' title='bbox 2171 3099 2452 3144; x_wconf 87' lang='lat' dir='ltr'><strong>momento</strong></span> <span class='ocrx_word' id='word_1_511' title='bbox 2504 3097 2784 3160; x_wconf 89' lang='lat' dir='ltr'><strong>temporis.</strong></span> <span class='ocrx_word' id='word_1_512' title='bbox 2836 3097 2971 3165; x_wconf 86' lang='lat' dir='ltr'><strong>Quis</strong></span> <span class='ocrx_word' id='word_1_513' title='bbox 3010 3101 3382 3176; x_wconf 63' lang='lat' dir='ltr'><strong>Esculapius,</strong></span> <span class='ocrx_word' id='word_1_514' title='bbox 3435 3112 3559 3179; x_wconf 84' lang='lat' dir='ltr'><strong>quis</strong></span> 
     </span>
    </p>
   </div>
   <div class='ocr_carea' id='block_1_76' title="bbox 1970 3176 3554 3266">
    <p class='ocr_par' dir='ltr' id='par_1_76' title="bbox 1970 3176 3554 3266">
     <span class='ocr_line' id='line_1_77' title="bbox 1970 3176 3554 3266; baseline 0.018 -36"><span class='ocrx_word' id='word_1_515' title='bbox 1970 3176 2175 3233; x_wconf 89' lang='lat' dir='ltr'><strong>Chiron</strong></span> <span class='ocrx_word' id='word_1_516' title='bbox 2222 3182 2326 3238; x_wconf 89' lang='lat' dir='ltr'><strong>tale</strong></span> <span class='ocrx_word' id='word_1_517' title='bbox 2371 3187 2695 3254; x_wconf 83' lang='lat' dir='ltr'><strong>temperavit</strong></span> <span class='ocrx_word' id='word_1_518' title='bbox 2749 3192 3250 3251; x_wconf 86' lang='lat' dir='ltr'><strong>medicamentum?</strong></span> <span class='ocrx_word' id='word_1_519' title='bbox 3307 3176 3554 3266; x_wconf 82' lang='lat' dir='ltr'><strong>Quanam</strong></span> 
     </span>
    </p>
   </div>
   <div class='ocr_carea' id='block_1_77' title="bbox 1966 3271 3556 3366">
    <p class='ocr_par' dir='ltr' id='par_1_77' title="bbox 1966 3271 3556 3366">
     <span class='ocr_line' id='line_1_78' title="bbox 1966 3271 3556 3366; baseline 0.018 -42"><span class='ocrx_word' id='word_1_520' title='bbox 1966 3271 2218 3328; x_wconf 79' lang='lat' dir='ltr'><strong>medendi</strong></span> <span class='ocrx_word' id='word_1_521' title='bbox 2245 3275 2532 3348; x_wconf 89' lang='lat' dir='ltr'><strong>disciplina</strong></span> <span class='ocrx_word' id='word_1_522' title='bbox 2567 3290 2743 3352; x_wconf 90' lang='lat' dir='ltr'><strong>potest</strong></span> <span class='ocrx_word' id='word_1_523' title='bbox 2773 3285 3007 3341; x_wconf 87' lang='lat' dir='ltr'><strong>inveniri</strong></span> <span class='ocrx_word' id='word_1_524' title='bbox 3043 3289 3356 3362; x_wconf 86' lang='lat' dir='ltr'><strong>hujusmodi</strong></span> <span class='ocrx_word' id='word_1_525' title='bbox 3383 3313 3556 3366; x_wconf 81' lang='lat' dir='ltr'><strong>genus</strong></span> 
     </span>
    </p>
   </div>
   <div class='ocr_carea' id='block_1_78' title="bbox 1963 3365 2313 3421">
    <p class='ocr_par' dir='ltr' id='par_1_78' title="bbox 1963 3365 2313 3421">
     <span class='ocr_line' id='line_1_79' title="bbox 1963 3365 2313 3421; baseline 0.014 -5"><span class='ocrx_word' id='word_1_526' title='bbox 1963 3365 2313 3421; x_wconf 85' lang='lat' dir='ltr'><strong>curationis?</strong></span> 
     </span>
    </p>
   </div>
   <div class='ocr_carea' id='block_1_79' title="bbox 2033 3453 3550 3549">
    <p class='ocr_par' dir='ltr' id='par_1_79' title="bbox 2033 3453 3550 3549">
     <span class='ocr_line' id='line_1_80' title="bbox 2033 3453 3550 3549; baseline 0.016 -41"><span class='ocrx_word' id='word_1_527' title='bbox 2033 3453 2122 3510; x_wconf 76' lang='lat'><strong>25.</strong></span> <span class='ocrx_word' id='word_1_528' title='bbox 2161 3456 2266 3514; x_wconf 86' lang='lat' dir='ltr'><strong>Sed</strong></span> <span class='ocrx_word' id='word_1_529' title='bbox 2287 3465 2676 3520; x_wconf 82' lang='lat' dir='ltr'><strong>venerandum</strong></span> <span class='ocrx_word' id='word_1_530' title='bbox 2709 3467 2930 3538; x_wconf 88' lang='lat' dir='ltr'><strong>quidem</strong></span> <span class='ocrx_word' id='word_1_531' title='bbox 2963 3481 3019 3526; x_wconf 87' lang='lat' dir='ltr'><strong>et</strong></span> <span class='ocrx_word' id='word_1_532' title='bbox 3058 3487 3277 3529; x_wconf 91' lang='lat' dir='ltr'><strong>sacrum</strong></span> <span class='ocrx_word' id='word_1_533' title='bbox 3311 3492 3510 3549; x_wconf 84' lang='lat' dir='ltr'><strong>corpus</strong></span> <span class='ocrx_word' id='word_1_534' title='bbox 3535 3521 3550 3542; x_wconf 87' lang='lat'><strong>.</strong></span> 
     </span>
    </p>
   </div>
   <div class='ocr_carea' id='block_1_80' title="bbox 1962 3552 3547 3637">
    <p class='ocr_par' dir='ltr' id='par_1_80' title="bbox 1962 3552 3547 3637">
     <span class='ocr_line' id='line_1_81' title="bbox 1962 3552 3547 3637; baseline 0.015 -33"><span class='ocrx_word' id='word_1_535' title='bbox 1962 3563 2086 3605; x_wconf 90' lang='lat' dir='ltr'><strong>cum</strong></span> <span class='ocrx_word' id='word_1_536' title='bbox 2116 3552 2412 3608; x_wconf 92' lang='lat' dir='ltr'><strong>multorum</strong></span> <span class='ocrx_word' id='word_1_537' title='bbox 2456 3571 2650 3613; x_wconf 89' lang='lat' dir='ltr'><strong>manus</strong></span> <span class='ocrx_word' id='word_1_538' title='bbox 2680 3560 2766 3614; x_wconf 83' lang='lat' dir='ltr'><strong>vix</strong></span> <span class='ocrx_word' id='word_1_539' title='bbox 2799 3561 3018 3618; x_wconf 89' lang='lat' dir='ltr'><strong>tandem</strong></span> <span class='ocrx_word' id='word_1_540' title='bbox 3055 3566 3357 3637; x_wconf 66' lang='lat' dir='ltr'><strong>effugissr-t,</strong></span> <span class='ocrx_word' id='word_1_541' title='bbox 3406 3573 3547 3628; x_wconf 82' lang='lat' dir='ltr'><strong>alios</strong></span> 
     </span>
    </p>
   </div>
   <div class='ocr_carea' id='block_1_81' title="bbox 1961 3642 3552 3730">
    <p class='ocr_par' dir='ltr' id='par_1_81' title="bbox 1961 3642 3552 3730">
     <span class='ocr_line' id='line_1_82' title="bbox 1961 3642 3552 3730; baseline 0.014 -33"><span class='ocrx_word' id='word_1_542' title='bbox 1961 3642 2182 3699; x_wconf 90' lang='lat' dir='ltr'><strong>aliunde</strong></span> <span class='ocrx_word' id='word_1_543' title='bbox 2217 3655 2424 3714; x_wconf 91' lang='lat' dir='ltr'><strong>partem</strong></span> <span class='ocrx_word' id='word_1_544' title='bbox 2458 3649 2697 3720; x_wconf 86' lang='lat' dir='ltr'><strong>aliquam</strong></span> <span class='ocrx_word' id='word_1_545' title='bbox 2731 3650 3054 3713; x_wconf 86' lang='lat' dir='ltr'><strong>festinantes</strong></span> <span class='ocrx_word' id='word_1_546' title='bbox 3106 3661 3382 3730; x_wconf 88' lang='lat' dir='ltr'><strong>accipere;</strong></span> <span class='ocrx_word' id='word_1_547' title='bbox 3415 3679 3552 3719; x_wconf 91' lang='lat' dir='ltr'><strong>con-</strong></span> 
     </span>
    </p>
   </div>
   <div class='ocr_carea' id='block_1_82' title="bbox 1961 3736 3546 3828">
    <p class='ocr_par' dir='ltr' id='par_1_82' title="bbox 1961 3736 3546 3828">
     <span class='ocr_line' id='line_1_83' title="bbox 1961 3736 3546 3828; baseline 0.016 -39"><span class='ocrx_word' id='word_1_548' title='bbox 1961 3736 2161 3793; x_wconf 80' lang='lat' dir='ltr'><strong>tinebat</strong></span> <span class='ocrx_word' id='word_1_549' title='bbox 2217 3740 2363 3794; x_wconf 90' lang='lat' dir='ltr'><strong>enim</strong></span> <span class='ocrx_word' id='word_1_550' title='bbox 2426 3743 2666 3814; x_wconf 87' lang='lat' dir='ltr'><strong>undique</strong></span> <span class='ocrx_word' id='word_1_551' title='bbox 2727 3748 3049 3814; x_wconf 87' lang='lat' dir='ltr'><strong>multitudo,</strong></span> <span class='ocrx_word' id='word_1_552' title='bbox 3113 3769 3280 3810; x_wconf 89' lang='lat' dir='ltr'><strong>omne</strong></span> <span class='ocrx_word' id='word_1_553' title='bbox 3337 3765 3546 3828; x_wconf 82' lang='lat' dir='ltr'><strong>genus,</strong></span> 
     </span>
    </p>
   </div>
   <div class='ocr_carea' id='block_1_83' title="bbox 1959 3832 3552 3921">
    <p class='ocr_par' dir='ltr' id='par_1_83' title="bbox 1959 3832 3552 3921">
     <span class='ocr_line' id='line_1_84' title="bbox 1959 3832 3552 3921; baseline 0.015 -39"><span class='ocrx_word' id='word_1_554' title='bbox 1959 3832 2140 3885; x_wconf 90' lang='lat' dir='ltr'><strong>omnis</strong></span> <span class='ocrx_word' id='word_1_555' title='bbox 2203 3840 2359 3896; x_wconf 73' lang='lat' dir='ltr'><strong>tetas,</strong></span> <span class='ocrx_word' id='word_1_556' title='bbox 2409 3843 2594 3904; x_wconf 78' lang='lat' dir='ltr'><strong>utpote</strong></span> <span class='ocrx_word' id='word_1_557' title='bbox 2647 3840 2796 3908; x_wconf 89' lang='lat' dir='ltr'><strong>quod</strong></span> <span class='ocrx_word' id='word_1_558' title='bbox 2854 3858 2978 3896; x_wconf 90' lang='lat' dir='ltr'><strong>cum</strong></span> <span class='ocrx_word' id='word_1_559' title='bbox 3045 3849 3552 3921; x_wconf 87' lang='lat' dir='ltr'><strong>appropinquarent</strong></span> 
     </span>
    </p>
   </div>
   <div class='ocr_carea' id='block_1_84' title="bbox 1959 3922 3548 4012">
    <p class='ocr_par' dir='ltr' id='par_1_84' title="bbox 1959 3922 3548 4012">
     <span class='ocr_line' id='line_1_85' title="bbox 1959 3922 3548 4012; baseline 0.015 -38"><span class='ocrx_word' id='word_1_560' title='bbox 1959 3922 2253 3992; x_wconf 70' lang='lat' dir='ltr'><strong>exsequiae,</strong></span> <span class='ocrx_word' id='word_1_561' title='bbox 2310 3925 2569 3983; x_wconf 89' lang='lat' dir='ltr'><strong>imbecilli</strong></span> <span class='ocrx_word' id='word_1_562' title='bbox 2620 3930 2841 3998; x_wconf 85' lang='lat' dir='ltr'><strong>plurimi</strong></span> <span class='ocrx_word' id='word_1_563' title='bbox 2891 3934 3131 3992; x_wconf 86' lang='lat' dir='ltr'><strong>violento</strong></span> <span class='ocrx_word' id='word_1_564' title='bbox 3180 3939 3386 4012; x_wconf 90' lang='lat' dir='ltr'><strong>impetu</strong></span> <span class='ocrx_word' id='word_1_565' title='bbox 3427 3954 3548 3998; x_wconf 86' lang='lat' dir='ltr'><strong>stu-</strong></span> 
     </span>
    </p>
   </div>
   <div class='ocr_carea' id='block_1_85' title="bbox 1959 4012 3548 4094">
    <p class='ocr_par' dir='ltr' id='par_1_85' title="bbox 1959 4012 3548 4094">
     <span class='ocr_line' id='line_1_86' title="bbox 1959 4012 3548 4094; baseline 0.014 -27"><span class='ocrx_word' id='word_1_566' title='bbox 1959 4012 2152 4070; x_wconf 89' lang='lat' dir='ltr'><strong>derent</strong></span> <span class='ocrx_word' id='word_1_567' title='bbox 2178 4031 2368 4088; x_wconf 91' lang='lat' dir='ltr'><strong>rapere</strong></span> <span class='ocrx_word' id='word_1_568' title='bbox 2397 4019 2636 4090; x_wconf 89' lang='lat' dir='ltr'><strong>aliquam</strong></span> <span class='ocrx_word' id='word_1_569' title='bbox 2667 4035 2874 4094; x_wconf 90' lang='lat' dir='ltr'><strong>partem</strong></span> <span class='ocrx_word' id='word_1_570' title='bbox 2908 4039 2961 4082; x_wconf 89' lang='lat' dir='ltr'><strong>et</strong></span> <span class='ocrx_word' id='word_1_571' title='bbox 2989 4031 3183 4087; x_wconf 90' lang='lat' dir='ltr'><strong>salutis</strong></span> <span class='ocrx_word' id='word_1_572' title='bbox 3210 4033 3407 4089; x_wconf 66' lang='lat' dir='ltr'><strong>animae</strong></span> <span class='ocrx_word' id='word_1_573' title='bbox 3442 4036 3548 4090; x_wconf 90' lang='lat' dir='ltr'><strong>sibi</strong></span> 
     </span>
    </p>
   </div>
   <div class='ocr_carea' id='block_1_86' title="bbox 1956 4107 3549 4183">
    <p class='ocr_par' dir='ltr' id='par_1_86' title="bbox 1956 4107 3549 4183">
     <span class='ocr_line' id='line_1_87' title="bbox 1956 4107 3549 4183; baseline 0.014 -23"><span class='ocrx_word' id='word_1_574' title='bbox 1956 4107 2177 4178; x_wconf 90' lang='lat' dir='ltr'><strong>aliquod</strong></span> <span class='ocrx_word' id='word_1_575' title='bbox 2220 4109 2440 4168; x_wconf 89' lang='lat' dir='ltr'><strong>auferre</strong></span> <span class='ocrx_word' id='word_1_576' title='bbox 2476 4114 2764 4183; x_wconf 85' lang='lat' dir='ltr'><strong>viaticum,</strong></span> <span class='ocrx_word' id='word_1_577' title='bbox 2828 4120 3028 4176; x_wconf 87' lang='lat' dir='ltr'><strong>robore</strong></span> <span class='ocrx_word' id='word_1_578' title='bbox 3061 4132 3238 4178; x_wconf 90' lang='lat' dir='ltr'><strong>tamen</strong></span> <span class='ocrx_word' id='word_1_579' title='bbox 3282 4135 3337 4179; x_wconf 90' lang='lat' dir='ltr'><strong>et</strong></span> <span class='ocrx_word' id='word_1_580' title='bbox 3367 4128 3549 4182; x_wconf 87' lang='lat' dir='ltr'><strong>studio</strong></span> 
     </span>
    </p>
   </div>
   <div class='ocr_carea' id='block_1_87' title="bbox 1956 4207 3543 4286">
    <p class='ocr_par' dir='ltr' id='par_1_87' title="bbox 1956 4207 3543 4286">
     <span class='ocr_line' id='line_1_88' title="bbox 1956 4207 3543 4286; baseline 0.011 -30"><span class='ocrx_word' id='word_1_581' title='bbox 1956 4217 2176 4271; x_wconf 90' lang='lat' dir='ltr'><strong>eorum,</strong></span> <span class='ocrx_word' id='word_1_582' title='bbox 2208 4207 2409 4275; x_wconf 91' lang='lat' dir='ltr'><strong>quibus</strong></span> <span class='ocrx_word' id='word_1_583' title='bbox 2455 4211 2688 4280; x_wconf 85' lang='lat' dir='ltr'><strong>sapienti</strong></span> <span class='ocrx_word' id='word_1_584' title='bbox 2723 4214 2956 4268; x_wconf 89' lang='lat' dir='ltr'><strong>consilio</strong></span> <span class='ocrx_word' id='word_1_585' title='bbox 2993 4216 3307 4286; x_wconf 89' lang='lat' dir='ltr'><strong>impositum</strong></span> <span class='ocrx_word' id='word_1_586' title='bbox 3343 4217 3543 4284; x_wconf 86' lang='lat' dir='ltr'><strong>fuerat,</strong></span> 
     </span>
    </p>
   </div>
   <div class='ocr_carea' id='block_1_88' title="bbox 1957 4298 3544 4376">
    <p class='ocr_par' dir='ltr' id='par_1_88' title="bbox 1957 4298 3544 4376">
     <span class='ocr_line' id='line_1_89' title="bbox 1957 4298 3544 4376; baseline 0.01 -26"><span class='ocrx_word' id='word_1_587' title='bbox 1957 4304 2018 4351; x_wconf 87' lang='lat' dir='ltr'><strong>ut</strong></span> <span class='ocrx_word' id='word_1_588' title='bbox 2057 4298 2173 4355; x_wconf 70' lang='lat' dir='ltr'><strong>haec</strong></span> <span class='ocrx_word' id='word_1_589' title='bbox 2203 4301 2582 4370; x_wconf 90' lang='lat' dir='ltr'><strong>reprimerent,</strong></span> <span class='ocrx_word' id='word_1_590' title='bbox 2635 4315 2924 4376; x_wconf 88' lang='lat' dir='ltr'><strong>postquam</strong></span> <span class='ocrx_word' id='word_1_591' title='bbox 2974 4309 3292 4363; x_wconf 87' lang='lat' dir='ltr'><strong>tnandatnm</strong></span> <span class='ocrx_word' id='word_1_592' title='bbox 3322 4319 3406 4365; x_wconf 90' lang='lat' dir='ltr'><strong>est</strong></span> <span class='ocrx_word' id='word_1_593' title='bbox 3457 4328 3544 4366; x_wconf 89' lang='lat' dir='ltr'><strong>se-</strong></span> 
     </span>
    </p>
   </div>
   <div class='ocr_carea' id='block_1_89' title="bbox 1955 4395 3536 4463">
    <p class='ocr_par' dir='ltr' id='par_1_89' title="bbox 1955 4395 3536 4463">
     <span class='ocr_line' id='line_1_90' title="bbox 1955 4395 3536 4463; baseline 0.009 -18"><span class='ocrx_word' id='word_1_594' title='bbox 1955 4395 2168 4462; x_wconf 86' lang='lat' dir='ltr'><strong>pulcro,</strong></span> <span class='ocrx_word' id='word_1_595' title='bbox 2205 4405 2260 4449; x_wconf 89' lang='lat' dir='ltr'><strong>et</strong></span> <span class='ocrx_word' id='word_1_596' title='bbox 2313 4407 2508 4450; x_wconf 88' lang='lat' dir='ltr'><strong>natura</strong></span> <span class='ocrx_word' id='word_1_597' title='bbox 2560 4407 2719 4453; x_wconf 63' lang='lat' dir='ltr'><strong>terra:</strong></span> <span class='ocrx_word' id='word_1_598' title='bbox 2761 4400 2923 4454; x_wconf 82' lang='lat' dir='ltr'><strong>solvit</strong></span> <span class='ocrx_word' id='word_1_599' title='bbox 2973 4400 3240 4463; x_wconf 86' lang='lat' dir='ltr'><strong>debitum.</strong></span> <span class='ocrx_word' id='word_1_600' title='bbox 3275 4415 3328 4459; x_wconf 89' lang='lat' dir='ltr'><strong>et</strong></span> <span class='ocrx_word' id='word_1_601' title='bbox 3360 4405 3536 4460; x_wconf 88' lang='lat' dir='ltr'><strong>lntnm</strong></span> 
     </span>
    </p>
   </div>
   <div class='ocr_carea' id='block_1_90' title="bbox 1953 4483 3541 4566">
    <p class='ocr_par' dir='ltr' id='par_1_90' title="bbox 1953 4483 3541 4566">
     <span class='ocr_line' id='line_1_91' title="bbox 1953 4483 3541 4566; baseline 0.008 -29"><span class='ocrx_word' id='word_1_602' title='bbox 1953 4483 2141 4538; x_wconf 91' lang='lat' dir='ltr'><strong>datum</strong></span> <span class='ocrx_word' id='word_1_603' title='bbox 2173 4494 2256 4541; x_wconf 89' lang='lat' dir='ltr'><strong>est</strong></span> <span class='ocrx_word' id='word_1_604' title='bbox 2286 4486 2533 4556; x_wconf 91' lang='lat' dir='ltr'><strong>pulveri;</strong></span> <span class='ocrx_word' id='word_1_605' title='bbox 2567 4503 2636 4544; x_wconf 89' lang='lat' dir='ltr'><strong>ne</strong></span> <span class='ocrx_word' id='word_1_606' title='bbox 2668 4490 2748 4544; x_wconf 91' lang='lat' dir='ltr'><strong>sic</strong></span> <span class='ocrx_word' id='word_1_607' title='bbox 2802 4492 3038 4560; x_wconf 84' lang='lat' dir='ltr'><strong>quidem</strong></span> <span class='ocrx_word' id='word_1_608' title='bbox 3064 4493 3191 4546; x_wconf 82' lang='lat' dir='ltr'><strong>sivit</strong></span> <span class='ocrx_word' id='word_1_609' title='bbox 3222 4493 3418 4566; x_wconf 83' lang='lat' dir='ltr'><strong>figulus</strong></span> <span class='ocrx_word' id='word_1_610' title='bbox 3461 4498 3541 4549; x_wconf 79' lang='lat' dir='ltr'><strong>ln-</strong></span> 
     </span>
    </p>
   </div>
   <div class='ocr_carea' id='block_1_91' title="bbox 256 4565 3540 4655">
    <p class='ocr_par' dir='ltr' id='par_1_91' title="bbox 256 4565 3540 4655">
     <span class='ocr_line' id='line_1_92' title="bbox 256 4565 3540 4655; baseline 0.005 -32"><span class='ocrx_word' id='word_1_611' title='bbox 256 4565 450 4635; x_wconf 86' lang='lat' dir='ltr'><strong>jacens</strong></span> <span class='ocrx_word' id='word_1_612' title='bbox 489 4569 813 4639; x_wconf 89' lang='lat' dir='ltr'><strong>immobilis,</strong></span> <span class='ocrx_word' id='word_1_613' title='bbox 847 4576 1029 4631; x_wconf 90' lang='lat' dir='ltr'><strong>audita</strong></span> <span class='ocrx_word' id='word_1_614' title='bbox 1065 4592 1233 4634; x_wconf 90' lang='lat' dir='ltr'><strong>causa</strong></span> <span class='ocrx_word' id='word_1_615' title='bbox 1266 4580 1408 4650; x_wconf 86' lang='lat' dir='ltr'><strong>ejus,</strong></span> <span class='ocrx_word' id='word_1_616' title='bbox 1443 4583 1589 4652; x_wconf 88' lang='lat' dir='ltr'><strong>quod</strong></span> <span class='ocrx_word' id='word_1_617' title='bbox 1637 4583 1842 4655; x_wconf 78' lang='lat' dir='ltr'><strong>signili-</strong></span> <span class='ocrx_word' id='word_1_618' title='bbox 1877 4576 1920 4632; x_wconf 88' lang='lat' dir='ltr'><strong>D</strong></span> <span class='ocrx_word' id='word_1_619' title='bbox 1951 4583 2064 4629; x_wconf 86' lang='lat' dir='ltr'><strong>tum</strong></span> <span class='ocrx_word' id='word_1_620' title='bbox 2102 4575 2514 4644; x_wconf 89' lang='lat' dir='ltr'><strong>inhonoratum,</strong></span> <span class='ocrx_word' id='word_1_621' title='bbox 2560 4580 2653 4634; x_wconf 90' lang='lat' dir='ltr'><strong>sed</strong></span> <span class='ocrx_word' id='word_1_622' title='bbox 2697 4579 2864 4634; x_wconf 87' lang='lat' dir='ltr'><strong>etiam</strong></span> <span class='ocrx_word' id='word_1_623' title='bbox 2916 4580 3199 4636; x_wconf 90' lang='lat' dir='ltr'><strong>conditum</strong></span> <span class='ocrx_word' id='word_1_624' title='bbox 3263 4565 3540 4653; x_wconf 70' lang='grc' dir='ltr'><strong>ὲιιριιιοιυ,</strong></span> 
     </span>
    </p>
   </div>
   <div class='ocr_carea' id='block_1_92' title="bbox 259 4659 1847 4745">
    <p class='ocr_par' dir='ltr' id='par_1_92' title="bbox 259 4659 1847 4745">
     <span class='ocr_line' id='line_1_93' title="bbox 259 4659 1847 4745; baseline 0.011 -33"><span class='ocrx_word' id='word_1_625' title='bbox 259 4659 511 4726; x_wconf 85' lang='lat' dir='ltr'><strong>cabatur,</strong></span> <span class='ocrx_word' id='word_1_626' title='bbox 546 4664 686 4718; x_wconf 91' lang='lat' dir='ltr'><strong>tristi</strong></span> <span class='ocrx_word' id='word_1_627' title='bbox 723 4667 915 4720; x_wconf 91' lang='lat' dir='ltr'><strong>nuntio</strong></span> <span class='ocrx_word' id='word_1_628' title='bbox 938 4679 1159 4738; x_wconf 90' lang='lat' dir='ltr'><strong>repente</strong></span> <span class='ocrx_word' id='word_1_629' title='bbox 1185 4685 1317 4727; x_wconf 80' lang='lat' dir='ltr'><strong>voce</strong></span> <span class='ocrx_word' id='word_1_630' title='bbox 1346 4674 1576 4742; x_wconf 88' lang='lat' dir='ltr'><strong>privata,</strong></span> <span class='ocrx_word' id='word_1_631' title='bbox 1611 4675 1676 4729; x_wconf 89' lang='lat' dir='ltr'><strong>ad</strong></span> <span class='ocrx_word' id='word_1_632' title='bbox 1711 4690 1847 4745; x_wconf 84' lang='lat' dir='ltr'><strong>apo-</strong></span> 
     </span>
    </p>
   </div>
   <div class='ocr_carea' id='block_1_93' title="bbox 258 4753 1844 4837">
    <p class='ocr_par' dir='ltr' id='par_1_93' title="bbox 258 4753 1844 4837">
     <span class='ocr_line' id='line_1_94' title="bbox 258 4753 1844 4837; baseline 0.011 -32"><span class='ocrx_word' id='word_1_633' title='bbox 258 4753 496 4822; x_wconf 82' lang='lat' dir='ltr'><strong>plexiam</strong></span> <span class='ocrx_word' id='word_1_634' title='bbox 539 4755 800 4812; x_wconf 90' lang='lat' dir='ltr'><strong>tendebat</strong></span> <span class='ocrx_word' id='word_1_635' title='bbox 823 4767 878 4813; x_wconf 88' lang='lat' dir='ltr'><strong>et</strong></span> <span class='ocrx_word' id='word_1_636' title='bbox 913 4761 1228 4834; x_wconf 85' lang='lat' dir='ltr'><strong>paralysint.</strong></span> <span class='ocrx_word' id='word_1_637' title='bbox 1272 4765 1407 4818; x_wconf 89' lang='lat' dir='ltr'><strong>Cum</strong></span> <span class='ocrx_word' id='word_1_638' title='bbox 1439 4775 1619 4820; x_wconf 92' lang='lat' dir='ltr'><strong>autem</strong></span> <span class='ocrx_word' id='word_1_639' title='bbox 1653 4782 1844 4837; x_wconf 90' lang='lat' dir='ltr'><strong>parum</strong></span> 
     </span>
    </p>
   </div>
   <div class='ocr_carea' id='block_1_94' title="bbox 258 4846 1847 4928">
    <p class='ocr_par' dir='ltr' id='par_1_94' title="bbox 258 4846 1847 4928">
     <span class='ocr_line' id='line_1_95' title="bbox 258 4846 1847 4928; baseline 0.009 -29"><span class='ocrx_word' id='word_1_640' title='bbox 258 4846 604 4916; x_wconf 86' lang='lat' dir='ltr'><strong>respirasset,</strong></span> <span class='ocrx_word' id='word_1_641' title='bbox 633 4858 688 4903; x_wconf 89' lang='lat' dir='ltr'><strong>et</strong></span> <span class='ocrx_word' id='word_1_642' title='bbox 719 4851 785 4905; x_wconf 86' lang='lat' dir='ltr'><strong>ad</strong></span> <span class='ocrx_word' id='word_1_643' title='bbox 817 4867 878 4908; x_wconf 88' lang='lat' dir='ltr'><strong>se</strong></span> <span class='ocrx_word' id='word_1_644' title='bbox 910 4853 1185 4923; x_wconf 87' lang='lat' dir='ltr'><strong>rediisset,</strong></span> <span class='ocrx_word' id='word_1_645' title='bbox 1213 4854 1361 4912; x_wconf 86' lang='lat' dir='ltr'><strong>flevit</strong></span> <span class='ocrx_word' id='word_1_646' title='bbox 1395 4867 1450 4913; x_wconf 89' lang='lat' dir='ltr'><strong>et</strong></span> <span class='ocrx_word' id='word_1_647' title='bbox 1485 4858 1712 4928; x_wconf 87' lang='lat' dir='ltr'><strong>ejulavit</strong></span> <span class='ocrx_word' id='word_1_648' title='bbox 1739 4861 1847 4914; x_wconf 89' lang='lat' dir='ltr'><strong>mi-</strong></span> 
     </span>
    </p>
   </div>
   <div class='ocr_carea' id='block_1_95' title="bbox 256 4940 1845 5024">
    <p class='ocr_par' dir='ltr' id='par_1_95' title="bbox 256 4940 1845 5024">
     <span class='ocr_line' id='line_1_96' title="bbox 256 4940 1845 5024; baseline 0.009 -30"><span class='ocrx_word' id='word_1_649' title='bbox 256 4940 588 5006; x_wconf 86' lang='lat' dir='ltr'><strong>serabiliter,</strong></span> <span class='ocrx_word' id='word_1_650' title='bbox 636 4952 691 4997; x_wconf 91' lang='lat' dir='ltr'><strong>et</strong></span> <span class='ocrx_word' id='word_1_651' title='bbox 745 4944 1034 5001; x_wconf 87' lang='lat' dir='ltr'><strong>lamentari</strong></span> <span class='ocrx_word' id='word_1_652' title='bbox 1068 4948 1356 5020; x_wconf 90' lang='lat' dir='ltr'><strong>incipiens,</strong></span> <span class='ocrx_word' id='word_1_653' title='bbox 1400 4952 1605 5021; x_wconf 80' lang='lat' dir='ltr'><strong>tragice</strong></span> <span class='ocrx_word' id='word_1_654' title='bbox 1655 4953 1845 5024; x_wconf 84' lang='lat' dir='ltr'><strong>deplo-</strong></span> 
     </span>
    </p>
   </div>
   <div class='ocr_carea' id='block_1_96' title="bbox 255 5032 1846 5110">
    <p class='ocr_par' dir='ltr' id='par_1_96' title="bbox 255 5032 1846 5110">
     <span class='ocr_line' id='line_1_97' title="bbox 255 5032 1846 5110; baseline 0.01 -26"><span class='ocrx_word' id='word_1_655' title='bbox 255 5032 411 5087; x_wconf 88' lang='lat' dir='ltr'><strong>rabat</strong></span> <span class='ocrx_word' id='word_1_656' title='bbox 443 5034 840 5104; x_wconf 89' lang='lat' dir='ltr'><strong>calamitatem,</strong></span> <span class='ocrx_word' id='word_1_657' title='bbox 871 5040 1152 5109; x_wconf 88' lang='lat' dir='ltr'><strong>appellans</strong></span> <span class='ocrx_word' id='word_1_658' title='bbox 1195 5041 1625 5110; x_wconf 83' lang='lat' dir='ltr'><strong>benefactorem,</strong></span> <span class='ocrx_word' id='word_1_659' title='bbox 1661 5059 1846 5100; x_wconf 83' lang='lat' dir='ltr'><strong>serva-</strong></span> 
     </span>
    </p>
   </div>
   <div class='ocr_carea' id='block_1_97' title="bbox 255 5130 1844 5203">
    <p class='ocr_par' dir='ltr' id='par_1_97' title="bbox 255 5130 1844 5203">
     <span class='ocr_line' id='line_1_98' title="bbox 255 5130 1844 5203; baseline 0.01 -25"><span class='ocrx_word' id='word_1_660' title='bbox 255 5135 464 5191; x_wconf 88' lang='lat' dir='ltr'><strong>torem,</strong></span> <span class='ocrx_word' id='word_1_661' title='bbox 523 5130 916 5186; x_wconf 87' lang='lat' dir='ltr'><strong>nutrimentum</strong></span> <span class='ocrx_word' id='word_1_662' title='bbox 970 5135 1363 5203; x_wconf 86' lang='lat' dir='ltr'><strong>esurientium,</strong></span> <span class='ocrx_word' id='word_1_663' title='bbox 1428 5137 1700 5194; x_wconf 91' lang='lat' dir='ltr'><strong>nudorum</strong></span> <span class='ocrx_word' id='word_1_664' title='bbox 1762 5147 1844 5194; x_wconf 90' lang='lat' dir='ltr'><strong>te-</strong></span> 
     </span>
    </p>
   </div>
   <div class='ocr_carea' id='block_1_98' title="bbox 251 5223 1845 5294">
    <p class='ocr_par' dir='ltr' id='par_1_98' title="bbox 251 5223 1845 5294">
     <span class='ocr_line' id='line_1_99' title="bbox 251 5223 1845 5294; baseline 0.013 -26"><span class='ocrx_word' id='word_1_665' title='bbox 251 5230 600 5285; x_wconf 78' lang='lat' dir='ltr'><strong>gumentum,</strong></span> <span class='ocrx_word' id='word_1_666' title='bbox 631 5235 766 5292; x_wconf 87' lang='lat' dir='ltr'><strong>opes</strong></span> <span class='ocrx_word' id='word_1_667' title='bbox 797 5223 1186 5294; x_wconf 84' lang='lat' dir='ltr'><strong>indigentium,</strong></span> <span class='ocrx_word' id='word_1_668' title='bbox 1219 5230 1407 5287; x_wconf 91' lang='lat' dir='ltr'><strong>dicens</strong></span> <span class='ocrx_word' id='word_1_669' title='bbox 1436 5250 1449 5286; x_wconf 91' lang='lat'><strong>:</strong></span> <span class='ocrx_word' id='word_1_670' title='bbox 1481 5228 1526 5286; x_wconf 92' lang='grc' dir='ltr'>Ο</span> <span class='ocrx_word' id='word_1_671' title='bbox 1554 5232 1748 5287; x_wconf 91' lang='lat' dir='ltr'><strong>duram</strong></span> <span class='ocrx_word' id='word_1_672' title='bbox 1789 5245 1845 5290; x_wconf 94' lang='lat' dir='ltr'><strong>et</strong></span> 
     </span>
    </p>
   </div>
   <div class='ocr_carea' id='block_1_99' title="bbox 253 5308 1840 5390">
    <p class='ocr_par' dir='ltr' id='par_1_99' title="bbox 253 5308 1840 5390">
     <span class='ocr_line' id='line_1_100' title="bbox 253 5308 1840 5390; baseline 0.013 -29"><span class='ocrx_word' id='word_1_673' title='bbox 253 5308 552 5365; x_wconf 89' lang='lat' dir='ltr'><strong>immanem</strong></span> <span class='ocrx_word' id='word_1_674' title='bbox 586 5311 724 5368; x_wconf 87' lang='lat' dir='ltr'><strong>banc</strong></span> <span class='ocrx_word' id='word_1_675' title='bbox 761 5327 1001 5383; x_wconf 91' lang='lat' dir='ltr'><strong>noctem,</strong></span> <span class='ocrx_word' id='word_1_676' title='bbox 1032 5319 1086 5372; x_wconf 92' lang='lat' dir='ltr'><strong>in</strong></span> <span class='ocrx_word' id='word_1_677' title='bbox 1129 5333 1236 5390; x_wconf 91' lang='lat' dir='ltr'><strong>qua</strong></span> <span class='ocrx_word' id='word_1_678' title='bbox 1292 5322 1560 5377; x_wconf 78' lang='lat' dir='ltr'><strong>exstincta</strong></span> <span class='ocrx_word' id='word_1_679' title='bbox 1601 5323 1707 5379; x_wconf 90' lang='lat' dir='ltr'><strong>fuit</strong></span> <span class='ocrx_word' id='word_1_680' title='bbox 1745 5329 1840 5381; x_wconf 90' lang='lat' dir='ltr'><strong>be-</strong></span> 
     </span>
    </p>
   </div>
   <div class='ocr_carea' id='block_1_100' title="bbox 250 5401 1840 5486">
    <p class='ocr_par' dir='ltr' id='par_1_100' title="bbox 250 5401 1840 5486">
     <span class='ocr_line' id='line_1_101' title="bbox 250 5401 1840 5486; baseline 0.014 -34"><span class='ocrx_word' id='word_1_681' title='bbox 250 5401 418 5471; x_wconf 84' lang='lat' dir='ltr'><strong>nigna</strong></span> <span class='ocrx_word' id='word_1_682' title='bbox 436 5402 527 5456; x_wconf 84' lang='lat' dir='ltr'><strong>lux</strong></span> <span class='ocrx_word' id='word_1_683' title='bbox 549 5419 844 5475; x_wconf 87' lang='lat' dir='ltr'><strong>pauperum</strong></span> <span class='ocrx_word' id='word_1_684' title='bbox 865 5410 878 5463; x_wconf 83' lang='grc' dir='ltr'><strong>ι</strong></span> <span class='ocrx_word' id='word_1_685' title='bbox 904 5408 949 5464; x_wconf 90' lang='grc' dir='ltr'><strong>Ο</strong></span> <span class='ocrx_word' id='word_1_686' title='bbox 975 5410 1180 5466; x_wconf 89' lang='lat' dir='ltr'><strong>tristem</strong></span> <span class='ocrx_word' id='word_1_687' title='bbox 1201 5424 1439 5480; x_wconf 89' lang='lat' dir='ltr'><strong>noctem,</strong></span> <span class='ocrx_word' id='word_1_688' title='bbox 1464 5432 1581 5486; x_wconf 77' lang='lat' dir='ltr'><strong>qua:</strong></span> <span class='ocrx_word' id='word_1_689' title='bbox 1606 5418 1840 5475; x_wconf 90' lang='lat' dir='ltr'><strong>obscura</strong></span> 
     </span>
    </p>
   </div>
   <div class='ocr_carea' id='block_1_101' title="bbox 248 5489 1841 5581">
    <p class='ocr_par' dir='ltr' id='par_1_101' title="bbox 248 5489 1841 5581">
     <span class='ocr_line' id='line_1_102' title="bbox 248 5489 1841 5581; baseline 0.014 -37"><span class='ocrx_word' id='word_1_690' title='bbox 248 5489 440 5546; x_wconf 70' lang='lat' dir='ltr'><strong>effudit</strong></span> <span class='ocrx_word' id='word_1_691' title='bbox 464 5495 722 5552; x_wconf 80' lang='lat' dir='ltr'><strong>tenebras</strong></span> <span class='ocrx_word' id='word_1_692' title='bbox 749 5501 926 5556; x_wconf 91' lang='lat' dir='ltr'><strong>oculis</strong></span> <span class='ocrx_word' id='word_1_693' title='bbox 955 5506 1286 5573; x_wconf 86' lang='lat' dir='ltr'><strong>pauperum!</strong></span> <span class='ocrx_word' id='word_1_694' title='bbox 1317 5509 1358 5558; x_wconf 88' lang='grc' dir='ltr'>υ</span> <span class='ocrx_word' id='word_1_695' title='bbox 1397 5505 1506 5562; x_wconf 83' lang='lat' dir='ltr'><strong>Eva</strong></span> <span class='ocrx_word' id='word_1_696' title='bbox 1537 5510 1713 5578; x_wconf 91' lang='lat' dir='ltr'><strong>prima</strong></span> <span class='ocrx_word' id='word_1_697' title='bbox 1746 5528 1841 5581; x_wconf 89' lang='lat' dir='ltr'><strong>pa-</strong></span> 
     </span>
    </p>
   </div>
   <div class='ocr_carea' id='block_1_102' title="bbox 250 5589 1840 5672">
    <p class='ocr_par' dir='ltr' id='par_1_102' title="bbox 250 5589 1840 5672">
     <span class='ocr_line' id='line_1_103' title="bbox 250 5589 1840 5672; baseline 0.013 -33"><span class='ocrx_word' id='word_1_698' title='bbox 250 5599 400 5649; x_wconf 88' lang='lat' dir='ltr'><strong>rens,</strong></span> <span class='ocrx_word' id='word_1_699' title='bbox 452 5595 508 5642; x_wconf 87' lang='lat' dir='ltr'><strong>et</strong></span> <span class='ocrx_word' id='word_1_700' title='bbox 563 5589 956 5661; x_wconf 86' lang='lat' dir='ltr'><strong>inobedientia,</strong></span> <span class='ocrx_word' id='word_1_701' title='bbox 1010 5609 1064 5651; x_wconf 87' lang='lat' dir='ltr'><strong>et</strong></span> <span class='ocrx_word' id='word_1_702' title='bbox 1115 5597 1340 5664; x_wconf 89' lang='lat' dir='ltr'><strong>invidia,</strong></span> <span class='ocrx_word' id='word_1_703' title='bbox 1396 5610 1452 5655; x_wconf 91' lang='lat' dir='ltr'><strong>et</strong></span> <span class='ocrx_word' id='word_1_704' title='bbox 1487 5617 1736 5672; x_wconf 86' lang='lat' dir='ltr'><strong>serpens,</strong></span> <span class='ocrx_word' id='word_1_705' title='bbox 1785 5616 1840 5660; x_wconf 92' lang='lat' dir='ltr'><strong>et</strong></span> 
     </span>
    </p>
   </div>
   <div class='ocr_carea' id='block_1_103' title="bbox 250 5681 1834 5758">
    <p class='ocr_par' dir='ltr' id='par_1_103' title="bbox 250 5681 1834 5758">
     <span class='ocr_line' id='line_1_104' title="bbox 250 5681 1834 5758; baseline 0.014 -28"><span class='ocrx_word' id='word_1_706' title='bbox 250 5693 423 5744; x_wconf 90' lang='lat' dir='ltr'><strong>mors,</strong></span> <span class='ocrx_word' id='word_1_707' title='bbox 457 5681 713 5738; x_wconf 64' lang='lat' dir='ltr'><strong>humanae</strong></span> <span class='ocrx_word' id='word_1_708' title='bbox 750 5685 960 5742; x_wconf 75' lang='lat' dir='ltr'><strong>nalurze</strong></span> <span class='ocrx_word' id='word_1_709' title='bbox 983 5696 1158 5758; x_wconf 59' lang='lat' dir='ltr'><strong>poture</strong></span> <span class='ocrx_word' id='word_1_710' title='bbox 1186 5691 1557 5748; x_wconf 84' lang='lat' dir='ltr'><strong>inevitabiles!</strong></span> <span class='ocrx_word' id='word_1_711' title='bbox 1595 5694 1640 5750; x_wconf 87' lang='grc' dir='ltr'>Ο</span> <span class='ocrx_word' id='word_1_712' title='bbox 1672 5697 1834 5752; x_wconf 87' lang='lat' dir='ltr'><strong>simul</strong></span> 
     </span>
    </p>
   </div>
   <div class='ocr_carea' id='block_1_104' title="bbox 253 5777 1831 5856">
    <p class='ocr_par' dir='ltr' id='par_1_104' title="bbox 253 5777 1831 5856">
     <span class='ocr_line' id='line_1_105' title="bbox 253 5777 1831 5856; baseline 0.015 -33"><span class='ocrx_word' id='word_1_713' title='bbox 253 5786 469 5826; x_wconf 88' lang='lat' dir='ltr'><strong>meeum</strong></span> <span class='ocrx_word' id='word_1_714' title='bbox 506 5777 712 5832; x_wconf 89' lang='lat' dir='ltr'><strong>nutrita</strong></span> <span class='ocrx_word' id='word_1_715' title='bbox 746 5789 1076 5849; x_wconf 88' lang='lat' dir='ltr'><strong>paupertas,</strong></span> <span class='ocrx_word' id='word_1_716' title='bbox 1107 5799 1227 5851; x_wconf 74' lang='lat' dir='ltr'><strong>qua:</strong></span> <span class='ocrx_word' id='word_1_717' title='bbox 1275 5794 1540 5856; x_wconf 90' lang='lat' dir='ltr'><strong>perpetuo</strong></span> <span class='ocrx_word' id='word_1_718' title='bbox 1589 5789 1831 5856; x_wconf 90' lang='lat' dir='ltr'><strong>assides,</strong></span> 
     </span>
    </p>
   </div>
   <div class='ocr_carea' id='block_1_105' title="bbox 250 5866 1835 5949">
    <p class='ocr_par' dir='ltr' id='par_1_105' title="bbox 250 5866 1835 5949">
     <span class='ocr_line' id='line_1_106' title="bbox 250 5866 1835 5949; baseline 0.013 -32"><span class='ocrx_word' id='word_1_719' title='bbox 250 5870 302 5917; x_wconf 88' lang='lat' dir='ltr'><strong>et</strong></span> <span class='ocrx_word' id='word_1_720' title='bbox 327 5866 523 5922; x_wconf 84' lang='lat' dir='ltr'><strong>acerbe</strong></span> <span class='ocrx_word' id='word_1_721' title='bbox 551 5868 785 5938; x_wconf 88' lang='lat' dir='ltr'><strong>invadis,</strong></span> <span class='ocrx_word' id='word_1_722' title='bbox 817 5887 922 5928; x_wconf 88' lang='lat' dir='ltr'><strong>non</strong></span> <span class='ocrx_word' id='word_1_723' title='bbox 942 5874 1125 5941; x_wconf 45' lang='lat' dir='ltr'><strong>,habes</strong></span> <span class='ocrx_word' id='word_1_724' title='bbox 1155 5891 1288 5949; x_wconf 77' lang='lat' dir='ltr'><strong>ergo</strong></span> <span class='ocrx_word' id='word_1_725' title='bbox 1309 5879 1542 5948; x_wconf 90' lang='lat' dir='ltr'><strong>amplius</strong></span> <span class='ocrx_word' id='word_1_726' title='bbox 1564 5895 1835 5938; x_wconf 84' lang='lat' dir='ltr'><strong>veneran-</strong></span> 
     </span>
    </p>
   </div>
   <div class='ocr_carea' id='block_1_106' title="bbox 1952 4668 2516 4726">
    <p class='ocr_par' dir='ltr' id='par_1_106' title="bbox 1952 4668 2516 4726">
     <span class='ocr_line' id='line_1_107' title="bbox 1952 4668 2516 4726; baseline 0.007 -4"><span class='ocrx_word' id='word_1_727' title='bbox 1952 4668 2190 4724; x_wconf 90' lang='lat' dir='ltr'><strong>honorat</strong></span> <span class='ocrx_word' id='word_1_728' title='bbox 2224 4671 2516 4726; x_wconf 86' lang='lat' dir='ltr'><strong>miraculo.</strong></span> 
     </span>
    </p>
   </div>
   <div class='ocr_carea' id='block_1_107' title="bbox 2017 4766 3539 4842">
    <p class='ocr_par' dir='ltr' id='par_1_107' title="bbox 2017 4766 3539 4842">
     <span class='ocr_line' id='line_1_108' title="bbox 2017 4766 3539 4842; baseline 0.006 -21"><span class='ocrx_word' id='word_1_729' title='bbox 2017 4766 2109 4822; x_wconf 73' lang='lat'><strong>26.</strong></span> <span class='ocrx_word' id='word_1_730' title='bbox 2151 4766 2386 4834; x_wconf 82' lang='lat' dir='ltr'><strong>Quidam</strong></span> <span class='ocrx_word' id='word_1_731' title='bbox 2435 4770 2580 4824; x_wconf 87' lang='lat' dir='ltr'><strong>enim</strong></span> <span class='ocrx_word' id='word_1_732' title='bbox 2623 4786 2688 4825; x_wconf 80' lang='lat' dir='ltr'><strong>ex</strong></span> <span class='ocrx_word' id='word_1_733' title='bbox 2735 4770 2825 4838; x_wconf 88' lang='lat' dir='ltr'><strong>iis,</strong></span> <span class='ocrx_word' id='word_1_734' title='bbox 2861 4771 2951 4842; x_wconf 90' lang='lat' dir='ltr'><strong>qui</strong></span> <span class='ocrx_word' id='word_1_735' title='bbox 2992 4782 3256 4842; x_wconf 67' lang='lat' dir='ltr'><strong>praeerant</strong></span> <span class='ocrx_word' id='word_1_736' title='bbox 3295 4776 3539 4831; x_wconf 67' lang='lat' dir='ltr'><strong>texendae</strong></span> 
     </span>
    </p>
   </div>
   <div class='ocr_carea' id='block_1_108' title="bbox 1948 4861 3537 4936">
    <p class='ocr_par' dir='ltr' id='par_1_108' title="bbox 1948 4861 3537 4936">
     <span class='ocr_line' id='line_1_109' title="bbox 1948 4861 3537 4936; baseline 0.006 -22"><span class='ocrx_word' id='word_1_737' title='bbox 1948 4861 2088 4916; x_wconf 75' lang='lat' dir='ltr'><strong>lanae</strong></span> <span class='ocrx_word' id='word_1_738' title='bbox 2131 4862 2323 4918; x_wconf 64' lang='lat' dir='ltr'><strong>sericae</strong></span> <span class='ocrx_word' id='word_1_739' title='bbox 2354 4864 2736 4933; x_wconf 89' lang='lat' dir='ltr'><strong>imperatoris,</strong></span> <span class='ocrx_word' id='word_1_740' title='bbox 2771 4878 3059 4936; x_wconf 80' lang='lat' dir='ltr'><strong>correptus</strong></span> <span class='ocrx_word' id='word_1_741' title='bbox 3105 4868 3297 4923; x_wconf 92' lang='lat' dir='ltr'><strong>morbo</strong></span> <span class='ocrx_word' id='word_1_742' title='bbox 3328 4869 3537 4934; x_wconf 86' lang='lat' dir='ltr'><strong>lateris,</strong></span> 
     </span>
    </p>
   </div>
   <div class='ocr_carea' id='block_1_109' title="bbox 1948 4954 3535 5029">
    <p class='ocr_par' dir='ltr' id='par_1_109' title="bbox 1948 4954 3535 5029">
     <span class='ocr_line' id='line_1_110' title="bbox 1948 4954 3535 5029; baseline 0.008 -23"><span class='ocrx_word' id='word_1_743' title='bbox 1948 4967 2072 5006; x_wconf 90' lang='lat' dir='ltr'><strong>cum</strong></span> <span class='ocrx_word' id='word_1_744' title='bbox 2105 4954 2332 5010; x_wconf 90' lang='lat' dir='ltr'><strong>vidisset</strong></span> <span class='ocrx_word' id='word_1_745' title='bbox 2375 4957 2661 5025; x_wconf 67' lang='lat' dir='ltr'><strong>praecisam</strong></span> <span class='ocrx_word' id='word_1_746' title='bbox 2707 4959 2811 5012; x_wconf 90' lang='lat' dir='ltr'><strong>sibi</strong></span> <span class='ocrx_word' id='word_1_747' title='bbox 2861 4975 3079 5014; x_wconf 88' lang='lat' dir='ltr'><strong>onmem</strong></span> <span class='ocrx_word' id='word_1_748' title='bbox 3114 4977 3265 5029; x_wconf 83' lang='lat' dir='ltr'><strong>spem</strong></span> <span class='ocrx_word' id='word_1_749' title='bbox 3306 4964 3535 5026; x_wconf 79' lang='lat' dir='ltr'><strong>salutis,</strong></span> 
     </span>
    </p>
   </div>
   <div class='ocr_carea' id='block_1_110' title="bbox 1946 5043 3538 5116">
    <p class='ocr_par' dir='ltr' id='par_1_110' title="bbox 1946 5043 3538 5116">
     <span class='ocr_line' id='line_1_111' title="bbox 1946 5043 3538 5116; baseline 0.005 -16"><span class='ocrx_word' id='word_1_750' title='bbox 1946 5052 1996 5100; x_wconf 89' lang='lat' dir='ltr'><strong>et</strong></span> <span class='ocrx_word' id='word_1_751' title='bbox 2034 5043 2305 5100; x_wconf 88' lang='lat' dir='ltr'><strong>medicum</strong></span> <span class='ocrx_word' id='word_1_752' title='bbox 2337 5049 2456 5103; x_wconf 91' lang='lat' dir='ltr'><strong>dies</strong></span> <span class='ocrx_word' id='word_1_753' title='bbox 2482 5059 2884 5116; x_wconf 89' lang='lat' dir='ltr'><strong>numerantem,</strong></span> <span class='ocrx_word' id='word_1_754' title='bbox 2923 5062 2977 5106; x_wconf 92' lang='lat' dir='ltr'><strong>et</strong></span> <span class='ocrx_word' id='word_1_755' title='bbox 3022 5053 3185 5108; x_wconf 91' lang='lat' dir='ltr'><strong>horas</strong></span> <span class='ocrx_word' id='word_1_756' title='bbox 3234 5055 3538 5108; x_wconf 77' lang='lat' dir='ltr'><strong>observan-</strong></span> 
     </span>
    </p>
   </div>
   <div class='ocr_carea' id='block_1_111' title="bbox 1950 5144 3537 5220">
    <p class='ocr_par' dir='ltr' id='par_1_111' title="bbox 1950 5144 3537 5220">
     <span class='ocr_line' id='line_1_112' title="bbox 1950 5144 3537 5220; baseline 0.007 -28"><span class='ocrx_word' id='word_1_757' title='bbox 1950 5147 2081 5206; x_wconf 92' lang='lat' dir='ltr'><strong>tem,</strong></span> <span class='ocrx_word' id='word_1_758' title='bbox 2114 5148 2168 5194; x_wconf 89' lang='lat' dir='ltr'><strong>et</strong></span> <span class='ocrx_word' id='word_1_759' title='bbox 2201 5153 2414 5211; x_wconf 84' lang='lat' dir='ltr'><strong>tempus</strong></span> <span class='ocrx_word' id='word_1_760' title='bbox 2448 5144 2662 5199; x_wconf 89' lang='lat' dir='ltr'><strong>curiose</strong></span> <span class='ocrx_word' id='word_1_761' title='bbox 2697 5145 3085 5215; x_wconf 87' lang='lat' dir='ltr'><strong>inquirentem,</strong></span> <span class='ocrx_word' id='word_1_762' title='bbox 3117 5157 3171 5203; x_wconf 90' lang='lat' dir='ltr'><strong>et</strong></span> <span class='ocrx_word' id='word_1_763' title='bbox 3212 5148 3296 5203; x_wconf 92' lang='lat' dir='ltr'><strong>his</strong></span> <span class='ocrx_word' id='word_1_764' title='bbox 3324 5159 3537 5220; x_wconf 84' lang='lat' dir='ltr'><strong>tempus</strong></span> 
     </span>
    </p>
   </div>
   <div class='ocr_carea' id='block_1_112' title="bbox 1947 5241 3535 5301">
    <p class='ocr_par' dir='ltr' id='par_1_112' title="bbox 1947 5241 3535 5301">
     <span class='ocr_line' id='line_1_113' title="bbox 1947 5241 3535 5301; baseline 0.008 -16"><span class='ocrx_word' id='word_1_765' title='bbox 1947 5241 2241 5301; x_wconf 88' lang='lat' dir='ltr'><strong>terentem;</strong></span> <span class='ocrx_word' id='word_1_766' title='bbox 2296 5251 2520 5292; x_wconf 82' lang='lat' dir='ltr'><strong>uxorem</strong></span> <span class='ocrx_word' id='word_1_767' title='bbox 2578 5251 2760 5298; x_wconf 89' lang='lat' dir='ltr'><strong>autem</strong></span> <span class='ocrx_word' id='word_1_768' title='bbox 2820 5253 2874 5298; x_wconf 88' lang='lat' dir='ltr'><strong>et</strong></span> <span class='ocrx_word' id='word_1_769' title='bbox 2921 5244 3121 5300; x_wconf 90' lang='lat' dir='ltr'><strong>liberos</strong></span> <span class='ocrx_word' id='word_1_770' title='bbox 3171 5260 3294 5298; x_wconf 88' lang='lat' dir='ltr'><strong>eum</strong></span> <span class='ocrx_word' id='word_1_771' title='bbox 3331 5245 3535 5299; x_wconf 89' lang='lat' dir='ltr'><strong>ultimis</strong></span> 
     </span>
    </p>
   </div>
   <div class='ocr_carea' id='block_1_113' title="bbox 1945 5329 3536 5409">
    <p class='ocr_par' dir='ltr' id='par_1_113' title="bbox 1945 5329 3536 5409">
     <span class='ocr_line' id='line_1_114' title="bbox 1945 5329 3536 5409; baseline 0.009 -29"><span class='ocrx_word' id='word_1_772' title='bbox 1945 5337 2298 5398; x_wconf 83' lang='lat' dir='ltr'><strong>aspergentes</strong></span> <span class='ocrx_word' id='word_1_773' title='bbox 2333 5329 2626 5404; x_wconf 81' lang='lat' dir='ltr'><strong>lacrymis,</strong></span> <span class='ocrx_word' id='word_1_774' title='bbox 2677 5344 2732 5391; x_wconf 89' lang='lat' dir='ltr'><strong>et</strong></span> <span class='ocrx_word' id='word_1_775' title='bbox 2763 5336 3008 5394; x_wconf 90' lang='lat' dir='ltr'><strong>dolorem</strong></span> <span class='ocrx_word' id='word_1_776' title='bbox 3056 5341 3363 5409; x_wconf 73' lang='lat' dir='ltr'><strong>graviorem</strong></span> <span class='ocrx_word' id='word_1_777' title='bbox 3420 5341 3536 5395; x_wconf 84' lang='lat' dir='ltr'><strong>elli-</strong></span> 
     </span>
    </p>
   </div>
   <div class='ocr_carea' id='block_1_114' title="bbox 1944 5421 3529 5500">
    <p class='ocr_par' dir='ltr' id='par_1_114' title="bbox 1944 5421 3529 5500">
     <span class='ocr_line' id='line_1_115' title="bbox 1944 5421 3529 5500; baseline 0.009 -26"><span class='ocrx_word' id='word_1_778' title='bbox 1944 5421 2150 5477; x_wconf 86' lang='lat' dir='ltr'><strong>cientes</strong></span> <span class='ocrx_word' id='word_1_779' title='bbox 2188 5424 2514 5494; x_wconf 84' lang='lat' dir='ltr'><strong>ejulatibus;</strong></span> <span class='ocrx_word' id='word_1_780' title='bbox 2545 5443 2670 5483; x_wconf 91' lang='lat' dir='ltr'><strong>cum</strong></span> <span class='ocrx_word' id='word_1_781' title='bbox 2705 5445 2835 5500; x_wconf 85' lang='lat' dir='ltr'><strong>ergo</strong></span> <span class='ocrx_word' id='word_1_782' title='bbox 2865 5433 2981 5488; x_wconf 60' lang='lat' dir='ltr'><strong>hac</strong></span> <span class='ocrx_word' id='word_1_783' title='bbox 3017 5434 3258 5496; x_wconf 77' lang='lat' dir='ltr'><strong>vidisset,</strong></span> <span class='ocrx_word' id='word_1_784' title='bbox 3299 5442 3352 5488; x_wconf 91' lang='lat' dir='ltr'><strong>et</strong></span> <span class='ocrx_word' id='word_1_785' title='bbox 3381 5434 3529 5488; x_wconf 84' lang='lat' dir='ltr'><strong>omni</strong></span> 
     </span>
    </p>
   </div>
   <div class='ocr_carea' id='block_1_115' title="bbox 1943 5513 3530 5599">
    <p class='ocr_par' dir='ltr' id='par_1_115' title="bbox 1943 5513 3530 5599">
     <span class='ocr_line' id='line_1_116' title="bbox 1943 5513 3530 5599; baseline 0.01 -33"><span class='ocrx_word' id='word_1_786' title='bbox 1943 5513 2181 5570; x_wconf 91' lang='lat' dir='ltr'><strong>humana</strong></span> <span class='ocrx_word' id='word_1_787' title='bbox 2219 5532 2323 5588; x_wconf 88' lang='lat' dir='ltr'><strong>ope</strong></span> <span class='ocrx_word' id='word_1_788' title='bbox 2365 5521 2617 5577; x_wconf 90' lang='lat' dir='ltr'><strong>morbum</strong></span> <span class='ocrx_word' id='word_1_789' title='bbox 2661 5527 3048 5594; x_wconf 86' lang='lat' dir='ltr'><strong>potentiorem,</strong></span> <span class='ocrx_word' id='word_1_790' title='bbox 3085 5526 3329 5599; x_wconf 83' lang='lat' dir='ltr'><strong>confugit</strong></span> <span class='ocrx_word' id='word_1_791' title='bbox 3357 5529 3422 5581; x_wconf 88' lang='lat' dir='ltr'><strong>ad</strong></span> <span class='ocrx_word' id='word_1_792' title='bbox 3447 5528 3530 5582; x_wconf 86' lang='lat' dir='ltr'><strong>di-</strong></span> 
     </span>
    </p>
   </div>
   <div class='ocr_carea' id='block_1_116' title="bbox 1944 5609 3530 5681">
    <p class='ocr_par' dir='ltr' id='par_1_116' title="bbox 1944 5609 3530 5681">
     <span class='ocr_line' id='line_1_117' title="bbox 1944 5609 3530 5681; baseline 0.01 -21"><span class='ocrx_word' id='word_1_793' title='bbox 1944 5609 2133 5664; x_wconf 86' lang='lat' dir='ltr'><strong>vinum</strong></span> <span class='ocrx_word' id='word_1_794' title='bbox 2166 5612 2287 5681; x_wconf 85' lang='lat' dir='ltr'><strong>ejus</strong></span> <span class='ocrx_word' id='word_1_795' title='bbox 2336 5630 2551 5670; x_wconf 84' lang='lat' dir='ltr'><strong>servum</strong></span> <span class='ocrx_word' id='word_1_796' title='bbox 2584 5618 2881 5673; x_wconf 90' lang='lat' dir='ltr'><strong>Antonium</strong></span> <span class='ocrx_word' id='word_1_797' title='bbox 2917 5638 2931 5674; x_wconf 86' lang='lat'><strong>:</strong></span> <span class='ocrx_word' id='word_1_798' title='bbox 2961 5628 3013 5675; x_wconf 88' lang='lat' dir='ltr'><strong>et</strong></span> <span class='ocrx_word' id='word_1_799' title='bbox 3043 5635 3166 5673; x_wconf 90' lang='lat' dir='ltr'><strong>cum</strong></span> <span class='ocrx_word' id='word_1_800' title='bbox 3194 5636 3252 5676; x_wconf 88' lang='lat' dir='ltr'><strong>se</strong></span> <span class='ocrx_word' id='word_1_801' title='bbox 3284 5622 3530 5676; x_wconf 78' lang='lat' dir='ltr'><strong>tinxisset</strong></span> 
     </span>
    </p>
   </div>
   <div class='ocr_carea' id='block_1_117' title="bbox 1941 5701 3531 5782">
    <p class='ocr_par' dir='ltr' id='par_1_117' title="bbox 1941 5701 3531 5782">
     <span class='ocr_line' id='line_1_118' title="bbox 1941 5701 3531 5782; baseline 0.009 -27"><span class='ocrx_word' id='word_1_802' title='bbox 1941 5701 2084 5765; x_wconf 89' lang='lat' dir='ltr'><strong>oleo,</strong></span> <span class='ocrx_word' id='word_1_803' title='bbox 2119 5705 2263 5774; x_wconf 91' lang='lat' dir='ltr'><strong>quod</strong></span> <span class='ocrx_word' id='word_1_804' title='bbox 2302 5707 2484 5764; x_wconf 91' lang='lat' dir='ltr'><strong>lumen</strong></span> <span class='ocrx_word' id='word_1_805' title='bbox 2511 5709 2690 5766; x_wconf 87' lang='lat' dir='ltr'><strong>alebat</strong></span> <span class='ocrx_word' id='word_1_806' title='bbox 2719 5711 2772 5766; x_wconf 92' lang='lat' dir='ltr'><strong>in</strong></span> <span class='ocrx_word' id='word_1_807' title='bbox 2808 5711 3005 5778; x_wconf 91' lang='lat' dir='ltr'><strong>loculo,</strong></span> <span class='ocrx_word' id='word_1_808' title='bbox 3043 5711 3198 5782; x_wconf 65' lang='lat' dir='ltr'><strong>(jnain</strong></span> <span class='ocrx_word' id='word_1_809' title='bbox 3225 5729 3349 5768; x_wconf 91' lang='lat' dir='ltr'><strong>cum</strong></span> <span class='ocrx_word' id='word_1_810' title='bbox 3384 5723 3531 5770; x_wconf 78' lang='lat' dir='ltr'><strong>esset</strong></span> 
     </span>
    </p>
   </div>
   <div class='ocr_carea' id='block_1_118' title="bbox 1941 5794 3526 5881">
    <p class='ocr_par' dir='ltr' id='par_1_118' title="bbox 1941 5794 3526 5881">
     <span class='ocr_line' id='line_1_119' title="bbox 1941 5794 3526 5881; baseline 0.012 -36"><span class='ocrx_word' id='word_1_811' title='bbox 1941 5794 2134 5860; x_wconf 85' lang='lat' dir='ltr'><strong>fidelis,</strong></span> <span class='ocrx_word' id='word_1_812' title='bbox 2165 5796 2398 5856; x_wconf 88' lang='lat' dir='ltr'><strong>habebat</strong></span> <span class='ocrx_word' id='word_1_813' title='bbox 2425 5804 2723 5872; x_wconf 84' lang='lat' dir='ltr'><strong>medic-um,</strong></span> <span class='ocrx_word' id='word_1_814' title='bbox 2758 5806 2901 5876; x_wconf 92' lang='lat' dir='ltr'><strong>quod</strong></span> <span class='ocrx_word' id='word_1_815' title='bbox 2933 5809 3246 5881; x_wconf 83' lang='lat' dir='ltr'><strong>acceperat)</strong></span> <span class='ocrx_word' id='word_1_816' title='bbox 3277 5810 3526 5865; x_wconf 89' lang='lat' dir='ltr'><strong>morbum</strong></span> 
     </span>
    </p>
   </div>
   <div class='ocr_carea' id='block_1_119' title="bbox 1941 5887 3524 5973">
    <p class='ocr_par' dir='ltr' id='par_1_119' title="bbox 1941 5887 3524 5973">
     <span class='ocr_line' id='line_1_120' title="bbox 1941 5887 3524 5973; baseline 0.009 -31"><span class='ocrx_word' id='word_1_817' title='bbox 1941 5887 2127 5944; x_wconf 87' lang='lat' dir='ltr'><strong>statim</strong></span> <span class='ocrx_word' id='word_1_818' title='bbox 2157 5890 2329 5963; x_wconf 80' lang='lat' dir='ltr'><strong>fugat,</strong></span> <span class='ocrx_word' id='word_1_819' title='bbox 2360 5905 2414 5950; x_wconf 89' lang='lat' dir='ltr'><strong>et</strong></span> <span class='ocrx_word' id='word_1_820' title='bbox 2439 5895 2639 5954; x_wconf 89' lang='lat' dir='ltr'><strong>fruitur</strong></span> <span class='ocrx_word' id='word_1_821' title='bbox 2672 5899 2979 5970; x_wconf 80' lang='lat' dir='ltr'><strong>curatione,</strong></span> <span class='ocrx_word' id='word_1_822' title='bbox 3007 5911 3060 5957; x_wconf 89' lang='lat' dir='ltr'><strong>et</strong></span> <span class='ocrx_word' id='word_1_823' title='bbox 3085 5914 3281 5973; x_wconf 67' lang='lat' dir='ltr'><strong>printer</strong></span> <span class='ocrx_word' id='word_1_824' title='bbox 3307 5919 3524 5960; x_wconf 82' lang='lat' dir='ltr'><strong>omnem</strong></span> 
     </span>
    </p>
   </div>
  </div>
