4040 6588
461 357 565 423 195

1629 315 2047 403 NlCiZPHOm
2093 332 2556 399 PIIILOSOPIII

3633 317 3738 385 196

455 483 607 538 spem
646 462 858 521 accedit
903 460 969 514 ad
1004 458 1264 523 loculum,
1309 455 1604 524 conﬁtens,
1633 465 1689 511 et
1723 449 2046 510 beneﬁcium
2080 453 2129 513 Α
2158 450 2211 505 in
2235 448 2358 517 ejus
2389 443 2796 502 dormitionem.
2828 438 2960 508 Quae
3004 445 3185 492 autem
3225 435 3276 490 in
3312 433 3568 490 oratione
3601 446 3630 484 a
3660 448 3747 488 me

455 561 606 616 clara
640 573 773 611 voce
799 554 1125 626 pra‘dicans.

528 651 620 706 27.
660 649 797 705 Cum
848 661 980 701 vero
1023 659 1190 715 capsa
1238 641 1512 714 pontiﬁcis
1559 648 1754 696 octavo
1805 639 1892 693 die
1933 646 2054 707 post

456 744 605 816 justa
632 742 796 801 facta.
823 738 1087 810 quoniam
1118 752 1227 790 non
1259 745 1403 790 recte
1429 749 1487 789 se
1513 733 1713 788 habere
1741 730 2049 789 videbatur,

461 845 770 891 mutaretur
799 832 851 885 in
903 831 1208 893 meliorem,
1258 842 1434 882 novus
1478 825 1700 896 quidam
1735 831 1791 878 et
1823 820 2055 891 insignis

463 928 599 982 odor
622 923 882 996 unguenti
908 920 1288 983 sacratissimi,
1317 918 1559 988 implevit
1586 932 1808 972 sensum
1835 930 2052 974 eorum,

463 1021 552 1087 qui
599 1017 845 1078 aderant,
885 1016 1044 1070 tacite
1094 1015 1373 1066 honorans
1407 1027 1530 1064 eum
1575 1010 1667 1079 qui
1713 1007 1951 1078 jacebat,
2004 1013 2059 1060 et

362 1105 368 1111 ’
462 1113 782 1166 describens
835 1125 980 1172 eam,
1028 1123 1149 1177 qua:
1185 1103 1555 1160 intercedebat
1599 1117 1723 1156 cum
1758 1100 1889 1163 Deo,
1919 1115 2051 1155 con-

461 1202 798 1274 junctionem
833 1209 885 1253 et
917 1197 1364 1251 familiaritatem.
1400 1193 1534 1246 Nam
1567 1191 1660 1261 qui
1687 1191 1827 1246 hanc
1853 1205 2058 1244 carun-

465 1294 608 1358 cula,
648 1294 890 1361 inquam
926 1290 1070 1345 cadit
1100 1288 1378 1346 interitus,
1421 1286 1704 1340 Christum
1744 1282 2062 1350 magniﬁca-

464 1396 638 1451 verat,
694 1394 745 1438 et
807 1385 1070 1453 mysticus
1120 1381 1337 1450 quidam
1393 1378 1568 1433 bonus
1615 1375 1751 1429 odor
1785 1375 1835 1428 ei
1885 1373 2064 1429 fuerat

466 1487 740 1536 ostensus,
773 1483 831 1528 ut
867 1474 1019 1544 prius
1065 1471 1394 1526 desiribitur
1428 1467 1745 1537 apostolicis
1775 1466 2062 1534 ,eloquiis;

465 1569 663 1624 merito
696 1567 861 1620 etiam
895 1565 1153 1633 dignatur
1198 1563 1394 1632 gratia,
1431 1575 1554 1630 qua:
1594 1559 1768 1629 spirat
1811 1574 2064 1628 unguen-

465 1674 606 1725 tum,
668 1661 924 1714 virtntem
989 1656 1353 1710 immortalem
1408 1653 1738 1726 praedicante
1793 1649 2066 1722 operatio-

466 1770 616 1808 nem.

2156 553 2285 598 sunt
2321 538 2709 610 pra'tcrmissa,
2746 537 2798 590 in
2826 532 3066 603 ,iuvenili
3101 531 3219 601 ejus
3264 539 3422 584 mtate
3454 527 3598 580 facta
3641 525 3746 580 mi-

2161 635 2371 698 racula,
2409 648 2471 688 ea
2504 630 2744 686 narrabo
2777 637 3052 698 repetens.

2229 729 2319 784 '50.
2354 729 2491 784 Cum
2520 726 2649 780 olim
2692 731 2840 779 esset
2869 727 3028 777 aetate
3068 716 3308 788 juvenis,
3352 723 3402 767 et
3434 712 3747 767 Davidicam

2158 824 2404 896 pulsaret
2427 821 2695 876 citharam
2723 818 2778 874 in
2807 814 3016 885 templo
3041 812 3154 866 Divi
3173 808 3449 865 Theodori
3471 806 3748 877 Martyris,

2159 917 2305 987 quod
2340 922 2460 971 erat
2493 913 2657 969 situm
2699 926 2864 982 super
2909 906 3184 979 quoddam
3236 905 3634 965 coemeterium,
3697 899 3750 951 in

2161 1011 2307 1082 quod
2337 1009 2766 1080 projiciebantur
2785 1003 3050 1058 cadavera
3078 999 3596 1058 condemnatorum,
3622 993 3754 1045 viuit

2161 1103 2429 1174 quosdam
2496 1101 2636 1154 duos
2705 1103 2927 1166 aspectu
2995 1091 3291 1154 deformes,
3345 1088 3542 1158 (solent
3604 1084 3752 1140 enim

2161 1196 2460 1267 plurimum
2504 1192 2661 1256 tales,
2709 1189 2900 1260 quales
2957 1195 3111 1249 sunt,
3164 1180 3447 1253 apparere)
3496 1178 3640 1249 apud
3696 1192 3755 1230 se

2165 1287 2429 1343 iracunde
2460 1285 2709 1339 dicentes
2745 1300 2756 1335 :
2790 1281 3068 1335 Abeamus
3101 1276 3247 1330 hinc.
3289 1272 3562 1326 PI'JBSPllle
3607 1269 3752 1324 enim

2165 1382 2554 1444 adolescente,
2590 1392 2699 1431 non
2753 1373 3153 1429 sustinebimus
3205 1367 3297 1423 hic
3357 1379 3600 1420 manere.
3649 1359 3754 1427 Qui

2165 1474 2386 1546 quidem
2421 1480 2644 1541 repente
2668 1466 3034 1534 aufugientes,
3081 1459 3244 1518 simul
3287 1475 3412 1514 cum
3450 1458 3550 1511 hoc
3589 1454 3755 1509 verbo

2164 1548 2528 1626 evanuerunt.
2589 1546 2703 1617 l-loc
2750 1559 2994 1615 ostendit
3043 1563 3390 1628 potestatem,
3443 1568 3566 1623 qua:
3601 1551 3757 1621 prius

2169 1670 2366 1718 sancto
2393 1662 2447 1714 in
2477 1673 2573 1714 eos
2599 1657 2727 1713 data
2761 1655 2960 1709 fuerat.

2242 1754 2332 1808 5|.
2368 1753 2483 1809 lloc
2516 1764 2737 1820 quoque
2799 1745 3102 1802 secundum
3147 1739 3555 1805 conscribatur,
3608 1735 3754 1806 quod

536 1845 630 1902 9.8.
672 1841 861 1896 Nouus
920 1850 1102 1895 autem
1145 1836 1583 1910 magniﬁcentius
1618 1836 1852 1906 praebuit
1895 1835 2057 1890 mira-

2186 1845 2497 1904 )razcedenli
2531 1840 2871 1912 fuit'arquale
2904 1849 3169 1908 tempore.
3208 1833 3400 1889 Mulier
3427 1831 3676 1894 illustris,
3702 1831 3754 1883 in

468 1939 676 2000 culum,
721 1936 789 1989 ad
834 1934 1158 1990 beneﬁcium
1204 1947 1528 2002 pauperum,
1581 1931 1675 2000 qui
1725 1931 1795 1985 ab
1847 1930 1965 2000 ipso
1996 1930 2064 1984 de

469 2043 622 2081 more
679 2025 985 2088 alebantur,
1036 2024 1117 2078 vel
1167 2023 1347 2093 potius
1381 2039 1409 2075 a
1441 2023 1549 2076 Deo
1585 2037 1680 2091 per
1720 2021 1925 2091 ipsum,
1970 2021 2062 2090 qui

468 2119 632 2173 etiam
669 2133 762 2186 per
793 2117 991 2170 Mosem
1021 2115 1072 2168 in
1107 2116 1324 2168 deserto
1352 2114 1677 2170 alimentum
1713 2112 1851 2182 pluit
1883 2112 2061 2166 admi-

469 2210 640 2265 rabile
669 2227 682 2262 :
716 2218 768 2263 et
814 2209 989 2262 vidua:
1041 2207 1422 2276 Sarephtanze,
1475 2206 1712 2260 adventu
1757 2205 2065 2276 prophetat,

471 2316 700 2374 parvum
737 2298 1121 2368 multiplicavit
1167 2298 1429 2352 viaticum
1466 2294 1755 2366 :quinque
1801 2310 1933 2350 vero
1975 2309 2066 2364 pa-

471 2396 659 2460 nibus,
723 2392 968 2462 quinque
1025 2390 1232 2455 millia;
1275 2398 1329 2444 et
1376 2404 1572 2444 rursus
1629 2397 1873 2456 septem,
1933 2387 2070 2442 aluit

473 2496 712 2556 quatuor
740 2484 935 2547 millia,
968 2491 1023 2536 et
1069 2490 1248 2536 certos
1281 2490 1470 2546 testes,
1517 2495 1638 2550 qua:
1668 2478 1903 2533 satietati
1939 2479 2068 2532 reli-

474 2582 728 2650 quiarum
757 2593 922 2646 super
949 2576 1429 2644 fueruutsportas,
1460 2573 1713 2644 przebuit.
1743 2572 2069 2627 Miraculum

476 2681 658 2726 autem
693 2681 811 2725 erat
837 2670 925 2724 hic
953 2684 1174 2740 quoque
1203 2668 1636 2722 additamentum
1671 2668 1949 2729 ciborum,
1977 2667 2073 2738 qui

477 2763 882 2818 distribuuntur
914 2762 1269 2832 pauperibus.
1307 2759 1359 2815 ld
1389 2775 1518 2816 vero
1547 2769 1667 2815 erat
1691 2761 1847 2831 panis
1871 2772 1921 2814 et
1951 2759 2072 2813 fru-

478 2868 722 2912 mentum
770 2867 1007 2919 coctum,
1045 2871 1151 2910 nou
1213 2869 1444 2909 numero
1491 2854 1712 2924 quidem
1752 2853 2071 2920 indeﬁnito,

477 2951 571 3007 sed
605 2961 874 3022 quantum
927 2949 1147 3004 deﬁnita
1204 2964 1460 3004 mensura
1521 2947 1926 3004 distributionis
1983 2962 2075 3004 so-

477 3045 624 3099 lebat
682 3044 932 3098 sullicere
974 3042 1122 3096 mille
1169 3041 1482 3097 animabus.
1535 3040 1678 3107 Quin
1721 3042 1886 3098 etiam
1918 3049 2078 3096 erant

479 3151 674 3189 omnes
723 3134 923 3188 eaedem
957 3147 1249 3196 mensurae,
1302 3147 1426 3201 qua:
1466 3131 1754 3198 solebant,
1789 3130 1949 3185 iidem
1982 3144 2076 3186 c0-

479 3229 630 3301 phini
676 3227 770 3298 qui
827 3233 1178 3296 acceperunt,
1233 3225 1439 3280 eaedem
1497 3239 1694 3280 manus
1747 3238 1936 3278 eormn
1981 3223 2074 3294 qui

483 3323 889 3378 ministrabant.
930 3319 994 3374 Et
1034 3333 1299 3374 numerus
1327 3317 1549 3388 quidem
1582 3318 1682 3373 fuit
1710 3327 2076 3387 consumptus

483 3432 698 3479 eorum,
749 3415 841 3485 qui
893 3422 1131 3468 tesseras
1174 3412 1424 3466 ferebant
1474 3412 1749 3478 manibus,
1784 3412 1883 3478 (iis
1930 3409 2079 3466 enim

486 3511 639 3581 prius
667 3507 996 3571 distributis,
1029 3506 1421 3561 numerabatur
1445 3506 1594 3560 millc
1623 3505 1909 3562 hominum
1937 3503 2082 3558 mul-

485 3602 698 3672 titudo)
744 3610 1128 3656 remanserunt
1157 3608 1341 3655 autem
1373 3610 1484 3656 tres
1521 3599 1766 3670 cophini,
1793 3599 1887 3670 qui
1919 3597 2086 3654 suﬁ‘e—

487 3707 685 3752 ceruut
717 3694 1069 3765 pauperibus,
1102 3695 1194 3764 qui
1220 3703 1490 3749 venerunt
1519 3694 1728 3764 absque
1764 3692 2010 3748 tesseris.

560 3790 653 3846 29.
692 3787 1014 3858 Cujusmodi
1069 3797 1253 3842 autem
1312 3788 1412 3842 fuit
1463 3787 1515 3842 id
1549 3785 1900 3849 miraculum,
1938 3785 2085 3855 quod

493 3881 699 3936 factum
735 3890 820 3960 est
848 3879 901 3934 in
953 3878 1184 3935 Leonem
1221 3881 1534 3950 patricium,
1564 3879 1659 3950 qui
1687 3889 1916 3949 praeerat
1947 3879 2088 3932 mili-

493 3977 704 4031 taribus
739 3976 1006 4038 numeris,
1031 3976 1246 4031 dicatur
1267 3991 1298 4030 a
1347 3975 1525 4030 nobis.
1565 3972 1660 4028 V'ir
1690 3973 1781 4026 ille
1807 3971 2090 4027 laborabat

493 4068 808 4124 difﬁcultate
841 4069 1136 4133 anhelitus,
1165 4071 1313 4140 quod
1347 4067 1554 4130 causis,
1581 4081 1703 4136 quae
1733 4065 2087 4132 aﬂluxerunt,

491 4164 770 4219 obstructa
800 4171 988 4218 essent
1024 4163 1415 4226 instrumenta,
1452 4169 1508 4216 et
1533 4160 1812 4217 anhelitus
1858 4160 2089 4216 liberum

491 4269 604 4310 non
633 4253 858 4308 haberet
893 4262 1154 4308 meatum.
1187 4253 1293 4320 Qui
1325 4268 1449 4309 cum
1491 4251 1629 4307 adeo
1665 4251 1901 4323 graviter
1941 4252 2094 4308 obsi-

491 4345 734 4410 deretur,
755 4354 1086 4415 tenuemque
1105 4355 1159 4399 et
1177 4346 1715 4407 imbecillamvocem
1737 4345 1944 4408 ederet,
1973 4343 2094 4399 ade-

490 4446 616 4494 rant
641 4438 859 4508 quidem
893 4439 984 4507 qui
1022 4439 1086 4491 ad
1109 4453 1234 4492 eum
1269 4453 1469 4508 genere
1499 4438 1826 4502 attinebant,
1860 4436 2095 4490 maxime

2167 1959 2311 2013 equo
2343 1940 2620 1996 transiens
2652 1951 2746 2006 per
2778 1933 3173 1988 monasterium
3215 1943 3340 1984 cum
3383 1926 3591 1981 mundo
3635 1941 3758 1978 mu-

2172 2034 2554 2126 Iiebri,J)rope
2582 2030 2753 2085 fracta
2777 2027 2996 2097 delapsa
3023 2023 3186 2079 estin
3217 2033 3439 2076 terram.
3472 2019 3604 2072 Nam
3631 2032 3756 2073 cum

2171 2114 2389 2182 divinus
2422 2124 2693 2179 Antonius
2726 2129 2858 2176 tunc
2900 2127 3048 2174 esset
3079 2117 3223 2170 inter
3255 2114 3658 2175 adolescentes,
3705 2119 3760 2163 et

2176 2219 2473 2290 improviso
2504 2225 2653 2272 esset
2682 2232 2713 2270 e
2747 2223 2903 2284 porta
2933 2225 3212 2280 egressus,
3267 2205 3498 2275 contigit
3533 2219 3757 2260 currunt

2175 2322 2396 2382 repente
2428 2307 2772 2371 conturbari,
2828 2303 2974 2375 quod
3029 2317 3094 2357 ex
3136 2301 3248 2357 alto
3281 2301 3538 2354 deorsum
3572 2298 3761 2350 detur—

2176 2407 2378 2470 bassct,
2416 2404 2517 2458 nisi
2569 2417 2690 2458 cam
2731 2403 3178 2462 conservassem,
3203 2395 3296 2463 qui
3333 2409 3458 2449 cum
3487 2393 3601 2461 ipsa
3641 2406 3762 2445 am-

2176 2499 2456 2554 bulabant.
2484 2497 2575 2550 llla
2607 2503 2792 2550 autem
2823 2492 3154 2548 conturbata
3191 2505 3258 2544 eo
3279 2486 3428 2558 quod
3460 2477 3759 2544 acciderat,

2176 2589 2549 2646 venerandum
2627 2585 3016 2643 ludificabatur
3066 2582 3342 2645 habitum,
3395 2589 3455 2634 ut
3507 2577 3559 2632 in
3603 2577 3764 2630 rebus

2177 2679 2501 2751 huiusmodi
2530 2680 2733 2744 solent,
2759 2679 2852 2748 qui
2889 2685 3022 2732 sunt
3050 2673 3232 2746 pusilli
3261 2681 3316 2727 et
3344 2669 3542 2742 abjecti
3569 2665 3761 2722 animi.

2177 2773 2278 2828 Cui
2308 2772 2448 2826 dixit
2475 2771 2521 2825 is
2541 2769 2636 2840 qui
2662 2777 2779 2823 erat
2807 2766 3083 2838 perfecms
3107 2766 3161 2819 in
3189 2764 3480 2834 juventute
3513 2758 3762 2822 :Mulier,

2178 2865 2291 2920 noli
2321 2880 2444 2920 eum
2487 2864 2769 2918 incessere
2800 2859 3136 2924 maledictis;
3171 2856 3311 2910 meis
3338 2853 3484 2910 enim
3510 2851 3767 2906 manibus

2181 2959 2372 3016 venies
2398 2958 2463 3012 ad
2494 2957 2643 3012 hunc
2667 2955 2934 3011 habitum.
2963 2951 3090 3007 Hmc
3119 2951 3258 3006 dixit
3280 2959 3540 3012 sanctus;
3565 2955 3619 3001 et
3639 2961 3766 3000 cum

2181 3051 2338 3108 multi
2397 3049 2528 3105 anui
2563 3097 2567 3104 .
2602 3047 3023 3119 prazteriissent,
3084 3044 3150 3100 ad
3211 3043 3463 3098 eﬁ‘rctum
3523 3038 3771 3110 pervenit

2183 3143 2487 3214 praedictio,
2534 3156 2664 3216 cum
2696 3140 2814 3212 ipse
2853 3139 3074 3208 quidem
3121 3137 3321 3192 beatus
3364 3134 3559 3188 borum
3623 3139 3770 3188 esset

2179 3237 2409 3300 oblitus,
2455 3234 2654 3290 mulier
2691 3247 2820 3288 vero
2881 3231 2932 3286 ei
2987 3237 3301 3286 revocasset
3336 3228 3389 3282 in
3423 3225 3766 3288 memoriam,

2181 3338 2238 3386 et
2259 3328 2564 3401 aperuisset
2581 3342 2708 3382 eum
2725 3340 2871 3391 esse,
2890 3324 2985 3394 qui
3004 3323 3121 3378 haec
3142 3331 3274 3378 tunc
3296 3321 3345 3375 ei
3370 3321 3770 3376 denuntiasset.

2791 3455 3024 3513 CAPUT
3077 3454 3144 3510 ν.

2187 3576 2414 3633 Sanctus
2454 3575 2717 3632 Antonius
2779 3591 2899 3630 cum
2953 3575 3210 3629 veteribus
3250 3571 3350 3628 SS.
3393 3579 3729 3642 comparatus
3756 3585 3776 3625 :

2646 3649 2922 3702 invocatus
2954 3647 3020 3700 ab
3059 3649 3309 3700 Auctore.

2261 3789 2356 3843 52.
2410 3785 2536 3843 Haec
2567 3797 2883 3844 sanctorum
2922 3787 3093 3854 Deus,
3153 3785 3249 3856 qui
3301 3785 3486 3840 omnia
3545 3783 3678 3838 facit
3725 3792 3780 3837 et

2192 3878 2578 3947 transformat,
2627 3880 2722 3950 qtti
2766 3878 2862 3935 dat
2906 3879 3230 3934 alimentum
3269 3879 3418 3933 onmi
3467 3877 3644 3940 carni,
3683 3878 3779 3946 qui

2192 3975 2368 4044 aperit
2397 3989 2647 4038 manum,
2669 3982 2725 4028 et
2750 3973 2940 4044 implet
2966 3987 3129 4028 omne
3144 3971 3346 4026 animal
3365 3970 3779 4034 benedictione;

2193 4068 2289 4139 qui
2318 4067 2588 4139 gloriﬁcat
2621 4083 2739 4132 eos,
2772 4067 2867 4137 qui
2905 4065 3086 4136 ipsum
3115 4064 3445 4136 gloriﬁcant,
3477 4073 3532 4118 et
3563 4071 3647 4118 est
3677 4065 3784 4117 mi-

2196 4160 2389 4216 rabilis
2438 4161 2492 4214 in
2537 4163 2746 4216 sanctis
2783 4160 2925 4216 suis.
2979 4157 3084 4214 Sed
3121 4157 3381 4226 quoniam
3421 4157 3569 4211 brevi
3612 4157 3787 4211 calice

2198 4253 2471 4308 orationis
2505 4265 2768 4322 tanquam
2805 4266 3005 4322 magno
3041 4251 3204 4312 mari,
3241 4248 3581 4306 admirabilis
3611 4249 3788 4300 Anto-

2198 4347 2314 4411 nii,
2363 4356 2417 4401 et
2464 4347 2646 4415 magni
2701 4347 2846 4400 inter
2899 4345 3262 4415 patriarchas,
3316 4358 3541 4412 parvam
3619 4342 3785 4395 vitam

2200 4437 2510 4499 hausimus,
2537 4453 2637 4508 age
2663 4453 2729 4492 ex
2755 4438 3043 4494 doctorum
3073 4441 3484 4508 comparatione
3507 4438 3789 4492 discamus

490 4534 763 4603 ejulautes
820 4533 944 4602 (eos
967 4531 1137 4598 enim,
1174 4531 1268 4600 qui
1306 4540 1438 4587 sunt
1460 4530 1631 4599 gloria
1656 4529 1921 4598 insignes,
1950 4532 2560 4600 niorstiscipulum.
2629 4531 2803 4586 Adam
2854 4532 3089 4586 habetur
3141 4531 3195 4586 iu
3263 4531 3664 4594 admiratione,
3730 4538 3791 4583 ut

495 4627 670 4703 magis
700 4624 1002 4694 exagitat);
1042 4623 1090 4678 ei
1116 4636 1298 4677 antem
1333 4638 1606 4692 nusquam
1631 4632 1748 4676 erat
1780 4619 1957 4675 morbi
2001 4635 2092 4674 so-

495 4721 654 4780 lutio,
701 4719 806 4772 nisi
840 4733 870 4772 a
919 4719 1038 4773 solo
1067 4719 1253 4773 divino
1283 4717 1534 4772 Pastore.
1574 4715 1802 4771 Accedit
1843 4713 1992 4770 enim
2025 4715 2092 4769 ad

495 4827 620 4866 eum
668 4811 1055 4875 dormientem,
1086 4822 1142 4866 et
1189 4827 1314 4866 cum
1356 4825 1482 4865 eum
1520 4826 1551 4864 e
1584 4809 1727 4864 lecto
1758 4807 2091 4871 excitasset,

497 4904 736 4975 rogavit,
787 4905 1252 4974 quemadmodum
1303 4903 1532 4959 morbus
1587 4917 1647 4957 se
1688 4901 1935 4957 haberet.
1988 4901 2093 4966 Qui

499 5008 728 5068 tangens
787 5006 952 5068 caput
1007 5008 1062 5052 et
1111 4998 1442 5058 membrum,
1490 4994 1638 5064 quod
1680 4993 1933 5059 dolebat,
1986 5008 2093 5047 non

497 5091 812 5147 l’a-anicum
848 5091 1176 5158 remedium,
1206 5105 1384 5161 neque
1413 5089 1815 5144 medicamenta
1840 5085 2096 5148 Chironis

499 5188 612 5243 suis
661 5187 976 5257 applicabat
1027 5185 1307 5244 manibus,
1343 5182 1506 5253 (nam
1540 5195 1718 5250 neque
1758 5180 1882 5236 aliis
1909 5188 1994 5235 est
2027 5194 2095 5234 ex

501 5281 588 5336 his
643 5280 810 5336 rebus
865 5279 1122 5350 curatio)
1180 5277 1274 5333 sed
1332 5293 1456 5333 cum
1509 5274 1852 5330 adhibuisset
1908 5290 2095 5344 preces

505 5375 698 5428 morbo
739 5375 1159 5438 convenientes,
1194 5378 1251 5427 et
1285 5369 1774 5440 incomparabilem
1826 5369 2093 5424 malorum

507 5473 825 5518 nostrorum
885 5475 1202 5519 curatorem
1273 5461 1556 5517 Christum
1614 5460 1942 5526 invocasset,
2009 5459 2099 5515 ille

501 5555 721 5624 quidem
765 5556 1033 5611 liberatur
1063 5571 1092 5610 a
1129 5555 1280 5628 gravi
1312 5555 1536 5622 morbo;
1573 5569 1736 5609 verus
1780 5564 1964 5609 autem
1997 5552 2100 5607 fuit

506 5663 730 5717 precum
761 5657 992 5705 eventus
1019 5665 1034 5703 :
1067 5650 1319 5721 protinus
1351 5648 1495 5704 enim
1546 5646 1848 5710 convaluit,
1890 5647 2098 5717 absque

509 5739 902 5810 impedimento
944 5742 1270 5799 miraculum
1317 5741 1594 5813 aperiens,
1635 5740 1767 5795 etin
1799 5749 1908 5794 tota
1937 5739 2100 5793 domo

506 5848 660 5903 suam
697 5837 926 5894 salutent
965 5838 1272 5896 celebrans.
1309 5837 1434 5894 llaec
1468 5844 1598 5894 sunt
1636 5833 1776 5890 facta
1825 5831 2098 5903 pontiﬁcis

2203 4625 2538 4695 principium
2589 4634 2646 4679 et
2686 4626 2837 4680 radix
2874 4626 3114 4694 generis.
3158 4623 3264 4680 Sed
3300 4623 3392 4678 hic
3435 4639 3660 4693 quoque
3692 4621 3792 4676 fuit

2199 4718 2458 4787 princeps
2489 4727 2547 4773 et
2574 4727 2767 4774 auctor
2801 4719 3123 4782 multorum,
3147 4716 3244 4787 qui
3268 4732 3380 4772 non
3409 4725 3542 4771 sunt
3575 4718 3687 4770 nati
3724 4731 3789 4770 ex

2199 4811 2586 4881 conjunctione
2641 4828 2960 4882 corporum,
2991 4811 3087 4865 sed
3135 4820 3265 4867 sunt
3299 4810 3642 4880 multiplicati
3678 4808 3796 4878 spi—

2199 4905 2345 4960 ritali
2378 4904 2772 4974 conjunctione
2812 4922 2826 4958 :
2859 4904 3062 4974 quibus
3097 4919 3206 4958 non
3247 4904 3567 4973 obtigerunt
3618 4916 3795 4970 pmnte

2203 5010 2446 5068 paternae
2479 4999 2888 5064 damnationis;
2936 4999 3027 5052 sed
3065 4999 3337 5053 donorum
3368 4998 3550 5067 potius
3575 4995 3796 5051 heredi—

2199 5103 2390 5160 tatem,
2425 5108 2620 5163 nempe
2675 5093 2840 5146 vitam
2901 5104 3189 5158 mter-nam,
3234 5108 3342 5147 non
3393 5105 3650 5152 mortem,
3689 5092 3796 5146 sibi

2199 5184 2563 5239 conciliarunl
2591 5201 2604 5236 :
2632 5198 2727 5252 per
2760 5197 2925 5252 quam
2946 5184 3274 5254 exprimitur
3305 5199 3428 5240 vera
3458 5195 3507 5236 et
3533 5197 3796 5252 germana

2200 5287 2430 5347 paterna
2482 5275 2762 5345 cognatio.
2824 5276 2891 5330 Et
2926 5277 3002 5332 illi
3038 5276 3259 5345 quidem
3318 5275 3487 5332 cessit
3546 5274 3793 5328 ferarum

2201 5379 2434 5432 natura;
2466 5371 2562 5424 sed
2593 5385 2700 5424 non
2746 5385 2961 5432 eorum,
2996 5372 3092 5442 qui
3126 5371 3276 5427 intus
3308 5381 3489 5436 erant,
3525 5383 3578 5428 et
3619 5378 3797 5428 coha-

2201 5463 2472 5518 bitabant.
2507 5461 2647 5517 llinc
2695 5479 2923 5532 serpens
2965 5475 3019 5518 et
3051 5465 3258 5520 invidia
3285 5475 3340 5521 et
3370 5464 3530 5521 dolus
3559 5476 3793 5520 mortem

2202 5569 2330 5612 sunt
2380 5556 2654 5611 fabricati.
2703 5555 2804 5612 Hic
2854 5567 3037 5612 autem
3088 5559 3323 5629 imperio
3352 5561 3614 5636 \rationis
3669 5575 3796 5614 cum

2202 5651 2466 5720 quidquid
2496 5659 2578 5707 est
2611 5649 2786 5705 ferum
2813 5660 2867 5706 et
2898 5664 3116 5724 agreste
3147 5653 3474 5709 reddidisset
3508 5653 3795 5720 obedieus,

2207 5743 2419 5799 nullum
2459 5744 2684 5801 inimico
2719 5746 2786 5801 ad
2821 5746 3071 5803 fraudem
3113 5755 3299 5818 aptum
3342 5749 3801 5820 reliquitinstru-

2208 5848 2471 5892 mentum.
2498 5837 2630 5892 Abel
2655 5839 2756 5926 ﬁuit
2781 5841 2993 5911 primus
3020 5851 3279 5912 operator
3309 5841 3420 5899 Deo
3445 5854 3797 5914 arrepturum
