4040 6578
327 401 422 466 197

321 516 760 581 sacrificiorum;
795 511 888 569 sed
920 522 1300 578 cruentorum,
1335 520 1389 566 et
1416 510 1588 580 partis
1612 523 1734 578 qum
1755 515 1903 562 caret
1933 523 1978 577 Α

318 612 552 668 ratione.
605 607 703 663 llic
757 617 939 660 autem
988 605 1271 659 sacrificus
1318 602 1585 655 incruenti
1623 600 1900 663 sacrificii,

319 705 476 776 cujus
517 704 609 758 illa
634 706 796 756 erant
829 710 991 772 typus
1023 707 1078 752 et
1119 697 1311 750 umbra
1342 695 1553 748 ratione
1585 691 1904 748 sacrificans

317 809 371 856 et
407 796 633 868 spiritu,
660 803 714 849 et
742 792 989 864 quotidie
1025 789 1265 860 seipsum
1293 787 1608 846 immolans,
1634 799 1664 839 a
1693 785 1904 839 ratione

315 895 624 948 alienarum
684 889 854 943 animi
919 885 1392 956 perturbationum
1460 879 1901 944 mortificatione,

314 997 431 1042 erat
476 983 683 1038 invidia
718 981 973 1051 superior
1002 988 1056 1033 et
1089 978 1207 1048 ejus
1232 976 1475 1043 foetibus,
1506 976 1632 1031 dolo
1658 983 1712 1028 et
1736 973 1902 1036 caede,

312 1088 366 1133 et
417 1078 676 1132 universa
725 1075 963 1142 denique
1021 1071 1187 1125 simili
1238 1080 1452 1124 eatena.
1519 1068 1748 1137 Magnus
1802 1065 1906 1120 fuit

314 1168 488 1233 Seth;
532 1166 627 1221 sed
669 1165 862 1218 habuit
893 1173 1119 1233 nepotes
1170 1177 1230 1215 ex
1288 1161 1673 1231 conjunctione
1700 1175 1906 1228 cogna-

315 1259 506 1323 tionis,
545 1273 668 1326 qute
719 1255 943 1308 fratrem
1005 1254 1316 1316 occiderat,
1371 1254 1462 1322 qui
1532 1252 1906 1321 magnitudine

313 1366 616 1420 corporum
649 1346 1034 1402 describebant
1085 1345 1270 1399 delicti
1305 1344 1757 1414 magnitudinem.
1807 1341 1906 1396 llic

314 1458 449 1498 vero
503 1442 651 1495 illius
693 1441 916 1510 quidem
951 1438 1207 1491 virtutem
1253 1437 1561 1507 superavit;
1598 1436 1667 1490 iis
1699 1444 1902 1500 autem,

313 1537 408 1607 qui
440 1551 505 1590 ex
537 1535 658 1603 ipso
681 1533 792 1587 nati
816 1540 975 1586 erant
1007 1529 1345 1600 spiritaliter,
1374 1529 1587 1583 nullum
1616 1527 1730 1583 fere
1753 1528 1906 1582 dedit

315 1627 531 1680 aditum
567 1641 663 1693 per
697 1624 837 1677 bona
863 1637 960 1676 sua
987 1630 1255 1691 praecepta
1288 1630 1340 1674 et
1369 1621 1598 1683 monita,
1634 1628 1694 1674 ut
1723 1628 1908 1675 essent

314 1717 434 1770 vitii
474 1713 788 1784 participes.
838 1711 1027 1766 Enoch
1053 1720 1108 1766 et
1149 1710 1263 1766 Noe
1300 1711 1388 1765 ille
1439 1712 1660 1780 quidem
1712 1710 1906 1766 beatus

317 1807 547 1863 ducitur
601 1816 822 1876 propter
858 1803 1316 1868 translationem;
1367 1801 1457 1856 hic
1500 1814 1706 1868 autem,
1756 1801 1902 1871 quod

1103 400 1282 462 VITA
1322 399 1384 460 S.
1425 395 1746 457 ANTONII
1785 393 2102 456 CAULE/E
2141 393 2647 454 PATRIARCII/E
2685 394 2794 454 CP.

3491 393 3597 462 198

2080 504 2169 562 54.
2213 504 2349 560 Cum
2397 506 2548 560 Isaac
2598 503 2866 570 ascendit,
2913 505 3190 562 etelestem
3249 517 3458 579 patrem
3506 529 3595 569 se-

2005 615 2184 671 quens
2213 600 2517 666 jnbentem,
2555 612 2663 652 non
2713 598 2766 652 in
2815 601 3082 654 tumulum
3119 601 3380 673 aliquem.
3411 607 3505 660 sed
3542 609 3596 662 in

2008 702 2252 747 montem
2286 691 2573 753 virtutum,
2610 699 2841 744 onustus
2900 692 3065 763 lignis
3104 695 3473 750 continentiae.
3495 697 3600 753 Per

2007 793 2132 846 quae
2173 781 2226 832 in
2261 792 2354 832 ara
2385 777 2565 831 cordis
2607 776 2860 832 desiderii
2891 781 2956 834 ad
2995 782 3158 836 Deum
3193 785 3367 854 ignem
3403 801 3598 840 accen-

2007 872 2165 934 dens,
2196 884 2254 924 se
2278 868 2512 923 hostiam
2552 867 2781 938 prabuit
2825 882 3126 940 acceptam.
3163 875 3384 930 Invenio
3412 886 3595 933 autem

2007 982 2131 1020 eum
2163 965 2316 1020 valde
2364 979 2487 1019 esse
2526 964 2695 1018 Jacob
2733 965 3030 1026 imitatum,
3067 984 3170 1022 non
3198 969 3372 1024 solum
3413 972 3465 1023 in
3496 989 3562 1024 eo
3631 1006 3633 1010 -

2006 1062 2151 1130 quod
2191 1077 2299 1114 non
2336 1058 2478 1115 ﬁctis
2526 1060 2775 1114 moribus
2833 1061 2980 1114 varie
3033 1062 3192 1115 vitam
3225 1077 3380 1116 suam
3439 1063 3569 1116 insti

2008 1154 2192 1217 tuerit,
2225 1154 2318 1207 sed
2356 1154 2520 1207 etiam
2563 1153 2615 1206 in
2642 1168 2728 1215 eo,
2763 1154 2908 1222 quod
2941 1156 3165 1209 recessit
3219 1172 3248 1209 a
3300 1157 3497 1226 patria,
3545 1172 3598 1212 et

2006 1247 2061 1301 in
2093 1249 2267 1302 aliena
2307 1249 2524 1318 regione
2556 1253 2748 1317 degere
2779 1249 3033 1302 statuerit
3071 1268 3082 1303 :
3115 1251 3208 1304 sed
3239 1265 3345 1304 non
3381 1262 3591 1321 propter

2007 1342 2466 1397 cohabitationem
2491 1344 2803 1407 mulierum,
2831 1361 3106 1409 sororum,
3135 1345 3227 1400 sed
3250 1361 3472 1415 propter
3494 1349 3602 1400 vir-

2008 1443 2181 1487 tutum
2232 1450 2483 1489 sororum
2544 1435 2902 1500 desiderium,
2957 1439 3458 1507 contemplationis,
3514 1440 3598 1493 in-

2008 1543 2195 1596 qnam,
2231 1538 2282 1580 et
2311 1529 2574 1591 actionis;
2627 1537 2685 1582 ut
2725 1529 2938 1583 actione
2984 1530 3257 1600 particeps
3285 1540 3434 1586 esset
3464 1546 3601 1586 con-

2011 1622 2413 1690 tcmplationis,
2473 1632 2529 1675 ct
2591 1637 2714 1690 quae
2753 1623 2974 1690 quidem
3027 1623 3092 1676 ad
3149 1640 3315 1678 unum
3367 1625 3597 1691 fontem,

2013 1731 2209 1785 nempe
2245 1716 2310 1768 ad
2346 1714 2580 1784 primum
2634 1715 2861 1780 bonum,
2912 1713 3224 1770 referuntur
3267 1727 3319 1771 et
3349 1719 3597 1788 erigunt;

2009 1824 2108 1878 per
2139 1824 2278 1878 quas
2315 1809 2770 1878 multiplicatione
2810 1808 3132 1878 insignium,
3169 1826 3274 1863 non
3323 1827 3350 1864 a
3389 1812 3602 1867 ratione

323 1915 491 1955 omne
541 1913 718 1969 genus
757 1896 1121 1951 animantium
1171 1895 1515 1950 conservarit
1570 1896 1623 1948 in
1674 1895 1903 1948 diluvio.
1941 1889 1981 1944 Β
2011 1904 2314 1957 alienarum
2343 1903 2638 1972 pecudum,
2675 1903 2766 1957 sed
2801 1905 3014 1959 ratione
3053 1904 3428 1974 prmdjtarum’
3471 1924 3599 1962 (ενει-

318 1993 526 2048 Noster
557 2007 689 2046 vero
723 1991 814 2046 hic
838 2006 1060 2061 quoque
1085 1989 1354 2059 exemplis
1383 2004 1492 2043 non
1533 1987 1784 2053 inferior,
1826 1996 1913 2043 est

317 2086 573 2140 moribus
603 2083 892 2153 superior:
919 2083 980 2138 et
1003 2082 1291 2138 translatio
1314 2098 1421 2137 non
1446 2081 1608 2137 habet
1637 2082 1903 2149 laetitiam,

317 2197 444 2251 qua:
483 2195 580 2248 spe
628 2178 822 2232 mortis
887 2177 1341 2246 interrumpatur,
1382 2176 1476 2231 sed
1533 2177 1657 2230 vita;
1693 2188 1912 2232 auertite

318 2273 605 2329 successio
642 2286 836 2342 puram
893 2272 1127 2340 percipit
1175 2271 1560 2340 voluptatem:
1621 2279 1674 2325 et
1729 2279 1911 2325 servat

320 2383 530 2432 arcam,
566 2381 675 2419 non
727 2365 944 2434 plenam
990 2364 1366 2418 animantibus
1401 2364 1634 2418 rationis
1671 2364 1910 2433 experti-

319 2461 516 2526 tibus;
562 2458 654 2514 sed
709 2456 1035 2522 Ecclesiam,
1097 2456 1256 2525 cujus
1317 2457 1402 2511 illa
1435 2465 1565 2511 sunt
1620 2457 1906 2526 imagines,

323 2553 481 2608 omni
521 2565 717 2622 genere
741 2558 794 2604 et
817 2559 977 2604 aetate
1005 2551 1240 2605 rationis
1268 2549 1599 2620 participum
1627 2549 1906 2605 refertam.
1939 2595 1948 2606 ,

395 2647 488 2700 55.
524 2646 661 2700 Cum
685 2644 960 2699 Abraham
991 2643 1262 2698 vocationi
1303 2644 1441 2712 ejus,
1478 2644 1569 2714 qui
1595 2643 1772 2714 ipsum
1811 2659 1910 2698 vo-

321 2737 469 2792 cavit
484 2751 512 2790 e
533 2745 758 2807 paterna
782 2736 965 2797 domo,
999 2734 1323 2805 emigrando
1343 2735 1665 2806 peregrinus
1685 2734 1909 2790 effectus

318 2831 509 2902 paruit
540 2845 712 2900 usque
757 2829 824 2884 ad
860 2841 1118 2883 mortem.
1159 2825 1264 2882 Sed
1306 2827 1395 2882 ille
1428 2827 1647 2897 quidem
1693 2825 1908 2898 fugiens

320 2938 570 2978 errorem
621 2922 804 2977 cultus
849 2925 1184 2986 daemonum,
1218 2935 1377 2990 qttem
1416 2918 1604 2990 fugere
1653 2919 1738 2974 vel
1794 2923 1906 2988 ipsa

325 3015 492 3071 docet
519 3027 708 3068 natura
734 3008 982 3076 etinens,
1015 3028 1136 3082 quae
1163 3011 1446 3066 dominatu
1477 3011 1769 3066 deterioris
1802 3028 1907 3064 non

322 3109 554 3163 omnino
576 3106 811 3178 perdidit
837 3107 944 3160 vim
974 3103 1284 3176 judicandi,
1309 3105 1564 3160 tenebras
1595 3114 1647 3157 et
1679 3113 1906 3158 mortem

322 3201 448 3255 luce
492 3201 872 3265 commutavit,
907 3208 960 3254 et
989 3201 1188 3268 pietate
1225 3198 1583 3269 impietatem,
1622 3213 1744 3267 quae
1781 3204 1911 3251 sunt

327 3310 416 3349 res
457 3309 554 3364 per
602 3309 660 3349 se
733 3295 1049 3361 expetenda:
1102 3291 1372 3346 universae
1409 3301 1637 3354 natura},
1671 3305 1792 3360 qua:
1827 3298 1911 3344 est

323 3387 609 3457 particeps
639 3385 893 3441 rationis.
920 3385 1016 3440 llic
1041 3395 1227 3440 autem
1254 3401 1283 3438 a
1311 3387 1494 3454 pueris
1527 3384 1664 3438 lacte
1691 3383 1912 3452 pietatis

326 3481 630 3546 enutritus,
671 3488 726 3533 et
760 3478 948 3534 vivens
999 3477 1053 3532 in
1085 3479 1173 3542 iis,
1227 3492 1349 3547 qua:
1394 3484 1553 3531 erant
1582 3474 1910 3545 expetenda,

330 3574 565 3647 (nullius
601 3573 748 3628 enim
795 3573 871 3627 rei
930 3572 1205 3644 fugiendae
1237 3586 1304 3626 ne
1342 3571 1632 3642 vestigium
1689 3570 1911 3640 quidem

331 3667 503 3723 ullum
537 3681 779 3736 unquam
812 3665 1132 3734 admiserat)
1171 3663 1482 3736 perfectiori
1511 3663 1722 3733 judicio
1763 3677 1911 3732 qua:-

328 3763 483 3818 rebat
510 3760 685 3832 magis
721 3760 867 3830 piutn
907 3770 1110 3816 statum
1143 3769 1195 3814 et
1220 3760 1395 3830 tnagis
1426 3758 1772 3828 eligendum;
1800 3758 1913 3811 vita

330 3855 522 3916 vitam,
552 3863 606 3909 et
637 3853 761 3908 luce
791 3854 994 3918 lucem,
1029 3863 1084 3908 et
1109 3853 1398 3923 eligendis,
1428 3861 1487 3906 ut
1511 3853 1682 3908 semel
1708 3853 1912 3918 dicam,

330 3955 652 4018 permutans
688 3947 861 4018 magis
894 3947 1163 4017 eligenda.
1196 3945 1475 4012 Quantum
1526 3960 1658 4000 vero
1689 3945 1915 4000 interest

333 4041 478 4095 inter
509 4039 781 4109 eligenda,
807 4049 864 4094 et
890 4054 952 4094 ea
977 4055 1102 4110 qua:
1133 4047 1263 4093 sunt
1292 4039 1466 4109 magis
1487 4038 1769 4109 eligenda;
1795 4047 1916 4092 tan-

333 4137 449 4182 tum
484 4127 650 4182 etiam
693 4127 922 4182 omnino
958 4127 1189 4184 interest
1233 4127 1376 4180 inter
1401 4143 1498 4183 eos
1545 4128 1636 4198 qui
1681 4128 1908 4198 eligunt.

336 4217 441 4274 Sed
478 4220 754 4274 Abraham
813 4219 1034 4290 quidem
1084 4234 1181 4275 eos
1215 4220 1458 4288 hospitio
1487 4219 1788 4289 accipiens,
1818 4219 1912 4289 qui

333 4314 646 4370 transibant
679 4330 775 4384 per
803 4314 1064 4380 Mambre,
1099 4316 1266 4370 semel
1308 4315 1627 4384 imprudens
1676 4313 1915 4384 hospitio

334 4407 547 4478 accepit
587 4408 832 4478 angelos.
869 4407 969 4462 llic
998 4424 1127 4462 vero
1162 4407 1330 4463 totius
1375 4407 1525 4463 orbis
1582 4417 1741 4463 terra:
1778 4423 1917 4476 pau-

339 4514 496 4570 peres
529 4512 790 4571 perpetuo
842 4502 1144 4571 excipiens,
1203 4501 1484 4556 Christum
1547 4500 1788 4570 Ιιοειιίιίο
1820 4515 1917 4569 per

2015 1994 2087 2049 sit
2127 1994 2356 2064 insignis
2389 1994 2529 2048 inter
2562 1995 2924 2064 patriarchas.

2083 2087 2173 2140 35.
2211 2088 2393 2140 Aaron
2435 2086 2538 2140 fuit
2584 2087 2794 2156 primus
2846 2087 3124 2155 pontifex,
3187 2087 3280 2142 sed
3337 2089 3497 2159 typici
3547 2097 3601 2143 et
3677 2084 3690 2093 ’

2015 2179 2324 2236 umbratilis
2380 2181 2737 2235 tabernaculi.
2788 2180 2889 2234 llic
2939 2191 3120 2234 autem
3168 2181 3303 2245 veri,
3342 2191 3396 2235 et
3444 2180 3600 2247 cujus

2012 2269 2142 2324 illud
2177 2281 2293 2324 erat
2324 2270 2516 2339 figura.
2558 2272 2692 2326 Cum
2733 2272 2879 2326 Mose
2907 2271 3011 2325 fuit
3044 2271 3160 2325 Dux
3198 2274 3322 2327 novi
3356 2273 3596 2328 lsraelis.

2011 2362 2149 2417 Cum
2189 2361 2442 2417 Samnele
2483 2363 2584 2418 fuit
2631 2379 2788 2419 sacer
2823 2365 2892 2419 ab
2938 2365 3205 2430 infantia,
3253 2374 3308 2420 et
3337 2366 3404 2420 ad
3439 2381 3599 2420 sene-
3678 2397 3680 2399 -

2011 2465 2216 2510 ctutem
2269 2471 2442 2524 usque
2483 2453 2593 2510 Deo
2637 2457 2904 2510 serviens.
2955 2456 3206 2511 Imitatus
3254 2468 3339 2511 est
3387 2458 3600 2512 Davidis

2013 2551 2510 2614 mansuetudinem,
2564 2558 2638 2613 et,
2672 2550 2717 2603 si
2755 2551 2858 2611 vis,
2885 2550 3050 2604 etiam
3087 2549 3464 2605 fortitudinem
3503 2561 3602 2607 :ut

2010 2643 2104 2713 qui
2130 2657 2235 2696 n0n
2273 2642 2538 2696 adversus
2568 2641 2808 2706 Goliath,
2847 2643 3125 2696 hominem
3161 2644 3452 2712 quemdam
3487 2660 3604 2698 ma-

2007 2733 2295 2805 gnitudine
2337 2735 2583 2804 corporis
2633 2734 2980 2805 gloriantem,
3025 2750 3086 2789 se
3134 2745 3280 2790 recte
3329 2737 3596 2806 gesserit;

2011 2829 2104 2884 sed
2160 2828 2422 2882 adversus
2467 2827 2680 2882 Goliath
2735 2829 2827 2898 qui
2868 2829 3167 2899 percipitur
3198 2829 3555 2902 intelligentia
3581 2871 3598 2897 ,

2012 2923 2335 2994 malignum,
2368 2924 2613 2993 inquam,
2641 2931 2694 2977 et
2722 2923 2921 2991 carnis,
2954 2932 3231 2993 expertem
3273 2925 3601 2991 dannonem,

2012 3034 2135 3072 cum
2188 3019 2338 3086 virga
2373 3017 2727 3071 Continentiaa
2769 3032 3023 3086 egressus
3062 3025 3146 3073 est
3189 3017 3340 3086 virga
3374 3017 3518 3085 fidei,
3551 3030 3604 3071 et

2014 3109 2332 3177 praeclarum
2382 3109 2557 3163 erexit
2613 3119 2902 3179 tropaeum.
2957 3109 3106 3163 Elias
3149 3109 3339 3179 effugit
3373 3110 3604 3166 insidias

2015 3199 2305 3256 Jezabclis.
2349 3199 2446 3256 llic
2499 3212 2680 3256 autem
2719 3202 2947 3256 insidias
2998 3203 3329 3272 impudentis
3369 3205 3599 3274 peccati.

1939 3263 1984 3324 ο
2016 3294 2217 3350 llahuit
2256 3312 2377 3349 rum
2416 3295 2613 3350 Elisaao
2661 3295 2932 3365 duplicem
2983 3263 3222 3366 Spiritus
3252 3263 3508 3367 gratiam,
3544 3310 3604 3352 ut

2015 3389 2108 3460 qui
2141 3388 2459 3442 monasticis
2491 3394 2545 3440 et
2575 3386 3011 3442 sacerdOtalibus
3042 3387 3205 3442 donis
3242 3399 3386 3442 esset
3432 3403 3602 3443 orna-

2017 3493 2123 3537 tus.
2150 3480 2215 3535 Et
2247 3491 2303 3535 ut
2335 3496 2451 3545 eos,
2481 3481 2574 3549 qui
2607 3481 2972 3547 intercedunt,
3020 3483 3343 3536 omittamus
3381 3493 3603 3552 propter

2015 3573 2448 3639 multitudinem,
2470 3571 2722 3638 Joannis,
2753 3574 2916 3627 vitam
2941 3589 3048 3628 non
3075 3590 3243 3645 agens
3269 3575 3600 3640 solitariam,

2015 3667 2069 3722 in
2102 3667 2276 3721 media
2329 3666 2548 3722 civitate
2595 3667 2842 3722 imitatus
2895 3675 2982 3722 est
3029 3667 3458 3738 philosophiam.
3503 3669 3603 3723 Hic

2015 3774 2236 3829 quoque
2281 3759 2425 3828 quod
2483 3760 2551 3814 ad
2601 3775 2662 3814 se
2719 3760 3010 3824 attinebat,
3068 3761 3301 3815 habebat
3352 3777 3598 3817 mensam

2016 3850 2224 3920 absque
2256 3850 2366 3903 ullo
2400 3860 2687 3921 apparatu,
2718 3862 2773 3906 et
2797 3851 2889 3907 hic
2914 3867 2980 3908 ex
3010 3853 3134 3920 pilis
3168 3862 3423 3908 contexta
3455 3865 3603 3908 veste

2017 3957 2220 4012 corpus
2270 3948 2506 4013 tegebat,
2559 3953 2614 3999 et
2656 3944 2822 3999 veluti
2877 3947 3113 4014 quadam
3165 3947 3388 4016 pellicea
3431 3964 3599 4013 zona,

2017 4054 2212 4111 nempe
2251 4043 2723 4111 perturbationum
2765 4039 2935 4094 animi
2971 4039 3414 4105 mortificatione,
3457 4041 3604 4094 lum-

2017 4130 2116 4184 bos
2169 4147 2302 4186 suos
2333 4129 2764 4201 constringebat,
2807 4139 2862 4185 et
2891 4130 2957 4184 ad
2991 4145 3115 4185 eum
3149 4129 3462 4184 confluebat
3493 4144 3600 4184 non

2019 4237 2128 4278 una
2163 4224 2393 4289 civitas,
2434 4239 2610 4295 neque
2661 4239 2768 4278 una
2811 4238 2967 4289 gens,
3005 4223 3099 4278 sed
3136 4225 3310 4278 turba:
3354 4223 3604 4292 plurima:

2017 4320 2219 4388 populo
2252 4319 2554 4390 frequentis
2587 4319 2842 4383 civitatis,
2878 4319 3120 4373 collecta:
3142 4332 3206 4372 ex
3235 4333 3397 4372 omne
3429 4333 3602 4387 genus

2019 4412 2273 4484 gentibus
2301 4423 2354 4467 et
2379 4412 2714 4478 civitatibus,
2751 4421 2860 4466 tam
2890 4409 3208 4475 orientales,
3250 4424 3413 4478 quam
3459 4409 3605 4463 occi-

2020 4507 2297 4573 dentales;
2330 4521 2435 4560 non
2482 4521 2622 4574 aqua
2673 4506 2961 4575 tingenda'.
2994 4505 3091 4559 sed
3139 4503 3410 4574 spirituali
3450 4503 3601 4574 put-io

338 4604 507 4649 totam
561 4595 728 4649 vitam
759 4595 1086 4664 excipiebat,
1143 4596 1233 4664 qui
1265 4580 1528 4650 ineffabili
1584 4594 1916 4663 benignitate
1953 4617 1992 4671 υ
2025 4599 2245 4653 ﬁeanda:
2279 4599 2559 4668 mysterio,
2593 4597 2738 4668 quod
2779 4595 3138 4666 peragebatur
3165 4595 3365 4649 divinis
3394 4596 3602 4650 instru-

335 4703 424 4751 ea,
465 4702 588 4757 qua!
619 4698 747 4742 sunt
779 4687 1022 4754 illm-um,
1048 4688 1148 4742 sibi
1175 4689 1423 4743 attribuit
1467 4707 1480 4743 :
1529 4704 1622 4758 per
1658 4703 1777 4757 qua:
1809 4702 1915 4740 non

338 4780 390 4833 in
422 4780 606 4851 specie
656 4779 997 4850 angelorum,
1035 4779 1129 4834 sed
1167 4783 1220 4833 in
1257 4781 1333 4835 rei
1375 4781 1619 4840 veritate.
1671 4781 1916 4834 omnimn

337 4855 664 4928 effectricem
699 4873 1028 4928 Trinitatem
1072 4874 1124 4927 in
1168 4873 1406 4927 animam
1443 4875 1759 4935 admittens.
1811 4889 1916 4928 non

343 4964 534 5018 habuit
562 4965 986 5032 promissionem
1038 4966 1197 5019 unius
1235 4964 1327 5018 filii
1360 4965 1453 5036 qui
1487 4965 1695 5018 carnali
1729 4976 1920 5034 przeter

347 5072 497 5125 spem
531 5065 649 5110 erat
673 5057 993 5112 nasciturus
1026 5056 1414 5126 conjunctione
1444 5073 1458 5122 ;
1498 5057 1592 5112 sed
1630 5065 1688 5110 ut
1723 5058 1920 5111 multo-

342 5165 460 5203 rum
498 5151 683 5219 potius
733 5149 967 5203 Iiliorum
1009 5150 1200 5204 activa:
1230 5149 1590 5220 philosophia
1640 5149 1920 5220 eonjugio,

299 5315 302 5318 ι
344 5243 395 5295 in
432 5243 628 5312 spiritu
683 5252 972 5296 vocaretur
1007 5252 1184 5312 pater,
1222 5243 1414 5296 habuit
1472 5242 1918 5312 promissionem,

345 5343 397 5389 et
431 5348 631 5406 praeter
659 5350 810 5407 Spem
845 5337 978 5391 vidit
1012 5336 1523 5404 multiplicationem
1554 5336 1771 5406 dignam
1793 5353 1922 5406 prun

345 5428 631 5494 missione,
665 5438 726 5484 ut
751 5428 844 5499 qui
884 5443 994 5483 non
1027 5436 1397 5484 trecentorum
1449 5444 1746 5485 vernarum
1780 5429 1923 5484 irru-

345 5522 568 5590 ptione,
626 5523 921 5576 multorum
986 5538 1173 5591 regum
1229 5522 1556 5592 represserit
1609 5522 1919 5593 impetum;

304 5615 437 5668 'sed
494 5615 640 5668 virili
698 5615 902 5686 impetu
974 5615 1259 5685 tripartita:
1313 5619 1540 5681 animae,
1607 5619 1921 5670 universam

344 5709 604 5764 everterit
638 5709 811 5766 aciem
846 5725 1061 5774 eorum,
1109 5710 1202 5780 qui
1255 5710 1608 5776 invadebant,
1642 5721 1698 5766 et
1735 5723 1927 5782 tyran-

349 5801 469 5858 uice
495 5802 575 5869 id,
605 5803 749 5872 quod
793 5813 880 5858 est
909 5812 1227 5874 cognatum,
1257 5820 1354 5874 per
1398 5805 1733 5876 voluptatem
1776 5808 1918 5864 redi-

347 5895 550 5961 gebant
575 5896 628 5952 in
659 5897 1055 5966 captivitatem,
1083 5896 1186 5955 sub
1215 5898 1337 5952 ficta
1371 5899 1520 5969 regni
1555 5903 1755 5969 specie.

2024 4689 2223 4744 mentis
2247 4689 2393 4742 illius
2421 4703 2616 4742 manus
2641 4697 2694 4740 et
2729 4686 2946 4757 linguae,
2978 4695 3032 4740 et
3066 4685 3317 4739 initiabat
3356 4701 3474 4749 eos,
3511 4687 3606 4756 qui

2022 4779 2388 4849 dignabantnr
2415 4778 2803 4832 communione
2833 4776 3038 4831 deificze
3074 4777 3534 4845 participationis.

2093 4868 2182 4925 56.
2239 4871 2626 4940 Apostolorum
2687 4878 2869 4922 autem
2930 4883 3169 4939 sequens
3227 4868 3508 4923 doctrinas
3555 4877 3609 4922 et

2025 4965 2368 5031 traditiones,
2407 4976 2460 5022 et
2498 4967 2578 5021 eis
2603 4982 2756 5021 suam
2790 4966 2956 5020 vitam
2999 4981 3214 5035 semper
3245 4981 3605 5035 componens,

2025 5059 2184 5115 factis
2228 5076 2548 5130 germanum
2597 5061 2949 5116 confirmavit
2981 5060 3326 5131 martyrium,
3377 5060 3430 5112 in
3459 5059 3608 5130 quod

2025 5161 2326 5222 martyrum
2380 5154 2556 5206 zelum
2612 5153 2836 5205 haberet
2870 5168 2969 5222 pro
3021 5152 3336 5222 pietate,'et
3365 5151 3610 5221 quotidie

2023 5261 2122 5300 sua
2159 5253 2462 5300 moreretur
2486 5244 2853 5308 conscientia;
2890 5245 3322 5299 monastieorum
3359 5244 3605 5297 laborum

2023 5340 2280 5394 diuturna
2334 5347 2388 5392 et
2429 5337 2622 5392 acetba
2672 5339 3064 5408 perpessione:
3116 5337 3260 5408 quod
3311 5335 3608 5407 martyrica

2025 5433 2224 5487 virtute
2271 5431 2418 5486 nulla
2480 5430 2532 5484 in
2593 5444 2650 5484 re
2685 5439 2769 5486 est
2817 5430 3105 5499 abjectius.
3162 5429 3421 5486 Omnium
3476 5445 3608 5500 ergo

2026 5535 2340 5580 sanctorum
2385 5533 2440 5578 et
2492 5523 2792 5593 justorum,
2846 5523 3060 5577 illorum
3123 5522 3344 5592 quidem
3404 5537 3604 5586 mores,

2026 5617 2224 5674 horum
2262 5631 2392 5672 vero
2423 5632 2671 5680 cursum,
2718 5617 2948 5672 aliorum
2981 5624 3161 5668 autem
3193 5614 3487 5677 actionem,
3530 5613 3609 5668 si-

2027 5712 2139 5766 mul
2169 5725 2301 5765 vero
2331 5709 2576 5765 omnium
2610 5711 2677 5765 ad
2709 5709 2944 5780 primum
2981 5708 3206 5772 bonum,
3240 5705 3610 5762 vehementis-

2027 5804 2228 5859 simum
2255 5811 2308 5858 et
2335 5802 2843 5859 constantissimnm
2878 5800 3122 5856 imitatus
3151 5809 3230 5856 est
3253 5801 3604 5856 desiderium.

2029 5901 2149 5966 Quo
2182 5914 2327 5954 nunc
2360 5908 2548 5968 aperte
2585 5897 2794 5966 fruens,
2846 5906 3100 5969 protegas
3143 5907 3195 5954 ct
3243 5897 3529 5958 defnndas.
3577 5913 3612 5948 o
