  <div class='ocr_page' id='page_1' title='image "/cluster/home/n/w/nwhite01/storage/ocr_20150623/106/hvd.32044051727071/111.png"; bbox 0 0 4034 6590; ppageno 0'>
   <div class='ocr_carea' id='block_1_1' title="bbox 397 368 1990 452">
    <p class='ocr_par' dir='ltr' id='par_1_1' title="bbox 397 381 1990 452">
     <span class='ocr_line' id='line_1_1' title="bbox 397 381 1990 452; baseline -0.008 0"><span class='ocrx_word' id='word_1_1' title='bbox 397 387 501 452; x_wconf 77' lang='grc'><strong>199</strong></span> <span class='ocrx_word' id='word_1_2' title='bbox 1569 382 1925 444; x_wconf 78' lang='lat' dir='ltr'><strong>ANDREAS</strong></span> <span class='ocrx_word' id='word_1_3' title='bbox 1963 381 1990 440; x_wconf 74' lang='grc' dir='ltr'><strong>ί</strong></span> 
     </span>
    </p>
   </div>
   <div class='ocr_carea' id='block_1_2' title="bbox 2086 368 3679 452">
    <p class='ocr_par' dir='ltr' id='par_1_2' title="bbox 2086 368 3679 439">
     <span class='ocr_line' id='line_1_2' title="bbox 2086 368 3679 439; baseline -0.003 -1"><span class='ocrx_word' id='word_1_4' title='bbox 2086 379 2481 439; x_wconf 69' lang='lat' dir='ltr'><strong>SARIENSIS</strong></span> <span class='ocrx_word' id='word_1_5' title='bbox 2594 408 2597 411; x_wconf 53' lang='grc' dir='ltr'><strong>ι</strong></span> <span class='ocrx_word' id='word_1_6' title='bbox 3564 368 3679 434; x_wconf 73' lang='grc'>200</span> 
     </span>
    </p>
   </div>
   <div class='ocr_carea' id='block_1_3' title="bbox 395 482 3678 570">
    <p class='ocr_par' dir='ltr' id='par_1_3' title="bbox 395 482 3678 570">
     <span class='ocr_line' id='line_1_3' title="bbox 395 482 3678 570; baseline -0.005 -13"><span class='ocrx_word' id='word_1_7' title='bbox 395 503 641 558; x_wconf 86' lang='lat' dir='ltr'><strong>divinum</strong></span> <span class='ocrx_word' id='word_1_8' title='bbox 686 508 741 556; x_wconf 91' lang='lat' dir='ltr'><strong>et</strong></span> <span class='ocrx_word' id='word_1_9' title='bbox 774 513 996 554; x_wconf 88' lang='lat' dir='ltr'><strong>sacrum</strong></span> <span class='ocrx_word' id='word_1_10' title='bbox 1030 508 1215 570; x_wconf 87' lang='lat' dir='ltr'><strong>caput,</strong></span> <span class='ocrx_word' id='word_1_11' title='bbox 1252 513 1470 553; x_wconf 87' lang='lat' dir='ltr'><strong>sacrum</strong></span> <span class='ocrx_word' id='word_1_12' title='bbox 1504 495 1834 570; x_wconf 71' lang='lat' dir='ltr'><strong>gregem,&#39;et</strong></span> <span class='ocrx_word' id='word_1_13' title='bbox 1881 494 1990 550; x_wconf 90' lang='lat' dir='ltr'><strong>tuis</strong></span> <span class='ocrx_word' id='word_1_14' title='bbox 2016 504 2065 561; x_wconf 78' lang='grc' dir='ltr'><strong>Α</strong></span> <span class='ocrx_word' id='word_1_15' title='bbox 2093 511 2279 550; x_wconf 77' lang='lat' dir='ltr'><strong>serves</strong></span> <span class='ocrx_word' id='word_1_16' title='bbox 2322 508 2513 549; x_wconf 87' lang='lat' dir='ltr'><strong>navem</strong></span> <span class='ocrx_word' id='word_1_17' title='bbox 2556 490 2609 545; x_wconf 94' lang='lat' dir='ltr'><strong>in</strong></span> <span class='ocrx_word' id='word_1_18' title='bbox 2642 500 2757 544; x_wconf 90' lang='lat' dir='ltr'><strong>tuto</strong></span> <span class='ocrx_word' id='word_1_19' title='bbox 2795 495 2950 559; x_wconf 86' lang='lat' dir='ltr'><strong>portu</strong></span> <span class='ocrx_word' id='word_1_20' title='bbox 3000 484 3198 541; x_wconf 73' lang='lat' dir='ltr'><strong>divinze</strong></span> <span class='ocrx_word' id='word_1_21' title='bbox 3229 482 3678 552; x_wconf 85' lang='lat' dir='ltr'><strong>tranquillitatis.</strong></span> 
     </span>
    </p>
   </div>
   <div class='ocr_carea' id='block_1_4' title="bbox 396 578 3679 666">
    <p class='ocr_par' dir='ltr' id='par_1_4' title="bbox 396 578 3679 666">
     <span class='ocr_line' id='line_1_4' title="bbox 396 578 3679 666; baseline -0.006 -17"><span class='ocrx_word' id='word_1_22' title='bbox 396 598 651 666; x_wconf 87' lang='lat' dir='ltr'><strong>precibus</strong></span> <span class='ocrx_word' id='word_1_23' title='bbox 675 594 971 649; x_wconf 88' lang='lat' dir='ltr'><strong>corrobora</strong></span> <span class='ocrx_word' id='word_1_24' title='bbox 996 603 1207 663; x_wconf 83' lang='lat' dir='ltr'><strong>sceptra</strong></span> <span class='ocrx_word' id='word_1_25' title='bbox 1238 593 1479 663; x_wconf 87' lang='lat' dir='ltr'><strong>pietatis,</strong></span> <span class='ocrx_word' id='word_1_26' title='bbox 1508 601 1563 647; x_wconf 90' lang='lat' dir='ltr'><strong>et</strong></span> <span class='ocrx_word' id='word_1_27' title='bbox 1591 608 1813 646; x_wconf 92' lang='lat' dir='ltr'><strong>manum</strong></span> <span class='ocrx_word' id='word_1_28' title='bbox 1845 604 1982 660; x_wconf 66' lang='lat' dir='ltr'><strong>praa-</strong></span> <span class='ocrx_word' id='word_1_29' title='bbox 2086 604 2279 644; x_wconf 87' lang='lat' dir='ltr'><strong>omnes</strong></span> <span class='ocrx_word' id='word_1_30' title='bbox 2314 588 2511 642; x_wconf 90' lang='lat' dir='ltr'><strong>sedans</strong></span> <span class='ocrx_word' id='word_1_31' title='bbox 2546 585 2790 639; x_wconf 88' lang='lat' dir='ltr'><strong>turbines</strong></span> <span class='ocrx_word' id='word_1_32' title='bbox 2820 593 2875 637; x_wconf 93' lang='lat' dir='ltr'><strong>et</strong></span> <span class='ocrx_word' id='word_1_33' title='bbox 2897 588 3248 650; x_wconf 67' lang='lat' dir='ltr'><strong>tempestates</strong></span> <span class='ocrx_word' id='word_1_34' title='bbox 3274 578 3679 647; x_wconf 91' lang='lat' dir='ltr'><strong>improborum,</strong></span> 
     </span>
    </p>
   </div>
   <div class='ocr_carea' id='block_1_5' title="bbox 396 670 3679 759">
    <p class='ocr_par' dir='ltr' id='par_1_5' title="bbox 396 670 3679 759">
     <span class='ocr_line' id='line_1_5' title="bbox 396 670 3679 759; baseline -0.008 -14"><span class='ocrx_word' id='word_1_35' title='bbox 396 692 527 745; x_wconf 88' lang='lat' dir='ltr'><strong>beas</strong></span> <span class='ocrx_word' id='word_1_36' title='bbox 564 692 663 758; x_wconf 67' lang='lat' dir='ltr'><strong>pize</strong></span> <span class='ocrx_word' id='word_1_37' title='bbox 717 689 991 759; x_wconf 66' lang='lat' dir='ltr'><strong>potentite,</strong></span> <span class='ocrx_word' id='word_1_38' title='bbox 1034 688 1224 741; x_wconf 87' lang='lat' dir='ltr'><strong>mundi</strong></span> <span class='ocrx_word' id='word_1_39' title='bbox 1268 703 1430 741; x_wconf 89' lang='lat' dir='ltr'><strong>curas</strong></span> <span class='ocrx_word' id='word_1_40' title='bbox 1480 702 1606 739; x_wconf 92' lang='lat' dir='ltr'><strong>cum</strong></span> <span class='ocrx_word' id='word_1_41' title='bbox 1642 700 1708 739; x_wconf 91' lang='lat' dir='ltr'><strong>eo</strong></span> <span class='ocrx_word' id='word_1_42' title='bbox 1759 682 1983 754; x_wconf 84' lang='lat' dir='ltr'><strong>partici-</strong></span> <span class='ocrx_word' id='word_1_43' title='bbox 2087 693 2143 737; x_wconf 81' lang='lat' dir='ltr'><strong>et</strong></span> <span class='ocrx_word' id='word_1_44' title='bbox 2187 680 2427 734; x_wconf 89' lang='lat' dir='ltr'><strong>ohruens</strong></span> <span class='ocrx_word' id='word_1_45' title='bbox 2475 679 2713 733; x_wconf 90' lang='lat' dir='ltr'><strong>insultus</strong></span> <span class='ocrx_word' id='word_1_46' title='bbox 2763 676 3135 736; x_wconf 89' lang='lat' dir='ltr'><strong>inimicorum,</strong></span> <span class='ocrx_word' id='word_1_47' title='bbox 3185 681 3293 725; x_wconf 90' lang='lat' dir='ltr'><strong>tam</strong></span> <span class='ocrx_word' id='word_1_48' title='bbox 3340 686 3553 732; x_wconf 88' lang='lat' dir='ltr'><strong>eorum,</strong></span> <span class='ocrx_word' id='word_1_49' title='bbox 3588 670 3679 736; x_wconf 80' lang='lat' dir='ltr'><strong>qui</strong></span> 
     </span>
    </p>
   </div>
   <div class='ocr_carea' id='block_1_6' title="bbox 400 762 3679 852">
    <p class='ocr_par' dir='ltr' id='par_1_6' title="bbox 400 762 3679 852">
     <span class='ocr_line' id='line_1_6' title="bbox 400 762 3679 852; baseline -0.007 -15"><span class='ocrx_word' id='word_1_50' title='bbox 400 802 534 852; x_wconf 87' lang='lat' dir='ltr'><strong>paus</strong></span> <span class='ocrx_word' id='word_1_51' title='bbox 573 803 585 838; x_wconf 90' lang='lat'>:</span> <span class='ocrx_word' id='word_1_52' title='bbox 619 795 672 836; x_wconf 82' lang='lat' dir='ltr'><strong>et</strong></span> <span class='ocrx_word' id='word_1_53' title='bbox 704 782 1011 838; x_wconf 75' lang='lat' dir='ltr'><strong>intemedas</strong></span> <span class='ocrx_word' id='word_1_54' title='bbox 1046 782 1187 850; x_wconf 88' lang='lat' dir='ltr'><strong>apud</strong></span> <span class='ocrx_word' id='word_1_55' title='bbox 1244 780 1410 833; x_wconf 84' lang='lat' dir='ltr'><strong>Deum</strong></span> <span class='ocrx_word' id='word_1_56' title='bbox 1450 780 1716 833; x_wconf 72' lang='lat' dir='ltr'><strong>assistens</strong></span> <span class='ocrx_word' id='word_1_57' title='bbox 1747 778 1865 831; x_wconf 89' lang='lat' dir='ltr'><strong>sine</strong></span> <span class='ocrx_word' id='word_1_58' title='bbox 1898 776 1983 828; x_wconf 80' lang='lat' dir='ltr'><strong>in-</strong></span> <span class='ocrx_word' id='word_1_59' title='bbox 2090 775 2192 828; x_wconf 85' lang='lat' dir='ltr'><strong>sub</strong></span> <span class='ocrx_word' id='word_1_60' title='bbox 2219 772 2408 826; x_wconf 90' lang='lat' dir='ltr'><strong>oculos</strong></span> <span class='ocrx_word' id='word_1_61' title='bbox 2470 772 2708 832; x_wconf 86' lang='lat' dir='ltr'><strong>cadunt,</strong></span> <span class='ocrx_word' id='word_1_62' title='bbox 2767 783 2931 837; x_wconf 81' lang='lat' dir='ltr'><strong>quam</strong></span> <span class='ocrx_word' id='word_1_63' title='bbox 2996 767 3092 834; x_wconf 88' lang='lat' dir='ltr'><strong>qui</strong></span> <span class='ocrx_word' id='word_1_64' title='bbox 3162 779 3271 819; x_wconf 88' lang='lat' dir='ltr'><strong>non</strong></span> <span class='ocrx_word' id='word_1_65' title='bbox 3304 764 3561 826; x_wconf 76' lang='lat' dir='ltr'><strong>&#39;cadunt,</strong></span> <span class='ocrx_word' id='word_1_66' title='bbox 3627 762 3679 817; x_wconf 92' lang='lat' dir='ltr'><strong>in</strong></span> 
     </span>
    </p>
   </div>
   <div class='ocr_carea' id='block_1_7' title="bbox 401 858 3681 943">
    <p class='ocr_par' dir='ltr' id='par_1_7' title="bbox 401 858 3681 943">
     <span class='ocr_line' id='line_1_7' title="bbox 401 858 3681 943; baseline -0.005 -17"><span class='ocrx_word' id='word_1_67' title='bbox 401 875 749 930; x_wconf 86' lang='lat' dir='ltr'><strong>termissione</strong></span> <span class='ocrx_word' id='word_1_68' title='bbox 798 889 897 943; x_wconf 83' lang='lat' dir='ltr'><strong>pro</strong></span> <span class='ocrx_word' id='word_1_69' title='bbox 927 889 1014 938; x_wconf 91' lang='lat' dir='ltr'><strong>eo,</strong></span> <span class='ocrx_word' id='word_1_70' title='bbox 1067 872 1212 943; x_wconf 83' lang='lat' dir='ltr'><strong>quod</strong></span> <span class='ocrx_word' id='word_1_71' title='bbox 1263 872 1454 934; x_wconf 87' lang='lat' dir='ltr'><strong>orasti,</strong></span> <span class='ocrx_word' id='word_1_72' title='bbox 1510 887 1635 924; x_wconf 90' lang='lat' dir='ltr'><strong>cum</strong></span> <span class='ocrx_word' id='word_1_73' title='bbox 1668 884 1818 923; x_wconf 83' lang='lat' dir='ltr'><strong>esses</strong></span> <span class='ocrx_word' id='word_1_74' title='bbox 1859 884 1982 921; x_wconf 90' lang='lat' dir='ltr'><strong>cum</strong></span> <span class='ocrx_word' id='word_1_75' title='bbox 2090 863 2475 921; x_wconf 69' lang='lat' dir='ltr'><strong>ChristoJesu</strong></span> <span class='ocrx_word' id='word_1_76' title='bbox 2515 864 2744 917; x_wconf 81' lang='lat' dir='ltr'><strong>Domino</strong></span> <span class='ocrx_word' id='word_1_77' title='bbox 2790 871 3000 924; x_wconf 88' lang='lat' dir='ltr'><strong>nostro,</strong></span> <span class='ocrx_word' id='word_1_78' title='bbox 3037 862 3123 914; x_wconf 92' lang='lat' dir='ltr'><strong>cui</strong></span> <span class='ocrx_word' id='word_1_79' title='bbox 3155 858 3327 927; x_wconf 78' lang='lat' dir='ltr'><strong>gloria</strong></span> <span class='ocrx_word' id='word_1_80' title='bbox 3359 868 3409 911; x_wconf 90' lang='lat' dir='ltr'><strong>et</strong></span> <span class='ocrx_word' id='word_1_81' title='bbox 3441 858 3681 926; x_wconf 77' lang='lat' dir='ltr'><strong>potentia</strong></span> 
     </span>
    </p>
   </div>
   <div class='ocr_carea' id='block_1_8' title="bbox 401 950 3607 1036">
    <p class='ocr_par' dir='ltr' id='par_1_8' title="bbox 401 950 3607 1036">
     <span class='ocr_line' id='line_1_8' title="bbox 401 950 3607 1036; baseline -0.005 -17"><span class='ocrx_word' id='word_1_82' title='bbox 401 967 542 1034; x_wconf 86' lang='lat' dir='ltr'><strong>ipso,</strong></span> <span class='ocrx_word' id='word_1_83' title='bbox 578 976 629 1021; x_wconf 87' lang='lat' dir='ltr'><strong>et</strong></span> <span class='ocrx_word' id='word_1_84' title='bbox 652 967 771 1036; x_wconf 85' lang='lat' dir='ltr'><strong>ejus</strong></span> <span class='ocrx_word' id='word_1_85' title='bbox 804 966 925 1021; x_wconf 68' lang='lat' dir='ltr'><strong>vitae</strong></span> <span class='ocrx_word' id='word_1_86' title='bbox 952 966 1246 1021; x_wconf 84' lang='lat' dir='ltr'><strong>interesses</strong></span> <span class='ocrx_word' id='word_1_87' title='bbox 1274 985 1286 1019; x_wconf 92' lang='lat'>:</span> <span class='ocrx_word' id='word_1_88' title='bbox 1320 975 1373 1019; x_wconf 90' lang='lat' dir='ltr'><strong>et</strong></span> <span class='ocrx_word' id='word_1_89' title='bbox 1402 965 1736 1018; x_wconf 85' lang='lat' dir='ltr'><strong>mundanam</strong></span> <span class='ocrx_word' id='word_1_90' title='bbox 1770 962 1819 1015; x_wconf 90' lang='lat' dir='ltr'><strong>ei</strong></span> <span class='ocrx_word' id='word_1_91' title='bbox 1852 976 1987 1015; x_wconf 87' lang='lat' dir='ltr'><strong>con-</strong></span> <span class='ocrx_word' id='word_1_92' title='bbox 2092 974 2239 1013; x_wconf 91' lang='lat' dir='ltr'><strong>nunc</strong></span> <span class='ocrx_word' id='word_1_93' title='bbox 2268 969 2322 1013; x_wconf 91' lang='lat' dir='ltr'><strong>ct</strong></span> <span class='ocrx_word' id='word_1_94' title='bbox 2351 972 2588 1027; x_wconf 80' lang='lat' dir='ltr'><strong>semper,</strong></span> <span class='ocrx_word' id='word_1_95' title='bbox 2620 966 2674 1010; x_wconf 91' lang='lat' dir='ltr'><strong>et</strong></span> <span class='ocrx_word' id='word_1_96' title='bbox 2708 955 2761 1009; x_wconf 92' lang='lat' dir='ltr'><strong>in</strong></span> <span class='ocrx_word' id='word_1_97' title='bbox 2794 954 2994 1009; x_wconf 61' lang='lat' dir='ltr'><strong>saecula</strong></span> <span class='ocrx_word' id='word_1_98' title='bbox 3025 953 3375 1015; x_wconf 83' lang='lat' dir='ltr'><strong>saeculorum,</strong></span> <span class='ocrx_word' id='word_1_99' title='bbox 3410 950 3607 1005; x_wconf 78' lang='lat' dir='ltr'><strong>Arnen.</strong></span> 
     </span>
    </p>
   </div>
   <div class='ocr_carea' id='block_1_9' title="bbox 412 1183 3662 1225">
    <p class='ocr_par' dir='ltr' id='par_1_9' title="bbox 412 1183 3662 1225">
     <span class='ocr_line' id='line_1_9' title="bbox 412 1183 3662 1225; baseline -0.002 3"><span class='ocrx_word' id='word_1_100' title='bbox 412 1183 3662 1225; x_wconf 49' lang='lat' dir='ltr'><strong>MM</strong></span> 
     </span>
    </p>
   </div>
   <div class='ocr_carea' id='block_1_10' title="bbox 860 1207 3661 1236">
    <p class='ocr_par' dir='ltr' id='par_1_10' title="bbox 860 1207 3661 1225">
     <span class='ocr_line' id='line_1_10' title="bbox 860 1207 3661 1225; baseline 0 -6"><span class='ocrx_word' id='word_1_101' title='bbox 860 1207 2712 1225; x_wconf 75' lang='lat'><strong>———————————————_</strong></span> <span class='ocrx_word' id='word_1_102' title='bbox 2718 1207 2834 1225; x_wconf 35' lang='grc' dir='ltr'><strong>ᾐ-Ῠ,</strong></span> <span class='ocrx_word' id='word_1_103' title='bbox 2843 1207 2882 1225; x_wconf 81' lang='lat'><strong>;_</strong></span> <span class='ocrx_word' id='word_1_104' title='bbox 2897 1207 3483 1224; x_wconf 49' lang='lat'><strong>__—.-—,_—_._’</strong></span> <span class='ocrx_word' id='word_1_105' title='bbox 2983 1207 2996 1208; x_wconf 40' lang='grc' dir='ltr'>ί</span> <span class='ocrx_word' id='word_1_106' title='bbox 3495 1211 3591 1221; x_wconf 76' lang='grc' dir='ltr'><strong>..ι-</strong></span> <span class='ocrx_word' id='word_1_107' title='bbox 3600 1207 3661 1221; x_wconf 64' lang='grc' dir='ltr'><strong>-ιο</strong></span> 
     </span>
    </p>
   </div>
   <div class='ocr_carea' id='block_1_11' title="bbox 1523 1320 2542 1595">
    <p class='ocr_par' dir='ltr' id='par_1_11' title="bbox 1523 1320 2542 1595">
     <span class='ocr_line' id='line_1_11' title="bbox 1523 1320 2542 1595; baseline -0.004 1"><span class='ocrx_word' id='word_1_108' title='bbox 1523 1320 2542 1595; x_wconf 79' lang='lat' dir='ltr'><strong>ANDBEAS</strong></span> 
     </span>
    </p>
   </div>
   <div class='ocr_carea' id='block_1_12' title="bbox 744 1726 2337 1854">
    <p class='ocr_par' dir='ltr' id='par_1_12' title="bbox 744 1726 2332 1854">
     <span class='ocr_line' id='line_1_12' title="bbox 744 1726 2332 1854; baseline -0.008 0"><span class='ocrx_word' id='word_1_109' title='bbox 744 1726 1339 1854; x_wconf 65' lang='grc' dir='ltr'><strong>οΑῐδΑιιιέίΕ</strong></span> <span class='ocrx_word' id='word_1_110' title='bbox 1415 1753 2193 1850; x_wconf 79' lang='lat' dir='ltr'><strong>CAPPADOCUE</strong></span> <span class='ocrx_word' id='word_1_111' title='bbox 2272 1754 2332 1842; x_wconf 89' lang='lat' dir='ltr'><strong>A</strong></span> 
     </span>
    </p>
   </div>
   <div class='ocr_carea' id='block_1_13' title="bbox 1746 1726 3339 1854">
    <p class='ocr_par' dir='ltr' id='par_1_13' title="bbox 1746 1750 3339 1848">
     <span class='ocr_line' id='line_1_13' title="bbox 1746 1750 3339 1848; baseline -0.004 -3"><span class='ocrx_word' id='word_1_112' title='bbox 1746 1753 2193 1848; x_wconf 71' lang='lat' dir='ltr'><strong>lDOCIjE</strong></span> <span class='ocrx_word' id='word_1_113' title='bbox 2272 1750 3145 1843; x_wconf 79' lang='lat' dir='ltr'><strong>ARCHIEPISCOP</strong></span> <span class='ocrx_word' id='word_1_114' title='bbox 3169 1754 3339 1843; x_wconf 88' lang='lat' dir='ltr'><strong>US.</strong></span> 
     </span>
    </p>
   </div>
   <div class='ocr_carea' id='block_1_14' title="bbox 2004 2000 2077 2013">
    <p class='ocr_par' dir='ltr' id='par_1_14' title="bbox 2004 2000 2077 2013">
     <span class='ocr_line' id='line_1_14' title="bbox 2004 2000 2077 2013; baseline 0 -3"><span class='ocrx_word' id='word_1_115' title='bbox 2004 2000 2077 2013; x_wconf 52' lang='grc' dir='ltr'><strong>ν-</strong></span> 
     </span>
    </p>
   </div>
   <div class='ocr_carea' id='block_1_15' title="bbox 1746 2174 2354 2289">
    <p class='ocr_par' dir='ltr' id='par_1_15' title="bbox 1746 2174 2354 2289">
     <span class='ocr_line' id='line_1_15' title="bbox 1746 2174 2354 2289; baseline -0.003 -1"><span class='ocrx_word' id='word_1_116' title='bbox 1746 2174 2354 2289; x_wconf 84' lang='grc' dir='ltr'><strong>ΝΟΤΙἹΊΑ</strong></span> 
     </span>
    </p>
   </div>
   <div class='ocr_carea' id='block_1_16' title="bbox 1398 2416 2698 2486">
    <p class='ocr_par' dir='ltr' id='par_1_16' title="bbox 1398 2416 2698 2486">
     <span class='ocr_line' id='line_1_16' title="bbox 1398 2416 2698 2486; baseline -0.005 -13"><span class='ocrx_word' id='word_1_117' title='bbox 1398 2424 1530 2486; x_wconf 85' lang='lat' dir='ltr'><strong>(Cas.</strong></span> <span class='ocrx_word' id='word_1_118' title='bbox 1552 2422 1727 2480; x_wconf 73' lang='lat' dir='ltr'><strong>Oumx,</strong></span> <span class='ocrx_word' id='word_1_119' title='bbox 1760 2420 1827 2471; x_wconf 82' lang='lat' dir='ltr'><strong>De</strong></span> <span class='ocrx_word' id='word_1_120' title='bbox 1863 2416 2033 2482; x_wconf 86' lang='lat' dir='ltr'><strong>script.</strong></span> <span class='ocrx_word' id='word_1_121' title='bbox 2060 2419 2250 2478; x_wconf 57' lang='grc' dir='ltr'>ποίει,</span> <span class='ocrx_word' id='word_1_122' title='bbox 2282 2422 2398 2467; x_wconf 91' lang='lat' dir='ltr'><strong>tom.</strong></span> <span class='ocrx_word' id='word_1_123' title='bbox 2433 2417 2491 2479; x_wconf 87' lang='lat' dir='ltr'><strong>ll,</strong></span> <span class='ocrx_word' id='word_1_124' title='bbox 2519 2432 2567 2480; x_wconf 87' lang='lat' dir='ltr'><strong>p.</strong></span> <span class='ocrx_word' id='word_1_125' title='bbox 2594 2417 2655 2467; x_wconf 78' lang='grc'><strong>95</strong></span> <span class='ocrx_word' id='word_1_126' title='bbox 2681 2416 2698 2479; x_wconf 90' lang='grc'>)</span> 
     </span>
    </p>
   </div>
   <div class='ocr_carea' id='block_1_17' title="bbox 482 2752 3685 2843">
    <p class='ocr_par' dir='ltr' id='par_1_17' title="bbox 482 2752 3685 2843">
     <span class='ocr_line' id='line_1_17' title="bbox 482 2752 3685 2843; baseline -0.001 -12"><span class='ocrx_word' id='word_1_127' title='bbox 482 2776 729 2832; x_wconf 81' lang='lat' dir='ltr'><strong>Andreas</strong></span> <span class='ocrx_word' id='word_1_128' title='bbox 753 2773 1017 2830; x_wconf 71' lang='lat' dir='ltr'><strong>Caesarea:</strong></span> <span class='ocrx_word' id='word_1_129' title='bbox 1047 2770 1430 2841; x_wconf 73' lang='lat' dir='ltr'><strong>Cappadocum</strong></span> <span class='ocrx_word' id='word_1_130' title='bbox 1462 2770 1934 2841; x_wconf 70' lang='lat' dir='ltr'><strong>archiepiscopus,</strong></span> <span class='ocrx_word' id='word_1_131' title='bbox 1964 2771 2031 2826; x_wconf 89' lang='lat' dir='ltr'><strong>de</strong></span> <span class='ocrx_word' id='word_1_132' title='bbox 2059 2788 2171 2843; x_wconf 93' lang='lat' dir='ltr'><strong>quo</strong></span> <span class='ocrx_word' id='word_1_133' title='bbox 2202 2773 2404 2829; x_wconf 84' lang='lat' dir='ltr'><strong>eximie</strong></span> <span class='ocrx_word' id='word_1_134' title='bbox 2444 2772 2775 2829; x_wconf 89' lang='lat' dir='ltr'><strong>Guillelmus</strong></span> <span class='ocrx_word' id='word_1_135' title='bbox 2799 2771 2979 2828; x_wconf 76' lang='lat' dir='ltr'><strong>Carus</strong></span> <span class='ocrx_word' id='word_1_136' title='bbox 3003 2772 3057 2827; x_wconf 90' lang='lat' dir='ltr'><strong>in</strong></span> <span class='ocrx_word' id='word_1_137' title='bbox 3091 2752 3338 2827; x_wconf 78' lang='lat' dir='ltr'><strong>Historia</strong></span> <span class='ocrx_word' id='word_1_138' title='bbox 3365 2775 3685 2842; x_wconf 86' lang='lat' dir='ltr'><strong>scriptorum</strong></span> 
     </span>
    </p>
   </div>
   <div class='ocr_carea' id='block_1_18' title="bbox 410 2858 3687 2933">
    <p class='ocr_par' dir='ltr' id='par_1_18' title="bbox 410 2858 3687 2933">
     <span class='ocr_line' id='line_1_18' title="bbox 410 2858 3687 2933; baseline -0 -13"><span class='ocrx_word' id='word_1_139' title='bbox 410 2865 917 2925; x_wconf 69' lang='lat' dir='ltr'><strong>ecclesiasticarum,</strong></span> <span class='ocrx_word' id='word_1_140' title='bbox 958 2861 1022 2913; x_wconf 91' lang='lat' dir='ltr'><strong>ad</strong></span> <span class='ocrx_word' id='word_1_141' title='bbox 1056 2875 1256 2913; x_wconf 83' lang='lat' dir='ltr'><strong>annum</strong></span> <span class='ocrx_word' id='word_1_142' title='bbox 1287 2858 1407 2913; x_wconf 84' lang='lat'><strong>500.</strong></span> <span class='ocrx_word' id='word_1_143' title='bbox 1450 2876 1571 2931; x_wconf 80' lang='lat' dir='ltr'><strong>pag.</strong></span> <span class='ocrx_word' id='word_1_144' title='bbox 1600 2860 1725 2925; x_wconf 76' lang='lat'><strong>“579,</strong></span> <span class='ocrx_word' id='word_1_145' title='bbox 1761 2860 1844 2915; x_wconf 85' lang='lat' dir='ltr'><strong>his</strong></span> <span class='ocrx_word' id='word_1_146' title='bbox 1882 2860 2063 2916; x_wconf 89' lang='lat' dir='ltr'><strong>verbis</strong></span> <span class='ocrx_word' id='word_1_147' title='bbox 2094 2879 2107 2915; x_wconf 90' lang='lat'><strong>:</strong></span> <span class='ocrx_word' id='word_1_148' title='bbox 2145 2880 2163 2911; x_wconf 73' lang='lat' dir='ltr'><strong><em>c</em></strong></span> <span class='ocrx_word' id='word_1_149' title='bbox 2208 2861 2451 2917; x_wconf 85' lang='lat' dir='ltr'><strong>Andreas</strong></span> <span class='ocrx_word' id='word_1_150' title='bbox 2504 2861 2768 2917; x_wconf 63' lang='lat' dir='ltr'><strong>Caesareae</strong></span> <span class='ocrx_word' id='word_1_151' title='bbox 2791 2861 3175 2931; x_wconf 84' lang='lat' dir='ltr'><strong>Cappadocum</strong></span> <span class='ocrx_word' id='word_1_152' title='bbox 3211 2863 3687 2933; x_wconf 81' lang='lat' dir='ltr'><strong>archiepisc0pus,</strong></span> 
     </span>
    </p>
   </div>
   <div class='ocr_carea' id='block_1_19' title="bbox 412 2948 3685 3021">
    <p class='ocr_par' dir='ltr' id='par_1_19' title="bbox 412 2948 3685 3021">
     <span class='ocr_line' id='line_1_19' title="bbox 412 2948 3685 3021; baseline 0 -16"><span class='ocrx_word' id='word_1_153' title='bbox 412 2955 612 3008; x_wconf 76' lang='lat' dir='ltr'><strong>vixisse</strong></span> <span class='ocrx_word' id='word_1_154' title='bbox 644 2951 859 3005; x_wconf 89' lang='lat' dir='ltr'><strong>videtur</strong></span> <span class='ocrx_word' id='word_1_155' title='bbox 893 2948 1043 3003; x_wconf 89' lang='lat' dir='ltr'><strong>circa</strong></span> <span class='ocrx_word' id='word_1_156' title='bbox 1079 2949 1286 3003; x_wconf 82' lang='lat' dir='ltr'><strong>exitum</strong></span> <span class='ocrx_word' id='word_1_157' title='bbox 1321 2949 1493 3002; x_wconf 90' lang='lat' dir='ltr'><strong>seculi</strong></span> <span class='ocrx_word' id='word_1_158' title='bbox 1526 2965 1577 3002; x_wconf 73' lang='grc' dir='ltr'>γι</span> <span class='ocrx_word' id='word_1_159' title='bbox 1614 2963 1678 3003; x_wconf 87' lang='lat' dir='ltr'><strong>ac</strong></span> <span class='ocrx_word' id='word_1_160' title='bbox 1719 2949 1965 3005; x_wconf 87' lang='lat' dir='ltr'><strong>ﬂoruisse</strong></span> <span class='ocrx_word' id='word_1_161' title='bbox 1998 2965 2145 3004; x_wconf 91' lang='lat' dir='ltr'><strong>anno</strong></span> <span class='ocrx_word' id='word_1_162' title='bbox 2174 2949 2302 3004; x_wconf 84' lang='lat'><strong>500.</strong></span> <span class='ocrx_word' id='word_1_163' title='bbox 2335 2951 2547 3005; x_wconf 82' lang='lat' dir='ltr'><strong>Incerta</strong></span> <span class='ocrx_word' id='word_1_164' title='bbox 2586 2952 2731 3005; x_wconf 89' lang='lat' dir='ltr'><strong>enim</strong></span> <span class='ocrx_word' id='word_1_165' title='bbox 2770 2966 2999 3021; x_wconf 87' lang='lat' dir='ltr'><strong>prorsus</strong></span> <span class='ocrx_word' id='word_1_166' title='bbox 3047 2951 3197 3006; x_wconf 87' lang='lat' dir='ltr'><strong>illius</strong></span> <span class='ocrx_word' id='word_1_167' title='bbox 3233 2962 3387 3016; x_wconf 65' lang='lat' dir='ltr'><strong>retas,</strong></span> <span class='ocrx_word' id='word_1_168' title='bbox 3420 2968 3521 3007; x_wconf 91' lang='lat' dir='ltr'><strong>nec</strong></span> <span class='ocrx_word' id='word_1_169' title='bbox 3576 2952 3685 3005; x_wconf 91' lang='lat' dir='ltr'><strong>ulla</strong></span> 
     </span>
    </p>
   </div>
   <div class='ocr_carea' id='block_1_20' title="bbox 410 3036 3687 3111">
    <p class='ocr_par' dir='ltr' id='par_1_20' title="bbox 410 3036 3687 3111">
     <span class='ocr_line' id='line_1_20' title="bbox 410 3036 3687 3111; baseline 0 -18"><span class='ocrx_word' id='word_1_170' title='bbox 410 3046 529 3107; x_wconf 68' lang='lat' dir='ltr'><strong>ejus</strong></span> <span class='ocrx_word' id='word_1_171' title='bbox 561 3041 703 3109; x_wconf 83' lang='lat' dir='ltr'><strong>apud</strong></span> <span class='ocrx_word' id='word_1_172' title='bbox 757 3049 972 3093; x_wconf 78' lang='lat' dir='ltr'><strong>veteres</strong></span> <span class='ocrx_word' id='word_1_173' title='bbox 1012 3037 1241 3091; x_wconf 85' lang='lat' dir='ltr'><strong>mentio.</strong></span> <span class='ocrx_word' id='word_1_174' title='bbox 1288 3036 1341 3089; x_wconf 94' lang='lat' dir='ltr'><strong>ld</strong></span> <span class='ocrx_word' id='word_1_175' title='bbox 1385 3046 1594 3090; x_wconf 90' lang='lat' dir='ltr'><strong>tantum</strong></span> <span class='ocrx_word' id='word_1_176' title='bbox 1644 3045 1880 3101; x_wconf 88' lang='lat' dir='ltr'><strong>certum,</strong></span> <span class='ocrx_word' id='word_1_177' title='bbox 1932 3052 2057 3091; x_wconf 90' lang='lat' dir='ltr'><strong>eum</strong></span> <span class='ocrx_word' id='word_1_178' title='bbox 2108 3048 2230 3109; x_wconf 91' lang='lat' dir='ltr'><strong>post</strong></span> <span class='ocrx_word' id='word_1_179' title='bbox 2269 3038 2533 3094; x_wconf 85' lang='lat' dir='ltr'><strong>Basilium</strong></span> <span class='ocrx_word' id='word_1_180' title='bbox 2574 3055 2637 3092; x_wconf 84' lang='lat' dir='ltr'><strong>ac</strong></span> <span class='ocrx_word' id='word_1_181' title='bbox 2667 3039 2927 3111; x_wconf 84' lang='lat' dir='ltr'><strong>Cyrillum</strong></span> <span class='ocrx_word' id='word_1_182' title='bbox 2983 3040 3413 3095; x_wconf 83' lang='lat' dir='ltr'><strong>Alexandrinum</strong></span> <span class='ocrx_word' id='word_1_183' title='bbox 3468 3052 3522 3095; x_wconf 92' lang='lat' dir='ltr'><strong>et</strong></span> <span class='ocrx_word' id='word_1_184' title='bbox 3558 3050 3687 3095; x_wconf 83' lang='lat' dir='ltr'><strong>ante</strong></span> 
     </span>
    </p>
   </div>
   <div class='ocr_carea' id='block_1_21' title="bbox 410 3125 3686 3200">
    <p class='ocr_par' dir='ltr' id='par_1_21' title="bbox 410 3125 3686 3200">
     <span class='ocr_line' id='line_1_21' title="bbox 410 3125 3686 3200; baseline -0.001 -15"><span class='ocrx_word' id='word_1_185' title='bbox 410 3132 673 3186; x_wconf 76' lang='lat' dir='ltr'><strong>Aretltam</strong></span> <span class='ocrx_word' id='word_1_186' title='bbox 703 3127 1103 3183; x_wconf 65' lang='lat' dir='ltr'><strong>Caesariensem</strong></span> <span class='ocrx_word' id='word_1_187' title='bbox 1135 3126 1444 3196; x_wconf 84' lang='lat' dir='ltr'><strong>scripsisse.</strong></span> <span class='ocrx_word' id='word_1_188' title='bbox 1486 3126 1721 3197; x_wconf 85' lang='lat' dir='ltr'><strong>Scripsit</strong></span> <span class='ocrx_word' id='word_1_189' title='bbox 1756 3126 1821 3180; x_wconf 88' lang='lat' dir='ltr'><strong>ad</strong></span> <span class='ocrx_word' id='word_1_190' title='bbox 1871 3125 2168 3181; x_wconf 84' lang='lat' dir='ltr'><strong>Macarium</strong></span> <span class='ocrx_word' id='word_1_191' title='bbox 2212 3126 2505 3196; x_wconf 87' lang='lat' dir='ltr'><strong>quemdam</strong></span> <span class='ocrx_word' id='word_1_192' title='bbox 2549 3128 2971 3182; x_wconf 85' lang='lat' dir='ltr'><strong>Commentarios</strong></span> <span class='ocrx_word' id='word_1_193' title='bbox 3008 3129 3064 3181; x_wconf 87' lang='lat' dir='ltr'><strong>in</strong></span> <span class='ocrx_word' id='word_1_194' title='bbox 3106 3128 3503 3200; x_wconf 81' lang='lat' dir='ltr'><strong>Apocalypsim,</strong></span> <span class='ocrx_word' id='word_1_195' title='bbox 3546 3144 3686 3199; x_wconf 87' lang='lat' dir='ltr'><strong>quos</strong></span> 
     </span>
    </p>
   </div>
   <div class='ocr_carea' id='block_1_22' title="bbox 411 3214 3684 3275">
    <p class='ocr_par' dir='ltr' id='par_1_22' title="bbox 411 3214 3684 3275">
     <span class='ocr_line' id='line_1_22' title="bbox 411 3214 3684 3275; baseline -0.001 -2"><span class='ocrx_word' id='word_1_196' title='bbox 411 3220 604 3274; x_wconf 88' lang='lat' dir='ltr'><strong>Latine</strong></span> <span class='ocrx_word' id='word_1_197' title='bbox 658 3218 821 3272; x_wconf 78' lang='lat' dir='ltr'><strong>vertit</strong></span> <span class='ocrx_word' id='word_1_198' title='bbox 853 3217 1178 3270; x_wconf 90' lang='lat' dir='ltr'><strong>Theodorus</strong></span> <span class='ocrx_word' id='word_1_199' title='bbox 1212 3214 1491 3275; x_wconf 87' lang='lat' dir='ltr'><strong>Peltauns,</strong></span> <span class='ocrx_word' id='word_1_200' title='bbox 1548 3215 1676 3270; x_wconf 91' lang='lat' dir='ltr'><strong>Soc.</strong></span> <span class='ocrx_word' id='word_1_201' title='bbox 1705 3215 1858 3271; x_wconf 83' lang='lat' dir='ltr'><strong>.lcsn.</strong></span> <span class='ocrx_word' id='word_1_202' title='bbox 1894 3217 2125 3271; x_wconf 74' lang='lat' dir='ltr'><strong>Exstant</strong></span> <span class='ocrx_word' id='word_1_203' title='bbox 2159 3214 2570 3271; x_wconf 55' lang='lat' dir='ltr'><strong>Graeco-Latine</strong></span> <span class='ocrx_word' id='word_1_204' title='bbox 2621 3216 2688 3271; x_wconf 91' lang='lat' dir='ltr'><strong>ad</strong></span> <span class='ocrx_word' id='word_1_205' title='bbox 2724 3216 2884 3270; x_wconf 82' lang='lat' dir='ltr'><strong>ﬁnem</strong></span> <span class='ocrx_word' id='word_1_206' title='bbox 2928 3218 3465 3271; x_wconf 86' lang='lat' dir='ltr'><strong>Commentariorum</strong></span> <span class='ocrx_word' id='word_1_207' title='bbox 3510 3218 3684 3271; x_wconf 71' lang='lat' dir='ltr'><strong>sautti</strong></span> 
     </span>
    </p>
   </div>
   <div class='ocr_carea' id='block_1_23' title="bbox 407 3302 3686 3380">
    <p class='ocr_par' dir='ltr' id='par_1_23' title="bbox 407 3302 3686 3380">
     <span class='ocr_line' id='line_1_23' title="bbox 407 3302 3686 3380; baseline 0 -22"><span class='ocrx_word' id='word_1_208' title='bbox 407 3306 792 3380; x_wconf 80' lang='lat' dir='ltr'><strong>Chrysostomi</strong></span> <span class='ocrx_word' id='word_1_209' title='bbox 830 3306 884 3359; x_wconf 89' lang='lat' dir='ltr'><strong>in</strong></span> <span class='ocrx_word' id='word_1_210' title='bbox 922 3304 1269 3375; x_wconf 82' lang='lat' dir='ltr'><strong>Evangelinm</strong></span> <span class='ocrx_word' id='word_1_211' title='bbox 1329 3303 1581 3370; x_wconf 78' lang='lat' dir='ltr'><strong>Joannis,</strong></span> <span class='ocrx_word' id='word_1_212' title='bbox 1637 3306 1689 3358; x_wconf 91' lang='lat' dir='ltr'><strong>in</strong></span> <span class='ocrx_word' id='word_1_213' title='bbox 1720 3306 1963 3359; x_wconf 82' lang='lat' dir='ltr'><strong>editione</strong></span> <span class='ocrx_word' id='word_1_214' title='bbox 1994 3303 2310 3359; x_wconf 82' lang='lat' dir='ltr'><strong>Morclliana</strong></span> <span class='ocrx_word' id='word_1_215' title='bbox 2343 3314 2491 3358; x_wconf 92' lang='lat' dir='ltr'><strong>tomo</strong></span> <span class='ocrx_word' id='word_1_216' title='bbox 2527 3302 2659 3358; x_wconf 80' lang='lat' dir='ltr'><strong>Vill.</strong></span> <span class='ocrx_word' id='word_1_217' title='bbox 2697 3323 2716 3355; x_wconf 74' lang='grc' dir='ltr'><strong>ι</strong></span> <span class='ocrx_word' id='word_1_218' title='bbox 2761 3306 2839 3357; x_wconf 84' lang='lat' dir='ltr'><strong>Ita</strong></span> <span class='ocrx_word' id='word_1_219' title='bbox 2870 3304 3049 3360; x_wconf 74' lang='lat' dir='ltr'><strong>Carus</strong></span> <span class='ocrx_word' id='word_1_220' title='bbox 3081 3303 3195 3359; x_wconf 83' lang='lat' dir='ltr'><strong>fere</strong></span> <span class='ocrx_word' id='word_1_221' title='bbox 3245 3305 3578 3360; x_wconf 83' lang='lat' dir='ltr'><strong>verbotenus</strong></span> <span class='ocrx_word' id='word_1_222' title='bbox 3619 3323 3686 3358; x_wconf 82' lang='lat' dir='ltr'><strong>ex</strong></span> 
     </span>
    </p>
   </div>
   <div class='ocr_carea' id='block_1_24' title="bbox 413 3394 3684 3464">
    <p class='ocr_par' dir='ltr' id='par_1_24' title="bbox 413 3394 3684 3464">
     <span class='ocr_line' id='line_1_24' title="bbox 413 3394 3684 3464; baseline 0 -14"><span class='ocrx_word' id='word_1_223' title='bbox 413 3397 768 3460; x_wconf 77' lang='lat' dir='ltr'><strong>Bellarmino,</strong></span> <span class='ocrx_word' id='word_1_224' title='bbox 813 3411 973 3464; x_wconf 91' lang='lat' dir='ltr'><strong>quem</strong></span> <span class='ocrx_word' id='word_1_225' title='bbox 1006 3396 1173 3449; x_wconf 88' lang='lat' dir='ltr'><strong>etiam</strong></span> <span class='ocrx_word' id='word_1_226' title='bbox 1212 3410 1321 3448; x_wconf 91' lang='lat' dir='ltr'><strong>non</strong></span> <span class='ocrx_word' id='word_1_227' title='bbox 1370 3395 1710 3447; x_wconf 91' lang='lat' dir='ltr'><strong>nominatum</strong></span> <span class='ocrx_word' id='word_1_228' title='bbox 1745 3394 2050 3463; x_wconf 79' lang='lat' dir='ltr'><strong>expressit;</strong></span> <span class='ocrx_word' id='word_1_229' title='bbox 2085 3408 2249 3463; x_wconf 88' lang='lat' dir='ltr'><strong>quam</strong></span> <span class='ocrx_word' id='word_1_230' title='bbox 2308 3394 2440 3447; x_wconf 94' lang='lat' dir='ltr'><strong>mihi</strong></span> <span class='ocrx_word' id='word_1_231' title='bbox 2480 3395 2696 3463; x_wconf 90' lang='lat' dir='ltr'><strong>culpam</strong></span> <span class='ocrx_word' id='word_1_232' title='bbox 2741 3405 2851 3447; x_wconf 87' lang='lat' dir='ltr'><strong>tam</strong></span> <span class='ocrx_word' id='word_1_233' title='bbox 2905 3410 3047 3464; x_wconf 64' lang='lat' dir='ltr'><strong>srepe</strong></span> <span class='ocrx_word' id='word_1_234' title='bbox 3092 3396 3295 3457; x_wconf 81' lang='lat' dir='ltr'><strong>Carus,</strong></span> <span class='ocrx_word' id='word_1_235' title='bbox 3336 3396 3474 3450; x_wconf 91' lang='lat' dir='ltr'><strong>alios</strong></span> <span class='ocrx_word' id='word_1_236' title='bbox 3519 3398 3684 3450; x_wconf 83' lang='lat' dir='ltr'><strong>etiam</strong></span> 
     </span>
    </p>
   </div>
   <div class='ocr_carea' id='block_1_25' title="bbox 413 3480 3685 3556">
    <p class='ocr_par' dir='ltr' id='par_1_25' title="bbox 413 3480 3685 3556">
     <span class='ocr_line' id='line_1_25' title="bbox 413 3480 3685 3556; baseline -0.001 -16"><span class='ocrx_word' id='word_1_237' title='bbox 413 3503 555 3555; x_wconf 67' lang='lat' dir='ltr'><strong>Sﬂ‘pC</strong></span> <span class='ocrx_word' id='word_1_238' title='bbox 584 3486 926 3547; x_wconf 84' lang='lat' dir='ltr'><strong>exscribens.</strong></span> <span class='ocrx_word' id='word_1_239' title='bbox 977 3482 1292 3552; x_wconf 83' lang='lat' dir='ltr'><strong>exprobrat.</strong></span> <span class='ocrx_word' id='word_1_240' title='bbox 1342 3480 1523 3535; x_wconf 90' lang='lat' dir='ltr'><strong>Unum</strong></span> <span class='ocrx_word' id='word_1_241' title='bbox 1568 3490 1747 3535; x_wconf 87' lang='lat' dir='ltr'><strong>tamen</strong></span> <span class='ocrx_word' id='word_1_242' title='bbox 1797 3481 2164 3538; x_wconf 81' lang='lat' dir='ltr'><strong>Bcllarminus</strong></span> <span class='ocrx_word' id='word_1_243' title='bbox 2194 3483 2363 3546; x_wconf 84' lang='lat' dir='ltr'><strong>addit.</strong></span> <span class='ocrx_word' id='word_1_244' title='bbox 2410 3486 2553 3553; x_wconf 90' lang='lat' dir='ltr'><strong>quod</strong></span> <span class='ocrx_word' id='word_1_245' title='bbox 2586 3486 2766 3539; x_wconf 87' lang='lat' dir='ltr'><strong>Cavus</strong></span> <span class='ocrx_word' id='word_1_246' title='bbox 2808 3487 3133 3554; x_wconf 75' lang='lat' dir='ltr'><strong>suppressit,</strong></span> <span class='ocrx_word' id='word_1_247' title='bbox 3168 3501 3361 3555; x_wconf 88' lang='lat' dir='ltr'><strong>nempe</strong></span> <span class='ocrx_word' id='word_1_248' title='bbox 3388 3487 3525 3556; x_wconf 84' lang='lat' dir='ltr'><strong>quia</strong></span> <span class='ocrx_word' id='word_1_249' title='bbox 3560 3503 3685 3540; x_wconf 85' lang='lat' dir='ltr'><strong>cum</strong></span> 
     </span>
    </p>
   </div>
   <div class='ocr_carea' id='block_1_26' title="bbox 413 3572 3686 3645">
    <p class='ocr_par' dir='ltr' id='par_1_26' title="bbox 413 3572 3686 3645">
     <span class='ocr_line' id='line_1_26' title="bbox 413 3572 3686 3645; baseline -0 -15"><span class='ocrx_word' id='word_1_250' title='bbox 413 3593 520 3630; x_wconf 91' lang='lat' dir='ltr'><strong>non</strong></span> <span class='ocrx_word' id='word_1_251' title='bbox 573 3576 797 3645; x_wconf 78' lang='lat' dir='ltr'><strong>legisset</strong></span> <span class='ocrx_word' id='word_1_252' title='bbox 845 3574 1289 3629; x_wconf 89' lang='lat' dir='ltr'><strong>Commentarios</strong></span> <span class='ocrx_word' id='word_1_253' title='bbox 1321 3573 1461 3627; x_wconf 91' lang='lat' dir='ltr'><strong>istos</strong></span> <span class='ocrx_word' id='word_1_254' title='bbox 1491 3572 1725 3627; x_wconf 59' lang='lat' dir='ltr'><strong>Andreas</strong></span> <span class='ocrx_word' id='word_1_255' title='bbox 1768 3572 2122 3629; x_wconf 73' lang='lat' dir='ltr'><strong>Caesariensis</strong></span> <span class='ocrx_word' id='word_1_256' title='bbox 2176 3574 2396 3626; x_wconf 89' lang='lat' dir='ltr'><strong>nomine</strong></span> <span class='ocrx_word' id='word_1_257' title='bbox 2435 3572 2752 3642; x_wconf 87' lang='lat' dir='ltr'><strong>inscriptos,</strong></span> <span class='ocrx_word' id='word_1_258' title='bbox 2808 3588 2996 3628; x_wconf 86' lang='lat' dir='ltr'><strong>errare</strong></span> <span class='ocrx_word' id='word_1_259' title='bbox 3029 3584 3155 3643; x_wconf 87' lang='lat' dir='ltr'><strong>post</strong></span> <span class='ocrx_word' id='word_1_260' title='bbox 3190 3573 3580 3629; x_wconf 90' lang='lat' dir='ltr'><strong>Bellarminum</strong></span> <span class='ocrx_word' id='word_1_261' title='bbox 3616 3576 3686 3629; x_wconf 85' lang='lat' dir='ltr'><strong>ti-</strong></span> 
     </span>
    </p>
   </div>
   <div class='ocr_carea' id='block_1_27' title="bbox 413 3660 3689 3733">
    <p class='ocr_par' dir='ltr' id='par_1_27' title="bbox 413 3660 3689 3733">
     <span class='ocr_line' id='line_1_27' title="bbox 413 3660 3689 3733; baseline -0.001 -14"><span class='ocrx_word' id='word_1_262' title='bbox 413 3667 572 3719; x_wconf 87' lang='lat' dir='ltr'><strong>tnuit.</strong></span> <span class='ocrx_word' id='word_1_263' title='bbox 602 3664 769 3718; x_wconf 84' lang='lat' dir='ltr'><strong>Addit</strong></span> <span class='ocrx_word' id='word_1_264' title='bbox 807 3680 938 3733; x_wconf 81' lang='lat' dir='ltr'><strong>ergo</strong></span> <span class='ocrx_word' id='word_1_265' title='bbox 970 3662 1359 3727; x_wconf 85' lang='lat' dir='ltr'><strong>Bcllarminus,</strong></span> <span class='ocrx_word' id='word_1_266' title='bbox 1394 3662 1667 3715; x_wconf 81' lang='lat' dir='ltr'><strong>Andream</strong></span> <span class='ocrx_word' id='word_1_267' title='bbox 1701 3662 1753 3715; x_wconf 90' lang='lat' dir='ltr'><strong>in</strong></span> <span class='ocrx_word' id='word_1_268' title='bbox 1788 3661 2193 3717; x_wconf 85' lang='lat' dir='ltr'><strong>Commentario</strong></span> <span class='ocrx_word' id='word_1_269' title='bbox 2226 3660 2500 3715; x_wconf 80' lang='lat' dir='ltr'><strong>Basiliam</strong></span> <span class='ocrx_word' id='word_1_270' title='bbox 2542 3660 2929 3716; x_wconf 81' lang='lat' dir='ltr'><strong>Cwsariensem</strong></span> <span class='ocrx_word' id='word_1_271' title='bbox 2959 3677 3094 3729; x_wconf 78' lang='lat' dir='ltr'><strong>swpe</strong></span> <span class='ocrx_word' id='word_1_272' title='bbox 3122 3664 3309 3718; x_wconf 86' lang='lat' dir='ltr'><strong>citare.</strong></span> <span class='ocrx_word' id='word_1_273' title='bbox 3345 3662 3500 3730; x_wconf 83' lang='lat' dir='ltr'><strong>Quod</strong></span> <span class='ocrx_word' id='word_1_274' title='bbox 3539 3674 3689 3717; x_wconf 85' lang='lat' dir='ltr'><strong>certe</strong></span> 
     </span>
    </p>
   </div>
   <div class='ocr_carea' id='block_1_28' title="bbox 411 3748 3686 3822">
    <p class='ocr_par' dir='ltr' id='par_1_28' title="bbox 411 3748 3686 3822">
     <span class='ocr_line' id='line_1_28' title="bbox 411 3748 3686 3822; baseline -0.001 -15"><span class='ocrx_word' id='word_1_275' title='bbox 411 3754 609 3807; x_wconf 68' lang='lat' dir='ltr'><strong>falsum</strong></span> <span class='ocrx_word' id='word_1_276' title='bbox 639 3765 744 3818; x_wconf 90' lang='lat' dir='ltr'><strong>est,</strong></span> <span class='ocrx_word' id='word_1_277' title='bbox 778 3767 938 3822; x_wconf 87' lang='lat' dir='ltr'><strong>quem</strong></span> <span class='ocrx_word' id='word_1_278' title='bbox 976 3766 1043 3806; x_wconf 91' lang='lat' dir='ltr'><strong>ne</strong></span> <span class='ocrx_word' id='word_1_279' title='bbox 1074 3751 1244 3805; x_wconf 89' lang='lat' dir='ltr'><strong>semel</strong></span> <span class='ocrx_word' id='word_1_280' title='bbox 1275 3750 1498 3821; x_wconf 88' lang='lat' dir='ltr'><strong>quidem</strong></span> <span class='ocrx_word' id='word_1_281' title='bbox 1524 3749 1578 3803; x_wconf 89' lang='lat' dir='ltr'><strong>in</strong></span> <span class='ocrx_word' id='word_1_282' title='bbox 1619 3748 2016 3806; x_wconf 82' lang='lat' dir='ltr'><strong>Commentario</strong></span> <span class='ocrx_word' id='word_1_283' title='bbox 2044 3765 2146 3806; x_wconf 92' lang='lat' dir='ltr'><strong>suo</strong></span> <span class='ocrx_word' id='word_1_284' title='bbox 2172 3749 2417 3803; x_wconf 82' lang='lat' dir='ltr'><strong>Andreas</strong></span> <span class='ocrx_word' id='word_1_285' title='bbox 2445 3750 2721 3817; x_wconf 79' lang='lat' dir='ltr'><strong>allegavit,</strong></span> <span class='ocrx_word' id='word_1_286' title='bbox 2751 3750 2877 3805; x_wconf 90' lang='lat' dir='ltr'><strong>licet</strong></span> <span class='ocrx_word' id='word_1_287' title='bbox 2902 3750 3264 3820; x_wconf 86' lang='lat' dir='ltr'><strong>plurimorum</strong></span> <span class='ocrx_word' id='word_1_288' title='bbox 3292 3751 3513 3805; x_wconf 87' lang='lat' dir='ltr'><strong>Patrum</strong></span> <span class='ocrx_word' id='word_1_289' title='bbox 3548 3752 3686 3806; x_wconf 89' lang='lat' dir='ltr'><strong>alio-</strong></span> 
     </span>
    </p>
   </div>
   <div class='ocr_carea' id='block_1_29' title="bbox 410 3839 3685 3910">
    <p class='ocr_par' dir='ltr' id='par_1_29' title="bbox 410 3839 3685 3910">
     <span class='ocr_line' id='line_1_29' title="bbox 410 3839 3685 3910; baseline -0.001 -13"><span class='ocrx_word' id='word_1_290' title='bbox 410 3860 533 3898; x_wconf 87' lang='lat' dir='ltr'><strong>rum</strong></span> <span class='ocrx_word' id='word_1_291' title='bbox 568 3853 622 3897; x_wconf 85' lang='lat' dir='ltr'><strong>et</strong></span> <span class='ocrx_word' id='word_1_292' title='bbox 649 3842 811 3896; x_wconf 87' lang='lat' dir='ltr'><strong>verba</strong></span> <span class='ocrx_word' id='word_1_293' title='bbox 847 3850 901 3896; x_wconf 90' lang='lat' dir='ltr'><strong>et</strong></span> <span class='ocrx_word' id='word_1_294' title='bbox 936 3856 1135 3895; x_wconf 87' lang='lat' dir='ltr'><strong>nomen</strong></span> <span class='ocrx_word' id='word_1_295' title='bbox 1160 3841 1213 3893; x_wconf 89' lang='lat' dir='ltr'><strong>in</strong></span> <span class='ocrx_word' id='word_1_296' title='bbox 1243 3855 1410 3909; x_wconf 89' lang='lat' dir='ltr'><strong>opere</strong></span> <span class='ocrx_word' id='word_1_297' title='bbox 1439 3854 1541 3894; x_wconf 88' lang='lat' dir='ltr'><strong>suo</strong></span> <span class='ocrx_word' id='word_1_298' title='bbox 1577 3841 1935 3910; x_wconf 83' lang='lat' dir='ltr'><strong>expresserit.</strong></span> <span class='ocrx_word' id='word_1_299' title='bbox 1968 3840 2138 3896; x_wconf 86' lang='lat' dir='ltr'><strong>Porro</strong></span> <span class='ocrx_word' id='word_1_300' title='bbox 2165 3854 2301 3895; x_wconf 76' lang='lat' dir='ltr'><strong>mss.</strong></span> <span class='ocrx_word' id='word_1_301' title='bbox 2337 3839 2552 3894; x_wconf 90' lang='lat' dir='ltr'><strong>codices</strong></span> <span class='ocrx_word' id='word_1_302' title='bbox 2578 3840 2742 3909; x_wconf 87' lang='lat' dir='ltr'><strong>hujus</strong></span> <span class='ocrx_word' id='word_1_303' title='bbox 2767 3839 3187 3905; x_wconf 87' lang='lat' dir='ltr'><strong>Commentarii,</strong></span> <span class='ocrx_word' id='word_1_304' title='bbox 3234 3842 3472 3896; x_wconf 83' lang='lat' dir='ltr'><strong>maxime</strong></span> <span class='ocrx_word' id='word_1_305' title='bbox 3503 3842 3556 3895; x_wconf 92' lang='lat' dir='ltr'><strong>in</strong></span> <span class='ocrx_word' id='word_1_306' title='bbox 3603 3843 3685 3897; x_wconf 88' lang='lat' dir='ltr'><strong>bi-</strong></span> 
     </span>
    </p>
   </div>
   <div class='ocr_carea' id='block_1_30' title="bbox 412 3927 3682 3993">
    <p class='ocr_par' dir='ltr' id='par_1_30' title="bbox 412 3927 3682 3993">
     <span class='ocr_line' id='line_1_30' title="bbox 412 3927 3682 3993; baseline -0.001 -6"><span class='ocrx_word' id='word_1_307' title='bbox 412 3931 703 3987; x_wconf 81' lang='lat' dir='ltr'><strong>bliothecis</strong></span> <span class='ocrx_word' id='word_1_308' title='bbox 736 3932 978 3993; x_wconf 80' lang='lat' dir='ltr'><strong>variant,</strong></span> <span class='ocrx_word' id='word_1_309' title='bbox 1012 3938 1074 3983; x_wconf 92' lang='lat' dir='ltr'><strong>ut</strong></span> <span class='ocrx_word' id='word_1_310' title='bbox 1109 3929 1273 3982; x_wconf 85' lang='lat' dir='ltr'><strong>habet</strong></span> <span class='ocrx_word' id='word_1_311' title='bbox 1314 3927 1645 3983; x_wconf 85' lang='lat' dir='ltr'><strong>Lambecius</strong></span> <span class='ocrx_word' id='word_1_312' title='bbox 1683 3928 1823 3983; x_wconf 90' lang='lat' dir='ltr'><strong>libro</strong></span> <span class='ocrx_word' id='word_1_313' title='bbox 1856 3945 1906 3983; x_wconf 84' lang='lat' dir='ltr'><strong>tv</strong></span> <span class='ocrx_word' id='word_1_314' title='bbox 1933 3944 2027 3983; x_wconf 88' lang='lat' dir='ltr'><strong>seu</strong></span> <span class='ocrx_word' id='word_1_315' title='bbox 2057 3939 2206 3983; x_wconf 88' lang='lat' dir='ltr'><strong>tomo</strong></span> <span class='ocrx_word' id='word_1_316' title='bbox 2235 3929 2771 3983; x_wconf 86' lang='lat' dir='ltr'><strong>Commentariorum</strong></span> <span class='ocrx_word' id='word_1_317' title='bbox 2804 3929 3147 3985; x_wconf 68' lang='lat' dir='ltr'><strong>bibliotheca:</strong></span> <span class='ocrx_word' id='word_1_318' title='bbox 3178 3929 3444 3985; x_wconf 65' lang='lat' dir='ltr'><strong>Caesarea:</strong></span> <span class='ocrx_word' id='word_1_319' title='bbox 3474 3929 3682 3986; x_wconf 73' lang='lat' dir='ltr'><strong>Vindo-</strong></span> 
     </span>
    </p>
   </div>
   <div class='ocr_carea' id='block_1_31' title="bbox 412 4015 3087 4086">
    <p class='ocr_par' dir='ltr' id='par_1_31' title="bbox 412 4015 3087 4086">
     <span class='ocr_line' id='line_1_31' title="bbox 412 4015 3087 4086; baseline -0.001 -11"><span class='ocrx_word' id='word_1_320' title='bbox 412 4019 697 4080; x_wconf 73' lang='lat' dir='ltr'><strong>lzonensis,</strong></span> <span class='ocrx_word' id='word_1_321' title='bbox 733 4018 800 4072; x_wconf 89' lang='lat' dir='ltr'><strong>ad</strong></span> <span class='ocrx_word' id='word_1_322' title='bbox 833 4018 1053 4072; x_wconf 87' lang='lat' dir='ltr'><strong>codices</strong></span> <span class='ocrx_word' id='word_1_323' title='bbox 1090 4032 1223 4071; x_wconf 88' lang='lat' dir='ltr'><strong>mss.</strong></span> <span class='ocrx_word' id='word_1_324' title='bbox 1263 4015 1603 4085; x_wconf 74' lang='lat' dir='ltr'><strong>theologicos</strong></span> <span class='ocrx_word' id='word_1_325' title='bbox 1630 4015 2002 4084; x_wconf 67' lang='lat' dir='ltr'><strong>Graecos172,</strong></span> <span class='ocrx_word' id='word_1_326' title='bbox 2038 4019 2142 4073; x_wconf 80' lang='lat'><strong>175</strong></span> <span class='ocrx_word' id='word_1_327' title='bbox 2169 4026 2223 4072; x_wconf 91' lang='lat' dir='ltr'><strong>et</strong></span> <span class='ocrx_word' id='word_1_328' title='bbox 2264 4016 2387 4082; x_wconf 71' lang='grc' dir='ltr'><strong>ΓΗ,</strong></span> <span class='ocrx_word' id='word_1_329' title='bbox 2422 4032 2545 4086; x_wconf 84' lang='lat' dir='ltr'><strong>pag.</strong></span> <span class='ocrx_word' id='word_1_330' title='bbox 2584 4018 2713 4083; x_wconf 79' lang='lat'><strong>180,</strong></span> <span class='ocrx_word' id='word_1_331' title='bbox 2744 4018 2828 4072; x_wconf 91' lang='lat' dir='ltr'><strong>his</strong></span> <span class='ocrx_word' id='word_1_332' title='bbox 2855 4019 3035 4073; x_wconf 89' lang='lat' dir='ltr'><strong>verbis</strong></span> <span class='ocrx_word' id='word_1_333' title='bbox 3073 4036 3087 4073; x_wconf 92' lang='lat'>:</span> 
     </span>
    </p>
   </div>
   <div class='ocr_carea' id='block_1_32' title="bbox 492 4104 3687 4178">
    <p class='ocr_par' dir='ltr' id='par_1_32' title="bbox 492 4104 3687 4178">
     <span class='ocr_line' id='line_1_32' title="bbox 492 4104 3687 4178; baseline 0.001 -19"><span class='ocrx_word' id='word_1_334' title='bbox 492 4128 509 4159; x_wconf 69' lang='grc' dir='ltr'><strong>ι</strong></span> <span class='ocrx_word' id='word_1_335' title='bbox 545 4110 730 4163; x_wconf 69' lang='lat' dir='ltr'><strong>Codex</strong></span> <span class='ocrx_word' id='word_1_336' title='bbox 764 4124 868 4162; x_wconf 83' lang='lat' dir='ltr'><strong>ms.</strong></span> <span class='ocrx_word' id='word_1_337' title='bbox 899 4106 1272 4175; x_wconf 80' lang='lat' dir='ltr'><strong>Theologicus</strong></span> <span class='ocrx_word' id='word_1_338' title='bbox 1299 4104 1525 4161; x_wconf 57' lang='lat' dir='ltr'><strong>Graecus</strong></span> <span class='ocrx_word' id='word_1_339' title='bbox 1556 4106 1679 4173; x_wconf 69' lang='lat'><strong>172,</strong></span> <span class='ocrx_word' id='word_1_340' title='bbox 1720 4114 1802 4163; x_wconf 89' lang='lat' dir='ltr'><strong>est</strong></span> <span class='ocrx_word' id='word_1_341' title='bbox 1839 4108 2185 4171; x_wconf 83' lang='lat' dir='ltr'><strong>chartaceus,</strong></span> <span class='ocrx_word' id='word_1_342' title='bbox 2219 4105 2569 4160; x_wconf 88' lang='lat' dir='ltr'><strong>mediocriter</strong></span> <span class='ocrx_word' id='word_1_343' title='bbox 2599 4108 2884 4177; x_wconf 90' lang='lat' dir='ltr'><strong>antiquus,</strong></span> <span class='ocrx_word' id='word_1_344' title='bbox 2918 4108 2970 4161; x_wconf 89' lang='lat' dir='ltr'><strong>in</strong></span> <span class='ocrx_word' id='word_1_345' title='bbox 3006 4107 3157 4171; x_wconf 80' lang='lat' dir='ltr'><strong>folio,</strong></span> <span class='ocrx_word' id='word_1_346' title='bbox 3188 4116 3515 4178; x_wconf 88' lang='lat' dir='ltr'><strong>constatque</strong></span> <span class='ocrx_word' id='word_1_347' title='bbox 3540 4107 3687 4163; x_wconf 80' lang='lat' dir='ltr'><strong>foliis</strong></span> 
     </span>
    </p>
   </div>
   <div class='ocr_carea' id='block_1_33' title="bbox 414 4193 3686 4267">
    <p class='ocr_par' dir='ltr' id='par_1_33' title="bbox 414 4193 3686 4267">
     <span class='ocr_line' id='line_1_33' title="bbox 414 4193 3686 4267; baseline -0.001 -15"><span class='ocrx_word' id='word_1_348' title='bbox 414 4198 540 4259; x_wconf 69' lang='lat'><strong>120,</strong></span> <span class='ocrx_word' id='word_1_349' title='bbox 572 4210 625 4253; x_wconf 88' lang='lat' dir='ltr'><strong>et</strong></span> <span class='ocrx_word' id='word_1_350' title='bbox 659 4198 725 4252; x_wconf 90' lang='lat' dir='ltr'><strong>ad</strong></span> <span class='ocrx_word' id='word_1_351' title='bbox 759 4197 1035 4251; x_wconf 84' lang='lat' dir='ltr'><strong>Andream</strong></span> <span class='ocrx_word' id='word_1_352' title='bbox 1061 4194 1398 4249; x_wconf 88' lang='lat' dir='ltr'><strong>Taumarum</strong></span> <span class='ocrx_word' id='word_1_353' title='bbox 1429 4193 1838 4265; x_wconf 86' lang='lat' dir='ltr'><strong>Epidauriotam</strong></span> <span class='ocrx_word' id='word_1_354' title='bbox 1865 4196 1993 4251; x_wconf 91' lang='lat' dir='ltr'><strong>olim</strong></span> <span class='ocrx_word' id='word_1_355' title='bbox 2022 4196 2304 4267; x_wconf 90' lang='lat' dir='ltr'><strong>pertinuit.</strong></span> <span class='ocrx_word' id='word_1_356' title='bbox 2338 4193 2668 4250; x_wconf 83' lang='lat' dir='ltr'><strong>Contiuctnr</strong></span> <span class='ocrx_word' id='word_1_357' title='bbox 2699 4210 2786 4260; x_wconf 90' lang='lat' dir='ltr'><strong>eo,</strong></span> <span class='ocrx_word' id='word_1_358' title='bbox 2822 4196 3045 4251; x_wconf 63' lang='lat' dir='ltr'><strong>Andreae</strong></span> <span class='ocrx_word' id='word_1_359' title='bbox 3089 4196 3432 4251; x_wconf 74' lang='lat' dir='ltr'><strong>Cwsaricnsis</strong></span> <span class='ocrx_word' id='word_1_360' title='bbox 3464 4199 3515 4250; x_wconf 88' lang='lat' dir='ltr'><strong>in</strong></span> <span class='ocrx_word' id='word_1_361' title='bbox 3544 4196 3686 4266; x_wconf 77' lang='lat' dir='ltr'><strong>Cap—</strong></span> 
     </span>
    </p>
   </div>
   <div class='ocr_carea' id='block_1_34' title="bbox 413 4282 3688 4361">
    <p class='ocr_par' dir='ltr' id='par_1_34' title="bbox 413 4282 3688 4361">
     <span class='ocr_line' id='line_1_34' title="bbox 413 4282 3688 4361; baseline -0.001 -18"><span class='ocrx_word' id='word_1_362' title='bbox 413 4290 666 4361; x_wconf 84' lang='lat' dir='ltr'><strong>padocia,</strong></span> <span class='ocrx_word' id='word_1_363' title='bbox 703 4287 1083 4356; x_wconf 75' lang='lat' dir='ltr'><strong>archiepiscopi</strong></span> <span class='ocrx_word' id='word_1_364' title='bbox 1118 4285 1541 4340; x_wconf 85' lang='lat' dir='ltr'><strong>Commentarius</strong></span> <span class='ocrx_word' id='word_1_365' title='bbox 1573 4287 1627 4339; x_wconf 87' lang='lat' dir='ltr'><strong>in</strong></span> <span class='ocrx_word' id='word_1_366' title='bbox 1659 4286 2029 4355; x_wconf 70' lang='lat' dir='ltr'><strong>Apocalypsin:</strong></span> <span class='ocrx_word' id='word_1_367' title='bbox 2061 4286 2233 4338; x_wconf 83' lang='lat' dir='ltr'><strong>sancti</strong></span> <span class='ocrx_word' id='word_1_368' title='bbox 2263 4282 2489 4338; x_wconf 81' lang='lat' dir='ltr'><strong>Joannis</strong></span> <span class='ocrx_word' id='word_1_369' title='bbox 2511 4284 2739 4353; x_wconf 83' lang='lat' dir='ltr'><strong>apostoli</strong></span> <span class='ocrx_word' id='word_1_370' title='bbox 2768 4294 2817 4338; x_wconf 90' lang='lat' dir='ltr'><strong>et</strong></span> <span class='ocrx_word' id='word_1_371' title='bbox 2848 4285 3208 4354; x_wconf 77' lang='lat' dir='ltr'><strong>evangelistw,</strong></span> <span class='ocrx_word' id='word_1_372' title='bbox 3241 4285 3399 4353; x_wconf 87' lang='lat' dir='ltr'><strong>cujus</strong></span> <span class='ocrx_word' id='word_1_373' title='bbox 3441 4284 3688 4354; x_wconf 57' lang='lat' dir='ltr'><strong>praefatio</strong></span> 
     </span>
    </p>
   </div>
   <div class='ocr_carea' id='block_1_35' title="bbox 414 4372 2007 4447">
    <p class='ocr_par' dir='ltr' id='par_1_35' title="bbox 414 4374 2007 4445">
     <span class='ocr_line' id='line_1_35' title="bbox 414 4374 2007 4445; baseline -0.004 -14"><span class='ocrx_word' id='word_1_374' title='bbox 414 4378 741 4433; x_wconf 71' lang='lat' dir='ltr'><strong>inser-ibitur</strong></span> <span class='ocrx_word' id='word_1_375' title='bbox 786 4384 950 4445; x_wconf 89' lang='lat' dir='ltr'><strong>atque</strong></span> <span class='ocrx_word' id='word_1_376' title='bbox 984 4375 1179 4445; x_wconf 91' lang='lat' dir='ltr'><strong>incipit</strong></span> <span class='ocrx_word' id='word_1_377' title='bbox 1212 4376 1315 4429; x_wconf 85' lang='lat' dir='ltr'><strong>hoc</strong></span> <span class='ocrx_word' id='word_1_378' title='bbox 1347 4377 1508 4429; x_wconf 86' lang='lat' dir='ltr'><strong>modo</strong></span> <span class='ocrx_word' id='word_1_379' title='bbox 1539 4393 1551 4427; x_wconf 91' lang='lat'><strong>:</strong></span> <span class='ocrx_word' id='word_1_380' title='bbox 1601 4374 1847 4444; x_wconf 81' lang='grc' dir='ltr'><strong>Ἀνδρέου</strong></span> <span class='ocrx_word' id='word_1_381' title='bbox 1880 4374 2007 4444; x_wconf 82' lang='grc' dir='ltr'>ἀρχι</span> 
     </span>
    </p>
   </div>
   <div class='ocr_carea' id='block_1_36' title="bbox 2093 4372 3686 4447">
    <p class='ocr_par' dir='ltr' id='par_1_36' title="bbox 2093 4372 3686 4447">
     <span class='ocr_line' id='line_1_36' title="bbox 2093 4372 3686 4447; baseline 0.003 -22"><span class='ocrx_word' id='word_1_382' title='bbox 2093 4372 2315 4426; x_wconf 80' lang='grc' dir='ltr'>ισκόπου</span> <span class='ocrx_word' id='word_1_383' title='bbox 2352 4372 2694 4442; x_wconf 79' lang='grc' dir='ltr'><strong>Καισαρείας</strong></span> <span class='ocrx_word' id='word_1_384' title='bbox 2736 4374 3141 4437; x_wconf 80' lang='grc' dir='ltr'><strong>Καππαδοκίας</strong></span> <span class='ocrx_word' id='word_1_385' title='bbox 3172 4374 3456 4445; x_wconf 77' lang='grc' dir='ltr'>ἐπιστολή.</span> <span class='ocrx_word' id='word_1_386' title='bbox 3498 4377 3686 4447; x_wconf 80' lang='grc' dir='ltr'>Κυρίῳ</span> 
     </span>
    </p>
   </div>
   <div class='ocr_carea' id='block_1_37' title="bbox 416 4458 3687 4534">
    <p class='ocr_par' dir='ltr' id='par_1_37' title="bbox 416 4458 3687 4534">
     <span class='ocr_line' id='line_1_37' title="bbox 416 4458 3687 4534; baseline 0.001 -21"><span class='ocrx_word' id='word_1_387' title='bbox 416 4479 517 4530; x_wconf 83' lang='grc' dir='ltr'>μου</span> <span class='ocrx_word' id='word_1_388' title='bbox 544 4459 758 4530; x_wconf 70' lang='grc' dir='ltr'>ἀδελφῷ</span> <span class='ocrx_word' id='word_1_389' title='bbox 786 4462 881 4513; x_wconf 69' lang='grc' dir='ltr'>καὶ</span> <span class='ocrx_word' id='word_1_390' title='bbox 914 4459 1342 4531; x_wconf 82' lang='grc' dir='ltr'>συλλειτουργῷ.</span> <span class='ocrx_word' id='word_1_391' title='bbox 1367 4458 1635 4520; x_wconf 80' lang='grc' dir='ltr'><strong>Πολλάκις</strong></span> <span class='ocrx_word' id='word_1_392' title='bbox 1664 4458 1911 4527; x_wconf 78' lang='grc' dir='ltr'>αἰτηθεὶς</span> <span class='ocrx_word' id='word_1_393' title='bbox 1945 4460 2098 4528; x_wconf 80' lang='grc' dir='ltr'>παρᾶ</span> <span class='ocrx_word' id='word_1_394' title='bbox 2129 4461 2339 4513; x_wconf 81' lang='grc' dir='ltr'>πολλῶν</span> <span class='ocrx_word' id='word_1_395' title='bbox 2370 4461 2428 4528; x_wconf 81' lang='grc' dir='ltr'><strong>ἐξ</strong></span> <span class='ocrx_word' id='word_1_396' title='bbox 2460 4462 2705 4531; x_wconf 82' lang='grc' dir='ltr'>ἀγάπης,</span> <span class='ocrx_word' id='word_1_397' title='bbox 2739 4463 2971 4531; x_wconf 78' lang='grc' dir='ltr'>μείζονα</span> <span class='ocrx_word' id='word_1_398' title='bbox 2998 4463 3097 4533; x_wconf 79' lang='grc' dir='ltr'>τῆς</span> <span class='ocrx_word' id='word_1_399' title='bbox 3127 4462 3266 4533; x_wconf 79' lang='grc' dir='ltr'>ἐμῆς</span> <span class='ocrx_word' id='word_1_400' title='bbox 3293 4464 3576 4534; x_wconf 79' lang='grc' dir='ltr'>δυνάμεως</span> <span class='ocrx_word' id='word_1_401' title='bbox 3609 4466 3687 4530; x_wconf 83' lang='grc' dir='ltr'><strong>ὡς</strong></span> 
     </span>
    </p>
   </div>
   <div class='ocr_carea' id='block_1_38' title="bbox 413 4546 2006 4623">
    <p class='ocr_par' dir='ltr' id='par_1_38' title="bbox 413 4546 2002 4620">
     <span class='ocr_line' id='line_1_38' title="bbox 413 4546 2002 4620; baseline -0.001 -19"><span class='ocrx_word' id='word_1_402' title='bbox 413 4551 733 4620; x_wconf 72' lang='grc' dir='ltr'><strong>ἐσχηκότων</strong></span> <span class='ocrx_word' id='word_1_403' title='bbox 786 4548 1079 4620; x_wconf 66' lang='grc' dir='ltr'>ὑπόληψιν,</span> <span class='ocrx_word' id='word_1_404' title='bbox 1133 4558 1238 4603; x_wconf 91' lang='lat' dir='ltr'><strong>etc.</strong></span> <span class='ocrx_word' id='word_1_405' title='bbox 1286 4548 1406 4617; x_wconf 86' lang='lat' dir='ltr'><strong>Ipse</strong></span> <span class='ocrx_word' id='word_1_406' title='bbox 1439 4559 1621 4600; x_wconf 89' lang='lat' dir='ltr'><strong>autem</strong></span> <span class='ocrx_word' id='word_1_407' title='bbox 1653 4546 2002 4601; x_wconf 87' lang='lat' dir='ltr'><strong>Cormneutar</strong></span> 
     </span>
    </p>
   </div>
   <div class='ocr_carea' id='block_1_39' title="bbox 2093 4546 3686 4623">
    <p class='ocr_par' dir='ltr' id='par_1_39' title="bbox 2131 4549 3686 4623">
     <span class='ocr_line' id='line_1_39' title="bbox 2131 4549 3686 4623; baseline 0.001 -20"><span class='ocrx_word' id='word_1_408' title='bbox 2131 4549 2325 4621; x_wconf 85' lang='lat' dir='ltr'><strong>incipit</strong></span> <span class='ocrx_word' id='word_1_409' title='bbox 2364 4552 2449 4606; x_wconf 90' lang='lat' dir='ltr'><strong>bis</strong></span> <span class='ocrx_word' id='word_1_410' title='bbox 2484 4552 2667 4606; x_wconf 91' lang='lat' dir='ltr'><strong>verbis</strong></span> <span class='ocrx_word' id='word_1_411' title='bbox 2700 4568 2713 4604; x_wconf 91' lang='lat'><strong>:</strong></span> <span class='ocrx_word' id='word_1_412' title='bbox 2759 4553 3131 4621; x_wconf 80' lang='grc' dir='ltr'>Ἀποκὰλυψις</span> <span class='ocrx_word' id='word_1_413' title='bbox 3176 4552 3275 4621; x_wconf 85' lang='grc' dir='ltr'><strong>μὲν</strong></span> <span class='ocrx_word' id='word_1_414' title='bbox 3307 4552 3454 4605; x_wconf 77' lang='grc' dir='ltr'>ἐστιν</span> <span class='ocrx_word' id='word_1_415' title='bbox 3497 4555 3529 4623; x_wconf 80' lang='grc' dir='ltr'>ἡ</span> <span class='ocrx_word' id='word_1_416' title='bbox 3576 4554 3686 4606; x_wconf 81' lang='grc' dir='ltr'><strong>τῶν</strong></span> 
     </span>
    </p>
   </div>
   <div class='ocr_carea' id='block_1_40' title="bbox 414 4634 3688 4711">
    <p class='ocr_par' dir='ltr' id='par_1_40' title="bbox 414 4634 3688 4711">
     <span class='ocr_line' id='line_1_40' title="bbox 414 4634 3688 4711; baseline 0.002 -21"><span class='ocrx_word' id='word_1_417' title='bbox 414 4638 677 4708; x_wconf 76' lang='grc' dir='ltr'>κρυπτῶν</span> <span class='ocrx_word' id='word_1_418' title='bbox 710 4637 1029 4707; x_wconf 81' lang='grc' dir='ltr'>μυστηρίων</span> <span class='ocrx_word' id='word_1_419' title='bbox 1059 4637 1312 4707; x_wconf 80' lang='grc' dir='ltr'><strong>δήλωσις,</strong></span> <span class='ocrx_word' id='word_1_420' title='bbox 1348 4634 1833 4704; x_wconf 77' lang='grc' dir='ltr'>καταυγαζομένου</span> <span class='ocrx_word' id='word_1_421' title='bbox 1856 4634 1951 4687; x_wconf 82' lang='grc' dir='ltr'>τοῦ</span> <span class='ocrx_word' id='word_1_422' title='bbox 1978 4637 2313 4708; x_wconf 73' lang='grc' dir='ltr'><strong>ἡγεμονικοῦ</strong></span> <span class='ocrx_word' id='word_1_423' title='bbox 2339 4640 2450 4693; x_wconf 73' lang='grc' dir='ltr'>εἴτε</span> <span class='ocrx_word' id='word_1_424' title='bbox 2490 4642 2577 4694; x_wconf 82' lang='grc' dir='ltr'><strong>διὰ</strong></span> <span class='ocrx_word' id='word_1_425' title='bbox 2608 4641 2769 4694; x_wconf 81' lang='grc' dir='ltr'>θείων</span> <span class='ocrx_word' id='word_1_426' title='bbox 2797 4641 3117 4711; x_wconf 82' lang='grc' dir='ltr'><strong>ὀνειράτων,</strong></span> <span class='ocrx_word' id='word_1_427' title='bbox 3151 4640 3285 4702; x_wconf 81' lang='grc' dir='ltr'>εἴτε,</span> <span class='ocrx_word' id='word_1_428' title='bbox 3321 4652 3430 4695; x_wconf 91' lang='lat' dir='ltr'><strong>etc.</strong></span> <span class='ocrx_word' id='word_1_429' title='bbox 3470 4640 3688 4697; x_wconf 59' lang='lat' dir='ltr'><strong>Primus</strong></span> 
     </span>
    </p>
   </div>
   <div class='ocr_carea' id='block_1_41' title="bbox 425 4722 3688 4799">
    <p class='ocr_par' dir='ltr' id='par_1_41' title="bbox 425 4722 3688 4799">
     <span class='ocr_line' id='line_1_41' title="bbox 425 4722 3688 4799; baseline 0.002 -19"><span class='ocrx_word' id='word_1_430' title='bbox 425 4729 573 4781; x_wconf 91' lang='lat' dir='ltr'><strong>hunc</strong></span> <span class='ocrx_word' id='word_1_431' title='bbox 604 4727 1099 4785; x_wconf 86' lang='lat' dir='ltr'><strong>Commentarium.</strong></span> <span class='ocrx_word' id='word_1_432' title='bbox 1130 4725 1222 4779; x_wconf 81' lang='lat' dir='ltr'><strong>sed</strong></span> <span class='ocrx_word' id='word_1_433' title='bbox 1253 4722 1442 4777; x_wconf 83' lang='lat' dir='ltr'><strong>Latine</strong></span> <span class='ocrx_word' id='word_1_434' title='bbox 1475 4730 1684 4776; x_wconf 87' lang='lat' dir='ltr'><strong>tantum</strong></span> <span class='ocrx_word' id='word_1_435' title='bbox 1714 4722 1886 4777; x_wconf 90' lang='lat' dir='ltr'><strong>edidit</strong></span> <span class='ocrx_word' id='word_1_436' title='bbox 1917 4723 2239 4783; x_wconf 84' lang='lat' dir='ltr'><strong>Theodorus</strong></span> <span class='ocrx_word' id='word_1_437' title='bbox 2264 4727 2522 4785; x_wconf 84' lang='lat' dir='ltr'><strong>Peltanus</strong></span> <span class='ocrx_word' id='word_1_438' title='bbox 2556 4729 2681 4784; x_wconf 85' lang='lat' dir='ltr'><strong>Soc.</strong></span> <span class='ocrx_word' id='word_1_439' title='bbox 2717 4730 2868 4794; x_wconf 81' lang='lat' dir='ltr'><strong>Jesu,</strong></span> <span class='ocrx_word' id='word_1_440' title='bbox 2905 4728 3237 4799; x_wconf 68' lang='lat' dir='ltr'><strong>lngolstadii,</strong></span> <span class='ocrx_word' id='word_1_441' title='bbox 3280 4729 3424 4799; x_wconf 73' lang='lat' dir='ltr'><strong>typis</strong></span> <span class='ocrx_word' id='word_1_442' title='bbox 3469 4728 3688 4786; x_wconf 85' lang='lat' dir='ltr'><strong>Davidis</strong></span> 
     </span>
    </p>
   </div>
   <div class='ocr_carea' id='block_1_42' title="bbox 424 4810 3687 4888">
    <p class='ocr_par' dir='ltr' id='par_1_42' title="bbox 424 4810 3687 4888">
     <span class='ocr_line' id='line_1_42' title="bbox 424 4810 3687 4888; baseline 0.002 -22"><span class='ocrx_word' id='word_1_443' title='bbox 424 4814 658 4868; x_wconf 86' lang='lat' dir='ltr'><strong>Sartorii</strong></span> <span class='ocrx_word' id='word_1_444' title='bbox 704 4813 867 4878; x_wconf 66' lang='lat'><strong>1584,</strong></span> <span class='ocrx_word' id='word_1_445' title='bbox 907 4813 1053 4867; x_wconf 68' lang='lat' dir='ltr'><strong>iri-4.</strong></span> <span class='ocrx_word' id='word_1_446' title='bbox 1088 4811 1290 4865; x_wconf 83' lang='lat' dir='ltr'><strong>Eodem</strong></span> <span class='ocrx_word' id='word_1_447' title='bbox 1320 4825 1538 4879; x_wconf 77' lang='lat' dir='ltr'><strong>quoque</strong></span> <span class='ocrx_word' id='word_1_448' title='bbox 1570 4810 1731 4863; x_wconf 90' lang='lat' dir='ltr'><strong>modo</strong></span> <span class='ocrx_word' id='word_1_449' title='bbox 1760 4820 1935 4867; x_wconf 78' lang='lat' dir='ltr'><strong>exstat</strong></span> <span class='ocrx_word' id='word_1_450' title='bbox 1966 4813 2107 4869; x_wconf 90' lang='lat' dir='ltr'><strong>idem</strong></span> <span class='ocrx_word' id='word_1_451' title='bbox 2141 4816 2579 4873; x_wconf 86' lang='lat' dir='ltr'><strong>Commentarius</strong></span> <span class='ocrx_word' id='word_1_452' title='bbox 2605 4819 2656 4872; x_wconf 92' lang='lat' dir='ltr'><strong>in</strong></span> <span class='ocrx_word' id='word_1_453' title='bbox 2684 4817 2876 4888; x_wconf 82' lang='lat' dir='ltr'><strong>Magna</strong></span> <span class='ocrx_word' id='word_1_454' title='bbox 2918 4817 3258 4873; x_wconf 87' lang='lat' dir='ltr'><strong>Bibliotheca</strong></span> <span class='ocrx_word' id='word_1_455' title='bbox 3297 4829 3539 4873; x_wconf 89' lang='lat' dir='ltr'><strong>veterum</strong></span> <span class='ocrx_word' id='word_1_456' title='bbox 3581 4818 3687 4873; x_wconf 84' lang='lat' dir='ltr'><strong>Pa-</strong></span> 
     </span>
    </p>
   </div>
   <div class='ocr_carea' id='block_1_43' title="bbox 418 4898 3131 4978">
    <p class='ocr_par' dir='ltr' id='par_1_43' title="bbox 418 4898 3131 4978">
     <span class='ocr_line' id='line_1_43' title="bbox 418 4898 3131 4978; baseline 0.001 -21"><span class='ocrx_word' id='word_1_457' title='bbox 418 4913 563 4958; x_wconf 89' lang='lat' dir='ltr'><strong>trum</strong></span> <span class='ocrx_word' id='word_1_458' title='bbox 607 4902 1030 4959; x_wconf 69' lang='lat' dir='ltr'><strong>Grseco-Latina</strong></span> <span class='ocrx_word' id='word_1_459' title='bbox 1068 4899 1389 4961; x_wconf 81' lang='lat' dir='ltr'><strong>Parisiensi,</strong></span> <span class='ocrx_word' id='word_1_460' title='bbox 1420 4899 1545 4951; x_wconf 89' lang='lat' dir='ltr'><strong>anni</strong></span> <span class='ocrx_word' id='word_1_461' title='bbox 1583 4898 1741 4966; x_wconf 74' lang='grc'><strong>1654,</strong></span> <span class='ocrx_word' id='word_1_462' title='bbox 1777 4908 1927 4955; x_wconf 89' lang='lat' dir='ltr'><strong>tomo</strong></span> <span class='ocrx_word' id='word_1_463' title='bbox 1960 4901 1997 4967; x_wconf 93' lang='grc' dir='ltr'>Ι,</span> <span class='ocrx_word' id='word_1_464' title='bbox 2027 4920 2055 4958; x_wconf 91' lang='lat' dir='ltr'><strong>a</strong></span> <span class='ocrx_word' id='word_1_465' title='bbox 2080 4907 2332 4960; x_wconf 87' lang='lat' dir='ltr'><strong>columna</strong></span> <span class='ocrx_word' id='word_1_466' title='bbox 2368 4907 2503 4963; x_wconf 72' lang='grc'><strong>1529</strong></span> <span class='ocrx_word' id='word_1_467' title='bbox 2536 4924 2707 4978; x_wconf 88' lang='lat' dir='ltr'><strong>usque</strong></span> <span class='ocrx_word' id='word_1_468' title='bbox 2732 4910 2796 4963; x_wconf 84' lang='lat' dir='ltr'><strong>ad</strong></span> <span class='ocrx_word' id='word_1_469' title='bbox 2823 4908 2933 4963; x_wconf 91' lang='lat' dir='ltr'><strong>col.</strong></span> <span class='ocrx_word' id='word_1_470' title='bbox 2973 4907 3131 4962; x_wconf 71' lang='lat'><strong>1622.</strong></span> 
     </span>
    </p>
   </div>
   <div class='ocr_carea' id='block_1_44' title="bbox 490 4986 3685 5067">
    <p class='ocr_par' dir='ltr' id='par_1_44' title="bbox 490 4986 3685 5067">
     <span class='ocr_line' id='line_1_44' title="bbox 490 4986 3685 5067; baseline 0.002 -22"><span class='ocrx_word' id='word_1_471' title='bbox 490 4994 615 5057; x_wconf 70' lang='lat'><strong>17‘2,</strong></span> <span class='ocrx_word' id='word_1_472' title='bbox 662 4992 841 5047; x_wconf 80' lang='lat' dir='ltr'><strong>Codex</strong></span> <span class='ocrx_word' id='word_1_473' title='bbox 898 5006 1003 5045; x_wconf 86' lang='lat' dir='ltr'><strong>ms.</strong></span> <span class='ocrx_word' id='word_1_474' title='bbox 1060 4986 1427 5057; x_wconf 80' lang='lat' dir='ltr'><strong>Thcologicus</strong></span> <span class='ocrx_word' id='word_1_475' title='bbox 1478 4986 1721 5054; x_wconf 71' lang='lat' dir='ltr'><strong>Graecus,</strong></span> <span class='ocrx_word' id='word_1_476' title='bbox 1770 4998 1853 5044; x_wconf 86' lang='lat' dir='ltr'><strong>est</strong></span> <span class='ocrx_word' id='word_1_477' title='bbox 1898 4991 2242 5055; x_wconf 82' lang='lat' dir='ltr'><strong>chartaeeus,</strong></span> <span class='ocrx_word' id='word_1_478' title='bbox 2287 4995 2637 5050; x_wconf 87' lang='lat' dir='ltr'><strong>mediocriter</strong></span> <span class='ocrx_word' id='word_1_479' title='bbox 2686 4996 2966 5065; x_wconf 82' lang='lat' dir='ltr'><strong>antiquus,</strong></span> <span class='ocrx_word' id='word_1_480' title='bbox 3000 4996 3054 5051; x_wconf 92' lang='lat' dir='ltr'><strong>in</strong></span> <span class='ocrx_word' id='word_1_481' title='bbox 3106 5007 3327 5065; x_wconf 84' lang='lat' dir='ltr'><strong>quarto,</strong></span> <span class='ocrx_word' id='word_1_482' title='bbox 3363 5005 3685 5067; x_wconf 83' lang='lat' dir='ltr'><strong>constatque</strong></span> 
     </span>
    </p>
   </div>
   <div class='ocr_carea' id='block_1_45' title="bbox 416 5075 3685 5155">
    <p class='ocr_par' dir='ltr' id='par_1_45' title="bbox 416 5075 3685 5155">
     <span class='ocr_line' id='line_1_45' title="bbox 416 5075 3685 5155; baseline 0 -16"><span class='ocrx_word' id='word_1_483' title='bbox 416 5084 560 5139; x_wconf 79' lang='lat' dir='ltr'><strong>foliis</strong></span> <span class='ocrx_word' id='word_1_484' title='bbox 593 5082 714 5139; x_wconf 77' lang='grc'><strong>151.</strong></span> <span class='ocrx_word' id='word_1_485' title='bbox 744 5080 1070 5135; x_wconf 90' lang='lat' dir='ltr'><strong>Contiuctnr</strong></span> <span class='ocrx_word' id='word_1_486' title='bbox 1105 5093 1192 5142; x_wconf 83' lang='lat' dir='ltr'><strong>eo,</strong></span> <span class='ocrx_word' id='word_1_487' title='bbox 1224 5076 1448 5130; x_wconf 67' lang='lat' dir='ltr'><strong>Andreae</strong></span> <span class='ocrx_word' id='word_1_488' title='bbox 1479 5075 1822 5132; x_wconf 75' lang='lat' dir='ltr'><strong>Cazsariensis</strong></span> <span class='ocrx_word' id='word_1_489' title='bbox 1862 5080 1916 5132; x_wconf 89' lang='lat' dir='ltr'><strong>in</strong></span> <span class='ocrx_word' id='word_1_490' title='bbox 1952 5079 2291 5151; x_wconf 84' lang='lat' dir='ltr'><strong>Cappadocia</strong></span> <span class='ocrx_word' id='word_1_491' title='bbox 2333 5084 2714 5152; x_wconf 78' lang='lat' dir='ltr'><strong>archiepiscopi</strong></span> <span class='ocrx_word' id='word_1_492' title='bbox 2763 5083 3189 5138; x_wconf 73' lang='lat' dir='ltr'><strong>Commentarios</strong></span> <span class='ocrx_word' id='word_1_493' title='bbox 3220 5086 3276 5138; x_wconf 86' lang='lat' dir='ltr'><strong>in</strong></span> <span class='ocrx_word' id='word_1_494' title='bbox 3310 5085 3685 5155; x_wconf 80' lang='lat' dir='ltr'><strong>Apocalypsim</strong></span> 
     </span>
    </p>
   </div>
   <div class='ocr_carea' id='block_1_46' title="bbox 414 5165 3685 5241">
    <p class='ocr_par' dir='ltr' id='par_1_46' title="bbox 414 5165 3685 5241">
     <span class='ocr_line' id='line_1_46' title="bbox 414 5165 3685 5241; baseline 0.002 -17"><span class='ocrx_word' id='word_1_495' title='bbox 414 5172 585 5225; x_wconf 81' lang='lat' dir='ltr'><strong>sancti</strong></span> <span class='ocrx_word' id='word_1_496' title='bbox 628 5170 856 5223; x_wconf 85' lang='lat' dir='ltr'><strong>Joannis</strong></span> <span class='ocrx_word' id='word_1_497' title='bbox 904 5165 1134 5237; x_wconf 87' lang='lat' dir='ltr'><strong>apostoli</strong></span> <span class='ocrx_word' id='word_1_498' title='bbox 1170 5175 1217 5219; x_wconf 88' lang='lat' dir='ltr'><strong>et</strong></span> <span class='ocrx_word' id='word_1_499' title='bbox 1252 5165 1608 5235; x_wconf 77' lang='lat' dir='ltr'><strong>evangelistw,</strong></span> <span class='ocrx_word' id='word_1_500' title='bbox 1648 5166 1741 5221; x_wconf 88' lang='lat' dir='ltr'><strong>sed</strong></span> <span class='ocrx_word' id='word_1_501' title='bbox 1779 5183 2060 5238; x_wconf 81' lang='lat' dir='ltr'><strong>perperam</strong></span> <span class='ocrx_word' id='word_1_502' title='bbox 2102 5171 2422 5225; x_wconf 88' lang='lat' dir='ltr'><strong>attribuitur</strong></span> <span class='ocrx_word' id='word_1_503' title='bbox 2470 5171 2713 5241; x_wconf 77' lang='lat' dir='ltr'><strong>Origeni,</strong></span> <span class='ocrx_word' id='word_1_504' title='bbox 2748 5181 2806 5225; x_wconf 90' lang='lat' dir='ltr'><strong>ut</strong></span> <span class='ocrx_word' id='word_1_505' title='bbox 2838 5173 3024 5227; x_wconf 88' lang='lat' dir='ltr'><strong>videre</strong></span> <span class='ocrx_word' id='word_1_506' title='bbox 3075 5182 3156 5227; x_wconf 90' lang='lat' dir='ltr'><strong>est</strong></span> <span class='ocrx_word' id='word_1_507' title='bbox 3192 5189 3255 5227; x_wconf 86' lang='lat' dir='ltr'><strong>ex</strong></span> <span class='ocrx_word' id='word_1_508' title='bbox 3294 5174 3451 5227; x_wconf 89' lang='lat' dir='ltr'><strong>titulo</strong></span> <span class='ocrx_word' id='word_1_509' title='bbox 3485 5173 3685 5229; x_wconf 75' lang='lat' dir='ltr'><strong>Praefa-</strong></span> 
     </span>
    </p>
   </div>
   <div class='ocr_carea' id='block_1_47' title="bbox 418 5252 2011 5331">
    <p class='ocr_par' dir='ltr' id='par_1_47' title="bbox 418 5252 2011 5328">
     <span class='ocr_line' id='line_1_47' title="bbox 418 5252 2011 5328; baseline -0.003 -15"><span class='ocrx_word' id='word_1_510' title='bbox 418 5260 610 5324; x_wconf 88' lang='lat' dir='ltr'><strong>tionis,</strong></span> <span class='ocrx_word' id='word_1_511' title='bbox 659 5260 751 5328; x_wconf 90' lang='lat' dir='ltr'><strong>qui</strong></span> <span class='ocrx_word' id='word_1_512' title='bbox 796 5258 867 5311; x_wconf 92' lang='lat' dir='ltr'><strong>ibi</strong></span> <span class='ocrx_word' id='word_1_513' title='bbox 903 5254 1029 5307; x_wconf 86' lang='lat' dir='ltr'><strong>talis</strong></span> <span class='ocrx_word' id='word_1_514' title='bbox 1061 5264 1147 5307; x_wconf 90' lang='lat' dir='ltr'><strong>est</strong></span> <span class='ocrx_word' id='word_1_515' title='bbox 1179 5270 1191 5305; x_wconf 90' lang='lat'><strong>:</strong></span> <span class='ocrx_word' id='word_1_516' title='bbox 1228 5252 1321 5316; x_wconf 81' lang='grc' dir='ltr'><strong>Εἰς</strong></span> <span class='ocrx_word' id='word_1_517' title='bbox 1352 5254 1449 5324; x_wconf 76' lang='grc' dir='ltr'><strong>τὴν</strong></span> <span class='ocrx_word' id='word_1_518' title='bbox 1492 5252 1587 5306; x_wconf 74' lang='grc' dir='ltr'>τοῦ</span> <span class='ocrx_word' id='word_1_519' title='bbox 1625 5254 1778 5323; x_wconf 85' lang='grc' dir='ltr'>ἁγίου</span> <span class='ocrx_word' id='word_1_520' title='bbox 1820 5258 2011 5310; x_wconf 78' lang='grc' dir='ltr'>ἀποστ(</span> 
     </span>
    </p>
   </div>
   <div class='ocr_carea' id='block_1_48' title="bbox 2092 5252 3685 5331">
    <p class='ocr_par' dir='ltr' id='par_1_48' title="bbox 2092 5259 3685 5331">
     <span class='ocr_line' id='line_1_48' title="bbox 2092 5259 3685 5331; baseline 0.005 -21"><span class='ocrx_word' id='word_1_521' title='bbox 2092 5277 2118 5310; x_wconf 92' lang='grc' dir='ltr'><strong>υ</strong></span> <span class='ocrx_word' id='word_1_522' title='bbox 2151 5259 2244 5312; x_wconf 77' lang='grc' dir='ltr'>καὶ</span> <span class='ocrx_word' id='word_1_523' title='bbox 2279 5260 2667 5327; x_wconf 78' lang='grc' dir='ltr'>εὐαγγελιστοῦ</span> <span class='ocrx_word' id='word_1_524' title='bbox 2726 5262 2975 5315; x_wconf 79' lang='grc' dir='ltr'>Ἰωάννου</span> <span class='ocrx_word' id='word_1_525' title='bbox 3004 5261 3099 5315; x_wconf 83' lang='grc' dir='ltr'>τοῦ</span> <span class='ocrx_word' id='word_1_526' title='bbox 3141 5262 3404 5331; x_wconf 80' lang='grc' dir='ltr'>Θεολόγου</span> <span class='ocrx_word' id='word_1_527' title='bbox 3446 5263 3685 5318; x_wconf 79' lang='grc' dir='ltr'>Ἀποκά-</span> 
     </span>
    </p>
   </div>
   <div class='ocr_carea' id='block_1_49' title="bbox 413 5338 2006 5422">
    <p class='ocr_par' dir='ltr' id='par_1_49' title="bbox 413 5338 2006 5417">
     <span class='ocr_line' id='line_1_49' title="bbox 413 5338 2006 5417; baseline 0.008 -31"><span class='ocrx_word' id='word_1_528' title='bbox 413 5346 574 5416; x_wconf 63' lang='grc' dir='ltr'>λυψιν</span> <span class='ocrx_word' id='word_1_529' title='bbox 623 5345 885 5417; x_wconf 65' lang='grc' dir='ltr'>ἐξήγησις</span> <span class='ocrx_word' id='word_1_530' title='bbox 932 5341 1268 5411; x_wconf 81' lang='grc' dir='ltr'>Ὠριγένους,</span> <span class='ocrx_word' id='word_1_531' title='bbox 1301 5338 1633 5410; x_wconf 78' lang='grc' dir='ltr'>θαυμαστῶς</span> <span class='ocrx_word' id='word_1_532' title='bbox 1662 5342 1761 5413; x_wconf 83' lang='grc' dir='ltr'>τὴν</span> <span class='ocrx_word' id='word_1_533' title='bbox 1793 5344 2006 5414; x_wconf 64' lang='grc' dir='ltr'>ἁσάφειι</span> 
     </span>
    </p>
   </div>
   <div class='ocr_carea' id='block_1_50' title="bbox 2094 5338 3687 5422">
    <p class='ocr_par' dir='ltr' id='par_1_50' title="bbox 2098 5350 3687 5422">
     <span class='ocr_line' id='line_1_50' title="bbox 2098 5350 3687 5422; baseline 0.004 -19"><span class='ocrx_word' id='word_1_534' title='bbox 2098 5350 2305 5419; x_wconf 83' lang='grc' dir='ltr'>ταύτης</span> <span class='ocrx_word' id='word_1_535' title='bbox 2342 5353 2422 5414; x_wconf 72' lang='grc' dir='ltr'><strong>εἰς</strong></span> <span class='ocrx_word' id='word_1_536' title='bbox 2455 5350 2570 5421; x_wconf 70' lang='grc' dir='ltr'><strong>φῶς</strong></span> <span class='ocrx_word' id='word_1_537' title='bbox 2607 5353 2948 5422; x_wconf 79' lang='grc' dir='ltr'>παράγουσα.</span> <span class='ocrx_word' id='word_1_538' title='bbox 2988 5351 3108 5422; x_wconf 82' lang='lat' dir='ltr'><strong>Ipsa</strong></span> <span class='ocrx_word' id='word_1_539' title='bbox 3154 5367 3373 5422; x_wconf 71' lang='lat' dir='ltr'><strong>quodue</strong></span> <span class='ocrx_word' id='word_1_540' title='bbox 3433 5352 3687 5409; x_wconf 69' lang='lat' dir='ltr'><strong>Praefatio</strong></span> 
     </span>
    </p>
   </div>
   <div class='ocr_carea' id='block_1_51' title="bbox 415 5429 2008 5513">
    <p class='ocr_par' dir='ltr' id='par_1_51' title="bbox 415 5429 2008 5503">
     <span class='ocr_line' id='line_1_51' title="bbox 415 5429 2008 5503; baseline 0.001 -13"><span class='ocrx_word' id='word_1_541' title='bbox 415 5439 619 5490; x_wconf 82' lang='lat' dir='ltr'><strong>ibidem</strong></span> <span class='ocrx_word' id='word_1_542' title='bbox 645 5435 700 5488; x_wconf 92' lang='lat' dir='ltr'><strong>in</strong></span> <span class='ocrx_word' id='word_1_543' title='bbox 732 5430 1005 5503; x_wconf 89' lang='lat' dir='ltr'><strong>principio</strong></span> <span class='ocrx_word' id='word_1_544' title='bbox 1038 5439 1123 5483; x_wconf 90' lang='lat' dir='ltr'><strong>est</strong></span> <span class='ocrx_word' id='word_1_545' title='bbox 1156 5429 1374 5493; x_wconf 91' lang='lat' dir='ltr'><strong>mutila,</strong></span> <span class='ocrx_word' id='word_1_546' title='bbox 1406 5439 1461 5483; x_wconf 92' lang='lat' dir='ltr'><strong>et</strong></span> <span class='ocrx_word' id='word_1_547' title='bbox 1491 5432 1649 5501; x_wconf 87' lang='lat' dir='ltr'><strong>quasi</strong></span> <span class='ocrx_word' id='word_1_548' title='bbox 1686 5432 1897 5503; x_wconf 84' lang='lat' dir='ltr'><strong>integra</strong></span> <span class='ocrx_word' id='word_1_549' title='bbox 1931 5453 2008 5493; x_wconf 77' lang='lat' dir='ltr'><strong>ess</strong></span> 
     </span>
    </p>
   </div>
   <div class='ocr_carea' id='block_1_52' title="bbox 2093 5429 3686 5513">
    <p class='ocr_par' dir='ltr' id='par_1_52' title="bbox 2093 5438 3686 5513">
     <span class='ocr_line' id='line_1_52' title="bbox 2093 5438 3686 5513; baseline 0.001 -20"><span class='ocrx_word' id='word_1_550' title='bbox 2093 5481 2099 5501; x_wconf 82' lang='grc'><strong>,</strong></span> <span class='ocrx_word' id='word_1_551' title='bbox 2134 5440 2322 5505; x_wconf 88' lang='lat' dir='ltr'><strong>incipit</strong></span> <span class='ocrx_word' id='word_1_552' title='bbox 2351 5438 2457 5493; x_wconf 84' lang='lat' dir='ltr'><strong>hoc</strong></span> <span class='ocrx_word' id='word_1_553' title='bbox 2487 5442 2651 5494; x_wconf 89' lang='lat' dir='ltr'><strong>modo</strong></span> <span class='ocrx_word' id='word_1_554' title='bbox 2689 5458 2701 5493; x_wconf 88' lang='lat'>:</span> <span class='ocrx_word' id='word_1_555' title='bbox 2739 5440 3052 5511; x_wconf 80' lang='grc' dir='ltr'>Προοίμιον.</span> <span class='ocrx_word' id='word_1_556' title='bbox 3086 5440 3311 5511; x_wconf 80' lang='grc' dir='ltr'>Πρῶτον</span> <span class='ocrx_word' id='word_1_557' title='bbox 3353 5443 3451 5513; x_wconf 81' lang='grc' dir='ltr'><strong>μὲν</strong></span> <span class='ocrx_word' id='word_1_558' title='bbox 3490 5442 3583 5495; x_wconf 76' lang='grc' dir='ltr'><strong>οὖν</strong></span> <span class='ocrx_word' id='word_1_559' title='bbox 3611 5444 3686 5505; x_wconf 73' lang='grc' dir='ltr'>ὡς</span> 
     </span>
    </p>
   </div>
   <div class='ocr_carea' id='block_1_53' title="bbox 415 5517 2008 5600">
    <p class='ocr_par' dir='ltr' id='par_1_53' title="bbox 415 5517 2008 5593">
     <span class='ocr_line' id='line_1_53' title="bbox 415 5517 2008 5593; baseline -0.003 -15"><span class='ocrx_word' id='word_1_560' title='bbox 415 5523 572 5579; x_wconf 75' lang='grc' dir='ltr'>οἶσθα</span> <span class='ocrx_word' id='word_1_561' title='bbox 602 5524 699 5577; x_wconf 67' lang='grc' dir='ltr'>καὶ</span> <span class='ocrx_word' id='word_1_562' title='bbox 751 5519 936 5593; x_wconf 64' lang='grc' dir='ltr'>αὐτος,</span> <span class='ocrx_word' id='word_1_563' title='bbox 991 5517 1141 5570; x_wconf 84' lang='grc' dir='ltr'>πᾶσα</span> <span class='ocrx_word' id='word_1_564' title='bbox 1174 5517 1530 5580; x_wconf 84' lang='grc' dir='ltr'>θεόπνευστος</span> <span class='ocrx_word' id='word_1_565' title='bbox 1572 5520 1802 5591; x_wconf 81' lang='grc' dir='ltr'><strong>Γραφὴ,</strong></span> <span class='ocrx_word' id='word_1_566' title='bbox 1840 5534 1946 5579; x_wconf 83' lang='lat' dir='ltr'><strong>etc.</strong></span> <span class='ocrx_word' id='word_1_567' title='bbox 1989 5524 2008 5579; x_wconf 76' lang='lat'><strong>1</strong></span> 
     </span>
    </p>
   </div>
   <div class='ocr_carea' id='block_1_54' title="bbox 2094 5517 3687 5600">
    <p class='ocr_par' dir='ltr' id='par_1_54' title="bbox 2094 5526 3687 5600">
     <span class='ocr_line' id='line_1_54' title="bbox 2094 5526 3687 5600; baseline 0.003 -21"><span class='ocrx_word' id='word_1_568' title='bbox 2094 5528 2262 5579; x_wconf 68' lang='lat' dir='ltr'><strong>sancti</strong></span> <span class='ocrx_word' id='word_1_569' title='bbox 2312 5526 2541 5596; x_wconf 83' lang='lat' dir='ltr'><strong>apostoli</strong></span> <span class='ocrx_word' id='word_1_570' title='bbox 2591 5540 2747 5596; x_wconf 81' lang='lat' dir='ltr'><strong>atque</strong></span> <span class='ocrx_word' id='word_1_571' title='bbox 2787 5530 3120 5598; x_wconf 75' lang='lat' dir='ltr'><strong>evangelista:</strong></span> <span class='ocrx_word' id='word_1_572' title='bbox 3168 5528 3397 5583; x_wconf 81' lang='lat' dir='ltr'><strong>Joannis</strong></span> <span class='ocrx_word' id='word_1_573' title='bbox 3440 5529 3687 5600; x_wconf 85' lang='lat' dir='ltr'><strong>Theologi</strong></span> 
     </span>
    </p>
   </div>
   <div class='ocr_carea' id='block_1_55' title="bbox 416 5606 3205 5683">
    <p class='ocr_par' dir='ltr' id='par_1_55' title="bbox 416 5606 3205 5683">
     <span class='ocr_line' id='line_1_55' title="bbox 416 5606 3205 5683; baseline 0.001 -16"><span class='ocrx_word' id='word_1_574' title='bbox 416 5610 816 5683; x_wconf 79' lang='lat' dir='ltr'><strong>Apocalypsint,</strong></span> <span class='ocrx_word' id='word_1_575' title='bbox 850 5606 1279 5661; x_wconf 79' lang='lat' dir='ltr'><strong>Commentarius</strong></span> <span class='ocrx_word' id='word_1_576' title='bbox 1313 5608 1576 5678; x_wconf 83' lang='lat' dir='ltr'><strong>Origenis,</strong></span> <span class='ocrx_word' id='word_1_577' title='bbox 1601 5610 1835 5664; x_wconf 88' lang='lat' dir='ltr'><strong>mirabili</strong></span> <span class='ocrx_word' id='word_1_578' title='bbox 1859 5615 2013 5668; x_wconf 89' lang='lat' dir='ltr'><strong>modo</strong></span> <span class='ocrx_word' id='word_1_579' title='bbox 2038 5616 2414 5669; x_wconf 82' lang='lat' dir='ltr'><strong>obscuritatem</strong></span> <span class='ocrx_word' id='word_1_580' title='bbox 2446 5616 2593 5669; x_wconf 86' lang='lat' dir='ltr'><strong>illius</strong></span> <span class='ocrx_word' id='word_1_581' title='bbox 2626 5614 2693 5667; x_wconf 88' lang='lat' dir='ltr'><strong>ad</strong></span> <span class='ocrx_word' id='word_1_582' title='bbox 2727 5616 2893 5669; x_wconf 84' lang='lat' dir='ltr'><strong>lucem</strong></span> <span class='ocrx_word' id='word_1_583' title='bbox 2916 5617 3205 5670; x_wconf 79' lang='lat' dir='ltr'><strong>adducens.</strong></span> 
     </span>
    </p>
   </div>
   <div class='ocr_carea' id='block_1_56' title="bbox 494 5684 3682 5777">
    <p class='ocr_par' dir='ltr' id='par_1_56' title="bbox 494 5684 3682 5777">
     <span class='ocr_line' id='line_1_56' title="bbox 494 5684 3682 5777; baseline 0.003 -27"><span class='ocrx_word' id='word_1_584' title='bbox 494 5720 510 5750; x_wconf 75' lang='grc' dir='ltr'>σ</span> <span class='ocrx_word' id='word_1_585' title='bbox 545 5700 729 5752; x_wconf 80' lang='lat' dir='ltr'><strong>Codex</strong></span> <span class='ocrx_word' id='word_1_586' title='bbox 777 5710 882 5749; x_wconf 92' lang='lat' dir='ltr'><strong>ms.</strong></span> <span class='ocrx_word' id='word_1_587' title='bbox 926 5695 1027 5749; x_wconf 64' lang='grc' dir='ltr'>ιη</span> <span class='ocrx_word' id='word_1_588' title='bbox 1065 5695 1406 5764; x_wconf 80' lang='lat' dir='ltr'><strong>theologicus</strong></span> <span class='ocrx_word' id='word_1_589' title='bbox 1433 5696 1677 5764; x_wconf 66' lang='lat' dir='ltr'><strong>Graecus,</strong></span> <span class='ocrx_word' id='word_1_590' title='bbox 1707 5684 1799 5754; x_wconf 53' lang='lat' dir='ltr'><strong>est.</strong></span> <span class='ocrx_word' id='word_1_591' title='bbox 1823 5702 2151 5759; x_wconf 88' lang='lat' dir='ltr'><strong>chartaceus</strong></span> <span class='ocrx_word' id='word_1_592' title='bbox 2181 5713 2235 5758; x_wconf 90' lang='lat' dir='ltr'><strong>et</strong></span> <span class='ocrx_word' id='word_1_593' title='bbox 2273 5704 2430 5758; x_wconf 73' lang='lat' dir='ltr'><strong>bona:</strong></span> <span class='ocrx_word' id='word_1_594' title='bbox 2469 5714 2629 5767; x_wconf 61' lang='lat' dir='ltr'><strong>notae,</strong></span> <span class='ocrx_word' id='word_1_595' title='bbox 2667 5706 2717 5757; x_wconf 90' lang='lat' dir='ltr'><strong>in</strong></span> <span class='ocrx_word' id='word_1_596' title='bbox 2749 5706 2801 5767; x_wconf 70' lang='grc'>4,</span> <span class='ocrx_word' id='word_1_597' title='bbox 2836 5715 3155 5776; x_wconf 75' lang='lat' dir='ltr'><strong>constatque</strong></span> <span class='ocrx_word' id='word_1_598' title='bbox 3183 5706 3325 5761; x_wconf 79' lang='lat' dir='ltr'><strong>foliis</strong></span> <span class='ocrx_word' id='word_1_599' title='bbox 3356 5706 3443 5769; x_wconf 79' lang='lat'><strong>85,</strong></span> <span class='ocrx_word' id='word_1_600' title='bbox 3484 5708 3578 5777; x_wconf 88' lang='lat' dir='ltr'><strong>qui</strong></span> <span class='ocrx_word' id='word_1_601' title='bbox 3614 5710 3682 5762; x_wconf 67' lang='lat' dir='ltr'><strong>azl</strong></span> 
     </span>
    </p>
   </div>
   <div class='ocr_carea' id='block_1_57' title="bbox 415 5784 3677 5865">
    <p class='ocr_par' dir='ltr' id='par_1_57' title="bbox 415 5784 3677 5865">
     <span class='ocr_line' id='line_1_57' title="bbox 415 5784 3677 5865; baseline 0.004 -24"><span class='ocrx_word' id='word_1_602' title='bbox 415 5788 680 5842; x_wconf 76' lang='lat' dir='ltr'><strong>Joannem</strong></span> <span class='ocrx_word' id='word_1_603' title='bbox 716 5784 1074 5850; x_wconf 86' lang='lat' dir='ltr'><strong>Sambucum,</strong></span> <span class='ocrx_word' id='word_1_604' title='bbox 1129 5795 1187 5839; x_wconf 94' lang='lat' dir='ltr'><strong>ut</strong></span> <span class='ocrx_word' id='word_1_605' title='bbox 1228 5786 1344 5856; x_wconf 89' lang='lat' dir='ltr'><strong>ipse</strong></span> <span class='ocrx_word' id='word_1_606' title='bbox 1377 5786 1535 5841; x_wconf 90' lang='lat' dir='ltr'><strong>solita</strong></span> <span class='ocrx_word' id='word_1_607' title='bbox 1563 5788 1798 5859; x_wconf 78' lang='lat' dir='ltr'><strong>propria:</strong></span> <span class='ocrx_word' id='word_1_608' title='bbox 1830 5805 2028 5846; x_wconf 87' lang='lat' dir='ltr'><strong>manus</strong></span> <span class='ocrx_word' id='word_1_609' title='bbox 2064 5792 2425 5862; x_wconf 89' lang='lat' dir='ltr'><strong>inscriptione</strong></span> <span class='ocrx_word' id='word_1_610' title='bbox 2459 5802 2711 5859; x_wconf 87' lang='lat' dir='ltr'><strong>testatur,</strong></span> <span class='ocrx_word' id='word_1_611' title='bbox 2745 5795 2873 5848; x_wconf 89' lang='lat' dir='ltr'><strong>olim</strong></span> <span class='ocrx_word' id='word_1_612' title='bbox 2910 5796 3193 5865; x_wconf 90' lang='lat' dir='ltr'><strong>pertinuit.</strong></span> <span class='ocrx_word' id='word_1_613' title='bbox 3237 5796 3562 5850; x_wconf 81' lang='lat' dir='ltr'><strong>Coutinetur</strong></span> <span class='ocrx_word' id='word_1_614' title='bbox 3591 5814 3677 5854; x_wconf 87' lang='lat' dir='ltr'><strong>eo.</strong></span> 
     </span>
    </p>
   </div>
   <div class='ocr_carea' id='block_1_58' title="bbox 418 5873 3685 5957">
    <p class='ocr_par' dir='ltr' id='par_1_58' title="bbox 418 5873 3685 5957">
     <span class='ocr_line' id='line_1_58' title="bbox 418 5873 3685 5957; baseline 0.003 -27"><span class='ocrx_word' id='word_1_615' title='bbox 418 5876 640 5930; x_wconf 72' lang='lat' dir='ltr'><strong>Andrett:</strong></span> <span class='ocrx_word' id='word_1_616' title='bbox 671 5874 1029 5945; x_wconf 15' lang='lat' dir='ltr'><strong>Cn’sariensisu</strong></span> <span class='ocrx_word' id='word_1_617' title='bbox 1058 5875 1111 5929; x_wconf 89' lang='lat' dir='ltr'><strong>in</strong></span> <span class='ocrx_word' id='word_1_618' title='bbox 1158 5873 1500 5947; x_wconf 77' lang='lat' dir='ltr'><strong>Cappadocia</strong></span> <span class='ocrx_word' id='word_1_619' title='bbox 1539 5877 1921 5947; x_wconf 77' lang='lat' dir='ltr'><strong>archiepiscopi</strong></span> <span class='ocrx_word' id='word_1_620' title='bbox 1960 5879 2385 5935; x_wconf 83' lang='lat' dir='ltr'><strong>Commentarius</strong></span> <span class='ocrx_word' id='word_1_621' title='bbox 2418 5882 2470 5937; x_wconf 91' lang='lat' dir='ltr'><strong>in</strong></span> <span class='ocrx_word' id='word_1_622' title='bbox 2502 5882 2875 5957; x_wconf 75' lang='lat' dir='ltr'><strong>Apocalypsim</strong></span> <span class='ocrx_word' id='word_1_623' title='bbox 2908 5884 3078 5937; x_wconf 89' lang='lat' dir='ltr'><strong>sancti</strong></span> <span class='ocrx_word' id='word_1_624' title='bbox 3107 5881 3333 5939; x_wconf 85' lang='lat' dir='ltr'><strong>Joannis</strong></span> <span class='ocrx_word' id='word_1_625' title='bbox 3376 5887 3596 5956; x_wconf 81' lang='lat' dir='ltr'><strong>apostoli</strong></span> <span class='ocrx_word' id='word_1_626' title='bbox 3632 5894 3685 5941; x_wconf 82' lang='lat' dir='ltr'><strong>ct</strong></span> 
     </span>
    </p>
   </div>
  </div>
