4040 6630
284 429 374 492 201
1737 416 1879 476 NOT

1931 413 2040 473 ΓΙΛ
2053 458 2065 470 .
3421 399 3526 466 Ξο2

283 535 632 607 evangelista,
665 534 759 589 sed
791 544 1074 606 perperam
1096 532 1170 589 ibi
1193 527 1511 587 attribuitur
1535 520 1808 579 Methodio
1832 519 2216 607 monacho,ut
2245 530 2311 570 ex
2338 515 2586 607 sequenti
2614 513 2969 607 inscriptione
2997 512 3281 607 ᾔκιστο-ρει
3299 530 3344 607 .εὲ
3372 512 3530 567 Ἀπο-

220 636 223 641 ‘
286 601 509 693 κὰλυῖιιις
534 601 629 676 τοῦ
670 601 829 691 ἁγίου
864 601 1164 675 ἀ-ποστόλου
1196 619 1293 673 καὶ
1321 611 1711 683 εὐαγγελιστοῦ
1762 611 2036 671 Ἰωάννου,
2067 606 2162 663 τοῦ
2197 605 2570 693 ἡγαπημένουγ
2595 605 2685 693 καί
2718 602 3115 693 Θεολὸγου,ᾐὺπο
3136 601 3408 693 ’διεβοδέου
3441 621 3535 673 μο-

283 688 443 783 ναχοῦ
477 688 908 783 ἑρμηνευοεῖσα.
939 709 1285 779 Apocalypsis
1318 706 1487 759 sancti
1522 702 1749 771 apostoli
1779 711 1826 753 et
1860 697 2197 768 evangelista:
2220 692 2469 755 Joannis,
2494 691 2685 783 dilecti
2703 702 2749 744 et
2784 690 3028 783 thepl‘ogi,
3062 708 3107 783 α.
3125 688 3393 783 Met/radio
3423 708 3534 744 mo-

284 803 444 854 nacho
480 804 852 870 interpretata.
889 798 1154 853 Similiter
1183 799 1346 851 etiam
1378 793 1601 851 ibidem.
1635 792 1688 844 in
1731 790 1835 842 line
1861 806 1879 840 (

1937 787 2107 841 Isdem
2141 781 2538 837 Comtnenlarii
2588 779 2781 849 legitur
2810 797 2820 832 :
2854 779 3021 841 Τέλος
3050 777 3150 846 τῆς
3189 776 3532 848 Ἐξηγήσεως

284 889 543 941 Μεθοδίου
579 886 818 957 μοναχοῦ
851 889 929 949 είς
960 888 1059 956 τὴν
1097 882 1471 950 Ἀποκάλυψιν
1510 878 1759 931 Ἰωάννου
1812 893 1873 928 το

1948 873 2233 940 Θεολόγου.
2276 867 2424 923 Finis
2458 868 2827 937 Expositionis
2880 865 3135 919 Methodii
3190 867 3435 919 monachi
3482 868 3535 919 in

281 955 651 1046 Apocalypsim
705 955 930 1028 Joannis
984 955 1253 1042 Theologi.
1310 970 1523 1035 Quibus
1558 974 1771 1020 constat
1814 972 2095 1017 auctorem
2128 960 2306 1046 hujus
2333 955 2743 1046 Commentarii‘
2794 970 2916 1046 esse
2964 956 3198 1046 maxime
3231 956 3536 1046 incertut‘n;

279 1042 401 1117 cum
439 1042 587 1115 iiunc
612 1062 841 1114 Andreae
870 1062 1131 1114 Caesarea:
1159 1060 1212 1112 in
1244 1055 1588 1126 Cappadocia
1622 1050 2071 1120 arclticpisc0po,
2098 1062 2245 1101 nunc
2277 1044 2499 1114 Origeni
2534 1043 2746 1099 auctori
2791 1042 3194 1112 antiquissimo,
3235 1058 3381 1096 nunc
3428 1043 3536 1097 Me-

280 1153 465 1206 thodio
499 1153 789 1213 monacho,
819 1152 870 1202 in
898 1166 1030 1203 mss.
1061 1149 1345 1202 codicibus
1380 1145 1709 1205 ascribatur,
1735 1140 1799 1192 ad
1825 1152 1984 1207 quem
2020 1135 2294 1205 pertinere
2322 1132 2586 1188 creditur.

350 1259 369 1290 ι
418 1238 664 1307 Denique
693 1240 864 1292 codex
894 1254 997 1291 ms.
1035 1235 1376 1305 theologicus
1406 1232 1631 1294 Gnaeus
1665 1227 1771 1283 248
1805 1239 1954 1279 num.
1989 1222 2079 1285 21,
2112 1228 2163 1275 et
2189 1219 2406 1307 quidem
2436 1234 2464 1272 a
2498 1218 2594 1273 fol.
2633 1219 2755 1283 124,
2796 1234 2917 1288 pag.
2937 1220 3009 1307 Δ1,
3044 1232 3217 1287 usque
3248 1217 3312 1271 ad
3349 1215 3538 1271 folium

276 1326 404 1391 175,
450 1305 663 1394 papa—2,
719 1327 860 1379 idem
926 1329 1171 1379 continet
1218 1323 1425 1389 abSque
1476 1318 1696 1373 nomine
1746 1313 2009 1373 auctoris,
2065 1320 2124 1363 ut
2159 1309 2317 1361 habet
2374 1305 2701 1362 Lambecius
2743 1319 2891 1361 torno
2936 1305 2974 1359 V
3009 1308 3541 1362 Commentariorum

277 1414 447 1483 hujus
483 1413 852 1474 bibliothecae,
881 1428 1005 1481 pag.
1042 1412 1162 1465 141.
1201 1430 1218 1462 ι
1254 1411 1456 1465 Pt‘a‘lcr
1490 1406 1631 1462 istud
1663 1403 1913 1458 exstabat
1940 1399 2069 1453 olim
2101 1399 2153 1451 in
2189 1395 2523 1465 patriarebio
2555 1394 3193 1483 Constantinopolitano,
3233 1396 3310 1447 vel
3344 1396 3544 1449 etiarn-

274 1482 407 1557 num
440 1512 621 1557 exstat
654 1519 757 1557 ms.
795 1502 860 1557 D.
892 1502 1116 1557 Andrea
1144 1501 1401 1556 Casarea
1436 1495 1786 1562 Cappadocia
1822 1487 2174 1557 metropolila
2205 1483 2509 1551 Explicatio
2550 1484 2602 1536 in
2646 1484 2866 1537 visiones
2897 1482 3140 1538 Danielis
3166 1484 3453 1553 propheta,
3488 1495 3547 1540 ut

274 1590 442 1644 habet
476 1590 747 1644 Antonius
776 1587 1110 1643 Possevinus
1137 1587 1204 1641 ad
1230 1586 1433 1640 calcem
1467 1583 1765 1651 Apparatus
1794 1577 1957 1641 sacri,
1997 1590 2048 1644 p.
2085 1590 2162 1639 m,
2190 1573 2280 1628 45.
2374 1605 2403 1642 -..

353 1678 547 1731 Exstat
576 1692 797 1746 quoque
823 1677 877 1729 in
910 1675 1239 1729 bibliotheca
1282 1671 1570 1725 Ilodleiatta
1606 1670 1658 1723 iu
1695 1682 1828 1721 mss.
1864 1661 2211 1718 Baroccianis
2246 1662 2437 1716 codice
2468 1660 2596 1727 9.12,
2634 1676 2785 1715 num.
2820 1660 2883 1725 4,
2928 1661 3158 1716 Andrea
3198 1660 3546 1717 Casariensis

276 1767 512 1836 episcopi
538 1765 961 1819 Commentarius
990 1766 1043 1816 in
1079 1762 1449 1830 Apocalypsint
1476 1757 1662 1812 Griece
1692 1755 1787 1809 fol.
1817 1752 1871 1805 1(

1947 1771 1954 1805 :
1988 1750 2258 1811 Πολλάκις
2284 1748 2527 1818 αἰτηθεὶς
2556 1748 2683 1811 ὑπὸ,
2709 1757 2815 1802 etc.
2852 1747 3095 1818 Itemque
3129 1750 3179 1802 in
3214 1750 3542 1806 bibliotheca

282 1863 469 1906 nostra
500 1851 1035 1922 Lugduno—Batava,
1070 1853 1212 1904 inter
1242 1864 1375 1903 mss.
1414 1847 1629 1901 codices
1667 1842 1887 1897 Graecos
1915 1839 2088 1894 lsaaci
2137 1836 2340 1904 Vossii,
2375 1837 2443 1891 ab
2477 1837 2598 1907 ejus
2632 1836 2941 1892 haeredibus
2973 1845 3204 1907 emptos,
3239 1840 3428 1894 codice
3457 1839 3547 1907 26,

284 1958 340 1994 ιι.
371 1943 425 1999 5.
465 1940 692 1994 Andrea
725 1939 981 1994 Casarea
1002 1937 1380 2006 archiepiscopi
1415 1931 1839 1987 Comntentarius
1868 1930 1921 1982 in
1951 1927 2344 1997 Apocalypsint.

358 2049 667 2102 Bernardus
714 2049 783 2102 de
825 2046 1199 2107 Montfaucon,
1236 2044 1548 2099 monachus
1581 2040 1967 2097 Beuedictinus
2015 2038 2458 2109 congregationis
2508 2038 2695 2093 Sancti
2736 2037 2907 2092 Mauri
2948 2038 3001 2092 in
3037 2036 3229 2105 Gallia,
3270 2039 3324 2093 in
3360 2038 3550 2096 Diario

285 2135 499 2198 Italico,
550 2150 697 2189 anno
762 2135 920 2199 1702,
955 2133 1182 2189 Parisiis
1220 2134 1271 2187 in
1325 2133 1380 2195 4,
1443 2131 1585 2201 apud
1616 2129 1880 2183 Joannem
1925 2127 2161 2183 Auisson
2216 2129 2506 2197 impresso,
2540 2141 2660 2195 cap.
2696 2125 2784 2189 15,
2826 2126 3109 2196 splendide
3140 2126 3436 2183 admodum
3472 2129 3550 2183 lo-

285 2226 467 2295 quitur
492 2225 560 2278 dc
594 2224 923 2277 bibliotheca
957 2223 1352 2276 monachorum
1389 2220 1574 2273 Sancti
1617 2217 1805 2271 Basilii
1842 2215 2050 2279 Romae,
2087 2229 2249 2284 quam
2286 2215 2482 2282 Petrus
2527 2212 2840 2280 Meunitius,
2878 2214 3089 2269 ordinis
3129 2215 3442 2285 praefectus,
3470 2218 3551 2272 iu-

288 2316 432 2384 genti
471 2311 788 2367 Cra-corum
824 2327 955 2365 mss.
995 2310 1151 2379 copia
1184 2308 1435 2363 codicum
1466 2305 1775 2367 adornavit,
1812 2319 1951 2372 quos
1984 2303 2038 2357 iit
2076 2302 2244 2356 variis
2273 2302 2378 2356 sibi
2414 2301 2676 2370 subjectis
2722 2301 2991 2356 Calabria:
3026 2306 3408 2369 monasteriis,
3450 2324 3551 2361 tte-

289 2403 494 2467 gleetos
528 2401 872 2468 intactosque
912 2397 1101 2468 jacere
1150 2397 1451 2450 audiverat.
1491 2393 1602 2447 llos
1631 2393 1774 2447 inter
1804 2392 1992 2455 libros,
2028 2390 2221 2459 pagina
2252 2390 2378 2453 216,
2410 2400 2699 2444 enumerat
2743 2390 2909 2459 hujus
2945 2392 3127 2459 operis
3160 2394 3299 2447 duos
3334 2395 3555 2451 codices

288 2487 510 2542 Graecos
564 2502 698 2541 mss.
750 2487 804 2539 in
840 2487 941 2540 hac
981 2484 1312 2539 bibliotheca
1350 2491 1650 2543 exstantes,
1682 2479 1766 2535 bis
1790 2478 1972 2533 verbis
2005 2496 2017 2532 :
2049 2497 2066 2528 ι
2105 2478 2285 2532 Codex
2325 2477 2686 2548 bombycinus
2727 2494 2818 2531 xiv
2870 2478 3057 2533 saculi
3098 2498 3112 2533 :
3150 2479 3401 2549 ’Λνδρέου
3458 2484 3554 2538 τοῦ

287 2576 594 2642 ἁγιωτάτου
630 2572 1060 2643 ἁρχιεπισκοπου
1099 2572 1434 2640 Καισαρείας
1466 2569 1561 2637 τῆς
1620 2568 2036 2632 Καππαδοκίας,
2064 2569 2163 2638 τῆς
2193 2568 2331 2636 πρὸς
2361 2567 2421 2620 τὸ
2459 2567 2690 2637 Ἀργὲω,
2719 2568 2799 2631 είς
2826 2567 2922 2637 τὴν
2967 2568 3336 2641 Ἀποκάλυψιν
3378 2572 3557 2646 ἑρμη-

289 2665 428 2717 νεία.
456 2663 713 2718 Initium:
748 2662 1012 2723 Πολλάκις
1043 2659 1289 2730 αἰτηθεὶς
1311 2658 1436 2721 ὑπό,
1462 2666 1568 2711 etc.
1605 2656 1719 2710 Hoc
1744 2665 1849 2722 est,
1877 2697 1884 2709 .

1963 2659 2100 2713 tlrea
2121 2658 2445 2712 sanctissimi
2483 2658 2863 2728 archiepiscopi
2888 2658 3147 2715 Casarea
3178 2661 3554 2732 Cappadocia,

291 2752 360 2804 ad
394 2762 621 2805 montem
673 2757 941 2821 Argaum,
979 2748 1343 2817 interpretatio
1396 2748 1450 2798 in
1485 2746 1878 2816 Apocalypsim,
1915 2757 2019 2802 etc.
2060 2749 2210 2815 Opus
2257 2763 2524 2803 excusum
2561 2763 2686 2802 cum
2739 2749 3080 2804 sanctissimi
3123 2747 3350 2804 Joannis
3384 2753 3552 2823 Chrys

291 2841 522 2893 sostomi
552 2839 835 2908 operibus.
863 2847 914 2891 et
950 2840 1183 2890 Andreae
1214 2836 1464 2890 Cretensi
1504 2835 1665 2903 \ulgo
1708 2834 2071 2902 adjudicatur.
2108 2834 2241 2891 Item
2276 2851 2399 2907 pag.
2436 2834 2562 2902 221,
2599 2836 2668 2890 de
2701 2836 2891 2891 codice
2918 2836 3090 2890 altero
3121 2846 3174 2891 et
3204 2839 3517 2908 antiquiore
3540 2879 3555 2904 ,

289 2927 521 2981 Andrea
549 2925 816 2982 Cretensis
849 2926 901 2978 in
931 2924 1303 2994 Apocalypsin:
1338 2924 1391 2975 in
1439 2922 1628 2977 codice
1663 2921 2013 2992 bombycino,
2053 2924 2163 2988 tibi,
2203 2925 2399 2980 deletis
2431 2924 2498 2979 iis
2528 2940 2649 2994 qua:
2676 2925 2828 2994 prius
2864 2924 3064 2993 scripta
3105 2922 3341 2991 fuerant,
3374 2938 3557 2982 erant-

292 3035 399 3087 que
444 3032 497 3069 xt
528 3014 734 3078 saeculi,
773 3018 875 3067 hoc
905 3013 1137 3067 Andreae
1168 3028 1306 3082 opus
1344 3012 1679 3081 descriptum
1720 3010 1840 3065 fuit.
1870 3012 2101 3066 Andrca:
2135 3014 2398 3069 Caesareae
2429 3014 2482 3067 in
2522 3014 2867 3084 Cappadocia
2910 3014 3193 3083 episcopo,
3223 3014 3367 3068 idem
3418 3031 3557 3087 opus

294 3108 547 3175 Superius
583 3103 899 3157 ascribitur.
929 3120 948 3153 ι
981 3101 1105 3156 Haec
1130 3100 1441 3155 Bernardus
1471 3101 1538 3154 de
1568 3098 1922 3153 Moutfaucon
1953 3100 2071 3153 loco
2106 3102 2299 3154 citato.

367 3195 630 3247 Ditt'usius
658 3193 759 3247 ista
794 3193 975 3256 retuli,
1012 3202 1070 3245 ut
1103 3191 1398 3245 maximam
1433 3198 1642 3258 partem
1671 3188 1985 3242 Griecorum
2022 3202 2155 3241 mss.
2188 3187 2440 3241 codicum
2468 3187 2520 3241 in
2551 3186 2782 3256 Europa
2817 3186 3163 3244 bibliothecis
3197 3196 3554 3259 exstantium,

293 3282 524 3337 Audrea-
552 3282 819 3335 Caesareae
845 3279 1232 3349 Cappadocum
1262 3278 1673 3347 archiepiscopo
1704 3274 1974 3329 faventem
2005 3290 2128 3329 esse
2163 3275 2333 3328 lector
2355 3275 2543 3329 audiat
2578 3292 2590 3327 :
2618 3290 2853 3344 quorum
2881 3291 3022 3331 unus
3052 3286 3262 3332 tantum
3287 3277 3552 3351 Origenis,

296 3373 408 3425 duo
446 3370 704 3424 Methodii
743 3372 1023 3433 monachi,
1069 3383 1214 3422 unus
1249 3367 1481 3420 Andreae
1528 3364 1827 3426 Cretensis,
1862 3363 2107 3433 quinque
2152 3372 2332 3415 autem
2362 3362 2596 3417 Andreae
2634 3362 2987 3418 Caesariensis
3029 3364 3429 3438 archiepiscopi
3462 3387 3551 3425 no-

299 3477 421 3513 men
450 3473 561 3528 prae
588 3472 647 3512 se
680 3458 873 3511 lerant.
907 3456 1079 3525 Majus
1120 3466 1301 3509 autem
1335 3453 1514 3508 adhuc
1543 3460 1927 3521 argumentum
1961 3453 2028 3505 ad
2054 3450 2582 3507 Commentationem
2614 3452 2744 3507 huic
2770 3452 3001 3507 Andreae
3029 3456 3433 3512 attribuendam
3460 3459 3559 3514 de-

299 3556 609 3603 sumeretnr
641 3561 705 3600 ex
737 3544 1149 3600 Commentario
1171 3543 1409 3606 Arethze,
1446 3541 1705 3596 Ca‘sarcae
1741 3539 2128 3609 Cappadocum
2170 3542 2593 3612 archiepiscopi,
2630 3542 2682 3595 in
2716 3541 3127 3614 Apocalypsim,
3158 3544 3344 3601 Graece
3370 3558 3425 3600 et
3451 3546 3559 3602 La-

301 3638 411 3690 tine
447 3633 674 3687 P.u-isiis
709 3648 853 3688 anno
892 3633 1021 3686 1651
1060 3634 1127 3686 ad
1158 3633 1362 3685 calcem
1396 3632 1635 3700 Operum
1660 3628 1983 3683 OEcutneuii
2014 3632 2307 3700 impresso,
2346 3647 2470 3702 pag.
2501 3632 2628 3697 640,
2665 3632 2768 3686 sub
2817 3632 2922 3687 hoc
2955 3634 3211 3689 lemmate
3246 3652 3260 3689 :
3309 3635 3402 3690 Ἐκ
3453 3638 3562 3691 τῶν

312 3725 535 3796 Ἀνδρέᾳ
579 3723 654 3793 τῷ
707 3725 1113 3794 μακαριωτὰτῳ
1157 3724 1575 3793 ἀρχιεπισκὸπῳ
1611 3720 1949 3791 Καισαρείας
2000 3719 2400 3782 Καππαδοκίας
2435 3719 2516 3781 εἰς
2575 3718 2673 3789 τὴν
2736 3719 3109 3790 Ἀποκάλυψιν
3159 3724 3560 3793 πεπονημένω)

300 3814 607 3883 θεαρέστως
639 3811 862 3881 σύνοψις
906 3811 1130 3881 σχτιλικὴ
1182 3809 1553 3880 παρατεθεῖσαι
1600 3809 1705 3862 ὑπὸ
1741 3807 1937 3879 ’[1ρέοα
1972 3808 2192 3873 ἀναξίου
2239 3810 2543 3861 ἐπισκόπου
2591 3808 2692 3877 τῆς
2746 3808 3086 3881 Καισαρείας
3138 3811 3561 3878 Καππαδοκίας.

300 3902 483 3956 Brevis
510 3904 755 3971 quadam
787 3900 1094 3969 Explicatio
1122 3914 1186 3953 ex
1218 3899 1623 3954 Conmentariis
1648 3897 1941 3951 beatissimi
1972 3896 2198 3951 Andrca
2228 3894 2487 3950 Casarca
2518 3894 2875 3965 Cappadocia
2901 3898 3279 3969 archiepiscopi
3311 3903 3561 3957 divinitus

301 3992 612 4054 elaboratis,
645 3990 885 4058 exposita
907 3988 972 4042 ab
1001 3988 1195 4041 Aretho
1224 3988 1440 4056 indigno
1469 3986 1732 4040 Cwsarea
1765 3984 2118 4055 Cappadocia
2139 3985 2401 4054 episcopo.
2444 3985 2577 4038 Cum
2612 3993 2790 4039 autem
2821 3986 2909 4040 hic
2930 3987 3167 4058 scriptor
3195 3989 3281 4044 vix
3299 4000 3424 4044 ante
3457 4006 3563 4046 sre-

302 4079 408 4133 culi
438 4096 494 4133 IX
538 4078 776 4132 medium
819 4077 1107 4145 scripsisse
1151 4078 1297 4129 hunc
1327 4076 1791 4129 Commentarium
1828 4075 2109 4137 credatur,
2153 4073 2387 4127 Aretbas
2432 4072 2691 4127 Ecclesiae
2729 4072 2977 4143 ejusdem
3010 4077 3457 4149 archiepiscopus
3510 4090 3565 4135 et

302 4168 538 4221 Andreae
561 4179 872 4229 successor,
905 4164 999 4234 qui
1024 4179 1169 4218 anno
1199 4163 1305 4219 9M
1335 4171 1488 4216 certo
1516 4161 1800 4231 prastuissc
1831 4164 2048 4236 legitur,
2081 4167 2235 4220 testis
2268 4167 2497 4220 idoneus
2526 4172 2580 4219 et
2609 4165 2758 4219 omni
2786 4166 3111 4235 exceptione
3144 4169 3317 4238 major
3346 4180 3462 4238 est,
3495 4173 3565 4227 ad

304 4255 829 4309 comitrentationcm
867 4254 1008 4308 hanc
1037 4253 1266 4309 Andrea
1296 4252 1682 4322 praedecessori
1735 4256 2109 4321 asserendam,
2138 4254 2297 4324 cujus
2327 4255 2397 4309 ab
2428 4262 2587 4309 aetate
2624 4253 2785 4309 annis
2814 4252 2882 4307 60
2923 4254 3006 4310 vel
3038 4256 3252 4312 circiter
3291 4260 3566 4314 recentior

306 4345 480 4400 fuisse
511 4345 762 4398 habetur.
2128 4354 2131 4355 ν

376 4456 498 4510 Jam
535 4455 602 4510 ad
633 4455 899 4510 editiones
939 4453 1103 4524 hujus
1135 4453 1341 4523 operis,
1387 4469 1506 4522 qua:
1532 4467 1725 4507 omnes
1756 4453 1857 4507 sub
1886 4451 2117 4508 Andreae
2147 4452 2409 4508 Caesarea:
2458 4453 2843 4525 Cappadocum
2897 4455 3293 4526 archiepiscOpi
3344 4458 3566 4511 nomine

312 4555 556 4606 exstant,
602 4545 907 4599 veniamus.
950 4541 1194 4596 Primam
1241 4541 1484 4595 omnium
1518 4557 1581 4595 ex
1621 4556 1754 4595 mss.
1803 4541 2086 4598 codicibus
2123 4543 2385 4598 Bavarico
2435 4555 2489 4597 et
2531 4546 2874 4614 Augustano,
2912 4544 3081 4599 edidit
3122 4544 3315 4599 Latine
3354 4554 3566 4600 tantum

308 4632 632 4688 Theodorus
667 4632 927 4687 Peltanus
973 4630 1103 4685 Soe.
1151 4628 1303 4692 Jesu,
1339 4646 1483 4683 anno
1519 4630 1678 4695 1584,
1710 4628 2043 4699 lugolstadii,
2089 4630 2144 4685 in
2203 4631 2259 4686 4.
2328 4631 2567 4684 Alteram
2601 4631 2788 4686 Graece
2824 4643 2877 4687 et
2908 4631 3096 4687 Latine
3138 4647 3264 4687 cum
3300 4648 3434 4688 mss.
3474 4648 3566 4688 co-

308 4722 524 4776 dicibus
557 4721 836 4782 collatam,
888 4720 1143 4789 uotisque
1173 4718 1497 4771 illustratam
1545 4715 1856 4772 Friderit-us
1899 4716 2212 4791 Silburgius
2244 4718 2616 4790 lleidelbergse
2646 4736 2793 4774 anno
2821 4720 2982 4785 1596,
3017 4720 3071 4773 in
3104 4720 3256 4788 folio,
3288 4736 3410 4792 qua
3439 4738 3566 4777 eum

309 4808 577 4879 Operibus
607 4807 785 4863 Sancti
819 4806 1045 4861 Joannis
1074 4806 1452 4877 Chrysostomi
1484 4805 1917 4861 Graiae-Latinis
1952 4806 2214 4861 editionis
2242 4806 2596 4861 Commelinae.
2624 4807 2844 4877 adjungi
2879 4811 3039 4875 solet,
3071 4819 3235 4880 atque
3277 4811 3440 4865 etiam
3473 4810 3571 4865 ha-

311 4898 469 4951 betur
514 4908 664 4951 tomo
721 4893 833 4949 Vill
871 4895 1202 4948 Moreltianm
1251 4893 1509 4947 editionis
1563 4889 1996 4949 Graeco-Latina:
2030 4894 2360 4951 Parisiensis
2408 4896 2461 4949 in
2502 4894 2658 4949 folio.
2691 4896 2871 4951 Editio
2904 4895 3085 4951 a'utem
3134 4897 3345 4953 Peltani
3374 4899 3568 4954 Latina

312 4987 527 5040 transiit
557 4986 612 5039 in
645 4983 1030 5038 Bibliothecam
1077 4981 1321 5036 Veterum
1355 4979 1579 5033 Patrum
1616 4982 1864 5043 omnium
1896 4982 2011 5037 fere
2039 4983 2362 5048 editionum,
2398 4982 2527 5034 anni
2565 4982 2723 5047 1589,
2754 4981 2981 5039 Parisiis
3006 4993 3155 5040 tonio
3187 4986 3227 5053 l,
3257 4988 3365 5042 col.
3401 4988 3568 5055 1262;

312 5075 468 5137 1609,
502 5073 730 5128 Parisiis
758 5083 908 5127 tome
938 5073 980 5139 l,
1011 5072 1117 5125 col.
1148 5070 1326 5134 1049;
1375 5068 1535 5135 1624,
1567 5068 1793 5125 Parisiis
1818 5081 1970 5125 tomo
2000 5070 2039 5134 Ι,
2072 5072 2178 5125 col.
2210 5070 2383 5137 1529;
2426 5069 2583 5137 1654,
2626 5069 2854 5127 Parisiis
2911 5073 2963 5127 in
2994 5072 3184 5145 Magna
3230 5074 3569 5131 Bibliotheca

314 5165 568 5216 Veterum
594 5159 816 5215 Patrum
847 5171 994 5215 tonio
1016 5156 1056 5221 1,
1086 5159 1191 5213 col.
1214 5157 1355 5212 1529
1381 5161 1557 5226 usque
1578 5157 1643 5211 ad
1668 5157 1773 5211 col.
1803 5157 1962 5213 1692.
1997 5157 2091 5213 Sic
2118 5167 2299 5213 autem
2330 5157 2382 5210 in
2409 5157 2736 5215 Praefatioue
2766 5159 2974 5216 Latinae
2991 5178 3105 5217 suae
3130 5164 3401 5219 versionis
3425 5179 3570 5219 anno

314 5250 471 5315 1584,
498 5248 811 5319 lngolstadii
839 5248 891 5300 in
920 5248 975 5314 4,
997 5249 1155 5301 edita:
1182 5245 1504 5300 Theodorus
1528 5244 1819 5299 Peltanus:

388 5363 405 5392 ι
441 5341 577 5407 Quis
599 5339 992 5393 Commentarii
1023 5338 1188 5408 hujus
1219 5348 1412 5393 auctor
1444 5338 1732 5401 exstiterit,
1765 5339 1993 5395 candide
2033 5334 2250 5397 Lector.
2292 5336 2431 5391 satis
2477 5337 2695 5406 opinor,
2730 5351 2798 5391 ex
2843 5339 3000 5393 titulo
3034 5340 3131 5393 toti
3168 5341 3318 5410 Operi
3349 5340 3569 5409 praeﬁxo

309 5443 494 5501 aperte
525 5440 760 5483 constat.
792 5427 912 5497 Quo
941 5437 1183 5496 tempore
1216 5437 1397 5481 autem
1430 5426 1631 5481 vixerit
1689 5434 1784 5481 aut
1831 5426 2159 5481 Caesariensi
2212 5425 2474 5481 Ecclesiae
2512 5426 2813 5496 praefuerit,
2847 5427 2900 5481 id
2948 5438 3099 5483 certo
3135 5431 3374 5482 nondum
3418 5442 3571 5482 cout-

327 5519 464 5589 peri.
500 5516 704 5571 Basdio
728 5514 924 5586 Magno
950 5515 1192 5586 ejusdem
1220 5514 1367 5569 sedis
1392 5514 1636 5568 antiStite
1660 5516 2027 5584 posteriorem
2061 5515 2257 5579 fuisse,
2287 5524 2443 5571 extra
2473 5516 2908 5571 controversiam
2943 5525 3048 5581 est,
3096 5527 3157 5570 ut
3203 5516 3295 5585 qui
3338 5532 3443 5568 non
3478 5530 3571 5570 se-

312 5606 421 5662 mel
446 5606 499 5658 in
534 5604 641 5659 hoc
674 5603 1083 5658 Commentario
1114 5603 1448 5656 nominetur.
1476 5601 1743 5657 Caeterum
1775 5604 1844 5659 ad
1886 5604 2011 5659 libri
2044 5604 2207 5674 hujus
2236 5603 2768 5674 interpretationem,
2826 5616 3021 5674 praeter
3076 5605 3367 5657 utilitatem
3405 5620 3568 5673 quant

317 5696 443 5749 inde
483 5694 538 5747 iu
582 5692 887 5748 Ecclesiam
932 5690 1112 5745 redire
1148 5705 1310 5760 posse
1335 5691 1645 5761 sperabam,
1681 5694 1790 5748 duo
1822 5695 2092 5764 praecipue
2122 5708 2209 5748 me
2244 5694 2582 5763 impulerunt
2637 5711 2651 5747 :
2699 5695 2884 5763 operis
2938 5694 3179 5748 brevitas
3233 5708 3332 5747 seu
3391 5696 3574 5749 verius

314 5783 559 5851 ejusdem
599 5777 973 5842 rnediocritas,
1000 5788 1054 5831 et
1082 5780 1330 5833 codicum
1367 5778 1681 5835 Graecorum
1715 5793 1975 5851 praterca
2012 5798 2119 5837 non
2147 5783 2282 5838 levis
2313 5783 2699 5838 commoditas.
2731 5780 2867 5836 Nam
2920 5793 3117 5854 praeter
3150 5778 3403 5853 praesidia
3454 5799 3576 5853 qua:

317 5873 382 5926 ad
434 5887 556 5926 eam
587 5884 702 5924 rem
735 5867 1104 5936 suppeditavit
1144 5868 1481 5938 amplissima
1515 5868 1605 5924 illa
1643 5869 1908 5942 principis
1938 5870 2185 5927 Bavariae
2216 5871 2570 5939 bibliotheca,
2603 5872 2869 5944 singulari
2895 5870 3083 5927 favore
3108 5882 3161 5926 ct
3199 5872 3577 5928 benevolentia

631 5967 905 6026 Parnon.
939 5967 1055 6028 Cn.
1088 5964 1247 6027 CVI.

3192 5972 3226 6028 7
