4034 6648
480 396 590 464 203
1656 410 2014 474 ANDREAS
2051 414 2073 473 (

2153 414 2591 477 ISARIENSIS-
3645 417 3746 486 204

481 520 678 577 nobilis
710 529 765 577 et
795 522 1059 580 senatorii
1078 523 1290 583 ordinis
1320 525 1448 595 viri,
1479 526 1692 585 domini
1720 530 1938 597 Quirini
1984 531 2282 604 llellingeri
2317 552 2332 589 :
2365 534 2512 589 aliud
2549 540 2920 604 pervetustum
2969 533 3254 606 exemplar
3302 548 3371 589 ex
3428 533 3745 606 reipublica:

478 609 813 679 Augustanze
840 611 1171 669 bibliotheca
1199 614 1512 685 impetravi,
1550 618 1696 687 quod
1724 634 1859 675 sane
1886 619 2186 690 plurimum
2221 621 2355 676 mihi
2387 622 2643 677 contulit.
2677 620 2943 687 Quamvis
2970 621 3117 676 enim
3156 637 3279 691 qua:
3307 621 3521 677 ducalis
3549 622 3745 678 biblio-

487 698 643 753 theca
676 700 1143 770 suppeditaverat,
1184 703 1251 759 ad
1278 704 1328 758 id
1357 705 1502 775 quod
1530 705 1902 773 institueram,
1938 708 2074 763 satis
2098 723 2220 765 esse
2254 710 2551 780 potuerim,
2583 709 2938 780 Augustanus
2960 718 3141 764 tamen
3175 710 3345 763 codex
3392 709 3581 765 multis
3612 710 3743 766 locis

474 800 739 856 perquam
773 797 1124 858 opportunus
1155 791 1288 847 mihi
1321 791 1445 848 fuit.
1478 791 1919 849 Habebatautetn
1958 796 2003 850 is
2038 810 2145 850 non
2172 796 2406 851 Andreae
2430 796 2811 862 Ctesariensis,
2840 796 2934 851 sed
2962 794 3220 850 Hethodt’i
3255 794 3500 852 titulum.
3541 797 3740 853 Verum

474 872 527 927 id
564 874 747 928 minus
777 887 948 941 recte,
983 876 1253 949 siquidem
1287 879 1686 935 Commentarii
1739 883 1905 952 hujus
1934 882 2286 946 architectus.
2322 898 2447 938 cum
2489 884 2542 938 in
2584 884 2701 954 ipsa
2760 881 3103 954 praefatione,
3154 891 3269 938 tum
3320 883 3453 937 alibi
3501 898 3741 954 persaepe

471 961 804 1031 Methodiutn
836 969 1103 1021 nominat.
1137 967 1515 1025 Nihilominus
1548 979 1729 1026 tamen
1754 971 1849 1041 qui
1880 969 2196 1026 Graecorum
2232 970 2503 1027 librorum
2536 971 2777 1028 indicent
2801 972 3069 1036 confecit,
3111 971 3272 1039 culpa
3301 973 3530 1028 omnino
3567 982 3738 1028 caret.

468 1049 605 1106 Nam
642 1068 766 1107 cum
797 1055 989 1124 primae
1021 1057 1246 1127 pagella:
1285 1058 1755 1124 desiderarentur,
1793 1057 2107 1130 nulliusque
2144 1060 2280 1115 certi
2322 1059 2570 1116 auctoris
2619 1075 2820 1115 nomen
2854 1060 2985 1115 illud
3036 1059 3293 1115 volumen
3324 1060 3610 1130 praefixum
3641 1060 3740 1115 ha-

470 1140 642 1207 bcrct,
674 1144 944 1211 probabili
971 1145 1170 1200 ductus
1208 1146 1418 1202 ratione
1441 1144 1754 1212 ,Methodio
1786 1161 1949 1217 quem
1986 1147 2041 1202 in
2064 1146 2295 1204 Joannis
2336 1148 2721 1221 Apocalypsim
2757 1148 3051 1219 scripsisse
3099 1149 3373 1213 audierat,
3426 1163 3569 1219 opus
3602 1149 3735 1205 illud

468 1230 736 1285 attribuit.
780 1249 798 1282 ι

539 1316 667 1373 Ηωε
700 1317 982 1385 Peltanus,
1019 1320 1231 1391 primus
1267 1320 1433 1391 hujus
1486 1322 1667 1394 operis
1698 1322 1902 1389 editor,
1953 1324 2048 1395 qui
2095 1322 2146 1378 in
2182 1323 2374 1379 multis
2419 1332 2632 1394 peccat,
2685 1323 2846 1395 cujus
2898 1338 3118 1380 errores
3173 1324 3314 1382 duos
3348 1324 3733 1379 animadverti.

464 1405 730 1473 Priorum,
757 1407 884 1461 dum
920 1409 996 1462 ait
1030 1408 1175 1463 hunc
1216 1418 1497 1464 auctorem
1530 1409 1740 1464 Basilio
1782 1409 1980 1483 Magno
2015 1411 2253 1482 ejusdem
2284 1411 2424 1466 sedis
2459 1413 2700 1467 antistite
2734 1414 3083 1482 posteriorem
3125 1412 3310 1482 fuisse,
3343 1422 3499 1466 extra
3528 1422 3731 1468 contro-

464 1497 687 1549 versiatn
717 1506 816 1559 est,
848 1506 905 1549 ut
936 1496 1027 1566 qui
1055 1513 1158 1551 non
1181 1497 1345 1552 semel
1373 1499 1428 1552 in
1461 1498 1559 1552 hoc
1594 1496 1990 1554 Commentario
2030 1503 2349 1557 nominetur.
2395 1499 2509 1557 Hoc
2547 1502 2697 1556 enim
2731 1516 2922 1557 verum
2983 1516 3092 1556 non
3136 1511 3241 1566 est,
3289 1510 3345 1555 et
3392 1503 3669 1572 quomodo
3702 1519 3733 1557 a

462 1580 754 1638 Theodoro
788 1582 1015 1639 Peltano
1046 1585 1152 1643 diei
1188 1588 1454 1656 potuerit,
1493 1603 1602 1643 non
1637 1587 1795 1642 video
1828 1603 1843 1641 :
1880 1587 2080 1657 quippe
2109 1603 2231 1643 cum
2278 1588 2482 1642 nullam
2544 1602 2775 1660 prorsus
2827 1587 3011 1643 Basilii
3060 1588 3418 1644 Caesariensis
3458 1590 3734 1659 archiepi-

459 1671 609 1741 scopi
646 1670 730 1726 vel
760 1671 991 1729 alterius
1027 1673 1278 1744 ejusdem
1307 1676 1573 1742 nominis,
1616 1675 1951 1731 mentionem
1983 1675 2068 1730 vel
2098 1675 2414 1731 citationem
2442 1674 2627 1736 faciat.
2660 1683 2721 1730 ut
2740 1676 2873 1730 mihi
2910 1684 3170 1732 accurate
3205 1676 3406 1746 legenti
3456 1678 3726 1731 constitit.

464 1762 578 1814 Iino
607 1760 651 1814 si
685 1760 1025 1832 conjecturis
1059 1762 1451 1835 indulgendum
1488 1773 1654 1830 esset,
1687 1779 1812 1819 cum
1838 1771 1951 1818 tam
1984 1764 2281 1819 multorum
2309 1763 2642 1834 scriptorum
2693 1762 3069 1832 antiquiorum
3105 1760 3451 1832 frequentem
3493 1762 3729 1817 utentio-

461 1864 583 1901 nem
621 1847 810 1915 faciat,
843 1849 1127 1919 altumque
1161 1852 1225 1905 de
1251 1850 1463 1907 Basilio
1493 1851 1830 1907 Caesariensi
1857 1850 2138 1906 silentium
2166 1851 2424 1907 observet
2460 1869 2475 1905 :
2506 1851 2633 1906 inde
2657 1862 2986 1921 argumento
3009 1851 3291 1905 contrario
3318 1866 3419 1907 nec
3449 1851 3728 1921 improba-

460 1935 557 1990 bili
596 1936 877 2005 conjicere
900 1936 1111 2003 liceret,
1162 1951 1443 1993 auctorem
1489 1939 1636 1995 illius
1678 1940 1851 1993 fuisse
1889 1939 2163 1994 Andream
2200 1939 2366 1993 istum
2417 1937 2819 1994 Caesariensem
2872 1938 3370 2009 archiepiscopum,
3415 1940 3507 2009 qui
3560 1939 3731 1995 dubio

460 2024 673 2094 procul,
716 2024 896 2080 locum
931 2024 1168 2096 aliquem
1202 2026 1408 2081 Basilio
1435 2025 1629 2096 Magno
1658 2026 1905 2097 ejusdem
1929 2027 2077 2082 sedis
2105 2026 2337 2081 antistiti
2368 2042 2496 2082 cum
2524 2026 2647 2081 aliis
2672 2027 3041 2097 scriptoribus
3073 2027 3337 2095 dedisset,
3364 2028 3509 2083 unde
3560 2042 3721 2083 suum

457 2112 931 2167 Commentarium
966 2112 1176 2179 hausit,
1212 2130 1315 2169 nec
1343 2115 1411 2168 ab
1450 2129 1519 2169 eo
1549 2113 1774 2170 citando
1823 2124 1878 2170 et
1907 2114 2194 2184 allegando
2243 2129 2471 2184 prorsus
2525 2123 2909 2184 temperasset.
2966 2113 3242 2169 Secundus
3268 2130 3427 2170 error
3454 2125 3560 2182 est,
3594 2116 3729 2172 dum

456 2216 579 2270 cap.
615 2200 708 2265 63,
749 2210 875 2270 post
908 2201 1205 2271 allegatum
1245 2202 1702 2265 lrenunrm,citat
1728 2201 2065 2257 Methodium
2098 2202 2471 2272 patriai-citam
2517 2202 3197 2272 Constantinopolitanum
3231 2203 3317 2259 his
3361 2204 3547 2262 verbis
3599 2223 3615 2268 ;
3660 2204 3723 2259 Et

457 2306 681 2360 magnus
711 2292 1023 2361 patriarcha
1051 2290 1355 2346 Methorlius
1386 2294 1441 2345 in
1466 2308 1705 2346 sermone
1739 2292 1808 2349 de
1850 2290 2299 2356 Resurrectione,
2351 2290 2416 2344 de
2460 2290 2542 2343 his
2577 2292 2655 2344 ita
2682 2291 2892 2355 scribit,
2938 2300 3048 2346 etc.
3092 2290 3208 2346 Hac
3260 2291 3410 2347 enim
3464 2292 3670 2348 citatio-
3694 2308 3728 2349 e

458 2379 789 2435 haberemus
820 2390 1031 2451 aperte,
1069 2380 1397 2451 scriptorem
1434 2382 1581 2437 hunc
1612 2396 1719 2436 non
1747 2397 1873 2437 esse
1900 2380 2269 2450 antiquiorem
2317 2378 2531 2434 ultimis
2562 2378 2747 2434 saeculi
2780 2392 2836 2433 ιι
2884 2378 3249 2447 temporibus.
3300 2376 3438 2433 Nam
3495 2379 3622 2435 licet
3653 2380 3725 2435 ad

461 2466 798 2522 Methodium
827 2468 1045 2540 (llympi
1076 2469 1395 2540 episcopum
1432 2478 1641 2539 spectet
1668 2469 1805 2523 liber
1836 2467 1903 2523 de
1934 2467 2338 2523 Resurrectione
2367 2482 2529 2538 quem
2551 2466 2778 2537 profert,
2813 2480 2938 2521 cum
2972 2477 3154 2523 tamen
3186 2466 3341 2523 illum
3378 2468 3634 2525 indoctus
3665 2479 3723 2523 et

458 2557 713 2613 incautus
744 2557 845 2613 istc
876 2558 1118 2629 scriptor
1142 2558 1247 2613 sub
1272 2557 1497 2614 nomine
1523 2557 1708 2629 Magni
1738 2558 2063 2627 patriarcha:
2092 2557 2349 2612 Metltodii
2382 2556 2649 2627 proferat,
2678 2556 2886 2613 diserte
2915 2556 3017 2612 hac
3047 2556 3480 2613 hallucinatioue
3504 2567 3722 2614 aetatem

456 2661 613 2699 suam
648 2646 850 2716 prodit,
890 2660 1059 2716 seque
1091 2646 1295 2702 vixisse
1332 2655 1456 2717 post
1489 2654 1734 2717 tempora
1767 2645 2021 2700 Methodii
2048 2646 2369 2713 patriarchae
2405 2643 3012 2714 Constantiuopolitani,
3061 2660 3225 2715 quem
3282 2661 3408 2701 cum
3444 2645 3725 2702 Methodio

455 2733 668 2806 Olympi
713 2732 890 2806 Lyciae
920 2750 1017 2788 seu
1084 2732 1368 2789 Paturensi
1422 2735 1686 2805 episcopo
1743 2733 2011 2789 confudit.
2068 2731 2377 2789 Methodius
2417 2744 2641 2796 autem,
2698 2732 3014 2802 patriarcha
3068 2732 3724 2804 Constantinopolitanus

452 2840 597 2878 atino
628 2823 735 2879 842
763 2825 938 2879 factus
962 2839 995 2879 a
1027 2821 1291 2880 Michaele.
1314 2822 1377 2878 lii
1402 2822 1897 2896 Porphyrogenito,
1944 2839 2091 2879 anno
2116 2822 2221 2878 847
2262 2822 2351 2877 die
2380 2820 2448 2876 14
2470 2819 2619 2876 Junii
2648 2820 2803 2887 obiit,
2831 2831 2889 2876 ut
2932 2822 3288 2879 habentActa
3311 2823 3540 2880 Joannis
3568 2824 3719 2878 Ana-

452 2917 686 2968 chorct-Je
707 2916 849 2985 apud
874 2911 1189 2968 Simeonem
1223 2912 1673 2985 Metaphrastem.
1705 2912 2009 2969 Floruisset
2034 2926 2165 2982 ergo
2194 2911 2353 2982 juxta
2384 2910 2530 2967 hanc
2580 2909 2793 2965 Peltaui
2826 2909 3159 2977 versionem,
3194 2910 3283 2967 hic
3323 2910 3574 2968 Andreas
3602 2910 3721 2969 Cte-

450 3003 712 3059 saricnsis
762 3002 1209 3073 archiepiscopus
1236 3002 1351 3057 sive
1385 3016 1716 3074 anonymus,
1754 3011 1878 3072 post
1901 3000 2142 3057 medium
2178 2999 2362 3056 saeculi
2404 2998 2557 3065 noni,
2594 2997 2758 3053 annis
2784 2998 3004 3053 circiter
3033 2997 3105 3053 50
3145 2997 3422 3054 Methodio
3472 3002 3713 3070 patriar-

451 3093 555 3147 tha
583 3091 978 3161 citatojunior.
1014 3090 1091 3145 ita
1122 3100 1269 3147 certe
1296 3090 1457 3160 juxta
1489 3089 1741 3145 Latinam
1780 3089 1943 3160 hujus
1966 3088 2069 3144 loci
2096 3086 2401 3142 versionem
2439 3085 2495 3140 in
2524 3084 2859 3139 Bibliotheca
2898 3084 3143 3141 Veterum
3195 3086 3425 3141 Patrum
3460 3089 3724 3147 editionis

449 3180 612 3247 1589,
643 3178 874 3235 Parisiis
900 3190 1055 3234 tomo
1089 3181 1133 3245 I,
1169 3179 1280 3234 col.
1310 3177 1473 3244 1262,
1504 3178 1682 3248 capite
1703 3176 1795 3242 6'5,
1824 3176 1931 3233 col.
1965 3172 2124 3240 1360,
2149 3179 2205 3226 et
2230 3170 2285 3225 in
2313 3168 2436 3225 aliis
2464 3169 2803 3225 editionibus
2828 3170 3108 3234 omnibus.
3129 3185 3305 3241 usque
3331 3172 3398 3226 ad
3418 3170 3719 3229 Maximam

449 3270 877 3340 Lugdunensem
915 3266 1044 3322 anni
1084 3267 1246 3323 1672.
1281 3266 1389 3322 Sed
1421 3265 1611 3322 Graeca
1658 3266 1828 3322 editio
1867 3264 2031 3334 hujus
2070 3262 2255 3332 Operis
2291 3260 2430 3316 inter
2461 3258 2642 3331 Opera
2690 3258 2754 3313 Ι).
2788 3258 3170 3331 Chrysostomi
3211 3261 3292 3318 sic
3328 3262 3528 3319 habet:
3572 3264 3632 3317 Ὀ
3659 3264 3717 3319 δὲ

452 3359 632 3431 μέγας
664 3358 928 3422 Μεθόδιος
953 3358 1012 3412 ὲν
1044 3355 1127 3427 τῷ
1151 3356 1291 3426 Περὶ
1332 3354 1731 3422 ἀναστάσεως
1764 3355 1909 3425 λόγῳ
1940 3356 2044 3410 αὐτ

2136 3349 2358 3415 ἐξέθετο
2397 3349 2608 3415 οὕτως’
2661 3350 2929 3407 editionis
2969 3348 3329 3407 Commeliuac
3380 3353 3511 3407 anni
3550 3351 3716 3421 1596,

452 3443 827 3515 lleidclbcrgm
866 3442 923 3497 in
952 3440 1073 3508 fol.,
1110 3456 1277 3496 serm.
1311 3438 1402 3506 22,
1437 3438 1683 3496 sectione
1715 3438 1806 3505 63,
1839 3454 1966 3510 pag.
1996 3439 2086 3495 96.

514 3532 635 3589 Jam
670 3534 737 3589 ad
765 3540 982 3589 aetatem
1016 3546 1122 3603 qua
1149 3531 1358 3587 vixisse
1379 3538 1435 3586 ct
1455 3529 1746 3599 scripsisse
1773 3529 1865 3585 hic
1893 3539 2089 3585 auctor
2134 3527 2402 3592 creditur,
2448 3526 2798 3584 accedamus.
2832 3525 3079 3583 Joannes
3123 3524 3363 3583 Jacobus
3417 3527 3625 3585 Frisius
3657 3528 3717 3583 in

446 3621 787 3675 Bibliotheca
834 3617 1125 3673 universali
1164 3615 1438 3671 Andream
1467 3613 1734 3672 Cursarem
1778 3616 2096 3686 episcOpum
2151 3632 2299 3671 anno
2331 3615 2461 3680 579,
2490 3622 2547 3672 et
2598 3615 2862 3671 Aretham
2912 3613 3158 3685 ejusdem
3204 3613 3353 3672 sedis
3404 3616 3715 3673 antistitem

443 3725 591 3765 anno
621 3707 724 3764 587
750 3706 1035 3776 assignat;
1062 3720 1229 3777 quem
1296 3711 1521 3759 secutus
1558 3714 1641 3758 est
1687 3703 2121 3776 Christophorus
2151 3704 2406 3763 Helvicus
2438 3705 2496 3761 in
2532 3704 2762 3760 Theatra
2791 3704 3074 3771 historico,
3105 3719 3229 3775 pag.
3274 3703 3403 3769 106,
3450 3706 3715 3762 editionis

446 3795 725 3868 Marpurgi
754 3794 1044 3849 Cattorum
1086 3793 1248 3858 1638,
1283 3794 1335 3847 in
1369 3791 1524 3847 folio.
1563 3790 1641 3846 Ita
1677 3801 1737 3846 ut
1767 3792 1965 3848 ambos
1984 3795 2089 3851 sibi
2120 3798 2469 3870 synchronos
2499 3797 2821 3853 constituat.
2843 3795 3169 3853 Guillelmus
3194 3797 3410 3853 Caveus
3434 3797 3488 3853 in
3523 3797 3715 3854 Histo-

443 3884 530 3939 ria
563 3885 643 3939 rei
669 3883 953 3939 litterariis
981 3899 1073 3937 seu
1107 3883 1172 3937 de
1204 3881 1555 3952 scriptoribus
1587 3879 2005 3950 Ecclesiasticis,
2033 3886 2311 3941 Andream
2342 3901 2487 3942 anno
2517 3884 2643 3952 500,
2672 3900 2795 3955 pag.
2819 3884 2947 3951 579,
2978 3884 3240 3941 Arethatn
3277 3900 3429 3941 anno
3453 3886 3559 3941 540
3590 3888 3711 3942 alli-

445 3983 560 4047 gat,
597 3973 994 4031 Bellarmiuum
1019 3972 1121 4028 hac
1153 3972 1207 4027 in
1238 3980 1395 4043 parte
1422 3971 1799 4027 ementientem
1819 3972 2131 4042 amplexus.
2166 3972 2407 4031 Jacobus
2460 3973 2784 4030 Perizonius
2821 3974 2873 4029 in
2914 3972 3129 4029 erudita
3178 3970 3579 4031 Dissertatione
3610 3976 3714 4031 ad-

444 4079 637 4120 versus
668 4062 1013 4118 Gronovium
1039 4061 1309 4132 collegam
1338 4060 1404 4115 de
1432 4068 1599 4115 morte
1629 4058 1789 4114 Iudae
1818 4069 1871 4115 et
1900 4076 2019 4115 voce

2117 4062 2145 4117 ὓ
2169 4062 2544 4134 ἀπάγχεσθαι,
2599 4076 2724 4132 cap.
2767 4061 2823 4128 4,
2868 4076 2995 4132 pag.
3030 4060 3123 4127 40,
3162 4060 3231 4117 de
3274 4060 3363 4116 his
3394 4062 3611 4118 duobus
3636 4066 3710 4119 ita

444 4152 710 4226 loquitur.
754 4170 773 4204 ι
811 4154 880 4207 At
906 4150 1145 4207 Arethas
1176 4150 1285 4206 iste
1314 4150 1592 4209 contraxit
1630 4149 1867 4205 Andreae
1893 4148 2250 4207 Caesariensis
2289 4146 2733 4203 Commentarios
2765 4145 2819 4200 in
2864 4145 3169 4215 epitomen,
3206 4152 3371 4215 atque
3395 4145 3518 4200 ideo
3551 4147 3709 4203 locu-

443 4242 624 4297 tiones
656 4240 704 4295 si
732 4255 839 4294 nou
878 4238 1042 4309 plane
1065 4250 1285 4302 omnes,
1314 4246 1371 4292 ut
1398 4237 1671 4308 plerznque
1695 4245 1825 4291 sunt
1869 4236 2016 4292 illius
2065 4236 2320 4297 Andreae,
2373 4233 2466 4305 qui
2511 4233 2702 4290 seculo
2733 4248 2812 4299 tv,
2858 4231 3134 4290 successit
3174 4230 3380 4290 Basilio
3420 4231 3622 4303 Magno
3651 4236 3712 4292 in

440 4330 838 4385 Caesariensem
876 4326 1240 4398 Cappadocia:
1262 4327 1662 4397 episcopatum.
1698 4323 1807 4379 Sed
1833 4333 1889 4379 et
1915 4324 2148 4379 Arcthas
2171 4323 2288 4393 ipse
2321 4321 2553 4376 refertur
2587 4321 2659 4376 ad
2694 4322 2958 4377 saeculum
2997 4336 3073 4386 γι,
3115 4333 3281 4392 atque
3311 4322 3385 4377 ita
3410 4322 3569 4394 longe
3600 4339 3705 4378 an-

442 4420 650 4490 tiquior
688 4427 773 4472 est
800 4414 1220 4487 jurisconsultis
1252 4415 1352 4486 qui
1389 4413 1629 4468 Basilica
1658 4411 2038 4473 confecerunt,
2064 4420 2121 4467 et
2150 4426 2384 4482 quorum
2432 4419 2615 4465 tamen
2664 4410 2995 4466 auctoritate
3041 4408 3107 4465 ad
3150 4410 3493 4481 probandam
3549 4412 3707 4467 verbi

440 4506 795 4577 ἀπάγχεσθαι
822 4504 1303 4576 significationem,
1332 4500 1507 4555 utitur
1533 4500 1615 4554 vir
1642 4499 1986 4555 clarissimus
2015 4498 2287 4554 llenricus
2318 4496 2654 4569 Stephanus,
2689 4512 2741 4566 p.
2775 4499 2866 4555 68.
2894 4517 2914 4551 ι
2961 4498 3088 4555 "ac
3136 4498 3356 4554 incaute
3398 4500 3479 4553 vir
3506 4498 3708 4556 doctus

440 4596 691 4667 scripsit,
732 4593 901 4665 cujus
919 4594 1104 4650 verbis
1130 4592 1323 4664 paucis
1353 4599 1466 4645 tres
1497 4601 1717 4642 errores
1741 4585 1954 4642 insunt.
1988 4585 2206 4641 Primus
2242 4586 2369 4641 dum
2392 4586 2669 4641 Andream
2698 4584 2962 4643 Caesarea:
2996 4586 3385 4657 Cappadocum
3432 4587 3704 4659 archiepi-

439 4700 667 4756 scopum
698 4682 901 4741 steculo
935 4697 988 4737 tv
1019 4682 1285 4751 assignat,
1318 4678 1412 4749 qui
1448 4676 1632 4732 medio
1663 4673 1849 4733 saeculi
1871 4690 1925 4729 rx
1956 4675 2203 4731 anterior
2232 4691 2340 4731 non
2366 4686 2471 4730 est.
2507 4674 2781 4730 Secundus
2816 4675 2944 4733 dum
2976 4674 3255 4730 Andream
3283 4675 3537 4730 eumdem
3569 4692 3700 4733 suc-

436 4774 680 4830 cessisse
712 4772 885 4843 inquit
918 4770 1123 4826 Basilio
1179 4767 1377 4836 Maguo
1405 4763 1673 4820 Caesarea:
1728 4760 2119 4832 Cappadocum
2171 4763 2613 4835 archiepiscopo,
2660 4764 2753 4835 qui
2801 4778 2950 4819 anno
3004 4762 3111 4819 569
3146 4763 3444 4833 episcOpus
3495 4763 3700 4835 factus,

436 4881 584 4922 anno
613 4865 719 4921 578
757 4865 859 4922 sub
910 4862 1180 4919 Gratiano
1227 4870 1281 4916 et
1312 4855 1705 4912 Valentiniano
1736 4866 1990 4910 mortuus
2040 4862 2123 4909 est
2155 4852 2415 4909 Kalendis
2452 4850 2723 4917 Januarii,
2754 4852 2911 4922 juxta
2960 4850 3256 4906 Bsronium
3316 4851 3371 4905 in
3405 4850 3703 4909 Annalibus

434 4956 832 5013 ecclesiasticis.
865 4952 1079 5009 Tertius
1108 4952 1239 5007 dum
1277 4947 1537 5003 Aretham
1570 4944 1773 5001 saeculo
1803 4960 1853 5000 vr
1887 4943 2077 5008 refert,
2129 4955 2291 5011 quem
2329 4949 2518 5011 postea
2544 4941 2750 4996 saeculo
2783 4957 2816 4994 it
2852 4940 2919 4995 ad
2953 4956 3158 4995 annum
3191 4939 3297 4995 9η
3352 4951 3403 4997 et
3444 4939 3552 4996 920
3582 4942 3691 4996 cla-

438 5048 618 5107 ruisse
651 5042 1029 5117 probabimus.

506 5130 629 5186 Jam
653 5113 856 5199 igitur,
884 5136 944 5182 ut
969 5126 1150 5182 anatis
1178 5120 1446 5204 epocham
1477 5119 1885 5190 aggrediamur,
1913 5126 2040 5189 post
2071 5126 2337 5173 attentam
2367 5115 2765 5172 Commentarii
2790 5115 2981 5187 hujus,
3008 5123 3069 5170 ut
3106 5113 3316 5187 aliquid
3348 5116 3417 5171 ab
3440 5130 3507 5172 eo
3542 5117 3701 5188 expi-

436 5234 742 5284 scaremur,
777 5217 1141 5284 iteratamquc
1172 5211 1463 5275 lectionem
1501 5225 1514 5262 :
1541 5210 1665 5264 dico
1694 5207 1840 5263 hunc
1859 5208 2134 5262 Andream
2165 5205 2561 5262 Caesariensem
2603 5204 3103 5277 archiepiscopum,
3130 5204 3294 5275 hujus
3335 5204 3707 5276 expositionis

431 5308 807 5372 collectorem,
838 5302 943 5359 sub
967 5299 1160 5359 surculi
1190 5306 1403 5356 tantum
1434 5313 1488 5352 rx
1520 5297 1762 5352 medium
1791 5294 2103 5366 scripsisse,
2140 5304 2306 5365 atque
2341 5293 2479 5349 adeo
2497 5301 2552 5349 et
2576 5291 2969 5349 Bellarminum
3004 5302 3059 5349 et
3085 5292 3409 5360 scriptorem
3441 5292 3562 5361 ejus
3593 5292 3703 5349 Ca-

429 5415 619 5464 veum,
648 5396 810 5452 annis
833 5407 1050 5450 errasse
1079 5406 1207 5447 cccc
1229 5389 1313 5445 vel
1349 5389 1589 5455 circiter,
1610 5387 1673 5457 lin
1708 5396 1867 5443 aetate
1901 5386 2063 5443 istius
2090 5383 2632 5471 assigttanda,:longe
2655 5384 2868 5453 turpius
2889 5398 3055 5455 quam
3088 5398 3191 5454 ego
3224 5382 3277 5436 in
3301 5390 3459 5437 aetate
3482 5380 3701 5437 Simeo-

326 5550 329 5553 δ
429 5489 524 5544 nis
551 5483 937 5556 Metaphrastis
965 5481 1265 5553 assignate.
1298 5477 1397 5536 His
1420 5477 1763 5549 argumentis
1791 5477 1992 5532 ductus
2022 5475 2097 5531 ita
2130 5476 2333 5532 sentio.
2362 5473 2412 5527 1.
2440 5472 2650 5528 Auctor
2674 5472 2839 5544 hujus
2875 5470 3257 5530 commentarii
3306 5471 3362 5525 in
3422 5471 3702 5542 Apocaly-

429 5578 594 5648 psim,
623 5590 691 5631 ex
718 5574 843 5629 aliis
870 5570 1191 5627 transcribit
1213 5578 1378 5641 atque
1403 5568 1774 5625 transcribere
1796 5581 1857 5623 se
1878 5564 2197 5637 profitetur,
2224 5562 2370 5634 quod
2394 5561 2613 5618 sacculis
2656 5560 2917 5618 Ecclesia:
2960 5562 3207 5633 quinque
3258 5570 3314 5615 ct
3367 5573 3462 5614 sex
3502 5559 3706 5628 primis

428 5664 738 5720 inauditum
769 5662 893 5725 fuit,
924 5657 1378 5731 s'eculiquenoni
1404 5657 1712 5729 proprium,
1738 5664 1800 5711 ut
1837 5653 2039 5710 eruditi
2081 5664 2277 5706 omnes
2323 5660 2548 5705 norunt.
2587 5648 2728 5720 Ergo
2768 5650 2858 5707 hic
2889 5659 3085 5705 auctor
3128 5657 3338 5719 spectat
3378 5653 3595 5701 tantum
3627 5648 3701 5701 ad

426 5754 688 5809 srcculum
724 5750 982 5808 Ecclesia!
1020 5767 1092 5806 rx.
1129 5750 1183 5805 Id
1218 5747 1519 5820 probamus
1546 5762 1610 5802 ex
1642 5746 1775 5816 ipsis
1812 5744 1977 5814 hujus
2007 5738 2401 5798 Commentarii
2454 5739 2660 5805 verbis,
2707 5748 2766 5794 ut
2812 5736 3098 5809 profitetur
3120 5750 3379 5806 expresse
3412 5744 3605 5789 auctor
3636 5735 3700 5791 in

428 5843 676 5912 Prologo.
708 5840 928 5897 Constat
970 5856 1195 5910 namque
1231 5841 1412 5892 beatas
1444 5836 1566 5890 illos
1592 5836 1730 5889 viros
1757 5834 2045 5903 Patresque
2080 5838 2311 5892 nostros,
2345 5825 2657 5897 Gregorium
2685 5827 3026 5899 Theologum,
3061 5826 3329 5898 Cyrillum
3360 5822 3695 5912 Alexandri-

425 5946 575 5997 num,
600 5910 865 6004 multoque
900 5932 1040 5986 hisce
1071 5929 1380 5985 vetustiores
1418 5923 1670 5993 Papiam,
1709 5922 1995 5989 Irentcum,
2051 5916 2381 5973 Mel/todiam
2419 5926 2467 5970 et
2516 5914 2881 5987 Hippolytum,
2932 5919 3168 5973 diuinum
3206 5914 3414 5985 ﬁdeque
3466 5910 3693 5983 digitum
