4034 6660
470 412 573 473 207
1636 416 1967 479 ANDREz‘E
2006 417 2063 475 C.

2130 414 2525 475 SARIENSIS
3620 409 3723 473 208

470 524 839 579 Continentur
870 541 936 580 eo
970 527 1141 597 primo
1166 536 1219 583 et
1249 528 1469 600 quidem
1506 544 1535 583 a
1576 527 1670 585 fol.
1703 530 1724 583 Ι
1760 545 1937 598 usque
1967 527 2031 582 ad
2072 526 2170 580 fol.
2208 525 2297 590 7i,
2334 523 2624 578 Proverbia
2663 522 2966 579 Salomonis
2992 538 3116 579 cum
3170 526 3506 597 amplissima
3533 537 3723 583 catena

467 615 584 668 sive
621 617 1021 671 commentario
1068 632 1133 671 ex
1176 619 1455 672 variorum
1514 627 1830 673 sanctorum
1881 616 2129 679 Patrum,
2162 612 2508 681 aliorumque
2542 621 2788 666 veterum
2840 612 3170 682 scriptorum
3224 615 3723 669 ccclesiasticorum

476 700 741 771 operibus
786 703 1058 768 collecto,
1109 705 1268 775 cujus
1310 706 1637 776 principium
1692 724 1705 760 :
1762 706 1829 759 Αἱ
1869 721 2069 774 παροιμ

2129 720 2157 753 ιι
2211 702 2561 771 περιέχουσιν
2612 700 2900 755 παίδευσιν
2948 700 3098 770 ὴοῶν
3156 701 3250 754 καὶ
3311 701 3500 756 παθῶν
3554 704 3722 755 ἐπαν-

464 790 725 862 όρθωσιν,
762 800 873 847 etc.
905 791 1168 858 Secunao,
1204 804 1259 849 ct
1296 796 1515 865 quidem
1559 809 1587 847 a
1619 793 1713 848 fol.
1747 793 1815 847 72
1855 807 2027 859 usque
2069 790 2136 844 ad
2195 789 2291 843 fol.
2351 789 2476 850 529,
2518 790 2690 843 Isaias
2723 789 2976 858 propheta
3004 805 3126 842 cum
3157 789 3493 858 amplissima
3541 801 3726 844 catena

466 879 583 932 sive
641 883 1041 935 commentario
1093 896 1161 935 ex
1220 883 1498 935 variorum
1543 890 1860 934 sanctorum
1893 878 2113 932 Patrum
2146 878 2497 948 aliorumque
2551 888 2795 932 veterum
2833 878 3163 946 scriptorum
3222 878 3724 933 ecclesiastieorum

462 967 727 1036 operibus
779 970 1036 1035 collecto,
1079 970 1241 1039 cujus
1292 971 1661 1039 principium:
1695 967 1803 1020 Τοῦ
1859 966 2055 1034 ἁγιωτά

2134 984 2163 1018 υ
2205 966 2479 1035 Κυρίλλου
2538 965 2973 1036 ἀρχιεπισκὸπου
3036 965 3442 1038 Ἀλεξανδρείας
3498 968 3577 1030 εἰς
3635 968 3725 1020 τὸν

482 1056 716 1108 Ἡσαΐαν
748 1057 1058 1127 προοίμιον.
1099 1058 1455 1127 ’Δσυμφανὴς
1489 1058 1587 1126 μὲν
1617 1055 1728 1108 τῶν
1755 1055 1927 1124 ἁγίων
1961 1054 2255 1124 προφητῶν
2286 1055 2465 1122 λόγος,
2502 1064 2607 1108 etc.

538 1161 556 1193 ι
598 1142 873 1199 Collector
914 1146 1206 1215 utriusque
1245 1145 1410 1213 hujus
1443 1154 1673 1205 catena),
1727 1158 1926 1211 nempe
1961 1153 2069 1197 tam
2106 1144 2157 1197 in
2213 1143 2498 1198 Proverbia
2542 1142 2871 1207 Salomonis,
2906 1157 3070 1212 quam
3112 1143 3165 1196 in
3198 1142 3443 1208 Esaiam,
3480 1141 3579 1196 fuit
3604 1143 3729 1212 qui-

461 1229 586 1284 dam
626 1232 878 1286 Andreas
903 1233 1212 1302 presbyter,
1248 1234 1323 1285 uti
1359 1232 1547 1285 videre
1569 1240 1652 1285 est
1681 1229 1812 1284 folio
1837 1230 1942 1285 329
1970 1233 2084 1289 sive
2117 1233 2314 1288 ultimo
2342 1251 2356 1287 :
2387 1234 2591 1303 quippe
2628 1233 2719 1288 ubi
2753 1233 2935 1288 scriba
2972 1234 3064 1303 qui
3097 1222 3450 1288 totum'liunc
3480 1233 3725 1288 codicem

461 1336 559 1375 sua
597 1337 765 1375 manu
797 1321 1072 1379 exaravit.
1109 1321 1345 1375 lectores
1383 1328 1535 1389 rogat
1560 1333 1721 1373 orare
1748 1318 1941 1380 Deum,
1974 1328 2035 1375 ut
2076 1322 2127 1375 in
2169 1321 2455 1376 tremendo
2493 1321 2672 1375 ultimi
2698 1320 2893 1390 judicii
2917 1322 3007 1375 die
3037 1322 3368 1376 misereatur
3411 1336 3518 1375 non
3547 1322 3724 1376 solum

463 1409 571 1471 sui,
617 1423 803 1463 verum
838 1409 1004 1462 etiam
1046 1408 1297 1477 Ἀνδρέου
1332 1407 1473 1460 ἐλέει
1498 1406 1635 1459 Θεοῦ
1660 1408 2068 1479 πρεσϐυτέρου,
2113 1409 2209 1462 τοῦ
2239 1410 2641 1478 συναγαγόντος
2676 1408 2770 1462 καὶ
2802 1408 3189 1478 παραθεμένου
3213 1408 3311 1471 τὰς
3341 1409 3727 1479 ὲμφερομένας

460 1500 525 1565 τῇ
559 1495 726 1566 βίϐλῳ
755 1496 931 1568 ταύτῃ
964 1495 1361 1567 παραγραφάς.
1391 1494 1632 1564 Tempus
1663 1506 1846 1549 autem
1882 1513 1994 1565 quo
2026 1497 2053 1550 it

2125 1514 2167 1552 m
2206 1500 2378 1555 codex
2406 1507 2668 1554 exaratos
2693 1506 2800 1561 est,
2838 1498 3112 1553 indicatur
3143 1496 3264 1551 folii
3303 1497 3369 1553 75
3399 1498 3597 1566 pagina
3635 1514 3718 1552 se-

458 1583 662 1649 cunda,
691 1599 790 1653 per
818 1583 1188 1654 fragmentum
1219 1584 1437 1637 canonis
1470 1581 1752 1637 Paschalis
1783 1584 1853 1637 ab
1879 1600 2027 1638 anno
2064 1586 2256 1641 mundi
2295 1586 2603 1642 secundum
2636 1600 2990 1641 communem
3035 1585 3296 1640 Ecclesia:
3327 1583 3724 1639 Constantino-

459 1672 719 1740 politanae
759 1672 1209 1742 supputationem
1260 1671 1422 1736 6744,
1462 1672 1565 1727 hoc
1591 1682 1675 1727 cst
1725 1686 1871 1726 anno
1896 1673 2564 1741 :erterristiana21256,
2609 1689 2783 1744 usque
2825 1674 2893 1729 ad
2934 1688 3140 1727 annum
3173 1671 3361 1726 mundi
3398 1672 3563 1738 6749,
3610 1673 3729 1729 sire

458 1776 663 1816 annum
696 1761 908 1816 Christi
943 1762 1104 1816 ΜΗ.
1143 1781 1160 1813 ι

535 1848 608 1901 De
649 1848 754 1903 hoc
812 1848 1228 1904 Commentario
1274 1859 1327 1905 et
1363 1850 1511 1905 illius
1560 1858 1783 1904 auctore
1815 1858 1984 1919 agunt
2024 1850 2076 1903 in
2116 1850 2393 1921 Apparatu
2418 1868 2572 1906 sacro
2606 1850 2881 1906 Antonius
2910 1848 3244 1905 Possevinus
3282 1858 3432 1903 tomo
3478 1850 3523 1914 l,
3556 1850 3724 1903 verbo

463 1940 706 1992 Andreas
747 1936 1010 1994 Caesarea:
1041 1941 1095 1992 in
1129 1938 1471 2010 Cappadocia
1519 1940 1811 2009 episcopus.
1848 1939 1912 1994 Et
1945 1941 2011 1995 ad
2038 1943 2242 1997 calcem
2281 1946 2587 2013 Apparatus
2627 1943 2768 1996 sacri
2801 1942 2854 1996 in
2890 1940 3141 2010 catalogo
3174 1954 3306 1995 mss.
3343 1939 3597 1995 codicum
3633 1939 3725 1991 Bi-

460 2025 746 2079 liliolhecae
786 2025 1087 2091 Bavaricae,
1143 2025 1267 2080 cod.
1300 2027 1392 2089 43,
1429 2026 1521 2081 ubi
1564 2027 1793 2081 Andreae
1849 2027 2075 2082 nomine
2108 2030 2448 2085 inscribitur.
2487 2031 2555 2085 Et
2593 2030 2647 2083 in
2705 2029 2959 2098 catalogo
2988 2026 3324 2098 Augustanie
3358 2027 3723 2091 bibliothecae,

458 2113 648 2166 codice
702 2113 790 2177 η,
819 2112 912 2166 ubi
940 2113 1046 2166 sub
1075 2112 1330 2167 Methodii
1372 2115 1616 2168 monachi
1658 2115 1905 2182 nomine,
1948 2117 2107 2183 juxta
2142 2116 2322 2187 ipsum
2354 2117 2642 2173 l’eltanum
2671 2117 2966 2180 editorem,
2998 2116 3234 2186 legitur;
3270 2114 3638 2169 Bellarminus
3672 2118 3723 2169 in

457 2200 596 2252 libro
635 2199 698 2261 de
728 2200 1075 2269 scriptoribus
1134 2202 1534 2269 ecclesiasticis,
1576 2201 1642 2256 ad
1675 2217 1881 2259 annum
1932 2203 2057 2268 500,
2098 2203 2261 2273 cujus
2310 2204 2641 2260 sententiam
2688 2212 2914 2260 secutus
2953 2210 3040 2259 est
3094 2203 3309 2258 Caveus
3365 2201 3434 2257 ad
3468 2202 3728 2258 eumdem

456 2304 655 2342 alituum
701 2304 826 2360 pag.
867 2288 996 2344 579.

3550 2454 3716 2468 an..—

1428 2582 1565 2634 ΤΟΥ
1719 2582 1943 2635 ΑΓΙΟΙΣ
1979 2581 2206 2633 ΟΝΤΟΣ
2245 2581 2517 2633 ΠΑΤΡΟΣ
2552 2580 2751 2633 ΗΜΩΝ

831 2995 1764 3083 ΑΡΧΙΕΠΙΣΚΟΠΟΥ
1838 2995 2479 3083 ΚΑΙΣΑΡΕΙΑΣ
2555 2992 3374 3082 ΚΑΠΠΑΔΟΚΙΑΣ

1902 3178 2146 3232 EPMHN
2153 3177 2263 3232 EIA

1194 3345 1455 3457 ἘΙΣ
1529 3342 1846 3456 ΤΗΝ
1922 3335 2968 3459 ΑΙΙΟΚΑΛΥΨΙΝ

938 3558 1078 3612 ΤΟΥ
1110 3558 1317 3611 ΔΠοΥ
1350 3554 1767 3612 ΔΠΟΣΤΟΛΟΥ
1800 3555 1919 3609 ΚΑΙ
1957 3553 2481 3609 ΕΥΑΓΓΕΛΙΣΤΟΥ
2516 3556 2820 3609 ΙΩΑΝΝΟΥ
2855 3554 3240 3612 ΘΕΟΔΟΓΟΥ.

1226 3839 1386 3995 s.
1512 3843 1684 3992 P.
1810 3838 1996 3992 N.
2065 3720 2957 3990 “ANDREAZ

864 4122 1785 4219 ARCHIEPISCOPI
1866 4121 2460 4216 CIESAREIE
2534 4117 3311 4213 CAPPADOCl/E

2050 4334 2118 4380 lN

1172 4486 1345 4547 DIVI
1412 4485 1751 4549 JOANNIS
1810 4483 2213 4546 APOSTOLI
2263 4484 2367 4545 ET
2422 4483 3011 4547 EVANGELISTIE

1461 4668 2715 4787 APOCALYPSIN

1757 4890 2522 4956 COMMENTARIUS.

450 5074 713 5126 Theodoro
739 5071 947 5123 Peltauo
979 5071 1279 5129 interprete.
1297 5091 1366 5129 _——
1383 5064 1521 5126 Opus
1548 5064 1721 5129 Graece
1748 5063 1960 5125 primum
1987 5063 2037 5112 in
2064 5062 2228 5129 lucem
2262 5060 2509 5129 prolatum
2534 5074 2595 5109 ex
2624 5060 2805 5129 illustri
2837 5060 3397 5129 bibliotheca‘f’alatina.
3423 5061 3731 5113 Frederitus

511 5123 837 5198 Sylburgtus
862 5123 1183 5198 archetypum
1228 5123 1652 5198 Palatinumncum
1694 5123 1990 5198 Augustino
2033 5131 2088 5173 et
2128 5123 2355 5192 Bavarieo
2393 5137 2508 5173 mss.
2532 5123 2761 5185 contulit,
2802 5126 2933 5175 notis
2969 5131 3021 5175 et
3057 5125 3300 5175 indicibus
3340 5125 3621 5176 illustravit.
3662 5151 3732 5165 -—-

521 5186 923 5260 iftypo'grapbeo
970 5186 1259 5252 Hieronymi
1303 5188 1615 5240 Commelini.
1694 5186 1948 5237 MD’XLVI.

1249 5490 1633 5547 MAGNIFICIS,
1686 5488 2102 5536 NOBILISSIMIS
2152 5486 2662 5540 CLARISSIMISQUE
2703 5486 2899 5544 VIRIS,

969 5570 1358 5616 SERENISSIMI
1396 5570 1698 5615 PRlNCIPlS
1756 5569 2045 5614 PALATINI
2089 5567 2428 5614 ELECTOBIS
2470 5565 2903 5611 SENATORIBUS
2948 5564 3183 5610 INTIMIS

1456 5654 1473 5669 ’
1783 5648 2094 5693 PATRONIS
2122 5648 2192 5693 'S.
2234 5649 2297 5691 Ο.
2348 5648 2415 5690 M.

525 5801 663 5858 Cum
696 5798 758 5853 Β.
783 5797 1158 5871 Clirysostomi
1185 5815 1349 5871 opera
1401 5798 1817 5858 Graaeo-Latina
1846 5798 1988 5870 typis
2022 5795 2284 5853 mandare
2317 5790 2461 5865 apud
2504 5807 2592 5848 me
2619 5792 2957 5860 statuissem,
2990 5790 3343 5863 amplissimi,
3392 5789 3733 5846 nobilissimi

456 5888 862 5961 clarissimique
884 5887 1060 5954 viri,a
1104 5890 1501 5947 commentario
1534 5888 1588 5946 in
1631 5886 2194 5965 Paulinasoepistolas
2249 5884 2467 5941 initium
2506 5881 2815 5941 faciendum
2876 5879 3209 5949 existimavi,
3250 5880 3460 5937 interea
3498 5879 3629 5937 dum
3660 5892 3733 5934 ea
