4034 6574
295 460 406 526 209
1020 467 1627 533 COMMENTARIUS
1666 472 1748 532 IN
1788 471 2313 538 APOCALYPSIN.
2352 501 2423 512 --
2459 477 2846 543 PROGEMIA.
3455 474 3560 541 210

293 586 417 642 qua:
451 573 504 627 in
529 575 896 647 evangelistas
926 589 979 635 et
1009 580 1179 636 Actus
1205 584 1607 652 apostolorum,
1638 601 1762 652 qua:
1789 595 2108 656 supersunt,
2153 588 2602 648 describerentur
2623 634 2639 658 ,
2689 594 3091 651 conferrentur.
3129 593 3402 649 Caeterum
3434 607 3558 646 cum

292 663 815 752 animadverterem,
841 667 1223 740 Chrysostomi
1251 671 1316 726 ad
1340 671 1573 728 Joannis
1601 674 1861 745 Theologi
1895 676 2262 748 Apocalypsin
2295 679 2432 733 nihil
2458 690 2694 747 exstare,
2732 681 3204 752 commodumque
3237 681 3291 736 in
3323 679 3561 736 serenis-

292 750 432 841 simi
479 751 747 822 principis
783 755 959 811 nostri
996 756 1327 814 bibliotheca
1358 759 1592 816 Andreae
1628 761 1983 819 Caesariensis
2043 767 2291 837 episcopi
2321 769 2388 822 ad
2425 769 2572 824 illam
2618 771 2791 841 ipsam
2848 750 3283 827 commenlarius
3315 769 3558 828 Graecus.

289 839 382 904 qui
419 837 687 896 hactenus
740 842 795 897 in
831 843 1184 902 bibliothecis
1211 848 1507 904 conclusus
1536 849 1849 915 delituerat,
1883 866 2005 908 sese
2049 855 2361 924 obtulisset,
2392 858 2462 913 ab
2498 837 2754 914 instituto
2781 870 2974 916 nostro
3030 859 3258 914 minime
3313 859 3558 914 alienum

288 941 411 1019 sum
455 928 785 998 arbitratus,
831 932 876 987 si
922 933 1091 988 illum
1119 933 1514 1007 Chrysostumo
1545 939 1802 994 comitem
1846 940 2226 1015 adjungerem,
2269 947 2323 1001 in
2366 963 2433 1001 eo
2473 947 2680 1002 Giberti
2715 950 3051 1005 Veronensis
3085 947 3326 1019 episcopi
3375 961 3560 1000 exem-

289 1014 440 1111 plum
483 1027 729 1111 secutus,
763 1021 856 1090 qui
899 1019 1250 1080 OEcumenio
1281 1025 1437 1091 olim,
1469 1025 1646 1082 Arelas
1673 1026 1788 1098 (qui
1815 1038 2006 1086 nostro
2031 1014 2248 1090 Audrea
2283 1044 2441 1091 aetate
2477 1036 2708 1092 inferior
2731 1039 2836 1111 est)
2869 1014 3204 1093 collectanea
3247 1014 3301 1091 in
3342 1037 3558 1100 Apoca-

289 1106 466 1195 lypsin
499 1109 858 1178 appendenda
880 1113 1114 1169 curavit.
1140 1113 1344 1171 Nactus
1363 1117 1547 1188 itaque
1569 1117 1800 1173 alterum
1825 1119 2058 1177 Andreae
2077 1120 2431 1181 Czesariensls
2456 1125 2766 1195 exemplum
2797 1106 2926 1192 rus.,
2961 1127 3009 1179 id
3042 1124 3246 1195 negotii
3274 1122 3559 1178 Frideriro

286 1191 610 1284 Siylburgio,
640 1198 908 1254 doctrina:
958 1211 1013 1255 et
1043 1202 1342 1272 diligentiae
1373 1204 1590 1260 eximiae
1617 1206 1761 1272 viro,
1811 1207 1973 1275 dedi,
2034 1220 2093 1266 ut
2139 1213 2498 1284 archetypum
2532 1191 2830 1282 utrumque.
2860 1191 3205 1282 compararet
3228 1253 3242 1276 ,
3264 1212 3559 1268 verborum

283 1283 715 1371 discrepantiam
736 1287 1073 1354 observaret,
1104 1291 1360 1362 notisque
1381 1303 1437 1348 et
1466 1293 1742 1350 indicibus
1773 1295 2092 1353 illustraret.
2129 1297 2206 1350 Ad
2227 1283 2563 1367 postremum
2588 1303 2729 1356 sacri
2751 1300 2916 1371 hujus
2954 1301 3136 1371 operis
3164 1299 3255 1353 ubi
3286 1297 3558 1369 pervenit.

283 1368 462 1459 aADeo
490 1371 554 1426 0.
585 1371 662 1425 Μ.
697 1375 1024 1443 appellatus,
1060 1378 1108 1431 vi
1144 1380 1317 1434 morbi
1369 1396 1591 1437 manum
1624 1385 1808 1438 statim
1855 1385 1922 1439 de
1949 1384 2156 1448 tabula,
2191 1386 2434 1456 mihique
2464 1403 2652 1452 cursu,
2689 1368 2837 1459 quod
2873 1368 3067 1452 aiunt,
3102 1368 3352 1458 lampada
3386 1385 3560 1440 tradi.

282 1457 386 1511 dit.
419 1458 711 1547 Postremo
741 1463 926 1534 itaque
963 1467 1066 1520 viri
1093 1467 1259 1536 hujus
1295 1469 1427 1522 mihi
1460 1471 1782 1528 amicissimi
1819 1473 2113 1542 postlnrmo
2142 1473 2294 1539 fetui,
2337 1489 2504 1543 Opera
2525 1457 2719 1531 nostra
2743 1478 2796 1530 in
2833 1492 2998 1531 auras
3021 1457 3311 1547 producto,
3349 1483 3561 1529 tutores

282 1545 569 1613 quaerendi
624 1564 749 1603 cum
803 1561 1010 1616 essent,
1068 1568 1163 1608 vos
1214 1556 1499 1611 nonrinare
1529 1558 1702 1614 visum
1740 1561 1863 1628 fuit,
1896 1577 2038 1632 quos
2080 1563 2126 1616 si
2164 1563 2393 1618 vixisset
2437 1564 2552 1632 ipse
2580 1580 2780 1633 parcns
2842 1565 2904 1620 L.
2947 1545 3035 1619 M.‘
3071 1563 3136 1631 Q.
3176 1563 3560 1618 nominaturus

283 1634 481 1724 ίυξξεθζ
511 1654 524 1688 ε
555 1637 929 1711 τιυίρρθαυθηι
955 1651 1196 1698 vestrum
1221 1645 1312 1699 alii
1344 1646 1714 1720 συμμαθητὴν
1741 1649 2054 1707 habuerunt
2076 1652 2564 1720 modestissimum,
2601 1654 2692 1708 alii
2730 1663 3071 1724 praeceptore
3104 1652 3248 1707 lideli
3273 1651 3357 1707 nsi
3385 1661 3512 1706 sunt
3542 1668 3555 1703 :

284 1722 481 1792 reliqui
523 1739 676 1791 vero,
709 1730 802 1798 qui
833 1730 1009 1800 ipsum
1047 1732 1200 1800 prius
1241 1735 1424 1791 minus
1462 1748 1750 1802 noverant,
1787 1739 1879 1795 ubi
1914 1754 2038 1795 eum
2073 1749 2476 1811 cognoverunt,
2509 1722 2742 1811 propter
2768 1722 2944 1795 raram
2978 1741 3346 1795 eruditionem
3387 1749 3440 1792 et
3482 1739 3564 1791 in’

285 1811 561 1866 defessum
586 1816 903 1886 ergajremp.
936 1818 1258 1875 litterariam
1291 1823 1533 1878 studium
1556 1836 1834 1893 amarunt,
1868 1835 1921 1881 et
1947 1829 2058 1898 jaru
2089 1829 2262 1899 ipsius
2292 1831 2612 1884 memoriam
2647 1830 2902 1884 laudibus
2931 1837 3356 1899 prosequuntur.
3398 1825 3557 1892 Quod

285 1910 563 1970 superest,
594 1903 695 1958 viri
728 1905 1080 1970 nobilissimi,
1113 1924 1177 1963 ao
1211 1912 1466 1978 patroni,
1509 1926 1607 1968 vos
1639 1914 1988 1971 vehementer
2027 1920 2192 1972 etiam
2225 1928 2392 1988 atque
2408 1919 2572 1974 etiam
2609 1935 2762 1990 rogo,
2802 1929 2860 1972 ut
2887 1917 2994 1974 hoc
3022 1932 3206 1972 meum
3238 1915 3558 1976 consilium,

383 1991 827 2130 «:olsgorwﬁasw;
848 1994 1085 2050 olllcium
1118 1997 1172 2052 in
1207 1998 1406 2053 bertam
1439 2010 1646 2069 partem
1679 2003 1984 2074 accipiatis,
2022 2006 2415 2077 laboribusque
2447 2007 2674 2071 nostris,
2725 2007 2872 2077 quod
2907 2005 3107 2070 facitis,
3147 2004 3329 2059 favere
3363 2019 3557 2074 perga-

285 2085 379 2130 tts.
455 2086 620 2130 acte.

285 2085 379 2131 Its.
413 2085 620 2132 Valete.

297 2209 1890 2244 ‘___———-———-——-————.—_~r~

1556 2222 3056 2244 —_D¢~QW
3068 2231 3096 2244 ,:.
3115 2229 3149 2242 -

3157 2226 3480 2241 ﬂ

609 2326 694 2385 De
717 2327 1098 2409 Apocalypsi
1130 2329 1398 2392 Joannis
1434 2331 1819 2412 Hieronymi
1862 2333 2306 2397 testimonium
2342 2333 2408 2395 in
2446 2332 2718 2413 epistola
2757 2334 2833 2394 ad
2870 2334 3235 2398 Paulinum.

355 2497 712 2569 Apocalypsis
741 2494 968 2553 Joannis
997 2504 1078 2552 tot
1109 2496 1272 2551 habet
1293 2505 1660 2564 sacramenta,
1699 2506 1833 2567 quot
1854 2496 2042 2553 verba.
2078 2495 2280 2552 Parum
2318 2496 2429 2552 dixi
2462 2512 2560 2568 pro
2591 2497 2790 2555 merito
2819 2498 3155 2566 voluminis;
3211 2498 3331 2554 laus
3376 2501 3558 2557 omnis

282 2585 514 2640 inferior
539 2596 628 2641 est
665 2604 679 2642 :
709 2586 763 2640 in
793 2585 975 2642 verbis
1007 2585 1240 2656 singulis
1293 2585 1626 2656 multiplices
1675 2585 1846 2641 latent
1880 2585 2277 2658 intelligentiae.

279 2853 373 2915 De
413 2851 642 2916 horum
684 2852 1298 2916 commentariorum
1334 2860 1593 2916 auctore
1627 2853 2006 2916 Theodorus
2042 2854 2342 2916 Peltanus
2368 2855 2687 2935 interpres
2735 2854 2799 2915 in
2835 2852 3104 2932 epistola
3137 2851 3552 2915 dedicatorio.

349 2995 488 3050 Cum
527 2994 614 3049 hic
639 2994 1046 3066 Apocalypseos
1075 2993 1214 3049 liber
1246 3001 1325 3050 tot
1349 2994 1551 3051 abditis
1585 2995 1862 3067 mysteriis
1889 2994 1961 3048 sit
1984 2994 2266 3066 gravidus,
2301 3005 2490 3065 totque
2539 2994 2854 3066 implicatus
2899 2994 3147 3049 tenebris
3180 3000 3233 3046 et
3265 2991 3558 3047 diliiculta-

281 3084 448 3149 tibus,
471 3082 676 3138 utiliter
701 3098 823 3138 meo
852 3083 1063 3153 judicio
1101 3098 1322 3153 operam
1351 3083 1643 3142 collocant.
1679 3083 1798 3152 qui,
1830 3092 2073 3136 veterum
2106 3084 2485 3154 theologorum
2526 3083 2776 3151 vestigiis
2810 3083 3129 3137 insistentes
3157 3119 3172 3145 ,
3204 3081 3556 3151 cxplicationr

279 3173 426 3226 illius
455 3171 688 3226 viriliter
738 3171 1063 3226 incumbunt
1092 3187 1106 3236 ;
1141 3173 1416 3240 tantisque
1444 3171 1552 3226 illis
1579 3171 2012 3226 obscuritatibus
2043 3182 2096 3227 et
2126 3173 2364 3229 tenebris
2389 3175 2565 3228 lucem
2597 3174 2838 3243 aliquam
2876 3172 3075 3228 afferre
3100 3173 3468 3235 contendunt,
3503 3183 3557 3226 et

280 3278 402 3331 quae
424 3261 512 3316 vel
547 3261 648 3331 ipsi
674 3261 816 3330 apud
842 3275 902 3315 se
936 3276 1042 3315 non
1077 3262 1285 3330 absque
1323 3262 1510 3316 labore
1548 3262 1790 3317 meditati
1829 3272 1978 3328 sunt,
2006 3262 2088 3316 vel
2125 3263 2267 3332 apdd
2309 3263 2445 3316 alios
2480 3262 2819 3316 orthodoxos
2853 3271 2908 3316 et
2951 3261 3194 3316 eruditos
3227 3262 3555 3331 interpretes

281 3348 529 3403 studiose
556 3349 940 3414 observarunt,
977 3346 1276 3402 liberaliter
1307 3349 1361 3403 in
1386 3349 1624 3404 medium
1652 3349 1964 3404 conferunt.
1996 3349 2140 3406 Inter
2170 3352 2269 3406 hos
2308 3359 2489 3405 autem
2519 3350 2599 3404 vel
2625 3351 2858 3420 primum
2881 3392 2895 3415 ,
2922 3349 3004 3403 vel
3049 3350 3230 3419 primo
3261 3359 3408 3403 certe
3428 3364 3556 3418 pro-

283 3438 488 3492 ximum
512 3436 694 3491 locum
727 3450 1074 3507 promeretur
1103 3440 1350 3495 Andreas
1380 3441 1644 3495 Ctesareae
1677 3440 2035 3510 Cappadociae
2064 3438 2536 3508 archiepiscopus.
2574 3436 2618 3491 N
2640 3454 2711 3491 rrn
2768 3437 2873 3492 etsi
2926 3447 3054 3491 ante
3088 3438 3267 3506 ipsuru
3299 3433 3554 3490 Justinus

285 3539 493 3596 martyr
520 3536 576 3580 et
589 3523 973 3596 philosophus,
1005 3536 1059 3582 et
1093 3527 1334 3584 lrenaaus
1362 3525 1751 3599 Lugdunensis
1783 3529 2098 3600 episcopus,
2134 3537 2188 3582 et
2238 3527 2330 3581 alii
2381 3538 2646 3597 praeterea
2697 3525 2946 3580 nonnulli
2980 3524 3350 3595 Apocalypsin
3386 3539 3557 3594 expo.

284 3615 519 3678 suerint,
546 3613 734 3670 nullus
766 3622 946 3672 tamen
979 3630 1088 3670 uno
1110 3615 1214 3670 hoc
1237 3615 1399 3670 Patre
1422 3623 1518 3670 aut
1540 3617 1843 3687 copiosius,
1869 3625 1964 3670 aut
1982 3615 2271 3680 eruditius,
2293 3623 2388 3670 aut
2405 3613 2744 3669 luculentius
2773 3612 2875 3666 hoc
2891 3611 3168 3682 praestitit.
3184 3611 3554 3678 Quamobrem

288 3703 426 3755 haud
455 3701 718 3772 indignus
760 3701 919 3756 nobis
954 3703 1104 3758 visus
1134 3712 1236 3769 est,
1267 3703 1359 3773 qui
1395 3705 1449 3757 in
1483 3703 1722 3774 linguam
1747 3702 1996 3759 Latinam
2033 3708 2474 3766 converteretur,
2505 3711 2560 3756 et
2600 3701 2664 3755 ad
2693 3713 3042 3754 cornrnnnern
3093 3696 3356 3752 Ecclesiae
3392 3712 3552 3751 usum

287 3791 335 3842 in
364 3791 546 3845 lucem
573 3790 849 3844 ederetur.
883 3790 1145 3856 Quamvis
1167 3793 1314 3848 enim
1339 3792 1505 3846 homo
1526 3791 1750 3847 Graecus
1773 3801 1825 3845 et
1858 3791 2176 3860 Cappadox,
2204 3799 2258 3844 et
2287 3790 2432 3860 quod
2469 3791 2536 3843 ad
2570 3791 2684 3844 hch
2709 3790 2822 3842 loca
2849 3789 3067 3851 attinet,
3098 3785 3301 3854 hospes
3336 3802 3557 3857 quoque

285 3891 333 3932 et
364 3879 691 3949 peregrinus
723 3882 814 3944 sit,
839 3880 976 3934 nihil
1016 3889 1194 3934 tamen
1231 3890 1326 3934 aut
1351 3895 1667 3940 erroneum.
1700 3893 1791 3934 aut
1818 3881 2139 3943 barbarnrn,
2174 3887 2268 3932 aut
2293 3877 2707 3932 circulatoriurn
2733 3885 2892 3930 sonat
2922 3894 2934 3929 :
2970 3876 3101 3946 quin
3140 3876 3336 3929 miram
3374 3876 3562 3944 potius

286 3967 537 4034 pietatem
578 3968 783 4040 ubique
811 3969 1007 4039 spirat,
1037 3983 1403 4038 magnamque
1431 3967 1484 4022 in
1505 3969 1737 4037 singulis
1773 3967 2169 4038 propemodum
2199 3966 2422 4037 pagellis
2457 3965 2842 4026 eruditionem,
2875 3973 2927 4018 ct
2965 3961 3299 4032 singularem
3333 3962 3558 4031 illSttprt‘

285 4056 348 4107 ab
373 4055 633 4112 erunibus
667 4056 969 4112 hmresibus
994 4065 1049 4111 et
1073 4057 1348 4111 haereticis
1387 4056 1554 4110 animi
1588 4056 1976 4112 alienationem
2009 4055 2267 4119 ostendit,
2293 4053 2533 4108 maxime
2564 4067 2692 4106 vero
2710 4052 2778 4106 ab
2807 4051 3138 4128 Origenistis
3169 4058 3225 4103 et
3251 4049 3553 4114 Chiliastis,

284 4143 372 4212 qui
414 4143 712 4199 Ecclesiam
730 4144 1075 4200 Catholicam
1109 4160 1206 4215 per
1226 4145 1275 4198 id
1311 4153 1524 4211 tempus
1555 4160 1664 4215 pra:
1689 4144 1906 4199 caeteris
1959 4142 2316 4198 infestabant.
2371 4139 2499 4196 Fuit
2530 4141 2715 4208 itaque
2749 4139 3130 4193 rommeritarii
3159 4137 3324 4208 hujus
3361 4149 3557 4194 auctor

285 4247 388 4285 non
417 4233 580 4286 modo
607 4233 840 4302 insignis
874 4234 1168 4304 episcopus
1192 4243 1486 4303 pastorque
1513 4233 1762 4303 apprime
1798 4231 2032 4302 vigilans
2081 4239 2137 4284 et
2170 4229 2334 4292 fidus,
2367 4237 2424 4281 ut
2473 4235 2745 4282 testantur
2775 4233 3046 4294 quotquot
3075 4225 3240 4278 vitam
3292 4224 3439 4279 illius
3472 4228 3556 4278 vel

286 4321 458 4374 obiter
489 4321 792 4390 attingunt,
819 4334 1008 4375 verum
1030 4321 1246 4390 egregie
1275 4336 1494 4391 quoque
1535 4324 1656 4389 pius
1700 4334 2009 4390 magnaque
2041 4319 2354 4372 divinarum
2384 4318 2866 4383 humauarurnque
2906 4313 3210 4366 lilterarurn
3245 4311 3556 4367 eruditione

301 4417 528 4470 rrnatus.
551 4419 602 4462 et
637 4423 764 4462 acer
794 4407 1028 4478 denique
1059 4408 1326 4463 Ineresum
1364 4418 1417 4462 et
1446 4418 1719 4463 sectarum
1748 4409 1992 4462 omnium
2023 4408 2221 4462 hostis.

1193 4695 1368 4758 Idem
1410 4697 1711 4759 Peltauus
1754 4695 1817 4756 in
1859 4692 2130 4773 epistola
2163 4694 2238 4755 ad
2273 4695 2631 4754 Lectorern.

347 4865 482 4931 Quis
514 4863 897 4918 commentarii
951 4862 1114 4933 hujus
1155 4871 1348 4916 auctor
1375 4861 1671 4924 exstiterit,
1715 4859 1949 4915 candide
1985 4857 2201 4922 Lector,
2239 4859 2396 4922 satis,
2421 4858 2619 4927 opinor
2646 4898 2658 4920 ,
2697 4875 2759 4913 ex
2804 4857 2961 4911 titulo
2990 4857 3088 4911 toti
3129 4857 3281 4926 operi
3332 4860 3557 4926 pl'EBﬁXt)

289 4964 467 5022 aperte
507 4960 746 5006 constat.
774 4951 893 5017 Quo
921 4959 1167 5019 tempore
1190 4959 1372 5004 autem
1397 4949 1442 5004 is
1472 4948 1695 5010 vixerit,
1723 4958 1812 5002 aut
1847 4947 2175 5003 Caesariensi
2219 4946 2476 5002 Ecclesiae
2514 4947 2813 5016 praefuerit.
2862 4947 2912 4999 id
2939 4955 3090 4999 certo
3132 4946 3372 4998 nondum
3403 4963 3556 5000 rom.

287 5041 418 5110 peri.
453 5039 661 5095 Basilio
689 5038 884 5110 Magno
915 5040 1165 5110 ejusdem
1204 5038 1351 5094 sedis
1380 5038 1626 5093 antistite
1661 5036 2021 5107 posteriorem
2044 5035 2214 5092 fuisse
2244 5047 2397 5091 extra
2426 5034 2863 5091 controversiam
2890 5044 2998 5098 est,
3029 5043 3090 5088 ut
3121 5034 3215 5103 qui
3250 5049 3355 5087 non
3389 5037 3556 5088 ευιιιιιι

285 5130 335 5182 in
374 5131 479 5184 hoc
507 5129 909 5184 commentario
941 5128 1278 5184 nominetur.
1307 5127 1575 5182 Caeterum
1608 5126 1675 5180 ad
1705 5126 1833 5180 libri
1867 5127 2034 5196 hujus
2070 5127 2572 5196 interpretationem
2601 5165 2614 5190 ,
2650 5135 2848 5195 praeter
2882 5125 3176 5179 utilitatem
3229 5139 3396 5193 quam
3431 5123 3558 5175 inde

285 5220 350 5273 ad
376 5221 679 5274 Ecclesiam
716 5221 895 5276 redire
918 5235 1080 5291 posse
1127 5219 1441 5291 sperabam,
1468 5218 1580 5272 duo
1619 5218 1890 5287 przecipue
1924 5231 2010 5270 rue
2041 5215 2375 5284 impulerunt
2405 5233 2418 5268 :
2458 5214 2640 5284 operis
2663 5213 2923 5275 brevitas,
2960 5229 3054 5267 seu
3098 5211 3282 5266 verius
3311 5211 3556 5280 ejusdem

287 5308 663 5373 rnediocritas,
697 5319 753 5362 et
783 5310 1033 5364 codicum
1066 5317 1327 5378 praeterea
1382 5305 1701 5360 Grecorum
1738 5319 1850 5358 non
1886 5305 2130 5374 vulgaris
2175 5303 2562 5358 commoditas.
2618 5301 2755 5356 Nam
2794 5311 2992 5374 praeter
3018 5299 3270 5371 praesidia
3294 5338 3307 5358 ,
3341 5314 3462 5366 qum
3493 5297 3560 5350 ad

286 5413 404 5454 eam
447 5413 561 5452 rem
591 5397 1036 5452 subministravit
1063 5396 1407 5466 amplissima
1445 5395 1536 5449 illa
1561 5393 1827 5464 principis
1853 5392 2100 5447 Bavarize
2137 5391 2493 5456 bibliotheca,
2524 5391 2790 5461 singulari
2837 5389 3027 5444 favore
3079 5398 3133 5442 et
3178 5384 3558 5440 benevolentia

289 5487 492 5541 nobilis
522 5495 578 5541 et
608 5485 872 5541 senatorii
899 5485 1112 5540 ordinis
1142 5484 1266 5549 viri,
1311 5483 1519 5538 domini
1548 5482 1764 5547 Quirini
1802 5481 2122 5552 Bellingeri,
2188 5479 2337 5534 aliud
2392 5487 2766 5549 pervetustnm
2803 5477 3082 5546 exemplar
3103 5490 3167 5528 ex
3210 5473 3421 5543 reipnb.
3447 5473 3560 5526 Atr-

288 5587 534 5640 gustanaa
558 5573 891 5629 bibliotheca
916 5572 1204 5644 impetravi
1233 5590 1246 5626 :
1279 5571 1425 5642 quod
1456 5585 1589 5624 sane
1613 5569 1910 5640 plurimum
1945 5569 2076 5623 mihi
2104 5569 2360 5623 contulit.
2389 5567 2660 5634 Quamvis
2688 5569 2829 5622 enim
2855 5564 3206 5636 qureduralis
3232 5563 3560 5616 bihliorheca

290 5664 772 5734 suppeditaverat,
805 5663 873 5718 ad
910 5662 984 5726 id,
1021 5661 1167 5732 quod
1203 5661 1572 5724 institueram,
1603 5667 1688 5714 sat
1708 5673 1830 5714 esse
1859 5657 2162 5729 potuerint,
2191 5666 2438 5711 attamen
2478 5659 2832 5727 Augustanus
2853 5654 3025 5709 codex
3061 5652 3248 5707 multis
3281 5651 3413 5707 locis
3440 5665 3566 5721 per-

284 5769 449 5821 quam
485 5766 826 5822 opportunus
867 5752 1002 5807 mihi
1031 5751 1155 5806 fuit.
1200 5749 1446 5806 Habebat
1474 5759 1655 5804 autem
1694 5749 1740 5804 is
1771 5764 1879 5803 non
1914 5749 2147 5803 Andreae
2188 5747 2567 5812 Caesariensis,
2619 5746 2712 5802 sed
2753 5742 3013 5799 Methodii
3050 5743 3270 5797 titulum
3309 5761 3321 5796 :
3367 5756 3561 5795 verum

294 5841 344 5894 id
376 5844 562 5896 minus
600 5853 767 5908 rei-te,
797 5842 842 5897 si
881 5841 1100 5911 quidem
1130 5839 1509 5895 commentarii
1549 5838 1713 5908 hujus
1745 5836 2102 5900 architectus,
2131 5851 2258 5890 eum
2327 5835 2380 5889 in
2433 5835 2550 5904 ipsa
2582 5832 2898 5904 praefatione
2926 5873 2940 5897 ,
2979 5843 3091 5886 tum
3152 5831 3280 5886 alibi
3329 5845 3568 5899 persa‘pe

290 5927 628 5985 ll;t|ro.tium
658 5930 909 5987 nominat
944 5949 956 5986 ε
997 5928 1370 5986 nihilominus
1399 5937 1578 5985 tamen
1617 5928 1706 5998 qui
1735 5926 2050 5982 Grmeorum
2079 5925 2347 5980 librorum
2379 5923 2614 5980 indicent
2647 5920 2905 5988 confecit,
2942 5922 3094 5992 culpa
3130 5920 3356 5975 omnino
3391 5929 3561 5976 caret.
