4040 6588
335 473 441 536 2‘17

1303 476 1913 541 COMMENTARIUS
1947 482 2031 543 IN
2070 483 2607 550 APOCALYPSIN.

3511 496 3619 561 2l8

338 590 538 654 πτύξαι
601 588 699 659 τὴν
733 588 829 641 τοῦ
892 588 1159 659 Θεολόγου
1220 590 1478 648 Ἰωάννου
1536 595 1932 666 ’Λποκάλυψιν,

2046 612 2288 669 rogatus,
2321 613 2378 658 ut
2408 605 2517 659 divi
2543 604 2773 663 Joannis
2814 607 3075 682 Theologi
3108 611 3477 682 Apocalypsin
3516 630 3615 669 cx-

338 685 429 737 κα“ι
463 683 578 745 τοῖς
619 682 758 751 μετᾶ
787 684 885 751 τὴν
913 682 1083 753 αὐτῆς
1115 684 1387 739 ὀπτασίαν
1426 687 1646 755 χρόνοις
1673 689 1926 759 ὲφαρμὸ-

342 794 431 829 σαι
470 776 538 827 τὰ
584 774 1064 845 προφητευθέντα,
1113 778 1227 841 τοῖς
1268 778 1411 850 ὑπὲρ
1461 781 1563 850 ἐμὲ
1606 783 1931 853 ἐγχειρῆσαι

339 868 721 938 ἀνεϐαλόμην·
774 868 930 933 εἰδὼς
981 870 1230 941 μεγάλης
1262 871 1426 926 τοῦτο
1459 867 1602 927 εἶναι
1662 874 1929 941 διανοίας,

340 964 431 1015 καὶ
458 959 580 1034 [τῷ]
616 962 746 1031 θείῳ
798 961 1081 1033 Πνεύματι
1122 965 1572 1036 πεφωτισμένης.
1604 967 1711 1020 τῶν
1742 985 1933 1038 μυστι-

340 1052 449 1114 κῶς
485 1056 599 1115 τίς
646 1054 825 1122 ἁγίοις
866 1054 1201 1125 ἑωραμένων
1241 1058 1299 1108 ὲν
1338 1057 1414 1127 τῷ
1456 1058 1709 1126 μέλλοντι
1749 1059 1931 1129 χρόνῳ

344 1144 754 1215 συμϐήσεσθαι.
790 1146 1067 1199 ποιεῖσθαι
1097 1148 1423 1215 ἀνάπτυξιν.
1454 1150 1515 1202 Εἰ
1546 1150 1654 1221 γάρ
1684 1150 1793 1203 τῶν
1826 1168 1930 1204 πα-

342 1238 512 1290 λαιῶν
544 1238 845 1308 προφητῶν
884 1241 939 1293 αἱ
975 1240 1150 1310 βίϐλοι
1188 1241 1294 1293 ὑπὸ
1324 1243 1538 1296 πολλῶν
1572 1244 1935 1314 ἐρμηνευθεί-

344 1347 458 1395 σαι,
494 1330 576 1383 ἔτι
626 1330 687 1382 τὸ
718 1330 882 1401 βάθος
927 1332 1036 1385 τῶν
1084 1335 1142 1385 ἐν
1195 1334 1390 1398 αὐταῖς
1437 1336 1756 1407 μυστηρίων
1799 1335 1933 1407 [τοῖς

340 1424 537 1496 πᾶσιν]
575 1424 793 1495 ἔχουσιν
825 1425 1058 1479 ἀθέατον
1115 1426 1245 1497 ἄχρι
1271 1427 1372 1498 τῆς
1426 1429 1644 1500 ἡμέρας
1684 1429 1929 1500 ἐκείνης,

342 1522 400 1573 ὲν
501 1520 600 1590 τῆς
639 1521 874 1593 μερικῆς
903 1522 1365 1592 καταργουμένης
1399 1523 1656 1593 γνώσεως
1688 1527 1719 1595 ἡ
1751 1526 1937 1579 τελεία

343 1613 836 1684 ἁναδειχθήσεται·
882 1614 1089 1685 καίπερ
1132 1616 1201 1669 τὰ
1237 1616 1468 1671 πλεῖστα
1520 1621 1649 1685 περὶ
1703 1622 1803 1688 τῆς
1835 1618 1933 1672 τοῦ

347 1707 589 1777 μεγάλου
626 1706 763 1759 Θεοῦ
830 1709 923 1762 καὶ
981 1710 1237 1781 Σωτῆρος
1273 1711 1433 1781 ήμῶν
1469 1712 1695 1782 πρώτης
1736 1714 1936 1781 ἐπιφοι-

346 1799 497 1864 νείας
533 1800 870 1870 κηρύξασαι,
917 1802 965 1855 εί
1018 1802 1114 1855 καί
1166 1820 1291 1856 τινα
1341 1804 1555 1869 τούτοις
1605 1806 1809 1875 ἁναμῖξ
1844 1806 1938 1859 καὶ

348 1893 608 1963 περὶτῆς
640 1892 901 1963 δευτέρας
956 1893 1123 1947 αὑτοῦ
1169 1894 1476 1964 παρουσίας
1523 1896 1934 1966 κατήγγειλανο

349 1985 464 2047 πῶς
521 1985 587 2037 ἄν
621 2002 704 2048 τις
755 1985 815 2037 οὐ
862 1985 1135 2056 τολμηρὸς
1189 1986 1559 2057 δειχθήσεται,
1594 1964 1939 2059 προφητικοῦ
1977 1964 2016 2018 Β

351 2075 451 2143 μὲν
484 2075 756 2145 ἀμέτοχος
810 2074 885 2127 ὢν
919 2077 1264 2147 Πνεύματος,
1300 2078 1568 2150 ἐγχειρῶν
1614 2079 1671 2131 δὲ
1710 2079 1941 2144 ἐκείνοις

346 2162 422 2220 ὧν
452 2168 607 2221 οὔπω
639 2170 698 2221 τὸ
724 2169 879 2233 τέλος
917 2170 1211 2238 τεθέαταις
1249 2172 1393 2226 Ἀλλ’
1424 2175 1547 2228 ἐπεὶ
1580 2175 1800 2246 ὑπακοὴ
1835 2176 1937 2244 μὲν

350 2262 488 2331 ὑπὲρ
517 2263 709 2315 θυσίαν
743 2263 948 2334 ἀγαθὴ,
981 2266 1013 2336 ἡ
1044 2265 1101 2317 δὲ
1148 2267 1304 2331 ἐλπὶς
1340 2267 1401 2320 οὐ
1437 2268 1816 2339 καταισχύνει,
1842 2270 1938 2321 καὶ

350 2352 382 2419 ἡ
432 2352 621 2421 ἀγάπη
654 2352 715 2405 ού
762 2354 981 2417 πίπτει,
1038 2358 1179 2409 κατᾶ
1220 2356 1311 2409 τὸν
1361 2358 1725 2413 Ἀπόστολονο
1767 2360 1940 2432 ταύτῃ

352 2445 737 2514 συνδεδεμένος
780 2450 845 2518 τῇ
910 2448 1191 2520 θεαρέστῳ
1226 2467 1317 2502 σου
1356 2450 1531 2522 ψυχῇ,
1578 2445 1622 2504 ὦ
1659 2453 1939 2525 Μακάριε,

352 2538 588 2602 ἐλπίζων
626 2556 685 2592 τε
720 2541 789 2592 δι’
820 2541 990 2610 αὐτῆς
1021 2542 1122 2610 τήν
1150 2559 1210 2595 τε
1238 2544 1347 2595 τῶν
1388 2544 1773 2615 ἐλλειμμάτων
1804 2548 1935 2600 ἀνα-

351 2628 657 2699 πλήρωσιν,
675 2632 769 2685 τόν
788 2650 847 2685 τε
880 2634 977 2702 τῆς
1005 2634 1255 2704 ὑπακοῆς
1283 2635 1500 2705 μισθὸν,
1526 2638 1591 2707 ἣν
1620 2635 1765 2708 [τῆς]
1794 2638 1936 2703 ἁγάθ

352 2738 457 2792 πης
479 2718 598 2775 οἶδα
634 2726 867 2794 καρπὸν,
920 2726 981 2780 τὸ
1014 2727 1309 2797 ἐπιταχθὲν
1336 2729 1395 2781 ὲν
1424 2728 1593 2799 ὀλίγῳ
1638 2728 1933 2800 πληρώσω,

354 2816 449 2867 σὺν
476 2815 596 2886 Θεῷ
624 2816 702 2887 τῷ
740 2820 1035 2887 σοφίζοντι.

2034 695 2339 764 planarem,
2392 698 2750 771 ejusdemque
2793 702 3049 757 vaticinia
3100 705 3464 774 temporibus.
3500 723 3621 775 tunc

2036 798 2161 857 post
2220 789 2366 843 illam
2417 791 2745 861 patefactam
2799 807 3095 850 consecuta
3131 807 3295 864 sunt,
3342 807 3619 869 utcunque

2035 881 2533 951 accommodarem,
2568 900 2687 953 qua:
2720 887 2924 957 ingenii
2962 889 3065 942 mei
3112 905 3310 945 nervos
3341 890 3611 946 excedere

2038 976 2380 1041 videbantur,
2415 978 2636 1050 aggredi
2671 980 2938 1036 hactenus
2993 982 3079 1035 vix
3131 997 3254 1037 sum
3311 999 3500 1040 ausus.
3534 984 3617 1038 ln-

2040 1068 2349 1138 telligebam
2378 1069 2522 1125 enim
2558 1073 2816 1143 mysteria
2866 1074 2998 1128 viris
3048 1075 3255 1129 sanctis
3293 1091 3388 1144 per
3441 1081 3615 1131 visum

2037 1170 2280 1224 ostensa,
2315 1178 2435 1229 qua:
2487 1164 2614 1218 olim
2672 1166 2938 1235 explenda
2995 1178 3406 1236 exspectantur,
3466 1188 3620 1223 cont-

2039 1252 2201 1306 mode
2225 1254 2522 1322 explicare,
2553 1255 2928 1325 intelligentia!
2962 1274 3085 1311 esse
3122 1274 3353 1327 magnze,
3395 1263 3622 1315 mentis-

2037 1360 2146 1413 que
2206 1346 2394 1400 divino
2464 1346 2671 1415 Spiritu
2746 1348 2889 1402 haud
2961 1350 3262 1419 vulgariter
3316 1350 3620 1406 illustratze.

2041 1438 2337 1492 Enimvero
2365 1438 2411 1493 si
2436 1446 2682 1494 veterum
2721 1442 3110 1511 prophetarum
3156 1442 3307 1504 libri.
3342 1446 3560 1499 tametsi
3595 1462 3625 1500 a

2039 1546 2204 1600 quam
2232 1530 2485 1599 plurimis
2509 1531 2621 1599 jam
2648 1533 2780 1587 olim
2802 1535 3097 1604 explanati,
3124 1548 3623 1601 sacramentorum,

2038 1636 2161 1690 quae
2189 1621 2240 1674 in
2271 1621 2404 1691 ipsis
2434 1621 2622 1687 latent,
2665 1624 3097 1691 profunditatem
3146 1629 3453 1683 etiamnum
3520 1632 3619 1685 ab—

2039 1704 2209 1770 ditam
2270 1714 2475 1769 habent
2517 1715 2904 1787 habebuntque
2951 1734 3125 1789 usque
3178 1722 3244 1774 ad
3283 1722 3425 1776 diem
3475 1722 3625 1776 illum

2041 1820 2172 1874 quo,
2203 1804 2434 1860 scientia
2473 1820 2595 1875 qua:
2626 1821 2693 1861 ex
2755 1817 2911 1877 parte
2951 1818 3055 1875 est,
3084 1810 3381 1875 destructa,
3417 1830 3478 1866 ea
3510 1828 3630 1882 qua:

2044 1895 2284 1964 perfecta
2331 1906 2415 1951 est
2454 1899 2709 1953 succedet
2750 1909 2939 1965 :esto,
2983 1902 3208 1956 interim
3270 1903 3445 1973 major
3504 1905 3629 1958 illo-

2048 2005 2167 2042 rum
2196 2004 2324 2058 pars
2352 1989 2420 2045 de
2445 1990 2622 2059 primo
2651 1994 2830 2062 magni
2869 1992 2960 2047 Dei
2990 2004 3046 2048 et
3097 1994 3401 2052 Salvatoris
3450 2000 3627 2053 nostri

2044 2080 2278 2135 adventu
2345 2083 2706 2138 concionetur
2755 2086 2904 2154 (nam
2979 2088 3229 2157 quaedam
3296 2105 3514 2161 qunque
3564 2093 3632 2145 de

2044 2174 2290 2227 secundo
2318 2173 2564 2243 ejusdem
2600 2176 2835 2232 adventu
2867 2177 3071 2235 alicubi
3125 2180 3382 2237 interseri
3438 2183 3623 2252 negari

2051 2283 2159 2320 non
2187 2267 2369 2335 debet)
2396 2286 2411 2335 ;
2443 2270 2721 2337 quomodo
2773 2273 2819 2325 is
2863 2272 3038 2327 audax
3074 2288 3182 2327 non
3209 2276 3496 2339 habeatur,
3536 2276 3629 2345 qui

2050 2360 2354 2429 prophetici
2380 2360 2605 2429 spiritus
2630 2377 2845 2425 exsors.
2879 2365 2970 2418 illa
3013 2365 3359 2435 interpretari
3381 2368 3635 2436 aggredi-

2050 2461 2139 2506 tur
2166 2468 2400 2521 quorum
2452 2462 2683 2507 eventus
2738 2454 2970 2509 net-dum
3007 2456 3156 2510 clare
3216 2457 3506 2511 cernitur?
3562 2454 3633 2509 At

2049 2543 2178 2613 quia
2200 2542 2569 2597 obedientiam
2602 2543 2840 2599 victimis
2859 2554 3124 2615 praestare
3144 2549 3408 2616 scriptum
3431 2557 3631 2613 exstat,

2046 2650 2281 2705 spesque
2318 2636 2621 2708 secundum
2653 2637 2965 2705 apostolum
3018 2653 3128 2692 non
3183 2640 3493 2703 confundit,
3530 2656 3629 2692 ne-

2046 2744 2153 2797 que
2182 2728 2445 2792 Charitas,
2503 2743 2611 2798 qua
2667 2728 2866 2782 anima:
2899 2740 3004 2783 tuae
3046 2729 3240 2785 intime
3306 2730 3635 2800 conjunrtus

2047 2837 2191 2884 sum,
2229 2836 2470 2890 unquam
2504 2820 2730 2883 excidit,
2765 2819 2883 2883 Dei,
2909 2820 3352 2891 quisapientiam
3378 2822 3630 2890 largitur,

350 2921 451 2976 0pc
489 2907 681 2973 fretus.
718 2928 918 2967 munus
952 2913 1050 2967 abs
1092 2920 1143 2966 te
1176 2913 1309 2967 mihi
1366 2913 1700 2980 injunctum,
1731 2913 1954 2978 Macari,
1996 2923 2054 2967 ut
2083 2921 2274 2983 potero
2321 2912 2546 2981 explere
2599 2913 2865 2967 conabor.
2898 2911 3229 2968 Persuasum
3265 2913 3409 2966 enim
3437 2914 3630 2971 habeo.

350 3002 398 3054 si
432 3003 524 3070 qui
553 3005 693 3058 inter
747 3006 1229 3060 commcntandum
1304 3006 1549 3062 defecus
1616 3008 1940 3072 acciderint,
1978 3022 2074 3062 eos
2130 3016 2181 3059 te
2213 3020 2310 3075 pro
2337 3015 2428 3060 tua
2462 3005 2737 3060 charitate
2782 3014 2837 3060 et
2888 3006 3197 3061 eruditione
3215 3006 3474 3060 benevole
3504 3020 3634 3058 cor-

356 3108 653 3161 recturum,
713 3099 1152 3169 merccdemqnc,
1206 3117 1369 3171 quant
1422 3100 1754 3165 obedientia,
1798 3114 1921 3169 qua:
1982 3114 2048 3152 ex
2105 3099 2371 3154 charitate
2429 3098 2625 3162 oritur,
2665 3097 2787 3167 jure
2818 3108 3183 3168 promeretur,
3219 3098 3362 3152 haud
3395 3097 3635 3151 illibera-

356 3190 477 3244 liter
511 3190 940 3261 persoluturum.

426 3281 654 3350 Πρῶτον
686 3282 785 3352 μὲν
814 3282 930 3347 οὖν,
960 3284 1036 3343 ώς
1071 3280 1229 3338 οἶσθα
1276 3287 1370 3339 καὶ
1418 3286 1602 3351 αὐτὸς,
1644 3288 1794 3340 πᾶσα
1824 3284 1940 3338 θεό-

2122 3264 2367 3335 Primum
2400 3279 2586 3350 igitur,
2617 3288 2676 3333 ut
2709 3287 2764 3334 tu
2823 3278 2939 3348 ipse
2968 3292 3193 3349 quoque
3225 3294 3332 3333 non
3383 3278 3628 3348 ignoras,

358 3390 625 3436 πνευστος
672 3374 890 3446 Γραφὴ,
924 3377 1020 3431 ἆτε
1060 3380 1415 3449 τριμερείτῴ
1450 3378 1722 3451 ἀνθρώπῳ
1762 3379 1942 3450 ὑπάρ-

355 3482 524 3533 χοντι,
562 3469 838 3539 τριμερὴς
875 3472 939 3523 ὲκ
972 3472 1071 3540 τῆς
1118 3471 1267 3535 θείας
1323 3471 1621 3544 δεδώρηται
1676 3474 1897 3543 χάριτος
1923 3489 1938 3503 ’

360 3556 454 3607 καὶ
501 3559 709 3629 ταύτης
762 3554 874 3612 οἶόν
912 3578 964 3612 τι
1003 3563 1163 3633 σῶμα
1200 3562 1262 3615 τὸ
1316 3562 1555 3634 γράμμα
1606 3564 1702 3617 καὶ
1750 3563 1938 3635 ἠκατ’

357 3648 609 3716 αἴσθησιν
641 3654 850 3722 ἱστορία
875 3653 1219 3725 καθέστηκεν
1240 3673 1253 3685 ·
1283 3658 1446 3709 οἱονεὶ
1475 3656 1531 3709 δὲ
1561 3657 1730 3727 ψυχὴ,
1761 3658 1944 3728 ἡτρο-

358 3743 607 3810 πολογία,
651 3744 709 3810 ἐξ
740 3745 1015 3815 αἰσθητῶν
1063 3748 1158 3800 ἐπὶ
1185 3747 1253 3800 τὰ
1285 3747 1455 3819 νοητὰ
1490 3747 1807 3817 ποδηγούσα
1846 3747 1939 3801 τὸν

357 3833 805 3902 ἀναγινώσκοντα
828 3853 841 3866 ·
870 3837 1125 3908 καθάπερ
1146 3838 1203 3891 δὲ
1226 3838 1465 3911 πνεῦμα,
1506 3841 1539 3909 ἠ
1572 3839 1681 3893 τῶν
1714 3840 1945 3909 μελλόν-

354 3946 461 3980 των
494 3930 590 3981 καὶ
629 3929 977 4001 ὑψηλοτέρων
1005 3931 1268 4003 ἀναγωγὴ
1294 3935 1391 3986 καὶ
1423 3932 1626 4003 θεωρία
1650 3933 1895 4003 πέρηνεν
1927 3949 1941 3963 ·

355 4021 429 4082 ὡς
458 4020 557 4090 τὴν
592 4021 693 4090 μὲν
754 4023 1004 4091 πρώτην,
1062 4024 1295 4093 πρέπειν
1326 4026 1441 4089 τοῖς
1477 4026 1541 4078 ἐκ
1574 4022 1718 4095 [τοῦ-Ι
1775 4024 1943 4095 νόμου

358 4115 902 4187 παιδαγωγουμένοις
923 4134 940 4150 ο
974 4118 1074 4190 τὴν
1112 4118 1169 4172 δὲ
1188 4119 1475 4190 δευτέραν,
1511 4121 1621 4183 τοῖς
1652 4120 1944 4171 πλλιτευο-

362 4208 545 4272 μένοις
582 4209 640 4259 ὲν
669 4208 850 4279 χάριτι
871 4226 884 4239 ⁸
926 4208 1024 4279 τὴν
1058 4210 1115 4262 δὲ
1144 4210 1362 4282 τρίτην,
1387 4212 1453 4280 τῇ
1483 4210 1731 4280 μακαρία
1769 4208 1943 4279 λήξει,

358 4301 415 4346 ὲν
454 4291 577 4369 ᾗτὸ
613 4299 829 4369 πνεῦμα
866 4299 1582 4368 βασιλεύει,ὑποταγέντων
1623 4300 1775 4368 αὐτῷ
1809 4302 1946 4352 niv-

358 4407 464 4440 των
498 4389 606 4441 τῶν
644 4392 920 4460 σαρκικῶν
954 4392 1231 4461 λογισμῶν
1273 4409 1335 4444 τε
1380 4392 1476 4444 καὶ
1508 4396 1800 4463 κινήσεων.
1833 4391 1945 4443 Kal.

358 4483 418 4532 τὸ
458 4480 558 4548 μὲν
598 4482 887 4551 πρότερον,
930 4482 1197 4553 ἱστορίαις
1238 4482 1582 4554 πραγμάτων
1628 4482 1729 4553 ἤδη
1778 4499 1943 4550 γεγε-

360 4572 611 4639 upsiva
671 4574 1006 4643 ἐφήρμοζεν,
1054 4575 1103 4627 εί
1159 4576 1405 4638 καὶτοῖς
1463 4574 1801 4645 προδρόμοις
1840 4575 1941 4643 τῆς

2051 3372 2309 3427 universa
2330 3372 2614 3441 Scriptura
2640 3369 2903 3424 divinitus
2933 3369 3219 3438 inspirata,
3248 3385 3372 3439 quae
3398 3371 3628 3435 homini,

2047 3467 2139 3536 qui
2172 3483 2235 3521 ex
2269 3466 2447 3521 tribus
2477 3463 2754 3520 distinctis
2778 3464 3025 3532 partibus
3047 3463 3340 3525 caullator,
3365 3480 3471 3519 non
3501 3465 3632 3520 abs-

2049 3574 2156 3629 que
2182 3558 2445 3628 singulari
2497 3557 2586 3611 Dei
2628 3557 2893 3612 beneticio
2954 3555 3172 3624 obtigit,
3219 3557 3486 3626 tripartita
3524 3568 3627 3613 est.

2047 3650 2222 3719 Hujus
2246 3650 2408 3704 veluti
2433 3664 2635 3717 corpus
2659 3657 2742 3702 est
2765 3648 2965 3710 littera,
2988 3656 3325 3718 externaque
3354 3649 3582 3703 historia
3613 3669 3627 3705 :

2045 3742 2243 3797 Anima
2297 3756 2445 3807 vero,
2490 3740 2793 3810 tropologia
2848 3757 2861 3793 :
2916 3739 3033 3793 haec
3066 3739 3211 3793 enim
3270 3755 3367 3809 per
3399 3756 3461 3795 ea
3511 3757 3635 3811 qua:

2048 3836 2152 3889 sub
2191 3851 2411 3890 sensum
2454 3834 2701 3895 veniunt,
2735 3832 2801 3887 ad
2846 3832 2937 3886 illa
2968 3832 3188 3886 deducit
3215 3831 3475 3886 lectorem
3512 3848 3635 3901 qua:

2049 3938 2230 3983 mente
2250 3936 2459 3982 tantum
2490 3924 2941 3995 conspiciuntur:
2975 3923 3218 3992 Spiritus
3240 3934 3421 3979 autem
3452 3925 3631 3977 locum

2049 4034 2312 4089 anagogc,
2346 4020 2449 4073 hoc
2480 4029 2562 4072 est
2589 4032 2769 4071 rerum
2814 4015 3127 4071 futurarum
3146 4016 3576 4085 longissimeque
3603 4033 3633 4068 a

2048 4127 2213 4167 sensu
2273 4113 2573 4181 positarum
2624 4110 2855 4171 theoria,
2897 4109 3001 4163 sibi
3064 4109 3328 4163 vindicat.
3383 4108 3631 4162 Primum

2047 4220 2221 4275 genus
2279 4204 2332 4258 in
2361 4204 2482 4258 illos
2525 4203 2799 4272 praecipue
2851 4200 3129 4263 convenit,
3166 4215 3402 4269 quorum
3453 4202 3634 4267 paeda-

2049 4313 2219 4367 gogus
2249 4297 2335 4350 lex
2372 4305 2529 4362 erat;
2565 4296 2617 4365 2
2653 4294 2983 4381 seepudum,
3019 4293 3073 4345 in
3109 4306 3205 4345 eos
3252 4291 3347 4359 qui
3382 4290 3485 4343 sub
3518 4290 3635 4357 lege

2049 4391 2240 4461 gratia:
2278 4396 2331 4444 et
2367 4388 2657 4443 charitatis
2717 4395 2931 4441 aetatem
2994 4391 3202 4455 agunt;
3269 4382 3514 4445 tertium,
3573 4381 3628 4435 in

2051 4482 2302 4537 homines
2332 4481 2481 4535 vitali
2519 4482 2621 4534 hac
2644 4480 2765 4533 luce
2798 4476 3031 4531 feliciter
3059 4473 3402 4544 perfunctos,
3429 4474 3482 4527 in
3508 4473 3635 4541 qui-
3668 4521 3675 4528 .

2054 4575 2155 4626 bus
2184 4571 2366 4626 carnis
2396 4585 2559 4625 sensu
2592 4578 2854 4637 motuque
2886 4565 3125 4636 perfecte
3150 4564 3261 4632 jam
3314 4562 3632 4633 subjugato,

361 4662 620 4731 ἀληθείας
645 4664 840 4728 τύποις
863 4666 923 4718 οὗ
961 4665 1176 4737 μικρῶς
1218 4667 1312 4720 καὶ
1336 4666 1465 4720 αὐτὸ
1493 4665 1813 4738 [πολλαχοῦ]
1846 4683 1940 4719 κε-

2047 4663 2197 4719 solus
2226 4663 2451 4733 spiritus
2492 4676 2716 4731 regnum
2748 4659 2977 4714 obtinet.
3030 4655 3275 4709 Primum
3324 4655 3505 4710 denuo
3542 4672 3629 4710 re-

365 4756 737 4810 καλλώπισται
760 4773 773 4786 ·
805 4758 865 4810 τὸ
890 4759 946 4811 δὲ
977 4758 1259 4829 δεύτερον,
1297 4764 1416 4822 ταῖς
1447 4776 1507 4812 τε
1542 4762 1944 4830 παροιμιακαῖς

363 4846 743 4915 παραινέσεσι,
804 4848 897 4902 καὶ
955 4850 1168 4920 ἑτέροις
1226 4849 1493 4913 τοιούτοις
1542 4850 1946 4913 διδασκαλικοῖς

364 4940 584 5009 ᾖθεσινο
617 4935 751 5005 οἷον,
788 4943 1078 4999 Ἀκανθαι
1128 4944 1384 5012 φύονται
1414 4943 1485 4997 ἐκ
1526 4944 1678 5013 χειρί
1711 4944 1815 4999 τοῦ
1836 4962 1947 5013 με·

366 5034 554 5085 θὺσου
573 5049 586 5061 ·
610 5034 724 5097 καὶ,
754 5036 1141 5102 Αἰσχὺνθητι,
1167 5037 1323 5105 φησὶ,
1346 5033 1554 5100 Σιδὼν,
1578 5031 1750 5089 εἶπεν
1774 5035 1812 5102 ὴ
1841 5036 1945 5091 θά-

363 5128 592 5185 .lao'o'a,
626 5128 719 5177 καὶ
751 5126 817 5179 τά
845 5126 1057 5191 τούτοις
1094 5128 1279 5199 ὅμοια.
1313 5128 1387 5181 Τὸ
1416 5128 1474 5182 δὲ
1510 5130 1716 5198 τρίτον,
1742 5127 1944 5200 δηλαδὴ

364 5216 423 5267 τὸ
468 5218 864 5285 πνευματικὸν,
912 5219 970 5271 ὲν
1021 5220 1089 5290 τῇ
1124 5217 1500 5288 ’Δποκαλύψει
1556 5218 1792 5289 μάλιστα
1848 5216 1943 5271 τοῦ

365 5308 626 5377 Θεολόγου
654 5309 847 5379 ἀνδρὸς
876 5308 1169 5377 πλεονάζον
1202 5312 1545 5382 εὑρίσκεται,
1577 5312 1819 5382 δαψιλῶς
1847 5312 1946 5382 μὲν

368 5403 462 5453 σὺν
484 5401 563 5471 τῷ
584 5403 973 5475 τροπολογικῷ
1007 5405 1107 5477 ἢδη
1137 5406 1230 5459 καὶ
1258 5404 1337 5475 τῷ
1370 5406 1649 5476 ἱστορικῷ,
1692 5406 1802 5459 κάν
1833 5408 1947 5467 τοῖς

365 5493 543 5557 ἄλλοις
570 5497 881 5566 προφήταις
909 5495 1187 5567 ὁρώμενον
1214 5514 1228 5528 ·
1265 5500 1323 5551 ἐν
1352 5498 1527 5571 τούτῳ
1554 5498 1612 5551 δὲ
1654 5498 1951 5562 πλεονάζον

372 5587 626 5655 μάλιστα,
678 5586 773 5641 ἆτε
840 5593 951 5652 τοῖς
1008 5587 1369 5662 τελειοτέροις
1420 5596 1549 5663 περί
1591 5592 1692 5664 τὴν
1740 5592 1948 5659 γνῶσιν

368 5679 550 5733 θεόθεν
591 5681 883 5735 κελευσθὲν
910 5682 1354 5753 διαγγέλλεσθαι,
1384 5687 1475 5739 Διὸ
1505 5687 1597 5740 καὶ
1629 5688 1812 5758 ἡμεῖς,
1846 5686 1944 5756 ούχ

376 5770 438 5835 ὣς
463 5773 531 5826 τά
558 5774 696 5845 βάθη
734 5775 1125 5845 κατειληφότες
1152 5776 1244 5831 τού
1277 5779 1336 5830 ἐν
1368 5778 1518 5851 αὑτῷ
1542 5778 1931 5852 κεκρυμμένου

434 5949 453 5983 ⁸
481 5952 643 6010 Prov.
678 5969 822 6019 κατι,
856 5958 908 6010 9.
984 5959 1001 5987 ¹
1026 5954 1129 6011 Isa.
1170 5973 1324 6024 χχιιι,
1356 5956 1410 6014 4.

2054 4771 2176 4809 rum
2207 4754 2414 4809 dudum
2464 4762 2592 4808 ante
2630 4753 2936 4823 gestaruan
2961 4749 3358 4821 expositionem
3392 4748 3635 4817 comple-

2052 4849 2217 4904 ctitur
2244 4865 2259 4914 ;
2284 4847 2386 4902 etsi
2410 4848 2515 4901 hoc
2538 4846 2713 4915 ipsum
2736 4859 2956 4914 quoque
2977 4845 3118 4915 typis
3138 4845 3420 4897 veritatem
3441 4842 3636 4897 adum-

2052 4940 2361 5003 brantibus,
2413 4937 2603 4993 multis
2652 4939 2855 5008 passim
2912 4937 3049 4991 locis
3096 4951 3207 4989 non
3281 4934 3637 4989 mediocriter

2052 5043 2369 5089 exornetur.
2397 5032 2708 5088 Secundum
2731 5071 2747 5096 ,
2781 5029 3216 5101 proverbialibus
3262 5026 3633 5097 paraattesibus

2054 5126 2455 5195 sententiisque
2478 5123 2782 5178 moralibus
2813 5124 3080 5192 majorem
3128 5130 3338 5192 portent
3389 5127 3632 5174 constat.

2051 5215 2374 5287 Cujusmodi
2409 5216 2551 5270 inter
2579 5224 2807 5272 cazteras
2836 5225 2967 5270 sunt
2997 5216 3114 5269 ista:
3142 5231 3155 5267 ε
3190 5212 3373 5282 δρὶιιω
3402 5226 3635 5265 nascun-

2055 5319 2141 5362 tur
2172 5308 2223 5362 in
2248 5323 2411 5361 manu
2441 5305 2742 5361 temulenti'
2772 5323 2788 5373 ;
2817 5304 3100 5372 Erubesce,
3117 5304 3305 5366 Sidon,
3325 5304 3400 5357 ait
3427 5318 3569 5355 mare
3591 5302 3634 5366 ³,

2056 5403 2285 5471 aliaque
2331 5401 2481 5457 hisce
2524 5400 2756 5455 similes.
2789 5398 3057 5464 Tertium,
3091 5412 3286 5467 nempe
3341 5396 3631 5466 mysticum

2054 5496 2138 5551 vel
2171 5495 2553 5566 anagngicum,
2576 5492 2629 5547 in
2665 5490 2991 5563 Apocalypsi
3014 5489 3245 5544 Joannis
3275 5487 3537 5559 Theologi
3569 5496 3627 5541 et

2051 5589 2284 5660 apostoli
2333 5588 2573 5642 maxime
2624 5585 2910 5640 exuberat.
2944 5581 3078 5637 Nam
3137 5583 3263 5636 licet
3309 5596 3553 5649 anagoge
3585 5586 3631 5634 et

2050 5684 2278 5754 spiritus
2304 5683 2466 5737 simul
2497 5697 2617 5738 cum
2641 5681 2865 5736 historia
2896 5687 2950 5733 et
2984 5674 3288 5747 tropologia
3314 5674 3367 5729 in
3399 5673 3632 5728 aliorum

2047 5792 2268 5850 quoque
2297 5775 2687 5848 prophetarum
2742 5769 2898 5827 libris
2941 5767 3259 5839 frequenter
3302 5773 3630 5833 occurrunt,
