4040 6594
323 466 424 535 221
485 557 504 569 η
1279 481 1890 547 COMMENTARIUS
1924 486 2008 550 IN
2047 488 2580 554 APOCALYPSIN.
3482 495 3618 583 222;

326 587 442 638 τινὰ
470 586 573 655 μὲν
595 585 779 644 αὐτῶν
798 606 952 663 παρα
976 590 1144 658 πόδας
1164 593 1420 663 γενέσθαι
1439 595 1544 667 τῆς
1573 597 1706 671 περὶ
1724 598 1904 653 αὐτῶν

2014 617 2299 659 servorum
2329 606 2681 674 vocabulum,
2714 604 2917 663 Christi
2943 607 3217 663 divinitati
3248 610 3590 679 pet-amplum

324 681 708 773 προρρήσεως,
767 684 863 737 xui.
894 685 964 739 τὰ
1000 686 1094 738 ὲπὶ
1146 688 1435 761 συντελείᾳ
1461 690 1544 757 δὲ,
1586 692 1663 763 μὴ
1705 692 1903 764 βραδύ-

2014 696 2385 754 lestimonium
2417 701 2681 771 impertit.
2702 701 2822 770 ipse
2843 717 3079 773 namque
3096 713 3181 758 est
3212 702 3300 758 cui
3334 704 3591 759 universa

321 788 431 824 νειν
456 790 470 802 ·
505 772 641 827 διότι
669 774 819 847 χίλια
851 776 945 848 ἔτη
967 778 1121 851 παρὰ
1141 778 1263 852 Θεῷ
1289 779 1366 847 ὡς
1395 783 1429 854 ἡ
1454 782 1641 855 ἡμέρα
1665 785 1702 857 ἠ
1746 784 1903 857 ἐχθὲς

2014 800 2265 847 creatura
2284 792 2476 847 servit.
2502 794 2677 850 Porro
2704 804 2885 850 autem
2917 772 3042 849 cum
3067 794 3256 851 isthaec
3275 795 3387 851 cito
3407 796 3592 851 futura

321 864 442 936 ἥτις
462 867 669 939 διῆλθε,
698 869 1024 939 λελόγισται.

2014 879 2308 952 subiungit,
2340 886 2602 942 nonnulla
2640 902 2708 942 ex
2746 887 2812 943 iis
2839 902 2960 956 qua:
2999 887 3103 944 hoc
3128 887 3270 944 libro
3322 886 3591 959 patefacta

323 971 472 1029 sunt,
502 962 617 1032 jam
638 978 749 1034 pra:
773 962 983 1021 foribus
1033 981 1243 1051 urgere.
1287 966 1551 1039 brevique
1601 968 1739 1026 adeo
1794 981 2047 1027 eventum
2093 976 2358 1033 sortitum
2396 993 2520 1034 esse
2545 978 2881 1036 subindieat.
2913 977 3021 1034 Sed
3086 988 3142 1035 et
3200 994 3264 1035 ea
3301 979 3416 1050 ipsa
3447 995 3593 1051 quo-

322 1071 445 1127 que,
474 1071 599 1125 quae
626 1057 696 1112 ad
735 1058 917 1114 saeculi
951 1050 1366 1117 tandemtlnem
1387 1063 1728 1134 contingent.
1758 1063 1903 1119 haud
1972 1068 2160 1138 procul
2205 1069 2400 1128 abesse
2426 1088 2439 1126 :
2481 1072 2687 1144 quippe
2745 1087 2873 1129 cum
2902 1071 3049 1131 mille
3079 1072 3211 1128 anni
3242 1073 3390 1144 apud
3418 1050 3587 1129 Deum

323 1158 648 1218 reputentur
678 1159 938 1221 tauquam
972 1152 1095 1207 dies
1130 1155 1409 1214 hesterna.
1449 1171 1576 1224 qua
1619 1157 1897 1226 praeteriit.

389 1244 495 1298 Καὶ
521 1244 886 1313 ἐσήμανενό
922 1246 1020 1300 διὰ
1048 1247 1153 1305 τοῦ
1202 1248 1464 1319 ἀγγέλου
1516 1250 1703 1306 αὑτοῦ
1752 1252 1904 1307 ἁπο-

2077 1256 2119 1319 1,
2163 1260 2213 1320 l,
2248 1256 2305 1311 ‘2.
2358 1255 2428 1311 Et
2459 1257 2779 1328 signiﬁcavit
2806 1259 3020 1313 mittens
3040 1275 3134 1328 per
3154 1257 3401 1325 angelum
3435 1273 3591 1313 suum

321 1337 570 1402 στείλας
594 1334 675 1401 τῷ
702 1335 901 1405 δούλῳ
928 1339 1115 1395 αὐτοῦ
1152 1339 1421 1409 Ἰωάννῃ,
1440 1340 1509 1408 ὃς
1535 1341 1907 1412 ἐμαρτύρησε

321 1430 428 1481 τὸν
451 1430 649 1499 Λόγον
675 1429 803 1502 [τοῦ
844 1430 1042 1498 Θεοῦ,]
1071 1433 1171 1487 καὶ
1195 1431 1311 1501 τὴν
1326 1436 1665 1503 μαρτυρίαν
1705 1435 1902 1504 Ἰησοῦ

320 1521 599 1590 Χριστοῦ,
632 1522 750 1576 ὅσα
782 1520 903 1578 εἶδε
927 1526 1026 1579 καὶ
1070 1525 1247 1582 ἅτινα
1271 1527 1391 1581 εισι
1420 1528 1521 1582 καὶ
1557 1526 1598 1583 ἀ
1643 1528 1762 1599 χρὴ
1806 1547 1902 1601 γε·

320 1614 529 1670 νέσθαι
558 1616 709 1687 μετά
735 1617 945 1674 ταῦτα.

400 1707 461 1764 ⁸0
488 1711 725 1782 Χριστός
757 1728 873 1781 μοι,
899 1713 1088 1784 φησιν,
1119 1713 1198 1778 ὠς
1250 1713 1556 1787 Δεσπότης,
1603 1714 1682 1780 ὡς
1713 1714 1903 1788 οἰκείῳ

321 1798 509 1872 δούλῳ,
561 1801 630 1855 δι’
658 1800 895 1871 ἀγγέλου
919 1803 1097 1857 ταῦτα
1136 1805 1436 1877 δεδήλωκε,
1491 1806 1591 1877 τὴν
1622 1808 1703 1871 είς
1735 1805 1902 1861 αὐτὸν

321 1890 613 1963 ὁμολογίαν
644 1897 1055 1968 μαρτυρήσαντι
1086 1912 1101 1928 ⁸
1131 1898 1219 1967 ἐφ’
1253 1892 1298 1965 ᾧ
1327 1897 1415 1952 διὰ
1458 1897 1566 1951 τῶν
1589 1898 1902 1971 ὁραθέντων

2007 1366 2156 1404 servo
2206 1364 2304 1404 suo
2338 1349 2559 1414 Joauui,
2611 1352 2703 1422 qui
2735 1353 3095 1407 testimonium
3127 1352 3395 1422 perhibuit
3436 1351 3591 1406 verba

2008 1441 2129 1509 Dei,
2167 1452 2219 1498 et
2256 1444 2615 1497 testimonium
2643 1442 2774 1499 Jesu
2815 1444 3035 1511 Christi,
3078 1460 3403 1515 quacunque
3430 1444 3587 1509 vidit,

2008 1543 2055 1587 et
2086 1549 2207 1603 qua:
2235 1543 2382 1599 sunt,
2407 1542 2458 1590 et
2477 1550 2595 1605 quur
2626 1545 2743 1604 post
2782 1535 2891 1592 haec
2928 1547 3133 1605 oportet
3160 1537 3299 1606 ﬁeri.

2075 1712 2331 1770 Christus
2360 1712 2646 1780 Dominus,
2681 1714 2879 1785 inquit,
2913 1715 3032 1771 hac
3073 1715 3229 1781 mihi,
3260 1714 3352 1785 qui
3388 1714 3592 1769 diserte

2006 1808 2160 1863 illum
2189 1808 2470 1879 professus
2511 1823 2656 1876 sum,
2690 1818 2954 1880 tanquam
3005 1823 3165 1864 servo
3216 1823 3321 1863 suo
3354 1824 3449 1876 per
3480 1822 3582 1861 an-

2012 1900 2192 1973 gelum
2237 1899 2637 1967 manifestavit;
2690 1916 2801 1972 quo
2829 1910 2884 1957 et
2930 1916 2996 1957 ea
3049 1916 3174 1972 qua:
3220 1910 3372 1966 sunt,
3407 1899 3589 1955 Immi-

322 1983 793 2056 διαμαρτύρασθαι
823 1990 918 2042 καὶ
960 1989 1200 2060 κηρύξαι
1252 1990 1389 2062 πρὸς
1425 1991 1761 2063 ἐπιστροφὴν
1789 1992 1899 2047 τῶν

2014 2007 2247 2063 numque
2297 1992 2549 2050 notitiam
2604 1992 2784 2049 adhuc
2837 1992 3091 2063 fugiunt;
3142 2002 3199 2049 et
3236 2008 3299 2048 ea
3358 2008 3582 2048 rursum

323 2074 651 2140 ἀκουόντων,
675 2078 747 2132 τά
769 2093 824 2132 τε
846 2079 977 2133 ὄντα
1001 2081 1094 2133 καὶ
1120 2079 1236 2147 [τὰ]
1265 2081 1392 2145 τοὺς
1419 2080 1745 2152 ἀνθρώπους
1771 2082 1900 2138 λαν-

324 2168 571 2234 θάνοντα,
602 2171 672 2225 τά
715 2190 776 2226 τε
805 2173 1025 2229 ἔσεσθαι
1065 2173 1334 2245 μέλλοντα
1359 2189 1373 2205 ο
1399 2175 1760 2247 προφητικῶς
1786 2176 1899 2247 γὰρ

325 2261 565 2332 ἑώρακεν
617 2265 910 2337 ἀμφότερα
940 2284 955 2300 ·
997 2267 1095 2321 καὶ
1141 2266 1301 2337 δῆλον
1343 2267 1411 2321 ὲκ
1455 2265 1551 2320 τοῦ
1603 2266 1901 2338 εἰρῆσθαι*

325 2357 519 2409 Ἀτινα
540 2358 686 2421 εισι,
733 2358 834 2413 καὶ
869 2358 907 2413 d
935 2358 1053 2429 χρὴ
1103 2358 1407 2428 γενέσθαι.
1441 2358 1630 2413 Ταῦτα
1692 2359 1751 2414 δέ
1790 2359 1899 2413 εἰσι

326 2450 705 2521 παραστατικὰ
751 2450 845 2506 τοῦ
893 2467 955 2507 τε
988 2451 1289 2518 ἐνεστῶτος
1316 2451 1414 2507 καὶ
1462 2450 1555 2507 τοῦ
1613 2453 1901 2523 μέλλοντος

322 2542 534 2612 χρόνου·

386 2722 694 2792 Μακάριος
746 2726 781 2779 δ
813 2724 1266 2796 ἀναγινώσκων,
1312 2727 1413 2781 και
1460 2728 1513 2781 oi
1570 2726 1899 2795 ἀκούοντες

322 2815 459 2882 τοὺς
508 2818 736 2886 λόγους
760 2818 874 2888 τῆς
905 2822 1295 2889 προφητείας,
1325 2819 1425 2874 καὶ
1460 2818 1784 2888 τηροῦντες
1826 2822 1898 2877 τὰ

321 2907 384 2959 ἐν
412 2906 570 2976 αὐτῇ
593 2909 962 2979 γεγραμμένα
980 2927 995 2942 ο
1026 2913 1061 2966 ό
1090 2910 1200 2981 γὰρ
1220 2909 1426 2979 καιρὸς
1463 2911 1666 2982 ἐγγύς.

382 3000 702 3072 Μακαρίξει
724 3002 855 3065 τοὺς
876 3001 965 3058 διὰ
1000 3002 1113 3056 τῶν
1138 3003 1393 3075 πράξεων
1417 3004 1901 3072 ἀναγινώσκοντας

320 3091 411 3146 καὶ
434 3092 758 3157 ἀκούοντας.
794 3094 995 3164 Ἑγγὺς
1017 3097 1123 3169 γὰρ
1148 3097 1175 3149 6
1198 3096 1392 3167 παρὼν
1424 3098 1641 3169 καιρὸς,
1674 3099 1769 3152 καὶ
1790 3099 1899 3153 πᾶ-

320 3202 401 3238 σιν
432 3187 513 3249 εἰς
551 3186 820 3256 ἐργασίαν
855 3187 1218 3259 προκείμενος
1242 3204 1257 3221 ο
1281 3188 1359 3253 ὥς
1396 3206 1561 3259 φησιν
1590 3192 1618 3245 6
1644 3190 1855 3261 Κύριος
1882 3206 1899 3223 ο

326 3276 673 3349 Ἰξρτάζεσθε
692 3279 803 3345 ἕως
824 3278 1016 3349 ἡμέρα
1046 3279 1182 3335 ἐστί
1202 3298 1218 3314 ο
1251 3282 1348 3336 καὶ
1372 3280 1554 3348 ἔξεστι
1594 3284 1779 3353 τυχεῖν
1802 3282 1900 3338 τοῦ

317 3372 697 3444 μακαρισμοῦ.
737 3374 847 3430 Καὶ
898 3374 1106 3446 ἑτέρως
1159 3374 1242 3440 δὲ,
1299 3374 1569 3444 Ἐττὺςό
1602 3377 1834 3445 καιρὸς,
1871 3380 1902 3431 6

322 3465 410 3535 τῆς
441 3465 555 3520 τῶν
581 3465 833 3519 ἐπάθλων
868 3467 1151 3539 διανομῆς,
1184 3467 1273 3521 διὰ
1323 3468 1425 3538 τὴν
1448 3468 1544 3523 τοῦ
1579 3467 1897 3542 [παρόντος]

320 3555 431 3625 βίου
470 3558 838 3629 σμικρότητα,
870 3559 1159 3629 συγκρίσει
1180 3557 1277 3613 τοῦ
1308 3558 1619 3629 μέλλοντος.

2002 2101 2127 2157 qua:
2143 2086 2274 2141 olim
2305 2084 2489 2143 futura
2507 2093 2658 2153 sunt,
2684 2086 2927 2158 mihique
2949 2102 3046 2158 per
3074 2085 3343 2142 visionem
3364 2095 3590 2142 ostensa

2003 2186 2154 2244 sunt,
2181 2178 2362 2250 palam
2380 2177 2448 2234 ad
2477 2179 2818 2235 audientium
2835 2178 3255 2235 conversionem
3280 2186 3587 2240 contestor.

2001 2270 2328 2342 publiceque
2359 2271 2673 2341 praedicem.
2710 2270 2959 2343 Utraque
2984 2286 3219 2343 namque
3254 2272 3583 2342 prepbetico

2002 2366 2201 2437 spiritu
2242 2365 2425 2423 hausi.
2456 2364 2636 2437 Atque
2691 2366 2780 2423 hic
2828 2382 3029 2423 sensus
3075 2382 3145 2422 ex
3173 2367 3445 2423 orationis
3502 2376 3589 2421 te-

2001 2474 2141 2515 nore
2169 2466 2360 2528 aperte
2397 2458 2713 2529 colligitur;
2747 2459 3193 2531 quandoquidem
3231 2459 3397 2513 verba
3425 2458 3543 2513 ba-c
3568 2472 3591 2515 :

2003 2549 2138 2616 Qua:
2166 2559 2313 2614 sunt,
2345 2559 2395 2605 et
2419 2566 2538 2622 qute
2572 2550 2691 2621 ﬁeri
2716 2559 2943 2619 oportet,
2980 2550 3270 2620 praesentis
3308 2548 3590 2619 futurique

2003 2642 2266 2714 temporis
2296 2644 2576 2698 notionem
2614 2642 2906 2697 manifeste
2936 2657 3047 2712 pm
3073 2658 3139 2699 se
3169 2642 3377 2697 ferunt.

2074 2733 2113 2798 i,
2144 2735 2199 2791 ὅ.
2236 2734 2439 2791 Beatus
2471 2735 2564 2806 qui
2595 2735 2720 2805 legit
2741 2750 2792 2791 et
2821 2735 2977 2790 audit
2999 2734 3159 2789 verba
3177 2733 3469 2803 pmphetiat
3487 2733 3591 2786 hu-

1996 2827 2088 2898 jus
2121 2844 2141 2885 :
2178 2836 2231 2883 et
2261 2839 2437 2884 servat
2466 2844 2530 2885 ea
2560 2844 2680 2900 qua‘
2722 2829 2779 2884 in
2824 2845 2887 2884 ea
2930 2828 3132 2897 scripta
3172 2836 3296 2882 sunt
3326 2841 3344 2881 :
3380 2837 3589 2896 tempus

2004 2918 2147 2972 enim
2184 2934 2345 2988 prope
2368 2928 2471 2974 est.

2074 3007 2271 3065 Beatos
2296 3009 2554 3079 praedicat
2577 3024 2685 3067 non
2718 3010 2949 3081 quosvis
2975 3008 3312 3080 promiscue.
3351 3008 3445 3077 qui
3477 3009 3593 3063 haec

2003 3100 2192 3169 legunt
2219 3101 2305 3155 vel
2332 3101 2602 3169 audiunt;
2627 3101 2722 3159 sed
2765 3100 2861 3172 qui
2894 3101 3163 3157 bonorum
3204 3114 3436 3170 operum
3470 3106 3592 3154 stn-

2005 3190 2097 3245 dio
2130 3190 2349 3256 intenti,
2386 3191 2575 3261 legunt
2607 3190 2692 3245 vel
2740 3189 2997 3244 audiunt.
3046 3186 3320 3245 Caeterum
3350 3197 3593 3258 tempus.

2004 3297 2116 3352 quo
2151 3282 2548 3337 beatitudinem
2596 3284 2740 3335 banc
2780 3294 3103 3351 comparare
3130 3280 3279 3345 licet,
3330 3279 3594 3349 quodque

2005 3374 2265 3432 omnibus
2299 3385 2359 3429 ut
2383 3374 2630 3431 studiose
2655 3381 2977 3443 operentur,
3019 3371 3364 3443 propositum
3386 3380 3490 3437 est,
3526 3371 3584 3426 iu

2004 3468 2315 3538 propinquo
2354 3481 2477 3523 esse
2523 3468 2806 3521 admonet.
2853 3463 3057 3519 Notum
3111 3474 3196 3521 est
3254 3464 3404 3519 enim
3459 3462 3595 3517 illud

2002 3560 2208 3616 Christi
2242 3577 2257 3615 :
2288 3558 2375 3614 Me
2401 3567 2604 3630 oportet
2623 3557 2831 3628 operari
2861 3573 3018 3628 opera
3047 3555 3164 3626 ejus
3183 3556 3274 3626 qui
3299 3556 3441 3611 misit
3487 3570 3590 3621 me,

320 3650 479 3705 donec
513 3652 628 3705 dies
660 3660 781 3705 est:
811 3651 947 3705 venit
1001 3666 1126 3717 uox,
1160 3651 1371 3719 quando
1416 3668 1568 3707 nemo
1622 3662 1792 3722 potest
1840 3654 2048 3723 operari
2070 3654 2115 3708 ⁸.
2138 3651 2262 3708 Alio
2306 3666 2529 3723 quoque
2580 3666 2746 3707 sensu
2796 3659 3035 3721 tempus,
3056 3647 3115 3721 4
3139 3663 3249 3718 quo
3270 3648 3593 3704 meritorum

321 3745 542 3810 praemia
567 3743 990 3810 distribuentur,
1034 3737 1405 3815 propinquum
1450 3756 1535 3803 est
1566 3762 1583 3813 ;
1618 3745 1888 3817 siquidem
1926 3746 2050 3800 vita:
2114 3744 2282 3816 hujus
2335 3745 2600 3815 spatium,
2640 3758 2763 3799 cum
2817 3741 3123 3798 aeternitate
3172 3750 3588 3811 comparatum,

320 3837 705 3893 nrevissimum
729 3847 834 3893 est.

399 3933 688 4000 Ἰωάννης
740 3935 870 4001 ταῖς
898 3934 1049 3989 ἑπτὰ
1111 3933 1499 4001 ἐκκλησιάις
1551 3933 1682 4001 ταῖς
1709 3934 1780 3988 έν
1824 3933 1899 4003 τῖῖ

327 4027 492 4093 Ἀσίᾳ
517 4042 531 4055 ·
565 4026 741 4095 χάρις
760 4026 904 4095 ὑμῖν
929 4026 1025 4080 καὶ
1048 4024 1258 4094 εἰρήνη
1285 4025 1406 4079 ἀπὸ
1433 4024 1587 4097 [τοῦ]
1618 4028 1651 4079 ό
1672 4024 1779 4090 ὢν,
1805 4023 1904 4078 xui

319 4123 350 4173 ὁ
370 4119 474 4187 ἦν,
512 4119 611 4171 καὶ
639 4122 672 4172 ὁ
711 4119 1070 4188 ἐρχόμενος-ο
1105 4121 1203 4172 καὶ
1234 4117 1355 4173 ἀπὸ
1386 4116 1505 4171 τῶν
1529 4116 1684 4171 ἑπτὰ
1722 4134 1905 4172 πνευ-

319 4211 541 4279 μάτων,
571 4209 610 4263 ἃ
654 4209 826 4263 ἐστιν
848 4209 1105 4264 ἐνώπιον
1143 4209 1250 4264 τοῦ
1283 4208 1503 4277 θρόνου
1526 4207 1716 4263 αὐτοῦ
1741 4223 1755 4237 ·
1801 4207 1905 4264 καὶ

318 4302 438 4358 ἀπὸ
495 4301 705 4369 Ἰησοῦ
731 4300 1011 4368 Χριστοῦ.

390 4394 620 4448 ιιολλῶν
647 4393 706 4447 δὲ
753 4393 933 4448 οὐσῶν
980 4393 1090 4447 τῶν
1119 4394 1262 4448 κατὰ
1307 4392 1477 4446 τόπον
1537 4390 1901 4464 Ἐκκλησιῶν,

320 4485 464 4543 ἑπτὰ
500 4486 695 4556 μόναις
746 4484 1065 4539 ἐπέστειλε·
1106 4484 1196 4539 διὰ
1247 4482 1345 4539 τοῦ
1377 4482 1739 4553 ἑϐδοματικοῦ
1778 4483 1904 4552 ἀρι-

320 4578 483 4650 θμοῦ,
504 4555 577 4631 τὸ
632 4578 894 4648 μυστικὸν
928 4576 1039 4631 τῶν
1070 4577 1361 4647 ἁπανταχῆ
1422 4573 1765 4647 Ἐκκλησιῶν
1807 4590 1907 4644 ση-
1931 4555 1986 4616 Ῑ)

324 4670 557 4741 μαίνων,
586 4670 685 4723 καὶ
726 4667 834 4737 [τὸ]
870 4668 951 4739 τῷ
995 4669 1224 4739 παρόντι
1264 4667 1366 4739 βίῳ
1405 4667 1692 4738 σύστοιχον
1718 4680 1734 4697 ⁸
1766 4667 1825 4720 ὲν
1855 4659 1902 4736 ᾧ

322 4760 467 4835 [καὶ]
502 4763 538 4831 ἡ
562 4761 899 4832 ὲὸδοματικὴ
930 4760 1041 4814 τῶν
1087 4760 1320 4832 ἡμερῶν
1359 4760 1609 4831 περίοδος
1660 4761 1895 4829 γίνεται.

319 4855 413 4909 Διὸ
458 4857 559 4908 καὶ
616 4853 759 4907 ἑπτὰ
805 4852 1053 4921 ἀγγέλων
1089 4853 1185 4906 καὶ
1231 4853 1373 4906 ἑπτὰ
1424 4852 1762 4923 Ἐκκλησιῶν
1803 4838 1903 4921 μέ-

324 4963 530 5017 μνηται
559 4941 647 5009 αῖς
673 4957 838 5015 φησι*
874 4942 1055 5012 Χάρις
1079 4943 1224 5012 ὑμῖν
1257 4943 1356 4998 καὶ
1387 4941 1597 5011 εἲρήνη
1630 4942 1749 5002 ἀπὸ
1800 4942 1907 5011 τῆς

320 5037 811 5108 τρισυποστάτου
842 5038 1150 5104 Θεότητος.
1195 5035 1295 5089 Διὰ
1338 5036 1438 5106 μὲν
1464 5036 1571 5108 γὰρ
1592 5034 1708 5100 τοῦ,
1741 5038 1775 5090 ὀ
1799 5034 1903 5101 ὢν,

320 5130 351 5182 6
375 5129 572 5199 Πατὴρ
600 5128 891 5199 δηλοῦταιθ
922 5128 953 5180 6
980 5128 1334 5199 χρηματίσας
1362 5126 1441 5197 τῷ
1479 5127 1710 5197 Μωῢσῇ.
1753 5126 1905 5196 Ἐγώ

320 5225 464 5290 ειμι,
503 5220 751 5293 [λέγων,]
779 5224 812 5275 ό
837 5221 952 5274 ὤν’
984 5220 1071 5274 διὰ
1099 5221 1156 5273 δὲ
1195 5219 1312 5282 τοῦ,
1350 5221 1383 5274 ὁ
1410 5215 1508 5290 ἦν,
1541 5222 1570 5273 6
1620 5220 1814 5286 Λόγος,
1847 5220 1907 5285 ὃς

320 5308 393 5383 ἦν
429 5315 486 5366 ὲν
513 5313 659 5383 ἀρχῇ
681 5312 818 5380 πρὸς
838 5312 929 5364 τὸν
949 5310 1083 5366 Θεόν
1102 5327 1117 5341 ο
1152 5309 1241 5363 διὰ
1261 5309 1320 5363 δὲ
1348 5308 1467 5374 τοῦ,
1494 5312 1527 5364 ὀ
1551 5310 1903 5380 ἐρχόμενος,

322 5408 353 5457 6
391 5406 781 5477 Παράκλητος,
807 5406 836 5458 ὁ
862 5405 950 5460 ἀεὶ
974 5402 1276 5472 ἐπιφοιτῶν
1312 5404 1425 5465 τοῖς
1448 5403 1547 5472 τῆς
1575 5404 1907 5475 Ἐκκλησίας

322 5501 542 5561 τέκνοις
569 5497 657 5552 διὰ
684 5497 779 5551 τοῦ
809 5496 967 5565 ἁγίου
1007 5494 1389 5566 βαπτίσματος
1411 5511 1425 5525 ·
1461 5494 1813 5565 τελεωτὲρως
1844 5495 1903 5550 δὲ

323 5591 420 5644 καὶ
459 5590 809 5661 τρανοτὲρως
862 5590 923 5642 ὲν
978 5587 1057 5658 τῷ
1114 5587 1384 5659 μέλλοντι.
1442 5586 1621 5641 Ἑπτὰ
1648 5587 1705 5641 δὲ
1740 5588 1906 5641 πνεύ-

325 5698 499 5753 ματα,
521 5685 651 5746 τοὺς
681 5683 822 5736 ἑπτὰ
858 5680 1124 5750 ἀγγέλους
1150 5681 1291 5733 νοεῖν
1318 5679 1569 5741 δυνατὸν,
1609 5678 1758 5751 [τοὺς
1794 5681 1905 5734 τῶν

323 5773 673 5848 Ἐκκλησιῶν
705 5775 968 5845 λαχόντας
1011 5775 1112 5846 τὴν
1157 5773 1492 5845 κυὸἑρνησιν
1517 5770 1560 5845 'j
1586 5773 1648 5827 οὐ
1682 5790 1905 5846 συναρι-

398 5941 422 5971 ³
454 5933 617 5989 Joau.
654 5947 730 5992 ix,
757 5931 811 5986 ιι.

1794 6059 1851 6070 μψ-
1874 6064 1909 6070 -_

2069 3933 2112 3999 Ι,
2147 3933 2263 3990 14.
2285 3931 2523 3989 Joannes
2550 3940 2749 3999 septem
2773 3930 3028 3987 Eeclesiis
3046 3945 3166 4001 qua:
3182 3938 3305 3983 sunt
3336 3929 3388 3983 iu
3416 3928 3545 3983 Asia
3569 3946 3593 3986 :

1999 4027 2180 4098 gratia
2218 4026 2364 4081 vobis
2402 4036 2451 4080 et
2478 4040 2587 4094 pax
2606 4023 2671 4078 ab
2700 4040 2763 4079 eo
2786 4027 2876 4095 qui
2909 4034 3009 4087 est,
3032 4034 3081 4078 et
3113 4024 3205 4093 qui
3234 4031 3372 4082 erat.
3415 4031 3465 4077 et
3499 4023 3593 4094 qui

2000 4128 2253 4174 venturus
2274 4127 2352 4173 est
2377 4158 2392 4181 ,
2424 4128 2477 4173 et
2505 4136 2538 4173 α
2568 4126 2764 4188 septem
2796 4116 3099 4185 spiritibus,
3117 4116 3208 4185 qui
3229 4116 3282 4168 iu
3312 4123 3592 4183 conspectu

2003 4214 2179 4268 throni
2203 4212 2320 4283 ejus
2362 4218 2509 4269 sunt.

2079 4394 2217 4450 Cum
2251 4391 2439 4447 multa:
2466 4390 2673 4462 passim
2704 4404 2801 4461 per
2843 4387 3031 4444 orbem
3062 4394 3276 4443 exstent
3314 4385 3596 4451 Ecclesiae,

2007 4487 2076 4544 ad
2111 4494 2321 4556 septem
2373 4484 2645 4539 duntaxat
2672 4481 2869 4538 scribit
2916 4499 2930 4536 :
2976 4496 3165 4537 verum
3199 4495 3431 4534 numero
3490 4481 3597 4534 hoe

2013 4580 2347 4651 septenario,
2376 4578 2471 4649 qui
2502 4575 2789 4647 praesentis
2832 4575 2958 4629 vita:
2990 4573 3249 4629 decursui
3296 4583 3593 4628 consenta-

2014 4690 2151 4730 neus
2173 4680 2258 4728 est
2281 4670 2475 4745 (totius
2489 4666 3096 4739 uamquebehdomadae
3115 4666 3375 4737 periodus
3387 4676 3593 4734 septem

2009 4768 2227 4822 dierum
2276 4762 2559 4819 curriculo
2591 4760 2918 4831 absolvitur)
2949 4759 3195 4814 omnium
3231 4757 3413 4812 ubivis
3445 4758 3603 4811 loco‘

2011 4873 2131 4912 rum
2149 4854 2531 4911 exsistentium
2548 4851 2913 4907 Ecclesiarum
2934 4848 3257 4921 mysterium
3274 4848 3602 4917 complexus

2008 4959 2111 5003 cst.
2151 4947 2221 5001 Ea
2252 4947 2420 5017 igitur
2448 4949 2513 4999 de
2538 4959 2760 5011 caussa,
2792 4954 2853 4999 ut
2887 4953 3097 5012 septem
3132 4942 3476 5012 angelorum,
3511 4940 3591 4993 ita

2009 5049 2214 5109 Septem
2250 5053 2473 5108 quoque
2501 5034 2883 5093 Ecclesiarum
2940 5035 3274 5090 mentionem
3331 5032 3483 5087 facit.
3513 5032 3599 5086 Ad

2008 5149 2149 5204 quas
2178 5131 2404 5203 proinde
2444 5131 2590 5184 hunc
2613 5130 2668 5184 in
2705 5129 2927 5184 modum
2961 5128 3153 5184 scribit
3184 5146 3201 5182 :
3233 5125 3422 5181 Gratia
3449 5124 3595 5180 vobis

2006 5234 2056 5279 et
2082 5239 2187 5294 pax
2206 5241 2239 5279 a
2274 5224 2567 5279 Divinitate
2586 5238 2703 5292 quae
2729 5223 2783 5274 in
2823 5222 2992 5275 tribus
3028 5219 3400 5290 hypostasibus
3421 5216 3595 5270 subsi-

2010 5316 2123 5370 stit.
2160 5314 2225 5369 Et
2256 5312 2483 5383 quidem
2513 5328 2608 5382 per
2635 5326 2761 5365 eum
2792 5311 2884 5380 qui
2911 5319 3014 5373 est.
3065 5308 3226 5363 Pater
3273 5306 3596 5373 designatus

2012 5404 2185 5461 videri
2241 5412 2441 5475 potest.
2485 5402 2657 5474 Moysi
2702 5403 2851 5457 enim
2898 5400 3189 5470 respondet
3248 5397 3390 5452 Deus
3436 5392 3600 5463 :Ego

2010 5517 2124 5555 sum
2151 5500 2241 5571 qui
2268 5514 2409 5556 sum.
2438 5497 2543 5553 Per
2571 5511 2695 5551 eum
2730 5511 2863 5551 vero
2888 5496 2979 5565 qui
3000 5504 3139 5553 erat.
3171 5491 3429 5546 Verbum.
3457 5486 3593 5542 Ver-

2011 5593 2139 5648 bum
2166 5606 2405 5663 namque
2426 5591 2479 5646 in
2504 5588 2773 5660 principio
2801 5586 3084 5655 erarapud
3112 5584 3305 5638 Deum.
3338 5582 3441 5635 Per
3463 5594 3591 5635 eum

2010 5681 2246 5751 denique
2274 5681 2363 5751 qui
2397 5680 2533 5735 venit
2578 5687 2629 5731 et
2672 5688 2921 5733 venturus
2953 5684 3056 5737 est,
3078 5671 3319 5742 Spiritus
3347 5668 3594 5741 paracle-

2012 5784 2135 5841 tus;
2192 5773 2283 5829 hic
2337 5772 2485 5829 enim
2514 5787 2611 5844 per
2628 5778 2878 5827 sanctum
2909 5765 3178 5836 baptisma
3230 5764 3297 5821 ad
3338 5760 3602 5831 Ecclesiae
