4034 6628
363 503 473 565 223

1540 508 1869 568 ANDREE
1908 505 2426 568 C/ESARIENSIS

3535 503 3641 566 921

304 650 320 686 ,ρ
362 620 504 673 lit'os
537 629 682 687 saepe
707 618 819 688 jam
846 618 978 673 olim
1014 627 1183 687 venit,
1209 635 1387 691 neque
1416 635 1656 690 unquam
1681 635 1857 691 usque
1886 620 1944 674 ad

2062 620 2403 690 θμουμένους
2447 622 2512 691 τῇ
2564 618 2979 692 θεαρχικωτάτῃ
3011 618 3101 672 καὶ
3158 617 3389 689 βασιλίδι
3427 617 3639 686 Τριάδι,

360 707 546 762 saeculi
574 710 1105 765 consummationem
1151 711 1336 766 venire
1375 711 1611 767 desinet.
1647 711 1867 765 Interim
1896 711 1948 764 in

362 805 535 856 altero
566 802 659 855 illo
678 817 817 867 aevo,
844 802 1039 872 majori
1060 804 1214 873 copia
1239 812 1293 858 et
1315 804 1564 858 ubertate
1589 804 1641 857 in
1667 817 1800 857 suos
1830 818 1952 857 sese

359 892 619 947 effundet.
662 893 766 948 Per
806 904 1013 965 septem
1048 910 1215 965 porro
1261 896 1509 964 spiritus,
1546 904 1752 964 septem
1780 909 1952 964 ange-

360 982 463 1049 los,
496 985 699 1053 quibus
730 984 1105 1042 Ecclesiarum
1129 1003 1260 1043 cura
1288 997 1341 1043 et
1374 987 1701 1057 gubernatio
1724 988 1952 1041 deman-

366 1075 492 1130 data
519 1086 623 1141 est,
661 1080 911 1148 accipere
963 1079 1111 1134 licet.
1156 1078 1220 1133 Hi
1253 1078 1422 1143 enim,
1451 1088 1712 1148 tanquam
1755 1077 1946 1146 dispa-

360 1169 437 1225 ris
473 1172 757 1241 potestatis
790 1189 916 1227 cum
944 1189 1203 1244 supremo
1239 1173 1332 1227 illo
1364 1173 1611 1238 numine,
1660 1174 1942 1227 omnium-

359 1276 465 1330 que
542 1264 729 1332 regina
798 1262 1037 1329 Triade,
1103 1278 1210 1317 non
1283 1270 1790 1327 connumerantur;
1855 1263 1949 1317 sed

359 1360 621 1420 tanquam
680 1354 926 1421 primarii
984 1355 1131 1407 illius
1192 1355 1334 1409 servi
1368 1363 1423 1410 et
1449 1354 1788 1420 administri,
1843 1371 1951 1410 una

357 1457 483 1496 eum
520 1446 635 1513 ipsa
667 1445 938 1499 interdum
978 1447 1358 1502 nominantur.
1409 1446 1583 1518 Cujus
1619 1448 1695 1502 rei
1741 1448 1952 1504 illustre

356 1536 667 1606 exemplum
721 1538 1107 1595 subministrat
1164 1541 1325 1596 nobis
1360 1541 1519 1598 divus
1575 1541 1798 1597 Paulus.
1860 1542 1952 1596 Ait

356 1626 499 1679 cnim
532 1643 546 1680 :
588 1626 772 1683 Testor
804 1648 987 1688 coram
1029 1633 1160 1699 Deo,
1191 1644 1241 1688 et
1282 1635 1495 1690 Christo
1532 1633 1699 1701 Iesu,
1745 1644 1793 1689 et
1846 1635 1950 1689 ele-

356 1720 454 1772 clis
487 1722 689 1792 angelis
725 1725 772 1779 δ.
800 1724 906 1781 Sed
942 1728 1179 1784 fortasse
1223 1738 1455 1800 possunt
1483 1731 1601 1784 haec
1632 1729 1741 1783 alio
1777 1730 1944 1783 etiam

360 1808 520 1861 modo
572 1822 627 1865 et
667 1827 832 1868 sensu
869 1831 978 1870 non
1030 1817 1259 1873 omnino
1311 1819 1655 1875 incommode
1697 1820 1896 1889 exponi
1930 1838 1944 1885 ;

361 1913 557 1969 ticrnpe
584 1914 646 1958 ut
674 1919 774 1975 per
804 1922 927 1962 eum
959 1911 1050 1977 qui
1080 1919 1177 1973 est,
1209 1920 1260 1965 et
1294 1912 1385 1980 qui
1422 1920 1560 1975 erat,
1615 1924 1664 1965 et
1697 1912 1788 1981 qui
1823 1928 1945 1966 ren-

358 1999 509 2044 turus
542 2001 640 2056 est,
669 1996 846 2051 solum
872 1997 1086 2053 Patrem
1120 2000 1490 2068 signiﬁcatum
1526 2001 1897 2071 intelligamus
1936 2020 1949 2055 :

2056 710 2171 761 ἀλλ’
2208 709 2283 773 ὡς
2318 708 2538 773 δούλους
2566 709 2705 780 αὐτῇ
2735 710 3367 779 συμμνημονευομένους
3395 723 3408 735 ’
3442 708 3516 767 ὡς
3548 709 3641 759 καὶ

2054 803 2081 853 ὁ
2114 801 2257 865 θεῖος
2296 798 2452 854 εἶπεν
2506 802 2834 863 Ἀπόστολος
2859 817 2873 833 ⁸
2905 801 3382 870 Διαμαρτύρομαί
3417 814 3519 853 σοι
3547 798 3645 850 ἐν-

2052 895 2243 948 ώπιον
2288 893 2441 967 [τοῦ]
2497 894 2645 949 Θεοῦ
2687 894 2785 947 καὶ
2824 894 2943 948 τῶν
2990 894 3296 948 ἐκλεκτῶν
3343 893 3639 962 ἀγγέλων.

2057 989 2215 1050 Ἴσως
2241 987 2299 1040 δὲ
2334 988 2430 1040 καὶ
2459 987 2665 1057 ἑτέρως
2688 987 2849 1041 τοῦτο
2873 988 3201 1057 νοηθήσεται
3223 1002 3237 1017 ο
3266 987 3355 1040 διὰ
3385 987 3485 1055 μὲν
3518 986 3642 1045 τοῦ,

2054 1081 2085 1131 ὀ
2132 1078 2237 1143 ὢν,
2271 1079 2386 1145 καὶ,
2446 1081 2480 1133 ό
2516 1076 2616 1149 ἦν,
2651 1079 2790 1143 ικαὶ,
2827 1082 2861 1132 ό
2908 1080 3256 1148 ἐρχόμενος,
3292 1078 3385 1131 τοῦ
3423 1078 3643 1145 Harpe;

2055 1171 2482 1242 σημαινομένου,
2549 1171 2645 1225 τοῦ
2699 1171 3050 1243 περιέχοντος
3099 1173 3157 1223 ὲν
3209 1170 3390 1239 ἑαυτῷ
3424 1170 3644 1222 πάντων

2053 1264 2162 1315 τῶν
2191 1262 2369 1317 ὄντων
2394 1264 2496 1335 τήν
2530 1280 2588 1316 τε
2621 1264 2819 1334 ἀρχὴν,
2855 1263 2927 1317 τά
2953 1280 3011 1316 τε
3045 1263 3210 1333 μέσα,
3242 1264 3337 1316 καὶ
3358 1263 3428 1315 τὰ
3456 1262 3642 1314 τελευ-

2051 1361 2177 1411 ταῖα
2206 1376 2219 1390 ⁸
2261 1359 2348 1411 διὰ
2374 1358 2431 1412 δὲ
2465 1359 2583 1411 τῶν
2609 1359 2759 1412 ἑπτὰ
2782 1358 3159 1426 πνευμάτων,
3210 1356 3317 1410 τῶν
3349 1356 3643 1426 ἐνεργειῶν

2051 1451 2146 1505 τοῦ
2208 1450 2476 1515 ζωοποιοῦ
2528 1451 2887 1518 Πνεῦματος·
2929 1451 3016 1504 διὰ
3069 1451 3125 1504 δὲ
3178 1450 3272 1503 τοῦ
3344 1449 3639 1517 ἑπομένου,

2052 1543 2292 1614 Χριστοῦ
2319 1542 2416 1597 τοῦ
2457 1544 2614 1609 Θεοῦ,
2647 1543 2741 1597 τοῦ
2767 1544 2837 1597 δι’
2867 1546 3017 1614 ἡμᾶς
3054 1540 3351 1613 ἀνθρώπου
3413 1540 3645 1609 γενομέ-

2053 1655 2143 1689 νου
2167 1652 2180 1664 ·
2218 1635 2493 1706 πολλαχοῦ
2536 1637 2647 1706 γὰρ
2683 1636 2995 1706 ἀδιαψόρως
3048 1636 3255 1703 ἑκάστη
3318 1633 3474 1702 θεῖκὴ
3510 1632 3644 1684 ὑπό-

2054 1746 2241 1792 στασις
2262 1727 2341 1799 τῷ
2376 1727 2689 1798 ’Λποστόλῳ
2718 1728 3084 1799 προτάττεται
3124 1728 3217 1780 καὶ⁵
3257 1726 3637 1779 ὑποταττεται.

2052 1821 2142 1873 Διὸ
2172 1819 2454 1874 κάνταῦθά
2480 1838 2614 1891 φησι
2640 1836 2655 1851 ο
2690 1820 2795 1875 Kal
2824 1820 2945 1873 ἀπὸ
2983 1819 3193 1888 ἰησοῦ
3232 1817 3515 1887 Χριστοῦ,
3546 1820 3643 1869 καὶ

2051 1912 2119 1965 τὰ
2152 1910 2300 1980 ἑξῆς.

2004 2002 2277 2072 siquidem
2312 2004 2358 2058 is
2405 2017 2548 2057 unus
2603 2003 2850 2058 omnium
2915 2018 3036 2075 qua:
3081 2018 3314 2075 usquam
3368 2005 3420 2058 in
3453 2018 3639 2057 rerum

358 2091 555 2137 natura
584 2094 827 2155 exstant,
862 2090 1152 2159 principia,
1184 2101 1238 2145 et
1262 2093 1463 2159 media,
1486 2103 1540 2148 et
1572 2092 1708 2150 lines
1745 2094 1798 2147 in
1858 2108 1980 2147 sese
2031 2094 2438 2164 complectitur.
2500 2092 2604 2147 Per
2642 2104 2838 2163 septem
2882 2102 3065 2149 autem
3116 2095 3356 2163 spiritus,
3420 2103 3627 2165 septem

358 2174 562 2230 viviﬁci
623 2178 853 2246 spiritus
889 2180 1251 2247 charismata,
1302 2186 1385 2239 vel
1439 2186 1661 2241 totidem
1701 2186 1947 2255 ejusdem
1981 2201 2172 2255 opera.
2206 2185 2306 2240 Per
2338 2201 2462 2240 enm
2530 2195 2711 2241 autem
2767 2186 2861 2257 qui
2904 2203 3030 2241 mox
3063 2187 3439 2257 subjungitnr,
3476 2189 3640 2242 Chri-

355 2282 499 2325 stum
544 2270 711 2327 Deum
740 2283 795 2329 et
823 2274 1115 2332 Dominum
1145 2289 1417 2346 nostrum,
1441 2283 1534 2353 qui
1565 2284 1738 2338 nostri
1768 2297 1936 2338 causa
1972 2281 2149 2337 factus
2188 2294 2274 2339 est
2335 2281 2521 2340 homo.
2580 2283 2834 2338 Pluribus
2880 2299 3115 2355 namque
3145 2284 3283 2340 locis
3307 2285 3505 2340 divinre
3537 2288 3640 2358 hy-

354 2369 602 2428 postases
647 2364 790 2433 apud
826 2365 1147 2436 Apostolum
1204 2370 1342 2425 citra
1398 2384 1609 2429 certum
1662 2374 1900 2444 aliquem
1963 2374 2230 2428 delectum
2280 2383 2333 2429 et
2380 2384 2795 2444 praeponuntur,
2852 2382 2935 2430 et‘
2967 2383 3392 2446 postponuntur.
3449 2377 3638 2443 Quare

358 2452 464 2508 hoc
521 2471 742 2525 quoque
785 2457 907 2512 loco
955 2461 1232 2529 praedictis
1284 2478 1411 2520 mox
1466 2467 1760 2531 subditur,
1812 2465 1881 2519 Et
1920 2465 2097 2520 alesu
2125 2465 2361 2529 Christo,
2395 2477 2449 2521 et
2479 2483 2601 2537 quae
2631 2476 2957 2536 sequuntur.

432 2545 472 2613 Ι,
504 2547 558 2601 5.
580 2547 685 2613 Qui
708 2560 786 2605 est
810 2554 955 2607 testis
975 2554 1171 2622 ﬁdelis,
1195 2558 1575 2630 primogenitus
1596 2571 1946 2626 mortuorum,
1979 2563 2025 2622 Β

354 2648 401 2691 et
434 2640 677 2711 princeps
705 2660 887 2714 regum
913 2656 1087 2701 terrm.

418 2728 552 2798 ipse
588 2733 733 2788 enim
768 2744 854 2791 est
877 2739 971 2807 qui
1009 2739 1167 2796 ﬁdele
1198 2743 1569 2799 testimonium
1615 2748 1718 2801 sub
1748 2747 1945 2801 Pontio

354 2817 531 2876 l‘ilato
576 2822 719 2888 tulit,
772 2826 980 2897 quique
1028 2828 1082 2884 in
1117 2833 1379 2890 omnibus
1427 2836 1590 2891 dictis
1619 2838 1736 2893 suis
1782 2854 1944 2893 verax

353 2911 570 2967 rrsistit
604 2931 618 2969 :
654 2914 1053 2986 primogenitus
1081 2921 1270 2978 itidem
1310 2940 1377 2981 ex
1413 2928 1665 2994 mortuis,
1717 2938 1773 2984 et
1813 2930 1941 2995 vita,

352 3014 407 3055 et
459 3009 817 3066 resurrectio.
857 3012 1071 3079 Quibus
1133 3017 1279 3072 enim
1329 3018 1420 3075 ille
1478 3019 1815 3085 dominatur,
1865 3024 1942 3077 illi

353 3105 610 3164 mortem,
653 3110 713 3155 ut
739 3104 993 3161 solebant
1039 3110 1133 3178 qui
1164 3110 1295 3164 olim
1344 3126 1376 3167 e
1410 3112 1551 3168 vivis
1580 3115 1941 3179 excedebant,

356 3188 594 3257 amplius
631 3207 740 3247 non
775 3199 1107 3265 gustabunt;
1131 3201 1224 3255 sed
1250 3202 1303 3256 in
1334 3218 1552 3259 omnem
1584 3206 1943 3261 aeternitatem

357 3279 499 3335 beati
557 3283 758 3340 victuri
792 3300 942 3344 sunt.
981 3289 1224 3347 Vocatur
1273 3304 1454 3349 autem
1487 3297 1590 3351 hoc
1633 3299 1753 3353 loco
1786 3297 1945 3352 Prin-

350 3387 470 3440 ceps
516 3390 697 3446 regunt
746 3388 921 3445 teme,
967 3392 1027 3437 ut
1055 3384 1183 3440 alibi
1212 3385 1325 3440 Rea:
1362 3404 1565 3460 regunt,
1592 3399 1647 3444 et
1684 3392 1944 3447 Dominus

357 3467 750 3523 dominantium
778 3488 796 3525 :
830 3482 1020 3542 utpote
1042 3476 1233 3532 eadem
1267 3480 1495 3535 omnino
1527 3496 1653 3536 cum
1676 3484 1831 3539 Patre
1851 3501 1946 3554 po-

357 3559 530 3614 tentia
592 3570 645 3615 et
694 3565 935 3619 essentia
994 3568 1275 3637 praeditus.
1332 3572 1456 3627 Alia
1519 3574 1685 3628 etiam
1733 3576 1943 3631 ratione

354 3648 611 3721 Princeps
643 3670 825 3725 regum
872 3668 1026 3713 teme
1059 3663 1385 3732 appellatur,
1445 3666 1573 3735 quia
1608 3668 1939 3737 peculiarem

352 3746 409 3801 in
445 3747 568 3802 illos
593 3749 937 3810 dominatum
967 3758 1180 3813 obtinet
1214 3759 1305 3829 qui
1348 3762 1586 3817 terrenis
1625 3764 1938 3833 cupiditati-

352 3839 456 3894 bus
480 3841 751 3909 imperare
774 3846 1105 3903 didicernnt.
1130 3848 1285 3916 Quod
1319 3852 1364 3907 si
1400 3850 1701 3924 Gregorius
1734 3869 1938 3924 cegno-

356 3942 541 3988 mento
570 3933 885 4008 Theologns
924 3942 1251 3997 sententiam
1311 3942 1361 4014 5
1418 3914 1592 4013 illam,
1626 3945 1731 4013 Qui
1753 3914 1853 4011 εεῖ,
1888 3961 1936 4002 ει
1970 3914 2010 3969 C

352 4025 442 4093 qui
477 4038 617 4094 erat,
646 4038 697 4082 et
725 4032 816 4100 qui
874 4043 1121 4087 venturus
1156 4045 1235 4089 est
1272 4038 1624 4105 omnipotens,
1674 4040 1728 4093 in
1760 4041 1936 4095 solum

352 4117 635 4175 Christum
696 4132 841 4179 recte
872 4128 1173 4190 transtulit,
1235 4130 1374 4184 nihil
1428 4140 1577 4186 vetat
1640 4133 1939 4203 quominus

353 4210 580 4265 alteram
622 4211 771 4269 illam
811 4232 934 4287 quae
981 4233 1108 4272 mox
1146 4222 1525 4293 consequitur,
1559 4224 1628 4279 ad
1680 4227 1934 4281 eunnlem

351 4318 571 4373 quoque
592 4307 1015 4365 transferamus.
1036 4310 1131 4367 Est
1158 4315 1304 4368 enim
1335 4315 1460 4370 huic
1488 4318 1645 4386 plane
1678 4328 1936 4389 cognata,

350 4407 405 4447 et
444 4411 643 4451 nomen
669 4395 1013 4469 Omnipotens
1043 4419 1199 4475 mque
1227 4406 1547 4476 adjunctum
1577 4409 1742 4465 habet
1772 4422 1940 4479 atque

353 4487 468 4542 haec
494 4504 758 4559 praesens,
793 4509 969 4566 neque
1000 4497 1107 4552 ulla
1136 4514 1365 4569 prorsus
1413 4517 1651 4571 persona
1686 4503 1810 4557 istic
1844 4505 1941 4557 ad-

347 4577 598 4647 jnngitur
642 4593 738 4638 aut
776 4602 842 4641 ex
887 4589 1268 4658 superioribus
1330 4594 1617 4663 repetitur,
1655 4595 1722 4647 ad
1772 4611 1935 4664 quam

352 4678 632 4734 transferri
673 4684 868 4751 possit.
921 4683 1034 4743 Hoc
1087 4697 1268 4743 autem
1316 4688 1460 4753 loco,
1493 4704 1617 4743 cum
1683 4690 1935 4759 proxime

353 4769 783 4837 przecedentibus
811 4777 993 4830 statim
1044 4779 1368 4833 adnectatur
1412 4778 1543 4833 illud
1576 4796 1589 4832 :
1629 4777 1695 4831 Et
1748 4798 1779 4833 a
1805 4778 1937 4833 Jestt

352 4861 561 4917 Christo
588 4903 605 4931 ,
634 4865 779 4922 clare
836 4868 1167 4936 insinuatur,
1199 4885 1448 4939 sensum,
1479 4886 1643 4941 quem
1674 4886 1777 4927 nos
1812 4873 1933 4927 red-

350 4952 403 5007 di
428 4954 608 5023 limus,
641 4964 991 5017 commodum
1048 4963 1357 5032 rationique
1407 4970 1462 5017 et
1511 4965 1791 5018 contextni
1825 4979 1931 5031 0p-

352 5045 482 5115 pido
520 5059 950 5108 consentaneum
989 5070 1132 5110 esse.
1187 5053 1322 5108 Nam
1379 5056 1422 5107 si
1475 5056 1746 5109 sententia
1786 5056 1875 5110 illa
1920 5075 1933 5111 :

350 5135 460 5203 Qui
482 5148 581 5205 est,
607 5147 658 5194 et
698 5143 792 5211 qui
832 5153 968 5209 erat,
999 5153 1048 5196 et
1072 5145 1163 5213 qui
1192 5155 1438 5197 venturus
1465 5153 1566 5209 est,
1594 5145 1661 5199 de
1685 5145 1803 5200 solo
1843 5146 1935 5200 Dei

2139 2560 2199 2613 '0
2230 2559 2459 2629 μάρτυς
2498 2564 2531 2615 ὁ
2570 2560 2807 2627 πιστὸς,
2862 2565 2895 2615 ό
2947 2563 3325 2630 πρωτότοκος
3365 2561 3482 2634 [ἑκ]
3516 2562 3643 2617 τῶν

2048 2652 2294 2722 νεκρῶν,
2336 2653 2436 2707 καὶ
2476 2656 2509 2706 ό
2533 2652 2735 2722 ἅρχων
2766 2652 2884 2706 τῶν
2911 2652 3226 2717 ,ϐασιλέων
3242 2650 3349 2719 τῆς
3375 2651 3510 2721 γῆς.

2116 2744 2287 2807 Αὐτὸς
2321 2744 2429 2814 γάρ
2463 2745 2611 2796 ἐστιν
2654 2746 2682 2797 ὁ
2718 2745 3080 2816 μαρτυρήσας
3132 2744 3219 2796 imi
3275 2744 3499 2796 Ποντίου
3544 2746 3643 2796 Πι-

2048 2836 2212 2889 λάτου
2239 2853 2254 2868 ⁸
2280 2839 2307 2889 ὁ
2350 2834 2493 2908 [καὶ]
2529 2835 2724 2898 πιστὸς
2756 2838 2814 2888 ὲν
2843 2837 2977 2889 πᾶσι
3027 2838 3138 2897 τοῖς
3168 2834 3347 2903 λόγοις
3375 2834 3541 2888 αὑτοῦ
3570 2853 3582 2865 ·
3612 2838 3642 2888 ὁ

2047 2929 2111 2980 ὲκ
2140 2928 2351 2998 νεκρῶν
2384 2928 2754 2999 πρωτότοκος,
2780 2927 2856 2991 ὡς
2888 2927 3001 2996 ζωὴ
3037 2928 3132 2980 καὶ
3163 2928 3467 2990 ἀνάστασις
3497 2943 3509 2955 ·
3550 2921 3628 2981 ὧν

2048 3022 2156 3092 γὰρ
2177 3022 2340 3085 αὐτὸς
2367 3022 2654 3092 κατάρχει,
2682 3021 2890 3085 οὐκέτι,
2919 3020 3105 3083 καθὼς
3152 3020 3202 3073 οἱ
3236 3021 3505 3091 πρότερον
3539 3021 3639 3073 θαι

2047 3116 2229 3179 νόντες
2253 3115 2351 3169 καὶ
2373 3115 2730 3177 ἀναστάντες,
2750 3113 2971 3183 ὄψονται
2992 3113 3243 3177 θάνατον,
3265 3113 3383 3165 ἀλλ’
3404 3114 3639 3176 αἰωνίως

2046 3204 2326 3274 ζήσονται.
2356 3206 2576 3276 ’Ἄρχων
2602 3204 2658 3257 δὲ
2686 3205 2795 3257 τῶν
2824 3203 3115 3274 βασιλέων,
3139 3203 3213 3267 ὡς
3236 3204 3500 3269 Βασιλεὺς
3530 3204 3641 3257 τῶν

2047 3294 2470 3365 βασιλευόντων,
2523 3294 2618 3348 καὶ
2652 3294 2857 3365 Κύριος
2906 3294 3016 3347 τῶν
3075 3295 3487 3367 κυριευόντων,
3542 3296 3640 3349 καὶ

2050 3386 2340 3455 ίσοσθενὴς
2366 3386 2446 3457 τῷ
2473 3386 2649 3458 Harp!
2682 3386 2778 3440 καὶ
2818 3386 3128 3456 όμοούσιος.
3159 3388 3267 3441 Καὶ
3320 3389 3524 3460 ἑτέρως
3556 3389 3635 3447 δὲ,

2045 3482 2231 3551 ἄρχων
2261 3480 2369 3534 τῶν
2412 3480 2684 3551 βασιλέων
2734 3478 2836 3549 τῆς
2869 3478 2993 3549 γῆς,
3027 3479 3138 3532 τῶν
3178 3482 3388 3549 γηΐνων
3439 3481 3636 3534 ἐπιθυ-

2049 3573 2213 3643 μιῶν,
2241 3572 2482 3641 λέγεται.
2513 3573 2575 3625 Εἰ
2606 3572 2662 3625 δὲ
2696 3571 2773 3641 τῷ
2813 3571 3073 3643 μακαρίῳ
3111 3573 3398 3643 Γρηγορίῳ
3426 3575 3457 3643 ἡ
3494 3574 3635 3643 χρῆ-

2045 3682 2131 3727 σις
2168 3665 2310 3735 αὕτη
2330 3664 2448 3731 τοῦ,
2493 3666 2526 3719 ό
2556 3663 2661 3729 ὢν,
2694 3664 2808 3728 καὶ,
2843 3667 2875 3718 ό
2908 3660 3005 3735 ἦν,
3046 3667 3162 3729 καὶ,
3198 3668 3231 3719 ό
3286 3665 3636 3734 ἐρχόμενος,

2045 3759 2078 3810 ό
2111 3756 2560 3825 παντοκράτωρ,
2592 3756 2671 3819 εἰς
2699 3756 2791 3809 τὸν
2836 3757 3076 3826 Χριστὸν
3110 3757 3453 3828 ὲξείληπται,
3482 3757 3639 3810 οὐδὲν

2045 3851 2273 3915 ἀπεικὸς
2307 3850 2377 3903 τὰ
2413 3851 2533 3919 μετ’
2569 3850 2747 3918 ὀλίγον
2777 3851 3129 3921 ῥηθησόμενα
3160 3850 3377 3914 τούτοις
3405 3850 3627 3921 ἐμφερῆ

2045 3942 2225 4011 λόγια,
2282 3943 2364 4004 εἰς
2414 3941 2575 3994 αὐτὸν
2615 3940 2986 4011 ἀναφέρεσθαι
3014 3938 3156 4004 "oi;
3202 3941 3317 4003 καὶ,
3343 3943 3375 3995 ὀ
3414 3954 3637 3993 παντο-

2045 4036 2295 4105 κράτωρ,
2329 4033 2696 4106 πρόσκειται·
2731 4036 2823 4086 καὶ
2872 4032 3061 4103 ἑτέρου
3102 4031 3400 4101 προσώπου
3446 4033 3635 4084 ἐπεισ-

2044 4126 2238 4196 αγωγὴ
2298 4125 2328 4196 ἢ
2393 4124 2737 4194 ἐπανάληψις
2784 4124 2843 4176 οὐ
2884 4122 3365 4193 προστεθήσεται·
3397 4122 3635 4176 ἐνταῦθα

2043 4219 2151 4289 γὰρ
2176 4221 2209 4291 ὴ
2236 4218 2505 4289 ἐπαγωγὴ
2531 4218 2650 4279 τοῦ,
2687 4216 2797 4271 Καὶ
2835 4214 2955 4269 ἀπὸ
2993 4215 3192 4283 Ἰησοῦ
3223 4215 3506 4284 Χριστοῦ,
3543 4216 3633 4268 τὸν

2043 4311 2337 4365 ἐκτεθέντα
2367 4310 2501 4382 παρ’
2536 4308 2693 4380 ἡμῶν
2752 4307 2878 4361 νοῦν
2939 4306 3195 4377 βεϐαιοῦν
3240 4308 3511 4377 φαίνεται.
3542 4307 3636 4378 Τῷ

2041 4406 2153 4475 γὰρ
2191 4405 2319 4475 περὶ
2355 4402 2520 4474 μόνου
2549 4400 2644 4454 τοῦ
2673 4400 2811 4453 Θεοῦ
2845 4400 3022 4467 Λόγου
3052 4399 3450 4469 διαλεγομένῳ,
3484 4396 3627 4470 [καὶ]

2044 4497 2143 4567 τῆς
2163 4496 2360 4564 Υίῖκῆς
2387 4492 2761 4556 ὑποστάσεως,
2789 4491 3053 4563 περισσὸν
3078 4486 3145 4561 ἦν
3172 4491 3403 4559 ἐπάγειν
3434 4490 3596 4552 εὐθύς
3614 4506 3627 4519 ’

2042 4588 2147 4642 Kal
2172 4585 2289 4639 ἀπὸ
2317 4585 2521 4652 Ἰησοῦ
2552 4584 2809 4653 Χριστοῦ
2830 4601 2845 4616 ·
2895 4584 2984 4638 ἵνα
3020 4582 3213 4637 τοῦτον
3243 4583 3471 4655 ὲμφὰνῃ
3498 4584 3633 4650 παρ’

2040 4680 2248 4732 ἐκεῖνον
2290 4677 2500 4749 ἕτερον,
2550 4677 2661 4730 τῶν
2712 4676 3037 4748 θεοπρεπῶν
3096 4674 3292 4746 φωνῶν
3350 4675 3631 4745 ὁμοτίμως

2040 4770 2473 4842 ὲφαρμοζουσῶν
2514 4769 2723 4841 ἑκάστῃ
2759 4768 2916 4838 θεῖκῇ
2960 4767 3282 4831 ὑποστάσει,
3338 4768 3436 4819 καὶ
3471 4767 3628 4835 κοινῇ

2037 4866 2160 4927 ταῖς
2188 4862 2359 4935 τρισὶ,
2393 4861 2534 4933 πλὴν
2557 4862 2668 4916 τῶν
2705 4861 3010 4930 ἱδιοτήτων,
3051 4860 3219 4931 ἤγουν
3249 4858 3511 4927 σχέσεων,
3548 4857 3628 4920 ὣς

2040 4974 2205 5028 φησιν
2237 4954 2445 5028 [αὐτὸς]
2493 4956 2521 5008 ό
2555 4953 2818 5022 Θεολόγος
2861 4952 3166 5022 Γρηγόριος
3200 4950 3338 5023 [καὶ]
3394 4952 3493 5021 τῆς
3531 4950 3629 5004 τοῦ

2040 5052 2217 5119 Λόγου
2262 5049 2755 5119 ἐνανθρωπήσεως.
2793 5045 2905 5100 Καὶ
2936 5045 3094 5115 δῆλον
3130 5044 3187 5111 ἐξ
3237 5037 3312 5098 ὧν
3342 5045 3433 5096 τὸν
3463 5044 3630 5113 Τρισ-

2041 5142 2199 5210 άγιον
2220 5140 2329 5194 τῶν
2354 5140 2608 5209 Σεραφὶμ
2643 5138 2833 5207 ῦμνον,
2866 5138 2925 5189 ὲν
2969 5136 3068 5206 μὲν
3097 5134 3174 5205 τῷ
3204 5132 3525 5205 Εὑαγγελίῳ
3547 5135 3629 5197 εἰς

352 5227 552 5297 Verbo,
576 5240 672 5285 aut
712 5232 833 5287 Filii
871 5249 1101 5301 persona
1153 5234 1469 5301 dissereret,
1527 5250 1935 5306 supervacaneo

2047 5235 2131 5288 τὸν
2164 5234 2292 5286 Υἱδν
2326 5231 2672 5302 μανθάνομεν
2703 5229 2986 5297 λέγεσθαι,
3034 5230 3092 5281 ὲν
3122 5228 3180 5280 δὲ
3209 5230 3275 5297 τῇ
3310 5224 3629 5297 δημηγορίᾳ

351 5319 598 5389 profecto
627 5323 920 5380 adderetur
966 5343 980 5380 :
1009 5325 1075 5380 Et
1104 5344 1136 5380 a
1170 5325 1301 5381 Jesu
1333 5326 1548 5382 Christo
1574 5344 1593 5391 ς
1642 5344 1754 5399 quo
1785 5330 1929 5385 hunc

350 5414 540 5471 abillo
591 5416 907 5472 distinctum
949 5434 1073 5474 esse
1126 5420 1346 5490 planum
1388 5420 1575 5486 fieret;
1624 5422 1930 5491 praesertim

349 5520 496 5571 eum,
529 5507 719 5562 eodem
760 5507 1023 5578 Gregorio
1078 5517 1232 5574 teste,
1289 5525 1450 5565 voces
1476 5525 1599 5580 qua:
1650 5510 1703 5564 in
1761 5509 1932 5565 Deum

352 5599 706 5666 conveniunt,
725 5602 839 5670 pari
865 5602 1091 5657 honoris
1114 5605 1306 5673 gradu,
1326 5604 1635 5675 aequalique
1662 5602 1934 5676 dignitate

353 5695 406 5746 in
438 5693 685 5765 singulas
716 5708 996 5764 personas,
1022 5704 1076 5751 et
1121 5711 1313 5754 omnes
1346 5697 1512 5753 simul
1558 5698 1613 5753 in
1651 5698 1931 5753 communi

351 5789 700 5855 conveniant,
734 5789 801 5846 iis
831 5790 1097 5847 duntaxat
1131 5792 1393 5863 exceptis,
1421 5808 1544 5865 qua:
1576 5792 1641 5848 ad
1677 5792 1933 5865 hyposta-

426 5974 445 5998 ⁵
483 5967 496 6021 l
528 5964 666 6021 'l't'ttt.
704 5983 753 6034 ν,
780 5966 868 6025 ξι.

2036 5326 2128 5380 τοῦ
2160 5324 2396 5389 Παύλου,
2422 5326 2487 5394 τῇ
2519 5324 2578 5375 ὲν
2609 5324 2731 5386 ταῖς
2761 5322 3058 5392 Πράξεσιν,
3100 5322 3182 5383 είς
3210 5320 3273 5372 τὸ
3307 5318 3536 5387 Πνεῦμα
3560 5319 3625 5371 τὸ

2045 5422 2200 5488 ἆγιον
2230 5434 2245 5450 ο
2275 5418 2331 5469 ὲν
2362 5416 2418 5469 δὲ
2448 5419 2515 5487 τῇ
2544 5416 2653 5468 τῶν
2696 5414 2943 5486 φρικτὼν
2984 5412 3305 5484 μυστηρίων
3334 5414 3623 5482 προσφορᾷ

2043 5515 2122 5574 εἰς
2154 5511 2244 5565 τδν
2288 5511 2535 5581 Πατέρα,
2578 5508 2711 5581 πρὸς
2758 5508 2817 5561 ὃν
2860 5508 2961 5576 τὴν
2998 5506 3257 5575 τοιαύτην
3293 5506 3460 5574 εὐχὴν
3487 5505 3623 5559 εἰθί-

2044 5604 2223 5675 σμεθα
2250 5605 2443 5667 ποιεῖν,
2482 5598 2667 5663 καθὼς
2712 5600 2810 5653 καὶ
2859 5599 2939 5671 τῷ
3006 5599 3266 5670 μακαρίῳ
3313 5596 3622 5667 Ἐπιφανίῳ

2041 5699 2258 5771 εἴρηται
2297 5698 2355 5749 ὲν
2390 5695 2466 5766 τῷ
2492 5694 2637 5765 λόγῳ
2660 5692 2879 5761 [αὐτοῦ]
2905 5693 2982 5764 τῷ
3012 5695 3113 5756 Εἰς
3146 5691 3212 5745 τὸ
3257 5691 3503 5760 Πνεῦμα
3552 5690 3621 5743 τὸ

2042 5793 2235 5862 ἅγιον.
2262 5790 2370 5845 Καὶ
2398 5787 2572 5843 ταῦτα
2606 5788 2704 5860 μὲν
2741 5787 2877 5859 πρὸς
2921 5786 2982 5840 τὸ
3030 5784 3200 5852 δεῖξαι
3242 5784 3317 5856 μὴ
3349 5781 3628 5837 ἐναντιοῦο

3629 5863 3659 5884 η
