4040 6644
390 375 503 437 2‘25
1366 374 1979 436 COMMENTARIUS
2013 376 2095 438 IN
2130 378 2664 444 APOCALYPSIN.
3565 393 3675 458 220

390 493 519 542 σθαι
544 490 665 549 ταῖς
696 488 997 560 ιιατρικαίς
1022 486 1227 555 φωναῖς
1254 484 1353 556 τὴν
1382 485 1662 556 ἡμετέραν
1687 489 1972 560 ὑπόληψιν

2091 506 2223 545 scon
2258 494 2668 563 proprietatem,
2728 506 2822 551 aut
2852 497 3013 554 Verbi
3066 500 3496 559 incarnationem
3557 523 3680 576 spe-

385 582 547 648 ήμεῗς
582 579 634 631 δὲ
670 577 767 629 σὺν
794 577 916 647 Θεῷ
945 577 1044 647 τῆς
1082 575 1408 639 ἀκολουθίας
1440 576 1722 646 ἐχώμεθα.

2091 593 2259 639 ctant.
2289 584 2581 657 Potestque
2607 590 2710 645 hoc
2745 591 2870 646 inde
2900 609 3118 665 quoque
3146 598 3486 661 continuari,
3538 575 3683 669 quod

386 675 651 742 hymnum
687 669 1069 738 Seraphicum,
1125 683 1290 735 quem
1345 667 1629 737 τρισάγιον
1670 672 1968 740 appellant,
2037 675 2126 729 uni
2166 676 2304 732 Filio
2335 678 2387 731 in
2441 680 2751 752 Evangeliis
2812 685 3074 740 tributum
3134 688 3420 759 legamus;
3452 691 3504 746 in
3536 667 3686 750 Patr.

385 766 499 818 lina
548 779 678 818 vero
737 764 1041 829 concione,
1093 777 1218 832 qum
1264 762 1319 816 iu
1388 764 1765 833 apostolorum
1821 768 1972 822 Actis
2028 779 2223 835 exstat,
2283 773 2383 827 soli
2416 773 2643 844 Spiritui
2696 791 2924 845 sancto;
2954 780 3008 834 in
3041 796 3196 836 sacra
3224 792 3405 838 autent
3438 794 3681 840 tremen-

382 858 582 911 dorum
608 858 993 930 mysteriorum
1033 855 1331 921 oblatione,
1374 857 1476 909 soli
1508 855 1677 912 Patri.
1706 858 1788 911 Ad
1818 859 1970 912 illum
2016 876 2273 931 namque,
2337 873 2397 917 ut
2448 866 2607 919 beato
2663 865 2971 936 Epiphanio
3011 869 3066 923 in
3108 872 3361 928 oratione
3409 890 3575 945 quam
3609 879 3674 933 de

384 952 596 1020 Spiritu
629 962 821 1011 saneto
852 952 1040 1015 edidit,
1069 953 1268 1020 placet,
1302 950 1572 1020 ejusmodi
1628 953 1995 1023 precationem
2058 956 2298 1027 dirigere
2359 960 2769 1016 consuevimus.
2829 961 3010 1032 Atque
3059 965 3176 1019 haec
3220 966 3506 1034 hactenus,
3571 987 3682 1040 quo

379 1050 594 1104 certius
648 1055 862 1104 constet
887 1058 1133 1102 nostram
1190 1046 1588 1115 expositionem
1662 1060 1977 1106 sanctorum
2013 1052 2234 1108 Patrum
2296 1056 2519 1112 vocibus
2568 1068 2728 1129 atque
2792 1063 3080 1119 sententiis
3115 1065 3435 1134 neutiquam
3483 1069 3681 1123 adver-

379 1142 519 1194 sari.
552 1139 658 1195 Sed
689 1142 755 1195 ad
788 1141 1099 1194 institutum
1135 1139 1314 1193 denuo
1337 1149 1701 1194 revertamur.

462 1233 549 1299 Τῷ
587 1233 971 1300 ἁγαπήσαντι
1016 1232 1176 1301 ἡμᾶς
1223 1232 1323 1285 καὶ
1374 1234 1673 1289 λούσαντι
1701 1234 1861 1304 ’ἡμᾶς
1914 1237 1972 1291 ἐκ

2157 1240 2200 1301 Ι,
2231 1240 2284 1305 5,
2315 1241 2368 1296 6.
2413 1244 2519 1308 Qui
2555 1246 2742 1300 dilexit
2776 1265 2893 1311 nos,
2928 1261 2973 1303 et
3027 1250 3157 1304 lavit
3217 1268 3313 1305 nos
3375 1269 3406 1305 a
3450 1256 3679 1322 pereatis

378 1325 508 1380 τῶν
558 1326 862 1395 ἁμαρτιῶν
894 1325 1110 1397 [ἡμῶν]
1151 1327 1220 1378 ἐν
1250 1326 1329 1390 τῷ
1372 1329 1575 1397 αἵματι
1619 1330 1846 1383 αὑτοῦ·
1883 1333 1972 1384 καὶ

2091 1336 2282 1388 nostris
2308 1351 2400 1402 per
2451 1340 2761 1407 sanguinem
2804 1359 2957 1395 suum
2993 1357 3011 1394 :
3043 1354 3091 1396 et
3132 1343 3253 1413 fecit
3295 1362 3389 1399 nos
3441 1363 3677 1416 regnum,

376 1420 682 1483 ἐποίησεν
729 1416 887 1487 ἡμᾶς
925 1418 1232 1483 βασιλεῖς,
1280 1418 1378 1471 καὶ
1423 1420 1597 1488 ἱερεῖς
1626 1419 1706 1485 τῷ
1732 1421 1855 1487 Θεῷ
1883 1423 1972 1476 καὶ

2091 1431 2132 1474 et
2161 1426 2459 1478 sacerdotes
2517 1426 2645 1494 Deo,
2672 1440 2721 1482 et
2759 1429 2916 1483 Patri
2951 1449 3065 1485 suo.
3119 1432 3236 1501 Ipsi
3284 1434 3456 1504 gloria
3490 1446 3538 1489 et
3579 1439 3682 1489 im-

376 1514 571 1581 Πατρὶ
603 1512 811 1566 αὐτοῦ.
844 1510 1016 1577 Αὐτῷ
1035 1511 1073 1576 ἡ
1097 1512 1247 1576 δόξα
1271 1514 1370 1567 καὶ
1394 1513 1460 1567 τὸ
1479 1513 1700 1583 κράτος
1723 1518 1809 1583 εις
1837 1517 1972 1585 τοὺς

2091 1515 2291 1579 perium
2320 1516 2375 1568 in
2411 1520 2606 1571 sarcula
2640 1521 2979 1575 swculorum.
3017 1522 3205 1578 Amen.

378 1605 611 1672 αἰῶνας
644 1604 761 1659 τῶν
793 1604 1043 1659 αἰώνων.
1084 1605 1289 1675 Ἀμήν.

458 1701 670 1770 Τούτῳ,
709 1699 895 1769 φησὶν,
934 1700 967 1770 ἡ
999 1699 1128 1765 δόξα
1161 1700 1362 1770 πρέπει
1411 1701 1487 1772 τῷ
1516 1701 1581 1755 δι’
1614 1702 1835 1774 ἀγάπην
1866 1703 1976 1757 τῶν

378 1791 606 1863 δεσμῶν
658 1792 753 1844 τοῦ
791 1792 1027 1846 θανάτου
1063 1794 1214 1863 ἡμᾶς
1271 1791 1519 1860 λύσαντι,
1566 1796 1661 1849 καὶ
1865 1797 1975 1849 τῶν

2144 1693 2326 1761 Illum,
2375 1695 2571 1765 inquit,
2610 1696 2768 1753 decet
2801 1699 2997 1764 honor,
3055 1704 3227 1772 gloria
3256 1715 3310 1760 et
3346 1707 3633 1777 imperium
3659 1751 3673 1774 ,

2087 1788 2178 1857 qui
2233 1788 2448 1843 ardenti
2487 1791 2756 1848 charitate
2808 1793 3087 1857 incensus.
3133 1815 3231 1853 sua
3274 1812 3449 1857 morte
3507 1820 3679 1873 genus

380 1884 490 1954 τῆς
549 1883 830 1955 ἁμαρτίας
900 1885 1141 1957 κηλίδων
1207 1885 1466 1940 λούσαντι
1504 1890 1571 1959 τῇ
1626 1888 1848 1958 ὲκχύσει
1880 1888 1972 1941 τοῦ

2091 1889 2326 1936 nostrum
2368 1898 2398 1937 a
2444 1886 2636 1941 mortis
2663 1886 2900 1942 vinculis
2950 1888 3229 1955 liberavit,
3280 1869 3676 1966 sanguinisque

382 1975 658 2038 ζωοποιοῦ
698 1976 932 2046 αἵματος
964 1974 1132 2028 αὑτοῦ
1164 1980 1259 2029 καὶ
1292 1975 1485 2039 ὓδατος
1509 1993 1524 2008 ·
1562 1977 1656 2030 καὶ
1683 1979 1972 2048 ποιήσαντι

382 2072 538 2139 ἡμᾶς
604 2069 877 2140 βασίλειον
933 2071 1272 2141 ἱεράτευμα·
1322 2070 1448 2123 ἀντὶ
1508 2071 1723 2138 ἀλόγων
1775 2070 1976 2124 Θυσιῶν

383 2160 584 2214 Θυσίαν
620 2160 802 2224 ζῶσαν
854 2162 955 2235 τὴν
1008 2161 1237 2233 λογικὴν
1302 2162 1560 2234 λατρείαν
1625 2162 1727 2235 [τῷ
1775 2162 1973 2235 Πατρῖ]

384 2254 825 2325 προσφέροντας.

457 2435 617 2490 Ἰδοὺ
653 2437 888 2504 ἔρχεται
913 2437 1064 2505 μετὰ
1096 2435 1214 2489 τῶν
1236 2437 1513 2507 νεφελῶν
1540 2455 1552 2468 ·
1582 2439 1678 2491 καὶ
1721 2438 1976 2507 ὄψονται

381 2528 577 2583 αὐτὸν
604 2526 725 2593 πᾶς
752 2528 1081 2597 ὀφθαλμὸς,
1124 2530 1222 2582 καὶ
1271 2530 1493 2594 οἵτινες
1522 2531 1711 2583 αὑτὸν
1740 2530 1976 2595 ἐζεκένο

387 2638 609 2688 τησαν,
669 2621 769 2674 καὶ
800 2622 1093 2690 κόψονται
1114 2620 1208 2675 ἐπ’
1238 2622 1428 2676 αὑτὸν
1466 2622 1655 2679 πᾶσαι
1685 2626 1744 2677 αἱ
1789 2606 1976 2693 φυλαὶ

388 2712 501 2781 τῆς
526 2711 654 2783 γῆς.
692 2712 827 2775 Ναὶ,
862 2711 1045 2781 ἁμήν.

471 2805 531 2857 Ὀ
557 2806 666 2875 γὰρ
710 2802 968 2868 ἐνταῦθα,
1018 2803 1208 2871 φησιν,
1237 2803 1311 2866 ὼς
1359 2803 1532 2874 ἀμνὸς
1584 2804 1973 2873 σφαγιασοεὶς,

389 2894 553 2967 [ἱδ,ἰ›]
584 2897 642 2948 ἐν
678 2898 744 2965 τῇ
778 2897 1023 2966 πατρικῇ
1068 2895 1193 2967 δόξῃ
1228 2896 1422 2967 κριτὴς
1457 2896 1552 2949 ἐπὶ
1588 2895 1700 2950 τῶν
1733 2896 1977 2966 νεφελῶν

388 2987 675 3040 ἐλεύσεται
694 3004 709 3018 ο
738 2988 850 3040 εἴτε
879 2987 1190 3057 ἀσωμάτων
1215 2988 1522 3059 νοουμένων
1550 2989 1843 3061 δυνάμεων
1869 2989 1978 3044 τῶν

388 3077 686 3146 νεφελῶν,
721 3080 830 3132 εἴτε
888 3077 1028 3151 [καὶ]
1064 3079 1325 3133 τοιούτων
1373 3080 1570 3153 οἵαπερ
1618 3082 1779 3135 αὐτὸν
1812 3084 1870 3135 ὲν
1900 3082 1977 3155 τῷ

2079 1974 2280 2031 vivitici
2300 1986 2351 2031 et
2374 1993 2531 2047 aqua;
2553 1978 2839 2047 etl'usione,
2863 1996 2890 2034 a
2916 1993 3267 2051 peccatorum
3290 1989 3547 2044 sordibus
3573 2006 3674 2044 nos

2078 2067 2288 2133 abluit,
2345 2085 2411 2125 ac
2489 2071 2544 2126 in
2607 2073 2816 2141 regium
2884 2077 3255 2132 sacerdotium
3325 2083 3603 2150 cooptavit
3659 2102 3673 2138 :

2078 2158 2280 2229 quippe
2327 2160 2420 2230 qui
2477 2162 2762 2218 brutarutn
2829 2164 3183 2221 victimarum
3219 2169 3364 2233 loco,
3436 2171 3674 2227 hostiam

2078 2251 2257 2305 vivam
2286 2253 2606 2323 cultumque
2638 2264 2785 2309 certa
2818 2257 3030 2311 ratione
3062 2267 3432 2324 constantem,
3479 2262 3585 2317 Deo
3617 2282 3672 2318 et

2080 2343 2227 2398 Patri
2267 2345 2378 2414 jam
2421 2362 2567 2400 nunc
2598 2347 2919 2405 oll‘eramus.

2151 2433 2189 2500 Ι,
2223 2434 2275 2489 7.
2311 2435 2449 2490 Ecce
2468 2439 2604 2491 venit
2626 2454 2745 2490 cum
2780 2439 3028 2503 nubibus,
3054 2452 3100 2495 et
3135 2441 3325 2495 videbit
3350 2460 3469 2496 eum
3498 2448 3672 2501 omnis

2079 2528 2286 2590 oculus,
2318 2537 2366 2582 et
2397 2529 2487 2599 qui
2526 2545 2646 2583 eum
2700 2544 3061 2601 pupugerunt.
3103 2532 3170 2586 Et
3218 2535 3469 2606 plangent
3517 2555 3678 2607 super

2079 2636 2197 2674 eum
2234 2637 2413 2675 omnes
2442 2622 2609 2676 tribus
2644 2632 2802 2679 terra:
2830 2640 2849 2678 :
2874 2623 3079 2691 Etiam,
3110 2626 3294 2680 Amen.

2150 2800 2253 2866 Qui
2304 2800 2392 2855 hic
2426 2799 2545 2871 (ait)
2596 2801 2763 2857 veluti
2802 2819 2979 2873 agnus
3016 2802 3118 2858 fuit
3161 2802 3464 2873 jngulatus,
3496 2806 3543 2862 is
3576 2824 3669 2879 pa-

2081 2900 2229 2947 terna
2274 2894 2445 2962 gloria
2474 2902 2528 2948 et
2573 2895 2857 2963 majestate
2896 2905 3219 2959 exornatus,
3246 2896 3421 2953 iudex
3453 2901 3582 2955 olim
3620 2903 3672 2956 iu

2078 2984 2319 3039 nubibus
2343 2993 2427 3039 est
2469 2993 2735 3041 venturus
2777 3003 2791 3039 :
2838 2985 2952 3041 sive
3010 2986 3230 3040 nubium
3286 2992 3550 3045 vocabulo
3583 3010 3673 3046 ra-

2080 3076 2319 3131 diantem
2350 3078 2608 3132 virtutum
2654 3078 2903 3145 corporis
2961 3081 3268 3149 expertium
3328 3082 3670 3150 splendorem

389 3170 660 3241 816wpitp
689 3171 804 3241 ὃρει
834 3172 931 3225 σὺν
965 3173 1078 3235 τοῖς
1134 3172 1311 3240 ἁγίοις
1370 3174 1645 3244 μαθηταῖς
1678 3174 1971 3242 ἐκάλυψεν.

2091 3168 2321 3238 accipias
2368 3187 2382 3222 :
2423 3170 2539 3224 sive
2578 3170 2750 3225 nubes
2794 3170 3089 3240 ejusmodi,
3147 3172 3459 3242 cujusmodi
3492 3176 3668 3245 ipsum

389 3264 719 3333 Ἕρχόμενον
759 3263 816 3316 δὲ
840 3263 1005 3317 αὐτὸν
1038 3262 1178 3334 μετὰ
1214 3263 1393 3335 δόξης,
1435 3266 1543 3327 πᾶς
1579 3264 1676 3335 μὲν
1703 3265 1978 3334 ὀφθαλμὸς

387 3361 580 3429 ὄψεται
606 3377 619 3389 ·
653 3361 701 3413 οἱ
734 3359 791 3413 δὲ
848 3360 1308 3431 ὲκκεντήσαντες,
1350 3360 1444 3413 καὶ
1484 3362 1657 3412 πᾶσαι
1720 3363 1775 3413 αἱ
1811 3360 1977 3431 φυλαὶ

389 3455 489 3522 τῆς
520 3453 626 3521 γῆς
663 3455 717 3507 αἱ
746 3455 812 3524 τῇ
865 3452 1096 3524 ἀπιστίᾳ
1126 3452 1482 3523 ἐμμείνασαι,
1521 3454 1803 3522 κόψονται.
1837 3455 1973 3519 Ναὶ,

390 3546 577 3614 ἀμὴν,
609 3547 732 3599 ἀντὶ
763 3546 882 3613 τοῦ,
922 3548 1143 3610 πάντως
1166 3563 1182 3579 ο
1223 3546 1292 3599 δι’
1323 3541 1385 3599 οὗ
1437 3546 1528 3600 τὸν
1566 3546 1728 3600 αὐτὸν
1757 3546 1882 3600 νοῦν
1910 3549 1976 3617 τῇ

391 3657 449 3692 τε
497 3639 765 3708 Ἑλληνίδι
806 3642 871 3710 τῇ
908 3657 967 3692 τε
1017 3638 1262 3712 Ἐϐραΐδι
1312 3638 1529 3712 γλώττῃ
1589 3640 1869 3712 ὲσήμανε.⁸
1918 3638 1979 3690 τὸ

391 3732 498 3801 γὰρ
546 3729 747 3800 Ἀμὴν,
783 3749 802 3782 ι
851 3732 1065 3799 γένοιτο
1101 3751 1120 3784 ι
1150 3732 1547 3804 ἑρμηνεύεται.

2089 3276 2195 3314 una
2227 3275 2352 3314 cum
2384 3260 2673 3330 discipulis
2724 3262 2776 3315 iu
2833 3272 3019 3316 monte
3044 3260 3267 3318 Thabor
3303 3280 3587 3334 (meruere.
3633 3269 3673 3321 Ε

2087 3352 2226 3406 coelo
2260 3365 2421 3418 porro
2446 3366 2570 3404 eum
2609 3351 2785 3422 gloria
2828 3360 2882 3405 et
2932 3352 3219 3422 majestate
3246 3354 3669 3409 descendentem

2082 3444 2262 3499 omnis
2288 3443 2505 3513 quidem
2532 3443 2727 3498 oculus
2758 3443 3207 3513 conspicabitur;
3247 3445 3284 3499 ii
3316 3458 3498 3501 autem
3540 3446 3669 3508 soli,

2082 3536 2175 3607 qui
2207 3535 2359 3588 illum
2389 3540 2769 3603 pupugerunt,
2818 3550 3004 3604 eatque
3045 3536 3219 3590 tribus
3264 3545 3441 3602 terra},
3469 3552 3590 3606 qua:
3618 3537 3669 3589 in

2070 3628 2308 3699 perlidia
2334 3626 2400 3680 ad
2435 3626 2599 3679 linem
2649 3639 2825 3695 usque
2875 3627 3185 3696 perstitere,
3217 3626 3477 3697 plangent
3506 3638 3559 3683 et
3590 3628 3670 3681 ιιι.

2086 3720 2479 3777 mentabuutur
2512 3733 2679 3787 super
2723 3731 2873 3773 eum.
2931 3715 3054 3781 Nar,
3078 3720 3266 3787 Amen,
3296 3719 3402 3775 hoc
3448 3731 3555 3783 est,
3592 3720 3663 3773 ita

390 3826 548 3892 plane
579 3823 821 3879 futurum
853 3833 970 3890 est;
1005 3824 1272 3895 siquidem
1316 3825 1426 3891 ναί,
1463 3824 1780 3880 hominibus
1812 3821 2015 3877 Graecis
2067 3819 2206 3872 idem
2263 3826 2492 3884 prorsus
2560 3817 2721 3866 sonat
2780 3812 2925 3881 quod
2981 3810 3222 3869 Hebrzeis
3281 3815 3469 3869 Amen.
3504 3815 3668 3869 Amen

391 3927 573 3971 autem
608 3917 1048 3987 interpretatum,
1087 3918 1228 3972 idem
1276 3918 1558 3972 hominum
1588 3917 1753 3972 menti
1788 3916 1967 3977 oll‘ert,
1998 3910 2142 3982 quod
2178 3906 2329 3972 Fiat,
2355 3906 2439 3960 vel
2472 3904 2667 3959 Ratum
2699 3913 2834 3959 esto.

460 4009 610 4080 Ἐγώ
637 4012 751 4080 ειμι
771 4010 838 4064 τὸ
863 4027 903 4063 α
925 4009 1111 4063 καὶτὸ
1128 4028 1192 4075 ω,
1208 4009 1296 4078 [ἡ]
1330 4009 1487 4079 ἀρχὴ
1508 4010 1605 4064 καὶ
1629 4008 1743 4081 [τὸ]
1773 4008 1965 4073 τέλος,

388 4103 553 4171 λέγει
584 4104 798 4171 Κύριος
830 4104 863 4156 ό
890 4102 1055 4168 Θεὸς,
1081 4105 1113 4156 ό
1136 4100 1241 4168 ὢν,
1280 4102 1380 4156 καὶ
1414 4105 1445 4155 ό
1475 4099 1575 4173 ἦν,
1606 4102 1705 4156 καὶ
1746 4104 1778 4156 ὀ
1800 4102 1961 4170 ἐρχό-

386 4212 589 4265 μενος,
623 4193 703 4261 [ὁ]
728 4193 1172 4261 παντοκράτωρ.

468 4290 543 4342 Τὸ
566 4289 645 4352 δὲ,
675 4286 824 4356 Ἐγώ
862 4289 978 4356 ειμι
1035 4287 1102 4340 τὸ
1155 4302 1194 4338 α
1226 4284 1418 4338 καὶτὸ
1453 4301 1516 4349 ω,
1546 4285 1573 4337 ὁ
1610 4282 1846 4356 Χριστὸς
1883 4284 1971 4335 ὲν·-

391 4379 564 4433 ταῦθα
593 4379 888 4450 δηλοῦται·
924 4379 1021 4431 ac:
1051 4376 1185 4441 Θεὸς
1215 4378 1310 4430 καὶ
1340 4378 1563 4448 κρατῶν
1582 4377 1690 4430 τῶν
1723 4378 1965 4438 πάντων,

392 4472 627 4543 ἄναρχός
681 4488 740 4524 τε
772 4470 909 4541 ὁμοῦ
938 4470 1035 4523 καὶ
1087 4469 1467 4540 ἀτελεύτητος,
1499 4469 1575 4521 ὢν
1630 4470 1722 4522 καὶ
1762 4466 1967 4537 προὼν,

2143 4002 2200 4072 6
2247 3999 2365 4064 1,8.
2388 3997 2498 4069 Ego
2555 4014 2671 4051 sum
2715 3997 2874 4064 alp/ta
2911 4006 2957 4050 et
2999 4012 3205 4066 omega,
3258 3998 3572 4067 principium
3624 4010 3672 4052 et

2073 4092 2377 4162 ﬁnis:dicit
2403 4090 2661 4144 Dominus
2701 4088 2861 4151 Deus,
2925 4088 3017 4158 qui
3066 4098 3166 4153 est,
3203 4099 3255 4143 et
3307 4091 3399 4159 qui
3435 4101 3584 4155 erat,
3623 4104 3671 4147 et

2073 4188 2161 4258 qui
2212 4196 2457 4240 venturus
2481 4192 2577 4249 est,
2603 4184 2947 4252 omnipotens.

2156 4274 2255 4329 llic
2289 4276 2438 4330 locus
2465 4274 2752 4343 perspicue
2787 4272 3068 4326 Christum
3100 4271 3373 4341 designat,
3416 4280 3474 4325 ut
3501 4273 3592 4341 qui
3618 4284 3671 4327 et

2080 4368 2226 4423 Deus
2254 4369 2505 4430 exsistat,
2542 4376 2596 4421 et
2627 4365 2939 4420 absolutum
2979 4365 3030 4418 in
3065 4379 3258 4420 omnes
3314 4364 3664 4420 dominatum

2079 4461 2345 4528 ohtineat,
2376 4470 2432 4516 et
2464 4459 2648 4514 omnis
2690 4457 2945 4528 principii
2995 4472 3062 4513 ac
3111 4457 3234 4512 linis
3269 4473 3467 4527 expers
3500 4459 3663 4512 vivat.

391 4567 485 4619 καὶ
512 4564 691 4635 πέρας
748 4563 847 4617 οὑκ
881 4562 1043 4634 ἔχων,
1075 4562 1151 4626 ὡς
1195 4562 1274 4634 τῷ
1313 4563 1491 4633 Πατρὶ⁷
1532 4561 1837 4623 ωναῖδιος·
1872 4560 1967 4611 καὶ

2091 4552 2177 4618 Qui
2216 4553 2356 4607 idem
2380 4552 2545 4606 etiam
2579 4560 2682 4615 est,
2719 4560 2770 4606 et
2802 4559 2943 4617 erat,
2966 4560 3019 4605 et
3051 4551 3212 4605 tinem
3267 4551 3505 4621 ignorat.
3535 4566 3649 4619 per-

390 4658 476 4710 διὰ
504 4657 666 4710 τοῦτο
701 4655 1000 4709 ἀποδώσων
1030 4655 1248 4726 ἑκάστῳ
1283 4657 1391 4709 τῶν
1445 4652 1861 4725 πεπραγμένων
1905 4650 1975 4704 τά

391 4750 665 4819 ἐπίχειρα.

456 4927 612 4998 Ἐγὼ
644 4926 917 4994 Ἰωάννης
944 4930 979 4982 ὁ
1015 4928 1283 4999 ἀδελφὸς
1312 4926 1484 4997 ὑμῶν
1513 4927 1610 4980 καὶ
1637 4941 1971 4994 συγκοινω-

390 5020 496 5085 νὸς
533 5020 605 5073 ἐν
634 5018 708 5087 τῇ
750 5020 953 5088 θλίψει
998 5020 1097 5074 και
1125 5019 1218 5092 [ἐν
1245 5018 1343 5091 τῇ]
1371 5019 1661 5084 ,βασιλείᾳ
1688 5015 1785 5069 καὶ
1820 5018 1970 5070 ὐπο-

387 5110 546 5181 μονῇ
598 5111 805 5179 Ἰησοῦ
853 5110 1135 5179 Χριστοῦ,
1168 5111 1464 5180 ἐγενόμην
1499 5108 1568 5161 ἐν
1599 5105 1672 5175 τῇ
1701 5105 1872 5175 νήσῳ
1898 5105 1972 5174 τῇ

392 5202 737 5272 καλουμένῃ
771 5200 1006 5272 Πάτμῳ,
1045 5201 1142 5255 διὰ
1176 5202 1285 5255 τὸν
1311 5203 1499 5269 λόγον
1543 5198 1648 5254 τοῦ
1676 5197 1825 5252 Θεοῦ
1871 5197 1970 5252 καὶ

394 5295 532 5368 [διὰ]
564 5296 682 5362 τὴν
706 5294 1041 5364 μαρτυρίαν
1070 5293 1274 5361 Ἰησοῦ
1306 5290 1634 5366 [Χριστοῦ].

470 5384 612 5452 Ἐγὼ
648 5385 728 5451 δὲ,
751 5385 848 5438 ἅτε
878 5382 1127 5452 ἁδελφὸς,
1160 5382 1348 5454 φησιν,
1392 5381 1547 5451 ὑμῶν
1580 5379 1679 5445 ὣν,
1714 5379 1811 5435 καὶ
1837 5396 1972 5448 συγ-

390 5481 646 5543 κοινωνὸς
675 5481 733 5532 ὲν
762 5481 883 5543 ταῖς
924 5477 1013 5531 διὰ
1043 5475 1280 5547 Χριστὸν
1333 5472 1602 5543 θλίψεσιν,
1645 5473 1875 5536 εἰκότως
1909 5473 1971 5525 τὸ

390 5572 708 5639 ἀξιόπιστον
742 5573 871 5643 παρ’
903 5571 1034 5642 ὑμῖν
1065 5568 1348 5638 κέκτημαι
1372 5582 1387 5597 ·
1419 5565 1511 5620 διὰ
1538 5567 1650 5636 γὰρ
1684 5565 1785 5637 τὴν
1831 5582 1970 5637 μαρ-

389 5665 581 5735 τυρίαν
623 5662 822 5734 Ἰησοῦ,
855 5664 1076 5734 Πάτμον
1109 5662 1278 5715 οἰκεῖν
1333 5659 1433 5728 τὴν
1469 5658 1632 5728 νῆσον
1667 5658 1969 5713 καταδικα-

391 5757 563 5822 σθεὶς,
620 5758 951 5828 ἀπαγγέλλω
1002 5757 1130 5829 ὑμῖν
1171 5754 1242 5810 τὰ
1268 5752 1556 5827 ἑωραμένα
1588 5771 1677 5824 μοι
1721 5755 1779 5807 ἐν
1829 5754 1965 5825 αὐτῇ

394 5867 691 5922 μυστηρια.

2078 4646 2313 4715 indeque
2392 4654 2555 4713 atque
2618 4645 2779 4700 Pater
2828 4659 2944 4698 aevo
2997 4642 3331 4712 sempiterno
3382 4644 3566 4705 durat,
3614 4652 3662 4696 ct

2077 4740 2376 4809 unicuique
2406 4738 2537 4792 olim
2567 4753 2664 4808 pro
2694 4753 2920 4806 Operum
2959 4753 3180 4792 suorum
3206 4737 3421 4791 ratione
3440 4747 3493 4791 et
3524 4751 3660 4805 qna-

2077 4831 2249 4895 litate,
2282 4830 2363 4883 vel
2402 4828 2625 4899 praemia
2683 4827 2949 4895 exsolvet,
2987 4837 3084 4882 aut
3135 4826 3403 4896 supplicia
3447 4826 3663 4882 inleret.

2148 4922 2196 4987 l,~
2239 4922 2294 4976 9.
2329 4920 2443 4992 Ego
2488 4921 2724 4975 Joannes
2767 4922 2934 4991 frater
2972 4930 3155 4987 vester,
3205 4930 3253 4974 et
3305 4920 3572 4990 particeps
3615 4921 3664 4972 in

2082 5014 2431 5069 tribulatione
2470 5024 2519 5068 et
2560 5030 2740 5085 regno,
2787 5025 2837 5068 et
2876 5014 3139 5083 patientia
3185 5015 3239 5068 in
3287 5014 3497 5067 Christo
3517 5012 3664 5068 .lesu.

2080 5108 2160 5176 fui
2198 5108 2254 5160 in
2289 5106 2468 5161 insutu
2512 5122 2630 5175 quae
2670 5107 2975 5176 appellatur
3022 5105 3268 5173 Patmos,
3299 5117 3512 5178 propter
3552 5124 3633 5163 ret

2078 5198 2200 5252 bum
2226 5198 2342 5265 Dei,
2372 5208 2421 5253 et
2457 5199 2821 5253 testimonium
2850 5198 3004 5254 Iesu.

2144 5381 2375 5450 Quando
2411 5380 2635 5452 (inquit)
2689 5390 2744 5437 et
2800 5389 2980 5437 vester
3024 5382 3211 5444 frater,
3246 5389 3302 5435 et
3350 5388 3657 5436 vestrarum

2071 5475 2430 5531 amictionum
2472 5476 2658 5530 socius
2694 5490 2839 5538 sum,
2874 5474 3069 5529 merito
3101 5472 3243 5543 apud
3276 5486 3376 5527 vos
3413 5471 3571 5526 [idem
3606 5481 3661 5537 et

2072 5569 2456 5625 auctoritatem
2483 5568 2731 5623 obtinere
2756 5568 2948 5622 debeo.
2974 5566 3109 5621 Nam
3164 5573 3384 5635 propter
3414 5565 3652 5621 testimo-

2072 5665 2223 5719 nium
2253 5661 2383 5720 Jesu
2407 5662 2611 5719 Christi
2640 5663 2705 5719 ad
2736 5662 2973 5719 insulam
3002 5660 3231 5715 Patmon
3274 5660 3562 5731 relegatus.
3605 5670 3658 5714 et

2072 5765 2130 5809 ut
2161 5754 2233 5810 ibi
2289 5764 2502 5811 :etatem
2560 5771 2803 5826 agerem,
2848 5754 3265 5817 condemnatus,
3299 5754 3557 5824 mysteria
3604 5761 3661 5807 et

2072 5863 2273 5904 arcana
2309 5864 2431 5921 qua:
2464 5849 2518 5904 in
2561 5848 2658 5904 illa
2694 5848 2828 5917 vidi,
2859 5846 3014 5903 vobis
3043 5846 3329 5904 denuntio.
