4040 6648
346 306 462 395 92-3

1320 332 1931 396 COMMENTARIUS
1973 331 2054 393 IN
2096 333 2627 399 APOCALYPSIN.

3527 339 3638 404 230

355 445 561 516 πυρός’
592 446 722 512 τοὺς
760 447 863 519 μὲν
911 446 1103 519 ἁγίους
1156 446 1509 516 φωτίζοντες,
1542 445 1671 507 τοὺς
1691 444 1748 499 δὲ
1779 442 1936 516 βεϐή-

2042 452 2148 499 est.
2180 445 2357 515 Atque
2405 446 2461 501 in
2517 446 2640 517 ejus
2676 445 2755 502 rei
2794 454 3177 515 argumentum
3225 448 3381 506 canis
3426 451 3641 521 capillis

354 536 480 602 λους
509 537 879 607 φλογίζοντες.

2059 543 2283 605 opertus
2317 536 2582 592 cernitur.
2614 534 2769 592 Oculi
2807 546 2988 594 autem
3030 539 3152 611 ejus
3184 540 3367 612 ignita:
3406 541 3642 599 ﬂammae

355 634 596 703 speciem
626 650 740 705 pra
784 649 845 691 se
872 634 1077 690 ferunt.
1119 632 1384 701 Quamvis
1417 632 1564 688 enim
1613 632 1669 688 bi
1720 638 1945 689 sanctos
2005 628 2283 685 illustrant
2329 640 2385 687 ct
2416 641 2693 698 recreant,
2762 635 3016 692 homines
3058 646 3240 692 tamen
3298 636 3561 710 profanos
3585 646 3641 694 et

357 725 655 782 sceleratos
692 727 997 799 incendunt
1024 725 1254 796 direque
1283 725 1635 783 excruciant.

427 818 535 872 Καὶ
556 821 610 871 οι
636 818 822 887 πόδες
856 818 1046 873 αὑτοῦ
1070 816 1263 888 ὅμοιοι
1290 815 1738 889 χαλκολιϐάνῳ,
1767 817 1849 885 ὡς
1878 816 1950 870 ἐν

361 909 589 979 καμίνῳ
619 908 1057 980 πεπυρωμένοι.

431 998 572 1062 Τοὺς
598 999 767 1065 πόδας
793 1000 890 1053 καὶ
917 1002 944 1055 ὁ
979 1001 1123 1067 Θείος
1163 999 1468 1073 Γρηγόριος
1506 1000 1608 1072 τὴν
1638 998 1781 1071 μετά
1814 1015 1943 1071 σαρ-

362 1087 454 1153 κὸς
492 1089 718 1160 ἐνόησεν
762 1091 1101 1163 οἰκονομίαν·
1148 1092 1314 1156 πόδες
1360 1091 1471 1163 γὰρ
1502 1091 1669 1147 αὐτοῦ
1698 1093 1730 1164 ἡ
1762 1090 1900 1162 σάρξ
1928 1106 1943 1121 .

361 1176 501 1255 ᾗτινι
546 1181 577 1251 ἡ
640 1180 832 1251 θεότης
884 1184 1153 1251 ὲπιὸἄσα,
1198 1182 1298 1256 τὴν
1348 1183 1627 1255 ἡμετέραν
1669 1183 1946 1255 σωτηρίαν

363 1272 784 1342 κατειργάσατο.
821 1275 989 1338 Πόδες
1020 1276 1079 1329 δὲ
1114 1277 1212 1331 καὶ
1255 1276 1303 1329 οἱ
1330 1276 1645 1338 ἀπόστολοι,
1672 1277 1748 1337 ὼς
1779 1275 1944 1346 θεμέ-

358 1365 461 1417 λιοι
484 1364 586 1434 τῆς
621 1365 973 1437 Ἐκκλησίας.
1003 1368 1411 1433 Χαλκολίΰανος
1440 1368 1496 1422 δέ
1534 1370 1705 1435 ἐστιν,
1745 1371 1803 1423 ὃν
1834 1387 1941 1440 φα-

358 1474 440 1509 σιν
473 1457 523 1510 οί
558 1458 737 1528 ἰατροὶ
762 1459 940 1531 εὐώδη
984 1457 1127 1514 εἶναι
1160 1460 1528 1532 θυμιώμενον,
1556 1462 1648 1516 τὸν
1684 1463 1814 1534 παρ’
1841 1462 1940 1515 αὐ-

355 1550 469 1611 τοῖς
497 1548 838 1621 καλούμενον
870 1552 1079 1623 ἄρρενα
1136 1551 1423 1625 [λίϐανον].
1469 1553 1539 1606 Ἢ
1575 1553 1670 1607 καὶ
1696 1553 1900 1621 ἑτέρως
1924 1569 1940 1584 ο

357 1640 556 1710 χαλκοῦ
594 1640 716 1711 μὲν,
748 1643 847 1713 τῆς
894 1644 1245 1716 ἀνθρωπίνης
1268 1663 1283 1678 υ
1315 1645 1536 1699 λιϐάνου
1560 1645 1639 1709 δὲ,
1662 1645 1762 1717 τῆς
1788 1643 1941 1711 θείας

357 1733 656 1805 νοουμένης
693 1734 932 1803 φύσεως,
964 1734 1057 1809 [δι’
1078 1730 1181 1811 ὧν]
1206 1738 1485 1792 δείκνυται
1510 1736 1607 1793 καὶ
1648 1737 1711 1791 τὸ
1740 1737 1940 1803 εὑῶδες

2129 811 2168 876 I,
2207 814 2292 870 15.
2330 813 2400 869 Ει
2454 815 2609 884 pedes
2648 817 2763 887 ejus
2808 817 3010 875 similes
3056 820 3383 889 aurichalco,
3416 823 3551 878 sicut
3586 823 3642 877 in

2054 906 2268 959 camino
2302 909 2533 963 ardenti.

2127 995 2229 1052 Per
2255 998 2408 1066 pedes
2442 998 2823 1057 Nazianzenus
2851 1002 3055 1059 Christi
3088 1006 3388 1061 secundum
3413 1021 3635 1063 carnem

2055 1092 2423 1145 mconomiam
2468 1093 2834 1164 signiﬁcatam
2880 1097 3197 1163 existimat;
3238 1101 3512 1171 siquidem
3544 1117 3636 1157 sa-

2044 1175 2513 1252 crosanctacaro,
2570 1187 2844 1243 divinitati
2882 1188 3032 1244 illius
3098 1190 3295 1259 pedum
3329 1192 3455 1248 loco
3490 1209 3628 1264 quo-

2044 1274 2336 1331 dammodo
2375 1279 2605 1335 exstitit.
2642 1280 2777 1335 Nam
2810 1292 2862 1336 et
2888 1298 2988 1353 per
3016 1282 3163 1339 illam
3216 1286 3281 1339 ad
3338 1301 3438 1342 nos
3463 1288 3635 1352 venit,

2042 1375 2096 1421 et
2127 1377 2371 1423 nostram
2406 1388 2624 1427 rursum
2675 1375 2907 1430 salutem
2938 1392 3037 1446 per
3086 1378 3334 1431 eamdem
3373 1381 3633 1449 patravit.

2045 1457 2188 1513 Sunt
2227 1470 2408 1515 autem
2443 1463 2606 1532 pedes
2644 1465 2733 1521 isti
2781 1467 2990 1523 similes
3037 1469 3426 1538 chalcolibano,
3466 1472 3522 1527 id
3553 1485 3639 1528 est

2044 1552 2190 1606 thuri
2226 1555 2509 1621 masculo;
2544 1556 2650 1612 hoc
2705 1560 2854 1615 enim
2913 1561 3226 1629 incensum,
3256 1564 3632 1634 gratissimum

2043 1643 2267 1698 odorem
2294 1661 2552 1718 spargere
2576 1648 2731 1704 solet.
2763 1649 2918 1717 Quod
2958 1652 3005 1707 si
3031 1668 3217 1719 voces,
3249 1654 3393 1709 unde
3431 1669 3633 1709 nomen

2044 1734 2148 1792 hoc
2177 1738 2462 1807 conﬂatur,
2525 1757 2778 1799 seorsum
2842 1744 3244 1814 interpreteris,
3303 1762 3399 1818 per
3427 1763 3502 1802 aes
3534 1746 3636 1802 hu~

356 1824 452 1890 τῆς
474 1825 736 1891 πίστεως,
765 1828 861 1879 καὶ
889 1828 951 1881 τὸ
978 1828 1291 1902 άσύγχυτον
1317 1829 1420 1900 τῆς
1449 1828 1720 1893 ἐνὼσεως.
1748 1831 1819 1883 Ἦ
1844 1829 1936 1885 τοῦ

2046 1844 2205 1885 mana
2238 1829 2444 1887 Christi
2474 1842 2694 1901 natura,
2720 1850 2817 1905 per
2857 1837 2984 1892 thus
3031 1846 3216 1892 autem
3250 1838 3435 1892 divina
3481 1837 3635 1907 ejus-

357 1916 559 1986 χαλκοῦ
603 1918 707 1988 μὲν
752 1918 1042 1992 δηλοῦντος
1073 1923 1134 1977 τὸ
1178 1922 1275 1977 τοῦ
1308 1922 1669 1994 κηρύγματος
1703 1921 1936 1995 εὔηχον

355 2007 445 2060 τοῦ
473 2009 530 2062 δὲ
570 2010 814 2075 λιϐάνου,
849 2012 947 2085 τὴν
980 2015 1090 2068 τῶν
1126 2015 1299 2069 ἐθνῶν
1344 2017 1685 2088 ἐπιστροφήν
1708 2033 1724 2049 ο
1751 2016 1873 2070 ὅθεν
1904 2016 1939 2088 ri

358 2098 565 2172 Νύμφη
592 2101 852 2174 ἔρχεσθαι
886 2104 1196 2163 κελεύει-αι.
1235 2107 1405 2171 Πόδες
1427 2106 1523 2160 τοῦ
1552 2107 1796 2179 Χριστοῦ
1840 2109 1940 2161 καὶ

353 2196 400 2247 οἱ
430 2196 742 2264 ἀπόστολοι,
780 2203 846 2271 τῇ
897 2200 1115 2271 καμίνῳ
1146 2200 1257 2255 τῶν
1298 2201 1627 2273 πειρασμῶν
1657 2200 1941 2273 πυρωθέν-

353 2303 440 2351 τες
467 2290 610 2343 κατὰ
638 2291 739 2362 τὴν
767 2290 863 2344 τοῦ
894 2292 1220 2347 διδασκάλου
1255 2292 1512 2365 μίμησιν.

2048 1920 2173 1976 dem
2223 1922 2530 1980 substantia
2561 1926 2913 1983 denotatur:
2963 1944 3060 1999 per
3100 1938 3393 2000 utrumque
3420 1944 3552 1985 vero
3581 1938 3638 1985 et

2039 2015 2163 2071 ﬁdei
2212 2015 2535 2087 fragrantia,
2574 2028 2629 2075 et
2672 2020 2962 2076 inconfusa
3020 2031 3341 2078 naturarum
3395 2022 3542 2077 inter
3574 2036 3641 2078 se

2039 2109 2170 2164 unio
2194 2118 2360 2180 atque
2386 2111 2722 2181 coniunctio.
2756 2116 2866 2170 Ant
2893 2131 2990 2185 per
3032 2132 3107 2171 aes
3142 2116 3328 2172 suavis
3366 2115 3633 2187 pradica-

2039 2200 2203 2256 tiouis
2240 2216 2412 2258 sonus
2444 2203 2817 2274 signiﬁcatur;
2854 2223 2953 2277 per
2984 2207 3111 2263 titus
3148 2218 3332 2264 autem
3386 2209 3631 2280 gentium

2038 2295 2104 2348 ad
2137 2293 2295 2349 (idem
2321 2299 2644 2364 conversio;
2703 2298 2770 2352 ad
2810 2314 2975 2368 quam
3022 2301 3234 2370 Sponsa
3287 2300 3342 2356 in
3391 2300 3635 2356 Cantieis

354 2378 635 2437 invitatur.
676 2381 799 2437 Alio
825 2383 988 2438 etiam
1019 2399 1185 2439 sensu
1219 2384 1475 2455 apostoli,
1507 2383 1714 2439 Christi
1766 2382 1934 2455 pedes
1964 2383 2073 2439 dici
2112 2394 2370 2454 possunt,
2394 2386 2566 2457 utqui
2586 2386 2763 2444 solida
2810 2389 3064 2446 Ecclesiae
3120 2390 3230 2447 sint
3253 2390 3630 2462 fundamenta,

352 2483 405 2528 et
457 2473 524 2526 ad
563 2473 808 2544 magistri
858 2475 1169 2545 exemplum
1222 2477 1276 2530 in
1352 2475 1676 2532 tentatiouis
1729 2475 1946 2530 camino
1971 2474 2187 2545 egregie
2217 2476 2431 2546 probati
2458 2486 2514 2530 et
2542 2477 2866 2535 examinati.

418 2565 531 2619 Καὶ
557 2565 596 2633 ἡ
625 2565 796 2635 φωνὴ
837 2567 1024 2621 αὑτοῦ
1068 2567 1148 2633 ὡς
1172 2567 1345 2636 φωνὴ
1384 2567 1624 2622 ὑδάτων
1649 2565 1900 2621 πολλῶν
1919 2580 1933 2595 ·

351 2658 447 2711 καὶ
475 2657 635 2727 ἔχων
656 2660 728 2713 ἐν
749 2658 823 2727 τῇ
854 2658 1022 2729 δεξιᾷ
1045 2659 1233 2737 αὐτοῦ
1250 2660 1513 2729 ἀστέρας
1538 2659 1714 2726 ἑπτὰ,
1740 2658 1839 2713 καί
1867 2658 1937 2711 ἐκ

349 2750 456 2804 τοῦ
480 2754 781 2821 στόματος
818 2751 1008 2807 αὑτοῦ
1030 2754 1297 2822 ῥομφαία
1333 2752 1622 2821 δίστομος
1649 2750 1815 2816 ὀξεῖα
1841 2750 1948 2804 sui

348 2844 720 2913 πορευομένη
746 2860 763 2876 ⁸
792 2845 890 2898 καί
920 2830 1119 2915 nepa;
1142 2845 1330 2900 αὐτοῦ
1353 2844 1434 2911 ὠς
1456 2846 1490 2899 ὁ
1512 2844 1688 2914 ἥλιος
1706 2843 1941 2914 φαίνων

348 2936 417 2988 ἐν
447 2934 520 3003 τῇ
547 2934 799 3005 δυνάμει
831 2936 1044 2990 αὐτοῦ.

417 3027 555 3099 [Τὴν
584 3027 641 3079 δὲ
670 3028 854 3100 φωνὴν
893 3026 1063 3082 αὑτοῦ
1109 3028 1187 3092 ὡς
1237 3028 1424 3099 φωνὴν
1479 3027 1691 3082 ὑδάτων
1726 3025 1939 3079 πολλῶν

2106 2562 2151 2629 1,
2199 2564 2286 2629 15,
2332 2567 2417 2619 16.
2449 2565 2516 2619 Ει
2560 2582 2660 2621 vox
2716 2567 2864 2622 illius
2911 2578 3169 2641 tauquam
3224 2588 3326 2626 vox
3370 2589 3632 2644 aquarum

2036 2654 2329 2710 multarum
2355 2672 2374 2710 :
2399 2667 2450 2711 et
2481 2658 2707 2712 habebat
2728 2660 2785 2712 in
2811 2660 3001 2715 dextra
3031 2678 3130 2716 sua
3170 2664 3353 2719 stellas
3382 2675 3577 2734 septem
3609 2684 3630 2733 ;

2033 2748 2173 2801 etde
2199 2765 2285 2802 ore
2307 2750 2421 2818 ejus
2460 2751 2676 2820 gladius
2712 2762 2940 2822 utraque
2982 2765 3137 2824 parte
3166 2766 3357 2812 acutus
3393 2758 3575 2814 exibat
3609 2800 3626 2815 .

2036 2848 2088 2894 et
2115 2840 2280 2910 facies
2303 2843 2439 2912 ejus,
2477 2844 2615 2898 sicut
2654 2844 2737 2900 sol
2758 2846 2893 2900 lucet
2923 2846 2975 2901 iu
3014 2847 3206 2903 virtute
3226 2865 3348 2905 sua.

2108 3017 2262 3075 Haud
2298 3020 2500 3091 injuria
2535 3037 2640 3077 vox
2667 3020 2814 3079 illius
2859 3038 3128 3093 aquarum
3159 3026 3505 3083 multitudini
3534 3044 3626 3085 as-

350 3116 519 3191 λέγει]
554 3120 803 3183 εἰκότως.
842 3120 1013 3193 Κοινὴ
1040 3121 1150 3193 γὰρ
1176 3122 1208 3191 ἡ
1250 3121 1403 3192 φωνὴ
1438 3119 1605 3174 αὑτοῦ
1632 3138 1687 3173 τε
1717 3120 1810 3172 καὶ
1838 3116 1934 3171 τοῦ

2042 3112 2331 3168 similatur.
2359 3113 2495 3169 Nam
2548 3130 2655 3170 una
2682 3116 2983 3186 eademque
3006 3116 3151 3172 illius
3182 3128 3236 3173 et
3269 3119 3499 3189 spiritus
3526 3136 3626 3174 vox

350 3214 670 3282 Πνεύματος
691 3229 705 3243 ·
740 3206 800 3265 οῦ
829 3216 1068 3284 ποταμοὶ
1109 3217 1174 3268 ὲκ
1208 3214 1309 3284 τῆς
1341 3212 1552 3275 κοιλίας
1579 3211 1690 3265 τῶν
1726 3210 1934 3264 πιστῶν

2042 3214 2141 3262 est.
2172 3206 2271 3261 Ast
2326 3206 2556 3277 spiritus
2611 3207 2661 3261 vi
2698 3210 2757 3262 lit
2806 3217 2864 3262 ut
2896 3183 3069 3278 aqua:
3120 3211 3256 3264 viva:
3294 3183 3566 3267 torrentes
3599 3230 3628 3268 c

352 3303 556 3368 ζῶντος
598 3304 792 3369 ὓδατος
860 3304 1155 3377 ἐρρευσαν,
1202 3305 1299 3359 καὶ
1346 3304 1427 3367 εἰς
1461 3303 1645 3357 πᾶσαν
1701 3300 1801 3374 τὴν
1832 3300 1937 3372 γῆν

349 3395 675 3467 διαπρύσιον
704 3398 937 3469 ἤχησαν.
979 3399 1244 3469 Ἀστέρας
1277 3396 1339 3451 δὲ
1367 3395 1528 3461 ἑπτὰ,
1567 3393 1930 3466 παρακατιὼν

350 3488 487 3555 τοὺς
534 3488 659 3543 τῶν
720 3489 1099 3558 Ἐκκλησιῶν
1168 3506 1333 3560 φησιν
1391 3488 1709 3559 ἀγγέλους.
1762 3485 1937 3556 Ῥομ-

349 3582 533 3649 φοίαν
562 3583 621 3636 δὲ
675 3584 989 3654 δίστομον,
1022 3584 1121 3654 τὴν
1165 3583 1308 3638 κατὰ
1355 3581 1466 3635 τῶν
1498 3580 1714 3635 ἀσεϐῶν
1773 3596 1940 3650 φησιν

350 3673 646 3743 ἀπόφασιν,
698 3673 797 3745 τὴν
843 3674 1167 3745 τομωτέραν
1227 3672 1368 3744 ὑπὲρ
1423 3673 1608 3726 πᾶσαν
1658 3671 1940 3744 μάχαιραν

349 3763 607 3834 δίστομον
632 3780 649 3798 ο
675 3764 708 3836 ἦ
732 3765 828 3819 καὶ
864 3762 1011 3838 [τὴν]
1042 3763 1482 3836 περιτέμνουσαν
1527 3765 1807 3835 μάχαιραν
1843 3764 1939 3817 τοῦ

352 3857 690 3928 Πνεῦματος,
720 3857 810 3911 τὸν
832 3857 979 3920 ὲντδς
1005 3854 1165 3927 ἡμῶν
1194 3855 1503 3928 ἄνθρωπον.
1543 3858 1614 3911 Τὸ
1647 3856 1718 3909 δὲ
1747 3856 1939 3924 πρόσ-

350 3966 515 4003 ωπον
552 3948 745 4004 αὑτοῦ
787 3951 1031 4021 φαίνειν
1069 3949 1151 4016 ὡς
1178 3949 1377 4018 ἥλιον,
1408 3949 1511 4003 οὐκ
1544 3946 1809 4020 αἰσθητὴν
1836 3947 1934 4019 τὴν

349 4042 567 4113 αἴγλην,
618 4041 758 4097 ἀλλά
790 4043 1010 4114 νοητὴν,
1058 4041 1240 4112 δῆλον.
1296 4040 1508 4108 Ἥλιος
1538 4041 1651 4112 γάρ
1676 4040 1804 4094 ἐστι
1845 4040 1934 4094 δι-

349 4125 702 4203 καιοσύνηξ,
737 4137 802 4207 τῇ
836 4136 1013 4206 οἰκείᾳ
1042 4134 1273 4205 δυνάμει
1303 4134 1398 4187 καὶ
1444 4133 1671 4205 ἐξουσίᾳ,
1719 4149 1930 4187 καταυ-

351 4226 568 4294 γάζωνο
602 4226 663 4279 οὐ
715 4224 906 4292 καθὼς
960 4227 989 4279 ό
1039 4225 1302 4297 αἰσθητὸς
1333 4224 1515 4296 ἥλιος,
1555 4223 1651 4280 ατε
1696 4228 1926 4295 κτίσμα,

352 4317 615 4388 θεοσδότῳ
645 4315 749 4383 [δὲ]
786 4317 1013 4388 δυνάμει
1043 4318 1138 4372 καὶ
1182 4317 1313 4389 θείῳ
1340 4317 1749 4389 προστάγματι.

2037 3300 2280 3356 fidelium
2314 3311 2504 3357 ventre
2555 3300 2760 3368 ﬂuant,
2802 3295 3059 3373 clareque
3090 3319 3186 3364 per
3225 3314 3497 3360 terrarum
3529 3323 3626 3362 or-

2036 3393 2158 3448 bem
2199 3404 2517 3464 personant.
2548 3390 2724 3449 Porro
2754 3405 2933 3449 autent
2970 3410 3109 3466 quos
3145 3396 3233 3452 hic
3260 3398 3469 3462 stellas,
3502 3400 3626 3457 illos

2037 3484 2200 3555 paulo
2224 3493 2350 3556 post
2368 3493 2579 3555 septem
2600 3484 2965 3541 Ecclesiarum
2994 3488 3208 3559 angelos
3238 3489 3491 3560 appellat.
3523 3491 3626 3547 Per

2036 3576 2276 3648 gladium
2318 3586 2504 3633 autem
2568 3578 2833 3650 utrimque
2876 3591 3093 3635 acutum
3146 3584 3625 3642 condetnnationis

2037 3670 2331 3738 sententia,
2367 3686 2533 3741 quam
2555 3680 2744 3726 contra
2779 3672 2977 3742 impios
3005 3673 3338 3742 t‘nlminabit,
3373 3676 3625 3732 insitiua-

2038 3769 2147 3816 tur.
2181 3760 2254 3815 Ea
2281 3761 2427 3815 enim
2476 3762 2671 3833 quovis
2700 3762 2927 3832 ancipiti
2997 3763 3180 3835 gladio
3232 3767 3625 3837 peuetrabilior

2037 3855 2142 3908 erit
2174 3862 2317 3918 ;vant
2360 3864 2511 3910 certe
2571 3855 2639 3910 de
2681 3854 2866 3927 gladio
2934 3856 3198 3927 Spiritus,
3234 3875 3344 3929 quo
3390 3858 3626 3916 interior

2037 3942 2203 3998 homo
2236 3943 2671 4013 circumciditur,
2724 3953 2809 4001 est
2836 3944 2927 4002 hic
2956 3963 3162 4004 sermo.
3193 3946 3351 4015 Quod
3376 3964 3506 4006 vero
3538 3952 3622 4022 [ας

2034 4037 2138 4091 cies
2166 4034 2279 4106 ejus
2318 4038 2494 4091 instar
2515 4038 2643 4093 solis
2671 4038 2853 4093 lucida
2876 4041 3113 4106 dicatur,
3144 4042 3196 4097 id
3242 4058 3351 4099 non
3390 4044 3458 4099 ad
3494 4061 3625 4101 sen—

2031 4128 2186 4184 silem
2223 4130 2461 4200 aliquam
2494 4131 2670 4186 lucem
2706 4132 2793 4186 vel
2825 4132 3195 4203 splendorem,
3228 4137 3320 4191 sed
3349 4138 3417 4192 ad
3466 4154 3621 4194 men-

2033 4221 2103 4277 tis
2126 4221 2547 4278 illustrationem
2571 4221 2759 4278 referri
2783 4224 2966 4278 debet.
2992 4224 3445 4296 Quandoquidem
3470 4230 3625 4300 sset

2025 4310 2262 4381 justitite
2290 4310 2340 4365 vi
2372 4312 2594 4382 propria
2629 4320 2683 4366 et
2713 4320 2982 4382 potestate
3026 4314 3173 4371 lucet
3209 4325 3265 4371 et
3305 4318 3548 4372 illumina
3599 4334 3617 4383 ;

352 4424 456 4466 non
482 4411 555 4465 ita
587 4419 770 4466 autem
805 4411 887 4466 sol
925 4411 1015 4466 ille
1042 4411 1136 4482 qui
1192 4411 1477 4468 obtutibus
1525 4410 1730 4467 nostris
1762 4408 2010 4481 quotidie
2067 4402 2345 4473 obiicitur.
2390 4403 2441 4459 ls
2493 4404 2642 4459 enim
2709 4409 2974 4475 tanquam
3027 4421 3119 4464 res
3180 4418 3367 4464 creata
3423 4411 3619 4467 virtute

350 4518 509 4577 quam
539 4518 569 4558 a
606 4504 717 4557 Deo
750 4503 980 4574 accepit,
1016 4501 1187 4559 lucem
1229 4505 1456 4576 spargit,
1508 4504 1765 4577 illiusque
1788 4505 1926 4559 adeo
1949 4502 2110 4573 jussu
2143 4511 2346 4552 munus
2378 4512 2543 4552 suum
2586 4499 2727 4555 obit.

416 4596 526 4650 Kal
549 4595 647 4650 ὅτε
668 4591 834 4650 εἶδον
852 4596 1062 4663 αὐτὸν,
1084 4596 1279 4651 ἔπεσα
1296 4597 1446 4665 πρὸς
1461 4596 1603 4663 τοὺς
1622 4596 1814 4663 πόδας
1830 4599 1934 4651 ab-

2112 4589 2153 4657 l,
2195 4590 2280 4655 l7,
2318 4590 2404 4645 18.
2438 4590 2661 4646 Etcum
2690 4594 2931 4649 vidissem
2975 4610 3116 4661 eum,
3150 4596 3318 4650 cecidi
3355 4597 3425 4651 ad
3468 4599 3623 4666 pedes

347 4687 451 4741 τοῦ
464 4688 545 4754 ὡς
557 4687 796 4756 νεκρός’
817 4687 914 4741 καί
938 4687 1196 4755 ἐπέθηκε
1213 4687 1545 4755 τὴνδεξιὰν
1558 4687 1747 4742 αὐτοῦ
1769 4686 1936 4758 χεῖρα

346 4778 436 4831 ἐπ’
454 4778 579 4849 ἐμὲ,
597 4778 815 4849 λέγων·
842 4779 935 4848 Μὴ
957 4779 1168 4849 φοϐοῦ
1192 4778 1310 4849 ἐγώ
1330 4782 1499 4849 εἱμιό
1518 4778 1751 4847 πρῶτος
1780 4781 1876 4835 καί
1900 4781 1935 4834 ό

347 4872 624 4940 ἔσχατος
645 4870 935 4938 καίόζὶῦν,
957 4872 1057 4937 καὶ
1084 4872 1381 4943 ἐγενόμην
1407 4873 1646 4940 νεκρός·
1680 4872 1778 4926 καὶ
1806 4870 1935 4925 ἰδοὺ

350 4963 459 5025 ζῶν
487 4968 606 5035 ειμι
656 4966 745 5032 είς
787 4964 933 5032 τοὺς
976 4964 1201 5031 αιῶνας
1228 4964 1352 5018 τῶν
1378 4963 1627 5018 αιώνων.
1652 4962 1678 5035 Ῐ
1695 4963 1935 5038 Ἀμήν.)

352 5057 453 5114 Καὶ
488 5058 608 5125 ἔχω
641 5058 745 5124 τὰς
787 5057 1038 5124 κλεῖδας
1062 5056 1171 5111 τοῦ
1196 5055 1462 5111 θανάτου
1490 5055 1718 5111 καὶτοῦ
1756 5056 1929 5124 ᾅδου.

419 5147 632 5202 Ταυτδν
678 5147 738 5201 δὲ
799 5148 1110 5202 πεπονθότα
1170 5148 1262 5201 τὸν
1295 5147 1594 5202 ἀπόστολον
1638 5147 1814 5219 Ἰησοῦ
1854 5147 1934 5219 τῷ

353 5240 441 5294 τοῦ
472 5242 634 5312 Ναυῆ
664 5244 760 5297 καὶ
786 5242 1008 5314 Δανιὴλ,
1043 5243 1134 5296 διὰ
1162 5244 1222 5297 τὸ
1257 5241 1486 5307 ἀσθενὲς
1520 5245 1623 5314 τῆς
1656 5243 1931 5313 ἀνθρωπίο

356 5351 445 5405 νης
472 5334 713 5404 φύσεως,
735 5335 1050 5407 ἀνέρρωσεν
1076 5338 1108 5391 ό
1139 5335 1397 5407 Χριστὸς,
1429 5338 1611 5406 φήσας
1630 5335 1808 5408 αὐτῷ·
1832 5336 1929 5407 Μὴ

352 5427 538 5497 φοϐοῦ
564 5443 578 5456 ·
614 5426 675 5481 οὐ
709 5428 816 5500 γὰρ
856 5429 1168 5483 θανατῶσαί
1232 5446 1290 5483 σε
1349 5428 1709 5499 παραγέγονα
1732 5446 1747 5462 ο
1798 5430 1928 5498 ὅσγε

352 5520 586 5593 ἄναρχος
613 5519 689 5574 ὢν
744 5523 839 5575 καὶ
893 5523 1276 5594 άνελεύτητος,
1312 5521 1381 5574 δι’
1413 5521 1559 5591 ὑμᾶς
1599 5521 1794 5594 νεκρὸς
1836 5522 1929 5588 γέ-

352 5627 510 5678 γονα·
549 5610 670 5682 [καὶ
696 5610 807 5681 ἔχω
835 5612 935 5675 τὰς
966 5612 1117 5677 κλεῖς
1140 5610 1236 5665 τοῦ
1265 5612 1500 5665 θανάτου
1532 5610 1746 5665 καὶτοῦ
1772 5610 1924 5684 ᾅδου,

354 5704 467 5773 ἦτοι
497 5700 593 5755 τοῦ
621 5700 861 5771 ψυχικοῦ
896 5703 991 5754 καὶ
1026 5700 1352 5773 σωματικοῦ
1389 5699 1676 5772 θανάτου.]

2038 4683 2152 4753 ejus
2204 4690 2460 4755 tanquam
2503 4696 2763 4741 mortuus.
2817 4686 2888 4743 Et
2938 4690 3114 4759 posuit
3148 4690 3421 4744 dexteram
3466 4709 3626 4748 suam

2038 4794 2198 4846 super
2230 4793 2331 4842 me,
2358 4778 2572 4842 dicens;
2605 4778 2737 4834 Noli
2778 4782 2963 4838 timere
3008 4798 3028 4836 :
3056 4798 3151 4853 ego
3194 4799 3312 4836 sum
3339 4785 3543 4852 primus
3570 4797 3623 4840 et

2039 4870 2395 4934 novissimus;
2427 4879 2480 4922 et
2520 4871 2693 4937 vivus,
2715 4884 2764 4927 et
2815 4872 2897 4942 {ut
2929 4883 3213 4939 mortuus;
3252 4885 3300 4928 et
3351 4891 3468 4931 ecce
3502 4892 3627 4930 sum

2036 4961 2206 5015 viscus
2226 4960 2283 5013 in
2307 4960 2507 5014 sarcula
2541 4961 2889 5027 uinculorum,
2931 4973 2981 5018 et
3010 4963 3178 5018 habeo
3218 4963 3391 5020 claves
3431 4970 3627 5022 mortis

2034 5061 2083 5106 et
2108 5051 2325 5121 inferni.

2102 5141 2248 5197 Idem
2302 5156 2502 5212 passus
2572 5152 2657 5198 est
2714 5144 3000 5215 apostolus
3051 5148 3196 5216 quod
3249 5147 3422 5206 Josue
3476 5149 3623 5206 ﬁlius

2032 5231 2202 5302 Nave,
2242 5244 2295 5288 ct
2317 5234 2578 5304 propheta
2611 5233 2800 5291 Daniel
2842 5254 2858 5290 :
2906 5250 3069 5306 quem
3104 5240 3334 5307 proinde
3355 5241 3615 5298 Christus

2031 5326 2105 5383 ob
2135 5336 2345 5381 natura:
2373 5325 2805 5382 imbecillitatem
2833 5328 3229 5395 corroboravit,
3262 5330 3464 5402 talique
3484 5348 3617 5389 ora-

2032 5420 2179 5475 tione
2211 5419 2601 5489 compellavit:
2655 5418 2809 5474 Nilu‘l
2852 5430 3058 5477 metuas
3100 5436 3326 5493 :neque
3365 5424 3514 5479 enim
3544 5425 3617 5480 ob

2033 5513 2084 5567 id
2115 5513 2222 5568 huc
2250 5515 2393 5581 veni,
2424 5522 2485 5568 ut
2512 5515 2679 5569 morti
2713 5520 2766 5568 te
2795 5512 3013 5571 dedam.
3060 5512 3276 5571 Etenim
3307 5530 3433 5571 cum
3465 5520 3613 5587 prin-

2029 5605 2155 5677 cipii
2202 5606 2674 5677 linisqueexpers
2727 5621 2943 5672 essem,
3011 5617 3243 5663 mortem
3327 5610 3615 5667 hominum

2028 5713 2195 5756 causa
2227 5699 2376 5755 ultro
2402 5700 2591 5756 subire
2618 5714 2730 5754 non
2758 5700 3027 5757 dubitavi.
3070 5699 3215 5767 Quin
3254 5705 3450 5759 mortis
3480 5719 3620 5773 quo-

356 5811 454 5870 que
480 5806 536 5852 et
570 5795 767 5851 inferni
796 5795 999 5866 claves,
1031 5797 1132 5854 hoc
1153 5806 1258 5867 est,
1286 5795 1597 5852 absolutam
1644 5796 1696 5851 in
1734 5795 1931 5849 animae
1981 5803 2034 5851 et
2100 5795 2353 5865 corporis
2397 5804 2659 5863 mortem,
2696 5801 3021 5864 potestatem
3045 5793 3239 5854 habeo.
