4040 6592
380 315 480 380 231

1543 297 1890 376 “unum
1932 311 2450 375 CAESARIENSIS

3561 313 3670 380 232

453 428 494 496 Ι,
529 426 613 490 l9,
649 423 738 481 ΞΟ.
769 423 949 481 Scribe
981 440 1104 494 ergo
1130 440 1246 496 qua:
1272 423 1473 491 vidisti,
1503 434 1553 478 et
1585 441 1703 496 qua:
1725 435 1872 490 sunt,
1916 433 1965 478 et

2141 421 2396 492 Γράψον
2425 419 2540 476 οὖν
2565 419 2603 475 ἃ
2636 415 2813 488 εἶδες,
2853 421 2952 475 καὶ
3003 420 3042 476 d
3087 421 3230 488 εισι.
3265 423 3364 478 καὶ
3391 422 3430 478 ci
3455 425 3672 494 plus.

379 537 495 590 quia
526 531 728 590 oportet
753 521 871 590 ﬁeri
893 528 1009 588 post
1033 520 1164 574 Ιιωε.
1191 517 1595 574 Sacramentum
1627 529 1820 587 septem
1844 517 1971 573 stel-

382 613 578 677 larum,
604 629 736 683 quas
766 611 945 666 vidisti
977 612 1032 665 in
1079 612 1299 666 dextera
1335 628 1481 678 utea;
1525 624 1575 667 et
1612 621 1806 682 septem
1845 629 1972 666 can-

381 703 600 758 delabra
652 721 838 759 aurea.
897 703 1109 774 Septem
1160 704 1328 758 stellte
1356 745 1371 770 ,
1408 704 1581 775 angeli
1622 714 1745 758 sunt
1777 713 1972 773 septem

388 795 751 851 Ecclesiarum
781 811 800 850 :
858 807 903 850 et
949 795 1274 850 candelabra
1324 807 1543 866 septem,
1602 813 1720 868 qua:
1769 795 1972 862 vidisti,

383 897 577 957 septem
612 886 867 941 Ecclesia:
897 897 1045 944 sunt.

457 980 910 1050 Quandoquidem
953 981 1045 1034 lux
1070 995 1196 1036 vera
1242 993 1324 1036 est
1354 978 1608 1034 Christus
1643 995 1657 1032 :
1703 977 1760 1032 lit
1796 985 1854 1031 ut
1886 992 1979 1032 co-

387 1074 628 1144 piosiore
661 1073 780 1128 luce
813 1074 882 1128 ab
908 1089 974 1128 eo
1012 1073 1297 1141 illustrati,
1328 1074 1557 1127 lucerna:
1611 1072 1974 1142 appellentur,

388 1166 545 1234 quasi
589 1165 875 1233 praesentis
911 1165 1032 1220 vitae
1077 1173 1292 1220 noctem
1340 1163 1453 1234 jam
1497 1164 1670 1218 exuti.
1718 1161 1980 1217 Lucerna:

391 1273 611 1313 rursum
670 1257 814 1312 haud
883 1258 1211 1313 inconcinne
1259 1266 1527 1313 vocantur
1577 1257 1872 1324 Ecclesize;
1922 1265 1982 1310 ut

2073 514 2358 582 γενέσθαι
2407 512 2560 583 μετὰ
2606 513 2813 568 ταῦτα.
2879 513 2956 568 Τὸ
2994 517 3339 584 μυστήριον
3366 515 3486 569 τῶν
3522 517 3672 571 ἑπτὰ

2075 609 2348 676 ἀστέρων
2381 603 2470 662 ὧν
2515 603 2674 673 εἶδες
2717 607 2815 661 ἐπὶ
2860 605 2971 674 τῆς
3003 606 3208 674 δεξιᾶς
3238 625 3380 677 μου,
3418 609 3516 662 καὶ
3565 616 3674 676 τὰς

2075 700 2226 754 ἑπτὰ
2276 699 2539 768 λυχνίας
2609 697 2718 762 τὰς
2761 696 3035 766 χρυσᾶςο
3083 701 3139 752 ol
3191 699 3346 752 ἑπτὰ
3394 699 3671 767 ἀστέρες,

2077 793 2319 864 ἄγγελοι
2341 789 2465 847 τῶν
2501 791 2654 845 έπτὰ
2699 790 3077 859 Ἐκκλησιῶν
3116 793 3236 846 εἱσι
3259 809 3274 824 ο
3309 792 3408 846 καὶ
3436 795 3497 847 al
3525 793 3677 847 ἐπτὰ

2076 888 2326 956 λυχνίαι
2352 885 2423 952 ἅς
2454 881 2633 952 εἶδες,
2667 885 2818 939 ἑπτὰ
2860 885 3210 952 Ἐκκλησίαι
3247 886 3428 938 εισίν.

2163 979 2382 1050 Ἐπειδὴ
2425 979 2481 1032 δὲ
2513 979 2627 1048 φῶς
2658 976 2913 1048 ἀληθινὸν
2941 979 2969 1030 ὁ
2997 977 3262 1048 Χριστὸς,
3295 976 3486 1030 τούτου
3514 978 3675 1048 χάριν

2080 1071 2287 1142 λύχνοι,
2313 1072 2362 1123 οἱ
2390 1071 2482 1124 τὸν
2516 1068 2686 1124 αὑτοῦ
2712 1069 3078 1132 πλουτοῦντες
3105 1068 3442 1137 φωτισμὸν,
3481 1068 3676 1139 ὼςτὴν

2082 1163 2253 1218 νύκτα
2285 1163 2379 1217 τοῦ
2433 1163 2703 1235 παρόντος
2749 1161 2868 1232 βίου
2903 1162 3386 1233 καταλάμποντες.
3436 1162 3668 1232 Λυχνίαι

2082 1258 2140 1311 δὲ
2195 1258 2426 1320 εἰκότως
2480 1257 2536 1310 αἱ
2613 1255 2935 1327 Ἐκκλησίαι
2981 1253 3366 1325 ὀνομάζονται,
3420 1253 3496 1318 ὠς
3549 1255 3678 1316 τοὺς

391 1366 510 1420 quae
541 1350 724 1405 stellas
749 1350 1019 1420 ejusmodi
1050 1352 1190 1405 intra
1221 1367 1278 1406 se
1309 1349 1549 1417 foveant,
1569 1365 1692 1420 qua
1720 1351 1843 1404 vita:
1865 1365 1985 1403 ver-

2092 1353 2381 1422 φωστῆρας
2436 1349 2698 1419 ἔχουσαι,
2756 1348 2884 1411 τοὺς
2931 1347 3090 1416 λόγον
3151 1346 3299 1416 ζωῆς
3354 1347 3674 1416 ἐπέχοντας,

393 1445 520 1497 bum
579 1443 731 1514 juxta
768 1443 1013 1513 Apostoli
1077 1444 1402 1498 sententiam
1462 1443 1733 1498 obtinent.
1792 1440 1984 1495 Aureae

394 1546 574 1591 autem
630 1537 833 1592 eaedem
888 1537 1118 1591 lucerna:
1167 1548 1222 1592 et
1283 1537 1400 1608 ipsa
1453 1539 1617 1591 etiam
1661 1536 1982 1590 candelabra

393 1631 672 1694 dicuntur,
704 1631 770 1684 ad
806 1630 1145 1684 innuendam
1185 1631 1519 1701 singularem
1551 1631 1769 1684 illorum
1803 1629 1985 1684 excel-

395 1720 1031 1791 lentiam,eximiamque
1071 1721 1218 1787 fidei,
1248 1739 1371 1792 qua:
1415 1721 1468 1775 in
1495 1721 1628 1792 ipsis
1664 1721 1827 1792 viget,
1871 1720 1986 1775 sin-

2088 1441 2232 1496 κατᾶ.
2278 1441 2372 1494 τὸν
2404 1439 2746 1494 Ἀπύστολον.
2782 1438 3013 1508 Χρυσοῐ
3055 1439 3110 1491 δὲ
3146 1439 3203 1492 οἵ
3242 1455 3300 1490 τε
3331 1440 3547 1507 λύχνοι
3575 1441 3675 1492 καὶ

2085 1539 2146 1590 al
2172 1535 2440 1605 λυχνίαι,
2471 1534 2562 1587 διὰ
2602 1534 2662 1587 et
2687 1533 2869 1604 τίμιον
2902 1533 3000 1586 καὶ
3033 1531 3329 1601 ἀκίϐδηλον
3354 1533 3456 1601 τῆς
3480 1535 3536 1584 ὲν
3565 1533 3668 1584 αύ-

2086 1631 2200 1692 τοῖς
2230 1628 2488 1691 πίστεως.
2533 1626 2756 1681 Τούτων
2789 1627 2846 1681 δὲ
2899 1625 3109 1698 ἑκάστῃ
3165 1624 3421 1694 ἄγγελος
3471 1626 3678 1693 φύλαξ

2089 1721 2384 1792 ἐφέστηκε,
2414 1719 2599 1783 καθώς
2640 1736 2805 1791 φησιν
2839 1721 2867 1774 ὁ
2900 1719 3144 1790 Κύριοςο
3194 1717 3290 1771 καὶ
3339 1717 3368 1770 ὁ
3415 1717 3680 1786 Θεολόγος

396 1815 699 1868 ceritatem.
734 1814 976 1884 Singulis
1031 1829 1218 1884 porro,
1256 1823 1315 1868 ut
1376 1813 1642 1868 Dominus
1668 1813 1870 1869 alicubi
1909 1814 1985 1867 in-

2092 1814 2148 1868 δὲ
2176 1814 2480 1884 Γρηγόριος
2516 1811 2704 1884 [οὕτω]
2745 1811 2805 1865 τὸ
2838 1811 3013 1882 παρὸν
3063 1809 3290 1880 νενόηκε
3334 1809 3634 1878 κεφάλαιον
3661 1827 3676 1840 ·

396 1908 601 1972 sinuat,
628 1916 682 1960 et
708 1905 1005 1977 Gregorius
1060 1907 1394 1978 'l‘heologus.
1447 1907 1576 1961 dum
1612 1922 1850 1977 przesens
1882 1907 1984 1960 hoc

395 2009 561 2068 caput
588 1999 861 2062 edisserit,
891 1998 1202 2065 c0ulirmat,
1234 2002 1462 2068 angelus
1508 2009 1696 2057 custos
1731 2000 1984 2071 praeposi-

2094 1904 2189 1970 οὓς
2221 1905 2499 1976 τροπικῶς
2529 1905 2766 1975 ἀστέρας
2802 1903 2892 1957 διὰ
2921 1901 2983 1956 τὸ
3012 1901 3275 1973 φωτεινδν
3309 1902 3402 1956 καὶ
3437 1899 3684 1971 καθαρὸν

2091 1999 2191 2070 τῆς
2217 1997 2431 2067 φύσεως
2471 1997 2748 2066 ὠνόμασε.

401 2102 486 2146 tus
543 2101 644 2146 cst.
703 2090 815 2146 llos
875 2101 1056 2146 autem
1113 2093 1327 2162 angelos
1397 2093 1639 2148 custodes
1701 2094 1772 2149 ob
1831 2105 2041 2148 natura:
2090 2093 2416 2158 claritatem,
2469 2091 2702 2161 vitaeque
2763 2090 3110 2146 sanctitatem
3167 2102 3223 2146 et
3272 2087 3678 2152 castimoniam,

398 2195 552 2257 tropo
573 2187 808 2256 quodam
842 2186 1122 2242 stellarum
1157 2203 1289 2244 voce
1309 2188 1650 2246 deuominat.

986 2330 1237 2387 CAPUT.
1280 2331 1366 2387 Ill.

533 2445 615 2498 Ad
643 2444 921 2515 Ephesium
957 2446 1211 2503 Ecclesia:
1237 2449 1483 2520 angelum
1518 2450 1810 2506 destinata.

467 2641 532 2704 ll,
566 2643 614 2695 I.
659 2641 725 2696 Et
761 2643 946 2714 angelo
983 2643 1180 2713 Ephesi
1219 2643 1472 2700 Ecclesia:
1503 2645 1674 2700 scribe
1699 2662 1718 2700 :
1755 2645 1882 2701 lltcc
1906 2648 1982 2700 di-

399 2738 469 2789 cit
493 2739 583 2808 qni
610 2748 744 2792 tenet
778 2749 972 2809 septem
999 2740 1185 2795 stellas
1212 2742 1266 2796 in
1298 2742 1520 2796 dextera
1547 2760 1689 2810 sua;
1737 2746 1829 2815 qui
1875 2762 1986 2799 an:-

399 2832 544 2883 bufat
577 2831 632 2884 in
665 2832 834 2886 medio
864 2842 1061 2903 septem
1089 2835 1531 2890 candelabrorum
1568 2854 1875 2893 aureorum.

473 3004 577 3061 Per
604 3009 857 3079 angelum
907 3010 1206 3068 Ecclesiam
1242 3013 1470 3084 perinde
1500 3013 1616 3072 fere
1644 3016 1862 3083 affatur,
1901 3025 1986 3072 at-

2701 2332 2958 2387 ΚΕΦΑΛ.
2998 2327 3073 2386 Γ’.

2101 2446 2180 2502 Τὰ
2239 2447 2613 2518 γεγραμμένα
2662 2444 2813 2513 πρὸς
2864 2444 2972 2518 τον
3032 2443 3143 2511 τῆς
3188 2443 3478 2513 Ἐφεσίων
3545 2444 3680 2497 Ἐκ·-

2211 2515 2254 2543 ·’
2313 2515 2349 2517 ’⁷
2415 2515 2426 2517 ’
2459 2515 2470 2517 θ
2591 2518 2857 2583 πλησίας
2906 2515 3186 2583 ἄγγελον.

2162 2653 2252 2720 Τῷ
2287 2654 2524 2726 ἀγγέλῳ
2569 2653 2680 2724 τῆς
2712 2653 2783 2706 ἐν
2824 2651 3060 2721 Ἐφέσῳ
3119 2651 3482 2719 Ἐκκγησίας
3535 2649 3678 2721 ι)Ῥά-

2041 2816 2046 2822 .
2086 2753 2212 2818 ψον
2236 2764 2250 2779 ·
2297 2749 2441 2803 Τάδε
2461 2743 2635 2826 λέγε(
2654 2751 2686 2801 ό
2713 2744 2946 2815 κρατῶν
2969 2745 3113 2812 τοὺς
3137 2745 3287 2798 ἑπτὰ
3313 2744 3576 2812 ἀστέρας
3609 2745 3681 2797 ἐν

2088 2841 2164 2910 τῇ
2203 2840 2376 2910 δεξιᾷ
2403 2835 2593 2896 αὑτοῦ
2625 2842 2658 2894 δ
2706 2835 3048 2910 περιπατῶν
3078 2839 3146 2892 ἐν
3169 2837 3341 2908 μέσῳ
3385 2836 3503 2892 τῶν
3529 2837 3681 2892 ἑπτὰ

2094 2921 2366 3002 λυχνίῖὖν
2393 2928 2511 2984 τῶν
2537 2929 2806 3000 χρυσῶν.

2165 3023 2264 3078 Διὰ
2295 3023 2386 3077 τοῦ
2421 3025 2656 3091 ἀγγέλου
2682 3026 2746 3093 τῇ
2788 3022 3086 3094 Ἐκκλησία
3127 3022 3458 3090 διαλέγεται,
3490 3021 3680 3091 ὥσπερ

399 3111 505 3195 quc
533 3095 580 3150 si
623 3099 749 3168 quis
797 3115 893 3170 per
943 3103 1299 3174 paedagogum
1327 3106 1493 3161 verba
1539 3107 1608 3162 ad
1637 3108 1790 3163 illum
1819 3107 1982 3165 faciat

2093 3118 2160 3173 ἄν
2177 3136 2260 3182 τις
2288 3117 2376 3171 διὰ
2400 3116 2754 3185 παιδαγωγοῦ
2776 3115 2853 3187 τῷ
2874 3117 3404 3186 παιδαγωγουμένῳ.
3431 3115 3680 3169 υἰκειοῦο

397 3189 490 3255 qui
518 3190 710 3246 litteris
744 3193 981 3262 primum
1016 3195 1303 3252 imbuitur.
1339 3197 1528 3254 Solent
1577 3216 1816 3272 namque
1844 3217 1988 3272 prm-

397 3291 670 3348 ceptorcs,
721 3297 844 3351 quae
897 3284 1294 3356 discipulorum
1336 3298 1486 3353 sunt,
1543 3288 1595 3342 in
1631 3304 1691 3344 se
1733 3304 1990 3342 nonnun-

399 3387 563 3440 quam
598 3373 892 3428 transferre
918 3415 932 3438 ,
980 3375 1094 3431 sive
1133 3392 1198 3431 ea
1229 3387 1409 3433 errata
1435 3378 1657 3444 iuerint,
1707 3380 1822 3435 sive
1852 3396 1990 3450 pra:-

401 3464 550 3518 clara
581 3480 799 3536 quoque
828 3466 1097 3523 facinora.
1129 3468 1396 3525 Nituntur
1413 3473 1560 3526 enim
1598 3472 1653 3527 hi
1680 3473 1988 3544 discipulos

400 3558 579 3624 quoad
605 3557 720 3626 ejus
775 3559 890 3614 fieri
937 3570 1136 3630 potest,
1177 3563 1386 3619 similes
1421 3565 1527 3620 sibi
1567 3565 1817 3623 reddere.
1855 3565 1990 3620 Pro-

402 3649 581 3703 babile
610 3649 666 3704 lit
700 3661 880 3706 autem
905 3669 1002 3723 per
1021 3664 1216 3724 septem
1244 3657 1428 3712 stellas
1459 3667 1714 3728 septemve
1752 3659 1987 3731 angelos,

399 3756 540 3811 quos
571 3739 802 3796 liena-us
818 3752 872 3798 et
895 3744 1232 3815 Iipiphanius
1262 3746 1685 3818 intelligentium
1722 3751 1986 3806 cmlorum

403 3834 623 3888 nomine
650 3834 849 3889 alicubi
895 3837 1231 3907 exprimunt,
1274 3839 1445 3894 totius
1490 3841 1733 3898 universi
1790 3845 1990 3914 guber-

401 3925 698 3992 nationem,
757 3944 880 3998 quae
937 3928 990 3984 in
1034 3931 1256 3985 dextera
1304 3931 1531 4001 Christi,
1601 3935 1744 3990 sicut
1801 3952 1991 3993 omnes

402 4032 618 4087 quoque
675 4030 833 4074 terra:
884 4022 1038 4088 lines,
1089 4024 1192 4078 sita
1225 4031 1328 4084 est.
1367 4025 1472 4080 hoc
1511 4026 1634 4080 loco
1668 4028 1986 4098 signiticari.

2093 3210 2218 3262 σθαι
2264 3207 2373 3280 γὰρ
2415 3209 2442 3261 ὁ
2487 3207 2804 3271 διδάσκαλος
2866 3209 2934 3262 τὰ
2961 3208 3058 3262 τοῦ
3119 3207 3363 3278 μαθητοῦ
3413 3210 3678 3277 πέφυκεν,

2089 3301 2198 3354 εἴτε
2230 3303 2579 3370 ἐγκλήματα,
2633 3302 2742 3355 εἴτε
2802 3301 3230 3372 κατορθώματα,
3281 3302 3376 3355 iit-.2
3434 3301 3681 3353 σπεύδων

2089 3393 2372 3464 ἐξομοιοῦν
2409 3393 2590 3464 ἑαυτῷ
2618 3393 2709 3446 τὸν
2735 3393 3143 3464 διδασκόμενον.
3175 3394 3335 3456 Εἰκὸς
3361 3394 3418 3446 δὲ
3446 3394 3535 3446 διὰ
3561 3391 3681 3446 τῶν

2088 3483 2238 3537 ἑπτὰ
2260 3484 2553 3554 ἀστέρων,
2588 3484 2780 3553 ἤγουν
2813 3483 2979 3558 [τῶν]
3010 3485 3301 3554 ἀγγέλων,
3342 3484 3448 3537 τῶν
3481 3487 3538 3537 ἐν
3569 3487 3684 3550 τοῖς

2095 3578 2418 3649 εἰρημένοις
2451 3578 2728 3649 Εἰρηναίῳ
2754 3579 2850 3631 καὶ
2889 3577 3199 3650 Ἐπιφανίῳ
3225 3581 3337 3640 τοῖς
3367 3577 3683 3649 μακαρίοις,

2095 3668 2238 3722 ἑπτὰ
2262 3670 2536 3740 οὐρανοῖς,
2562 3667 2797 3738 λογικῶν
2833 3669 3045 3734 τάξεων
3089 3669 3387 3738 δηλοῦσθαι
3421 3671 3520 3740 τὴν
3568 3669 3683 3722 δια-

2097 3759 2393 3830 κόσμησιν.
2433 3763 2492 3814 ὲν
2526 3763 2593 3832 τῇ
2638 3761 2788 3832 δεξιᾷ
2824 3761 2919 3816 τοῦ
2947 3763 3185 3832 Χριστοῦ
3212 3763 3476 3833 κειμένην
3503 3779 3517 3795 ο
3563 3756 3683 3837 ἐνῇ

2091 3851 2187 3903 καὶ
2215 3852 2284 3904 τὰ
2308 3851 2410 3921 τῆς
2454 3855 2558 3922 γῆς
2583 3853 2798 3923 πέρατα
2825 3869 2840 3884 ο
2872 3852 2969 3906 τοῦ
3001 3855 3094 3906 καὶ
3125 3856 3183 3906 ἐν
3221 3854 3371 3924 μέσῳ
3410 3855 3520 3906 τῶν
3559 3855 3683 3906 Ἐκ-

2091 3941 2332 4011 κλησιῶν
2392 3943 2848 4014 περιπατοῦντος,
2937 3945 3083 3998 κατά
3141 3948 3242 4018 τὴν
3290 3948 3502 4000 οἰκείαν
3557 3946 3684 3999 ὑπό-

2092 4052 2299 4106 σχεσιν.

405 4108 684 4177 Siquidem
721 4111 768 4165 is
822 4120 906 4165 est
947 4114 1038 4182 qui
1089 4113 1247 4184 juxta
1281 4118 1701 4186 promissionem
1746 4137 1902 4176 suam
1933 4123 1985 4179 in
2029 4129 2209 4183 medio
2263 4127 2639 4186 Ecclesiarum
2699 4131 2969 4197 ambulat,
3001 4133 3378 4204 mundumque
3426 4147 3523 4203 per
3554 4147 3676 4187 sau-

402 4211 524 4258 ctos
553 4202 780 4275 angelos
815 4203 1187 4262 administrat.

472 4317 538 4384 ll,
568 4319 688 4375 2-5.
728 4319 852 4375 Scio
875 4337 1036 4390 opera
1088 4333 1182 4377 tua
1211 4334 1259 4379 et
1287 4325 1545 4393 laborem,
1579 4337 1629 4382 et
1673 4331 1989 4398 patientium

401 4420 550 4464 tuam
569 4425 588 4474 ,'
619 4422 667 4464 et
704 4413 828 4481 quia
868 4429 969 4466 non
999 4424 1146 4483 potes
1173 4419 1434 4473 sustinere
1467 4420 1660 4486 ntalos,
1689 4430 1740 4475 et
1769 4423 1987 4476 tentasti

2173 4331 2328 4390 Οἶδα
2350 4336 2588 4414 agema
2618 4353 2758 4402 σου,
2797 4339 2894 4392 καὶ
2922 4340 3029 4394 τὸν
3054 4339 3246 4394 κόπον
3275 4356 3414 4402 σου,
3442 4339 3538 4393 καὶ
3568 4340 3685 4409 τὴν

2097 4429 2418 4495 ὑπομονήν
2436 4444 2554 4484 σου
2581 4443 2594 4458 °
2627 4431 2728 4484 καὶ
2781 4431 2871 4485 ὅτι
2928 4435 3002 4488 οὐ
3039 4432 3194 4502 δύνῃ
3219 4432 3533 4498 ,βαστάσαι
3574 4452 3682 4488 κα-

397 4519 487 4557 eos
511 4503 602 4573 qui
623 4505 810 4557 dicunt
836 4521 890 4558 se
918 4507 1187 4575 apostolos
1221 4524 1356 4574 esse,
1387 4520 1438 4564 et
1469 4527 1573 4565 non
1601 4522 1746 4576 sunt,
1771 4524 1820 4568 et
1851 4516 1985 4569 inve-

2098 4523 2281 4588 πούς·
2316 4524 2414 4576 καὶ
2471 4523 2799 4592 ἐπείρασας
2829 4527 2971 4594 τοὺς
3022 4490 3316 4596 λέγοντας
3381 4527 3682 4605 [ἑαυτοὺς]

406 4601 535 4654 nisti
560 4616 644 4653 eos
677 4600 953 4654 mendaces
977 4616 996 4655 :
1035 4612 1084 4657 et
1118 4603 1176 4674 9
1197 4606 1511 4674 patientiam
1540 4606 1724 4674 habes,
1751 4619 1800 4664 et
1827 4613 1990 4665 susti-

406 4692 572 4746 nuisti
597 4702 809 4761 propter
858 4710 1047 4748 nomen
1102 4712 1298 4763 meum,
1335 4709 1384 4753 et
1439 4716 1547 4754 non
1577 4701 1840 4769 deiecisti.
1887 4702 1992 4759 Sed

404 4783 568 4837 habeo
624 4785 902 4841 adversum
951 4800 999 4843 te
1043 4805 1239 4858 pauca,
1300 4793 1440 4863 quod
1487 4795 1802 4851 charitatem
1844 4808 1991 4853 luant

405 4879 634 4946 primum
663 4879 946 4948 reliquisti.
973 4881 1178 4938 Memor
1205 4894 1318 4938 esto
1340 4887 1520 4956 itaque
1540 4888 1676 4944 unde
1703 4892 1987 4958 excideris,

406 4978 453 5023 et
478 4987 572 5040 age
602 4973 1053 5043 ptenitentiam,“
1084 4978 1259 5048 prima
1288 4995 1449 5048 opera
1487 4980 1599 5050 fac.

478 5264 846 5338 Ephesiorum
880 5267 1184 5324 Ecclesiam
1223 5269 1290 5325 de
1311 5271 1529 5328 duobus
1561 5273 1804 5328 tribusve
1845 5290 1992 5328 sum-

409 5361 598 5414 matim
640 5363 1020 5426 commendat;
1049 5363 1263 5417 (le-uno
1315 5374 1496 5420 autem
1555 5365 1792 5433 incusat,
1825 5368 1990 5438 idque

408 5452 462 5506 in
498 5453 680 5508 medio
708 5453 964 5509 collocat.
992 5453 1205 5508 Etenim
1257 5454 1598 5510 tolerantiam
1635 5457 1990 5528 laboremque

407 5555 462 5600 et
542 5547 850 5602 molestiam
911 5563 1072 5618 quam
1138 5563 1234 5618 pro
1283 5550 1387 5604 fide
1437 5562 1792 5622 susceperat;
1870 5564 1986 5609 tum

409 5639 594 5691 odium
625 5655 866 5709 quoque,
898 5655 1008 5710 quo
1051 5641 1420 5708 improborum
1483 5646 1687 5698 scelera
1721 5654 1778 5699 et
1809 5646 1990 5713 impo-

413 5737 596 5784 sturas
631 5735 1078 5803 persequebatur,
1133 5738 1336 5792 laudat.
1390 5735 1597 5790 Laudat
1646 5752 1800 5808 aeque
1848 5739 1992 5806 quod

416 5842 526 5881 non
559 5830 710 5884 omni
735 5829 952 5900 spiritui
983 5833 1139 5888 fidem
1173 5831 1409 5899 habeat;
1442 5845 1628 5885 verum
1668 5829 1721 5884 in
1759 5846 1856 5887 eos
1897 5831 1992 5901 qui

2091 4612 2479 4682 ἀποστόλους
2510 4613 2686 4692 εἶναι,
2726 4619 2826 4672 καὶ
2878 4622 2989 4673 οὐκ
3021 4621 3144 4674 εἰσί
3168 4637 3182 4652 ο
3233 4620 3333 4674 καὶ
3375 4617 3549 4688 εὗρες
3573 4624 3682 4674 αὺ-

2093 4705 2235 4770 τυὺς
2269 4706 2552 4775 ψευδεῖς,
2604 4711 2700 4764 καὶ
2772 4711 3149 4779 ἐϐάστασας·
3217 4713 3318 4766 καὶ
3361 4712 3684 4781 ὑπομονὴν

2091 4800 2253 4867 ἔχεις
2285 4799 2382 4853 διὰ
2412 4802 2478 4855 τὸ
2531 4802 2721 4872 ὄνομα
2751 4822 2894 4872 μου,
2960 4805 3063 4858 καὶ
3121 4804 3240 4878 [οὐ]
3289 4807 3678 4872 κεκοπίακας.

2105 4891 2259 4946 Ἀλλ’
2289 4893 2408 4962 έχω
2450 4895 2602 4947 κατὰ
2642 4895 2779 4960 σοῦ,
2835 4896 2921 4949 ὅτι
2964 4895 3082 4963 τὴν
3124 4897 3368 4965 ἀγάπην
3413 4913 3530 4950 σου
3565 4895 3682 4964 τὴν

2092 4988 2335 5058 πρώτην
2393 4991 2655 5059 ἀφῆκας.
2703 4994 3057 5061 Μνημόνευε
3114 4989 3230 5048 οὖν
3270 4994 3459 5049 πόθεν
3503 4994 3667 5047 ἐκπέ-

2092 5096 2365 5148 πτωκας,
2425 5085 2542 5136 καθ’
2559 5085 2962 5153 μετανόησον,
3004 5087 3104 5140 καὶ
3161 5086 3234 5140 τὰ
3283 5085 3484 5154 πρῶτα
3537 5085 3684 5154 ἔργα

2091 5175 2370 5241 ποιησοκ.
3638 5225 3648 5247 _-

2177 5269 2266 5320 Ἑν
2293 5269 2413 5321 δυσὶ
2443 5270 2498 5321 δὲ
2533 5270 2627 5340 τὴν
2671 5271 3002 5342 Ἐκκλησίαν
3045 5273 3469 5345 ἀποδεχόμενος,
3501 5273 3558 5326 ὲν
3598 5275 3681 5326 ἔνι

2093 5361 2268 5433 ταύτῃ
2298 5363 2721 5432 καταμέμφεται
2753 5381 2765 5393 ·
2788 5365 2816 5414 ὃ
2839 5368 2934 5418 καὶ
2963 5367 3133 5436 μέσον
3162 5366 3429 5430 τέθεικεν,
3463 5368 3532 5420 τὰ
3558 5383 3684 5419 κπ-

2093 5453 2394 5523 ορθώμλτα
2445 5455 2558 5516 θεὶς
2612 5458 2990 5526 ἑκατέρωθεν
3061 5459 3152 5510 τὸν
3206 5460 3304 5529 μὲν
3367 5459 3540 5511 κόπον
3590 5459 3683 5510 καὶ

2093 5549 2191 5618 τὴν
2219 5550 2358 5620 ὑπὲρ
2387 5551 2485 5618 τῆς
2523 5550 2762 5616 πίστεως
2795 5553 3096 5624 ὑπομονὴν,
3130 5555 3226 5606 καὶ
3253 5552 3352 5623 τὴν
3385 5553 3524 5618 πρὸς
3552 5552 3680 5612 τοὺς

2096 5645 2299 5708 κακοὺς
2357 5646 2526 5714 αὐτῆς
2579 5647 2935 5717 ἀλλοτρίωσιν
2990 5649 3255 5719 ἐπῄνεσεν
3292 5664 3305 5678 ο
3350 5648 3437 5701 ὅτι
3491 5663 3556 5700 τε
3600 5646 3680 5716 μὴ

2098 5739 2262 5790 παντὶ
2310 5738 2654 5792 πιστεύσασα
2688 5741 3006 5811 Πνεύματι,
3048 5742 3308 5810 ἐπείρασε
3357 5741 3484 5802 τοὺς
3525 5739 3684 5808 ψευδ-

2096 5833 2422 5896 αποστὸλονς
2459 5848 2471 5861 ·
2510 5834 2603 5887 καὶ
2650 5833 2853 5903 γνοῦσα
2899 5835 3115 5906 ψευδεῖς
3163 5837 3382 5902 αὐτοὺς,
3418 5835 3675 5905 ἀπεπέμο
