4040 6610
291 441 396 504 233

1264 435 1871 499 COMMENTARIUS
1910 435 1994 496 IN
2037 435 2570 499 APOCALYPSIN.

3460 433 3563 498 234

291 560 431 627 ψατο
457 572 472 588 ·
517 556 653 627 πρὸς
709 548 765 609 δὲ
800 555 996 626 τούτῳ,
1025 555 1107 609 ὅτι
1150 556 1245 610 καὶ
1272 557 1340 611 τὰ
1384 557 1521 630 ἔργα
1548 557 1657 611 τῶν
1689 559 1884 631 αισχρ-

2005 571 2090 625 )ro
2141 553 2405 627 apostolis
2443 566 2503 608 se
2547 548 2927 614 venditabant,
2963 547 3251 618 diligenter
3302 546 3567 617 inquirat,

292 648 508 720 ουργῶν
565 647 911 701 Νικολαϊτῶν
957 647 1288 718 μεμίσηκεν.
1359 649 1755 720 Ἐπεμέμψατο
1811 650 1890 716 δὲ,

291 744 372 796 ὅτι
421 741 524 813 τὴν
577 741 719 812 πρὸς
778 742 872 794 τὸν
929 740 1160 811 πλησίον
1221 741 1444 812 ἀγάπην
1484 743 1581 797 καὶ
1638 742 1890 796 εὐποιίαν

295 834 511 905 ἐχλίανε
540 850 554 864 °
593 833 730 904 πρὸς
762 833 831 902 ἢν
872 833 1043 904 αὐτὴν
1079 831 1290 906 [πάλιν]
1324 834 1414 889 διὰ
1460 835 1571 889 τῶν
1607 835 1736 907 ἑξῆς
1793 836 1888 889 ἀν-

302 927 628 979 εκαλέσατο⁶
654 925 722 978 δι’
745 919 822 979 ὧν
855 943 989 998 φησι
1022 943 1038 959 ο
1073 927 1148 981 Τὰ
1181 924 1386 996 πρῶτα
1416 927 1563 997 ἔργα
1593 929 1883 998 ποίησον.

1991 651 2271 721 falsosque
2318 655 2628 716 compertos
2679 643 2978 714 prudenter
3040 641 3310 713 repudiet.
3359 639 3576 695 Laudat

1990 742 2210 798 tandem
2236 739 2381 810 quod
2418 737 2633 807 impura
2664 733 3062 790 Nicolaitarum
3092 749 3259 804 opera
3290 741 3573 788 aversetur

1985 835 2282 906 palamque
2321 831 2646 888 detestetur.
2683 827 2753 883 At
2778 841 2909 883 vero
2947 827 3096 897 quod
3142 826 3378 897 primam
3440 824 3577 879 dile-

1985 928 2252 991 ctionem,
2297 923 2625 993 solitamque
2685 935 2813 993 erga
2881 935 3083 992 egenos
3161 916 3576 974 beneﬁcentiam

299 1018 615 1081 remissius,
644 1033 811 1088 quam
843 1035 944 1091 par
972 1027 1113 1086 erat,
1133 1028 1438 1084 exerceret,
1465 1019 1517 1074 id
1537 1020 1674 1076 vitio
1704 1021 1869 1098 vertit
1900 1037 1914 1074 :
1953 1020 2023 1076 ad
2048 1035 2214 1091 quam
2272 1017 2505 1088 proinde
2547 1016 2696 1072 illam
2721 1015 2904 1071 denuo
2950 1026 3212 1069 revocare
3248 1007 3528 1066 contendit
3560 1025 3575 1064 :

301 1111 404 1165 huc
440 1126 679 1181 namque
733 1111 970 1182 pertinet
1029 1108 1391 1166 comminatio
1433 1125 1602 1182 quam
1660 1125 1787 1168 mox
1812 1109 2124 1182 subiungit,
2198 1117 2253 1165 et
2300 1107 2465 1170 verba
2519 1106 2792 1178 illazAge
2859 1104 3251 1180 pwnitentiam,
3313 1103 3580 1174 etprima

299 1221 456 1273 opera
484 1207 679 1276 facito.

362 1304 433 1356 El
462 1301 534 1354 δὲ
569 1302 680 1371 μὴ,
715 1301 968 1373 ἔρχομαι
1002 1315 1106 1356 σοι
1141 1302 1318 1374 ταχὺ,
1349 1302 1452 1357 καὶ
1500 1303 1733 1370 κινήσω
1777 1305 1893 1374 τὴν

300 1397 568 1466 ,λυχνίαν
596 1410 714 1450 σου
747 1395 841 1468 [ἐκ
870 1396 980 1451 τοῦ
1017 1398 1209 1452 τόπου
1262 1397 1500 1471 αὐτῆς],
1530 1399 1640 1453 ἐὰν
1676 1397 1764 1469 μὴ
1789 1416 1896 1469 με·

302 1489 634 1557 τιινοήσῃς.
687 1488 866 1543 Ἀλλὰ
904 1487 1090 1543 τοῦτο
1117 1490 1280 1558 ἔχεις
1309 1490 1400 1545 ὅτι
1427 1490 1628 1562 μισεῖς
1659 1491 1734 1545 τὰ
1756 1491 1901 1564 ἔργα

303 1580 421 1637 τῶν
448 1582 850 1647 Νικολαϊτῶν,
881 1583 920 1638 ἃ
957 1583 1120 1653 κάγὼ
1139 1583 1322 1655 μισῶ.

388 1694 625 1764 Κίνησις
679 1693 762 1768 [δὲ
800 1697 901 1766 τῆς
930 1695 1178 1766 λυχνίας,
1212 1698 1332 1768 ἦτοι
1384 1697 1507 1770 τῆς]
1564 1698 1892 1768 Ἐκκλησίας

309 1787 474 1854 ἐστὶν,
516 1789 551 1859 ἡ
605 1788 705 1853 τῆς
749 1788 902 1854 Θείας
940 1789 1164 1862 χάριτος
1207 1793 1488 1862 γύμνωσις
1519 1809 1536 1824 ο
1575 1791 1643 1846 δι’
1671 1788 1739 1863 ἦς
1776 1790 1896 1864 [γυο

315 1878 592 1951 μνώσεως]
626 1881 684 1933 ὲν
716 1881 862 1951 σάλῳ
900 1881 995 1934 καὶ
1022 1881 1256 1936 κλύδωνι
1292 1883 1396 1936 ὑπὸ
1427 1882 1538 1937 τῶν
1563 1886 1666 1955 τῆς
1719 1902 1891 1956 πονη-
1927 1866 1969 1922 Β

314 1972 430 2043 pla:
468 1973 800 2044 πνευμάτων
832 1973 1066 2026 καὶτῶν
1106 1976 1532 2047 ὑπουργούντων
1573 1979 1758 2041 αὐτοῖς
1788 1995 1891 2031 πο-

314 2061 490 2134 νηρῶν
542 2061 852 2132 ἀνθρώπων
905 2062 1257 2120 καθίσταται.
1299 2065 1458 2129 Τινὲς
1517 2065 1574 2119 δὲ
1638 2065 1740 2138 τὴν
1793 2066 1894 2138 τῆς

314 2155 530 2225 λυχνίας
567 2155 810 2224 κίνησιν,
841 2156 933 2210 τὸν
958 2157 1346 2228 ἀρχιερατικδν
1379 2159 1477 2230 τῆς
1507 2158 1736 2230 Ἐφέσου
1771 2160 1897 2232 θρό-

315 2265 419 2314 νον,
446 2248 519 2312 ὠς
552 2249 612 2302 ὲν
644 2252 710 2320 τῇ
751 2249 984 2318 βασιλίδι
1009 2251 1401 2321 μετατεθέντα,
1427 2253 1691 2324 ἐνόησαν.
1733 2255 1814 2308 Τὰ
1843 2255 1901 2307 δὲ

314 2341 445 2411 ἔργα
491 2342 600 2394 τῶν
630 2342 993 2408 Νικολαϊτῶν,
1017 2344 1168 2408 ὅπως
1210 2345 1324 2399 εἰσὶ
1353 2346 1434 2417 τῷ
1481 2345 1602 2415 Θεῷ
1661 2346 1894 2417 μισητὰ,

316 2435 549 2503 ἐντυχών
583 2451 667 2497 τις
710 2436 777 2505 τῇ
826 2434 1060 2506 βδελυρᾷ
1097 2435 1282 2490 αὐτῶν
1333 2436 1567 2506 αἱρέσει,
1600 2436 1892 2506 γνώσεται.

2073 1301 2145 1369 ΙΙ,
2186 1303 2240 1369 5,
2277 1301 2331 1356 6.
2369 1301 2469 1358 Sin
2533 1310 2734 1365 autem,
2789 1300 2995 1356 ueniam
3049 1299 3144 1353 tibi
3221 1299 3349 1363 cito,
3375 1306 3424 1352 et
3467 1315 3582 1352 mo-

1997 1398 2130 1454 vebo.
2158 1396 2540 1452 candelabrum
2587 1405 2737 1449 tuum
2775 1396 2840 1449 de
2869 1395 2984 1450 loco
3024 1410 3145 1458 suo,
3191 1394 3294 1448 nisi
3329 1394 3584 1464 paeniten-

1997 1493 2129 1546 tiam
2149 1491 2338 1562 egeris.
2379 1488 2483 1546 Sed
2503 1490 2600 1545 hoc
2647 1490 2828 1558 habes,
2859 1490 2984 1561 quia
3008 1488 3170 1544 odisti
3205 1487 3356 1560 facta
3410 1486 3582 1544 Nico-

1993 1583 2288 1646 laitarum;
2315 1597 2443 1653 qua:
2468 1591 2518 1636 et
2547 1597 2642 1651 ego
2662 1581 2772 1637 odi.

2063 1695 2361 1750 Ecclesium
2382 1695 2498 1750 loco
2519 1696 2715 1750 moveri
2746 1694 2888 1750 haud
2915 1694 3264 1750 incommode
3291 1695 3581 1760 asscritur,

1994 1803 2121 1846 cum
2165 1789 2349 1845 divina
2403 1788 2580 1860 gratia
2635 1788 2942 1844 denudatur
2973 1807 2987 1843 :
3015 1787 3289 1858 siquidem
3336 1802 3446 1842 uno
3475 1787 3582 1843 hoc

2004 1884 2194 1957 gratiae
2251 1883 2511 1954 praesidio
2557 1882 2842 1947 destituta,
2902 1897 2998 1952 per
3042 1880 3305 1952 nequitia:
3355 1879 3583 1950 spiritus

2001 1978 2366 2048 hbminesque
2439 1978 2760 2045 sceleratos,
2815 1977 3053 2033 eilicacia
3101 1977 3419 2033 eorumdem
3470 1977 3583 2047 spi-

2001 2070 2209 2126 rituum
2243 2085 2449 2141 organa
2482 2079 2532 2126 et
2563 2070 2943 2136 administros,
2986 2071 3040 2125 in
3077 2069 3254 2126 fredos
3296 2069 3498 2125 ﬂuctus
3529 2078 3586 2126 et

1999 2171 2352 2235 tempestates
2379 2162 2541 2219 facile
2573 2163 2889 2234 conjicitur.
2920 2163 3058 2220 Sunt
3092 2164 3458 2220 nihilominus
3488 2163 3585 2232 qui

1998 2273 2094 2326 per
2127 2257 2435 2313 candelabri
2471 2257 2759 2312 motionem
2812 2258 2961 2314 sedis
3006 2256 3318 2329 pontiﬁcias,
3353 2271 3477 2329 quae
3525 2257 3582 2314 in

1997 2351 2273 2423 Ephesina
2303 2351 2527 2406 civitate
2557 2350 2836 2421 quondam
2873 2353 3144 2418 exstabat,
3177 2352 3234 2407 in
3259 2352 3464 2422 regiam
3498 2352 3581 2408 ci-

1996 2439 2220 2494 vitatem
2274 2438 2696 2495 translationem
2738 2441 3068 2512 intelligant.
3105 2443 3377 2498 Casterum
3408 2458 3573 2512 quam

314 2525 545 2580 obscena
575 2525 794 2596 Deoque
834 2541 999 2583 exosa
1025 2523 1418 2608 Nicolaitarum
1469 2527 1678 2584 fuerint
1745 2543 1934 2598 opera,
2008 2529 2143 2585 illud
2193 2528 2392 2585 diversi
2439 2531 2823 2587 commentarii
2867 2531 2936 2588 de
2972 2532 3296 2589 exsecrabili
3365 2533 3584 2591 illorum

315 2617 505 2671 ἣξει-θεῖ
550 2615 756 2671 dudum
807 2625 934 2672 ante
977 2617 1130 2683 editi,
1175 2617 1482 2673 meridiana
1531 2619 1654 2674 luce
1692 2619 1896 2675 clarius
1940 2619 2258 2676 ostendunt.

395 2713 449 2764 Ὀ
484 2713 642 2782 ἔχων
689 2707 826 2779 οὖς,
881 2712 1204 2769 ἀκουσάτω
1227 2714 1285 2768 τί
1342 2715 1410 2769 τὸ
1444 2714 1688 2786 Πνεῦμα
1729 2715 1896 2786 λέγει

316 2802 442 2870 ταῖς
488 2805 879 2872 Ἐκκλησίαις
905 2821 919 2837 ·
960 2803 1050 2870 Τῷ
1095 2805 1357 2872 νικῶντι,
1389 2805 1562 2862 δώσω
1591 2806 1752 2874 αὐτῷ
1781 2824 1898 2878 φα-

320 2895 450 2964 γεῖν
493 2896 564 2950 ἐκ
601 2896 709 2950 τοῦ
749 2895 940 2962 ξύλου
979 2897 1092 2967 τῆς
1125 2896 1294 2968 ζωῆς,
1336 2899 1370 2953 ὅ
1407 2899 1580 2955 ἐστιν
1618 2900 1689 2956 ἐν
1727 2903 1898 2972 μέσῳ

318 2987 422 3042 τοῦ
449 2989 823 3058 παραδείσου
852 2989 960 3045 τοῦ
986 2991 1155 3046 Θεοῦ.

377 3102 442 3154 '0
461 3100 617 3171 ἔχων
633 3096 744 3168 οὖς
762 3101 1107 3157 ἀκουσάτω.
1132 3135 1200 3144 -
1216 3104 1490 3175 Σαρκικὸν
1523 3107 1621 3177 μὲν
1651 3102 1744 3172 οὖς
1790 3110 1899 3173 πᾶς

319 3193 627 3265 ἄνθρωπος.
687 3195 1059 3265 πνευματικὸν
1101 3198 1157 3250 δὲ
1213 3199 1246 3252 ό
1286 3201 1694 3269 πνευματικὸς
1738 3201 1898 3271 μόνος

318 3289 580 3359 κέκτηται
611 3303 628 3319 ο
662 3289 798 3359 ὅπερ
843 3291 937 3342 καὶ
975 3288 1053 3360 τῷ
1119 3289 1316 3361 Ἡσαΐᾳ
1368 3291 1772 3362 προστέθειται.
1811 3292 1903 3364 Τῷ

318 3383 373 3433 δὲ
404 3379 631 3451 τοιούτῳ
659 3380 880 3434 νικῶντι
917 3380 1010 3435 τὸν
1043 3381 1180 3452 πρὸς
1207 3383 1334 3445 τοὺς
1350 3381 1612 3452 δαίμονας
1644 3382 1900 3454 πόλεμον,

321 3473 510 3526 δώσειν
543 3473 945 3542 ἐπαγγέλλεται
964 3475 1161 3542 φαγεῖν
1193 3474 1256 3526 ὲκ
1288 3472 1383 3526 τοῦ
1407 3472 1562 3538 ξύλου
1592 3474 1692 3544 τῆς
1721 3475 1866 3546 ζωῆς
1885 3493 1900 3506 ·

327 3565 577 3617 τουτέστι
607 3567 904 3635 μετασχεῖν
937 3565 1048 3620 τῶν
1076 3564 1169 3619 τοῦ
1206 3565 1494 3635 μέλλοντος
1537 3568 1737 3630 αἰῶνος
1768 3569 1906 3636 ἀγα-

324 3658 451 3714 θῶν.
493 3658 958 3729 Περιφραστικῶς
985 3658 1094 3731 γὰρ
1127 3657 1216 3714 διὰ
1253 3660 1348 3712 τοῦ
1384 3659 1544 3726 ξύλον
1585 3658 1838 3732 δηλοῦται
1867 3663 1902 3730 ἡ

325 3752 434 3823 ζωὴ
487 3755 520 3823 ἡ
564 3753 816 3816 αἰώνιοςο
855 3746 932 3808 ὧν
964 3754 1227 3824 ἑκάτερον
1269 3754 1297 3806 ὁ
1345 3754 1578 3826 Χριστός
1627 3755 1796 3818 ἐστιν,
1828 3753 1904 3816 ὥς

327 3864 488 3916 φησιν
515 3847 543 3898 ὁ
577 3845 852 3917 Σολομῶν,
888 3847 983 3899 καὶ
1016 3848 1044 3899 ὁ
1074 3845 1269 3918 παρὼν
1293 3846 1594 3910 ἀπόστολος
1633 3845 1865 3917 ἑτέρωθι
1886 3862 1900 3878 ⁸

323 3942 350 3992 ὁ
377 3941 498 4010 μὲν,
531 3940 663 4012 περὶ
701 3942 796 4013 τῆς
820 3941 1023 4012 Σοφεας
1050 3940 1246 4008 λέγων’
1286 3941 1489 3996 Ξῠλον
1521 3941 1671 4012 ζωῆς
1696 3942 1903 3996 ἐστιν’

322 4035 350 4088 ὁ
378 4035 454 4100 δὲ,
483 4033 746 4098 ὡσαύτως
777 4034 906 4103 περὶ
950 4034 1045 4087 τοῦ
1098 4031 1339 4105 Χριστοῦ
1367 4047 1380 4061 '
1431 4034 1628 4099 Αὐτός
1677 4033 1845 4087 ἐστιν
1873 4035 1906 4087 ό

323 4127 604 4195 ἀληθινὸς
627 4126 791 4192 Θεὸς,
821 4125 920 4181 καὶ
941 4127 978 4195 ἡ
1002 4125 1112 4194 ζωὴ
1140 4128 1178 4196 ἡ
1194 4127 1449 4192 αἰώνιος.
1469 4127 1530 4178 Εἰ
1560 4127 1742 4178 τοίνυν
1766 4126 1908 4180 ὲκεί-

325 4238 429 4276 νων
448 4222 631 4291 τυχεῖν
655 4221 940 4291 ἐφιέμεθα,
968 4221 1064 4288 τὴν
1091 4220 1234 4274 κατά
1256 4220 1363 4274 τῶν
1385 4220 1570 4274 πλοῶν
1599 4221 1754 4290 νίκην
1775 4219 1904 4292 [πα-

329 4312 569 4386 ρακαλῶ]
592 4312 1050 4383 κατορθώσωμεν.
1081 4313 1204 4375 Τοῖς
1235 4313 1344 4383 γὰρ
1369 4312 1554 4376 πόνοις
1589 4313 1643 4365 αἱ
1678 4312 1906 4383 ἀμοισαὶ

325 4408 542 4471 πάντως
580 4406 799 4477 ἕψονται
834 4421 848 4438 ⁸
885 4407 1071 4476 χάριτι
1107 4406 1202 4459 καὶ
1247 4405 1631 4478 φιλανθρωπίᾳ
1657 4405 1752 4460 τοῦ
1795 4407 1908 4458 Κυ-

2077 2717 2160 2782 11,
2205 2717 2254 2772 7.
2307 2716 2413 2782 Qui
2464 2717 2618 2772 habet
2667 2734 2870 2782 aurem,
2931 2720 3116 2773 audiat
3175 2720 3304 2791 quid
3352 2720 3588 2791 Spiritus

2007 2810 2154 2864 dicat
2198 2809 2452 2865 Ecclesiis
2486 2827 2499 2864 :
2546 2809 2790 2866 Vincenti
2817 2811 2954 2867 dabo
2988 2813 3138 2868 edere
3176 2815 3241 2869 de
3273 2814 3415 2886 ligno
3446 2820 3587 2886 vita,

2007 2904 2146 2974 quod
2171 2914 2248 2959 est
2279 2905 2333 2958 in
2366 2905 2619 2975 paradiso
2658 2903 2750 2960 Dei
2810 2908 2928 2960 mci.

2081 3110 2279 3164 Aurem
2326 3125 2646 3182 corpoream
2689 3111 2874 3166 nullus
2933 3127 3042 3167 non
3079 3113 3395 3169 mortalium
3425 3119 3590 3176 sorti-

2005 3212 2128 3269 tur;
2165 3203 2462 3273 spiritalem
2523 3213 2728 3270 autcm,
2764 3203 3029 3274 Spiritalis
3091 3214 3306 3262 tantum
3343 3227 3358 3263 :
3397 3208 3586 3281 cujus-

2005 3297 2152 3353 niodi
2184 3297 2334 3353 auris
2376 3297 2654 3369 propheta
2700 3297 2854 3352 Isaiae
2896 3297 3110 3367 obtigit.
3144 3299 3364 3355 Homini
3403 3303 3588 3376 itaque

2006 3406 2072 3445 ex
2105 3390 2291 3460 praelia
2332 3391 2477 3460 quod
2518 3400 2708 3446 contra
2743 3389 3021 3445 daemones
3051 3390 3278 3462 geritur,
3305 3394 3588 3454 victoriam

2009 3482 2291 3551 referenti,
2322 3498 2447 3539 esca
2479 3483 2546 3539 de
2587 3483 2734 3551 ligno
2762 3481 2888 3537 vita:
2918 3481 3175 3554 decerpta
3200 3487 3544 3556 promittitur
3571 3509 3586 3559 ;

2009 3590 2206 3646 nempe
2232 3585 2563 3631 aeternorum
2595 3575 2865 3630 bonorum
2917 3578 3364 3648 communicatio,
3417 3581 3592 3652 siqui-

2007 3668 2129 3724 dem
2168 3684 2264 3739 per
2290 3679 2507 3723 αξιοι-ηαξ
2542 3669 2666 3724 vita:
2722 3669 2930 3739 lignum
2959 3667 3229 3737 ejusmodi
3266 3671 3408 3728 bona
3442 3675 3591 3731 desi-

2009 3763 2164 3832 gnari
2191 3763 2388 3817 solent.
2411 3764 2939 3832 Utrumque'autem,
2961 3771 3018 3819 ut
3037 3764 3294 3820 Salomon
3324 3767 3590 3836 insinuat,

2007 3865 2062 3911 et
2088 3870 2331 3926 praesens
2364 3855 2698 3927 evangelista
2732 3857 2934 3914 alicubi
2968 3858 3174 3915 diserte
3221 3859 3475 3926 allirmat,
3503 3871 3590 3917 est

2007 3948 2285 4005 Christus.
2320 3947 2418 4004 Ille
2447 3949 2590 4004 enim
2643 3950 2710 4005 de
2738 3951 3004 4022 sapientia
3043 3952 3210 4007 verba
3261 3951 3491 4020 faciens,
3521 3953 3591 4010 iis
3622 4014 3626 4024 λ

2009 4044 2102 4112 qui
2134 4044 2551 4114 apprelieuduut
2581 4045 2750 4110 illam,
2792 4045 2963 4100 instar
2993 4045 3123 4117 ligni
3174 4047 3295 4100 vitae
3323 4060 3445 4102 esse
3467 4061 3591 4117 pro-
3620 4031 3625 4041 ⁷

2012 4137 2268 4204 nuntiat;
2324 4134 2562 4192 Joannes
2619 4145 2799 4192 autem
2825 4137 2892 4192 de
2943 4135 3162 4192 Christo
3186 4138 3240 4191 in
3279 4137 3425 4193 hunc
3477 4129 3622 4246 ιηοοί

2018 4228 2134 4246 sm,
2443 4227 2532 4246 ...ν
2791 4245 2794 4246 ν
2873 4229 2995 4246 ..η
3453 4230 3472 4246 .
3531 4229 3586 4246 ω

2010 4228 2140 4282 dum
2177 4229 2369 4284 scribit
2394 4247 2408 4283 :
2435 4227 2538 4282 Hic
2567 4236 2646 4283 est
2677 4245 2828 4282 verus
2864 4229 3212 4293 Deus,ctvila
3238 4239 3430 4282 (eterna
3451 4230 3494 4284 ⁵.
3531 4229 3589 4284 Si
3614 4227 3624 4293 ζ

2010 4316 2177 4386 igitur
2201 4325 2403 4372 aeterna
2425 4318 2510 4372 illa
2548 4319 2687 4372 bona
2718 4318 2984 4387 consequi
3021 4317 3428 4385 desideramus,
3461 4333 3591 4373 con-
3619 4285 3631 4356 ί

2011 4413 2094 4457 tra
2127 4404 2294 4457 animi
2320 4406 2760 4473 perturbationes
2800 4405 3095 4477 carnisque
3123 4407 3430 4476 voluptates
3462 4423 3591 4464 acre

330 4501 440 4567 ρίου)
471 4497 629 4570 ἡμῶν
671 4498 851 4570 Ἰησοῦ
881 4497 1146 4570 Χριστοῦ,
1181 4498 1302 4569 μεθ’
1344 4492 1404 4551 οὗ
1461 4499 1541 4570 τῷ
1580 4498 1755 4570 Πατρὶ
1781 4499 1899 4570 ἅμα

2011 4506 2292 4552 certamen
2341 4497 2979 4569 incanms,victoriaqne
3021 4500 3186 4569 potiri
3242 4500 3402 4556 enixe
3453 4515 3590 4556 con-

327 4591 417 4644 zai
458 4590 535 4662 τῷ
581 4591 720 4660 ἁγίῳ
753 4590 1055 4659 Πνεύματι,
1084 4590 1211 4656 δόξα
1243 4588 1361 4662 ίνῦν
1393 4591 1487 4645 καὶ
1519 4591 1629 4658 ἀεὶ,
1671 4589 1790 4662 καὶ]
1823 4589 1906 4654 εἰς

325 4685 449 4748 τοὺς
466 4683 672 4747 αἰῶνας
703 4682 812 4735 τῶν
835 4681 1069 4736 αἰώνων.
1101 4681 1297 4752 Ἀμήν.

2013 4589 2327 4654 tendamus,
2387 4591 2834 4660 quandoquidem
2869 4607 2962 4660 per
2990 4590 3419 4659 Dominilnostri
3459 4593 3589 4650 Jesu

2012 4679 2214 4735 Christi
2251 4680 2481 4750 gratiam
2510 4690 2674 4751 atque
2715 4681 3062 4735 clementiam
3093 4681 3406 4737 istiusmodi
3442 4683 3593 4738 labo-

325 4794 410 4833 res
435 4790 532 4832 sua
571 4775 820 4830 mercede
853 4789 1136 4845 nunquam
1181 4775 1607 4830 frustrabantur.
1669 4774 1781 4844 Ipsi
1827 4789 1934 4829 una
1963 4789 2087 4830 cum
2130 4773 2290 4829 Patre
2337 4784 2391 4830 ct
2457 4774 2662 4845 Spiritu
2715 4785 2904 4830 sancto
2941 4774 3012 4831 sit
3056 4775 3226 4849 gloria
3279 4775 3336 4835 in
3395 4778 3592 4834 szccula

327 4870 664 4927 saeculorum.
697 4869 892 4925 Amen.

751 4982 1006 5039 ΚΕΦΛΛ.
1054 4980 1128 5036 Δ’.
1158 4983 1378 5037 ΛΟΓΟΣ
1411 4982 1484 5036 Β’.

335 5121 407 5175 Τὰ
454 5117 808 5189 δηλωθέντα
841 5118 922 5184 τῷ
969 5119 1080 5186 τῆς
1133 5120 1483 5188 Σμυρναίων
1539 5118 1908 5186 Ἐκκλησίας

978 5190 1232 5260 ἀγγέλῳ.

399 5331 503 5386 Καὶ
553 5329 634 5396 τῷ
659 5329 895 5399 ἀγγέλῳ
953 5328 1066 5396 τῆς
1116 5329 1184 5382 ἐν
1237 5329 1481 5397 Σμύρνῃ
1551 5327 1908 5394 Ἐκκλησίας

335 5423 590 5495 ῃοάψον·
623 5424 769 5478 Τάδε
802 5423 963 5493 λέγει
999 5425 1030 5476 ὀ
1064 5421 1294 5492 πρῶτος
1341 5423 1436 5475 καὶ
1468 5425 1499 5476 o'
1527 5422 1807 5490 ἔσχατος,
1841 5419 1909 5486 ὃς

307 5513 565 5587 ’ἐγένετο
584 5516 824 5585 νεκρὸς,
859 5515 959 5569 καὶ
981 5514 1214 5581 struas-tr.
1291 5544 1293 5546 -

402 5630 626 5701 Πρῶτός
689 5627 886 5700 [ἐστιν]
920 5630 1007 5696 ,ὡς
1066 5628 1234 5692 Θεόςο
1271 5626 1518 5698 ἔσχατος,
1558 5626 1633 5690 ὡς
1707 5623 1910 5696 ἂνθρω-

340 5736 432 5782 πος
471 5719 559 5772 ἐπ’
584 5720 834 5788 ἐσχάτων
859 5719 970 5774 τῶν
1007 5719 1214 5791 καιρῶν
1238 5717 1497 5790 γεγονὼς,
1537 5717 1631 5772 καὶ
1673 5717 1763 5770 διὰ
1803 5716 1902 5786 τῆς

405 5903 464 5958 ⁵1
494 5899 655 5960 Joan.
676 5918 727 5968 v,
745 5902 834 5959 ‘20.

617 5998 890 6062 PATtwL.
925 6004 1038 6062 Gtt.
1066 5999 1223 6060 CVI.

2442 4979 2677 5035 CAPUT
2710 4980 2802 5036 IV.
2849 4981 3082 5036 SERth
3133 4982 3199 5038 Il.

2014 5118 2323 5188 Cujusmodi
2355 5116 2693 5186 Smyrnensis
2716 5116 2968 5173 Ecclesia:
2994 5118 3179 5188 angelo
3199 5119 3306 5172 sint
3335 5118 3590 5173 indicata.

2082 5324 2147 5386 II,
2177 5323 2229 5378 9.
2255 5323 2359 5392 ιο
2375 5321 2440 5375 Et
2469 5321 2652 5392 angelo
2679 5319 2920 5392 Smyrna:
2944 5321 3192 5377 Ecclesia
3215 5321 3383 5377 scribe
3415 5337 3433 5375 :
3467 5320 3594 5376 lltcc

2019 5419 2144 5474 dicit
2178 5418 2381 5487 primus
2406 5426 2454 5471 et
2480 5417 2812 5483 novissimus,
2836 5417 2927 5486 qui
2949 5416 3051 5485 fuit
3076 5425 3334 5483 mortuus,
3364 5425 3413 5470 et
3448 5415 3590 5469 vivit.

2087 5621 2234 5676 Idem
2269 5620 2523 5677 Christus
2557 5629 2640 5676 est
2669 5621 2877 5690 primus
2905 5629 2956 5676 et
2983 5619 3350 5676 novissimus:
3383 5621 3595 5692 primus

2015 5715 2258 5785 quidem,
2310 5722 2370 5768 ut
2413 5712 2599 5781 Deus;
2646 5713 2981 5771 novissimus
3030 5723 3237 5782 autem,
3288 5721 3350 5770 ut
3394 5712 3590 5782 homo;

3165 5999 3204 6059 8
