4034 6572
478 423 584 488 235

1647 426 1976 487 ΑΝΒΗΕΑΞ
2014 428 2533 490 (ἊΞΒΑΒΙΕΝΞΙΒ

3641 434 3749 498 ‘236

479 550 663 612 utpote
697 539 1010 594 novissimis
1040 539 1202 595 hisce'
1223 539 1560 609 temporibus
1591 551 1776 608 natus,
1826 542 1918 612 qui
1953 557 2040 595 sua

2159 543 2460 615 τριημέρου
2511 544 2837 616 νεκρώσεως
2878 543 3098 611 ἀνοίξεις
3153 547 3288 616 ἡμῖν
3330 546 3426 616 τὴν
3467 546 3612 618 ζωὴν
3648 551 3745 618 τὴν

477 633 641 687 etiam
673 638 796 701 post
853 629 1166 684 triduanam
1206 640 1437 685 mortem
1485 633 1887 688 resurreCtione
1936 649 2055 687 cer-

479 734 589 779 tum
617 724 681 779 ad
714 723 882 779 vitam
917 733 1177 780 aeternam
1216 723 1425 778 aditum
1460 723 1620 779 nobis
1644 725 1876 795 aperuit.

547 817 614 882 ll,
659 817 710 873 9.
769 815 890 871 Scio
950 817 1339 872 tribulationem
1395 827 1538 872 tuam
1590 824 1638 871 et
1692 826 2053 888 paupertatem

478 921 660 973 tuam;
697 911 786 964 sed
816 910 958 965 dives
992 927 1066 966 es.

545 1001 702 1070 Novi,
736 1003 930 1073 inquit,
969 1003 1314 1058 alliictionem
1355 1011 1409 1057 et
1464 1010 1860 1072 paupertatem,
1884 1018 2049 1072 quam

476 1098 529 1152 in
576 1097 739 1152 rebus
779 1113 899 1166 qua:
925 1097 989 1151 al
1049 1099 1230 1151 carnis
1261 1111 1482 1150 sensum
1531 1093 1760 1160 faciunt,
1797 1096 2001 1164 pateris
2037 1113 2050 1149 :

476 1206 601 1245 nam
626 1200 678 1244 et
700 1189 926 1259 flagellis
958 1190 1062 1243 mei
1094 1203 1256 1242 causa
1281 1188 1350 1242 ab
1377 1187 1692 1242 infidelibus
1721 1203 1880 1249 caesa,
1910 1189 2054 1242 etab

474 1279 729 1336 omnibus
761 1279 1114 1334 facultatibus
1170 1287 1338 1332 exuta
1377 1294 1436 1333 es
1473 1297 1485 1332 ε
1532 1277 1750 1333 interim
1792 1279 2051 1348 spiritali-

479 1375 582 1428 bus
611 1373 810 1442 opibus
841 1371 1037 1435 amitis,
1067 1380 1254 1440 utpote
1295 1372 1615 1426 thesaurum
1666 1372 2049 1426 absconditum

474 1467 527 1520 in
555 1467 789 1532 pectoris
819 1480 948 1532 agro
994 1463 1271 1518 defossum
1308 1479 1623 1520 asservans.

541 1559 606 1624 ll,
679 1559 732 1612 9.
785 1556 851 1610 Et
913 1556 1294 1627 blasphemaris
1353 1559 1415 1612 ab
1474 1559 1553 1611 his
1613 1559 1701 1630 qui
1761 1575 1817 1612 se
1869 1559 2050 1612 dicunt

468 1653 685 1707 Juda'os
761 1668 892 1716 esse,
949 1663 996 1706 et
1061 1667 1163 1706 non
1225 1662 1389 1716 sunt;
1445 1653 1536 1707 sed
1603 1662 1724 1708 sunt
1782 1669 2049 1722 synagoga

467 1745 709 1800 Satanw.

541 1836 808 1908 [tt-petere
865 1836 969 1891 boe
1001 1837 1122 1891 loco
1182 1845 1398 1908 oportet
1436 1837 1688 1900 verbum,
1739 1837 1880 1901 novi,
1907 1836 2048 1906 quod

2165 633 2402 690 αξώνιον.

2238 815 2382 872 Οἶδά
2427 835 2542 871 σου
2587 819 2656 870 τὰ
2703 819 2865 887 ἔργα,
2899 820 2993 871 καὶ
3030 821 3145 885 τὴν
3197 820 3429 889 θλίψιν,
3469 822 3567 875 καί
3631 822 3734 890 τὴν

2166 912 2465 980 πτωχείαν
2491 928 2502 942 ⁸
2543 911 2704 964 ἀλλὰ
2751 913 3050 974 πλούσιος
3081 911 3155 965 εἷ.

2234 1003 2424 1070 anew
2453 1002 2510 1054 δὲ
2543 1002 2636 1054 καὶ
2677 1003 2968 1070 πτωχείαν,
2999 1004 3055 1054 ὲν
3085 1004 3196 1065 τοῖς
3233 1006 3543 1073 σαρκικοῖς,
3575 1005 3743 1075 φημὶ,

2163 1095 2228 1164 ἣν
2255 1093 2547 1163 ὑπομένεις
2571 1092 2637 1144 δι’
2667 1092 2764 1161 ἐμὲ
2798 1093 3194 1162 μαστιζόμενος
3218 1093 3321 1148 ὑπὸ
3337 1093 3444 1147 τῶν
3468 1095 3739 1158 ἀπίστων,

2164 1191 2255 1242 καὶ
2286 1189 2392 1241 τῶν
2445 1186 2800 1256 ὑπαρχόντων
2859 1187 3256 1258 στερούμενος·
3285 1186 3544 1250 πλούσιος
3589 1188 3635 1241 δ’
3684 1189 3744 1242 ἑν

2161 1286 2273 1346 τοῖς
2304 1282 2692 1352 πνευματικοῖς
2723 1275 2794 1343 εἴ,
2826 1280 2963 1350 ἔχων
2991 1279 3082 1332 τὸν
3110 1279 3386 1351 θησαυρὸν
3412 1279 3744 1350 κεκρυμμέ-

2161 1393 2249 1428 νον
2271 1377 2328 1427 ἐν
2355 1374 2432 1444 τῷ
2465 1372 2620 1444 ἀγρῷ
2659 1372 2758 1438 τῆς
2789 1370 3019 1442 καρδίας
3043 1387 3166 1425 σου.

2234 1553 2338 1607 Καὶ
2370 1552 2484 1620 τὴν
2504 1551 2910 1620 βλασφημίαν
2929 1549 3048 1604 τῶν
3069 1552 3376 1619 λεγόντων
3412 1551 3746 1617 Ἰουδαίους

2158 1646 2312 1703 εἶναι
2361 1647 2638 1713 ἑαυτοὺς,
2681 1647 2780 1700 καὶ
2828 1647 2938 1700 οὐκ
2988 1646 3170 1711 εἰσίν,
3202 1647 3364 1701 ἀλλὰ
3412 1647 3740 1717 συναγωγὴ

2158 1761 2182 1797 τ
2194 1743 2265 1798 οῦ
2313 1742 2570 1799 Σατανᾶ.

2248 1837 2404 1889 Κατὰ
2457 1837 2638 1890 κοινοῦ
2680 1837 2737 1890 δὲ
2783 1837 2864 1902 τὸ,
2897 1832 3063 1890 Οἶδα.
3094 1835 3204 1888 Καὶ
3249 1833 3347 1904 τὴν
3388 1832 3738 1904 βλασφημίαν

469 1929 772 2000 praecessit,
802 1927 869 1982 ad
903 1931 1018 1983 lucc
1050 1931 1234 1983 omnia
1281 1943 1575 1984 commune
1607 1947 1620 1983 :
1659 1944 1856 1984 sensus
1902 1929 2040 1983 enim

2153 1929 2253 1999 τῆς
2294 1929 2620 1998 συναγωγῆς
2668 1929 2760 1983 τοῦ
2817 1929 3050 1992 Σατανᾶ,
3082 1928 3267 1997 φησὶν,
3305 1925 3630 1995 ἐπίσταμαι,
3655 1927 3737 1978 ὅτι

467 2029 586 2074 est:
624 2018 755 2074 Novi
810 2034 974 2089 opera
1035 2029 1149 2083 tua,
1174 2030 1228 2075 et
1266 2022 1395 2074 novi
1433 2035 1624 2076 eorum
1657 2035 1875 2090 quoque
1905 2020 2053 2076 blas-

469 2111 766 2179 phemiam,
811 2111 902 2180 qui
972 2110 1020 2164 id
1087 2125 1195 2163 non
1253 2120 1377 2164 sunt
1420 2111 1568 2181 quod
1626 2125 1685 2165 se
1734 2125 1856 2166 esse
1907 2110 2049 2166 falso

469 2213 769 2260 asserunt:
815 2220 940 2258 naut
984 2219 1105 2258 cum
1143 2202 1363 2259 Judzeos
1412 2221 1471 2258 se
1529 2221 1652 2260 esse
1705 2203 1934 2273 jarteut,
1992 2220 2048 2258 re

2159 2021 2258 2074 οὐκ
2284 2021 2422 2074 εἰσὶν
2446 2021 2475 2072 ὃ
2520 2020 2771 2088 λέγονται
2797 2036 2809 2049 ·
2840 2021 2901 2074 οὐ
2920 2019 3028 2090 γὰρ
3065 2017 3137 2090 [ὁ]
3161 2021 3218 2071 ὲν
3241 2017 3319 2087 τῷ
3344 2017 3564 2086 φανερῷ
3610 2016 3738 2070 ’1ου-

2157 2111 2326 2178 δαίος,
2357 2111 2472 2164 ἀλλ’
2523 2113 2581 2164 ὲν
2611 2111 2690 2180 τῷ
2736 2111 2984 2182 κρυπτᾷν
3033 2108 3264 2174 Ἰούδας
3296 2109 3405 2180 γάρ
3439 2109 3588 2160 ἐστιν
3642 2107 3741 2171 ἐξ-

2153 2205 2524 2272 ομολόγησις
2549 2203 2665 2275 [καὶ
2695 2200 3026 2273 uentrem].

467 2299 583 2368 ipsa
645 2312 916 2368 synagoga
971 2305 1102 2352 sunt
1156 2295 1397 2352 Satanae.
1456 2296 1642 2366 Neque
1687 2297 1858 2360 enim,
1917 2298 2008 2367 qui
2065 2297 2117 2350 in
2173 2297 2465 2352 manifesto
2521 2295 2742 2351 Judteus
2797 2303 2900 2361 est,
2952 2295 3041 2350 ille
3086 2295 3271 2350 statim
3321 2309 3420 2364 pro
3477 2306 3740 2362 germano

465 2388 654 2444 JUdtBt)
708 2389 992 2446 habendus
1019 2402 1136 2456 est;
1173 2389 1265 2444 sed
1295 2390 1387 2460 qui
1426 2389 1478 2444 in
1524 2389 1743 2444 occulto
1773 2389 2043 2456 ejusmodi
2071 2399 2174 2444 est.
2224 2387 2398 2443 Iudas
2457 2403 2715 2460 namque,
2768 2388 2813 2444 si
2873 2385 3266 2459 interpreteris,
3329 2383 3736 2439 confessionem

464 2495 520 2541 et
553 2485 990 2554 resipiscentiam
1028 2493 1186 2538 sonat
1208 2521 1223 2547 ,
1252 2499 1359 2553 qua
1394 2483 1469 2538 illi
1496 2483 1886 2540 destituuntur.

537 2581 600 2646 ΙΙ,
662 2579 748 2636 10.
801 2578 954 2633 Nihil
1015 2579 1203 2633 horum
1253 2581 1438 2632 timeas
1501 2595 1618 2650 qua,
1657 2595 1915 2648 passurus
1971 2597 2045 2635 es.

470 2673 604 2728 Ecce
651 2675 910 2728 missurus
979 2681 1057 2726 est
1079 2671 1326 2726 diabolus
1391 2672 1599 2742 aliquos
1661 2687 1726 2726 ex
1787 2673 1931 2726 vobis
1989 2674 2042 2726 in

464 2781 750 2828 carcerem,
788 2773 844 2818 ut
894 2765 1162 2819 tentemini
1190 2777 1274 2826 ;et
1336 2763 1596 2817 habebitis
1651 2764 2045 2818 tribulationem

463 2859 644 2914 diebus
673 2860 870 2912 decem.
909 2856 1038 2912 Esto
1070 2856 1239 2927 ﬁdelis
1272 2873 1432 2928 usque
1465 2857 1534 2910 ad
1561 2866 1815 2921 mortem;
1843 2867 1890 2910 et
1909 2857 2046 2911 dabo

471 2949 564 3004 tibi
595 2963 842 3002 coronam
876 2949 1020 3002 vitat.

534 3041 612 3096 Ne
661 3039 938 3103 tuetuatis,
977 3039 1173 3110 inquit,
1233 3038 1580 3093 aﬂlietionem
1627 3054 1792 3109 quam
1847 3036 2041 3103 Judzni,

465 3134 574 3190 Deo
620 3134 825 3195 infesti,
858 3147 954 3204 per
987 3131 1195 3204 flagella
1229 3143 1284 3188 et
1339 3133 1668 3188 teutationes
1727 3131 1881 3187 vobis
1916 3141 2044 3186 sunt

462 3227 687 3284 illaturi.
759 3227 944 3296 Neque
1005 3227 1148 3282 enim
1213 3227 1307 3281 diu
1372 3227 1639 3281 duratura
1699 3237 1828 3280 sunt
1905 3226 2040 3294 illa;

461 3319 558 3374 sed
629 3319 816 3372 decem
880 3326 1088 3372 tantum
1135 3317 1346 3372 dierum
1407 3317 1692 3372 intervallo
1729 3358 1743 3382 ,
1793 3319 1896 3373 hoc
1937 3327 2042 3384 est,

463 3408 790 3465 brevissimo
832 3411 1095 3479 temporis
1139 3409 1338 3477 spatio.
1369 3409 1509 3476 Quin
1542 3411 1656 3480 ipsa
1680 3411 1844 3463 etiam
1872 3425 2044 3475 mors,

461 3503 605 3572 quod
672 3502 930 3569 temporis
989 3502 1147 3573 quasi
1212 3513 1418 3572 puncto
1475 3503 1849 3572 incorruptam
1918 3503 2046 3557 vita:

461 3610 720 3650 coronam
751 3595 1032 3665 largiatur,
1069 3595 1293 3649 omnino
1315 3595 1716 3649 contemnenda
1747 3597 1980 3650 videtur.

531 3687 707 3752 1|,H.
743 3688 848 3754 Qui
901 3687 1054 3742 habet
1115 3704 1318 3752 aurem,
1368 3689 1553 3741 audiat
1618 3690 1743 3757 quid
1809 3687 2044 3757 Spiritus

460 3781 604 3834 dicat
657 3777 908 3832 Etclesiis
939 3793 958 3831 .'
1002 3777 1105 3843 Qui
1157 3777 1362 3841 vicerit,
1389 3794 1492 3831 non
1535 3777 1759 3833 laedetur
1807 3795 1838 3831 a
1879 3788 2043 3832 morte

460 3873 708 3928 secunda.

531 3965 656 4033 Qui,
691 3966 887 4037 inquit,
908 3964 1142 4037 spiritali
1167 3963 1354 4018 auditu
1380 3961 1666 4032 pra-ditus,
1699 3979 1897 4032 pravas
1925 3964 2042 4018 dia-

459 4059 569 4114 boli
610 4061 992 4131 suggestiones
1039 4057 1330 4122 devicerit,
1356 4058 1461 4112 etsi
1514 4057 1747 4128 primam
1783 4066 2038 4122 mortem,

460 4168 583 4224 qua!
626 4161 837 4207 tantum
874 4153 928 4206 in
971 4166 1194 4206 carnem
1242 4149 1410 4215 cadit,
1468 4150 1722 4213 subierit,
1802 4161 2040 4206 attamen

461 4263 490 4302 a
523 4245 991 4316 secunda,qu:nin
1019 4247 1327 4316 gehennam
1358 4243 1546 4310 mittit,
1579 4259 1688 4298 non
1715 4243 2040 4300 otiendetur.

1094 4378 1324 4436 CAPUT
1349 4377 1412 4436 V.

462 4493 1467 4636 Cujusmodi{Pergantensisfcc‘lesite
1497 4495 1682 4567 angelo
1714 4495 1910 4564 fuerint
1967 4496 2044 4548 si-

1113 4582 1199 4636 gna
1244 4581 1306 4620 ea
1334 4583 1386 4620 a.

1113 4581 1386 4636 gntpeata.

528 4705 594 4770 ll,
629 4704 717 4760 12.
761 4702 830 4757 Et
867 4703 1052 4774 angelo
1092 4699 1347 4773 Pergami
1388 4698 1633 4754 Ecclesia:
1675 4700 1880 4754 scribe:
1915 4701 2039 4756 Hac

459 4799 589 4852 dicit
620 4798 710 4868 qui
757 4796 911 4850 habet
959 4795 1281 4862 romphwam
1325 4801 1551 4861 utraque
1602 4803 1753 4861 parte
1783 4802 2038 4847 acutam:

458 4891 580 4946 Scio
612 4906 766 4960 opera
799 4901 913 4956 tua,
935 4899 984 4944 et
1016 4889 1104 4942 ubi
1129 4887 1361 4951 habitas,
1403 4884 1490 4938 ubi
1520 4885 1662 4939 sedes
1691 4895 1767 4939 est
1796 4884 2036 4942 Satanae.

531 5072 863 5128 ldololatrie
894 5071 1078 5126 dedita
1101 5077 1222 5124 erat
1252 5068 1464 5130 civitas,
1497 5064 1565 5120 ad
1601 5079 1763 5135 quam
1792 5066 2037 5138 Evange-

459 5169 582 5222 lista
626 5165 740 5220 haec
790 5166 1003 5221 scribit.
1040 5163 1265 5217 Interim
1319 5159 1509 5214 fideles
1541 5157 1633 5228 qui
1670 5158 1724 5211 in
1756 5158 1842 5212 illa
1873 5160 2036 5230 dege-

458 5262 607 5322 bant,
664 5265 885 5329 propter
940 5253 1284 5310 tolerantiam
1313 5268 1474 5323 quam
1531 5254 1584 5308 in
1643 5253 2038 5308 tentationibus

455 5352 830 5419 ostenderant,
865 5349 1234 5404 commendat.
1263 5346 1438 5402 Porro
1465 5356 1648 5403 autem
1681 5363 1778 5418 per
1795 5347 2035 5418 gladium

457 5445 782 5514 ancipitem,
834 5451 929 5496 aut
967 5440 1245 5508 Evangelii
1309 5440 1644 5506 doctrinam,
1697 5441 2033 5496 credentium

457 5537 624 5592 corda
673 5533 1192 5598 circumcidentem,
1244 5533 1539 5603 fidelesque
1598 5533 1666 5588 ab
1722 5533 2036 5590 infidelibus

455 5638 853 5692 secernentem,
904 5627 1178 5692 insinuat;
1229 5635 1323 5681 aut
1364 5627 1786 5698 percmptoriam
1825 5625 2034 5684 Judicis

454 5728 644 5775 contra
671 5719 867 5789 impios
902 5719 1251 5774 sententiam.

528 5810 591 5872 ll,
663 5813 750 5866 15.
799 5811 866 5866 Et
919 5821 1056 5865 tenes
1111 5828 1296 5866 nomen
1340 5799 1531 5877 meum,
1575 5824 1623 5866 et
1683 5829 1787 5866 non
1835 5814 2034 5884 negasti

456 5903 612 5972 ﬁdem
659 5921 848 5960 meam.
874 5903 943 5958 Et
986 5906 1037 5958 in
1068 5906 1250 5962 diebus
1295 5905 1403 5960 illis
1443 5906 1668 5977 Antipas
1693 5908 1842 5961 testis
1889 5923 2030 5961 meus

2061 4625 2116 4686 D

2226 2579 2320 2648 Μὴ
2353 2579 2545 2648 φοϐοῦ
2565 2581 2604 2633 ἂ
2629 2579 2874 2648 μέλλεις
2903 2578 3138 2634 παθεῖν.
3175 2577 3332 2634 Ἰδοὺ
3366 2576 3492 2651 [δὴ]
3519 2581 3736 2647 μέλλει

2147 2671 2370 2737 ,ϐαλεῖν
2413 2669 2486 2735 ἐξ
2534 2671 2704 2741 ὑμῶν
2746 2673 2778 2724 ό
2827 2669 3112 2735 διάϐολος
3157 2672 3244 2735 είς
3283 2669 3588 2738 φυλακὴν,
3635 2670 3736 2722 ἵνα

2152 2762 2520 2831 πειρασθῆτε
2546 2778 2560 2791 °
2614 2762 2714 2816 καί
2778 2761 2945 2826 ἕξετε
2993 2764 3209 2830 θλίψιν
3286 2760 3524 2829 ἡμερῶν
3565 2761 3734 2815 δέκα.

2150 2858 2338 2911 ι’ίνου
2369 2856 2589 2921 πιστὸς
2618 2856 2754 2924 ἄχρι
2787 2855 3048 2910 θανάτου
3082 2871 3095 2883 ·
3133 2855 3230 2908 καὶ
3275 2852 3447 2908 δώσω
3478 2871 3577 2909 σοι
3629 2856 3736 2908 τίν

2151 2949 2462 3019 στέφανον
2487 2948 2598 3018 τῆς
2623 2948 2792 3016 ζωῆς.

2237 3043 2328 3112 Μὴ
2363 3041 2649 3111 φοϐεῖσθαι
2693 3041 2750 3095 δέ
2785 3056 2917 3110 φησι
2940 3039 3040 3110 τὴν
3073 3040 3136 3093 ἐκ
3166 3038 3274 3092 τῶν
3317 3038 3601 3110 θεομάχων
3643 3038 3736 3092 διὰ

2156 3138 2441 3210 μαστίγων
2479 3138 2576 3191 καὶ
2626 3134 2957 3208 πειρασμῶν
2999 3135 3574 3206 θλίψιν.Δεκαήμερος
3623 3132 3736 3204 γὰρ

2152 3230 2316 3300 αὕτη,
2350 3231 2444 3284 καὶ
2473 3231 2534 3284 οὗ
2583 3228 2887 3301 μακρόϐιος
2909 3245 2924 3260 ·
2965 3228 3046 3282 διδ
3094 3228 3189 3282 καὶ
3243 3226 3683 3298 καταφρονητέος
3705 3226 3735 3279 ὁ

2155 3321 2408 3388 θάνατος,
2427 3323 2503 3388 ὼς
2541 3324 2597 3376 ὲν
2629 3321 2795 3394 ὀλίγῳ
2826 3321 3103 3393 προξενῶν
3128 3321 3393 3390 στέφανον
3423 3318 3568 3390 ζωῆς
3591 3318 3736 3388 ἁμᾶ.-

2151 3431 2368 3486 ραντον.

2234 3686 2297 3740 '0
2341 3687 2501 3757 ἔχων
2552 3681 2680 3753 οὖς,
2707 3687 3028 3743 ἀκουσάτω
3067 3689 3125 3741 τί
3169 3687 3236 3741 τὸ
3278 3689 3521 3757 Πνεῦμα
3567 3685 3729 3756 λέγει

2148 3779 2280 3846 ταῖς
2319 3781 2747 3848 Ἐκκλησίαιςο
2792 3780 2853 3832 Ὀ
2893 3778 3084 3835 νικῶν
3112 3782 3184 3835 οὺ
3236 3781 3322 3852 μὴ
3359 3781 3617 3852 ἀδικηθῇ
3657 3782 3727 3837 ἐκ

2147 3873 2255 3928 τοῦ
2292 3871 2556 3928 θανάτου
2578 3871 2685 3927 τοῦ
2718 3873 3022 3941 δευτέρου.

2235 3965 2289 4020 Ὀ
2317 3965 2712 4037 πνευματικῶς
2745 3965 2826 4029 δὲ,
2859 3965 3046 4037 φησὶν,
3074 3967 3289 4019 ἀκούων
3315 3965 3408 4018 καὶ
3441 3964 3606 4018 νικῶν
3627 3965 3728 4028 τὰς

2146 4060 2465 4124 διαϐολικὰς
2503 4058 2853 4130 ὑποσπορὰς,
2880 4075 2929 4112 ει
2960 4061 3056 4114 καὶ
3085 4058 3176 4112 τὸν
3210 4059 3429 4130 πρῶτον
3469 4058 3556 4111 διὰ
3591 4073 3723 4127 σαρ-

2147 4155 2241 4219 κὸς
2273 4155 2483 4225 ὑποστῇ
2533 4153 2786 4218 θάνατον,
2813 4149 2918 4205 ὑπὸ
2949 4151 3043 4205 τοῦ
3085 4151 3339 4222 δευτέρου
3367 4152 3464 4221 τῆς
3497 4148 3723 4219 γεέννης

2146 4250 2205 4304 οὑ
2229 4248 2785 4318 καταδικασθήσεται.

2750 4383 3005 4439 ΚΕΦΑΛ.
3037 4384 3112 4436 Ε’.

2153 4499 2229 4554 Τὰ
2269 4497 2617 4566 δηλωθέντα
2668 4497 2750 4564 τῷ
2789 4497 3000 4624 sic
3044 4497 3325 4568 Περγάμῳ
3353 4494 3724 4563 Ἐκκλησίας

2850 4587 2909 4624 tm
2995 4588 3060 4624 ω.

2850 4587 3060 4639 rmo-

2221 4709 2325 4764 Καὶ
2356 4709 2436 4775 τῷ
2475 4707 2710 4780 ἀγγέλῳ
2756 4707 2866 4773 τῆς
2913 4707 2982 4760 ἐν
3024 4703 3308 4774 Περγάμῳ
3350 4703 3726 4770 Ἐκκλησία(-

2141 4803 2384 4876 γράψον
2416 4820 2430 4834 °
2474 4802 2620 4858 Τάδε
2660 4803 2824 4871 λέγει
2855 4805 2887 4855 ό
2924 4801 3080 4869 ἔχων
3130 4799 3244 4868 τὴν
3277 4799 3583 4868 ῥομφαίαν
3605 4797 3724 4865 τὴν

2142 4899 2438 4966 δίστομον
2455 4895 2569 4964 τὴν
2599 4894 2821 4959 ὀξεῖαν·
2864 4889 3007 4948 Οἶδα
3033 4894 3103 4946 τὰ
3134 4894 3274 4959 ἔργα
3293 4909 3428 4956 σου,
3467 4892 3564 4944 καί
3599 4888 3723 4944 ποῦ

2141 4990 2460 5056 κατοικεῖς,
2499 4989 2654 5042 ὅπου
2684 4991 2716 5042 ὀ
2749 4989 2964 5056 θρόνος
2998 4986 3102 5040 τοῦ
3136 4984 3395 5040 Σατανᾶ.

2237 5081 2580 5145 Κατείδωλος
2631 5077 2700 5152 ἦν
2761 5080 2903 5152 αὓτη
2945 5082 2978 5148 ὴ
3039 5078 3216 5140 πόλις,
3251 5075 3387 5147 πρὸς
3430 5075 3498 5146 ἢν
3544 5073 3729 5127 ταῦτά

2145 5195 2302 5247 φησι,
2334 5177 2460 5239 τοὺς
2495 5177 2552 5229 ὲν
2581 5176 2719 5246 αὐτῇ
2741 5174 2966 5236 πιστοὺς
2996 5172 3063 5226 δι’
3083 5170 3360 5242 ὑπομονὴν
3394 5167 3725 5239 πειρασμῶν
3770 5234 3777 5258 ι

2145 5269 2564 5339 ἀποδεχόμενος.
2609 5267 2932 5336 Ῥομφαίαν
2953 5265 3009 5318 δὲ
3035 5264 3346 5330 δίστομον,
3377 5263 3408 5332 ἦ
3430 5263 3526 5316 τὸν
3555 5262 3731 5328 εὐαγ-

2140 5359 2360 5428 γελικὸν
2395 5357 2555 5426 λόγον
2598 5357 2752 5427 φησὶ,
2787 5357 2878 5409 τὸν
2910 5358 3010 5420 τὴν
3037 5353 3263 5423 καρδίαν
3299 5353 3726 5424 περιτέμνοντα,

2143 5451 2236 5505 καὶ
2266 5450 2392 5514 τοὺς
2420 5451 2644 5513 πιστοὺς
2663 5451 2723 5502 ὲκ
2753 5449 2859 5502 τῶν
2907 5448 3151 5503 ἀπίστων
3185 5447 3476 5519 μερίζοντα
3511 5463 3523 5475 ·
3562 5443 3727 5518 ῆτὴν

2144 5543 2287 5598 κατὰ
2315 5542 2425 5597 τῶν
2457 5541 2670 5597 ἀσεϐῶν
2691 5543 2963 5612 ἀπότομον
2992 5541 3287 5610 ἀπόφασιν.

2212 5813 2320 5867 Καὶ
2343 5811 2577 5881 κρατεῖς
2598 5812 2662 5866 τὸ
2685 5813 2872 5884 ὄνομά
2895 5833 3036 5884 μου,
3073 5815 3168 5868 καὶ
3202 5815 3310 5868 οὐκ
3332 5811 3574 5881 ἠρνήσω
3603 5807 3735 5875 τὴν

2140 5909 2352 5962 πίστιν
2407 5907 2639 5989 μουνέν
2685 5907 2815 5973 ταῖς
2859 5907 3104 5977 ἡμέραις
3138 5908 3208 5962 ἐν
3247 5903 3343 5973 αἷς
3384 5904 3653 5966 Ἀντίπας
3689 5907 3733 5958 d
