4040 6626
466 466 560 527 237

1401 456 1999 518 COMMENTARIUS
2032 455 2113 512 IN
2156 453 2671 515 APOCALYPSIN.

3536 446 3641 513 S38

464 580 678 650 μάρτυς
706 594 822 645 μου
853 578 885 627 o'
939 574 1171 638 πιστὸς,
1196 572 1261 638 ὃς
1286 571 1625 637 ἀπεκτάνθη
1682 571 1815 637 παρ’
1837 567 1995 637 ὑμῖν,

2128 566 2289 628 idelis,
2337 568 2423 633 qui
2464 568 2663 618 occisus
2710 576 2785 617 cst
2840 566 2977 630 apud
3006 580 3110 623 vos.
3154 563 3241 616 ubi
3286 563 3516 617 Satanas
3548 563 3644 616 lia-

463 669 605 722 ὅπου
632 670 662 718 ό
702 665 967 730 Σατανᾶς
998 663 1272 716 κατοικεῖ.

558 776 805 838 Ἀντίπας
836 777 890 828 δέ
938 774 1071 846 [τις]
1100 772 1357 841 τοῦνομα,
1394 772 1602 841 μάρτυς
1645 772 1702 821 ὲν
1732 769 2005 840 Περγάμῳ

465 869 679 937 γέγονεν
710 868 1101 935 ἀνδρειότατος,
1122 861 1288 932 οὗπερ
1316 864 1552 929 ἀνέγνων
1578 861 1636 914 τὸ
1678 860 2003 930 μαρτύριονο

463 955 520 1012 οὗ
554 958 648 1011 νῦν
677 961 703 1012 ὁ
752 958 1138 1028 εύαγγελιστὴς
1169 956 1303 1026 πρὸς
1330 953 1553 1018 ἔνδειξιν
1582 953 1675 1021 τῆς
1705 970 1762 1003 τε
1793 950 2009 1003 ἐκείνων

465 1048 758 1117 ὑπομονῆς,
820 1049 918 1117 τῆς
978 1064 1037 1099 τε
1095 1046 1202 1099 τῶν
1244 1044 1670 1111 πεπλανημένων
1730 1042 2009 1111 ὠμότητος

465 1138 883 1209 ἐμνημόνευσεν.

544 1417 725 1473 Ἀλλὰ
744 1416 859 1489 ἔχω
886 1420 1034 1470 κατὰ
1053 1418 1167 1469 σοῦ
1198 1416 1388 1484 ὀλίγα,
1411 1415 1499 1469 ὅτι
1528 1414 1684 1482 ἔχεις
1718 1413 1846 1467 ἐκεῖ
1876 1431 2014 1481 κρα-

463 1506 717 1573 τοῦντας
776 1508 893 1576 τὴν
946 1508 1200 1576 διδαχὴν
1258 1506 1532 1574 Βαλαάμο
1586 1503 1653 1568 ὃς
1698 1503 2015 1557 ἐδίδασκεν

460 1599 529 1650 ἐν
561 1598 639 1663 τῷ
654 1599 898 1666 Βαλαὰμ
916 1599 1023 1651 τὸν
1052 1600 1251 1651 Βαλὰκ
1274 1597 1491 1660 βαλεῖν
1515 1594 2013 1649 σκάνδαλονένώ-

461 1705 602 1741 πιον
637 1688 753 1741 τῶν
782 1688 925 1743 υἱῶν
951 1688 1209 1759 Ἰσραὴλ,
1235 1686 1377 1759 [καὶ]
1403 1686 1612 1755 φαγεῖν
1659 1686 2014 1739 εἰδωλόθυτα

462 1780 557 1831 καὶ
586 1780 907 1848 πορνεῦσαι
928 1795 941 1809 °
972 1774 1158 1845 οὕτως
1193 1780 1352 1848 ἔχεις
1387 1778 1480 1831 καὶ
1524 1778 1605 1831 σὺ
1640 1778 2006 1844 κρατοῦντας

462 1869 577 1936 τὴν
601 1869 857 1937 διδαχὴν
890 1868 1385 1923 τῶνΝικολαϊτῶν
1407 1867 1641 1938 [ὁμοίως
1730 1867 1808 1934 ἢν
1837 1866 2010 1935 μισῶ.

544 1980 651 2033 Δύο
680 1980 734 2032 δὲ
762 1981 990 2051 χαλεπὰ,
1012 1982 1085 2042 ὡς
1117 1978 1313 2043 ἔοικεν,
1334 1981 1366 2050 ἡ
1390 1980 1543 2042 πόλις
1568 1978 1703 2048 αὕτη
1723 1979 2011 2049 ὲκέκτητο’

466 2070 573 2144 [τὸ]
628 2076 753 2135 τοὺς
804 2076 900 2143 μὲν
954 2073 1200 2136 πλείονας
1238 2074 1505 2145 ’Έλληνας
1528 2069 1689 2145 [εἶναι
1728 2074 1784 2126 ὲν
1812 2071 1969 2145 αὐτῇ]
1998 2089 2011 2104 ·

466 2162 523 2227 ἐξ
554 2162 730 2214 αὐτῶν
750 2164 803 2216 δὲ
825 2163 931 2216 τῶν
959 2164 1162 2216 πιστῶν
1188 2163 1615 2232 ὠνομασμένων,
1642 2164 1768 2225 τοὺς
1791 2162 2012 2232 αἰσχρο-

467 2254 657 2314 ποιοὺς
695 2254 1021 2316 Νικολαῖτας
1061 2254 1465 2321 ύποσπαρέντας
1518 2253 1594 2327 τῷ
1630 2253 1759 2323 σίτῳ
1804 2254 2016 2321 πονηρά

469 2340 704 2403 ζιζάνια.
729 2342 820 2394 Διὸ
868 2343 961 2395 καὶ
996 2343 1086 2395 τοῦ
1115 2342 1341 2410 Βαλαάμ
1384 2343 1777 2411 ἐμνημόνευσε,
1818 2342 2013 2409 φήσαςο

473 2433 583 2494 Ὃς
603 2430 920 2484 ἐδίδασκεν
954 2432 1022 2484 ἐν
1069 2430 1149 2496 τῷ
1178 2432 1422 2498 Βαλαὰμ
1460 2430 1567 2482 τὸν
1608 2431 1832 2483 Βαλὰκ.
1863 2430 2020 2499 Δηλοῖ

467 2519 522 2571 δὲ
541 2521 628 2572 διὰ
665 2521 865 2573 τούτων
885 2522 973 2574 τὸν
1011 2522 1198 2592 νοητὸν
1227 2520 1451 2589 Βαλαάμ
1476 2520 1569 2572 τὸν
1596 2519 1838 2573 διάϐολον
1866 2521 1922 2572 ὲν
1944 2519 2019 2589 τῷ

473 2610 737 2680 αἰσθητῷ,
767 2612 857 2665 τὸν
888 2612 1067 2665 Βαλὰκ
1091 2612 1295 2677 διδάξαι
1335 2611 1396 2664 τὸ
1431 2612 1574 2664 κατὰ
1602 2611 1711 2665 τῶν
1760 2610 2025 2681 Ἰσραηλι-

470 2700 583 2754 τῶν
607 2702 916 2765 σκάνδαλον,
952 2702 1208 2775 πορνείαν
1238 2703 1330 2755 καὶ
1352 2700 1787 2772 εἰδωλολατριαν.
1815 2702 1892 2771 Τῇ
1916 2700 2023 2770 γὰρ

473 2792 690 2863 ἐκείνης
713 2795 869 2864 ἡδονῇ
893 2796 970 2858 εἰς
1017 2793 1218 2861 ταύτην
1239 2793 1316 2864 τῷ
1352 2790 2025 2863 Βεελφεγὼρτελεσθέντες

477 2884 968 2952 κατεκυλίσθησαν.

479 2989 577 3041 per
628 2974 1009 3028 sror-lationem
1067 2973 1234 3029 illexit
1274 2974 1421 3029 illum
1477 2974 1543 3029 ad
1601 2971 1961 3029 idololatriam
2004 2988 2019 3025 :

2104 656 2255 706 bitat.

2179 763 2276 830 ιι
2308 761 2535 827 Quidam
2582 762 2807 830 Antipas
2848 763 3087 828 nomine,
3136 762 3470 817 fortissimus
3514 777 3646 817 con-

2107 851 2584 919 stantissimusque
2641 850 2839 905 Christi
2891 862 3093 921 martyr
3117 852 3319 906 exstitit
3368 849 3648 920 Pergami.

2108 942 2268 1010 cujus
2297 956 2394 1009 ego
2421 941 2742 1010 martyrium
2767 943 2895 996 olim
2921 942 3043 1011 legi.
3073 940 3222 995 Facit
3254 953 3428 995 autem
3482 940 3652 992 Evan-

2109 1032 2297 1102 gelista
2332 1032 2658 1101 peculiarem
2684 1033 2826 1087 illius
2852 1034 2953 1087 hoc
2986 1032 3104 1086 loco
3147 1031 3500 1093 mentionem,
3538 1039 3651 1084 tum

2109 1138 2217 1191 quo
2249 1122 2486 1177 ﬁdelium
2512 1124 2753 1178 civitatis
2781 1123 2926 1179 illius
2967 1126 3136 1178 virtus
3166 1130 3324 1191 atque
3353 1122 3653 1175 constantia

2112 1213 2274 1280 plana
2304 1212 2412 1277 fiat,
2462 1222 2573 1266 tum
2622 1214 2783 1267 etiam
2840 1229 2949 1282 quo
3000 1215 3348 1268 seductorum
3408 1211 3651 1280 ejusdem

2114 1303 2503 1357 immanitatem
2529 1304 2599 1357 ob
2647 1305 2833 1359 oculos
2870 1305 3028 1359 nobis
3061 1312 3247 1375 ponat.

2184 1414 2248 1476 ll,
2278 1414 2363 1477 Η,
2387 1414 2469 1467 15.
2489 1413 2588 1468 Sed
2621 1416 2780 1469 habeo
2798 1418 3042 1472 adversus
3059 1428 3105 1471 te
3130 1436 3299 1489 pauca
3328 1439 3346 1475 :
3365 1422 3489 1491 quia
3504 1423 3657 1478 habes

2114 1502 2226 1554 illic
2257 1512 2480 1556 tenentes
2509 1505 2801 1558 doctrinam
2838 1506 3083 1570 Balaam,
3118 1510 3208 1577 qui
3244 1510 3459 1564 docebat
3493 1511 3658 1567 Balac

2116 1595 2317 1644 mittere
2339 1593 2644 1646 scandalum
2691 1611 2864 1648 coram
2904 1598 3028 1665 [iliis
3062 1597 3253 1663 Israel,
3284 1602 3431 1655 edere
3463 1612 3509 1655 et
3546 1605 3657 1670 [or-

2116 1686 2284 1736 nicari
2326 1686 2444 1737 :ita
2499 1687 2654 1739 habes
2698 1697 2745 1740 et
2782 1699 2832 1739 tu
2872 1698 3095 1743 tenentes
3144 1692 3436 1744 doctrinam
3492 1691 3660 1748 Nico-

2117 1773 2385 1839 laitarum,
2417 1791 2570 1843 quam
2602 1777 2708 1829 odi.

2190 1974 2428 2041 Duobus,
2463 1985 2519 2029 ut
2539 1976 2770 2042 videtur,
2804 1979 2920 2033 haec
2951 1980 3140 2033 civitas
3166 1980 3380 2049 ﬂagitiis
3408 1981 3667 2038 obstricta

2122 2065 2404 2119 tenebatur
2440 2105 2453 2129 ,
2512 2067 2689 2137 iisque
2764 2069 2985 2123 minime
3038 2071 3372 2138 vulgaribus.
3415 2070 3548 2126 Nam
3614 2081 3669 2128 et

2124 2154 2322 2208 multos
2369 2154 2546 2210 adhuc
2600 2171 2835 2225 paganos
2879 2159 3020 2212 intra
3058 2173 3116 2214 se
3148 2158 3362 2213 fovebat
3391 2175 3405 2212 :
3436 2168 3491 2214 et
3526 2160 3669 2214 inter

2121 2261 2215 2301 eos
2269 2248 2360 2317 qui
2401 2248 2709 2304 Christiano
2750 2250 2968 2304 nomine
3011 2252 3389 2315 censebantur,
3414 2252 3669 2322 permulti

2122 2337 2333 2408 impuro
2380 2338 2709 2396 Nicolaismo
2740 2343 3111 2407 contaminati,
3143 2352 3197 2397 et
3225 2345 3364 2399 inter
3392 2344 3497 2399 loci
3522 2345 3669 2402 illius

2126 2429 2480 2496 orthodoxos,
2517 2431 2739 2500 perinde
2777 2430 2889 2487 lere
2937 2443 3100 2503 atque
3131 2434 3317 2489 lolium
3362 2435 3501 2490 inter
3529 2437 3670 2490 triti-

2128 2532 2249 2572 cum
2295 2520 2450 2586 solet,
2484 2522 2715 2577 intersiti
2758 2524 3249 2593 comperiebantur.
3291 2525 3466 2595 Atque
3511 2541 3575 2581 ea
3605 2526 3673 2581 de

2120 2623 2282 2665 causa
2332 2609 2590 2677 Balaami,
2616 2613 2710 2682 qui
2756 2614 3009 2683 populum
3067 2613 3417 2672 lsraeliticum
3479 2616 3674 2672 callide

2124 2698 2181 2754 in
2224 2714 2463 2755 errorem
2519 2702 2824 2768 induxerat,
2854 2703 3183 2758 mentionem
3226 2703 3374 2760 facit.
3404 2705 3667 2762 Caeterum

2123 2807 2217 2861 per
2246 2801 2531 2848 externum
2557 2803 2612 2850 et
2639 2796 2894 2850 sensilem
2930 2796 3077 2852 hunc
3099 2796 3416 2853 Balaamum
3449 2798 3543 2868 qui
3594 2799 3675 2854 ls-

2124 2882 2253 2936 raeli
2311 2899 2407 2953 per
2448 2884 2697 2940 Balacnm
2755 2886 2978 2942 insidias
3031 2894 3303 2943 struxerat
3366 2887 3672 2958 (siquidem

2083 2973 2263 3027 carnis
2324 2973 2469 3028 enim
2518 2975 2791 3044 voluptate
2819 2975 3047 3041 deliniti,
3097 2990 3163 3030 eo
3193 2975 3397 3046 delapsi
3446 2985 3593 3043 sunt,
3619 2986 3678 3032 ut

482 3065 630 3118 idolo
673 3064 992 3135 Beelphegor
1027 3066 1241 3135 publice
1290 3066 1677 3135 immolarent),
1713 3066 2020 3119 insinuatur
2046 3062 2263 3117 Balaam
2332 3064 2612 3136 mysticus,
2681 3082 2869 3135 nempe
2901 3065 3150 3120 diabolus
3204 3076 3258 3121 et
3314 3065 3565 3123 Satanas.

557 3176 944 3242 Μετανόησον
971 3171 1083 3230 οὖν
1115 3193 1130 3208 ο
1166 3178 1217 3230 ει
1247 3177 1312 3229 δὲ
1336 3176 1442 3245 μὴ,
1461 3176 1705 3245 ἔρχομαί
1734 3190 1830 3229 σοι
1856 3172 2024 3241 ταχὺ,

2201 3173 2263 3241 ll,
2298 3173 2381 3229 l6.
2412 3175 2665 3229 Similiter
2706 3176 3057 3244 paenitentiam
3089 3192 3181 3245 age
3207 3192 3226 3230 :
3248 3177 3294 3230 si
3333 3193 3434 3247 quo
3486 3180 3676 3244 minus,

483 3265 583 3317 καὶ
620 3263 940 3332 πολεμήσω
973 3265 1099 3335 μετ’
1136 3264 1332 3319 αὐτῶν
1380 3266 1448 3318 ἐν
1506 3263 1578 3332 τῇ
1613 3264 1882 3333 ῥομφαίᾳ
1915 3262 2021 3314 τοῦ

2128 3265 2326 3319 veniam
2384 3265 2478 3318 tibi
2526 3267 2648 3333 cito,
2695 3277 2743 3320 et
2785 3265 3023 3336 pugnabo
3064 3282 3182 3319 cum
3240 3266 3347 3320 illis
3397 3267 3449 3319 in
3500 3268 3677 3338 gladio

486 3358 782 3424 στόματός
799 3373 936 3423 μου.

582 3464 668 3515 Ἐν
694 3466 758 3533 τῇ
783 3464 975 3547 ἀπειλῇ
1005 3464 1061 3516 δὲ
1106 3465 1141 3532 ἡ
1178 3463 1572 3536 φιλανθρωπία.
1607 3464 1681 3516 Ού
1719 3461 1847 3532 γὰρ,
1873 3459 2031 3515 Μετὰ

487 3557 622 3619 σοῦ,
653 3558 840 3627 φησὶν,
886 3557 1041 3621 ἀλλὰ,
1092 3558 1218 3625 μετ’
1251 3556 1497 3609 ἐκείνων
1547 3554 1891 3623 πολεμήσω,
1922 3551 2030 3603 τῶν

486 3647 778 3702 νοσούντων
806 3647 1016 3701 ἀνίατα.

569 3852 630 3904 '0
663 3852 818 3918 liwa
864 3847 994 3916 οὖς,
1033 3849 1342 3905 ἀκουσάτω
1386 3850 1440 3903 τί
1472 3849 1534 3909 τὸ
1581 3849 1821 3918 Πνεῦμα
1872 3849 2033 3917 λέγει

491 3942 615 4007 ταῖς
666 3942 1045 4007 Ἐκκλησίαις
1069 3957 1082 3970 °
1141 3941 1222 4006 Τῷ
1255 3942 1492 3995 νικῶντι
1535 3941 1703 3995 δώσω
1734 3940 1892 4007 αὐτῷ
1926 3956 2036 4009 φα·

491 4031 615 4097 γεῖν
632 4030 749 4083 ἀπὸ
774 4031 874 4084 τοῦ
893 4030 1091 4099 μάννα
1125 4030 1229 4084 τοῦ
1262 4029 1669 4098 κεκρυμμένου
1700 4046 1716 4062 ο
1742 4029 1837 4083 καὶ
1868 4028 2036 4083 δώσω

490 4120 645 4186 αὑτῷ
688 4111 897 4189 ψῆφονῒ
930 4121 1178 4189 λευκὴν,
1202 4122 1299 4174 καὶ
1331 4121 1428 4173 ἐπὶ
1469 4120 1582 4188 τὴν
1617 4120 1825 4189 ψῆφον
1851 4121 2038 4190 ὄνομα

490 4212 697 4265 καινὸν
744 4214 1163 4282 γεγραμμένον,
1226 4211 1259 4265 ὃ
1289 4212 1513 4279 ,οὐδεὶς
1564 4207 1729 4265 οἶδεν
1790 4214 1842 4265 εὶ
1886 4211 1972 4280 μὴ
2006 4214 2037 4263 o’

490 4303 822 4370 λαμϐάνων.

570 4414 781 4468 Μάννα
806 4416 862 4469 δὲ
892 4416 1317 4484 κεκρυμμένον,
1340 4415 1367 4467 ὁ
1391 4415 1553 4484 ἄρτος
1581 4414 1677 4484 τῆς
1706 4411 1870 4483 ζωῆς,
1900 4413 1929 4465 ὁ
1951 4412 2038 4464 ού.

495 4508 696 4575 ρὰνιος,
726 4507 1009 4577 οὐρανόθεν
1027 4506 1093 4559 δι’
1127 4508 1271 4577 ἡμᾶς
1296 4505 1590 4571 κατελθὼν,
1628 4504 1718 4558 καὶ
1767 4502 2040 4574 βρώσιμος

2132 3356 2236 3410 oris
2268 3357 2385 3410 mei.

2202 3469 2302 3532 En,
2339 3478 2395 3524 ut
2421 3470 2558 3524 inter
2604 3468 2779 3524 minas
2831 3468 3132 3524 clementia:
3179 3484 3394 3540 quoque
3430 3477 3484 3525 et
3527 3470 3680 3525 beni-

2134 3557 2355 3626 gnitatis
2385 3573 2491 3612 non
2519 3557 2905 3612 obliviscatur:
2932 3573 3106 3628 neque
3132 3560 3277 3613 enim
3308 3560 3405 3625 ait,
3430 3557 3683 3630 Pugnabo

2132 3648 2407 3702 adversum
2437 3658 2518 3711 te;
2545 3649 2639 3703 sed
2666 3649 2741 3703 ait
2769 3664 2785 3703 :
2817 3647 3066 3719 Pugnabo
3109 3658 3291 3703 contra
3320 3651 3461 3713 illos,
3490 3666 3685 3720 nempe

2132 3739 2398 3796 obscenos
2426 3740 2749 3805 Nicolaitas,
2782 3740 2870 3809 qui
2893 3739 3179 3795 insanabili
3208 3742 3392 3794 morbo
3414 3741 3683 3798 laborant.

2206 3855 2271 3917 ll,
2296 3855 2375 3909 I7.
2403 3855 2507 3920 Qui
2529 3855 2679 3909 habet
2708 3871 2908 3919 aurem,
2935 3853 3120 3908 audiat
3136 3854 3261 3924 quid
3281 3852 3509 3923 Spiritus
3538 3854 3681 3907 dicat

2140 3942 2388 3998 Ecclesiis
2429 3961 2446 3997 :
2493 3943 2725 3998 Vincenti
2768 3943 2902 3997 dabo
2952 3959 3147 3996 manna
3192 3941 3590 4006 absconditum;
3632 3948 3681 3996 et

2137 4034 2273 4087 dabo
2323 4034 2404 4087 illi
2454 4034 2712 4087 calculum
2766 4033 3047 4087 candidum
3079 4041 3126 4086 et
3170 4033 3226 4086 in
3254 4032 3457 4087 calculo
3502 4049 3687 4087 nomen

2139 4141 2326 4178 novum
2356 4126 2627 4193 scriptum,
2649 4124 2783 4194 quod
2812 4140 2960 4178 nemo
2983 4124 3101 4188 scit,
3134 4124 3239 4177 nisi
3265 4124 3356 4187 qui
3389 4123 3595 4191 accipit.

2216 4400 2417 4454 Manna
2462 4399 2819 4453 absconditum
2842 4405 2925 4451 est
2954 4394 3192 4450 caelestis
3213 4394 3337 4448 vitm
3366 4392 3542 4462 panis,
3571 4391 3685 4461 qui,

2145 4500 2327 4547 nostra
2376 4504 2540 4547 causa
2569 4505 2598 4544 e
2630 4488 2769 4544 cmlo
2814 4488 3090 4558 delapsus,
3134 4486 3200 4540 ad
3254 4484 3687 4538 manducandum

495 4573 803 4667 νενόμενοςί
850 4597 1120 4669 τροπικῶς
1148 4573 1220 4650 ἠδὲ
1250 4598 1341 4649 καὶ
1390 4596 1459 4649 τά
1510 4594 1768 4665 μέλλοντα
1807 4573 2025 4661 ἀγαθά1

2144 4582 2388 4652 apprime
2420 4592 2505 4637 est
2550 4580 2796 4636 idoneus.
2828 4578 2969 4643 Quin
2995 4578 3138 4631 bona
3170 4576 3261 4630 illa
3291 4588 3410 4643 quae
3440 4574 3492 4627 in
3521 4573 3689 4649 altero

489 4689 689 4756 μάννα
737 4688 971 4756 λέγεται,
1020 4689 1114 4743 ἅτε
1162 4687 1451 4754 οὐρανόθεν
1498 4688 1893 4756 κατερχόμενα,
1915 4683 2037 4737 ὅθεν

496 4776 592 4829 καὶ
622 4778 659 4844 ὴ
690 4777 810 4829 ἆνω
846 4775 1257 4844 Ἰερουσαλήμ.
1293 4772 1528 4838 Τούτων,
1547 4774 1731 4843 φησὶν,
1766 4772 1815 4823 οἱ
1846 4769 2037 4822 νικῶν-

496 4882 583 4926 τες
621 4866 711 4917 τόν
749 4864 992 4919 διάϐολον
1023 4864 1325 4929 τεύξονται.
1373 4863 1643 4934 Λήψονται
1698 4861 1755 4914 δὲ
1792 4860 1887 4914 καὶ
1920 4859 2041 4927 ψῆ-

496 4975 612 5027 φον
634 4958 883 5023 λευκὴν,
908 4959 1148 5010 τουτέστι
1165 4954 1464 5028 [καθαρῶς]
1488 4953 1852 5021 νικῶσαν,τῆς
1867 4951 2044 5015 δεξιᾶς

503 5046 695 5114 μοίρας
719 5044 1053 5117 ἀξιούμενοι⁸
1090 5046 1185 5098 καὶ
1216 5044 1401 5114 ὄνομα
1434 5043 1643 5097 καινὸν
1687 5045 1752 5112 τῇ
1798 5040 2044 5111 παρούσῃ

499 5134 609 5204 ζωῇ
630 5136 987 5205 ἀγνοούμενον
1019 5152 1034 5168 ·
1060 5136 1333 5206 ὀφθαλμὸς
1373 5135 1481 5205 γὰρ
1526 5134 1624 5187 οὐκ
1661 5128 1787 5198 εἶδε,
1817 5134 1909 5186 καὶ
1951 5130 2045 5191 οὓς

499 5224 597 5276 οὐκ
627 5226 844 5293 ἢκουσε,
869 5226 961 5277 καὶ
987 5225 1108 5287 νοῦς
1127 5224 1186 5277 ού
1211 5223 1473 5278 κατέλαὸε
1507 5226 1574 5276 τά
1611 5221 1789 5289 ἀγαθὰ
1811 5222 1877 5274 τὰ
1911 5219 2041 5289 μέλ-

501 5316 677 5381 λοντα,
694 5319 787 5369 καὶ
805 5317 864 5369 τὺ
883 5317 1063 5370 καινὸν
1076 5317 1263 5385 ὄνομα,
1279 5315 1365 5371 ὃοξ
1392 5316 1534 5383 ἅγιοι
1556 5313 2041 5383 κληρονομήσουσι.

2143 4674 2337 4730 saeculo
2365 4673 2569 4729 sanctis
2613 4671 2847 4741 reposita
2878 4677 3043 4734 sunt,
3074 4680 3267 4721 manna
3316 4676 3532 4737 quoque
3592 4679 3690 4734 ap-

2144 4766 2446 4836 pellantur;
2503 4773 2563 4818 ut
2610 4777 2734 4833 quae
2788 4771 2842 4817 ct
2891 4760 3104 4816 ccelitus
3137 4758 3375 4821 veniant,
3395 4766 3448 4810 et
3474 4755 3527 4810 in
3557 4756 3695 4811 creto

2154 4864 2388 4919 tantum,
2445 4852 2589 4922 quod
2651 4851 2759 4907 alio
2812 4849 3029 4905 nomine
3106 4864 3329 4917 superna
3401 4845 3695 4900 Jerusalem

2149 4954 2390 5007 vocatur,
2425 4944 2581 5013 plene
2618 4942 2921 5011 obtingant.
2970 4940 3175 4993 Horum
3212 4946 3389 4991 autem
3427 4936 3695 4989 bonorum

2150 5042 2267 5088 tuta
2313 5032 2658 5102 possessione
2690 5030 2767 5084 illi
2806 5030 3023 5083 demum
3064 5026 3357 5096 potientur,
3394 5025 3486 5094 qui
3516 5023 3698 5078 diabo-

2156 5124 2267 5177 lum
2324 5130 2377 5176 et
2414 5120 2676 5174 mundum
2726 5118 2994 5173 vicerunt.
3036 5113 3321 5184 Accepturi
3352 5113 3510 5166 iidem
3559 5123 3697 5180 quo-

2151 5229 2254 5284 que
2276 5219 2402 5267 sunt
2435 5211 2718 5263 candidum
2761 5210 3104 5277 victoremque
3148 5204 3406 5258 calculum
3450 5218 3468 5255 :
3514 5209 3698 5271 utpote

2151 5305 2265 5375 qui,
2299 5312 2360 5357 ut
2416 5303 2481 5356 ad
2532 5300 2739 5355 Judicis
2794 5300 3069 5353 dexteram
3124 5296 3493 5357 collocentur,
3542 5292 3697 5362 digni

506 5414 864 5467 habebuntur.
919 5412 1198 5481 Accipient
1249 5412 1461 5465 tandem
1535 5425 1639 5463 una
1712 5423 1834 5462 cum
1896 5404 2108 5459 calculo
2171 5416 2353 5455 nomen
2398 5414 2584 5451 novum
2619 5438 2633 5462 ,
2686 5394 3042 5467 praesentique
3096 5392 3224 5446 huic
3288 5390 3408 5443 vita:
3466 5403 3699 5481 prorsus

503 5506 858 5574 incognitum.
913 5478 1116 5560 Oculus
1161 5502 1306 5558 enim
1360 5518 1467 5556 non
1539 5500 1714 5561 vidit,
1779 5513 1879 5553 nec
1955 5497 2103 5549 auris
2161 5493 2401 5557 audivit,
2465 5504 2638 5560 neque
2710 5502 2862 5542 mens
2932 5487 3169 5540 humana
3242 5478 3698 5574 comprehendit,

509 5571 654 5668 quae—
689 5608 1007 5669 quantaque
1052 5598 1103 5651 in
1174 5596 1355 5651 futuro
1403 5612 1517 5651 aevo
1596 5601 1890 5665 prmparata
1949 5600 2073 5645 sunt
2098 5587 2286 5657 justis;
2316 5587 2454 5642 sicut
2488 5600 2587 5641 nec
2635 5597 2827 5639 nomen
2885 5594 3103 5651 quoque
3135 5572 3266 5630 illud
3297 5587 3517 5643 novum,
3555 5571 3701 5644 quod

509 5692 667 5747 iidem
701 5693 777 5746 illi
825 5700 1011 5761 pacate
1050 5690 1419 5760 possidebunt.
