4034 6578
314 419 419 482 239

925 523 1150 580 CAPUT
1204 523 1286 578 Vl.

314 662 627 733 Cujusmodi
660 659 700 716 Τ
704 661 1022 732 hyalirensis
1048 659 1304 743 Ecclesia:
1331 662 1519 732 angelo
1585 661 1889 732 signiﬁcata

1046 742 1176 786 sint.

384 871 451 936 ll,
486 872 572 927 18.
602 870 670 924 Et
702 871 889 942 angelo
926 870 1200 943 Thyatira:
1229 869 1477 926 Ecclesia:
1513 871 1683 925 scribe
1716 887 1734 924 :
1760 868 1890 924 lla'c

312 967 440 1040 dicit
462 962 508 1017 Ε
511 965 634 1018 ilius
666 965 782 1028 Dei,
818 966 907 1035 qui
933 967 1085 1020 habet
1107 965 1285 1020 oculos
1331 975 1582 1034 tanquam
1615 965 1891 1033 ﬂammam

313 1061 472 1130 ignis,
508 1068 556 1114 et
591 1059 742 1128 pedes
785 1061 899 1127 ejus
931 1060 1131 1114 similes
1159 1059 1491 1113 aurichalco.

379 1239 595 1308 Igneam
641 1240 928 1295 oculorum
985 1240 1222 1308 speciem
1306 1246 1604 1308 utrumque
1675 1252 1784 1306 pra:
1831 1253 1892 1294 se

308 1335 452 1389 ferre
495 1335 699 1388 dictum
745 1345 828 1388 est
892 1341 1048 1398 ante,
1109 1331 1457 1401 splendorem
1519 1330 1782 1384 nimirum
1835 1338 1890 1386 et

306 1423 592 1489 ardorem;
623 1432 676 1476 et
733 1421 877 1476 hunc
909 1422 1127 1491 quidem
1173 1421 1490 1491 signiﬁcare
1530 1421 1802 1490 supplicia
1832 1421 1886 1474 in

307 1515 505 1586 impios
534 1524 588 1568 et
610 1523 924 1584 peccatores
951 1515 1283 1580 constituta;
1318 1513 1474 1568 illum
1499 1529 1650 1578 vero,
1685 1513 1887 1581 lucem,

305 1609 429 1677 quia
463 1608 593 1677 justi
624 1615 678 1660 et
708 1606 881 1661 sancti
913 1605 1341 1672 perfunduntur.
1379 1606 1483 1662 Per
1513 1606 1667 1676 pedes
1701 1615 1885 1662 autem

301 1709 357 1753 et
379 1699 802 1752 chalcolibanum
837 1699 939 1768 12
963 1698 1212 1753 denotari
1239 1699 1444 1754 Christi
1467 1699 1884 1764 humanitatem,

303 1791 665 1862 ejusdemque
708 1791 762 1846 in
797 1792 883 1845 his
917 1791 1008 1860 qui
1042 1791 1176 1844 salvi
1209 1791 1366 1855 liunt,
1397 1791 1561 1844 veluti
1624 1789 1886 1860 spiritalis

301 1885 586 1954 cujusdam
649 1885 905 1954 unguenti
940 1883 1330 1955 fragrantiam;
1362 1899 1463 1939 nec
1507 1900 1611 1938 non
1673 1884 1872 1938 indivi-

1489 417 1814 478 ANDRE/‘E
1853 416 2367 477 C/ESARlENSlS

3463 415 3568 481 ειο

2589 525 2837 578 unum.
2879 526 2969 591 cr.

2003 665 2079 720 Τὰ
2133 664 2476 733 δηλωθέντα
2539 658 3064 800 τῷεκαᾶγτῗῶιὲςτῆς
3111 659 3180 713 ἐν
3239 661 3576 729 Θυατείροις

2068 873 2177 929 Kal
2210 869 2288 936 τῷ
2319 868 2552 940 ἀγγέλῳ
2577 867 2685 937 τῆς
2722 867 2792 921 ἐν
2821 868 3165 934 Θυατείροις
3212 865 3576 932 Ἐκκλησιας

1996 964 2230 1034 ’γράψον
2252 977 2268 994 ·
2309 961 2454 1016 Τάδε
2501 959 2663 1030 λέγει
2710 962 2742 1014 ό
2803 957 2938 1024 Υἱὸς
2991 956 3100 1011 τοῦ
3150 957 3300 1012 Θεοῦ
3347 959 3380 1012 ὁ
3414 957 3575 1026 ἔχων

1994 1057 2132 1122 τοὺς
2195 1053 2546 1124 ὀφθαλμοὺς
2573 1053 2653 1119 ὡς
2686 1051 2886 1121 φλόγα
2919 1049 3134 1118 πυρὸς,
3165 1048 3265 1103 καί
3308 1051 3363 1102 ol
3396 1048 3577 1114 πόδες

1993 1149 2181 1204 αὐτοῦ
2210 1148 2401 1218 ὅμοιοι
2433 1143 2874 1215 χαλκολιϐάνῳ.

2056 1242 2286 1311 Εἴρηται
2318 1241 2380 1294 τὸ
2407 1239 2516 1294 τῶν
2544 1237 2838 1308 ὀφθαλμῶν
2865 1234 3136 1307 πυρῶδες,
3164 1234 3226 1288 τὺ
3248 1233 3577 1305 φωτιστικδν

1993 1335 2101 1388 τῶν
2135 1333 2384 1398 δικαίων,
2413 1331 2508 1386 καὶ
2534 1331 2594 1384 τὸ
2628 1327 2924 1383 καυστικδν
2947 1326 3145 1398 δηλοῦν
3175 1326 3285 1381 τῶν
3314 1326 3576 1398 ἀμαρτω-

1994 1426 2130 1481 λῶνο
2182 1423 2328 1492 τοὺς
2357 1423 2415 1480 δὲ
2466 1423 2659 1489 πόδας
2694 1421 2787 1476 καὶ
2832 1422 2937 1475 τὸν
2985 1420 3436 1492 χαλκολίϐανον
3480 1435 3576 1489 ση-

1996 1519 2209 1590 μαίνειν
2240 1517 2337 1590 τὴν
2370 1515 2464 1571 τοῦ
2495 1515 2739 1588 Χριστοῦ
2769 1516 2828 1568 ὲν
2856 1515 2969 1578 τοῖς
2993 1513 3320 1582 σωζομένοις
3345 1511 3575 1566 εὐωδίαν

1988 1609 2084 1662 τοῦ
2119 1607 2311 1680 νοητοῦ
2345 1608 2544 1681 μύρου,
2577 1606 2673 1661 καὶ⁵
2717 1606 2816 1676 τὴν
2852 1605 3097 1675 ἄτμητον
3125 1604 3218 1658 καὶ
3262 1604 3571 1674 ἁσύγχυτον

1989 1701 2184 1754 ἕνωσιν
2244 1697 2500 1768 θεότητός
2540 1715 2602 1750 τε
2646 1699 2742 1749 καὶ
2781 1694 3198 1765 ἀνθρωπδτητος
3225 1709 3240 1724 °
3279 1693 3419 1764 αῦτη
3465 1693 3574 1764 γὰρ

1989 1793 2065 1855 ὡς
2093 1789 2576 1864 πεπυρακτωμένη
2603 1789 2682 1860 τῷ
2707 1787 2834 1858 θείῳ
2862 1787 3165 1855 Πνεῦματι,
3194 1787 3308 1850 τοῖς
3355 1785 3572 1855 ἀνθρω-

1985 1885 2161 1947 πίνοις
2185 1885 2464 1954 λογισμοῖς
2505 1884 2655 1936 ὲστιν
2689 1880 3067 1952 ἀψηλάφητος.

301 1976 467 2033 duam
533 1976 682 2032 illam
715 1984 768 2031 et.
844 1976 1191 2030 inconfusam
1244 1975 1516 2047 planeque
1555 1975 1931 2032 admirabilem
1967 1977 2193 2031 °divinae
2250 1975 2616 2045 humanaeque
2657 1982 2864 2028 natura:
2903 1971 3046 2026 inter
3079 1985 3138 2026 se
3163 1969 3418 2026 unionem
3453 1988 3466 2025 :
3506 1985 3570 2025 ea

301 2074 742 2142 cnimtanquam
780 2070 946 2124 divini
987 2070 1224 2142 Spiritus
1283 2072 1405 2142 igne
1453 2070 1712 2140 conﬂata,
1775 2073 2024 2144 miroque
2073 2073 2236 2128 modo
2281 2078 2687 2142 coagmentata,
2747 2067 3001 2124 humanis
3072 2067 3384 2124 rationibus
3411 2084 3564 2126 com-

303 2160 558 2237 prehendi
577 2167 806 2220 omnino
834 2179 941 2219 non
975 2174 1175 2235 potest.

373 2263 437 2330 ll,
468 2263 553 2326 19,
581 2262 672 2317 20.
718 2260 857 2315 Novi
882 2277 1042 2331 opera
1078 2270 1190 2327 tua,
1214 2270 1263 2314 et
1294 2260 1453 2332 ﬁdem
1481 2268 1527 2315 et
1565 2263 1878 2319 charitatem

2049 2260 2192 2315 Οἷδὰ
2225 2277 2343 2316 σου
2390 2260 2461 2315 τὰ
2495 2260 2662 2331 ἔργα,
2691 2261 2790 2316 καί
2841 2261 2958 2330 τὴν
3009 2261 3276 2333 ἀγάπην,
3305 2262 3404 2318 καί
3456 2261 3571 2326 τὴν

302 2366 481 2417 tuam;
506 2363 553 2408 et
588 2354 942 2408 ministerium
978 2363 1026 2406 et
1060 2354 1372 2422 patientiam
1409 2363 1577 2417 luant,
1620 2362 1669 2407 et
1721 2369 1878 2423 opera

304 2462 395 2500 tua
437 2448 720 2500 novissima
752 2447 907 2515 plura
931 2447 1217 2516 prioribus.
1249 2445 1354 2500 Sed
1379 2445 1541 2499 habeo
1601 2447 1878 2500 adversum

304 2550 352 2594 te
377 2555 550 2608 pauca
578 2579 591 2604 ,
623 2539 747 2609 quia
776 2539 1040 2608 permittis
1075 2539 1348 2593 mulierem
1379 2537 1616 2603 Iezabel,
1648 2553 1766 2608 qua:
1826 2553 1880 2591 se

301 2634 433 2687 dicit
483 2633 812 2703 prophetam,
843 2631 1046 2698 docere,
1095 2641 1146 2687 et
1197 2631 1442 2687 seducere
1486 2647 1660 2687 servos
1713 2647 1876 2699 meos,

302 2724 533 2781 scortari
554 2734 603 2780 et
637 2725 956 2778 manducare
979 2724 1040 2778 de
1075 2723 1404 2794 idolothytis.

369 2993 505 3061 Etsi,
525 2997 722 3068 inquit,
743 3007 978 3052 vestram
999 2996 1052 3051 in
1073 2995 1178 3050 (ide
1195 2993 1590 3059 constantiam,
1606 3001 1878 3048 vestram-

295 3105 399 3160 quc
426 3090 570 3144 eirea
607 3106 900 3160 egenorum
932 3101 985 3145 et
1012 3105 1313 3160 pauperum
1347 3087 1714 3143 ministerium
1744 3085 1877 3141 cha-

295 3186 532 3239 ritatem.
560 3193 615 3238 et
643 3191 881 3238 vestram
933 3182 1171 3253 denique
1193 3181 1507 3252 patientiam
1549 3179 1876 3236 commendo

295 3287 631 3347 acceptaque
678 3277 873 3343 habeo,
917 3288 1154 3332 attamen
1205 3277 1308 3331 hoc
1358 3276 1583 3331 nomine
1612 3274 1734 3344 jure
1780 3287 1877 3328 vos

296 3369 660 3439 reprehendo,
686 3371 831 3439 quod
860 3368 1255 3425 Nicolaitarum
1307 3367 1564 3433 harresin,
1595 3383 1717 3438 qua:
1750 3382 1877 3437 pro-

299 3469 416 3527 pter
470 3458 696 3527 impiam
758 3461 1142 3529 impuramque
1192 3459 1470 3514 lasciviam
1521 3457 1735 3512 Iezabel
1779 3473 1877 3526 per

296 3563 512 3623 tropum
541 3554 643 3606 hoc
669 3553 789 3606 loco
818 3553 1142 3622 appellatur,
1167 3551 1343 3619 palam
1369 3551 1620 3605 obtinere
1653 3549 1877 3619 permit-

1988 2355 2216 2419 πίστιν,
2255 2353 2353 2408 καί
2406 2353 2521 2422 τὴν
2557 2353 2889 2421 διακονίαν,
2922 2354 3061 2426 ’[καί
3116 2353 3229 2423 τὴν
3282 2355 3572 2424 ὑπακοήν

1985 2447 2150 2520 σου,]
2185 2448 2282 2502 καὶ
2325 2447 2442 2514 τὴν
2494 2446 2810 2517 ὑπομονήν
2847 2462 2984 2514 σου,
3023 2447 3123 2501 καὶ
3163 2447 3232 2500 τὰ
3262 2447 3405 2517 ἔργα
3453 2462 3570 2500 σου

1986 2541 2058 2594 τὰ
2086 2541 2317 2607 ἔσχατα
2348 2539 2608 2592 πλείονα
2645 2538 2767 2592 τῶν
2791 2537 3038 2607 πρώτων
3071 2556 3085 2572 ο
3120 2539 3260 2593 ἀλλ’
3280 2538 3397 2608 ἔχω
3422 2537 3573 2590 κατὰ

1986 2632 2102 2686 σοῦ
2129 2629 2376 2704 [dura],
2399 2631 2489 2684 ὄτι
2520 2629 2764 2700 ἀφῆκας
2799 2629 2916 2696 τὴν
2965 2628 3218 2700 γυναῖκὰ
3242 2646 3359 2683 σου
3400 2627 3570 2687 Ἰεζά-

1987 2727 2114 2786 ϐελ,
2148 2722 2186 2791 ἢ
2215 2723 2378 2792 λέγει
2409 2723 2641 2790 ἑαυτὴν
2675 2720 2998 2791 προφῆτιν,
3027 2721 3125 2774 καί
3158 2721 3433 2774 διδάσκει
3472 2721 3569 2773 καί

1986 2816 2190 2887 πλανᾷ
2223 2817 2364 2883 τοὺς
2390 2816 2572 2888 ἐμοὺς
2593 2816 2859 2882 δούλους
2877 2815 3213 2883 πορνεῦσαι
3235 2815 3331 2868 καί
3357 2813 3572 2884 φαγεῖν

1984 2911 2367 2964 εἰδωλόθυτα.

2059 2997 2203 3054 Οἶδά
2249 3016 2366 3055 σου
2407 3002 2477 3054 τὰ
2515 2999 2677 3069 ἔργα.
2704 3030 2772 3041 --
2797 3000 2860 3052 El
2884 2999 2998 3070 γὰρ
3021 2998 3116 3052 καὶ
3147 2997 3237 3051 διὰ
3265 3014 3365 3068 την
3388 2996 3569 3050 πίστιν

1986 3091 2079 3144 καὶ
2111 3090 2209 3162 τὴν
2244 3092 2380 3162 πρὸς
2412 3092 2537 3154 τοὺς
2585 3092 2876 3161 δεομένους
2905 3089 3206 3151 διακονίαν,
3241 3087 3301 3140 τὸ
3335 3088 3565 3150 εὐλαϐὲς

1986 3186 2139 3256 ὑμῶν
2183 3186 2276 3240 καὶ
2314 3185 2716 3256 ὑπομονητικὸν
2760 3184 3124 3254 ἀποδέχομαι,
3157 3182 3294 3235 ἀλλά
3342 3181 3566 3244 δικαίως

1985 3279 2113 3349 ὑμῖν
2136 3277 2548 3348 ἐπιμέμφομαι,
2573 3278 2654 3330 ὅτι
2680 3277 2780 3347 τὴν
2805 3277 2915 3332 τῶν
2963 3276 3306 3329 Νικολαϊτῶν
3329 3274 3564 3344 αἵρεσιν,

1983 3370 2083 3441 τὴν
2107 3369 2384 3441 τροπικῶς
2417 3369 2817 3440 ὠνομασμένην
2865 3368 3142 3434 Ἰεζάϐελ,
3171 3367 3259 3420 διὰ
3294 3367 3393 3436 τὴν
3437 3367 3565 3419 δυσ-

1985 3461 2204 3513 σέϐειαν
2255 3460 2348 3512 καὶ
2388 3461 2703 3529 ἀσέλγειαν,
2745 3461 3000 3531 ἀφήκατε
3063 3457 3564 3530 παρρησιάζεσθαι,

1984 3550 2126 3603 ὥστε
2156 3553 2268 3612 τοῖς
2289 3550 2497 3616 δούλοις
2535 3568 2660 3620 μου,
2725 3550 2797 3603 δι’
2825 3551 3106 3621 ἁπλότητα
3145 3549 3390 3620 γνώμης,
3430 3565 3571 3619 παρ-

297 3646 434 3710 titis,
461 3645 840 3714 hactenusque
869 3644 1253 3714 permiseritis.
1275 3641 1399 3700 Hazc
1417 3643 1562 3696 enim
1593 3658 1681 3697 res
1709 3641 1878 3696 servis

1989 3645 2134 3714 ἐχειν
2175 3644 2494 3710 σκάνδαλον,
2523 3646 2618 3698 καὶ
2670 3644 2851 3698 ἕλκειν
2881 3644 3080 3707 αὐτοὺς
3119 3641 3266 3715 [καὶ]
3300 3645 3379 3706 είς
3420 3641 3570 3695 εἰδω-

295 3737 454 3802 meis,
486 3737 557 3790 ob
583 3735 783 3806 ingenii
830 3735 1124 3789 rnditatem
1169 3734 1478 3802 mentisque
1545 3731 1870 3801 simplicita-

297 3841 428 3893 tem,
473 3843 726 3898 maguam
782 3825 1104 3882 ollensionis
1143 3823 1494 3878 occasionem
1548 3823 1735 3890 oll'ert;
1767 3823 1875 3877 imo

297 3938 426 3978 vero
449 3922 516 3977 ad
547 3937 736 3976 eurum
781 3936 966 3975 rerum
1003 3933 1163 3974 usum
1207 3933 1329 3988 qua:
1385 3916 1544 3972 idolis
1584 3916 1876 3971 immolatae

1984 3736 2203 3800 λόθυτα,
2235 3731 2315 3799 οἷς
2345 3737 2526 3799 καλῶς
2568 3736 2933 3802 ἁπετὰξαντο.
2967 3737 3187 3806 Ταύτην
3215 3730 3308 3789 οὖν
3343 3738 3564 3788 ἐπιστο-

1989 3828 2169 3898 μίζειν
2199 3828 2446 3897 ὀφείλετε
2481 3846 2496 3862 ο
2522 3831 2604 3882 ὃτι
2627 3831 2720 3881 καὶ
2760 3829 3033 3899 προφῆτις
3086 3825 3229 3882 εἶναι
3277 3827 3568 3898 ὑποκρίνε-

1983 3939 2100 3986 ται,
2129 3921 2234 3974 ὑπὸ
2262 3920 2504 3990 πονηροῦ
2545 3921 2914 3991 ἐνεργουμένη
2953 3919 3282 3989 πνεύματος.

301 4022 538 4083 fuerant,
569 4035 598 4073 a
625 4032 733 4088 quo
758 4017 986 4088 pulchre
1014 4017 1126 4086 jam
1145 4023 1270 4068 ante
1290 4014 1548 4068 ablactati
1566 4013 1914 4082 videbantur,
1961 4016 2143 4071 denuo
2182 4019 2428 4085 attraxit,
2462 4028 2516 4072 et
2579 4017 2825 4086 quotidie
2869 4017 3049 4070 adhuc
3092 4015 3372 4084 puti-abit.
3418 4016 3570 4071 llaec

298 4110 525 4180 proinde
570 4107 790 4162 Jezabel
837 4105 1246 4176 quamprimum
1301 4118 1652 4174 compescere
1707 4120 1881 4176 osque
1931 4106 2175 4177 ejusdem
2222 4109 2508 4164 obstruere
2539 4109 2792 4164 debetis:
2857 4109 3125 4179 siquidem
3183 4109 3421 4178 maligno
3451 4110 3562 4178 spi-

300 4206 406 4260 ritu
433 4205 658 4276 agitala,
685 4203 1062 4274 prophetidem
1093 4216 1215 4256 sese
1240 4201 1448 4271 jactare
1481 4217 1591 4255 non
1638 4202 1872 4259 dubitat.

367 4298 434 4362 ll,
465 4300 526 4353 Ἡ
547 4298 664 4352 25.
697 4297 765 4350 Et
799 4298 921 4352 dedi
949 4296 1032 4350 illi
1059 4305 1256 4365 tempus
1282 4306 1336 4350 ut
1358 4297 1724 4366 paenitentiam
1751 4314 1879 4368 age-

2052 4300 2159 4352 Kal
2210 4299 2404 4354 ἕδωκα
2483 4299 2640 4366 αὐτῇ
2704 4300 2926 4367 χρόνον
3005 4300 3106 4352 ἵνα
3166 4297 3556 4366 μετανοήσῃ’

300 4406 472 4461 ret,et
513 4413 616 4450 non
655 4396 765 4450 vult
817 4397 1067 4465 pwnitere
1113 4413 1144 4448 a
1193 4395 1547 4464 fornicatione
1581 4411 1700 4448 sua.
1745 4392 1878 4447 Ecce

1989 4391 2078 4443 ml
2113 4394 2184 4446 οὐ
2215 4392 2376 4446 θέλει
2401 4391 2774 4461 μετανοῆσαι
2799 4392 2867 4444 ἐκ
2891 4388 2996 4460 τῆς
3035 4392 3320 4458 πορνείας
3350 4389 3563 4458 αὐτῆς.

299 4507 393 4560 ego
423 4490 574 4542 mitto
618 4505 732 4542 eam
766 4491 819 4541 in
856 4489 1047 4542 lectum
1073 4487 1613 4556 ;etquima:chantur
1648 4501 1762 4538 cum
1793 4500 1876 4548 ea,

300 4587 353 4635 in
388 4582 730 4635 tribulatione
764 4581 1002 4634 maxima
1033 4589 1208 4642 erant,
1251 4581 1355 4634 nisi
1412 4578 1770 4648 paenitentiam
1812 4575 1880 4628 ab

300 4673 542 4743 operibus
581 4673 690 4725 suis
736 4672 1044 4741 egerint;et
1093 4671 1231 4740 filios
1277 4671 1389 4739 ejus
1444 4667 1762 4736 interﬁciant
1825 4666 1877 4717 in

302 4777 488 4820 morte.

373 4859 534 4926 Quia,
565 4856 760 4926 inquit,
789 4855 1023 4927 maligna
1055 4855 1143 4908 illa
1178 4852 1406 4908 haeresis
1437 4860 1698 4920 tempore,
1729 4849 1872 4919 quod

301 4952 368 5006 ad
405 4951 666 5018 egelidam
712 4948 1086 5016 pmnitentiam
1144 4941 1492 4997 commodum
1550 4951 1705 4993 nacta
1737 4950 1872 5004 erat,

309 5045 448 5098 bene
474 5042 551 5097 uti
583 5055 690 5094 non
716 5041 918 5105 voluit,
948 5038 1080 5092 Ecce
1114 5037 1361 5106 dejiciam
1393 5034 1542 5086 illam
1584 5035 1637 5086 in
1662 5034 1876 5103 a'griltt-

299 5137 476 5188 dinem
533 5143 581 5187 et
631 5144 872 5187 mortem.
937 5131 993 5184 ln
1051 5141 1206 5200 tropo
1263 5134 1556 5199 perstans,
1609 5125 1873 5180 nefariam

300 5229 446 5285 illam
503 5228 888 5284 Nicolaitarum
946 5232 1198 5296 pestem,
1253 5229 1472 5290 propter
1535 5219 1874 5287 versipellem

300 5323 678 5378 harreticorutn
722 5320 1038 5380 versutiam,
1065 5308 1589 5368 mulieriadultcra:
1650 5329 1876 5383 compa~

295 5429 401 5474 rat.
437 5416 821 5473 Comminatur
842 5427 972 5467 vero
996 5426 1106 5466 non
1139 5409 1284 5462 illam
1317 5415 1526 5462 tantum
1565 5407 1618 5461 in
1654 5408 1877 5478 argrilu-

297 5507 480 5568 dinem
517 5517 570 5564 et
616 5519 845 5562 mortem
889 5519 948 5559 se
1002 5502 1367 5570 dejecturum.
1411 5499 1517 5554 nisi
1547 5501 1871 5570 resipuerit;

1991 4483 2174 4545 Ἰδοὺ,
2205 4483 2424 4546 βάλλω
2462 4482 2659 4551 αὐτὴν
2702 4487 2788 4550 είς
2821 4487 3041 4550 κλίνην
3071 4500 3085 4514 ο
3130 4485 3228 4537 καί
3255 4484 3395 4550 τοὺς
3435 4503 3565 4554 μοι·

1983 4575 2284 4644 χεύοντας
2309 4575 2436 4643 μετ’
2484 4573 2675 4643 αὐτῆς
2733 4579 2820 4642 εις
2877 4576 3090 4644 θλίψιν
3123 4575 3421 4644 μεγάλην,
3458 4577 3568 4630 ἐὰν

1978 4667 2063 4737 μὴ
2095 4667 2562 4735 μετανοήσωσιν
2601 4667 2668 4721 ἐκ
2701 4668 2820 4722 τῶν
2864 4669 3054 4739 ἔργων
3087 4668 3286 4723 αὐτῶν
3319 4685 3334 4699 ο
3369 4668 3465 4723 καί
3496 4671 3568 4723 τὰ

1982 4761 2158 4814 τέκνα
2179 4760 2366 4829 αὐτῆς
2398 4760 2708 4815 ἀποκτενῶ
2736 4763 2807 4816 ἐν
2841 4761 3095 4828 θανάτῳ.

2055 4854 2163 4908 Καὶ
2221 4853 2397 4907 ἔδωκα
2447 4854 2583 4924 αὐτῇ
2617 4854 2824 4926 χρόνον
2857 4871 2870 4884 ·
2931 4853 3050 4924 ἡδὲ
3099 4855 3314 4925 πονηρὰ
3347 4851 3564 4925 [φησὶν]

1985 4949 2168 5002 αὐτῶν
2201 4951 2435 5019 αἵρεσις,
2465 4950 2658 5019 καιρὸν
2703 4948 2946 5001 λαϐοῦσα
2973 4949 3054 5012 είς
3115 4949 3429 5019 μετάνοιαν,
3461 4965 3563 5001 και

1983 5041 2090 5104 λώς
2123 5042 2296 5113 τούτῳ
2321 5045 2420 5095 οὐκ
2445 5044 2737 5112 ἐχρήσατο.
2782 5042 2960 5108 Ἰδοὺ,
2982 5043 3200 5106 ,βάλλω
3241 5042 3437 5107 αὐτὴν
3476 5043 3563 5106 είς

1985 5137 2219 5202 κλίνην,
2262 5136 2340 5208 Τῇ
2401 5139 2577 5208 τροπῇ
2635 5137 2921 5207 ἐνέμεινε,
2967 5137 3061 5191 καὶ
3127 5137 3402 5207 μοιχαλίδι
3465 5135 3564 5204 τὴν

1988 5229 2297 5299 συστροφὴν
2323 5229 2431 5281 τῶν
2463 5229 2757 5300 αἱρετικῶν
2788 5231 3157 5300 παρεικάσας,
3187 5230 3406 5284 ἀπειλεῖ
3430 5228 3563 5282 ταύ-

1987 5339 2084 5389 την
2124 5338 2179 5372 τε
2221 5321 2477 5392 ἀσθενείᾳ
2531 5324 2625 5376 καὶ
2681 5322 2898 5392 θανάτῳ
2936 5324 3276 5394 περιϐαλεῖν,
3307 5325 3400 5378 καὶ
3439 5324 3565 5386 τοὺς

1985 5412 2120 5482 αὐτῇ
2159 5412 2670 5484 συμφοειρομένους
2709 5415 2807 5468 καὶ
2855 5413 2943 5486 [ἐκ
2974 5413 3135 5486 Θεοῦ]
3176 5415 3563 5486 πορνεύοντας,

1985 5506 2034 5558 εἰ
2073 5505 2148 5575 μὴ
2177 5505 2265 5558 διὰ
2301 5507 2592 5575 μετανοίας
2625 5507 2762 5578 πρὸς
2807 5507 2970 5564 αὐτὸν
3001 5509 3431 5580 ἐπιστρέψωσιν.

299 5616 487 5656 verum
519 5610 748 5656 czeteros
780 5610 999 5669 quoque
1045 5609 1259 5657 omnes,
1312 5593 1432 5662 qui,
1490 5593 1603 5649 Deo
1636 5609 1730 5664 per
1792 5596 2076 5667 mysticam
2128 5601 2516 5654 scortationem
2563 5602 2801 5668 deserto,
2855 5617 2983 5657 cum
3047 5602 3138 5657 illa
3186 5617 3307 5659 sese
3369 5613 3562 5659 conta-

298 5696 626 5750 minaverint
659 5732 673 5756 ,
734 5691 835 5745 nisi
889 5700 1066 5743 tamen
1113 5703 1211 5758 per
1261 5702 1446 5741 veram
1494 5687 1871 5757 pcenitentiam
1913 5691 1979 5746 ad
2009 5693 2184 5759 ipsum
2217 5709 2276 5748 se
2301 5693 2482 5748 denuo
2513 5696 2904 5753 converterint.

368 5791 434 5856 ll,
472 5789 659 5844 25-25.
688 5789 754 5842 Et
782 5789 945 5842 scient
973 5803 1148 5840 omnes
1177 5785 1448 5850 Ecclesia;
1479 5786 1604 5855 quia
1635 5803 1726 5857 ego
1757 5804 1871 5841 sum

296 5890 540 5937 scrutaris
575 5899 719 5937 renes
765 5893 812 5938 et
852 5882 1034 5949 corda,
1060 5892 1108 5937 et
1142 5881 1278 5935 dabo
1319 5880 1602 5949 unicuique
1649 5891 1875 5935 vestrum

2055 5793 2159 5843 Kal
2194 5789 2528 5860 γνώσονται
2563 5788 2751 5845 πᾶσαι
2785 5794 2845 5845 al
2897 5793 3276 5861 Ἐκκλησίαι,
3315 5794 3402 5847 ὅτι
3449 5794 3562 5864 ἐγώ

1989 5887 2102 5952 sip:
2135 5887 2167 5936 ό
2202 5881 2464 5950 ἐρευνῶν
2508 5884 2771 5951 νεφροὺς
2792 5887 2888 5938 καί
2936 5887 3185 5954 καρδίας
3210 5905 3224 5918 ·
3261 5886 3358 5942 καί
3391 5887 3560 5942 δώσω
