4040 6578
304 330 410 397 243
1468 331 1795 394 ANDRE.’E
1834 331 2356 394 CAESARIENSlS
3451 336 3562 399 244

306 450 424 506 dies
458 445 627 503 futuri
659 445 940 513 sreculi,in
983 460 1094 515 quo
1142 446 1427 516 praesentis
1481 445 1605 500 vitae
1646 444 1910 503 tenebrm

2016 447 2077 502 οὗ
2113 449 2379 520 παρόντος
2423 451 2540 521 βίου
2589 452 3038 518 διασκεδάσοντος
3071 468 3088 485 ·
3117 448 3178 508 οὗ
3205 455 3327 518 ταῖς
3377 454 3560 508 ἀκτῖσι

309 541 670 596 diseutientur
709 539 980 608 ﬁnemque
1007 536 1229 600 facient,
1261 547 1315 592 et
1347 537 1597 618 §ngelus
1655 551 1877 590 rursum

2015 543 2083 596 παὶ
2109 544 2274 613 ἡμεῖς
2307 543 2770 617 ἐλλαμφοείημεν,
2804 547 3024 618 εὐδοκία
3070 546 3162 600 τοῦ
3197 547 3434 618 Πατρός,
3465 547 3563 599 σὺν

307 633 400 703 qui
437 633 586 687 illum
645 631 1076 686 annuntiaturus
1108 638 1214 696 est,
1247 628 1483 684 Orientis
1532 644 1752 699 quoque
1786 644 1882 683 vo-

2015 632 2063 704 ᾧ
2094 635 2344 704 παναγίῳ
2387 635 2664 708 Πνεύματι
2695 655 2711 670 ο
2747 631 2850 709 ᾧή
2887 639 3014 706 δόξα
3049 642 3128 703 εἰς
3163 641 3290 704 τοὺς
3333 640 3560 703 αἰῶνας.

309 725 502 780 eabula
550 723 745 779 alicubi
792 724 1162 794 designantur.
1198 719 1438 792 Uterque
1479 722 1624 778 enim
1655 722 1882 791 iustitiae
1986 723 2183 794 Ἀμήν.

311 819 515 883 Solem,
577 821 667 890 qui
701 820 904 876 sanctis
971 819 1270 890 apparebit,
1344 817 1737 889 praesentisque
1789 818 1912 872 vitae
1962 819 2356 876 obscuritatem
2413 821 2726 892 dissipabit,
2787 823 3091 878 antecedet.
3150 823 3321 891 Cujus
3402 821 3566 875 radiis

313 917 518 970 utinam
572 930 673 971 nos
709 930 928 986 quoque
966 914 1228 970 illustrari
1262 915 1560 983 contingat,
1590 913 1880 968 accedente
1916 913 2022 971 huc
2053 916 2194 970 bona
2246 917 2421 974 Patris
2453 918 2762 984 voluntate;
2817 919 2906 974 cui
2973 935 3097 974 cum
3142 919 3348 988 Spiritu
3374 924 3568 973 sancto

309 1007 381 1062 sit
404 1005 572 1075 gloria
602 1005 653 1059 in
689 1006 884 1060 succida
927 1003 1272 1061 saeculorum.
1306 1003 1501 1057 Amen.

703 1116 934 1172 CAPUT
967 1117 1075 1171 νη.
1110 1115 1342 1170 SERMO
1377 1116 1465 1170 Ill.

313 1255 389 1309 De
435 1257 500 1309 iis
553 1272 669 1326 qua:
715 1253 998 1310 Sardiana:
1045 1254 1292 1308 Ecclesia:
1347 1255 1533 1324 angelo
1588 1253 1890 1322 significata

1010 1334 1154 1379 ειιηι.

384 1464 474 1529 Ill,
510 1468 560 1520 1.
593 1463 660 1519 Et
721 1464 904 1534 angelo
955 1462 1209 1518 Ecclesia:
1260 1462 1448 1518 Sardis
1506 1462 1722 1516 scribe:
1763 1459 1890 1514 "rec

313 1560 438 1612 dicit
471 1559 560 1628 qui
610 1556 763 1612 habet
794 1566 988 1626 septem
1025 1557 1244 1626 spiritus
1274 1554 1369 1609 Dei
1393 1567 1440 1609 et
1465 1565 1657 1624 septem
1675 1554 1856 1608 stellas
1874 1571 1891 1607 :

1994 1552 2232 1622 tunditur
2274 1571 2288 1586 ·

2415 1124 2665 1178 ΚΕΦΑΛ.
2722 1126 2795 1178 Z'.
2827 1123 3047 1178 ΛΟΓΟΣ
3074 1124 3148 1177 Γ’.

1995 1251 2070 1305 Τὰ
2102 1252 2446 1319 δηλωθέντα
2473 1251 2552 1320 τῷ
2577 1253 2816 1378 ἀγγᾶἐλᾳέ
2859 1254 2970 1323 τῆς
3007 1256 3078 1308 ἑν
3105 1253 3406 1323 Σάρδεσιν
3441 1254 3570 1310 Ἐκν

2626 1343 2661 1378 κ
2707 1342 2790 1378 ησ
2815 1342 2915 1378 ac.

2626 1342 2915 1392 κλησιας.

2059 1461 2168 1514 Καὶ
2207 1460 2285 1528 τῷ
2317 1461 2553 1532 ἀγγέλῳ
2599 1463 2710 1531 τῆς
2746 1462 2816 1516 ἐν
2856 1461 3152 1530 Σάρδεσιν
3203 1460 3570 1530 Ἐκκλησίας

2341 1553 2486 1608 Τάδε
2532 1554 2694 1626 λέγει
2741 1557 2775 1609 δ
2843 1555 3001 1624 ἔχων
3062 1555 3135 1609 τὰ
3190 1553 3342 1608 ἑπτὰ
3389 1555 3563 1608 strati-

315 1646 436 1702 Scio
483 1663 639 1715 opera
675 1656 790 1713 tua,
825 1648 950 1716 quia
1001 1661 1186 1700 nomen
1231 1644 1388 1698 habes
1437 1645 1574 1713 quod
1628 1647 1789 1702 vivas.
1845 1652 1894 1696 et

2019 1645 2286 1701 tata‘zoii
2311 1647 2480 1713 Θεοῦ,
2507 1646 2603 1702 καὶ
2630 1647 2770 1714 τοὺς
2794 1647 2944 1702 ἑπτὰ
2971 1647 3255 1717 ἀστέρας·
3288 1644 3431 1702 Οἶδά
3456 1661 3575 1700 σου

317 1747 560 1792 mortuus
594 1754 669 1791 es.

387 1829 490 1884 Per
514 1839 710 1897 septem
755 1827 936 1881 stellas
983 1835 1190 1898 septem
1226 1828 1446 1896 angelos
1473 1825 1734 1895 :dcnotari
1771 1825 1881 1893 jam
1923 1837 1962 1892 Β

318 1931 444 1977 ante
477 1921 774 1975 indicatum
811 1927 913 1974 est.
951 1921 1054 1974 Per
1083 1929 1275 1988 septem
1310 1927 1491 1972 autem
1548 1919 1772 1987 spiritus
1814 1918 1894 1971 vel

318 2014 398 2070 illi
432 2013 570 2082 ipsi,
605 2020 697 2066 aut
721 2019 930 2080 septem
973 2019 1121 2065 certe
1159 2010 1356 2064 vivifici
1391 2008 1630 2078 Spiritus
1659 2009 1803 2063 vires
1843 2017 1899 2061 et

317 2104 554 2176 energite
583 2103 908 2158 innuuntnr.
941 2101 1184 2172 Utraque
1214 2103 1359 2157 enim
1384 2102 1438 2156 in
1484 2101 1686 2157 Christi
1730 2115 1896 2155 manu

319 2208 369 2252 et
399 2204 667 2267 potestate
701 2203 846 2250 sunt.
877 2194 1009 2248 Nam
1041 2203 1095 2249 et
1144 2194 1352 2264 angelis
1390 2206 1648 2264 tanquam
1682 2192 1899 2247 univer-

320 2306 506 2347 sorum
571 2289 835 2343 Dominus
884 2289 1150 2358 imperat,
1194 2297 1248 2342 et
1303 2287 1568 2357 Spiritum
1625 2295 1900 2344 sanctum,

323 2395 583 2454 tanquam
621 2381 810 2436 eadem
866 2396 991 2435 cum
1041 2380 1135 2434 illo
1175 2380 1413 2434 essentia
1468 2378 1752 2449 przeditus,
1789 2377 1901 2430 lar-

323 2476 489 2546 gitur.
526 2471 778 2543 Increpat
811 2479 998 2526 autem
1047 2470 1371 2526 Sardianam
1403 2471 1724 2534 Eeelesiam,
1756 2467 1904 2539 quod

328 2569 530 2621 nudum
560 2575 769 2620 tantum
811 2563 917 2636 14
933 2565 1067 2618 vivae
1089 2563 1210 2618 ﬁdei
1235 2579 1430 2616 nomen
1455 2562 1734 2630 teneat,ad
1766 2563 1905 2616 bona

325 2674 455 2714 vero
491 2673 656 2728 opera
691 2656 836 2728 quod
859 2665 1091 2726 spectat,
1125 2657 1412 2711 demortua
1439 2655 1638 2725 jaceat.

397 2771 486 2837 Ill,
517 2773 574 2839 2,
604 2775 657 2828 5.
716 2771 845 2826 Esto
885 2771 1131 2842 vigilans,
1168 2781 1214 2825 et
1256 2772 1513 2840 conﬁrma
1562 2773 1910 2841 uetera;un

329 2867 590 2920 moritura
633 2875 804 2920 erant.
835 2862 959 2918 Non
1007 2865 1147 2918 enim
1187 2865 1360 2918 inveni
1415 2879 1572 2933 opera
1620 2874 1712 2917 tua
1755 2865 1910 2932 plena

329 2975 504 3010 coram
528 2956 650 3011 Deo.
691 2955 756 3009 In
787 2966 957 3010 mente
987 2972 1110 3026 ergo
1143 2955 1272 3010 [tabe
1309 2955 1540 3026 qualiter
1575 2958 1838 3026 acceperis
1862 2966 1910 3010 et

329 3046 597 3107 audieris;
633 3057 679 3099 et
717 3061 886 3108 serva,
920 3045 1354 3114 etpwnitentiam
1377 3063 1491 3115 age.

401 3223 656 3291 ignaviae,
717 3223 940 3292 inquit,
995 3222 1328 3292 desidiaeque
1371 3237 1625 3277 somnum
1682 3231 1908 3286 excute;

329 3326 532 3384 tuaque
560 3315 824 3378 membra,
849 3330 970 3384 qua:
1003 3324 1225 3385 prepter
1258 3313 1636 3370 inﬁdelitatem
1672 3315 1738 3369 ad
1769 3329 1913 3368 mor-

331 3420 441 3463 tem
491 3419 638 3463 recta
683 3404 932 3474 tendunt,
967 3408 1232 3462 confirma
1277 3423 1499 3478 :neque
1547 3408 1692 3461 enim
1741 3407 1904 3461 hono-

332 3517 456 3557 rum
509 3516 733 3569 operum
793 3500 1084 3554 exordium
1139 3509 1374 3556 coronat
1424 3498 1761 3568 operarium,
1818 3495 1912 3552 sed

334 3593 616 3664 perfectio.
650 3593 920 3648 Memento
971 3591 1198 3662 proinde
1251 3591 1582 3655 traditionis,
1633 3605 1796 3658 quam
1847 3588 1916 3641 ab

334 3682 598 3751 apostolis
651 3682 908 3750 accepisti
951 3690 1005 3735 et
1047 3681 1323 3744 audivisti,
1354 3690 1404 3736 et
1455 3695 1609 3736 serra
1639 3679 1915 3744 eam;de-

333 3790 440 3844 que
473 3775 686 3844 ignavia
711 3782 801 3826 tua
827 3772 973 3828 serio
1006 3773 1289 3842 resipiscc,
1311 3783 1362 3826 et
1388 3771 1764 3842 pmnitcntiam
1795 3785 1912 3840 age.

408 3959 571 4024 lll,5.
609 3958 666 4014 Si
704 3975 828 4030 ergo
871 3976 974 4014 non
1008 3958 1330 4028 vigilaveris,
1359 3959 1562 4012 veniam
1599 3958 1667 4011 ad
1719 3966 1766 4012 te
1798 3967 1913 4010 tan-

337 4071 494 4125 quam
532 4055 640 4125 fur,
677 4065 727 4109 et
769 4056 962 4110 nescies
983 4071 1085 4124 qua
1108 4053 1457 4107 liorareniam
1484 4057 1550 4106 ad
1570 4064 1636 4107 te.

409 4171 602 4228 Merito
637 4172 768 4226 illud
801 4187 813 4222 :
850 4187 974 4225 nam
1001 4183 1059 4226 ut
1089 4170 1400 4228 communis
1424 4171 1707 4242 pra-sentis
1729 4169 1915 4224 saeculi

336 4265 741 4323 consummatio
780 4264 1038 4319 omnibus
1067 4276 1150 4320 est
1183 4264 1486 4335 incognita,
1526 4264 1596 4317 ita
1645 4264 1914 4317 uniuscuo

330 4359 532 4430 jusque
590 4373 736 4412 mors
792 4373 1014 4427 quoque
1067 4366 1152 4411 est
1212 4359 1443 4410 incerta.
1503 4356 1769 4411 Caeterum
1822 4354 1915 4423 qui

335 4450 586 4522 corporis
644 4459 875 4504 mortem
933 4447 1174 4510 adducit,
1202 4449 1268 4501 iis
1322 4447 1541 4516 quidem
1591 4446 1683 4515 qui
1742 4444 1914 4514 parati

335 4553 486 4607 sunt,
513 4543 713 4610 quietis
747 4557 777 4595 a
827 4540 1110 4594 laboribus
1141 4548 1333 4593 auctor
1368 4549 1484 4602 est;
1519 4538 1586 4590 iis
1635 4551 1765 4589 vero
1822 4536 1915 4606 qui

340 4651 499 4691 secus
528 4633 827 4702 comparati
853 4639 1004 4696 sunt,
1035 4630 1121 4684 l‘ur
1151 4640 1252 4684 est.

320 4788 322 4790 τ
410 4725 497 4790 Ill,
527 4725 581 4780 4.
630 4722 734 4778 Sed
774 4725 932 4778 habes
993 4739 1162 4792 pauca
1205 4723 1417 4775 nomina
1470 4721 1521 4773 in
1591 4720 1799 4781 Sardis,
1829 4720 1918 4789 qui

342 4833 447 4870 non
496 4815 901 4884 inquinaeerunt
968 4816 1274 4869 vestimenta
1302 4830 1434 4876 sua;
1483 4822 1530 4866 et
1573 4811 1917 4865 ambulabunt

341 4923 542 4964 mecum
575 4907 628 4961 in
653 4907 808 4973 albis,
840 4908 964 4977 quia
1002 4908 1146 4977 digni
1187 4916 1332 4960 sunt.

411 5021 551 5089 Hoc,
606 5021 808 5090 inquit,
856 5021 1059 5075 bonum
1107 5021 1296 5088 adepta
1333 5036 1413 5080 es.
1450 5019 1596 5089 quod
1651 5019 1916 5090 quosdam

341 5113 484 5186 apud
516 5125 566 5169 te
594 5112 765 5168 babes
794 5113 885 5181 qui
911 5113 1147 5167 sordidis
1183 5112 1520 5182 impurisque
1553 5111 1768 5164 actibus
1799 5125 1920 5165 ear-

344 5208 430 5265 nis
484 5222 596 5264 sua:
644 5207 962 5262 vestimenta
1036 5220 1142 5259 non
1222 5204 1763 5266 contaminat-erunt;
1825 5203 1918 5273 qui

338 5298 568 5372 proinde
603 5298 656 5354 in
707 5298 1137 5369 regenerationis
1167 5297 1512 5351 solemnitate
1540 5296 1788 5350 candidis
1813 5311 1918 5350 una

342 5411 556 5452 mecum
601 5393 933 5458 tndnentur;
977 5402 1036 5446 ut
1086 5393 1179 5460 qui
1242 5390 1665 5446 immortalitatis
1727 5392 1918 5446 stolam

337 5486 681 5558 impollutam
711 5485 1176 5541 conservaverint.

412 5597 502 5665 Ill,
538 5600 591 5658 5.
634 5598 684 5652 6.
731 5598 835 5663 Qui
891 5599 1107 5664 vicerit,
1159 5599 1242 5653 hic
1305 5600 1551 5654 vestietur
1598 5599 1915 5653 vestimentis

341 5690 514 5755 albis;
553 5699 604 5744 et
660 5707 760 5743 non
810 5691 991 5746 delebo
1038 5708 1223 5746 nomen
1265 5691 1377 5758 eius
1411 5692 1474 5747 de
1517 5693 1649 5746 libro
1677 5693 1791 5745 rita?
1824 5701 1913 5754 ;et

343 5782 631 5854 conﬁtebor
659 5799 845 5837 nomen
893 5784 1005 5853 ejus
1049 5802 1225 5840 coram
1284 5785 1445 5841 Patre
1476 5803 1606 5852 meo,
1644 5796 1691 5839 et
1735 5801 1915 5839 coram

1998 1737 2070 1791 τὰ
2092 1738 2237 1806 ἔργα
2283 1739 2371 1792 ὅτι
2413 1739 2603 1808 ὄνομα
2638 1740 2800 1807 ἔχεις
2823 1739 2913 1794 ὅτι
2955 1739 3078 1808 ζῇς,
3111 1740 3213 1794 καὶ
3255 1740 3471 1810 νεκρὸς
3497 1735 3572 1794 εἴ.

2075 1829 2256 1884 Ἑπτὰ
2293 1830 2576 1899 ἀστέρας,
2619 1832 2799 1896 Θείους
2859 1833 3129 1901 ἀγγέλους
3187 1831 3509 1904 προέφημεν
3557 1845 3574 1861 °

1999 1924 2094 1976 καὶ
2115 1923 2265 1978 ἑπτὰ
2296 1925 2626 1994 πνεύματα,
2659 1926 2692 1998 ἢ
2723 1926 2950 1990 τούτους
2979 1927 3197 1992 αὐτοὺς,
3232 1925 3266 1997 ἢ
3300 1927 3396 1989 τὰς
3426 1927 3579 1996 evap-

2001 2015 2154 2084 τείας
2183 2015 2277 2068 τοῦ
2297 2015 2560 2080 ζωοποιοῦ
2583 2016 2902 2087 Πνεὺματος
2928 2032 2942 2044 ’
2967 2018 3110 2089 ἅπερ
3132 2017 3416 2088 ἀμφότερα
3431 2017 3490 2069 ὲν
3511 2017 3577 2085 τῇ

2001 2109 2148 2180 χειρὶ
2176 2107 2272 2161 τοῦ
2297 2108 2537 2178 Χριστοῦ
2583 2110 2710 2163 εἱσι.
2735 2110 2858 2162 Τῶν
2904 2110 3003 2180 μὲν
3027 2110 3135 2181 γὰρ
3169 2107 3246 2172 ὡς
3299 2108 3580 2178 Δεσπότης

2003 2204 2199 2272 κρατεῖ
2230 2218 2243 2233 ·
2281 2200 2374 2254 τοῦ
2412 2201 2468 2254 δὲ
2503 2201 2818 2273 Πνεύματός
2847 2204 2966 2256 ἐστι
2991 2202 3246 2274 χορηγὸς,
3279 2201 3355 2263 ὡς
3381 2201 3580 2270 ὁμοσύ-

1963 2323 1965 2326 ι
2013 2310 2148 2356 σιος.
2188 2293 2544 2364 Ἐπιπλήττει
2571 2293 2628 2347 δὲ
2657 2296 2721 2365 τῇ
2755 2294 3075 2367 Ἐκκλησία,
3099 2294 3175 2358 ὡς
3221 2293 3379 2363 ψιλὸν
3409 2293 3582 2361 δνομα

2006 2383 2233 2457 [ζώσης]
2258 2385 2456 2458 ἐχούσῃ
2507 2386 2764 2452 πίστεως,
2796 2385 3182 2459 νενεκρωμὲνῃ
3208 2386 3266 2440 δὲ
3305 2382 3493 2458 [οὔσῃ]
3521 2384 3580 2450 ἐξ

2006 2476 2228 2546 ἀγαθῶν
2255 2478 2530 2548 πράξεων.

2083 2765 2270 2817 Γίνου
2312 2763 2654 2834 γρηγορῶν·
2709 2764 2807 2819 καὶ
2845 2764 3140 2835 στιὶριξον
3193 2765 3266 2820 τὰ
3321 2765 3502 2820 λοιπὰ
3548 2763 3588 2820 d

2011 2859 2273 2926 ἔμελλον
2309 2857 2654 2912 ἀποθανεῖν.
2697 2859 2780 2912 Οὐ
2817 2859 2926 2928 γὰρ
2958 2857 3182 2927 εὕρηκά
3199 2872 3316 2912 σου
3347 2857 3417 2911 τὰ
3445 2857 3589 2926 ἔργα

2011 2947 2446 3017 πεπληρωμένα
2475 2945 2732 3026 ἐνώπιον
2769 2947 2875 3002 τοῦ
2925 2949 3072 3002 Θεοῦ
3104 2945 3286 3020 [pou].
3344 2949 3590 3016 Μνημό-

2013 3057 2155 3094 νευε
2182 3037 2442 3107 οὖνπῶς
2472 3042 2732 3111 clangor;
2789 3041 2887 3094 καὶ
2928 3040 3222 3108 ἤκουσας,
3259 3040 3360 3095 καὶ
3403 3039 3584 3110 τήρει,

1964 3176 1979 3194 ,
2015 3131 2112 3187 xui
2131 3133 2533 3202 μετανόησον.

2073 3225 2265 3282 Fero?)
2297 3226 2616 3298 γρηγορῶν.
2627 3227 2802 3282 -Τὺν
2823 3226 3010 3293 ὕπνον,
3032 3227 3185 3298 φησι,
3203 3227 3301 3296 τῆς
3320 3223 3594 3299 ῥᾳθυμίας

2023 3320 2368 3388 ἀποτιναξαι,
2403 3322 2499 3374 καὶ
2539 3321 2608 3374 τὰ
2649 3321 2789 3392 μέλη
2831 3339 2924 3376 σου
2974 3323 3043 3375 τὰ
3097 3320 3467 3391 ἀποθνήσκειν
3503 3336 3593 3372 τε-

2016 3413 2178 3477 λείως
2229 3413 2296 3467 δι’
2353 3411 2612 3475 ἀπιστίας
2655 3412 2943 3479 μέλλοντα,
2970 3411 3227 3482 στήριξον
3261 3427 3276 3441 ο
3305 3411 3366 3464 οὐ
3407 3408 3514 3479 γὰρ
3559 3411 3594 3478 ὴ

2016 3503 2160 3573 ἀρχὴ
2181 3502 2290 3554 τῶν
2325 3501 2735 3574 ἀγαθῶνέργων
2758 3504 3015 3571 στεφανοῖ
3043 3503 3134 3555 τὸν
3165 3501 3424 3572 ἐργάτην,
3459 3499 3596 3554 ἀλλὰ

2017 3595 2078 3647 τὸ
2127 3595 2420 3666 πλήρωμα.
2469 3592 2820 3665 [Μνημόνευε
2877 3595 3011 3664 γοῦν
3048 3595 3164 3659 πῶς
3223 3591 3451 3662 εἴληφας
3499 3591 3595 3645 καὶ

2018 3685 2258 3756 ἤκουσας
2286 3685 2326 3757 ']
2350 3686 2443 3738 καὶ
2475 3685 2572 3756 τὴν
2597 3685 2898 3755 παράδοσιν
2928 3687 2994 3757 ἢν
3044 3689 3109 3739 ἐκ
3135 3687 3245 3739 τῶν
3280 3683 3595 3740 ἀποστόλων

2019 3773 2347 3844 παρέλαϐες,
2383 3775 2642 3845 τήρησον,
2681 3775 2777 3829 καὶ
2808 3775 2902 3829 ἐπὶ
2932 3778 2997 3847 τῇ
3031 3775 3274 3848 ῥᾳθυμίᾳ
3304 3791 3399 3828 σου
3431 3787 3598 3844 μεταρ

2021 3867 2232 3938 νόησον.

2104 3957 2240 4012 Ἐὰν
2285 3953 2404 4014 οὖν
2445 3957 2531 4030 μὴ
2567 3957 2970 4030 γρηιγρρήσῃς,
3003 3959 3128 4026 ἥξω
3178 3959 3259 4025 ὠς
3288 3957 3554 4027 κλέπτης
3577 3974 3591 3990 ο

2022 4053 2116 4106 καὶ
2142 4054 2214 4106 οὐ
2235 4051 2320 4122 μὴ
2343 4051 2500 4122 γνῷς
2528 4051 2709 4109 ποίαν
2737 4051 2896 4120 ὥραν
2929 4052 3054 4120 ἥξω
3086 4052 3184 4105 ἐπὶ
3212 4052 3308 4106 σέ.

2095 4167 2259 4230 ’Ἠξω
2282 4166 2362 4234 ὠς
2382 4166 2668 4236 κλέπτης.
2695 4198 2764 4209 -——
2791 4167 3030 4231 Εἰκότως
3057 4184 3068 4197 ·
3091 4167 3119 4220 ὃ
3142 4183 3199 4219 τε
3228 4165 3337 4236 γὰρ
3365 4165 3598 4218 ἑκάστου

2023 4260 2253 4325 θάνατος
2304 4261 2400 4314 καὶ
2445 4262 2479 4332 ἡ
2535 4262 2692 4332 κοινὴ
2739 4261 3048 4327 συντέλεια,’
3088 4262 3255 4315 πᾶσιν
3298 4262 3595 4330 ἄγνωστος.

2023 4357 2150 4417 Τοῖς
2222 4356 2320 4424 μὲν
2375 4355 2941 4425 παρεσκευασμένοις,
3003 4357 3182 4408 πόνων
3244 4355 3594 4416 ἀνάπαυσις”

2023 4454 2134 4508 τοῖς
2162 4447 2218 4499 δὲ
2272 4448 2786 4516 ἀπαρασκευάστοις
2818 4447 3079 4519 κλέπτης,
3109 4447 3338 4519 ψυχικὸν
3374 4447 3598 4515 ἐπάγων

1955 4514 1996 4566 D
2027 4539 2279 4593 θάνατον.

2110 4717 2272 4772 Ἀλλ’
2305 4717 2478 4786 ὀλίγα
2504 4716 2667 4786 ἔχεις
2702 4719 2963 4785 ὀνόματα
2989 4719 3058 4771 ἐν
3092 4717 3384 4787 Σάρδεσιν
3400 4719 3456 4773 οἳ
3483 4721 3599 4774 οὐκ

2023 4810 2332 4880 ἐμόλυναν
2364 4807 2435 4863 τὰ
2475 4809 2672 4878 ἱμάτια
2696 4809 2895 4864 αὐτῶν
2933 4827 2947 4840 ·
2983 4810 3080 4863 καὶ
3113 4810 3600 4878 περιπατήσουσι

2021 4906 2147 4975 μετ’
2171 4903 2318 4974 ἐμοῦ
2345 4903 2414 4959 ἐν
2442 4904 2704 4974 λευκοῖς,
2727 4904 2813 4958 ὅτι
2841 4903 3001 4969 ἄξιοί
3019 4907 3199 4960 εἰσιν.

2102 5017 2281 5089 [Ἀλλ’
2313 5017 2508 5086 ὀλίγοι
2557 5017 2717 5071 εἰσιν
2741 5016 2798 5070 οἳ
2827 5019 2936 5071 οὐκ
2970 5017 3279 5087 ἐμόλυναν
3310 5019 3379 5073 τὰ
3400 5017 3598 5087 ἱμάτια

2026 5109 2271 5182 ιιύ-τῶν.]
2291 5110 2564 5173 -Τοῦτο,
2590 5109 2741 5180 enat,
2768 5110 2931 5164 καλὸν
2954 5111 3240 5182 κέκτησαι·
3264 5111 3406 5180 ἔχεις
3447 5109 3600 5173 τινὰς

2026 5205 2242 5266 τοὺςλτὸ
2291 5203 2504 5274 ἱμάτιον
2552 5204 2650 5272 τῆς
2698 5202 2878 5274 ψυχῆς
2928 5205 3203 5274 ῥυπαραῖς
3256 5202 3488 5274 πράξεσι
3525 5202 3601 5274 μὴ

2030 5300 2348 5370 μιάναντας·
2374 5295 2424 5349 οἳ
2457 5295 2575 5366 μετ’
2600 5295 2735 5364 ἐμοῦ
2761 5296 2819 5349 ἐν
2843 5297 2907 5366 τῇ
2933 5295 3327 5367 παλιγγενεσία
3355 5295 3600 5366 λαμπρο-

2026 5393 2379 5463 φορήσουσιν,
2408 5388 2484 5452 ὼς
2517 5388 2857 5459 τηρήσαντες
2883 5387 3112 5442 ἄσπιλον
3137 5387 3196 5440 τὸ
3231 5389 3328 5458 τῆς
3386 5388 3601 5459 ἀφθαρο

2026 5483 2148 5546 σίας
2170 5481 2394 5549 ἔνδυμα.

2109 5597 2172 5650 '0
2209 5593 2412 5656 νικῶν,
2446 5588 2624 5658 οὗτος
2647 5591 3043 5661 περιϐαλεῖται
3073 5590 3144 5644 ἐν
3189 5589 3439 5660 ἱματίοις
3465 5592 3604 5643 λευο

2027 5689 2172 5753 κοῖς,
2218 5687 2312 5740 καὶ
2363 5687 2434 5738 οὐ
2466 5683 2552 5752 μὴ
2596 5684 2897 5753 ἐξαλείψω
2930 5683 2995 5737 τὸ
3063 5682 3252 5753 ὄνομα
3296 5681 3483 5738 αὐτοῦ
3533 5681 3602 5735 ἐκ

2028 5779 2380 5849 τῆςβῐϐλου
2416 5774 2525 5844 τῆς
2558 5774 2728 5844 ζὶυῆς,
2779 5775 2873 5829 καὶ
2903 5774 3261 5847 ὁμολογήσω
3300 5772 3367 5829 τὸ
3419 5773 3607 5841 ὄνομα
